2320 3684
154 176 231 209 ⁴48

463 309 524 348 Ol.
541 322 604 358 99,
632 247 756 344 32:38¹
780 317 813 340 a.
833 303 876 340 C.

210 378 370 427 Diogen.
405 378 528 413 Laert.
562 374 610 419 V,
643 383 680 420 9,
701 369 749 406 de
785 366 988 405 Aristotele
1006 380 1015 404 z
1036 363 1136 412 Φησὶ
1157 363 1186 401 δ’

157 434 414 487 Ἀπολλόδωρος
448 433 482 470 ἐν
513 432 713 484 Χρονικοῖς,
743 428 952 478 γεννηθῆναι
988 423 1052 476 μὲν
1082 421 1186 461 αὐτὸν

158 500 207 550 τῷ
226 494 355 548 πρώτῳ
377 491 446 530 ἔτει
469 493 531 536 τῆς
552 488 677 535 ἐνάτης
710 485 771 525 καὶ
798 487 1026 532 ἐνενηκοστῆς
1048 483 1189 533 Ὀλυμ-

158 554 297 600 πιάδος,
317 549 533 604 παραὸαλεῖν
561 546 598 585 δὲ
622 545 791 586 Πλάτωνι
821 543 882 583 καὶ
907 542 1086 597 διατρίψαι
1103 541 1187 594 παρ’

159 615 252 665 αὐτῷ
269 610 395 649 εἴκοσιν
416 607 496 655 ἔτη,
521 602 798 650 ἑπτακαιδεκέτη
827 603 1028 649 συστάντα,
1059 600 1121 640 καὶ
1140 599 1189 645 εἷς

158 688 195 709 τε
216 668 419 714 Μυτιλήνην
441 668 550 704 ἐλθεῖν
580 664 637 703 ἐπὶ
661 662 827 716 ἄρχοντος
853 661 1035 701 Εὗὸούλου
1059 663 1108 712 τῷ
1128 675 1190 698 τε-

159 730 274 783 τάρτῳ
295 727 364 765 ἔτει
392 729 453 773 τῆς
474 724 598 776 ὀγδόης
624 723 684 763 καὶ
711 724 902 768 ἑκατοστῆς
927 719 1189 772 ’()λυμπιάδος·

162 788 347 828 Πλάτωνος
366 784 402 823 δὲ
420 783 692 831 τελευτήσαντος
707 784 757 835 τῷ
781 779 911 836 πρώτῳ
930 779 1000 818 ἔτει
1018 778 1076 817 ἐπὶ
1095 780 1190 818 Θεο-

159 848 280 902 φίλου,
306 844 391 899 πρὸς
414 843 585 897 Ἑρμείαν
615 844 751 895 ἀπᾶραι
774 840 834 879 καὶ
859 845 975 892 μεῖναι
1003 837 1064 885 ἔτη
1090 837 1190 892 τρία·

160 906 216 945 ἐπὶ
237 903 435 944 Πυθοδότου
459 903 488 941 δ’
509 904 618 941 ἐλθεῖν
638 900 723 956 πρὸς
749 900 946 947 Φίλιππον,
969 899 1019 950 τῷ
1044 896 1192 951 δευτέρῳ

160 964 230 1004 ἔτει
244 966 306 1010 τῆς
324 962 446 1010 ἐνάτης
458 962 518 1000 καὶ
537 963 726 1007 ἑκατοστῆς
746 957 1004 1010 Ὀλυμπιάδος,
1029 955 1193 1000 Ἀλεξάν-

161 1027 241 1076 δρου
264 1020 514 1061 πεντεκαίδεκα
537 1018 599 1067 ἔτη
622 1018 691 1066 ἤδη
715 1017 911 1069 γεγονότος·
933 1018 980 1059 εἷς
997 1015 1026 1053 δ’
1048 1014 1193 1061 Ἀθήνας

162 1081 348 1137 ἀφικέσθαι
364 1083 416 1134 τῷ
431 1077 581 1132 δευτέρῳ
607 1077 676 1116 ἔτει
695 1079 757 1123 τῆς
781 1074 968 1122 ἑνδεκάτης
992 1072 1052 1112 καὶ
1075 1076 1196 1111 ἑκατο-

163 1143 248 1186 στῆς
267 1138 525 1190 Ὀλυμπιάδος·
543 1136 603 1175 καὶ
623 1137 658 1174 ἐν
679 1134 818 1187 Λυκείῳ
835 1133 1012 1186 σχολάσαι
1031 1131 1092 1179 ἔτη
1115 1130 1195 1184 τρία

162 1198 249 1252 πρὸς
279 1204 350 1241 τοῖς
386 1196 480 1235 δέκα.
501 1189 593 1234 Εἶτα
619 1196 754 1248 ἀπᾶραι
773 1195 819 1235 εἷς
839 1191 1003 1232 Χαλκίδα
1021 1193 1072 1244 τῷ
1091 1190 1197 1243 τρίτῳ

164 1257 234 1296 ἔτει
247 1261 309 1304 τῆς
324 1255 494 1309 τετάρτης
513 1254 574 1293 καὶ
597 1253 745 1301 δεκάτης
760 1251 820 1290 καὶ
841 1253 1033 1297 ἑκατοστῆς
1053 1250 1195 1300 Ὀλυμ-

164 1317 287 1360 πιάδος
298 1347 308 1364 ,
337 1315 396 1354 καὶ
412 1315 618 1360 τελευτῆσαι
634 1314 720 1350 ἐτῶν
740 1312 932 1364 τριῶν“που
950 1310 1010 1348 καὶ
1031 1308 1199 1355 ἑξήκοντα

165 1375 277 1428 νόσῳ,
293 1374 349 1413 ὅτε
369 1373 429 1412 καὶ
446 1371 675 1424 Δημοσθένην
699 1369 942 1424 καταστρέψαι
959 1369 994 1407 ἓν
1013 1367 1199 1421 Καλαυρίᾳ

167 1435 225 1474 ἐπὶ
242 1433 471 1475 Φιλοκλέους.

643 1496 706 1534 93.

490 1564 549 1602 01.
573 1563 658 1601 103.
680 1563 757 1600 368
775 1575 808 1599 a.
835 1563 877 1599 C.

222 1629 385 1680 Diogen.
415 1631 541 1666 Laert.
573 1630 684 1672 VIII,
708 1640 779 1676 90:
800 1625 971 1677 Γεγόνασι
1001 1623 1038 1662 δὲ
1061 1623 1204 1669 Εὔδοξοι

170 1693 261 1741 τρεῖς
273 1703 281 1711 ·
302 1686 404 1730 αὐτὸς
414 1680 512 1729 οὗτος
526 1687 590 1737 (sc.
605 1687 623 1722 ὃ
639 1684 804 1735 Κνίδιος),
828 1683 941 1738 ἕτερος
956 1682 1092 1726 Ῥόδιος
1104 1686 1204 1722 ἱστο-

174 1745 248 1798 ρίας
267 1744 468 1799 γεγραφὼς,
488 1746 602 1798 τρίτος
616 1742 832 1790 Σικελιώτης
846 1748 928 1785 παῖς
942 1741 1203 1793 Ἀγαθοκλέους,

173 1803 321 1851 ποιητὴς
348 1804 557 1856 κωμῳδίας,
594 1802 692 1845 νίκας
720 1801 808 1839 ἑλὼν
828 1799 972 1843 ἀστικὰς
1005 1800 1068 1852 μὲν
1093 1807 1205 1854 τρεῖς,

173 1862 355 1910 Ληναϊκὰς
387 1861 424 1900 δὲ
461 1862 584 1910 πέντε,
617 1859 708 1900 καθά
736 1875 839 1914 φησιν
877 1858 1134 1912 Ἀπολλόδωρος
1171 1861 1206 1898 ἐν

174 1924 417 1975 Χρονικοῖς....
435 1920 480 1960 ‘O
502 1921 532 1958 δ’
564 1920 664 1963 αὐτός
685 1935 770 1974 φησι
799 1919 857 1958 τὸν
890 1919 1030 1958 Κνίδιον
1057 1918 1207 1963 Εὔδοξον

176 1981 339 2032 ἀκμάσαι
355 1980 446 2019 κατὰ
461 1979 524 2026 τὴν
536 1979 655 2033 τρίτην
675 1979 734 2017 καὶ
755 1977 947 2025 ἑκατοστὴν
969 1977 1209 2029 Ὀλυμπιάδα,

177 2042 285 2094 εὑρεῖν
298 2055 336 2078 τε
351 2038 395 2078 τὰ
409 2039 488 2093 περὶ
501 2038 562 2082 τὰς
576 2036 765 2088 καμπύλας
782 2036 961 2090 γραμμάς.
982 2036 1212 2083 Ἐτελεύτησε

178 2097 214 2136 δὲ
232 2099 346 2153 τρίτον
368 2098 462 2149 ἄγων
483 2097 542 2136 καὶ
559 2096 794 2144 πεντήκοστον
814 2097 899 2140 ἔτος.

659 2162 724 2199 94.

234 2223 395 2272 Diogen.
419 2226 542 2260 Laert.
561 2225 642 2269 IX,
669 2223 732 2269 61,
758 2220 805 2258 de
828 2221 1047 2271 Pyrrhone:
1063 2219 1213 2274 Πύρρων

665 2373 728 2406 92.

225 2428 340 2459 Narrat
377 2425 589 2467 Apollodorus
619 2425 653 2456 in
669 2424 837 2458 Chronicis
866 2424 1069 2456 Aristotelem
1100 2425 1214 2456 natum

184 2483 255 2507 esse
271 2483 356 2506 anno
371 2474 477 2514 primo
494 2473 710 2512 nonagesimae
726 2481 820 2503 nonae
835 2471 1041 2512 olympiadis,
1054 2472 1214 2512 perrexis-

186 2529 285 2562 seque
297 2520 337 2552 ad
353 2521 515 2552 Platonem
532 2519 658 2550 decimo
674 2520 812 2560 septimo
822 2519 926 2550 aetatis
940 2527 1036 2556 ann0‚
1050 2527 1217 2559 annosque

187 2568 300 2608 viginti
315 2567 402 2609 apud
417 2575 491 2598 eum
509 2566 609 2598 fuisse
623 2569 869 2597 commoratum.
887 2567 970 2597 Tum
994 2573 1071 2596 vero
1091 2565 1217 2596 venisse

187 2616 364 2657 Mytilenen
379 2615 533 2647 archonte
550 2613 689 2652 Eubulo,
704 2616 819 2654 quarto
834 2622 919 2645 anno
936 2613 1121 2645 centesimae
1133 2615 1218 2645 octa-

190 2674 241 2696 vae
260 2662 468 2704 olympiadis.
493 2664 615 2694 Verum
638 2661 772 2693 Platone
794 2660 898 2701 primo
914 2669 998 2691 anno
1022 2660 1133 2691 functo
1151 2661 1218 2691 vita

191 2714 250 2744 sub
265 2711 456 2753 TheophilO,
473 2710 654 2752 profectum
667 2718 738 2741 esse
752 2709 791 2741 ad
814 2708 979 2740 Hermiam
997 2708 1219 2748 mansisseque

192 2769 293 2791 annos
311 2762 389 2791 tres.
411 2758 478 2789 Sub
506 2756 687 2798 Pythodoto
702 2758 810 2788 autem
835 2765 870 2788 se
894 2755 1070 2788 contulisse
1088 2756 1129 2788 ad
1149 2756 1220 2788 Phi-

194 2807 313 2847 lippum
325 2805 466 2837 secundo
477 2813 561 2836 anno
571 2803 756 2835 centesimae
768 2812 863 2835 nonae
874 2802 1079 2843 olympiadis,
1089 2803 1221 2834 Alexan-

194 2853 251 2884 dro
265 2853 416 2892 quintum
433 2851 596 2883 decimum
609 2850 674 2891 iam
688 2859 809 2882 annum
823 2850 927 2882 aetatis
940 2853 1068 2890 agente;
1081 2851 1222 2882 Athenas

195 2908 272 2930 vcro
307 2899 505 2931 concessisse
534 2897 677 2930 secundo
708 2906 792 2929 anno
827 2897 1013 2929 centesimae
1041 2898 1223 2930 undecimae

198 2946 401 2985 olympiadis,
414 2949 510 2985 atque
526 2946 558 2976 in
577 2947 684 2986 Lyceo
703 2945 856 2977 tredecim
881 2954 983 2976 annos
1001 2945 1171 2983 docuisse,
1187 2954 1224 2977 ac

199 2992 328 3022 ‹lcmum
340 2993 516 3032 perrexisse
531 2992 718 3023 Chalcidem
734 2992 826 3024 tertio
841 3001 926 3023 anno
937 2991 1122 3023 centesimae
1131 3001 1225 3032 qnar-

201 3041 242 3068 ta·
256 3037 390 3069 decimae
409 3038 620 3078 olympiadis,
639 3039 819 3079 morboque
847 3039 1000 3080 periisse,
1018 3048 1120 3079 quum
1140 3041 1225 3071 esset

869 151 1206 196 APOLLODORI
1234 148 1566 190 FRAGMENTA.

1245 235 1401 285 Ἠλεῖος,
1420 232 1669 287 Πλειστάρχου
1687 230 1750 283 μὲν
1770 224 1812 278 ῆν
1834 229 1920 278 υἱὸς,
1939 229 2029 267 καθὰ
2049 228 2109 267 καὶ
2125 229 2275 275 Διοκλῆς

1249 295 1395 348 ἱστορεῖ,
1414 293 1461 338 ὥς
1479 307 1564 347 φησι
1583 291 1620 329 δὲ
1640 289 1899 344 Ἀπολλόδωρος
1921 290 1956 327 ἐν
1973 289 2172 341 Χρονικοῖς,
2191 287 2278 341 πρό·-

1245 368 1344 407 τερον
1358 346 1400 400 ῆν
1425 350 1614 405 ζωγράφος.

1729 419 1793 457 95.

1540 486 1600 524 Ol.
1623 499 1708 535 109,
1734 485 1767 522 3.
1793 485 1866 526 342
1885 495 1919 521 a.
1945 484 1985 520 C.

1302 557 1465 608 Diogen.
1499 559 1624 594 Laert.
1656 557 1714 601 X,
1749 555 1810 601 13,
1829 552 1876 589 dc
1915 552 2115 602 Epicuro:
2143 551 2279 589 Τοῦτον

1251 616 1508 668 Ἀπολλόδωρος
1532 615 1567 651 ἐν
1587 615 1771 666 Χρονικοῖς
1802 609 2046 664 Ναυσιφάνους
2071 610 2143 660 (vel
2162 611 2278 647 Λυσι-

1251 673 1392 728 φάνους)
1432 675 1580 711 ἀκοῦσαι
1599 671 1686 725 φησὶ
1712 670 1771 708 καὶ
1792 668 2046 724 Πραξιφάνους.
2075 671 2171 706 Mox
2207 673 2250 712 14
2274 683 2283 705 :

1251 733 1444 784 Ἐγεννήθη
1463 730 1517 780 δὲ,
1538 731 1641 784 φησὶν
1661 729 1917 782 Ἀπολλόδωρος
1930 728 1964 765 ἐν
1983 728 2177 779 Χρονικοῖς,
2191 725 2285 764 κατὰ

1250 790 1290 829 τὸ
1305 790 1419 844 τρίτον
1440 788 1514 833 ἔτος
1529 792 1591 836 τῆς
1611 787 1733 835 ἐνάτης
1746 787 1806 826 καὶ
1821 789 2013 832 ἑκατοστῆς
2031 783 2285 836 Ὀλυμπιάδος,

1253 849 1310 888 ἐπὶ
1330 848 1547 900 Σωσιγένους
1566 847 1754 901 ἄρχοντος,
1770 845 1878 897 μηνὸς
1897 846 2127 896 Γαμηλιῶνος
2140 842 2286 896 ἑὸδόμῃ,

1253 908 1367 948 ἔτεσιν
1386 907 1527 962 ὕστερον
1547 911 1608 955 τῆς
1625 906 1816 950 Πλάτωνος
1839 907 2004 952 τελευτῆς
2027 903 2134 942 ἑπτά·
2168 903 2287 958 ὑπάρ-

1252 983 1362 1021 χοντα
1379 967 1416 1006 δὲ
1435 967 1537 1006 αὐτὸν
1553 969 1639 1006 ἐτῶν
1663 965 1723 1004 δύο
1740 965 1800 1004 καὶ
1819 964 2024 1018 τριάκοντα,
2042 964 2077 1002 ἐν
2101 961 2288 1015 Μυτιλήνῃ

1253 1027 1314 1067 καὶ
1332 1028 1523 1081 Λαμψάκῳ
1541 1030 1680 1080 πρῶτον
1695 1025 1939 1073 συστήσασθαι
1969 1023 2101 1076 σχολὴν
2133 1023 2190 1062 ἐπὶ
2227 1021 2289 1070 ἔτη

1253 1085 1374 1125 πέντε
1395 1086 1504 1125 ἔπειθ’
1524 1086 1632 1130 οὕτως
1648 1087 1695 1130 εἷς
1716 1084 1859 1132 Ἀθήνας
1879 1084 2073 1134 μετελθεῖν,
2095 1081 2155 1120 καὶ
2167 1083 2292 1120 τελευ-

1254 1148 1362 1192 τῆσαι
1378 1144 1469 1184 κατὰ
1487 1145 1528 1184 τὸ
1546 1144 1703 1198 δεύτερον
1721 1144 1795 1187 ἔτος
1810 1145 1871 1190 τῆς
1886 1140 2039 1193 ἑὸδόμης
2052 1141 2111 1180 καὶ
2133 1142 2292 1187 εἰκοστῆς

1257 1204 1318 1243 καὶ
1356 1206 1547 1251 ἑκατοστῆς
1575 1201 1833 1254 Ὀλυμπιάδος,
1871 1200 1928 1239 ἐπὶ
1962 1198 2194 1253 Πυθαράτου,
2231 1198 2292 1248 ἔτη

1259 1261 1438 1314 βιώσαντα
1458 1261 1518 1300 δύο
1535 1260 1620 1315 πρὸς
1646 1266 1717 1304 τοῖς
1738 1259 2004 1311 ἑὸδομήκοντα,
2019 1257 2083 1306 τήν
2102 1274 2141 1297 τε
2161 1257 2293 1312 σχολὴν

1258 1319 1480 1366 διαδέξασθαι
1501 1319 1714 1374 ἽΞρμαρχον
1734 1318 1955 1372 Ἀγεμάρχου
1971 1318 2223 1366 Μυτιληναῖον.

1555 1459 1616 1497 01.
1644 1471 1730 1503 122,
1756 1471 1790 1495 2.
1811 1471 1881 1508 291
1901 1471 1934 1494 a.
1958 1459 1999 1495 C.

1315 1530 1460 1568 Gellius
1473 1532 1584 1568 XVII
1593 1558 1603 1575 ,
1623 1535 1659 1577 l„
1675 1528 1723 1566 de
1736 1528 1948 1566 Menandro
1963 1542 1972 1564 τ
1988 1529 2065 1564 Sed
2071 1527 2294 1576 Apollodori,

1260 1594 1442 1639 scriptoris
1468 1588 1757 1632 celebratissimi,
1779 1589 1844 1624 llos
1872 1590 1918 1623 (le
1943 1587 2156 1623 Menandro
2169 1597 2298 1621 versus

1263 1652 1417 1699 legimus
1436 1653 1473 1684 in
1492 1647 1596 1692 libro,
1619 1651 1683 1696 qui
1703 1647 1885 1684 Chronica
1902 1649 2094 1695 inscriptus
2105 1653 2180 1682 est.-

1347 1717 1515 1759 Κηφισιεὺς
1529 1717 1571 1748 ὢν
1589 1717 1623 1748 ἐκ
1639 1716 1815 1753 Διοπείθεος
1829 1715 1955 1758 πατρὸς,

1347 1765 1422 1807 πρὸς
1434 1767 1534 1796 τοῖσιν
1550 1764 1660 1795 ἑκατὸν
1675 1764 1766 1796 πέντε
1778 1763 1898 1806 γράψας
1916 1762 2057 1804 δράματα

1348 1811 1476 1850 ἐξέλιπε,
1493 1811 1685 1848 πεντήκοντα
1698 1811 1752 1842 καὶ
1768 1811 1852 1842 δυοῖν
1868 1810 1958 1841 ἐτῶν.

1265 1873 1331 1908 Ex
1351 1874 1426 1907 istis
1450 1879 1574 1907 tamen
1605 1879 1748 1906 centum
1777 1878 1815 1906 et
1826 1873 1988 1918 quinque
2011 1866 2190 1911 omnibus,
2219 1869 2303 1902 solis

1267 1943 1349 1966 eum
1373 1939 1448 1966 octo
1466 1933 1598 1966 vicisse
1612 1931 1707 1965 idem
1727 1929 1968 1978 Apollodorus
1980 1928 2105 1964 eodem
2138 1930 2175 1962 in
2211 1924 2303 1963 libro

1267 1992 1420 2038 scripsit.

1325 2046 1538 2084 Menander
1571 2046 1673 2084 diem
1704 2045 1803 2084 obiit
1836 2045 1899 2085 Ol.
1937 2058 2024 2089 122,
2047 2058 2083 2091 2,
2098 2057 2131 2082 a.
2152 2046 2180 2082 C
2210 2056 2301 2093 291.

1272 2109 1365 2143 Cum
1390 2105 1627 2156 Apollodoro
1641 2105 1831 2143 consentit
1854 2103 2056 2154 inscriptio
2069 2116 2132 2154 ap.
2155 2102 2303 2141 Cor-sin.

1272 2167 1314 2202 F.
1332 2168 1375 2201 A.
1397 2173 1423 2202 t.
1445 2165 1512 2211 IV,
1534 2164 1571 2215 p.
1593 2166 1655 2211 76,
1671 2165 1844 2214 Prolegg.
1866 2162 2064 2214 Aristoph.
2092 2175 2130 2213 p.
2154 2163 2305 2200 XXXI.

1274 2226 1321 2260 V.
1338 2222 1505 2260 Clinton.
1525 2222 1572 2260 ad
1589 2236 1710 2261 annos
1729 2236 1800 2273 291
1822 2230 1860 2259 et
1879 2223 1967 2267 342.

1270 2366 1350 2398 vicit
1380 2366 1558 2399 certamina
1573 2390 1582 2407 ,
1601 2367 1634 2398 et
1655 2366 1829 2407 quinquies
1849 2364 1987 2397 Lenaica
2000 2386 2010 2401 ‚
2035 2364 2073 2396 nt
2095 2362 2309 2405 Apollodorus

1268 2414 1301 2446 in
1320 2414 1490 2447 Chronicis
1506 2414 1563 2446 ait.
1642 2414 1732 2445 Idem
1751 2422 1827 2445 vero
1843 2413 1940 2445 refert
1957 2410 2131 2444 Eudoxum
2150 2410 2305 2443 cnidium

1268 2463 1354 2494 circa
1370 2463 1580 2494 centesimam
1597 2465 1630 2493 et
1647 2461 1775 2493 tertiam
1795 2459 2022 2501 Olympiadem
2041 2458 2196 2491 claruisse
2212 2460 2308 2498 atque

1269 2509 1428 2541 linearum
1445 2517 1619 2541 curvarum
1635 2507 1817 2539 doctrinam
1835 2506 2003 2548 reperisse.

1754 2572 1818 2605 94.

1324 2638 1449 2679 Pyrrho
1471 2638 1570 2669 Eleus
1583 2661 1593 2676 ‚
1617 2635 1787 2668 Plistarchi
1809 2634 1893 2667 filius
1914 2636 2004 2673 erat,
2026 2635 2064 2666 ut
2087 2632 2214 2665 Diocles
2235 2642 2312 2673 quo.

1272 2694 1335 2726 que
1358 2685 1472 2724 refert,
1496 2684 1675 2716 secundum
1702 2682 1934 2724 Apollodorum
1957 2690 2034 2714 vero
2057 2681 2091 2713 in
2115 2680 2284 2713 Chronicis
2299 2707 2310 2724 ‚

1273 2733 1414 2774 primum
1437 2732 1542 2764 suerat
1560 2731 1674 2773 pictor.

1761 2796 1824 2829 95.

1317 2862 1492 2904 Epicurum
1521 2859 1735 2902 Apollodorus
1757 2859 1791 2890 in
1817 2857 1989 2892 Chronicis
2015 2856 2258 2897 Nausiphanem
2279 2855 2314 2888 et

1275 2910 1511 2950 Praxiphanem
1528 2907 1692 2940 audivisse
1709 2906 1820 2938 tradit.
1897 2904 2046 2937 Nascitur
2061 2905 2171 2936 autem
2183 2927 2192 2943 ‚
2208 2902 2316 2942 inquit

1277 2956 1492 2998 Apollodorus
1515 2955 1549 2987 in
1572 2954 1740 2987 Chronicis
1755 2977 1764 2992 ‚
1786 2953 1971 2985 centesimoe
1992 2960 2088 2984 nonae
2115 2948 2316 2990 olympiadis

1279 3012 1364 3036 anno
1388 3003 1483 3035 tertio
1496 3028 1505 3042 ,
1527 3001 1589 3034 sub
1612 3001 1764 3040 sosigene
1783 3000 1955 3039 archonte,
1976 2998 2096 3031 mensis
2117 2995 2315 3030 Gamelionis

1280 3051 1332 3082 die
1351 3050 1488 3090 septimo
1503 3073 1512 3087 ,
1533 3050 1655 3089 septem
1675 3047 1767 3078 annis
1787 3048 1861 3087 post
1882 3046 2027 3078 Platonis
2046 3045 2183 3077 obitum.
2207 3045 2317 3080 Quum

202 3092 360 3115 annorum
391 3085 488 3116 ferme
518 3087 686 3124 sexaginta
716 3086 818 3118 trium
841 3096 849 3117 ι
866 3095 931 3127 quo
957 3086 1054 3118 etiam
1085 3090 1228 3127 tempore
1280 3106 1356 3130 ver-0
1376 3097 1504 3136 triginta
1523 3096 1662 3126 dnm-um
1683 3095 1768 3125 esset
1785 3101 1944 3124 annorum
1960 3115 1969 3131 ‚
1990 3092 2133 3133 primum
2154 3088 2316 3131 Mytilenis

204 3132 450 3162 Demosthenem
466 3132 497 3162 in
520 3133 669 3164 Calauria
693 3133 882 3166 defunctum
906 3143 977 3166 esse
996 3133 1057 3165 sub
1075 3134 1226 3165 Philocle.

684 3188 746 3219 93.

247 3236 390 3267 Fuerunt
418 3235 542 3267 Eudoxi
567 3239 654 3269 tres:
672 3239 795 3279 primus
820 3240 874 3271 hic
898 3239 937 3271 de
952 3248 1017 3279 quo
1033 3239 1147 3279 loquor
1170 3238 1229 3278 (sc.

207 3282 351 3314 AEschini
380 3282 485 3318 filius,
519 3283 673 3323 Cnidius,
701 3287 900 3326 astrologus,
927 3290 1108 3327 geometra,
1135 3286 1232 3318 medi-

207 3329 315 3368 cus),
342 3328 503 3360 secundus
531 3330 675 3362 Rhodius
705 3333 911 3364 historiarum
939 3334 1093 3375 scriptor,
1122 3335 1235 3365 tertius

209 3375 335 3409 Siculus
355 3376 536 3416 Agathoclis
556 3377 658 3417 tilius,
679 3382 772 3419 poeta
790 3381 932 3412 comicus
945 3403 954 3419 ,
974 3380 1026 3420 qui
1046 3382 1094 3412 ter
1112 3380 1234 3411 urbana

1281 3146 1314 3176 ct
1343 3142 1512 3184 Lampsaci
1553 3141 1697 3173 scholam
1724 3140 1867 3172 instituit
1889 3139 1982 3171 annis
2013 3139 2179 3180 quinque,
2205 3137 2320 3178 postoe.

1283 3192 1424 3224 Athenas
1448 3188 1622 3229 migravit,
1648 3187 1701 3219 ubi
1727 3187 1811 3218 diem
1835 3186 1916 3218 obiit
1938 3194 2023 3218 anno
2048 3185 2192 3217 seeundo
2213 3184 2320 3216 centn·

1285 3239 1377 3270 simae
1390 3236 1551 3268 vicesimae
1565 3234 1710 3275 septimae
1722 3233 1916 3274 olympiadis
1929 3232 1991 3265 sub
2006 3232 2199 3273 Pytharato,
2214 3235 2320 3271 quum

1286 3283 1486 3325 septuaginta
1507 3285 1539 3314 et
1561 3281 1642 3313 duos
1663 3280 1740 3311 vitae
1763 3279 1929 3320 implesset
1951 3287 2063 3311 annos.
2089 3277 2252 3310 Successit
2270 3273 2318 3307 illi

1288 3332 1319 3363 in
1362 3329 1557 3363 moderanda
1600 3327 1710 3360 schola
1752 3326 1970 3359 Hermarchus
2007 3324 2195 3366 Agemarchi
2235 3319 2317 3354 fitius

1289 3379 1500 3419 Mytilenaeas.
