2320 3684
149 200 227 234 256

149 279 241 319 ἄλλα
254 283 402 319 τοιαῦτα
422 278 603 318 ἔπιλύεται
620 279 700 331 περὶ
714 281 776 316 τοῦ
794 276 999 330 Λυκούργου
1026 276 1087 314 καὶ
1103 275 1177 315 Μί-
1203 273 1210 296 ¹

147 353 234 382 νωος
258 338 318 376 καὶ
344 337 608 388 Ῥαδαμάνθυος
637 336 697 374 καὶ
719 336 800 378 Διὸς
823 335 885 374 καὶ
908 334 1099 388 Κουρήτων
1116 334 1176 373 καὶ

147 398 216 435 τῶν
231 397 346 435 ἄλλων
365 398 433 434 τῶν
451 397 486 434 ἐν
499 398 543 447 τῇ
563 394 687 448 Κρήτῃ
710 393 1029 445 μυθολογουμένων.

202 456 364 505 Etymol.
389 459 516 504 Magn.
537 468 545 489 :
569 451 847 504 Ἰὲποιχομένην]
864 451 974 491 Ἱστὸν
991 451 1178 504 ἐποιχομέ-

147 529 209 560 νην
227 515 354 564 (Hom.
372 514 414 550 Il.
433 516 464 559 Ι,
479 514 499 549 3
510 511 554 561 1),
567 510 625 549 τὸν
636 510 731 549 ἱστὸν
743 509 1054 565 ἐπιπορευομένην,
1070 510 1176 562 ἤγουν

146 573 395 624 ἱστουργοῦσαν
438 569 497 607 καὶ
548 569 771 623 ὓφαίνουσαν.
882 571 926 608 Αἱ
961 569 1074 608 πάλαι
1111 584 1177 620 γυ·-

146 636 260 673 ναῖκες
274 631 425 668 ἑστῶσαι
443 628 584 682 ὕφαινον
604 628 664 667 καὶ
681 627 975 682 ἐπιπορευόμεναι
991 627 1049 667 τὸν
1068 626 1175 666 ἱστόν·

146 688 289 742 πρώτην
320 687 356 725 δὲ
383 693 531 739 γυναῖκα
556 687 753 739 Αἰγυπτίαν
778 687 932 739 τοῦνομα
955 687 1039 727 Υἱὸν
1069 690 1176 725 καθε-

151 746 299 797 ζομένην
331 746 458 799 ὓφᾶναί
496 762 600 800 φασιν
612 761 620 770 ·
649 747 709 801 ἀφ’
729 742 770 795 ἧς
806 746 866 785 καὶ
900 745 1085 797 Αἰγύπτιοι
1115 748 1178 792 τῆς

152 807 300 852 Ἀθηνᾶς
321 804 465 856 ἄγαλμα
484 804 689 858 ἱδρύσαντο,
709 805 756 849 ὥς
776 820 881 859 φησιν
900 805 1053 859 Ἔφορος
1078 806 1113 843 ἐν
1131 807 1175 857 τῇ

147 862 315 917 Εὐρώπῃ.

629 922 690 963 71.

199 981 328 1020 Schol.
352 981 546 1019 Theocrit.
567 985 653 1029 VII,
679 983 770 1020 103:
789 980 948 1031 ‘'Op-ohe
973 978 1009 1018 δὲ
1034 981 1176 1020 Θεττα-

145 1037 221 1082 λίας
237 1038 314 1092 ὅρος
328 1068 338 1086 ,
356 1041 403 1083 ὡς
426 1038 578 1093 Ἔφορος
610 1039 669 1078 καὶ
693 1038 939 1093 Ἀριστόδημος
962 1042 980 1077 ὁ
999 1039 1173 1087 Θηὸαἷος,

145 1097 181 1134 ἓν
199 1090 247 1141 οἷς
266 1099 395 1151 ἱστορεῖ
410 1098 564 1152 περὶτῆς
580 1100 700 1151 ἑορτῆς
719 1101 787 1136 τῶν
808 1097 987 1150 εΟμολίων
1005 1097 1063 1136 καὶ
1082 1097 1176 1137 Πίν-

146 1155 248 1209 δαρος
267 1157 302 1194 ἐν
319 1162 390 1199 τοῖς
406 1156 670 1210 Ὑπορχήμασι.

198 1274 412 1324 Stephanus
431 1287 439 1309 :
456 1272 613 1326 Ἄὸδηρα
703 1271 854 1326 Ἔφορος
882 1273 941 1311 καὶ
977 1271 1041 1319 τὴν
1074 1271 1175 1310 πόλιν

143 1329 315 1385 Ἄὸδηρόν
343 1347 461 1386 φησιν,
480 1333 539 1386 ἀφ’
559 1327 598 1371 οῧ
617 1331 662 1370 τὰ
681 1330 848 1384 Ἄὸδηρα.

197 1392 497 1441 Harpocration:
517 1390 696 1443 Κριθώτη,
710 1390 774 1441 μία
789 1388 889 1433 πόλις
904 1391 973 1427 τῶν
989 1390 1024 1427 ἐν
1040 1391 1176 1442 Χεῤῥο-

143 1447 296 1500 νήσῳ...
310 1445 461 1502 Ἔφορος
495 1448 527 1486 δ’
545 1450 580 1486 ἐν
599 1449 749 1502 τετάρτῃ
767 1447 871 1502 φησὶν
890 1446 998 1494 αὐτὴν
1014 1462 1175 1485 κατοικι-

143 1508 268 1552 σθῆναι
287 1506 354 1544 ὑπὸ
373 1506 562 1552 Ἀθηναίων
579 1509 649 1545 τῶν
677 1505 766 1558 μετὰ
791 1505 988 1545 Μιλτιάδου
1012 1506 1083 1544 ἐκεῖ
1107 1522 1177 1544 πα-

145 1563 398 1617 ραγενομένων.
428 1566 572 1603 Eadem
605 1565 750 1604 habent
781 1565 916 1604 Suidas
944 1573 983 1603 et
1011 1566 1175 1616 Stepha-

144 1636 230 1660 nus.

199 1741 502 1791 Harpocrationt
524 1734 626 1785 Αἶνος
706 1741 858 1796 Ἔφορος
895 1742 925 1779 δ’
951 1742 987 1780 ἐν
1024 1740 1173 1795 τετάρτῃ

142 1798 222 1851 περὶ
248 1798 402 1852 Θρᾴκων
423 1800 652 1851 πολισμάτων
683 1800 794 1851 λέγων
815 1799 919 1853 φησί·
940 1798 1120 1852 «ἐχομένη
1139 1799 1175 1838 δὲ

143 1855 275 1894 τούτων
298 1852 403 1901 Α’ῗνος
421 1857 541 1907 πόλις,
575 1859 618 1906 ἢν
647 1861 787 1912 πρῶτον
818 1857 991 1906 Ἕλληνες
1022 1858 1175 1897 Ἀλωπε-

143 1920 319 1967 κοννῆσιοι
337 1920 561 1974 κατῴκησαν,
582 1921 724 1976 ὕστερον
743 1923 772 1960 δ’
786 1923 827 1961 ἐκ
846 1921 1052 1970 Μυτιλήνης
1089 1923 1175 1969 ἐπη-

143 1978 291 2030 γάγοντο
309 1979 368 2018 καὶ
382 1979 508 2031 Κύμης
525 1981 721 2025 ἐποίκους.»

196 2037 339 2076 Eadem
356 2039 502 2076 habent
525 2040 658 2078 Suidas
675 2055 711 2079 v.
734 2038 1034 2087 Ἀλωπεκόννησος
1048 2048 1086 2077 et
1104 2032 1175 2078 Αἶ-

143 2110 217 2139 νος,
250 2098 532 2135 Grammaticus
555 2099 593 2135 in
613 2100 776 2137 Bekkeri
800 2099 1002 2138 Anecdott.
1031 2101 1172 2138 Graecc.

143 2167 182 2206 p.
205 2155 293 2192 358.
311 2155 364 2194 Cf.
383 2156 600 2206 Stephanus
620 2171 657 2196 v.
680 2151 801 2201 Αἶνος.

144 2261 184 2294 de
193 2263 352 2302 Lycurgo,
365 2263 482 2302 Minoe,
498 2264 757 2304 Rhadamantho,
773 2265 916 2306 itemque
929 2267 1012 2297 Jove
1025 2267 1058 2297 et
1073 2267 1173 2298 Cure-

144 2308 243 2349 tinne,
259 2309 393 2350 aliisque
408 2310 525 2342 sabulis
541 2312 677 2344 Creticis
692 2312 733 2343 ab
745 2322 783 2345 eo
799 2315 1017 2354 exponuntur.

186 2355 270 2387 Olim
282 2355 434 2387 mulieres
447 2359 568 2388 stantes
581 2360 614 2389 et
636 2359 838 2392 ambulantes
852 2360 1014 2392 texebant.
1035 2359 1177 2392 Primam

144 2409 222 2434 vero
249 2402 418 2434 mulierem
447 2404 629 2444 AEgyptiam
644 2429 652 2444 ‚
682 2407 800 2446 Hyium
829 2407 960 2438 nomine
974 2430 983 2446 ‚
1009 2406 1174 2439 sedentem

145 2447 266 2480 texisse
279 2448 392 2487 aiunt,
407 2457 427 2480 a
447 2458 512 2489 qua
529 2450 627 2482 etiam
643 2453 782 2492 AEgyptii
800 2453 954 2485 Minervae
967 2453 1175 2486 simulacrum

145 2496 333 2536 posuerunt,
348 2496 386 2527 ut
398 2495 477 2527 dicit
488 2497 637 2537 Ephorus
654 2498 687 2529 in
703 2501 843 2540 Europa.

629 2553 691 2584 71.

189 2601 359 2640 Homolus,
374 2610 468 2633 mons
481 2602 657 2634 Thessaliae
669 2627 677 2642 ‚
695 2604 731 2635 ut
747 2603 880 2636 tradunt
896 2605 1047 2645 Ephorus
1061 2607 1093 2637 et
1109 2605 1176 2636 Ari-

145 2649 312 2680 stodemus
334 2649 505 2681 Thebanus
519 2674 528 2689 ‚
549 2649 605 2681 ubi
630 2651 695 2691 agit
713 2651 754 2683 de
774 2651 858 2684 festo
876 2652 1120 2693 Homoliorum,
1141 2654 1174 2684 et

147 2695 308 2727 Pindarus
322 2695 356 2727 in
372 2697 651 2736 Hyporchematis.

188 2801 325 2833 Abdera.
343 2802 492 2842 Ephorus
507 2804 615 2835 autem
635 2803 718 2835 hanc
735 2803 847 2837 urbem
864 2803 1027 2836 Abderum
1044 2812 1172 2836 nuncu-

147 2850 214 2888 pat,
229 2856 248 2879 a
266 2856 330 2888 quo
343 2847 466 2888 plurale
482 2848 608 2880 Abdera
624 2849 793 2882 formatur.

189 2894 354 2934 Crithote‚
373 2903 438 2926 una
462 2904 502 2927 ex
530 2896 723 2928 Chersonesi
750 2896 896 2929 urbibus.
916 2896 1066 2937 Ephorus
1091 2895 1172 2928 libro

148 2941 264 2980 quarto
278 2940 450 2972 incoluisse
460 2950 531 2974 eam
545 2941 624 2974 dicit
636 2943 861 2985 Athenienses,
877 2943 934 2985 qui
946 2952 1022 2976 cum
1030 2943 1173 2976 Miltiade

149 2987 213 3019 huc
229 2996 263 3019 se
277 2988 501 3022 contulissent.

190 3095 304 3125 AEnus.
373 3095 524 3135 Ephorus
535 3095 618 3128 libro
632 3098 747 3137 quarto
763 3096 803 3129 de
824 3096 970 3129 Thraciis
986 3096 1113 3138 oppidis
1127 3096 1170 3129 lo-

149 3148 251 3180 quens
265 3141 330 3171 ait:
349 3144 453 3173 «Haec
476 3145 578 3174 AEnus
598 3144 676 3176 urbs
698 3144 836 3186 excipit,
857 3154 956 3186 quam
978 3146 1083 3177 Graeci
1105 3145 1174 3177 ΑΙο-

150 3187 333 3227 peconnesii
349 3188 489 3228 primum
505 3190 703 3232 hahitaiunt,
718 3191 792 3224 dein
807 3201 845 3225 ex
866 3192 1018 3234 Mytilene
1029 3194 1062 3224 et
1072 3194 1174 3234 Cyme

151 3232 283 3264 colonos
295 3242 333 3264 eo
348 3234 563 3267 deduxerunt.
574 3250 590 3265 »

194 3339 356 3370 Maronea.
430 3340 545 3372 Atticae
561 3341 652 3373 locus
669 3351 676 3373 ε
694 3343 836 3383 itemque
857 3346 1009 3376 Maronea
1029 3344 1174 3377 Thraciae

152 3383 283 3420 civitas,
298 3383 340 3416 ab
358 3386 518 3423 Homero,
541 3389 578 3419 ut
593 3387 710 3429 fertur,
724 3391 867 3423 Ismarus
881 3390 985 3431 dicta;
1003 3393 1096 3433 cujus
1117 3393 1175 3425 De·

927 191 1117 231 EPHORI
1144 190 1479 232 FRAGMENTA.
1490 201 1497 207 ·

1288 339 1513 387 Harpocrat.
1534 351 1543 374 ε
1571 337 1763 391 Μαρώνεια
1844 337 1949 382 τόπος
1966 338 2039 378 ἐστὶ
2060 341 2123 386 τῆς
2139 339 2258 380 Ἀττι-

1234 397 1307 441 κῆς·
1331 394 1405 433 ἔστι
1422 394 1541 447 μέντοι
1557 396 1617 434 καὶ
1634 396 1732 440 πόλις
1751 398 1786 435 ἐν
1806 397 1952 450 Θράκῃ,
1973 397 2015 444 ἥν
2040 413 2143 451 φασιν
2171 393 2259 439 εἶναι

1234 452 1297 500 τὴν
1316 454 1373 507 ὑφ’
1386 453 1547 508 εΟμήρου
1564 454 1732 508 Ἴσμαρον
1750 455 1969 506 καλουμένην
1980 472 1988 479 ·
2005 457 2261 509 μνημονεύουσι

1234 510 1270 549 δὲ
1288 513 1394 558 αὐτῆς
1411 512 1638 564 Δημοσθένης
1653 516 1688 552 ἐν
1704 516 1755 568 τῷ
1771 514 1855 568 πρὸς
1869 514 2056 554 Πολυκλέα
2073 516 2132 555 καὶ
2148 515 2261 571 Ἔφο-

1236 584 1290 623 ρος
1312 571 1347 607 ἐν
1366 572 1411 622 τῇ
1431 570 1594 624 τετάρτῃ.

1287 628 1412 666 Idem:
1440 627 1585 680 Οἷσύμη
1666 629 1764 674 πόλις
1784 630 1857 668 ἐστὶ
1887 633 1948 677 τῆς
1972 630 2136 684 Θρᾴκης,
2169 631 2260 671 καθά

1234 702 1338 741 φασιν
1356 686 1457 726 ἄλλοι
1483 704 1521 726 τε
1549 688 1608 726 καὶ
1627 685 1782 743 Ἔφορος
1802 690 1836 727 ἐν
1857 689 1957 742 τρίτῃ
1980 691 2068 742 (leg.
2083 690 2260 745 τετάρτῃ).

1287 808 1512 856 Harpocrat.
1525 820 1533 842 ι
1546 805 1656 848 Δάτὸς
1667 805 1766 849 πόλις
1785 806 1859 845 ἐστὶ
1876 805 2040 860 Θρᾴκης,
2055 805 2187 862 σφόδρα
2206 810 2263 846 εὖ-

1234 863 1367 914 δαίμων
1437 864 1553 901 modo
1571 866 1746 902 neutrius
1762 866 1878 902 modo
1896 866 2068 903 feminini
2089 867 2238 916 generis
2251 897 2264 916 ‚

1233 924 1279 964 ὣς
1299 921 1353 960 ἀεὶ
1371 920 1524 976 Ἔφορος
1543 923 1577 960 ἐν
1591 926 1635 975 τῇ
1653 923 1814 976 τετάρτῃ·
1833 923 1925 968 ἅπαξ
1947 924 1976 961 δ’
1993 925 2189 977 ἀῤῥηνικῶς
2203 925 2263 964 τὸν

1234 980 1347 1019 Δατὸν
1366 980 1579 1032 Θεόπομπος
1598 981 1697 1034 τρίτῃ
1721 984 1965 1021 Φιλιππικῶν.
1995 983 2262 1035 Μετωνομάσθη

1235 1039 1352 1090 μέντοι
1369 1043 1391 1086 ἡ
1410 1039 1510 1083 πόλις
1537 1043 1607 1078 τῶν
1645 1044 1813 1089 Δατηνῶν
1848 1041 2042 1094 (Φίλιπποι
2074 1042 2263 1094 Gronov.)

1234 1098 1418 1138 Φιλίππου
1438 1102 1498 1137 τοῦ
1518 1099 1720 1143 Μακεδόνος
1742 1102 1824 1151 (τῶν
1839 1099 2052 1139 Μακεδόνων
2075 1101 2145 1153 id.)
2164 1103 2265 1153 βασι-

1233 1157 1319 1199 λέως
1347 1156 1587 1210 κρατήσαντος
1608 1159 1736 1206 αὐτῆς,
1763 1155 1978 1212 ὡς”Εφορός
2004 1174 2043 1197 τε
2072 1158 2178 1212 φησὶ,
2202 1159 2262 1198 καὶ

1234 1214 1431 1267 Φιλόχορος
1450 1217 1484 1253 ἐν
1502 1218 1546 1267 τῇ
1564 1215 1722 1268 πέμπτῃ.
1743 1217 1799 1256 Cf.
1827 1216 1965 1255 Strabo
1984 1220 2055 1255 VII
2068 1245 2078 1263 ,
2101 1231 2138 1268 p.
2162 1219 2205 1256 51
2218 1233 2232 1255 1
2252 1234 2263 1265 ;

1233 1274 1395 1311 Diodor.
1429 1275 1540 1321 XVI,
1560 1288 1628 1321 713
1661 1275 1798 1313 Suidas
1835 1284 1873 1313 et
1903 1275 2110 1314 Phavorin.
2134 1289 2165 1314 s.
2202 1290 2263 1323 v.;

1236 1333 1408 1382 Apostol.
1429 1335 1538 1370 Ceut.
1557 1336 1631 1378 Vl,
1657 1339 1718 1380 74.
2168 1326 2171 1329 ἱ

1288 1391 1394 1428 Idem
1415 1406 1423 1429 :
1442 1390 1591 1444 Τορώνη
1653 1389 1752 1435 πόλις
1772 1392 1807 1429 ἐν
1827 1389 1975 1444 Θρᾴκῃ,
1997 1393 2042 1435 ὣς
2064 1395 2082 1431 ὁ
2114 1391 2265 1445 Ἔφορος

1233 1449 1269 1488 ἐν
1291 1449 1448 1503 τετάρτῳ
1465 1452 1604 1503 ἱστορεῖ.

1722 1509 1782 1547 76.

1286 1567 1426 1605 Strabo
1457 1570 1540 1616 VII,
1575 1581 1613 1619 p.
1632 1568 1706 1611 463
1728 1566 1904 1620 ιἜφορος
1928 1567 1960 1606 δ’
1983 1568 2018 1606 ἐν
2044 1569 2087 1620 τῇ
2111 1567 2262 1622 τετάρτῃ

1234 1625 1298 1677 μὲν
1318 1629 1381 1673 τῆς
1398 1625 1586 1679 Ἱστορίας,
1611 1625 1765 1680 Εὐρώπῃ
1792 1625 1821 1663 δ’
1848 1625 2109 1680 ἐπιγραφομένῃ
2129 1627 2264 1681 βίὸλῳ,

1232 1683 1455 1738 περιοδεύσας
1481 1684 1544 1731 τὴν
1574 1683 1749 1737 Εὐρώπην
1773 1683 1879 1737 μέχρι
1898 1686 2059 1732 Σκυθῶν,
2087 1685 2145 1724 ἐπὶ
2170 1684 2263 1724 τέλει

1233 1743 1351 1797 φησὶν,
1372 1737 1460 1781 εἶναι
1476 1745 1546 1781 τῶν
1569 1759 1607 1781 τε
1627 1742 1743 1781 ἄλλων
1768 1745 1913 1782 Σκυθῶν
1938 1745 1998 1782 καὶ
2021 1746 2091 1782 τῶν
2122 1745 2264 1798 Σαυρο-

1234 1805 1355 1853 ματῶν
1374 1801 1451 1845 τοὺς
1470 1801 1563 1853 βίους
1586 1802 1785 1852 ἀνομοίους·
1802 1800 1882 1844 τοὺς
1900 1800 1964 1851 μὲν
1990 1801 2058 1854 γὰρ
2091 1795 2179 1840 εἶναι
2194 1817 2263 1855 χα-

1231 1860 1377 1910 λεποὺς,
1403 1860 1495 1899 ὥστε
1521 1860 1580 1899 καὶ
1608 1862 1912 1914 ἀνθρωποφαγεῖν·
1939 1860 2019 1905 τοὺς
2041 1860 2078 1900 δὲ
2105 1862 2165 1900 καὶ
2191 1864 2262 1901 τῶν

1233 1921 1347 1959 ἄλλων
1369 1919 1466 1974 ζῴων
1487 1919 1693 1972 ἀπέχεσθαι.
1714 1922 1760 1959 Οἱ
1781 1918 1844 1971 μὲν
1865 1914 1924 1958 οῧν
1949 1919 2069 1967 ἄλλοι,
2090 1921 2195 1974 φησὶ,
2219 1922 2263 1959 τὰ

1231 1979 1387 2032 περὶτῆς
1402 1977 1582 2030 ὠμότητος
1601 1979 1715 2016 αὐτῶν
1739 1977 1912 2029 λέγουσιν,
1929 1977 2057 2022 εἰδότες
2075 1978 2115 2017 τὸ
2153 1978 2262 2018 δεινὸν

1231 2037 1291 2076 καὶ
1323 2037 1362 2076 τὸ
1392 2036 1606 2088 θαυμαστὸν,
1636 2036 1870 2084 ἐκπληκτικὸν
1893 2036 1954 2075 ὄν·
1985 2036 2061 2075 δέον
2092 2037 2262 2076 τάναντία

1231 2097 1290 2135 καὶ
1306 2096 1419 2148 λέγειν
1437 2096 1496 2134 καὶ
1515 2095 1784 2149 παραδείγματα
1798 2098 1989 2134 ποιεῖσθαι·
2003 2095 2063 2134 καὶ
2081 2095 2183 2135 αὐτὸν
2202 2090 2262 2135 οἶν
2314 2114 2317 2115 ’

1231 2155 1312 2209 περὶ
1344 2157 1413 2194 τῶν
1437 2154 1669 2198 δικαιοτάτοις
1702 2153 1802 2201 ἤθεσι
1834 2153 2029 2208 χρωμένων
2055 2153 2264 2206 ποιήσεσθαι

1238 2265 1423 2296 mosthenes
1439 2264 1473 2295 in
1494 2265 1639 2296 oratione
1651 2266 1764 2296 contra
1776 2263 1950 2304 Polyclem,
1969 2265 2002 2296 et
2013 2264 2163 2305 Ephorus
2179 2264 2262 2296 libro

1237 2314 1353 2352 quarto
1370 2311 1596 2343 meminerunt.

1279 2360 1427 2399 OEsyme.
1497 2360 1557 2390 Est
1571 2357 1717 2390 Thraciae
1731 2357 1860 2398 civitas,
1874 2360 1911 2390 ut
1928 2358 2045 2400 praeter
2063 2358 2143 2391 alios
2156 2359 2261 2400 Epho-

1236 2415 1292 2438 rus
1313 2405 1413 2438 tradit
1425 2405 1508 2437 libro
1524 2408 1652 2446 quarto.
1787 2412 1792 2415 ⁸

1280 2501 1382 2532 Datus
1392 2523 1400 2538 ‚
1429 2499 1509 2531 urbs
1532 2498 1678 2531 Thraciae
1708 2498 1802 2530 valde
1829 2498 1982 2540 opulenta
2057 2499 2155 2532 modo
2183 2508 2258 2532 neu-

1234 2546 1327 2587 trius,
1347 2546 1444 2578 modo
1466 2546 1611 2578 seminini
1635 2545 1759 2586 generis
1771 2570 1780 2584 ,
1800 2547 1836 2577 ut
1863 2545 2012 2586 Ephorus
2028 2546 2159 2579 assidue
2177 2545 2260 2578 libro

1234 2596 1360 2634 quarto.
1390 2593 1493 2629 Semel
1530 2594 1640 2624 autem
1664 2601 1778 2632 genere
1808 2592 1988 2624 masculino
1999 2616 2008 2632 ‚
2037 2593 2124 2634 apud
2155 2594 2260 2626 Theo-
2303 2633 2306 2635 ¹

1234 2650 1388 2682 pompum
1399 2642 1481 2673 libro
1493 2641 1590 2673 tertio
1601 2640 1865 2680 Philippicorum.
1885 2641 2083 2672 Datenorum
2099 2643 2207 2672 tamen
2218 2640 2260 2673 ci·

1233 2687 1333 2726 vitas,
1350 2697 1451 2728 quum
1466 2696 1537 2719 eam
1556 2686 1722 2727 Philippus
1739 2687 1953 2719 Macedonum
1970 2695 2026 2718 rex
2049 2689 2256 2729 occupasset,

1231 2734 1491 2766 transnominata
1505 2736 1566 2773 est,
1590 2735 1626 2765 ut
1656 2734 1807 2774 Ephorus
1822 2736 1979 2773 testatur,
2000 2735 2032 2766 et
2047 2734 2258 2767 Philochorus

1233 2779 1266 2810 in
1282 2780 1407 2820 quinto.

1273 2828 1399 2859 Torone
1409 2850 1419 2867 ,
1432 2827 1511 2859 urbs
1527 2827 1671 2860 Thraciae
1682 2850 1691 2866 ,
1709 2829 1745 2859 ut
1759 2827 1910 2868 Ephorus
1927 2827 2022 2859 refert
2036 2827 2118 2860 libro
2130 2829 2255 2869 quarto.

1273 2922 1346 2952 Jam
1362 2921 1512 2961 Ephorus
1528 2922 1643 2960 quarto
1658 2920 1874 2953 Historiarum
1889 2921 1981 2959 libro,
1995 2921 2052 2961 qui
2069 2921 2256 2954 inscribitur

1233 2969 1373 3008 Europa,
1390 2970 1528 3007 Europae
1544 2967 1690 3008 partibus
1706 2967 1744 2998 ad
1763 2967 1928 3007 Scythiam
1949 2975 2051 3007 usque
2064 2967 2256 3008 explicando

1231 3015 1417 3056 peragratis,
1428 3015 1468 3046 ad
1481 3014 1576 3046 tinem
1593 3014 1699 3052 refert,
1710 3023 1808 3054 quum
1825 3013 1959 3044 aliorum
1974 3013 2173 3053 Scytharum,
2187 3015 2256 3046 tum

1232 3063 1493 3093 Sauromatarum
1506 3071 1570 3092 non
1586 3070 1687 3093 unum
1700 3070 1770 3093 esse
1784 3061 1859 3092 vitae
1875 3061 2061 3093 institutum
2076 3071 2083 3093 ε
2098 3062 2267 3102 quosdam,

1232 3109 1318 3140 enim
1334 3118 1372 3140 eo
1385 3108 1596 3140 immanitatis
1614 3108 1774 3148 progredi,
1792 3109 1829 3139 ut
1847 3108 1997 3139 humanis
2011 3108 2108 3140 etiam
2125 3116 2254 3141 vescan-
2316 3115 2317 3118 ’

1232 3158 1285 3187 tur
1300 3156 1467 3187 carnibus:
1478 3157 1590 3187 contra
1603 3155 1682 3186 alios
1695 3154 1736 3186 ab
1754 3155 1826 3186 aliis
1844 3155 1939 3187 etiam
1953 3155 2173 3187 animantibus
2187 3154 2255 3187 abs-
2293 3154 2296 3159 '

1231 3203 1342 3234 tinere.
1359 3205 1464 3242 Atque
1491 3202 1543 3233 alii
1560 3202 1702 3242 quidem,
1717 3202 1773 3240 ait,
1786 3202 1825 3233 de
1833 3202 2018 3233 crudelitate
2032 3211 2144 3234 eorum
2157 3201 2254 3234 verba
2271 3208 2296 3238 ῗ

1233 3250 1379 3288 faciunt,
1396 3249 1487 3290 quod
1503 3249 1624 3288 sciant,
1639 3249 1764 3280 animos
1778 3257 1884 3280 rerum
1905 3249 2059 3280 atrocium
2080 3257 2117 3280 ac
2136 3247 2253 3281 terribi-

1234 3297 1314 3328 lium
1333 3296 1516 3328 narratione
1531 3296 1657 3336 percelli
1676 3305 1683 3326 :
1702 3305 1802 3336 quum
1815 3298 1919 3327 tamen
1933 3298 1966 3328 et
1982 3296 2014 3327 in
2037 3297 2169 3328 alteram
2186 3303 2253 3337 par-

1233 3346 1298 3376 tem
1321 3343 1437 3375 referre
1451 3346 1483 3375 et
1498 3343 1648 3384 exempla
1662 3351 1918 3375 commemorare
1931 3343 2128 3375 debuissent.
2142 3345 2254 3383 ltaque

1234 3391 1314 3433 ipse,
1332 3390 1451 3432 inquit,
1468 3390 1508 3424 de
1524 3390 1564 3423 iis
1580 3391 1705 3432 loquar,
1721 3391 1775 3433 qui
1791 3390 1936 3423 moribus
1956 3393 2090 3423 utuntur
2101 3387 2252 3432 probissi-
