2320 3684
146 221 196 258 76

853 213 1174 256 PHERECYDIS
1202 214 1530 255 FRAGMENTA.

146 302 228 343 ἰδὼν
241 317 304 351 την
322 303 477 352 Δανάην,
497 303 634 356 ἠράσθη
654 303 775 349 αὐτῆς,
791 300 915 355 ἠπόρει
928 302 965 340 δὲ
981 317 1174 354 συγκοιμη-
1230 300 1326 352 (cod.
1342 303 1463 343 Paris.
1483 301 1546 353 εἷς)
1564 301 1622 340 τὸν
1637 300 1791 340 ὠκεανὸν
1807 300 1867 339 καὶ
1885 300 1948 345 τὰς
1966 300 2158 356 Γοργόνας,
2175 317 2261 342 συν-

145 364 247 409 θῆναι
281 363 381 413 (cod.
415 362 530 400 Paris.
554 359 781 412 συγγενέσθαι
818 361 934 413 αὐτῇ).
961 359 1034 400 Καὶ
1056 375 1172 412 παρα-

145 419 318 463 σκευάσας
335 420 488 473 ἄριστον,
499 418 617 457 ἐκάλει
628 418 753 462 ἄλλους
772 434 811 457 τε
829 418 978 462 πολλοὺς
989 419 1051 457 καὶ
1070 416 1173 456 αὐτὸν

146 477 302 531 Περσέα.
324 476 488 530 Περσέως
508 475 545 515 δὲ
572 475 787 528 πυθομένου,
822 477 887 518 ἐπὶ
910 477 979 516 τίνι
1008 480 1026 516 ὁ
1053 476 1173 531 ἔρανος

144 538 350 589 εὐωχεῖται,
377 539 436 573 τοῦ
474 534 511 573 δὲ
543 534 735 589 φήσαντος,
760 535 848 575 Ἐπὶ
867 534 990 590 ἵππῳ,
1016 534 1173 590 Περσεὺς

143 588 251 639 εἶπεν,
272 593 359 633 Ἐπὶ
375 596 419 646 τῇ
458 596 519 641 τῆς
543 593 715 648 Γοργόνος
748 596 898 648 κεφαλῇ.
932 593 1036 634 Μετὰ
1056 592 1094 632 δὲ
1111 593 1171 632 τὸν

143 652 263 706 ἔρανον
297 655 340 705 τῇ
362 651 439 700 ἑξῆς
457 652 593 706 ἡμέρᾳ,
620 652 678 692 ὅτε
707 655 738 692 οἳ
770 653 871 692 ἄλλοι
904 651 1082 708 ἐρανισταὶ
1113 652 1172 692 τὸν

141 711 249 750 ἵππον
270 711 495 763 ἀπεκόμιζον,
518 712 578 751 καὶ
602 711 771 767 Περσεύς.
791 712 838 753 Ὁ
866 711 903 751 δὲ
928 713 992 751 οὐκ
1013 711 1172 764 ἐδέχετο,

141 770 268 824 ἀπῄτει
291 770 327 809 δὲ
343 770 406 818 τὴν
437 774 500 819 τῆς
525 771 695 824 Γοργόνος
719 771 874 827 κεφαλὴν
891 770 982 811 κατὰ
997 771 1060 820 τὴν
1081 769 1171 810 ὓπό-

104 835 106 837 ’
142 845 262 882 σχεσιν
278 846 286 854 ·
303 829 364 869 ἐὰν
385 829 422 868 δὲ
437 829 486 881 μὴ
511 831 662 884 κομίσῃ,
678 829 742 879 τὴν
768 831 904 885 μητέρα
921 832 1028 870 αὐτοῦ
1060 829 1171 884 λήψε-

142 892 223 927 σθαι
242 887 322 942 ἔφη.
345 888 391 928 Ὁ
423 888 461 928 δὲ
498 889 649 934 ἀνιαθεὶς
683 888 898 944 ἀπέρχεται,
918 889 1171 944 ὀλοφυρόμενος

140 947 204 995 τὴν
224 948 421 1002 συμφορὰν,
442 949 490 994 εἷς
508 949 549 988 τὸ
575 949 725 1002 ἔσχατον
748 952 810 997 τῆς
837 949 956 997 νήσου.
977 948 1114 1003 Ἑρμῆς
1133 947 1170 987 δὲ

141 1009 237 1061 αὖτῷ
255 1008 368 1062 ὀφθεὶς
387 1009 488 1060 (cod.
511 1010 630 1049 Paris.
653 1008 838 1062 ἐντυχὼν),
854 1009 915 1048 καὶ
931 1012 1052 1048 πεῦσιν
1074 1011 1170 1062 αὐτῷ

139 1066 387 1121 προσαγαγὼν,
416 1067 584 1119 μανθάνει
606 1066 670 1116 τὴν
689 1067 799 1106 αἰτίαν
830 1071 890 1107 τοῦ
909 1067 1034 1121 θρήνου
1066 1067 1169 1118 (cod.

139 1127 253 1164 Paris.
282 1129 345 1173 τῆς
374 1125 500 1176 λύπης,
520 1127 661 1166 omisso
681 1127 800 1166 verbo
823 1127 1004 1178 proximo
1021 1130 1171 1179 ἡγεῖται,

139 1194 178 1222 et
196 1186 384 1236 particula
399 1185 460 1225 καὶ
478 1195 567 1224 ante
586 1186 752 1241 πρῶτον).
771 1186 819 1225 ⁸0
842 1185 879 1225 δὲ
904 1189 1063 1237 ἡγεῖται,
1081 1186 1170 1238 θαῤ-

140 1247 209 1297 ῥεῖν
232 1244 352 1284 εἰπών.
380 1244 452 1284 Καὶ
483 1247 623 1298 πρῶτον
651 1245 712 1297 μὲν
739 1248 859 1297 ἡγεῖτο
884 1246 981 1298 αὐτῷ
998 1244 1083 1298 πρὸς
1109 1243 1172 1288 τὰς

138 1307 199 1342 τοῦ
218 1303 363 1357 Φόρκου
379 1304 530 1357 Γραίας,
551 1303 758 1359 Πεμφρηδὼ
777 1305 882 1357 (eod.
901 1305 1018 1342 Paris.
1038 1305 1172 1357 Πεφρι-

139 1361 201 1413 δὼ)
221 1362 282 1401 καὶ
302 1361 420 1401 Ἐντὼ
447 1362 506 1401 καὶ
540 1362 677 1411 Ἰαινὼ,
699 1362 843 1410 Ἀθηνᾶς
875 1361 1070 1416 φρασάσης.
1099 1363 1172 1402 Καὶ

139 1421 253 1458 αὐτῶν
275 1419 337 1472 μὲν
367 1423 565 1475 ὑφαιρεῖται
597 1420 695 1473 (cod.
719 1422 835 1459 Paris.
863 1420 1078 1474 ἀφαιρεῖται)
1112 1420 1171 1460 τὸν

141 1478 319 1532 ὀφθαλμὸν
336 1479 397 1518 καὶ
416 1479 474 1518 τὸν
494 1479 640 1528 ὀδόντα,
663 1481 858 1532 ὀρεγουσῶν
880 1479 1049 1527 ἀλλήλαις
1068 1481 1170 1531 (cod.

138 1539 254 1578 Paris.
278 1538 315 1577 ὃν
337 1540 376 1578 ἐκ
398 1539 564 1592 διαδοχῆς
583 1538 754 1586 ἀλλήλαις
781 1538 938 1591 ὤρεγον).
960 1540 1007 1578 Αἱ
1027 1537 1064 1577 δὲ
1079 1571 1090 1589 ,
1115 1541 1172 1578 αἰ-

138 1597 349 1648 σθανόμεναι
365 1628 376 1647 ,
399 1600 506 1650 βοῶσι
528 1597 589 1637 καὶ
614 1597 807 1637 ἱκετεύουσι
826 1598 884 1637 τὸν
912 1598 1092 1652 ὀφθαλμὸν
1111 1598 1173 1638 καὶ

137 1657 196 1696 τὸν
213 1656 338 1696 ὀδόντα
356 1658 558 1697 ἀποδοῦναι.
577 1657 656 1697 Ἑνὶ
675 1656 744 1710 γὰρ
771 1660 807 1696 αἱ
829 1663 920 1711 τρεῖς
945 1659 985 1697 ἐκ
1007 1658 1174 1711 διαδοχῆς

138 1716 340 1772 ἐκέχρηντο.
358 1716 404 1757 Ὁ
431 1716 468 1756 δὲ
489 1716 644 1771 Περσεὺς
663 1717 766 1756 αὐτὸν
788 1717 882 1770 ἔχειν
899 1716 984 1772 ἔφη,
1001 1718 1062 1757 καὶ
1083 1719 1174 1757 ἀπο-

139 1775 275 1823 δώσειν,
295 1775 354 1815 {izv
376 1777 472 1830 αὐτῷ
491 1776 697 1822 ὑποδείξωσι
725 1775 788 1819 τὰς
821 1776 958 1830 νύμφας
990 1775 1029 1815 αἳ
1054 1776 1173 1829 ἔχουσι

137 1833 201 1882 τὴν
214 1833 329 1879 Ἄϊδος
341 1837 462 1884 κυνῆν,
478 1834 538 1873 καὶ
554 1833 600 1873 τὰ
614 1833 740 1873 πέδιλα
757 1833 801 1872 τὰ
818 1833 1017 1888 ὑπόπτερα,
1034 1834 1095 1873 καὶ
1108 1833 1172 1882 τὴν

138 1893 292 1934 affinem.
302 1893 446 1945 (κίὸισιν
460 1893 575 1932 scrib.
593 1894 958 1943 cumvalckenario)
971 1895 1018 1933 Αἱ
1030 1892 1066 1931 δὲ
1077 1895 1173 1946 αὐτῷ

138 1952 317 2006 φράζουσι.
330 1951 401 1991 Καὶ
412 1951 593 2006 ὃΠερσεὺς
607 1953 810 1991 ἀποδίδωσι.
835 1952 908 1991 Καὶ
917 1951 1077 1991 ἀπελθὼν
1088 1951 1174 2005 πρὸς

137 2010 200 2054 τὰς
221 2010 359 2064 νύμφας
378 2010 439 2050 σὺν
460 2011 581 2065 Ἑρμῆ
596 2042 605 2060 ,
627 2010 774 2059 αἰτήσας
790 2027 828 2049 τε
841 2011 901 2050 καὶ
916 2010 1034 2065 λαξὼν
1044 2011 1174 2050 ὑποδε-

138 2076 280 2120 σμεῖται
316 2069 360 2108 τὰ
397 2070 578 2124 ὑπόπτερα
594 2069 732 2116 πέδιλα,
753 2071 813 2109 καὶ
829 2070 893 2118 τὴν
912 2070 1054 2118 κίὸησιν
1072 2086 1174 2125 περι-

138 2128 272 2167 ὃάλλει.
329 2129 424 2179 (cod.
478 2130 599 2168 Paris.
637 2130 771 2168 melius
819 2129 1090 2183 περιὸάλλεται,
1137 2138 1176 2167 et

136 2186 216 2230 τοὺς
234 2186 364 2238 ὤμους)
384 2186 475 2226 κατὰ
501 2189 571 2226 τῶν
591 2187 713 2238 ὤμων,
742 2188 802 2226 καὶ
831 2188 895 2235 τὴν
916 2187 1035 2232 Ἄϊδος
1062 2190 1171 2235 κυνξῆν

137 2249 181 2298 τῆ
193 2248 329 2300 κεφαλῇ
345 2246 576 2300 περιτίθησιν.
596 2241 688 2287 Εἶτα
705 2247 848 2301 ἔρχεται
864 2247 1056 2299 πετόμενος
1081 2247 1175 2286 κατὰ

137 2392 306 2433 spexisset,
320 2400 430 2423 amore
445 2392 515 2433 ejus
527 2401 683 2426 accensus
699 2395 759 2434 est,
777 2393 909 2426 nescius
923 2396 1034 2427 tamen
1049 2403 1114 2435 qua
1127 2403 1174 2426 ra-

136 2439 225 2472 tione
249 2447 324 2471 cum
349 2447 386 2471 ea
414 2439 673 2480 congrederetur.
691 2443 787 2473 Parat
801 2441 901 2481 igitur
913 2441 1114 2482 convivium,
1132 2441 1171 2473 ad

136 2485 224 2527 quod
239 2486 359 2518 multos
373 2485 510 2518 advocat
524 2487 607 2519 inter
618 2496 739 2528 eosque
754 2490 908 2520 Perseum
918 2488 978 2529 (sc.
987 2491 1024 2521 ut
1038 2497 1174 2522 munera

136 2534 293 2575 nuptialia
305 2533 347 2566 ab
357 2533 396 2565 iis
408 2533 577 2575 acciperet,
585 2543 659 2575 quae
669 2536 760 2568 daret
772 2538 947 2576 OEnomao,
958 2537 1172 2578 patriHippo-

139 2580 287 2621 damiae).
303 2579 363 2612 Hic
378 2589 481 2621 quum
495 2582 673 2621 quaereret,
687 2589 840 2621 quaenam
851 2582 1001 2614 convivis
1018 2582 1169 2623 symbola

140 2627 305 2660 afferenda
323 2628 428 2666 esset,
442 2627 495 2659 ille
510 2636 589 2659 vero
605 2636 727 2668 equum
742 2628 873 2665 diceret,
894 2642 910 2656 «
929 2631 1094 2670 Gor-yonis
1115 2638 1168 2661 ca-

138 2677 204 2715 put
216 2688 246 2714 ι»,
264 2674 432 2715 respondit
453 2676 602 2707 Perseus.
626 2677 748 2707 Verum
765 2675 818 2708 die
838 2676 1001 2717 proximo,
1023 2679 1060 2708 ut
1075 2676 1173 2708 ceteri

137 2722 298 2761 convivae,
328 2723 466 2754 Perseus
493 2730 623 2763 quoque
645 2722 784 2754 adduxit
805 2731 937 2763 equum.
954 2725 1025 2756 Non
1047 2724 1172 2765 accepit

137 2779 212 2802 eum
228 2769 431 2810 Polydectes‚
450 2769 507 2801 sed
526 2770 615 2810 quod
631 2769 795 2811 pollicitus
810 2773 896 2803 esset
914 2773 1012 2812 caput
1027 2771 1171 2804 Medusae

137 2816 330 2857 postulavit;
344 2816 374 2848 id
383 2817 483 2849 sinon
497 2817 638 2858 afferret,
650 2817 799 2859 seipsum
809 2821 945 2850 matrem
952 2818 1021 2859 ejus
1036 2827 1171 2851 uxorem

137 2864 314 2896 ducturum
324 2873 406 2897 esse.
425 2867 564 2897 Perseus
580 2864 682 2897 tristis
698 2867 730 2897 et
740 2865 955 2897 infortunium
977 2865 1169 2906 lamentans,

138 2910 205 2942 abit
218 2911 250 2942 in
267 2913 446 2944 ext-remam
473 2911 588 2945 insulae
600 2914 735 2953 partem.
753 2912 891 2944 Obviam
907 2912 1011 2944 factus
1026 2915 1075 2944 est
1090 2915 1170 2945 Mer·

138 2957 259 2997 curius,
274 2958 329 2998 qui
343 2958 452 2990 verbis
467 2967 542 2990 eum
555 2961 763 3000 percontatus
776 2968 924 2991 caussam
940 2958 1036 2991 discit
1049 2959 1167 2992 lamen-

139 3004 281 3036 tat-ionis.
294 3007 322 3037 V
325 3005 389 3037 iam
398 3009 516 3038 Perseo
528 3006 632 3047 praeit,
643 3015 683 3038 ne
690 3007 836 3039 animum
847 3006 1048 3048 despondeat
1060 3006 1168 3038 cohor-

139 3053 237 3083 tatus.
268 3055 308 3084 Et
339 3054 444 3093 primo
460 3053 593 3094 quidem
621 3055 777 3087 Minervae
806 3064 905 3087 suasu
921 3054 1013 3086 ducit
1027 3063 1103 3086 eum
1124 3055 1166 3087 ad

139 3099 263 3137 Graeas‚
280 3099 395 3131 Phorci
412 3100 506 3140 filias,
524 3102 698 3142 Pephrido,
724 3104 830 3143 Enyo,
850 3102 946 3142 Dino,
961 3101 1081 3143 quibus
1096 3110 1167 3134 ocu-

139 3145 208 3176 lum
223 3147 359 3178 Perseus
376 3150 407 3179 et
422 3148 552 3180 dentem
564 3173 573 3189 ,
599 3158 683 3189 quos
699 3149 839 3182 invicem
856 3149 918 3182 sibi
937 3148 1142 3190 porrigebant
1156 3174 1166 3190 ,

139 3191 303 3224 subducit.
326 3195 395 3224 Hoc
413 3203 514 3234 quum
530 3196 686 3236 sentiunt,
705 3197 848 3229 clamant
866 3198 1114 3238 precamurque,
1129 3198 1166 3228 ut

138 3238 268 3270 oculum
286 3241 318 3271 et
332 3239 460 3272 dentem
471 3242 596 3282 reddat,
609 3243 729 3283 quibus
754 3246 817 3276 tres
844 3244 910 3276 illae
935 3245 1051 3276 mutuo
1073 3245 1167 3276 utun-

140 3287 203 3316 tur.
233 3287 369 3317 Perseus
405 3295 439 3318 se
473 3288 590 3320 habere
621 3289 675 3321 illa
705 3291 738 3322 et
768 3290 969 3322 redditurum
986 3301 995 3329 ;
1030 3289 1093 3330 ait,
1138 3289 1166 3321 si

139 3341 214 3373 quae
246 3332 320 3364 Orci
349 3333 470 3373 galeam
500 3336 531 3366 et
573 3335 685 3367 talaria
718 3337 803 3369 alata
830 3339 861 3369 et
885 3346 995 3378 peram
1023 3336 1166 3378 posside·

139 3381 210 3411 rent
245 3379 406 3420 nymphas
446 3381 508 3412 sibi
542 3381 810 3415 demonstrarent.
830 3383 949 3416 Dicunt
982 3384 1044 3416 illae
1060 3383 1165 3422 viam3

1229 359 1409 411 επομένων
1443 362 1538 414 αὐτῷ
1557 360 1692 414 Ἑρμοῦ
1726 376 1765 399 τε
1788 360 1848 398 καὶ
1869 359 2024 408 Ἀθήνας.
2049 360 2192 405 ’Ταύτας
2221 359 2258 400 δὲ

1227 419 1452 471 κοιμωμένας
1473 419 1637 474 εὑρίσκει.
1659 418 1903 459 Ὑποτίθενται
1929 418 1966 458 δὲ
1991 420 2087 473 αὐτῷ
2105 414 2200 458 οὗτοι
2225 421 2259 459 οἱ

1228 477 1298 516 θεοὶ
1310 508 1321 527 ,
1338 477 1431 522 ὅπως
1446 477 1517 533 χρὴ
1534 477 1599 526 τὴν
1620 477 1775 532 κεφαλὴν
1799 477 1898 530 (cod.
1923 478 2042 518 Paris.
2070 479 2174 517 addit
2195 481 2259 526 τῆς

1228 535 1411 591 Γοργόνος)
1449 539 1636 589 ἀποτεμεῖν
1669 535 1962 591 ἀπεστραμμένον
2005 537 2102 588 (cod.
2140 538 2256 576 Paris.

1228 596 1374 650 ἀπεστρ.
1393 595 1435 644 δὴ
1453 596 1650 650 κάτοπτρον
1670 595 1798 649 ἔχοντα
1811 626 1821 645 ,
1838 594 1922 650 ὅπερ
1942 594 2048 634 ἔλαὸε
2072 593 2169 650 παρὰ
2195 597 2259 643 τῆς

1228 653 1392 709 Ἀθηνᾶς·
1410 655 1477 694 ubi
1497 656 1686 695 Schaefero
1703 664 1859 693 auctore
1877 654 2080 706 legendum
2098 663 2155 692 est
2168 655 2259 693 ἀπε-

1227 728 1303 766 στρ.
1318 713 1491 762 δηλονότι,
1509 714 1569 752 καὶ
1591 713 1788 767 κάτοπτρον
1807 712 1892 766 ἔχ.),
1913 713 1972 751 καὶ
1993 712 2206 752 δεικνύουσιν
2222 714 2259 752 ἐν

1226 774 1277 824 τῷ
1296 771 1484 827 κατόπτρῳ
1516 772 1581 820 τὴν
1617 772 1818 821 Μέδουσαν,
1838 772 1861 820 ἣ
1881 771 1971 824 μόνη
1997 766 2039 820 ἦν
2063 770 2172 820 θνητὴ
2187 773 2259 811 τῶν

1227 830 1423 884 Γοργόνων.
1441 831 1488 871 ‘O
1512 829 1569 880 δὲ,
1595 831 1744 879 πλησίον
1770 828 1976 883 γενόμενος,
2003 829 2194 882 ἀποτέμνει
2213 832 2258 883 τῇ

1228 888 1323 942 ἅρπῃ
1339 889 1404 937 τὴν
1424 889 1594 944 κεφαλὴν,
1615 890 1674 928 καὶ
1694 889 1800 934 ἐνθεὶς
1819 890 1866 934 εἷς
1887 888 1951 937 τὴν
1971 888 2111 937 κίὸησιν
2129 888 2258 943 φεύγει.

1227 949 1275 986 Αἱ
1300 947 1336 986 δὲ
1361 947 1565 1000 αἰσθόμεναι
1600 949 1697 999 (cod.
1716 949 1832 987 Paris.
1854 949 1974 1000 βοῶσι.
1998 951 2088 999 Leg.
2113 949 2260 1000 βοῶσαι)

1229 1005 1426 1045 διώκουσιν·
1449 1011 1517 1060 οὐχ
1539 1009 1648 1061 ὁρῶσι
1671 1006 1792 1059 μέντοι
1827 1006 1944 1056 αὐτὸν,
1969 1006 2027 1045 διὰ
2054 1005 2118 1053 τὴν
2145 1005 2261 1050 Ἄϊδος

1228 1068 1348 1112 κυνῆν.
1383 1065 1540 1120 Περσεὺς
1551 1066 1596 1104 ’δὲ
1625 1067 1672 1110 εἷς
1705 1064 2089 1121 Σέριφοψγενόμενος,
2119 1064 2262 1120 ἔρχεται

1227 1123 1325 1178 παρὰ
1345 1124 1588 1175 Πολυδέκτην,
1607 1125 1667 1164 καὶ
1684 1125 1818 1164 κελεύει
1841 1128 2067 1179 συναθροῖσαι
2084 1125 2143 1164 τὸν
2160 1117 2260 1174 λαόν,

1229 1181 1324 1227 ὅπως
1347 1183 1438 1239 δείξῃ
1465 1185 1581 1228 αὒτοῖς
1604 1183 1669 1231 τὴν
1685 1186 1748 1231 τῆς
1766 1183 1936 1238 Γοργόνος
1963 1183 2134 1238 κεφαλὴν,
2163 1182 2262 1228 εἰδὼς

1227 1240 1281 1280 ὅτι
1302 1241 1431 1286 ἰδόντες
1447 1242 1783 1290 ἀπολιθωθήσονται.
1802 1242 1847 1282 Ὁ
1862 1241 1898 1281 δὲ
1915 1242 2161 1291 Πολυδέκτης,
2180 1244 2263 1281 ἀολ-

1227 1300 1330 1345 λίσας
1346 1301 1405 1340 τὸν
1429 1300 1549 1353 ὄχλον,
1578 1301 1712 1340 κελεύει
1731 1301 1837 1340 αὐτὸν
1859 1301 2037 1341 δεικνύειν.
2056 1301 2099 1341 Ὁ
2118 1301 2155 1340 δὲ
2174 1303 2263 1341 ἀπο-

1231 1359 1463 1413 στρεφόμενος
1493 1358 1621 1414 ἐξαίρει
1639 1361 1679 1398 ἐκ
1697 1363 1759 1407 τῆς
1774 1359 1948 1407 κιὸήσεως
1959 1391 1970 1409 ,
1987 1360 2048 1399 καὶ
2077 1359 2261 1402 δείκνυσιν.

1229 1420 1276 1458 Οἱ
1306 1418 1342 1457 δὲ
1372 1417 1520 1468 ἰδόντες,
1548 1418 1638 1458 λίθοι
1669 1418 1839 1471 ἐγένοντο.
1867 1419 1916 1459 ‘H
1949 1419 1986 1458 δὲ
2013 1419 2141 1467 Ἀθηνᾶ
2165 1419 2263 1474 παρὰ

1230 1477 1398 1532 Περσέως
1411 1478 1570 1516 λαὸοῦσα
1586 1476 1650 1525 τὴν
1661 1477 1817 1533 κεφαλὴν
1837 1477 2009 1526 ἐντίθησιν
2028 1479 2075 1523 εἷς
2093 1477 2156 1526 τὴν
2177 1480 2263 1517 ἔσω·-

1227 1539 1290 1584 τῆς
1309 1536 1426 1588 αἰγίδα
1438 1553 1447 1560 ·
1465 1535 1530 1585 τὴν
1551 1535 1587 1575 δὲ
1603 1536 1744 1585 κίὸησιν
1765 1537 1887 1591 Ἑρμῇ
1908 1537 2120 1587 ἀποδίᾶυσι,
2139 1536 2260 1576 καὶτὰ

1227 1595 1354 1635 πέδιλα
1381 1595 1441 1634 καὶ
1474 1594 1538 1643 τὴν
1558 1598 1666 1643 κυνῆν
1690 1602 1767 1640 ταῖς
1785 1595 1962 1650 Νύμφαις.
1981 1594 2129 1650 Ἱστορεῖ
2143 1597 2264 1650 Φερε-

1228 1654 1336 1703 κύδης
1352 1656 1387 1693 ἓν
1405 1657 1452 1707 τῇ
1475 1653 1630 1709 δευτέρᾳ.

1282 1719 1357 1754 Pro
1372 1713 1492 1755 Ἐντὼ
1508 1714 1568 1753 καὶ
1589 1713 1707 1754 Ἰαινὼ
1728 1715 1971 1753 scribendum
1991 1724 2049 1755 est
2070 1714 2187 1755 Ἐνυὼ
2203 1715 2264 1754 καὶ

1229 1773 1340 1814 Δεινώ
1352 1790 1360 1812 :
1373 1788 1408 1812 v.
1426 1778 1560 1824 Heyne
1579 1773 1628 1812 ad
1645 1774 1823 1825 Apollod.
1837 1778 1891 1820 ΙΙ,
1908 1781 1944 1822 4,
1960 1788 1996 1812 2.

1283 1833 1390 1872 Idem
1407 1833 1456 1872 ad
1475 1836 1543 1879 IV,
1562 1846 1661 1884 1090
1680 1847 1688 1870 ε
1707 1832 1771 1872 Ἔν
1792 1832 1829 1873 δὲ
1845 1832 2008 1884 τοῖς-ἑξῆς
2027 1833 2090 1877 καὶ
2107 1833 2264 1887 περὶτοῦ

1229 1892 1379 1931 θανάτου
1405 1890 1613 1947 προστίθησι
1638 1890 1844 1945 Φερεκύδης
1884 1895 1946 1931 τοῦ
1982 1891 2182 1946 Ἀκρισίου,
2211 1891 2265 1932 ὅτι

1230 1951 1320 2004 μετὰ
1335 1950 1399 1999 τὴν
1417 1950 1629 1990 ἀπολίθωσιν
1670 1949 1898 1990 Πολυδέκτου
1917 1952 1968 2004 τῷ
1985 1951 2082 2004 (lege
2103 1950 2164 1990 καὶ
2180 1953 2263 1990 τῶν.

1233 2012 1329 2050 Cod.
1349 2011 1467 2049 Paris.
1489 2009 1581 2061 μετὰ
1599 2009 1639 2048 τὸ
1669 2011 1929 2057 ἀπολιθωθῆναι
1949 2010 2177 2059 Πολυδέκτην
2203 2010 2266 2050 καὶ

1231 2069 1325 2120 τοὺς)
1347 2067 1410 2108 σθῦ
1432 2061 1586 2121 αὐτῷ’ἕκ
1604 2071 1667 2116 τῆς
1685 2070 1840 2123 κεφαλῆς
1862 2071 1926 2115 τῆς
1950 2068 2120 2124 Γοργόνος
2133 2071 2168 2108 ἐν
2190 2070 2263 2109 Σε-

1233 2129 1323 2183 ρίφῳ
1341 2129 1473 2179 (Phav.
1496 2127 1585 2179 μετὰ
1601 2126 1666 2175 τὴν
1686 2129 1722 2166 ἐν
1743 2124 1883 2182 Σερίφῳ
1908 2127 2121 2174 ἀπολίθωσιν
2141 2129 2264 2167 Πολυ-

1231 2186 1356 2227 δέκτου
1378 2190 1438 2225 τοῦ
1459 2185 1522 2225 σὺν
1542 2187 1637 2239 αὐτῷ
1655 2172 1780 2234 τὴθὲκ
1794 2188 1864 2233 «τῆς
1882 2185 2056 2240 Γοργόνης
2075 2187 2163 2241 [leg.
2178 2188 2267 2240 Γορ-

1230 2245 1344 2299 γόνος]
1364 2245 1547 2300 κεφαλῆς),
1565 2244 1694 2285 Δίκτυν
1714 2244 1777 2296 μὲν
1794 2243 1950 2299 Περσεὺς
1966 2243 2150 2287 ἀπολείτώῖ
2163 2245 2263 2294 (cod.

1234 2392 1397 2433 nymphas
1418 2391 1644 2433 proficiscitur.
1662 2391 1724 2423 Hic
1748 2390 1845 2423 rebus
1866 2399 1947 2432 quas
1964 2390 2081 2432 petivit
2105 2379 2264 2437 acceptis,

1234 2445 1349 2477 talaria
1366 2444 1519 2485 subligat,
1538 2443 1654 2476 cibisin
1667 2443 1810 2475 humeris
1825 2442 2017 2484 circumjicit
2026 2466 2035 2480 ,
2049 2444 2125 2476 Orci
2140 2436 2265 2488 goim

1232 2492 1331 2533 capiti
1347 2492 1498 2533 imponit.
1512 2491 1565 2523 Sic
1578 2492 1709 2532 paratus
1720 2493 1753 2523 et
1767 2486 1947 2528 instructus
1960 2490 1999 2522 ad
2019 2499 2194 2531 oceanum,
2209 2489 2265 2523 ubi

1231 2541 1323 2571 erant
1330 2540 1508 2579 Gorgones,
1523 2536 1653 2570 devolat
1659 2536 1889 2569 comitantibus
1895 2537 2080 2570 Minervaet
2091 2538 2263 2570 Mercurio.

1231 2586 1360 2618 Invenit
1376 2587 1542 2626 Gorgones
1555 2584 1765 2616 dormientes.
1783 2583 1926 2616 Suadent
1950 2583 2003 2616 dei
2018 2586 2055 2616 ut
2069 2583 2138 2627 ipse
2150 2593 2265 2616 aversa

1231 2633 1314 2664 facie
1330 2635 1428 2674 caput
1453 2631 1614 2673 Gorgonis
1635 2631 1805 2663 abscindat
1819 2632 1852 2663 et
1867 2631 1902 2662 in
1923 2630 2054 2672 speculo
2079 2632 2264 2671 Qnstrant

1230 2679 1259 2711 ei
1271 2680 1453 2720 Medusam,
1468 2688 1542 2720 quae
1556 2678 1625 2710 sola
1640 2680 1827 2719 Gorgonum
1842 2677 1989 2714 mortalis
2000 2680 2079 2714 etat.
2097 2677 2153 2710 Ille
2165 2687 2266 2720 prope

1230 2726 1387 2758 accedens
1401 2735 1478 2758 ense
1494 2726 1612 2758 falcato
1625 2735 1698 2759 eam
1713 2724 1889 2764 truncavit,
1907 2726 1940 2757 et
1955 2724 2059 2766 capite
2074 2724 2107 2756 in
2123 2733 2200 2766 pera
2211 2734 2266 2766 po-

1230 2773 1294 2805 sito
1310 2773 1445 2814 aufugit.
1470 2774 1639 2814 Gorgones
1648 2774 1762 2808 autem
1792 2781 1826 2806 re
1847 2771 1976 2812 cognita
1996 2771 2172 2804 clamantes
2193 2774 2265 2804 Per·

1230 2829 1321 2852 seum
1338 2823 1576 2861 persequuntur
1593 2831 1612 2861 3»
1631 2819 1687 2852 sed
1710 2828 1775 2851 non
1810 2818 2016 2860 conspiciunt
2039 2820 2265 2860 emmpropter

1229 2867 1306 2898 Orci
1329 2866 1463 2907 galeam.
1475 2866 1540 2904 Qui
1561 2868 1735 2908 postquam
1759 2865 1794 2897 in
1813 2865 1986 2907 Seriphum
2007 2866 2162 2904 venerat,
2196 2864 2264 2897 adit

1229 2913 1438 2954 Polydecten,
1455 2922 1597 2954 eumque
1618 2913 1776 2955 populum
1802 2913 1843 2945 ad
1866 2912 2056 2944 concionem
2083 2919 2264 2944 convocare

1226 2959 1340 3001 jubet,
1360 2964 1397 2992 ut
1419 2962 1577 2992 monstret
1593 2962 1692 3001 caput
1707 2959 1852 2992 Medusae
1863 2983 1873 2999 ,
1888 2959 1972 2991 hene
1993 2958 2098 3006 sciens
2119 2967 2234 2991 omnes
2247 2982 2259 2999 ,

1228 3007 1283 3048 qui
1297 3007 1330 3039 id
1337 3007 1575 3048 adspexissent,
1587 3008 1619 3039 in
1628 3007 1750 3048 lapides
1762 3008 1926 3039 mutatum
1938 3005 1989 3037 iri.
2004 3005 2130 3046 Populo
2142 3013 2261 3037 convo-

1227 3057 1300 3087 cato
1317 3054 1508 3094 Polydectes
1521 3054 1613 3095 jubet
1628 3053 1802 3086 monstrari
1824 3055 1933 3094 caput.
1952 3052 2010 3084 Ille
2025 3052 2154 3084 vultum
2171 3061 2261 3084 aver·

1228 3102 1301 3134 tens
1315 3110 1354 3134 ex
1371 3100 1473 3132 cibiso
1483 3100 1713 3142 depromptum
1724 3100 1875 3132 ostendit.
1885 3100 1949 3137 Qui
1959 3099 2123 3139 viderunt,
2137 3099 2260 3140 lapides

1228 3148 1306 3181 sacti
1323 3149 1411 3180 sunt.
1434 3147 1579 3180 Minerva
1601 3150 1711 3180 autem
1733 3147 1822 3188 quod
1844 3156 1863 3178 a
1883 3148 2001 3179 Perseo
2023 3146 2146 3188 accepit
2161 3148 2261 3188 caput

1226 3195 1330 3236 AEgidi
1348 3194 1512 3235 imposuit;
1528 3203 1638 3236 peram
1650 3194 1750 3227 tradit
1772 3194 1942 3233 Mercurio,
1957 3195 1989 3226 et
2002 3193 2098 3225 soleae
2125 3195 2158 3225 et
2173 3193 2262 3234 galea
2312 3209 2316 3213 ·

1226 3242 1405 3274 redduntur
1425 3241 1589 3282 nymphis.
1614 3243 1704 3280 (Sine
1727 3241 1843 3277 dubio,
1859 3240 1966 3272 schol.
1994 3240 2106 3272 dicere
2123 3240 2235 3272 voluit
2248 3249 2260 3271 :

1226 3298 1347 3331 peram,
1370 3288 1473 3321 soleas
1489 3291 1521 3321 et
1535 3289 1658 3329 galeam
1671 3287 1770 3320 tradit
1782 3287 1953 3326 Mercurio,
1966 3287 2022 3328 qui
2035 3287 2193 3328 Nymphis
2205 3295 2260 3320 eas

1225 3336 1376 3369 restituit.
1394 3337 1448 3367 Sic
1462 3335 1616 3376 Apollod.
1633 3338 1676 3374 II,
1690 3338 1720 3376 4,
1739 3337 1769 3375 3,
1792 3335 2020 3375 Pherecydem
2033 3333 2197 3374 secutus.)

1268 3386 1446 3425 Postquam
1470 3383 1660 3424 Polydectes
1676 3385 1709 3415 et
1730 3383 1787 3423 qui
1812 3391 1895 3414 cum
1911 3392 1949 3414 eo
1971 3385 2062 3414 erant
2077 3382 2109 3413 in
2127 3381 2260 3422 Seripho

141 3426 270 3460 dentem
288 3429 319 3459 et
334 3427 464 3459 oculum
485 3428 590 3460 reddit
614 3432 766 3470 Perseus,
791 3434 821 3463 et
848 3440 923 3462 cum
946 3431 1102 3464 Mercurio
1125 3432 1163 3463 ad
1228 3431 1370 3464 Medusae
1400 3431 1503 3471 capite
1517 3431 1549 3462 in
1565 3430 1686 3471 lapides
1700 3432 1791 3462 erant
1804 3429 2179 3471 t1·anssormati‚l’erseus
2207 3428 2259 3460 Di·
