2320 3684
842 160 1008 200 TIMAEI
1038 163 1366 204 FRAGMENTA.

1102 256 1112 332 *f

23 321 27 324 ·
53 308 150 351 δοτος
167 309 202 346 ἐν
220 309 264 359 τῇ
284 305 367 358 ἕκτῃ
383 334 394 353 ‚
428 306 474 347 ὡς
504 301 691 340 ἀποπλέων
720 301 778 340 ἐπὶ
797 302 860 350 τὴν
889 304 1079 354 μνηστείαν
1107 338 1109 340 .

53 251 114 288 τοῦ
131 247 327 302 Συὸαρίτου
340 245 400 285 καὶ
415 247 477 292 τῆς
491 243 614 282 τούτου
631 245 762 297 τρυφῆς
775 242 958 297 ἱστόρησεν
975 244 1081 299 Ἡρό-

2092 176 2166 209 205

1139 250 1282 302 νυμφῶν
1297 247 1406 302 ἄντρα
1419 250 1488 287 τῶν
1504 248 1708 288 Λουσιάδων
1724 250 1984 302 ἀποδημοῦντες
1996 252 2167 293 διετέλουν

1141 305 1229 356 μετὰ
1247 306 1365 354 πάσης
1380 311 1524 362 τρυφῆς.
1545 310 1592 347 Οἱ
1612 308 1649 346 δὲ
1674 307 1814 363 εὔποροι
1838 311 1953 348 αὐτῶν
1983 310 2087 349 ὁπότε
2121 314 2168 356 εἷς

51 369 114 413 τῆς
147 363 375 407 Κλεισθένους
403 365 464 401 τὀῦ
495 359 698 400 Σικυωνίων
721 360 889 414 τυράννου
912 362 1080 415 θυγατρὸς
1140 365 1246 419 ἀγρὸν
1263 366 1538 419 παραὸάλλοιεν,
1557 367 1683 421 καίπερ
1704 367 1761 406 ἐπὶ
1784 370 1913 421 ζευγῶν
1927 369 2168 423 πορευόμενοι,

53 422 281 477 Ἀγαρίστης,
301 420 421 476 φησὶν,
439 418 511 458 ἀπὸ
541 418 604 470 μὲν
629 418 781 466 Ἰταλίης
809 418 1045 473 Σμινδυρίδης
1063 423 1081 459 ὃ
1139 424 1203 472 τὴν
1227 426 1424 480 ἡμερησίαν
1454 427 1596 482 πορείαν
1627 430 1661 467 ἐν
1695 429 1807 483 τρισὶν
1835 429 1984 484 ἡμέραις
2019 430 2166 478 διήνυον.

53 480 299 536 Ἱπποκράτεος
319 478 520 532 Συὸαρίτης
535 508 546 527 ,
573 477 609 521 ὃς
628 476 686 516 ἐπὶ
705 478 869 516 πλεῖστον
891 477 933 525 δὴ
958 478 1082 530 χλιδῆς
1139 476 1258 522 ’Ἦσαν
1280 484 1317 522 δέ
1336 500 1425 530 τινες
1443 488 1558 531 αὐτοῖς
1573 487 1632 526 καὶ
1650 489 1720 527 τῶν
1740 490 1787 532 εἷς
1801 486 1880 533 τοὺς
1899 489 2023 544 ἀγροὺς
2041 505 2169 544 φερου-

51 534 100 584 εἷς
117 540 205 594 ἀνὴρ
221 539 375 593 ἀφίκετο.
390 535 546 577 Εἵποντο
560 541 643 588 γοῦν
670 538 767 590 αὐτῷ
791 536 901 589 χίλιοι
921 536 1082 590 μάγειροι
1141 541 1211 579 σῶν
1231 543 1319 581 ὁδῶν
1339 544 1559 597 κατάστεγοι.
1574 548 1659 591 Τοῖς
1677 547 1713 585 δὲ
1731 547 1906 592 πλείστοις
1921 550 2034 588 αὐτῶν
2059 549 2170 604 ὑπάρ-

50 598 110 637 καὶ
126 597 328 653 ὀρνιθευταί.
348 597 495 650 Ἱστορεῖ
513 595 593 650 περὶ
612 597 717 634 αὐτοῦ
732 595 792 634 καὶ
812 594 964 647 Τίμαιος
983 597 1018 634 ἐν
1036 598 1080 648 τῇ

51 657 187 710 ἑὸδόμῃ
206 657 259 710 (ἐν
282 659 327 710 τῇ
343 659 406 703 τῆς
428 655 580 707 ἑὸδόμης
597 655 757 695 membr.
776 653 851 707 A.).
871 655 928 694 Cf.
953 658 1081 693 Hero—

51 716 132 754 dot.
151 720 220 764 VI,
245 730 316 764 127
338 724 376 754 et
395 715 509 753 Diod.
531 714 599 752 lib.
625 717 719 752 VIII
734 717 916 765 Excerpt.
931 713 980 751 de
1001 714 1082 751 vir-

51 782 122 813 tut.
145 782 184 813 et
200 775 267 813 vit.
291 783 380 812 tom.
400 777 469 825 lv,
486 787 526 824 p.
547 775 595 811 33
624 773 708 823 Bip.

103 892 210 930 Idem
229 894 306 931 XII
320 920 331 939 ,
352 893 387 938 3,
407 905 447 943 p.
470 892 560 939 518,
585 894 642 928 D:
657 893 797 929 Narrat
821 890 872 927 de
895 889 1082 940 Sybaritis

51 950 218 990 Timaeus
234 966 243 989 :
264 949 318 990 ὅτι
335 949 424 1004 ἀνὴρ
452 948 653 1003 Συὸαρίτης
667 979 678 998 ,
712 950 759 992 εἷς
779 946 886 1002 ἀγρόν
906 963 992 987 ποτε
1011 964 1082 987 πο-

52 1007 233 1063 ρευόμενος
252 1009 339 1063 ἔφη,
363 1009 445 1048 ἰδὼν
463 1007 543 1052 τοὺς
563 1008 711 1062 ἐργάτας
731 1007 970 1057 σκάπτοντας,
983 1007 1083 1052 αὐτὸς

52 1071 171 1122 ῥῆγμα
188 1068 308 1107 λαὸεῖν
321 1084 330 1093 ·
353 1067 439 1122 πρὸς
465 1067 503 1107 ὃν
521 1066 778 1121 ἀποκρίνασθαί
793 1082 871 1106 τινα
887 1068 956 1106 τῶν
975 1069 1084 1106 ἀκου-

52 1126 202 1177 σάντων,
223 1127 325 1171 αὖτὸς
345 1126 381 1165 δὲ
401 1131 463 1166 σοῦ
479 1125 710 1178 διηγουμένου
730 1126 866 1164 ἀκούων
886 1126 1084 1175 πεπονηκέ-

51 1201 109 1224 ναι
123 1185 186 1234 τὴν
205 1187 374 1241 πλευράν.

103 1246 275 1284 Eandem
292 1246 614 1284 historiunculam
627 1244 763 1283 iisdem
784 1244 862 1282 fere
874 1244 1003 1283 verbis
1014 1274 1025 1293 ‚
1045 1254 1084 1283 et

53 1306 146 1344 alias
166 1306 308 1344 similes
330 1306 549 1357 reperimus
565 1306 606 1343 in
628 1304 789 1343 Diodor.
809 1308 990 1356 Excerpt.
1010 1308 1085 1344 Va-

53 1365 267 1416 tican.pag.
283 1379 308 1415 9
333 1365 393 1402 ed.
405 1365 496 1402 Mai.
516 1365 640 1402 Etiam
657 1372 782 1401 cetera
794 1364 992 1415 pleraque,
1001 1377 1084 1414 quae

53 1423 101 1461 de
112 1422 276 1462 urbibus
298 1437 442 1474 magnae
457 1424 627 1471 Graeciae,
652 1436 688 1460 v.
717 1437 750 1460 c.
773 1423 821 1460 de
840 1425 1022 1471 Crotone,
1042 1423 1083 1461 in

52 1485 232 1533 Excerpt.
246 1483 361 1520 modo
374 1483 539 1521 laudatis
552 1490 715 1529 exstant,
728 1495 749 1520 e
764 1482 895 1520 Timaei
913 1481 1085 1520 historiis

53 1539 210 1580 fluxisse
224 1542 415 1580 videntur.

533 1600 599 1638 60.

106 1664 212 1702 Idem
228 1663 323 1702 ibid.
345 1677 383 1715 p.
407 1663 497 1714 519,
522 1666 574 1702 B:
590 1661 759 1717 Ἐφόρουν
781 1663 811 1702 δ’
835 1664 867 1702 οἱ
887 1663 1084 1716 Συραὸἷται

54 1722 113 1761 καὶ
132 1722 257 1774 ἱμάτια
276 1722 462 1770 Μιλησίων
494 1722 596 1776 ἐρίων
620 1723 862 1774 πεποιημένα·
890 1724 949 1776 ἀφ’
973 1716 1022 1762 ῶν
1040 1720 1082 1770 δὴ

51 1782 113 1821 καὶ
138 1784 174 1821 αἱ
197 1782 310 1837 φιλίαι
336 1788 411 1826 ταῖς
438 1781 581 1821 πόλεσιν
617 1780 797 1833 ἐγένοντο,
817 1783 864 1825 ὡς
888 1784 907 1820 ὁ
930 1781 1083 1833 Τίμαιος

53 1842 195 1895 ἱστορεῖ.
211 1841 382 1894 Ἠγάπων
397 1840 465 1895 γὰρ
481 1843 551 1880 τῶν
570 1837 634 1892 μὲν
650 1839 685 1886 ἐξ
702 1840 854 1884 Ἰταλίας
869 1839 1084 1894 Τυῤῥηνοὺς,

55 1903 123 1940 τῶν
141 1902 172 1939 δ’
190 1900 313 1946 ἔξωθεν
333 1899 412 1944 τοὺς
430 1898 577 1950 Ἴωνας,
596 1899 650 1938 ὅτι
672 1902 784 1954 τρυφῇ
801 1905 1001 1953 προσεῖχον.

106 1962 154 2000 Οἱ
175 1961 205 1999 δ’
225 1962 343 2004 ἱππεῖς
358 1962 428 1999 τῶν
446 1960 668 2014 Συὸαριτῶν,
690 1958 778 2013 ὑπὲρ
799 1957 879 2002 τοὺς
890 1974 1085 1997 πεντακισ-

56 2018 187 2070 χιλίους
215 2019 310 2063 ὄντες
323 2049 335 2068 ,
352 2017 551 2070 ἐπόμπευον
570 2018 708 2071 ἔχοντες
727 2015 924 2071 κροκωτοὺς
942 2016 1000 2056 ἐπὶ
1013 2023 1086 2061 τοῖς

55 2075 215 2132 θώραξιν,
232 2078 294 2118 καὶ
312 2081 374 2117 τοῦ
391 2076 509 2131 θέρους
527 2079 559 2116 οἱ
577 2076 739 2131 νεώτεροι
758 2078 871 2114 αὐτῶν
891 2078 937 2120 εἷς
953 2074 999 2114 τὰ
1014 2078 1084 2115 τῶν

56 2224 214 2256 memorat
233 2223 317 2257 libro
341 2225 434 2256 sexto
458 2235 465 2252 :
489 2235 505 2251 α
519 2222 718 2254 ambiturum
740 2222 902 2263 Agaristae
927 2221 1059 2263 nuptias
1073 2244 1083 2260 ,

55 2271 229 2305 Clisthenis
245 2271 330 2310 filiae,
344 2270 566 2311 Sicyoniorum
578 2269 718 2310 tyranni,
736 2269 917 2310 profectum
932 2277 972 2301 ex
992 2269 1084 2301 Italia

51 2319 300 2360 Smindyriden‚
317 2318 524 2360 Hippocratis
540 2317 660 2357 tilium,
683 2316 885 2358 Sybaritam;
918 2315 1084 2347 bominem

57 2375 158 2398 unum
165 2366 314 2398 omnium
324 2364 634 2397 luxuriosissimum.
647 2377 662 2392 υ
673 2363 896 2405 Sequebantur
908 2371 984 2395 eum
995 2362 1086 2395 mille

57 2413 152 2454 coqui
166 2415 200 2445 et
217 2421 371 2455 aucupes.
390 2414 505 2445 Narrat
522 2412 564 2444 de
590 2411 703 2444 eodem
724 2411 824 2443 etiam
845 2410 987 2443 Timaeus
1002 2409 1086 2441 libro

56 2460 208 2503 septimo.
584 2460 587 2462 “

539 2507 602 2541 59.

96 2557 210 2588 Narrat
229 2554 270 2587 de
290 2553 446 2596 Sybaritis
466 2552 626 2593 Timaeus,
646 2553 811 2585 hominem
827 2550 1002 2593 quemdam
1029 2552 1084 2592 Sy-

57 2601 203 2642 barim,
219 2610 274 2634 rus
290 2601 470 2643 profectum
485 2600 668 2642 aliquando,
685 2610 787 2642 quum
803 2599 962 2632 fodientes
973 2608 1086 2641 operas

58 2649 212 2689 vidisset,
229 2648 369 2688 dixisse,
387 2648 494 2681 dolere
516 2657 550 2681 se
569 2648 670 2681 veluti
687 2647 767 2679 fibra
791 2650 887 2688 rupta
903 2656 911 2678 :
932 2646 984 2678 cui
1001 2655 1086 2678 unus

59 2705 100 2730 ex
112 2697 174 2738 his,
188 2697 243 2738 qui
260 2697 461 2736 audiverant,
477 2695 641 2737 respondit
655 2707 661 2725 ε
680 2697 748 2736 Ego
767 2703 856 2734 vero,
873 2696 906 2726 te
926 2693 989 2726 hoc
1001 2702 1086 2726 com-

61 2746 289 2777 memorantem
304 2743 451 2785 audiens,
465 2743 573 2776 lateris
591 2742 703 2775 dolore
719 2742 887 2783 correptus
904 2749 989 2773 sum.

539 2798 603 2831 60.

100 2850 278 2883 Gestabant
293 2850 451 2892 Sybaritae
472 2852 579 2882 vestes
601 2857 642 2880 ex
658 2847 781 2881 Milesia
802 2847 876 2879 lana
893 2846 1058 2879 consectas
1077 2856 1085 2878 ε

61 2905 102 2930 ει
112 2907 177 2940 quo
191 2899 290 2932 etiam
303 2898 453 2931 amicitiae
467 2897 551 2930 inter
563 2896 712 2928 civitates
726 2898 812 2927 natoe
823 2896 911 2934 sunt,
933 2896 970 2925 ut
987 2893 1088 2926 tradit

0 2947 11 2977 j.
62 2944 212 2977 TimaeuS.
232 2947 313 2978 Nam
342 2953 383 2977 ex
404 2943 525 2977 Italicis
549 2942 677 2984 populis
699 2943 855 2974 Etruscos
876 2941 1085 2979 amaverunt,

0 2995 4 3006 ’·
63 2993 268 3024 externorum
285 2994 401 3031 Ionas,
423 2999 462 3023 eo
477 2990 566 3031 quod
585 2989 677 3022 luxui
700 2989 800 3022 dediti
814 2989 934 3020 essent.
953 2987 1087 3028 Equites

0 3031 9 3075 l
62 3037 280 3079 Sybaritarum
293 3062 303 3079 ‚
332 3047 466 3070 numero
492 3046 590 3078 supra
607 3036 780 3078 quinquies
808 3035 896 3067 mille
909 3057 918 3073 ,
936 3042 1087 3075 pompam

0 3086 7 3128 ζ
62 3087 190 3127 agentes
204 3085 497 3118 transvehebantur
512 3093 642 3116 croceas
664 3087 772 3116 vestes
788 3091 885 3124 super
900 3080 1087 3113 thoracibus

0 3131 3 3136 ⁷
62 3131 177 3165 induti.
185 3132 309 3165 AEstivo
320 3135 465 3174 tempore
476 3131 619 3173 juniores
629 3131 663 3162 in
669 3131 893 3172 Nympharum
908 3128 1027 3161 Lusiad
1033 3137 1087 3159 um

11 3221 13 3226 A
63 3180 154 3212 antra
169 3179 368 3219 secedentes,
382 3180 417 3211 in
434 3178 523 3211 omni
543 3178 682 3211 luxuriae
700 3187 814 3219 genere
829 3177 930 3209 vitam
950 3177 995 3208 ibi
1017 3184 1087 3216 age·

8 3266 11 3271 ,
62 3223 150 3259 bant.
163 3226 301 3260 Ditiores
315 3226 444 3268 quando
451 3225 644 3258 rusticatum
657 3225 759 3265 ibant,
772 3224 923 3260 vehiculo
934 3223 1007 3255 licet
1019 3231 1088 3263 pro-

64 3271 240 3306 ficiscentes
253 3297 262 3314 ‚
279 3275 387 3308 tamen
402 3273 500 3305 unius
521 3272 587 3304 diei
609 3273 672 3304 iter
688 3271 819 3304 nonnisi
842 3271 926 3302 intra
942 3269 1086 3300 triduum

64 3319 284 3352 conficiebant.
299 3321 399 3351 Erant
410 3328 487 3351 vero
505 3319 602 3351 etiam
618 3319 745 3351 viarum
763 3318 940 3357 nonnullae,
960 3325 1034 3357 quae
1045 3316 1086 3347 ad

17 3395 19 3398 ⁴
65 3367 157 3401 villas
172 3367 342 3408 ducebant,
358 3375 495 3409 superne
509 3368 614 3399 tectae.
629 3366 776 3407 Plerique
789 3374 829 3398 ex
847 3364 975 3397 civibus
991 3363 1086 3395 cellas

1140 614 1262 651 χουσιν
1276 602 1414 646 οἰνῶνες
1430 602 1530 655 ἐγγὺς
1546 608 1608 652 τῆς
1625 605 1819 655 θαλάσσης·
1838 609 1884 651 εἷς
1897 606 1953 651 οὒς
1974 608 2017 646 δι’
2035 610 2169 661 ὀχετῶν

1140 660 1210 697 τῶν
1231 659 1332 699 οἴνων
1353 662 1394 699 ἐκ
1406 664 1476 701 τῶν
1495 663 1610 718 ἄγρων
1630 666 1840 719 ἀφειμένων,
1857 666 1916 706 τὸν
1935 666 1998 718 μὲν
2021 666 2087 713 ἔξω
2108 671 2170 716 τῆς

1140 717 1259 772 χώρας
1280 720 1559 774 πιπράσκεσθαι,
1572 723 1630 762 τὸν
1647 724 1683 763 δὲ
1697 727 1743 769 εἷς
1758 725 1822 773 τὴν
1835 725 1936 765 πόλιν
1955 732 2026 771 τοῖς
2040 727 2172 771 πλοίοις

1141 778 1402 829 διακομίζεσθαι
1422 781 1522 834 (φησὶ
1544 796 1595 821 sc.
1620 784 1808 836 Timaeus.)
1836 787 2026 824 Ποιοῦνται
2046 785 2083 825 δὲ
2110 786 2171 825 καὶ

1141 836 1296 890 δημοσίᾳ
1311 837 1444 882 πολλὰς
1459 839 1519 877 καὶ
1536 839 1670 884 πυκνὰς
1689 842 1877 891 ἑστιάσεις,
1897 844 1957 882 καὶ
1976 843 2055 889 τοὺς
2074 847 2171 896 λαμ-

1140 897 1236 949 πρῶς
1253 897 1544 950 φιλοτιμηθέντας
1558 906 1700 952 χρυσοῖς
1720 902 1900 954 στεφάνοις
1921 906 2070 954 τιμῶσιν
2083 920 2091 928 ·
2112 904 2171 942 καὶ

1139 953 1283 999 τούτους
1298 955 1599 1010 ἀνακηρύττουσιν
1620 960 1655 997 ἐν
1673 965 1749 1003 ταῖς
1766 961 1949 1012 δημοσίαις
1967 962 2099 1006 θυσίαις
2112 964 2171 1001 καὶ

1140 1019 1211 1058 τοῖς
1228 1015 1341 1066 ἀγῶσι
1359 1015 1679 1070 προσκηρύττοντες
1694 1020 1756 1056 οὐκ
1769 1018 1917 1069 εὔνοιαν,
1934 1020 2025 1059 ἀλλὰ
2042 1021 2107 1069 τὴν
2127 1023 2172 1065 εἷς

1141 1071 1187 1112 τὰ
1212 1073 1335 1112 δεῖπνα
1363 1075 1554 1129 χορηγίαν·
1575 1077 1609 1115 ἐν
1633 1072 1683 1121 οἷς
1703 1082 1953 1132 στεφανοῦσθαι
1990 1080 2091 1134 (φησὶ
2120 1095 2167 1120 se.

1141 1133 1321 1185 Timaeus)
1337 1135 1396 1172 καὶ
1422 1136 1491 1172 τῶν
1516 1136 1692 1189 μαγείρων
1713 1139 1791 1180 τοὺς
1806 1139 1931 1191 ἄριστα
1951 1137 1996 1176 τὰ
2015 1155 2172 1192 παρατε-

1141 1191 1245 1231 θέντα
1261 1193 1568 1238 διασκευάσαντας.
1588 1195 1696 1249 Παρὰ
1715 1195 1928 1248 Συὸαρίταις
1942 1197 1970 1235 δ’
1984 1198 2172 1245 εὑρέθησαν

1141 1251 1201 1290 καὶ
1223 1250 1366 1302 πύελοι,
1386 1254 1421 1291 ἐν
1444 1247 1497 1297 αἷς
1517 1254 1764 1306 κατακείμενοι
1791 1256 1996 1308 ἐπυριῶντο.
2036 1259 2174 1310 Πρῶτοι

1143 1312 1180 1349 δὲ
1196 1309 1257 1349 καὶ
1274 1311 1401 1363 ἀμίδας
1416 1312 1567 1365 ἐξεῦρον,
1588 1314 1627 1357 ἃς
1651 1313 1828 1368 εἰσέφερον
1853 1316 1899 1355 εἷς
1921 1315 1967 1352 τὰ
1981 1315 2174 1367 συμπόσια.

1142 1370 1415 1422 Καταγελῶντες
1438 1370 1474 1410 δὲ
1502 1374 1572 1410 τῶν
1596 1372 1873 1424 ἀποδημούντων
1891 1375 1933 1412 ἐκ
1951 1376 2021 1412 τῶν
2045 1375 2175 1426 πατρί-

1143 1428 1225 1477 δων,
1246 1428 1343 1466 αὐτοὶ
1362 1430 1592 1481 ἐσεμνύνοντο
1608 1432 1666 1469 ἐπὶ
1687 1434 1738 1485 τῷ
1759 1429 1997 1485 γεγηρακέναι
2023 1432 2079 1471 ἐπὶ
2098 1439 2175 1476 ταῖς

1141 1488 1211 1525 τῶν
1233 1490 1404 1539 ποταμῶν
1425 1487 1601 1544 γεφύραις.
1627 1492 1732 1530 Δοκεῖ
1753 1490 1790 1529 δὲ
1816 1489 1907 1542 μετὰ
1928 1493 1991 1538 τῆς
2010 1492 2175 1544 εὖδαιμοκ

1142 1545 1215 1590 νίας
1235 1547 1348 1585 αὒτῶν
1370 1541 1460 1586 εἶναι
1482 1547 1504 1586 δ’
1519 1565 1556 1587 τε
1585 1552 1647 1596 τῆς
1667 1548 1804 1605 χώρας,
1833 1548 2000 1601 ἀλιμένου
2025 1553 2089 1598 τῆς
2109 1553 2175 1589 θα-

1142 1604 1276 1653 λάσσης
1294 1606 1541 1661 παρηκούσης,
1564 1608 1624 1646 καὶ
1648 1610 1718 1647 τῶν
1739 1611 1884 1663 καρπῶν
1908 1608 2032 1661 σχεδὸν
2060 1609 2173 1649 ἁπάν-

1146 1679 1213 1702 των
1235 1663 1301 1703 ὑπὸ
1331 1667 1400 1704 τῶν
1426 1667 1585 1705 πολιτῶν
1611 1668 1983 1720 καταναλισκομένων,
2005 1668 2026 1707 ὅ
2048 1684 2087 1707 τε
2115 1671 2176 1717 τῆς

1142 1722 1275 1767 πόλεως
1298 1722 1403 1768 τόπος
1415 1725 1475 1763 καὶ
1492 1727 1510 1763 ὃ
1525 1724 1624 1778 παρὰ
1643 1729 1704 1764 τοῦ
1721 1729 1799 1765 θεοῦ
1815 1726 2172 1781 χρησμὸςσυμπαρο-

1159 1785 1237 1820 ῦναι
1257 1782 1392 1823 πάντας
1409 1784 1643 1837 ἐκτρυφῆσαι,
1669 1783 1732 1823 καὶ
1746 1788 1897 1835 ποιῆσαι
1909 1787 2014 1832 ζῆσαι
2032 1783 2121 1837 ὑπὲρ
2137 1783 2176 1822 τὸ

1143 1839 1270 1894 μέτρον
1290 1841 1541 1894 ἐκλελυμένως.
1561 1843 1606 1882 Ἡ
1629 1842 1665 1882 δὲ
1681 1843 1782 1886 πόλις
1801 1845 1915 1882 αὐτῶν
1931 1845 1964 1882 ἐν
1986 1842 2094 1896 κοίλῳ
2107 1858 2176 1880 κει-

1143 1899 1257 1949 μένη,
1276 1905 1336 1939 τοῦ
1368 1901 1431 1952 μὲν
1453 1902 1590 1955 θέρους,
1621 1901 1725 1941 ἕωθέν
1755 1918 1792 1942 τε
1819 1905 1880 1941 καὶ
1907 1902 1992 1957 πρὸς
2023 1903 2171 1955 ἑσπέραν

1143 1957 1254 2012 ψύχος
1282 1960 1502 2014 ὑπερὸάλλον
1535 1961 1610 2014 ἔχει
1627 1993 1638 2013 ,
1670 1962 1710 2000 τὸ
1742 1962 1779 2000 δὲ
1809 1960 1916 2012 μέσον
1948 1963 2009 2008 τῆς
2042 1961 2173 2011 ἡμέρας

1144 2021 1265 2070 καῦμα
1285 2018 1493 2058 ἀνύποιστον
1504 2035 1513 2044 ·
1536 2019 1627 2059 ὥστε
1643 2019 1722 2064 τοὺς
1736 2020 1919 2063 πλείστους
1936 2021 2049 2058 αὐτῶν
2075 2021 2177 2057 ὑπευ-

1143 2076 1294 2130 ληφέναι
1321 2077 1406 2128 πρὸς
1426 2079 1558 2130 ὑγίειαν
1588 2080 1764 2133 διαφέρειν
1779 2078 1857 2124 τοὺς
1876 2078 2071 2130 ποταμούς·
2101 2076 2176 2116 ὅθεν

1141 2220 1283 2253 vinarias
1303 2221 1424 2254 habent
1445 2231 1545 2265 prope
1560 2231 1666 2263 mare,
1688 2222 1723 2254 in
1739 2232 1821 2264 quas
1842 2224 1897 2264 per
1919 2222 2047 2255 canales
2063 2222 2177 2254 vinum

1141 2278 1182 2301 ex
1197 2269 1282 2310 agris
1297 2269 1481 2310 devehitur;
1497 2270 1586 2311 quod
1598 2270 1713 2302 deinde
1725 2271 1843 2312 partim
1860 2270 2000 2302 externis
2011 2269 2175 2306 venditur,

1144 2315 1260 2358 partim
1282 2316 1443 2349 naviculis
1468 2316 1503 2349 in
1518 2317 1632 2349 urbem
1659 2320 1891 2358 comportatur.
1910 2317 2080 2349 Celebrant
2100 2324 2177 2347 vero

1142 2363 1241 2396 etiam
1260 2363 1389 2404 publice
1405 2364 1510 2396 multa
1526 2367 1625 2406 atque
1647 2365 1828 2406 frequentia
1843 2366 1938 2407 epula
1954 2375 1962 2396 ε
1976 2373 2115 2405 quorum
2135 2363 2175 2394 ad

1143 2411 1360 2444 celebritatem
1374 2412 1431 2453 qui
1445 2412 1612 2454 splendide
1624 2413 1806 2449 conserunt,
1821 2413 1882 2444 hos
1896 2411 2001 2444 aureis
2018 2411 2175 2442 honorant.

1143 2459 1284 2497 coronis,
1300 2462 1333 2492 et
1345 2459 1475 2501 publice
1487 2469 1543 2492 eos
1560 2460 1750 2493 renunciant
1761 2460 1795 2492 in
1808 2459 1995 2492 solennibus
2009 2457 2174 2490 sacrificiis

1142 2508 1174 2538 et
1185 2506 1390 2547 spectaculis,
1400 2516 1467 2539 non
1479 2516 1592 2540 eorum
1604 2507 1639 2539 in
1652 2507 1818 2540 civitatem
1831 2505 2086 2539 benevolentiam
2099 2512 2174 2544 prae-

1143 2554 1308 2594 dicantes,
1325 2555 1383 2587 sed
1399 2564 1535 2587 munera
1561 2555 1594 2586 in
1610 2563 1720 2587 coenas
1735 2554 1890 2586 collocata
1908 2562 1915 2584 :
1933 2552 2050 2593 quibus
2068 2552 2100 2583 in
2115 2559 2175 2582 coe-

1144 2601 1196 2633 nis
1213 2601 1312 2633 etiam
1342 2611 1466 2643 coquos
1489 2602 1550 2642 (ait
1571 2601 1728 2641 Timaeus)
1754 2600 1900 2632 coronari
1926 2599 2054 2638 solitos,
2068 2598 2095 2630 si
2117 2598 2174 2638 qui

1144 2648 1235 2680 cibos
1260 2649 1427 2690 appositos
1453 2658 1520 2690 prae
1546 2649 1661 2681 ceteris
1698 2648 1853 2680 delicatos
1874 2647 2052 2688 parassent.
2075 2645 2173 2686 Apud

1144 2697 1311 2738 Sybaritas
1327 2697 1423 2729 etiam
1437 2697 1579 2729 inventae
1593 2698 1670 2728 sunt
1683 2695 1781 2734 cellae,
1801 2696 1833 2725 in
1847 2693 1966 2734 quihus
1980 2692 2162 2724 decumben

1144 2749 1192 2778 tes
1202 2746 1307 2778 calido
1316 2753 1435 2785 vapore
1447 2743 1569 2785 perfusi
1582 2742 1753 2775 sudabant.
1764 2740 1958 2773 Matularum
1970 2739 2046 2771 item
2060 2738 2093 2770 in
2100 2746 2173 2770 con-

1144 2795 1233 2827 vivia
1248 2793 1484 2826 inserendarum
1495 2792 1591 2833 primi
1604 2793 1752 2823 auctores
1766 2789 1863 2820 fuere.
1877 2787 1992 2824 Iidem,
2003 2786 2173 2819 irridentes

1144 2841 1216 2873 illos
1232 2841 1290 2882 qui
1308 2840 1417 2872 relicta
1435 2839 1538 2881 patria
1553 2838 1587 2869 in
1605 2839 1731 2870 exteras
1750 2834 1894 2874 regiones
1910 2832 2173 2874 proficiscuntur,

1144 2889 1271 2929 gloriari
1287 2887 1434 2920 solebant
1445 2910 1453 2925 ,
1469 2886 1558 2926 quod
1571 2893 1668 2925 super
1682 2881 1854 2914 fluviorum
1869 2889 2002 2913 suorum
2018 2880 2174 2922 pontibus

1145 2935 1402 2968 consenuissent.
1418 2932 1555 2965 Videtur
1569 2934 1677 2963 autem
1693 2931 1810 2970 praeter
1831 2927 2030 2969 opulentiam
2046 2927 2173 2968 Sybari-

1144 2984 1252 3015 tarum
1267 2983 1337 3023 ipsa
1355 2980 1441 3021 regio
1453 2980 1539 3020 (quae
1554 2986 1636 3018 quos
1653 2977 1778 3008 fructus
1793 2974 1905 3016 gignit,
1923 2975 1956 3006 hi
1970 2974 2035 3006 sere
2045 2982 2171 3015 omnes,

1144 3030 1299 3071 quoniam
1312 3029 1549 3068 importuosum
1565 3032 1652 3056 mare
1661 3025 1710 3056 est
1717 3023 1804 3064 quod
1816 3022 1937 3063 regioni
1949 3021 2171 3063 praetenditur,

1145 3078 1186 3109 ab
1199 3077 1277 3118 ipsis
1293 3075 1420 3107 civibus
1439 3071 1703 3111 consumuntur),
1719 3070 1838 3111 partim
1851 3069 1949 3102 etiam
1967 3068 2051 3101 situs
2069 3068 2170 3107 urbis,

1144 3125 1262 3166 partim
1277 3121 1399 3155 oraculi
1415 3128 1620 3161 responsum,
1634 3118 1676 3150 ad
1692 3116 1860 3149 mollitiem
1877 3124 1990 3148 omnes
2004 3115 2172 3154 invitasse,

1145 3171 1323 3211 fecisseque
1334 3170 1369 3201 ut
1379 3168 1481 3199 vitam
1496 3174 1594 3207 supra
1604 3164 1739 3197 modum
1746 3163 1938 3197 dissolutam
1948 3162 2169 3203 sequerentur.

1145 3218 1273 3251 scilicet
1288 3216 1366 3249 urbs
1389 3223 1518 3254 eorum,
1537 3214 1570 3245 in
1586 3221 1666 3245 cavo
1687 3212 1760 3252 sita,
1778 3211 1894 3243 aestivo
1912 3213 2056 3252 tempore
2077 3218 2172 3242 mane

1144 3265 1277 3306 quidem
1308 3265 1341 3294 et
1373 3261 1434 3294 sub
1472 3268 1639 3301 vesperam
1668 3258 1878 3290 immodicum
1914 3257 2014 3299 frigus
2049 3257 2146 3289 habet
2160 3281 2169 3297 ,

1144 3312 1252 3345 medio
1289 3318 1367 3342 vero
1392 3309 1445 3341 die
1473 3309 1591 3340 aestum
1625 3305 1856 3339 intolerabilem
1872 3316 1879 3337 :
1902 3314 2002 3346 quare
2030 3303 2172 3345 plerique

1145 3359 1341 3392 arbitrantur
1354 3379 1363 3395 ‚
1389 3355 1430 3387 ad
1454 3355 1626 3387 sanitatem
1642 3353 1819 3395 plurimum
1845 3351 1923 3394 ipsis
1945 3351 2090 3384 conferre
2114 3349 2170 3382 ssu-
