2320 3684
163 218 237 258 408

214 305 491 345 Schoemannus
533 300 719 352 (Antiqq.
756 299 856 350 juris
899 299 1007 351 publ.
1050 302 1190 344 Graec,

162 378 200 414 p.
222 362 320 414 299)
355 369 493 400 monet
530 359 805 399 Philochorum
828 358 1085 410 probabiliter
1110 356 1189 407 jam

161 421 262 460 libro
303 421 417 459 tertio
466 418 702 457 mentionem
754 417 888 456 secisse
938 416 1192 467 nomophyla-

163 494 250 518 cum
267 479 315 517 ab
331 478 506 530 Ephialte
524 477 807 525 institutorum,
826 476 894 515 sed
915 476 1085 514 breviter
1103 483 1191 512 tan-

164 537 376 583 tummodo,
391 545 432 573 ut
452 536 500 573 de
514 535 738 586 magistratu
751 536 819 586 qui
835 549 927 574 mox
940 536 1106 574 abolitus
1118 534 1193 572 fue-

163 597 231 642 rit3
256 595 414 645 copiose
433 607 525 632 vero
545 593 593 631 de
608 593 654 631 iis
668 594 708 631 in
729 593 951 632 universum
979 593 1192 644 disputasse

164 654 264 691 libro
281 653 444 704 septimo
457 683 467 701 ,
490 666 609 703 quum
628 651 675 689 de
694 653 889 691 Demetrio
907 652 1090 691 Phalereo
1107 664 1209 688 nar-¹

164 721 267 751 raret
284 728 292 750 ε
307 712 525 750 Boeckhium
543 711 661 762 igitur
676 709 746 761 (De
757 711 932 749 Philoch.
949 725 987 762 p.
1011 710 1074 757 25,
1093 707 1193 759 sqq.)

165 786 243 809 non
273 771 450 809 debuisse
483 770 531 808 de
565 770 639 807 hoc
675 770 900 821 magistratu
932 769 979 806 ab
1014 767 1193 819 Ephialte

165 830 341 868 instituto
364 829 416 866 ob
441 841 524 866 eam
550 828 740 866 rationem
755 827 953 875 dubitare,
976 826 1081 877 quod
1099 825 1191 863 Phi-

166 889 348 926 lochorus
366 887 414 925 de
428 901 475 925 eo
502 887 666 938 septimo
686 886 839 925 demum
854 886 956 924 libro
971 885 1193 936 exposuisse

167 946 330 985 dicatur.

640 1003 728 1041 142.

221 1072 470 1120 Harpocrat.:
493 1067 740 1115 Ἀποστολεῖς,
770 1068 803 1105 οἱ
838 1066 896 1105 ἐπὶ
923 1069 985 1113 τῆς
1010 1067 1195 1117 ἐκπομπῆς

168 1130 238 1166 τῶν
258 1127 408 1181 τριήρων
429 1125 725 1179 ἀποδεδειγμένοι.
743 1124 970 1178 Δημοσθένης
1037 1124 1097 1163 καὶ
1116 1126 1193 1164 Φι-

168 1185 315 1237 λόχορος
339 1187 374 1224 ἐν
394 1188 437 1238 τῇ
457 1184 602 1237 ἑὸδόμῃ.
642 1243 714 1281 143

223 1310 359 1347 Athen.
374 1312 447 1357 VI,
470 1323 510 1346 11
525 1339 535 1358 ,
554 1322 593 1360 p.
614 1308 702 1356 245,
723 1311 751 1346 C
768 1321 776 1344 :
797 1305 996 1360 Φιλόχορος
1011 1307 1046 1344 ἐν
1064 1304 1196 1358 ἐὸδόμῃ
1220 1342 1228 1356 Ι

170 1367 321 1410 Ἀτθίδος
333 1397 342 1414 ,
362 1369 432 1406 «Οἳ
450 1366 718 1418 γυναικονόμοι,
738 1365 847 1419 φησὶ,
874 1367 963 1416 μετὰ
987 1367 1056 1403 τῶν
1079 1364 1198 1418 Ἀρεο-

171 1428 327 1478 παγιτῶν
346 1425 514 1464 ἐσκόπουν
532 1425 594 1468 τὰς
611 1426 645 1463 ἐν
667 1430 742 1468 ταῖς
758 1424 881 1468 οἰκίαις
901 1423 1082 1474 συνόδους,
1103 1423 1138 1463 ἔν
1161 1440 1199 1462 τε

171 1491 241 1528 τοῖς
257 1485 384 1536 γάμοις
399 1484 459 1522 καὶ
472 1490 547 1527 ταῖς
563 1483 685 1526 ἄλλαις
701 1482 872 1526 θυσίαις.»

629 1570 755 1581 ⁴0⁸——

537 1614 689 1652 LIBER
717 1613 824 1653 VIII.

224 1680 334 1719 Libri
351 1679 500 1727 octavi,
519 1679 585 1729 qui
604 1678 793 1729 incepisse
806 1678 961 1716 videtur
979 1678 1027 1716 ab
1043 1679 1199 1731 Olymp.

173 1743 338 1787 CXVII,
355 1754 398 1786 2,
419 1739 603 1776 terminus
618 1738 689 1775 fuit
715 1738 869 1788 Olymp.
886 1740 1071 1787 CXVIII,
1095 1753 1135 1788 2,
1159 1749 1203 1778 ut

173 1807 333 1851 apparet
352 1812 397 1836 ex
413 1798 459 1836 fr.
484 1803 571 1842 144.
894 1850 906 1856 -

402 1857 488 1895 144.
519 1857 690 1907 [Olymp.
716 1858 903 1905 CXVIII,
925 1858 978 1906 2.]

227 1917 387 1967 Dionys.
405 1917 492 1954 Hal.
515 1924 541 1955 t.
564 1929 585 1952 2
600 1945 610 1963 ,
634 1928 672 1965 p.
702 1916 787 1961 113,
817 1915 1055 1953 Dinarchum
1075 1925 1204 1955 narrat

174 1976 405 2016 Anaxicrate
419 1975 622 2022 archonte,
639 1973 711 2011 sub
729 1987 805 2024 quo
823 1975 1042 2025 Antigonus
1062 1984 1100 2013 et
1124 1979 1204 2014 De-

175 2036 334 2073 metrius
344 2033 545 2073 Cassandri
560 2032 780 2084 praesidium
790 2033 946 2071 Athenis
958 2035 1203 2084 expulerunt,

176 2102 394 2132 accusatum
427 2106 528 2140 esse,
565 2091 630 2129 sed
661 2105 739 2128 non
777 2105 911 2129 ausum
944 2092 984 2129 in
1013 2092 1204 2142 judicium

177 2153 309 2190 venire
334 2152 374 2189 in
397 2151 578 2189 Euboeam
602 2150 843 2198 discessisse3
875 2151 965 2188 inde
984 2151 1203 2201 quindecim

177 2211 285 2248 annis
304 2218 392 2261 post
411 2210 579 2248 Athenas
605 2207 760 2247 rediisse
783 2218 821 2247 et
850 2222 873 2247 a
901 2213 1077 2247 Proxeno
1094 2223 1203 2247 rece-

177 2277 288 2319 ptum
300 2282 394 2316 esse,
410 2268 475 2306 sed
486 2281 604 2319 quum
622 2281 755 2305 aurum
769 2267 1011 2319 perdidisset,
1027 2271 1203 2306 Proxeno

178 2329 415 2379 negligenter
449 2328 524 2366 hoc
556 2328 740 2378 quaerenti
773 2328 962 2365 actionem
989 2327 1037 2365 de
1068 2328 1204 2365 amissa

179 2387 343 2437 pecunia
362 2387 580 2424 intendisse.
601 2390 700 2423 Tum
717 2387 864 2437 pergit:
883 2380 996 2429 Οὗτος
1015 2384 1078 2436 μὲν
1100 2387 1118 2423 ὁ
1134 2384 1205 2436 βίος

182 2443 324 2497 τάνδρός
340 2460 348 2468 ·
369 2444 612 2483 ἀποδείκνυται
632 2445 661 2482 δ’
682 2443 827 2482 ἕκαστον
858 2445 971 2482 αὐτῶν
1002 2443 1040 2481 ἔκ
1073 2459 1111 2481 τε
1134 2445 1202 2481 τῶν

652 2593 738 2625 142.

223 2655 425 2692 Ἆποστολεῖς,
446 2652 503 2694 qui
536 2652 577 2684 ad
609 2652 815 2684 emissionem
842 2652 1023 2684 triremium
1049 2651 1207 2692 designati

183 2703 270 2733 sunt.
285 2701 517 2733 Demosthenes
530 2701 563 2732 et
577 2699 789 2731 Philochorus
802 2699 882 2730 libro
898 2699 1046 2740 septimo.

652 2760 738 2792 143.

223 2817 438 2849 Philochorus
462 2816 546 2848 libro
564 2817 702 2858 septimo
722 2815 885 2848 Atthidis:
907 2828 922 2843 «
949 2813 1182 2856 Gynaeconomi
1197 2837 1206 2854 ‚

184 2864 248 2903 ait,
266 2873 340 2895 cum
362 2863 561 2904 Areopagitis
588 2863 802 2905 inspiciebant
823 2862 974 2895 convivia
999 2863 1032 2894 in
1055 2861 1206 2893 domibus

186 2911 345 2950 instituta,
360 2919 462 2951 quum
479 2911 514 2942 in
528 2910 662 2951 nuptiis,
678 2914 746 2942 tum
763 2910 797 2942 in
814 2909 885 2941 aliis
903 2909 1003 2941 sacris
1016 2908 1131 2948 epulis.
1142 2921 1157 2935 »

555 2991 707 3059 LIB—ER
728 3021 835 3061 v111.

655 3085 739 3117 144.

228 3139 305 3168 haec
315 3137 465 3168 Dinarchi
474 3137 547 3169 vitae
557 3138 638 3168 ratio
648 3137 664 3168 f
664 3138 725 3168 uit:
737 3146 811 3178 quae
820 3146 859 3169 ex
867 3137 1016 3169 Historiis
1025 3137 1207 3168 Philochori

188 3183 354 3223 depromta
370 3186 446 3215 sunt
458 3207 466 3223 ‚
487 3187 572 3216 etex
587 3184 628 3215 iis
647 3193 721 3225 quae
736 3184 805 3225 ipse
819 3183 859 3216 de
874 3193 908 3216 se
927 3185 960 3215 in
977 3183 1120 3215 oratione
1135 3192 1208 3214 con-

188 3233 237 3261 tra
250 3232 432 3262 Proxenum
455 3231 593 3271 scripsit.
668 3232 879 3263 Philochorus
895 3240 972 3263 vero
998 3232 1028 3262 in
1056 3230 1207 3263 Historiis

189 3276 304 3308 Atticis
326 3277 365 3308 de
391 3278 504 3309 eodem
520 3278 614 3309 exilio
630 3287 741 3310 eorum
764 3279 819 3318 qui
840 3278 991 3319 populum
1021 3278 1061 3310 ad
1080 3278 1206 3310 seditio-

188 3331 263 3354 nem
280 3327 531 3362 commoverant,
545 3325 648 3365 deque
661 3334 773 3357 eornm
789 3325 894 3357 reditu
904 3349 912 3364 ,
931 3327 1001 3357 haec
1015 3333 1209 3356 commemo-

189 3376 239 3401 rat
256 3382 262 3398 ι
280 3382 295 3397 «
312 3370 502 3402 Anaxicrate
534 3371 620 3402 enim
645 3373 813 3410 archonte,
832 3372 937 3412 primo
959 3372 1080 3412 impetu
1103 3374 1207 3412 Mega-

190 3417 330 3450 rensium
358 3417 469 3448 civitas
499 3419 592 3458 capta
617 3421 665 3450 est
691 3428 699 3449 ε
723 3418 904 3450 Demetrius
936 3420 1042 3450 autem
1074 3420 1199 3459 Megara

874 209 1198 251 PHILOCHORI
1226 207 1558 249 FRAGMENTA.

1249 296 1410 350 ἱστοριῶν
1423 299 1492 336 τῶν
1512 299 1734 350 Φιλοχόρου,
1762 297 1822 335 καὶ
1839 297 1872 343 ἐξ
1886 291 1933 336 ὧν
1949 298 2050 343 αὐτὸς
2068 299 2148 353 περὶ
2162 302 2268 341 αὑτοῦ

1251 353 1463 408 συνέγραψεν
1483 356 1518 394 ἐν
1537 358 1587 409 τῷ
1602 355 1695 409 λόγῳ
1708 358 1758 409 τῷ
1777 355 1868 395 κατὰ
1888 356 2075 411 Προξένου.
2153 359 2270 399 Φιλό-

1249 427 1353 466 χορος
1374 412 1411 452 δὲ
1427 415 1462 452 ἐν
1475 420 1551 458 ταῖς
1571 414 1742 459 Ἀττικαῖς
1757 415 1923 469 ἱστορίαις
1942 417 2021 470 περί
2037 433 2076 456 τε
2091 421 2153 466 τῆς
2165 421 2272 467 αὐτῆς

1250 474 1319 510 τῶν
1342 472 1566 512 καλεσάντων
1595 473 1654 512 τὸν
1684 475 1808 525 δῆμον,
1837 474 1897 512 καὶ
1921 475 2000 528 περὶ
2028 479 2091 522 τῆς
2124 477 2271 516 καθόδου

1250 531 1356 570 πάλιν
1373 531 1482 576 οὕτως
1498 531 1611 585 λέγει·
1641 535 1742 571 «Τοῦ
1765 532 1832 585 γὰρ
1853 532 2112 588 Ἀναξικράτους
2141 534 2273 589 ἄρχον-

1251 606 1307 634 τος
1325 590 1404 629 εὐθὺ
1426 590 1489 643 μὲν
1509 594 1531 639 ἡ
1554 593 1623 630 τῶν
1641 591 1832 645 Μεγαρέων
1852 591 1951 636 πόλις
1969 593 2062 631 ἑάλω
2074 609 2082 617 ·
2106 597 2125 632 ὁ
2141 594 2178 632 δὲ
2196 597 2275 642 Δη-

1252 649 1396 702 μήτριος
1407 680 1418 698 ,
1434 652 1452 688 ὃ
1467 649 1642 689 κατελθὼν
1658 651 1697 688 ἐκ
1713 652 1782 689 τῶν
1801 650 1988 704 Μεγάρων,
2005 652 2276 697 κατεσκευάζετο

1251 706 1295 746 τὰ
1314 707 1398 760 πρὸς
1416 707 1480 755 τὴν
1502 708 1722 760 Μουνυχίαν,
1750 709 1810 748 καὶ
1835 708 1880 747 τὰ
1908 709 2009 763 τείχη
2046 710 2278 764 κατασκάψας

1253 765 1411 805 ἀπέδωκε
1427 769 1477 819 τῷ
1492 766 1606 820 δήμῳ.
1624 764 1794 822 ’Ύστερον
1812 767 1848 806 δὲ
1866 767 2140 819 εἰσηγγέλθησαν
2153 769 2277 808 πολλοὶ

1250 826 1418 874 πολιτῶν,
1438 826 1473 863 ἐν
1499 820 1548 869 οἷς
1569 825 1629 863 καὶ
1648 827 1851 879 Δημήτριος
1870 829 1888 865 ὁ
1909 826 2109 880 Φαληρεύς.
2134 828 2216 866 Τῶν
2241 827 2280 867 δὲ

1252 882 1555 936 εἰσαγγελθέντων,
1571 883 1651 928 τοὺς
1671 884 1733 935 μὲν
1753 886 1820 937 οὐχ
1843 884 2099 936 ὑπομείναντας
2116 884 2180 933 τὴν
2201 885 2279 940 κρί-

1253 957 1320 990 σιν,
1341 940 1600 980 ἐνεθανάτωσαν
1625 946 1668 995 τῇ
1689 942 1812 996 ψήφῳ,
1832 941 1912 986 τοὺς
1937 943 1966 980 δ’
1989 942 2279 991 ὑπακούσαντας,

1253 1000 1463 1040 ἀπέλυσαν.»
1495 1003 1621 1041 Ταῦτα
1637 1001 1698 1053 μὲν
1719 995 1777 1040 οῦν
1796 1004 1858 1048 τῆς
1875 1000 2012 1053 ὀγδόης.

1307 1063 1382 1098 Pro
1401 1059 1481 1113 περί
1493 1075 1532 1098 τε
1549 1062 1611 1106 τῆς
1628 1061 1735 1106 αὐτῆς
1747 1061 1816 1098 τῶν
1836 1060 2059 1098 καλεσάντων
2084 1059 2143 1098 τὸν
2171 1061 2281 1112 δῆμον

1254 1118 1478 1170 Sylburgius
1500 1118 1600 1156 bene
1617 1119 1772 1170 scripsit
1811 1118 1892 1171 περί
1916 1134 1955 1157 τε
1981 1122 2044 1166 τῆς
2073 1122 2183 1172 φυγῆς
2211 1121 2281 1158 τῶν

1254 1176 1526 1215 καταλυσάντων
1545 1176 1604 1215 τὸν
1628 1177 1751 1228 δῆμον.

1487 1246 1572 1284 145.
1603 1246 1773 1297 [Olymp.
1803 1249 1976 1294 CXVIII,
2005 1248 2058 1299 2.]

1309 1305 1449 1343 Athen.
1472 1307 1557 1351 XV,
1586 1306 1644 1352 ¹6,
1670 1319 1708 1356 p.
1745 1306 1836 1355 697,
1863 1308 1896 1343 A
1912 1320 1921 1342 t
1940 1304 2021 1344 Ἐπ’
2046 1304 2229 1358 Ἀντιγόνῳ
2248 1304 2285 1343 δὲ

1256 1363 1316 1402 καὶ
1330 1363 1524 1417 Δημητρίῳ
1544 1363 1630 1418 φησὶ
1644 1363 1843 1417 Φιλόχορος
1855 1363 2054 1411 Ἀθηναίους
2072 1364 2164 1419 ᾄδειν
2177 1371 2285 1404 παιᾶ-

1257 1438 1330 1471 νας,
1346 1422 1425 1467 τοὺς
1436 1422 1691 1474 πεποιημένους
1705 1423 1771 1461 ὑπὸ
1781 1422 1985 1477 Ἑρμίππου
1995 1427 2056 1462 ,τοῦ
2072 1426 2285 1473 Κυζικηνοῦ,

1259 1480 1460 1534 ἐφαμίλλων
1485 1480 1680 1533 γενομένων
1695 1484 1764 1520 τῶν
1778 1489 1927 1525 παιᾶνας
1951 1484 2172 1532 ποιησάντων
2195 1485 2286 1523 πολ-

1258 1541 1343 1589 λῶν,
1357 1538 1416 1578 καὶ
1435 1544 1494 1579 τοῦ
1514 1539 1751 1594 Ἑρμοκλέους
1766 1540 2022 1594 προκριθέντος.

1711 1621 1830 1632 -οοο-

1652 1663 1806 1702 LIBER
1833 1663 1899 1702 IX.

1314 1730 1429 1768 Liber
1454 1744 1578 1768 nonus
1607 1733 1831 1782 complexus
1847 1741 1904 1771 est
1937 1742 2012 1772 tres
2031 1735 2091 1772 vel
2124 1742 2289 1785 quatuor

1262 1803 1382 1827 annos
1408 1789 1457 1827 ab
1483 1790 1636 1840 Olymp.
1659 1793 1847 1840 CXVIII,
1867 1793 1888 1828 3
1906 1806 2027 1843 usque
2053 1793 2099 1831 ad
2130 1794 2287 1845 Olymp.

1262 1851 1409 1895 CXIX,
1432 1862 1452 1885 2
1473 1849 1533 1885 vel
1561 1849 1717 1900 Olymp.
1749 1852 1894 1897 CXIX,
1929 1853 1970 1899 33
2000 1865 2048 1889 ex
2078 1851 2153 1889 hoc
2188 1853 2289 1890 enim

1262 1906 1365 1944 libro
1377 1906 1604 1955 afferuntur,
1623 1921 1707 1957 quae
1724 1908 1878 1959 Olymp.
1896 1911 2077 1958 CXVIII,
2094 1911 2115 1946 3
2134 1910 2288 1948 accide-

1262 1972 1371 2010 runt3
1389 1965 1539 2002 tertium
1554 1973 1683 2003 autem
1699 1979 1838 2004 annum
1860 1967 2010 2019 Olymp.
2024 1970 2151 2006 CXIX
2173 1968 2219 2006 ad
2238 1969 2288 2006 li—

1263 2022 1376 2060 brum
1409 2023 1599 2061 decimum
1638 2025 1853 2075 pertinere,
1894 2040 1941 2064 ex
1969 2027 2014 2064 fr.
2046 2027 2119 2071 148
2145 2028 2289 2065 clarum

1263 2083 1324 2129 fit,
1346 2081 1413 2119 ubi
1436 2090 1625 2131 narratur,
1644 2084 1884 2121 Demetrium
1902 2086 2155 2124 Poliorcetam
2173 2087 2290 2124 utris-

1263 2153 1338 2190 quc
1352 2141 1541 2190 mysteriis
1559 2141 1752 2179 initiatum
1781 2155 1884 2192 esse,
1902 2143 2008 2194 quod
2023 2144 2089 2182 illo
2108 2157 2211 2182 anno
2230 2146 2287 2183 sa-

1264 2207 1367 2236 ctum
1388 2207 1456 2236 est.

1507 2262 1592 2300 146.
1621 2263 1786 2316 [Olymp.
1803 2266 1980 2315 CXVIII,
1998 2266 2052 2317 3.]

1317 2326 1478 2376 Dionys.
1496 2328 1580 2364 Hal.
1599 2336 1624 2365 t.
1638 2341 1658 2364 2
1670 2358 1680 2376 ‚
1697 2342 1735 2379 p.
1751 2343 1766 2366 1
1778 2331 1822 2367 13
1839 2329 1962 2380 sylb.:
1979 2329 2042 2370 Ἐν
2056 2329 2092 2369 δὲ
2106 2332 2150 2383 τῇ
2165 2330 2287 2384 ἐννάτῃ
2312 2379 2314 2382 y

1263 2385 1349 2439 φησί
1364 2386 1608 2440 (Φιλόχορος)·
1630 2390 1729 2426 «Τοῦ
1750 2389 1780 2427 δ’
1791 2391 1948 2428 ἐνιαυτοῦ
1963 2390 2059 2428 τουδὶ
2082 2389 2286 2443 διελθόντος,

1263 2443 1380 2497 ἑτέρου
1396 2444 1425 2482 δ’
1434 2444 1608 2493 εἰσιόντος,
1620 2447 1655 2484 ἐν
1670 2447 1856 2499 ἀκροπόλει
1870 2454 2014 2499 σημεῖον
2029 2447 2165 2500 ἐγένετο
2178 2451 2290 2488 τοιοῦ-

1268 2595 1417 2618 reversus
1434 2587 1626 2628 praeparavit
1638 2597 1676 2620 ea
1686 2611 1695 2627 ,
1711 2597 1784 2629 quae
1800 2590 1842 2621 ad
1864 2589 2049 2630 Munychiae
2069 2590 2289 2625 defensionem
2303 2603 2318 2623 ..ν

1267 2634 1447 2665 necessaria
1467 2634 1660 2666 videbantur
1688 2644 1696 2666 :
1722 2644 1833 2668 muros
1862 2637 1959 2668 etiam
1993 2636 2134 2678 dejectos
2169 2637 2289 2679 populo
2308 2638 2311 2669 ζ

1266 2679 1415 2712 reddidit.
1434 2680 1568 2712 Plurimi
1582 2681 1697 2714 deinde
1709 2682 1795 2714 cives
1809 2682 1993 2714 denunciati
2005 2685 2093 2722 sunt,
2110 2683 2193 2715 inter
2206 2691 2289 2724 quos

1267 2724 1329 2756 suit
1345 2727 1526 2758 Demetrius
1539 2727 2000 2761 Phalereus.Denunciatorum
2015 2737 2093 2760 vero
2107 2729 2171 2769 alii,
2187 2738 2288 2771 quum

1267 2773 1306 2805 ad
1320 2773 1478 2813 judicium
1505 2775 1615 2807 venire
1625 2784 1688 2807 non
1704 2775 1868 2815 auderent,
1881 2776 2008 2808 decreto
2018 2775 2164 2816 jndicum
2177 2777 2299 2818 capitis

1268 2820 1412 2851 damnati
1426 2822 1514 2860 sunt,
1531 2822 1585 2853 alii
1595 2825 1702 2854 autem
1715 2832 1838 2856 morem
1853 2825 1997 2863 gerentes
2013 2822 2165 2855 absoluti.
2178 2836 2194 2851 ι»
2211 2825 2288 2856 Haec
2308 2847 2310 2849 >

1267 2866 1398 2907 quidem
1414 2867 1496 2899 libro
1511 2870 1638 2900 octavo.

1739 2929 1824 2962 145.

1309 2985 1357 3015 De
1382 2983 1541 3024 Antigono
1556 2984 1652 3024 atque
1674 2985 1835 3016 Demetrio
1859 2985 2068 3017 Philochorus
2085 2985 2148 3025 ait,
2175 2994 2285 3020 eorum

1267 3030 1410 3070 tempore
1426 3030 1636 3062 Athenienses
1655 3039 1768 3063 canere
1786 3039 1914 3071 paeanes
1936 3031 1976 3062 ab
2003 3031 2178 3072 Hermippo
2199 3031 2287 3074 Cyzi-

1268 3084 1347 3108 ceno
1362 3076 1570 3117 compositos,
1587 3076 1699 3108 multis
1714 3077 1853 3117 aemulis,
1868 3077 1924 3118 qui
1939 3086 2067 3119 paeanes
2080 3078 2237 3119 fecerant,
2255 3081 2298 3111 et·

1267 3123 1330 3164 ipsi
1345 3123 1509 3156 Hermocli
1531 3123 1674 3164 praelato.

1651 3240 1800 3278 LIBER
1827 3241 1896 3278 IX.

1739 3308 1756 3341 1
1765 3309 1826 3343 46.

1309 3372 1406 3404 Libro
1432 3381 1517 3404 nono
1545 3372 1643 3404 tradit
1675 3371 1910 3411 (Philochorus)
1940 3372 2010 3403 hoec
2031 3381 2038 3402 :
2063 3383 2078 3398 «
2102 3373 2195 3403 Anno
2217 3369 2277 3403 hoc

1267 3419 1375 3460 elapso
1389 3421 1421 3452 et
1436 3419 1499 3452 alio
1517 3419 1701 3459 inchoante,
1722 3419 1784 3451 tale
1800 3418 1832 3450 in
1849 3427 1920 3451 arce
1937 3417 2118 3459 prodigium
2137 3416 2279 3457 contigit.
