2320 3684
766 151 1006 200 HECATAEI
1033 158 1367 200 FRAGMENTA.

19 267 117 293 σαντι
137 250 264 290 ἑωυτὸν
288 250 348 288 καὶ
373 248 587 297 ἀναδήσαντι
607 249 640 291 ἐς
669 245 916 286 ἑκκαιδέκατον
940 245 1016 284 θεὸν
1031 276 1041 294 ,

17 329 31 345 a
57 307 400 361 ἀντεγενεηλόγησαν
424 307 482 346 ἐπὶ
506 309 551 359 τῇ
573 304 778 359 ἀριθμήσει,
801 305 839 342 οὖ
859 302 1041 354 δεκόμενοι

18 387 33 404 «
57 368 142 422 παρ’
162 370 268 406 αὐτοῦ
295 366 366 406 ἀπὸ
383 370 460 405 θεοῦ
482 363 642 417 γενέσθαι
669 362 852 417 ἄνθρωπον
865 378 874 387 ·
895 364 1040 414 ἀντεγε-

17 446 32 462 «
54 426 273 479 νεηλόγησαν
292 425 330 464 δὲ
343 418 429 473 ὦδε,
445 422 594 477 φάμενοι
610 421 758 461 ἕκαστον
775 423 845 460 τῶν
861 423 1041 460 κολοσσῶν

17 503 34 520 α
58 486 222 540 Πίρωμιν
247 485 288 523 ἐκ
310 482 492 536 Πιρώμιος
513 480 693 534 γεγονέναι
711 511 721 530 ,
743 482 778 525 ἐς
798 479 817 519 ὃ
838 479 919 524 τοὺς
940 478 1046 519 πέντε

17 562 32 577 π
55 547 115 582 καὶ
135 542 390 596 τεσσεράκοντα
407 541 471 580 καὶ
488 539 707 595 τριηκοσίους
722 538 892 584 ἀπέδεξαν
911 539 1042 578 κολοσ-

20 621 36 637 u
62 602 161 652 σοὺς,
180 601 346 655 Πίρωμιν
369 601 409 638 ἐκ
433 599 615 653 Πιρώμιος
631 597 816 651 γενόμενον
837 598 897 637 καὶ
916 596 995 636 οὔτε
1014 597 1048 640 ἐς

18 679 34 697 «
59 660 135 700 θεὸν
144 659 223 699 οὔτε
236 661 270 704 ἐς
279 658 380 712 ἥρωα
391 657 562 705 ἀνέδησαν
575 656 710 701 αὐτούς.
721 675 736 691 »
749 657 912 710 Πίρωμις
923 654 960 694 δέ
970 657 1049 694 ἐστι

18 720 95 759 κατ’
110 717 272 758 Ἑλλάδα
284 719 449 769 γλῶσσαν
465 716 572 761 καλὸς
588 715 751 768 κάγαθός.
767 716 949 755 Narravit
967 715 1048 752 haec

12 777 122 817 >haud
135 776 254 815 dubie
266 779 466 815 Hecataeus
476 777 517 814 in
531 776 794 827 descriptione
808 773 1048 821 Thebarum,

18 851 58 876 se
77 850 196 888 genus
221 850 334 875 suum
356 836 593 874 derivavisse
605 849 627 873 a
639 835 711 873 diis
723 848 793 886 per
812 833 1051 885 quatuorde—

18 897 94 934 cim
117 909 231 944 avos,
256 896 477 934 sacerdotes
497 894 924 946 negavisse,hominem
945 892 1050 943 gigni

18 969 42 994 a
62 955 137 993 deo
159 967 329 1006 suosque
357 957 533 1005 ipsorum
564 966 658 992 avos
694 952 934 998 laudavisse,
953 964 1050 1002 quos

20 1022 213 1053 trecentos
240 1021 279 1052 et
286 1013 500 1064 quadragin
505 1021 543 1103 ta}
550 1013 740 1103 7quinque
750 1011 1048 1050 numeraverint.

75 1123 131 1160 St.
153 1123 196 1158 B.
220 1119 365 1168 Νεῖλος,
383 1117 484 1162 πόλις
509 1117 712 1171 Αἰγύπτου·
739 1116 820 1157 Ἕκ.
843 1114 1052 1171 περιηγήσει

21 1180 138 1227 αὐτῆς.
151 1177 225 1218 Καὶ
239 1177 330 1233 ἱερὸν
350 1177 479 1218 Νείλου
488 1181 673 1269 §.eguit-03.

522 1240 534 1268 Ι
574 1259 583 1268 .

78 1288 208 1324 Nilum
225 1286 387 1335 fluvium
409 1298 459 1322 ex
491 1287 643 1322 Oceano
666 1285 876 1320 derivatam.
897 1295 980 1320 esse
1004 1281 1052 1319 ab

21 1348 200 1384 Hecataeo
213 1373 223 1391 ,
237 1343 483 1382 efficiendum
496 1343 654 1382 videtur
668 1357 689 1381 e
709 1341 943 1393 comparatis
959 1341 1054 1378 locis

22 1403 207 1450 Diodori,
234 1402 427 1442 Herodoti
453 1411 491 1440 et
520 1402 738 1440 scholiastae
771 1401 1053 1451 Argonautico-

24 1475 122 1499 rum.
144 1463 211 1500 Ait
231 1462 335 1501 enim
354 1461 554 1500 Diodorus
572 1463 610 1508 Ι,
635 1462 681 1508 37
702 1475 711 1498 ;
730 1458 853 1503 ”Ολως
878 1457 964 1512 ὑπὲρ
988 1460 1052 1506 τῆς

27 1519 233 1564 ἀναὸάσεως
251 1523 313 1558 τοῦ
330 1519 458 1559 Νείλου
483 1518 624 1558 καὶτῶν
644 1521 788 1570 πηγῶν,
808 1515 911 1556 ἔτιδὲ
929 1520 991 1565 τῆς
1007 1518 1053 1561 εἷς

26 1578 207 1618 θάλασσαν
227 1578 376 1626 ἐκὸολῆς
398 1577 460 1617 καὶ
480 1581 550 1616 τῶν
581 1576 698 1616 ἄλλων
719 1571 766 1615 ὧν
789 1575 864 1629 ἔχει
881 1577 1054 1630 διαφορῶν

24 1635 123 1690 παρὰ
141 1635 221 1681 τοὺς
243 1636 369 1680 ἄλλους
396 1635 576 1687 ποταμοὺς
604 1634 767 1688 μέγιστος
790 1634 838 1673 ὢν
863 1637 932 1673 τῶν
965 1634 1056 1674 κατὰ

23 1694 87 1743 τὴν
101 1694 322 1747 οἰκουμένην,
337 1694 428 1739 τινὲς
445 1693 508 1746 μὲν
522 1697 592 1733 τῶν
610 1693 838 1748 συγγραφέων
856 1694 979 1738 ἁπλῶς
995 1695 1058 1733 οὐκ

24 1753 224 1806 ἐτόλμησαν
256 1753 353 1793 οὐδὲν
384 1755 515 1802 εἰπεῖν,
546 1753 674 1808 καίπερ
702 1752 860 1797 εἰωθότες
888 1752 1056 1805 μηκύνειν

24 1813 132 1852 ἐνίοτε
151 1812 231 1866 περὶ
250 1812 444 1867 χειμάῤῥου
469 1817 529 1851 τοῦ
550 1812 736 1865 τυχόντος,
761 1811 851 1857 τινὲς
875 1812 904 1850 δ’
922 1811 1053 1850 ἐπιδα-

25 1870 166 1923 λόμενοι
199 1870 312 1923 λέγειν
341 1871 421 1926 περὶ
452 1873 522 1910 τῶν
555 1871 837 1923 ἐπιζητουμένων
865 1870 956 1910 πολὺ
992 1873 1055 1918 τῆς

26 1929 190 1977 ἀληθείας
211 1930 417 1984 διήμαρτον.
438 1931 485 1970 Οἱ
501 1929 564 1982 μὲν
584 1929 652 1984 γὰρ
672 1930 753 1985 περὶ
769 1929 828 1969 τὸν
847 1929 1057 1969 Ἑλλάνικον

26 1989 85 2028 καὶ
110 1989 272 2041 Κάδμον,
287 1989 338 2029 ἔτι
358 1989 388 2028 δ’
405 1988 597 2029 Ἑκαταῖον
619 1989 679 2028 καὶ
701 1989 830 2034 πάντες
852 1991 884 2028 οἳ
908 1993 1060 2028 τοιοῦτοι

26 2049 172 2088 παλαιοὶ
189 2049 416 2088 παντάπασιν
430 2048 527 2093 ὄντες
541 2051 589 2093 εἷς
602 2047 665 2093 τὰς
681 2048 850 2101 μυθώδεις
867 2048 1059 2103 ἀποφάσεις

27 2166 167 2198 namque
181 2156 319 2199 quisque
331 2166 481 2189 summus
497 2157 648 2190 sacerdos
666 2157 759 2199 ponit
775 2166 867 2190 suam
881 2157 1056 2198 imaginem

28 2204 108 2236 dum
125 2204 221 2244 vivit;
232 2207 440 2237 numerantes
456 2205 566 2245 itaque
579 2206 613 2237 et
628 2207 846 2237 monstrantes
863 2205 1058 2244 sacerdotes,

29 2250 243 2284 ostendebant
258 2251 339 2283 mihi
355 2260 623 2293 unumquemque
632 2251 734 2284 tilium
750 2252 850 2293 patris
866 2252 975 2294 ipsum
988 2261 1060 2285 esse

29 2307 71 2331 ex
86 2299 226 2339 imagine
238 2299 309 2340 ejus
320 2322 330 2338 ‚
344 2298 400 2339 qui
417 2299 564 2340 proxime
580 2300 666 2331 esset
686 2300 852 2340 mortuus,
869 2299 978 2332 eundo
1000 2309 1057 2341 per

28 2345 185 2387 imagines
197 2354 322 2385 eorum,
335 2345 438 2378 donec
451 2355 566 2378 omnes
581 2346 651 2378 illas
664 2348 890 2387 exposuerant.
908 2348 1060 2379 Hecataeo

29 2391 128 2434 igitur
147 2393 304 2434 originem
319 2401 413 2425 suam
429 2393 609 2426 recensenti
623 2417 633 2434 ‚
651 2395 684 2426 et
703 2393 744 2425 ad
760 2394 1060 2426 sextumdecimum

30 2439 127 2472 deum
142 2440 294 2481 alliganti,
316 2454 330 2468 «
345 2441 560 2473 occurrebant
582 2440 681 2473 simili
701 2441 825 2473 ratione
840 2450 897 2482 per
916 2450 1060 2474 numera-

33 2498 48 2514 ι·
63 2487 196 2527 tionem,
212 2496 278 2519 non
294 2489 501 2521 admittentes
517 2488 562 2527 id,
579 2488 668 2529 quod
683 2488 724 2520 ab
740 2488 795 2520 illo
811 2488 988 2529 dicebatur,
1005 2489 1060 2521 ho-

33 2546 50 2561 «
63 2533 184 2567 minem
209 2536 352 2575 generari
376 2545 394 2568 e
411 2535 482 2568 deo.
511 2535 733 2569 occurrebant
754 2538 862 2568 autem
888 2536 1060 2578 repetenda

30 2581 183 2622 progenie
198 2582 286 2614 hunc
301 2582 335 2615 in
348 2582 483 2615 modum
494 2605 503 2622 ‚
519 2582 663 2615 dicentes
679 2591 945 2625 unumquemque
961 2584 1061 2616 colos-

35 2641 50 2655 «
65 2636 176 2660 sorum
198 2629 299 2663 ruisse
320 2630 466 2663 Piromin
481 2639 522 2662 ex
544 2630 666 2662 Piromi
687 2631 831 2671 genitum
843 2654 853 2671 ‚
873 2631 977 2664 donec
998 2634 1060 2664 tre-

35 2687 51 2702 α
68 2678 178 2708 centos
194 2677 406 2718 quadraginta
421 2677 565 2718 quinque
580 2677 723 2710 colossos
739 2680 1060 2719 commemorassent,

35 2734 51 2750 «ι
65 2722 208 2754 Piromin
224 2731 265 2756 ex
281 2724 403 2757 Piromi
417 2724 622 2766 progenitum
639 2734 646 2756 :
663 2733 784 2766 eosque
806 2726 980 2758 reserentes
1001 2735 1060 2758 nec

35 2781 51 2796 «ι
65 2768 106 2801 ad
124 2770 222 2802 deum
234 2779 294 2803 nec
309 2771 350 2804 ad
367 2772 475 2804 heroa.
490 2784 506 2800 υ
525 2774 585 2804 Est
597 2774 705 2805 autem
721 2772 861 2806 Piromis
877 2774 990 2806 Graeca
1001 2773 1059 2806 lin-

33 2823 95 2856 gua
106 2817 291 2858 expositum
310 2818 466 2851 honestus
481 2820 515 2852 et
529 2818 648 2851 bonus.

75 2909 182 2948 Nilus,
200 2910 279 2943 urbs
291 2912 435 2954 AEgypti‚
458 2912 499 2946 de
512 2921 577 2955 qua
589 2914 667 2946 Hec.
685 2913 718 2945 in
735 2914 904 2955 Periegesi.
919 2917 963 2948 Et
981 2917 1060 2948 tem-

34 2955 123 2998 plum
138 2957 202 2990 Nili
217 2956 320 2990 fluvii.

505 3009 526 3041 2
533 3009 554 3041 7
559 3011 594 3043 8.

75 3056 217 3090 Βὶοάον.
237 3059 309 3090 :De
335 3059 399 3092 Nili
423 3063 595 3101 augmento
622 3063 654 3094 et
677 3060 842 3102 sontibus,
865 3064 999 3104 ejusque
1027 3063 1059 3095 in

35 3110 123 3136 mare
134 3103 265 3137 tandem
278 3114 418 3138 excursu
428 3108 460 3140 et
473 3107 542 3139 aliis
554 3117 629 3149 quae
640 3117 707 3150 prae
719 3109 834 3142 ceteris
847 3110 998 3142 amnibus
1011 3119 1062 3152 pe-

35 3150 196 3182 culiariter
214 3152 276 3183 sibi
298 3153 454 3194 vindicat,
472 3155 541 3195 ipse
562 3157 631 3188 toto
645 3156 724 3188 orbe
739 3156 910 3194 maximus,
927 3158 1061 3198 quidam

35 3197 207 3238 scriptores
222 3198 301 3231 nihil
320 3202 453 3233 omnino
473 3202 579 3235 dicere
595 3204 666 3236 ausi
688 3203 796 3244 suere;
817 3204 857 3236 de
880 3205 998 3245 quovis
1014 3207 1060 3237 ta-

35 3251 111 3276 men
137 3245 280 3278 torrente
306 3247 510 3281 declamitare
535 3249 665 3282 interim
694 3251 791 3283 soliti.
822 3252 962 3289 Quidam
984 3261 1062 3283 vero

35 3291 224 3331 quaestionis
257 3294 505 3334 explicationem
527 3298 693 3338 aggressi,
724 3298 863 3330 multum
886 3308 905 3330 a
927 3299 1063 3331 veritate

36 3337 236 3370 aberrarunt.
251 3341 331 3371 Nam
345 3341 528 3374 Hellanicus
538 3346 570 3375 et
583 3344 739 3384 Cadmus,
753 3347 923 3377 Hecataeus
934 3354 1063 3386 quoque

37 3386 69 3416 et
83 3384 115 3417 id
130 3394 232 3426 genus
248 3387 344 3428 prisci
363 3397 493 3430 omnes,
511 3391 551 3422 ad
574 3391 737 3424 fabulosas
758 3393 951 3425 assertiones
967 3392 1060 3424 decli-

2078 169 2125 202 19

1099 245 1301 285 ἀπέκλιναν.
1329 247 1483 296 Quibus
1512 256 1646 299 postea
1669 248 1856 286 additur:
1882 249 1913 285 οἱ
1947 247 2010 298 μὲν
2045 248 2125 286 κατ’

1101 304 1281 356 Αἴγυπτον
1299 308 1401 358 ἱερεῖς
1417 306 1488 345 ἀπὸ
1502 310 1563 345 τοῦ
1585 306 1824 361 περιρρέοντος
1841 305 1904 354 τὴν
1919 305 2126 358 οἰκουμένην

1100 362 1276 402 Ὠκεανοῦ
1310 364 1413 417 φασὶν
1443 365 1546 404 αὐτὸν
1582 365 1655 417 (τὸν
1692 365 1833 418 Νεῖλον)
1866 364 1929 413 τὴν
1958 363 2127 403 σύστασιν

1099 421 1319 472 λαμὸάνειν,
1350 422 1442 474 ὑγιὲς
1467 423 1564 462 οὐδὲν
1595 424 1767 476 λέγοντες.
1784 447 1833 454 -
1851 424 2038 463 Herodot.
2069 427 2128 471 ΙΙ,

1104 493 1176 527 20,
1203 494 1248 517 21
1272 494 1281 517 ε
1305 479 1489 528 Ἑλλήνων
1520 483 1583 533 μέν
1614 499 1702 527 τινες
1731 482 1901 534 ἐπίσημοι
1927 481 2129 535 βουλόμενοι

1104 537 1265 589 γενέσθαι
1300 539 1423 592 σοφίην
1438 569 1448 587 ,
1484 539 1603 585 ἔλεξαν
1640 542 1720 595 περὶ
1753 547 1814 581 τοῦ
1846 541 1972 586 ὕδατος
2006 539 2130 579 τούτου

1103 596 1287 650 τριφασίας
1305 597 1402 641 ὁδούς
1414 613 1422 622 ·
1439 600 1508 636 τῶν
1526 598 1590 643 τὰς
1606 603 1668 651 μὲν
1685 600 1745 640 δύο
1763 603 1832 639 τῶν
1849 601 1937 639 ὁδῶν
1955 599 2027 638 οὐδ’
2046 598 2130 645 ἀξιῶ

1105 657 1323 706 μνησθῆναι,
1345 657 1375 694 εἷ
1396 655 1445 707 μὴ
1469 655 1548 695 ὅσον
1569 661 1727 709 σημῆναι
1758 658 1965 711 βουλόμενος
1989 661 2124 710 μοῦνονι

1103 716 1173 752 τῶν
1203 719 1226 761 ὴ
1256 712 1358 767 ἑτέρη
1381 713 1444 765 μὲν
1466 714 1560 766 λέγει
1583 715 1662 761 τοὺς
1695 717 1836 765 ἐτησίας
1865 717 2012 769 ἀνέμους
2041 709 2130 755 εἶναι

1106 771 1236 815 αἰτίους
1250 772 1417 820 πληθύειν
1430 772 1490 811 τὸν
1505 774 1676 826 ποταμὸν,
1689 775 1887 820 κωλύοντας
1903 778 1936 820 ἐς
1950 775 2131 814 θάλασσαν

1106 829 1237 885 ἐκρέειν
1257 830 1316 869 τὸν
1357 832 1483 870 Νεῖλον
1495 861 1637 871 ......
1662 833 1742 885 (21)
1768 834 1815 874 ‘H
1838 835 1869 872 δ’
1888 834 1989 888 ἑτέρη
2010 835 2134 872 ἀνεπι-

1106 888 1367 943 στημονεστέρη
1406 889 1469 941 μέν
1510 891 1584 929 ἐστι
1620 894 1682 938 τῆς
1711 893 1940 944 λελεγμένης,
1968 892 2063 945 λόγῳ
2099 890 2134 930 δὲ

1107 950 1215 987 εἰπεῖν
1227 947 1498 1003 θαύμασιωτέρη
1510 965 1518 972 ·
1537 967 1552 983 «
1566 949 1589 997 ἣ
1603 949 1698 1002 λέγει
1717 950 1779 1001 μὲν
1797 951 1866 990 ἀπὸ
1882 955 1943 990 τοῦ
1960 952 2135 990 Ὠκεανοῦ

1108 1025 1125 1042 «ι
1149 1006 1272 1061 ῥέοντα
1293 1006 1396 1046 αὐτὸν
1415 1011 1530 1046 ταῦτα
1556 1011 1804 1060 μηχανᾶσθαι·
1826 1009 1885 1047 τὸν
1912 1010 1940 1047 δ’
1964 1008 2135 1048 Ὠκεανὸν

1109 1089 1125 1106 «
1146 1073 1212 1123 γῆν
1231 1069 1312 1124 περὶ
1349 1076 1469 1109 πᾶσαν
1494 1070 1596 1124 ῥέειν.
1619 1090 1635 1106 »
1662 1103 1671 1111 .
1688 1100 1698 1109 .
1715 1100 1724 1110 .
1743 1103 1751 1111 .
1770 1103 1778 1111 .
1804 1072 1884 1124 (23)
1925 1072 1970 1112 Ὁ
1994 1071 2031 1110 δὲ
2058 1073 2136 1126 περὶ

1107 1134 1170 1169 τοῦ
1191 1129 1366 1168 Ὠκεανοῦ
1388 1128 1508 1178 λέξας,
1531 1131 1566 1174 ἐς
1582 1129 1711 1184 ἀφανὲς
1731 1129 1789 1169 τὸν
1811 1134 1917 1182 μῦθον
1942 1130 2137 1180 ἀνενείκας,

1109 1191 1173 1228 οὐκ
1200 1186 1276 1241 ἔχει
1294 1186 1453 1241 ἔλεγχον·
1475 1190 1513 1227 οὖ
1541 1189 1608 1242 γάρ
1635 1205 1714 1228 τινα
1739 1188 1850 1241 ἔγωγε
1881 1183 1959 1227 οἶδα
1979 1189 2138 1239 ποταμὸν

1110 1246 1282 1287 Ὠκεανὸν
1302 1246 1397 1286 ὄντα.
1413 1271 1466 1277 -
1483 1249 1610 1287 Schol.
1633 1249 1765 1299 Apoll.
1791 1248 1920 1288 Rhod.
1942 1251 2009 1298 lv,
2031 1247 2106 1297 259
2131 1263 2139 1285 :

1113 1305 1306 1350 “Εκαταῖος
1325 1305 1362 1345 δὲ
1385 1310 1404 1346 ὃ
1425 1307 1598 1354 Μιλήσιος
1617 1309 1657 1345 ἐκ
1675 1311 1735 1345 τοῦ
1755 1305 1914 1351 Φασίδος
1933 1308 2076 1345 διελθεῖν
2096 1309 2141 1352 εἷς

1114 1364 1174 1404 τὸν
1195 1364 1365 1404 Ὠκεανὸν
1378 1396 1388 1416 ,
1410 1359 1486 1404 εἶτα
1506 1367 1635 1405 ἐκεῖθεν
1654 1368 1701 1410 εἷς
1720 1365 1779 1404 τὸν
1800 1367 1939 1406 Νεῖλον.

1166 1471 1320 1510 Arrian.
1353 1473 1402 1511 de
1425 1473 1573 1524 Exped.
1599 1473 1813 1511 Alexandri
1842 1476 1894 1520 V,
1925 1475 1975 1510 6:
2000 1491 2015 1507 «
2031 1473 2144 1524 Αἴγυ-

1112 1530 1199 1570 πτόν
1220 1550 1234 1565 υ
1257 1547 1296 1569 τε
1328 1530 1515 1585 Ἡρόδοτός
1545 1547 1584 1569 τε
1609 1531 1669 1570 καὶ
1688 1531 1875 1575 Ἑκαταῖος
1903 1533 1933 1570 οἱ
1967 1532 2145 1584 λογοποιοὶ

1117 1588 1154 1642 (ἢ
1175 1592 1204 1628 εἰ
1231 1590 1274 1638 δή
1298 1605 1359 1630 του
1381 1589 1490 1629 ἄλλου
1509 1589 1532 1638 ἢ
1549 1589 1743 1629 ἹΞκαταίου
1766 1590 1840 1628 ἐστὶ
1857 1590 1902 1628 τὰ
1922 1590 2012 1644 ἀμφὶ
2030 1593 2075 1643 τῇ
2097 1594 2145 1642 γῇ

1114 1649 1295 1702 Αἰγυπτίᾳ
1313 1648 1516 1700 ποιήματα)
1533 1667 1547 1683 «
1563 1648 1672 1703 δῶρόν
1688 1665 1726 1688 τε
1742 1653 1801 1687 τοῦ
1820 1654 1982 1700 ποταμοῦ
1994 1668 2009 1684 »
2027 1648 2143 1702 ἀμφό-

1113 1722 1209 1761 τεροι
1220 1705 1389 1750 ὡσαύτως
1398 1706 1762 1797 ὀνομάζουσιὲιοουε
1774 1707 1965 1746 Herodoti
1975 1716 2033 1746 est
2045 1711 2096 1756 II,
2110 1709 2144 1746 5.

1170 1816 1226 1852 St.
1272 1817 1315 1851 B.
1352 1811 1582 1866 Ἀθάῤῥαὸις,
1620 1812 1721 1857 πόλις
1766 1813 1969 1865 Αἰγύπτου,
2002 1816 2049 1858 ὡς
2085 1813 2145 1852 καὶ

1115 1870 1331 1925 Ἡρωδιανὸς
1348 1873 1383 1910 ἐν
1399 1870 1519 1926 τρίτῳ.
1541 1871 1792 1925 Ἀθαῤῥαὸίτης
1807 1872 1911 1924 νομὸς
1925 1874 1959 1910 ἐν
1976 1872 2144 1925 Αἰγύπτῳ

1115 1930 1174 1969 καὶ
1193 1930 1398 1985 Ἀθάῤῥαὸις
1415 1929 1527 1974 πόλις.
1546 1929 1735 1975 Ἑκαταῖος
1756 1931 1784 1969 δ’
1799 1932 1834 1969 ἐν
1855 1930 2005 1984 δευτέρῳ
2025 1947 2147 1986 περιη-

1116 1989 1253 2041 γήσεως
1269 1989 1312 2028 δι’
1330 1989 1404 2033 ἑνὸς
1428 2005 1446 2042 ρ
1465 1989 1526 2028 καὶ
1542 1994 1602 2028 τοῦ
1623 2006 1650 2041 μ
1662 2006 1669 2013 ·
1689 1990 1949 2044 Ἀθαραμὸίτης
1965 1991 2068 2044 νομὸς
2086 1990 2145 2030 καὶ

1117 2048 1321 2102 Ἀθαράμὸη
1345 2048 1457 2092 πόλις.

1118 2158 1249 2189 narunt.
1271 2157 1349 2189 Ideo
1362 2166 1438 2189 cum
1457 2156 1499 2189 ad
1514 2156 1684 2197 opiniones
1701 2159 1733 2188 et
1747 2158 1948 2197 conjecturas
1969 2157 2152 2199 probabiles

1118 2207 1170 2230 res
1184 2197 1389 2238 devolvatur,
1405 2197 1591 2230 sacerdotes
1602 2198 1745 2239 AEgyptii
1762 2207 1800 2231 ex
1816 2201 1945 2231 Oceano
1959 2202 2078 2231 terram
2091 2200 2139 2231 cir

1118 2245 1696 2286 cumssuentehuncnasciaffirmant,
1725 2246 1805 2277 nihil
1829 2246 1898 2278 sani
1922 2249 2148 2279 memorantes.

1161 2292 1325 2325 Herodot.
1343 2303 1354 2324 .·
1374 2294 1422 2325 De
1444 2301 1508 2333 qua
1532 2294 1640 2324 tamen
1665 2301 1748 2333 aqua
1774 2293 1908 2333 quidam
1938 2295 2125 2326 Graecorum
2140 2320 2148 2334 ,

1120 2348 1224 2380 quum
1240 2339 1383 2380 insignes
1400 2339 1521 2372 vellent
1546 2338 1657 2373 baberi
1674 2339 1831 2381 sapientia
1845 2365 1855 2380 ,
1879 2340 2036 2372 trifariam
2052 2341 2148 2373 dissc-

1123 2389 1280 2427 ruerunt3
1296 2395 1435 2428 quarum
1451 2386 1645 2428 opinionum
1670 2387 1751 2418 duas
1768 2396 1808 2419 ne
1831 2388 1996 2419 mentione
2017 2387 2148 2428 quidem

1117 2433 1231 2475 dignas
1249 2434 1414 2475 existimo,
1430 2434 1490 2466 nisi
1507 2436 1652 2475 eatenus,
1669 2436 1706 2467 ut
1720 2434 1790 2467 illas
1803 2437 1932 2469 tantum
1947 2435 2043 2467 velim
2057 2435 2148 2475 signi-

1117 2475 1224 2508 ficare.
1239 2478 1361 2508 Earum
1374 2485 1440 2508 una
1461 2475 1528 2515 ait,
1556 2478 1672 2508 ventos
1688 2476 1806 2508 etesias
1830 2485 1901 2508 esse
1919 2476 1953 2508 in
1977 2485 2074 2507 causa
2092 2484 2150 2507 cur

1121 2522 1242 2555 ssuvius
1258 2526 1400 2559 crescat,
1416 2523 1626 2565 prohibentes
1641 2523 1750 2556 Nilum
1763 2523 1893 2556 effluere
1908 2524 1941 2555 in
1954 2531 2042 2554 mare
2046 2546 2145 2555 ........

1117 2569 1224 2602 Altera
1252 2573 1301 2602 est
1335 2570 1538 2611 insipientior
1564 2570 1697 2611 quidem
1712 2595 1721 2610 ‚
1745 2580 1844 2612 quam
1867 2571 1936 2602 haec
1954 2579 2028 2610 quae
2062 2570 2148 2611 dicta

1119 2619 1186 2658 est3
1204 2620 1242 2649 ut
1254 2620 1362 2650 tamen
1376 2617 1518 2658 dicatur,
1536 2617 1625 2658 quod
1641 2626 1691 2650 res
1714 2620 1774 2657 est,
1792 2617 2026 2656 admirabilior,
2042 2630 2057 2644 α
2074 2626 2148 2657 quae

1117 2663 1162 2696 ait
1175 2664 1280 2704 illum,
1297 2665 1384 2706 quod
1402 2665 1443 2697 ab
1458 2667 1588 2697 Oceano
1603 2664 1694 2705 ssuat,
1714 2665 1799 2697 istud
1818 2664 1943 2696 efficere
1958 2673 1964 2694 :
1983 2665 2147 2695 Oceanum

1117 2720 1194 2743 vero
1209 2712 1432 2744 circumfluere
1446 2721 1577 2744 omnem
1595 2715 1723 2744 terram.
1741 2714 1843 2743 »-At
1856 2712 1883 2743 is
1896 2710 1951 2751 qui
1968 2710 2007 2742 de
2021 2712 2148 2743 Oceano

1120 2759 1275 2799 loquutus
1291 2760 1364 2800 fuit,
1386 2760 1425 2792 ad
1440 2760 1606 2791 occultum
1623 2759 1762 2791 reserens
1793 2757 1946 2797 fabulam,
1968 2759 2056 2790 caret
2086 2757 2151 2789 evi-

1117 2806 1234 2839 ctione.
1242 2809 1354 2848 Neque
1359 2807 1444 2839 enim
1455 2815 1513 2848 ego
1525 2806 1625 2838 ullum
1633 2806 1709 2837 novi
1720 2805 1930 2845 fluvium,qui
1938 2804 1981 2837 sit
1988 2807 2147 2837 Oceanus.

1158 2853 1269 2886 Schol.
1295 2854 1452 2895 Apollon.
1472 2863 1480 2884 :
1499 2854 1669 2885 Hecataeus
1687 2860 1761 2884 vero
1776 2851 1920 2884 Milesius
1938 2852 2149 2892 (Argonautas

1118 2900 1208 2942 dicit)
1225 2909 1243 2934 e
1260 2901 1398 2934 Phaside
1412 2900 1540 2933 venisse
1555 2900 1587 2931 in
1602 2902 1780 2939 Oceanum,
1800 2898 1875 2932 inde
1891 2898 2015 2931 veroin
2027 2898 2146 2931 Nilum.

1159 3009 1334 3048 AEgyptum
1341 3006 1524 3038 Herodotus
1531 3007 1562 3037 et
1575 2954 1745 3037 lssigtiaeus
1756 3004 1963 3036 historiarum
1979 3004 2148 3046 scriptores

1119 3053 1195 3094 (nisi
1217 3053 1349 3086 alterius
1377 3052 1560 3093 quuspiam
1587 3053 1664 3083 sunt
1704 3051 1759 3083 illa
1787 3051 1828 3083 de
1862 3052 1991 3092 regione
2019 3051 2148 3093 AEgypti

1119 3100 1249 3141 scripta)
1273 3099 1416 3131 fluminis
1432 3099 1553 3130 donum
1566 3098 1680 3130 eodem
1708 3098 1805 3130 inodo
1826 3101 1961 3139 uterque
1976 3098 2148 3140 appellant,

1164 3204 1391 3245 Atharrliabis,
1410 3204 1489 3237 urbs
1511 3204 1653 3245 AEgypti‚
1668 3205 1716 3236 uti
1732 3205 1830 3237 etiam
1847 3206 1983 3238 testatur
2002 3204 2148 3237 Herodia·

1124 3261 1186 3283 nus
1203 3252 1236 3283 in
1263 3252 1347 3283 libro
1375 3252 1479 3283 tertio.
1505 3251 1749 3284 Atliarrliabites
1766 3253 1957 3293 praefectura
1973 3276 1982 3291 ,
2009 3255 2042 3284 ct
2072 3252 2148 3284 urbs

1120 3298 1331 3330 Atharrhabis
1348 3298 1383 3328 in
1400 3300 1538 3339 AEgypto
1553 3300 1639 3330 sunt.
1657 3301 1828 3331 Hecataeus
1844 3308 1922 3330 vero
1949 3299 1982 3330 iu
2007 3299 2147 3331 secundo

1119 3345 1321 3385 Pei-iegeseos
1338 3353 1414 3376 cum
1442 3345 1580 3386 simplici
1602 3354 1622 3377 r
1644 3349 1676 3378 et
1701 3354 1775 3377 cum
1805 3355 1841 3378 m
1869 3346 1998 3388 scripsit
2016 3356 2023 3378 :
2043 3347 2149 3390 prael'e-

1121 3394 1213 3424 ctura
1230 3391 1467 3424 Alliarambites
1484 3395 1516 3425 et
1533 3392 1609 3424 urbs
1632 3392 1836 3425 Athen-ambe.

1933 3454 1949 3481 2
1960 3477 1962 3479 ,
