2294 3704
917 104 985 143 DE
1014 103 1285 144 HECATAEO.

44 214 137 250 sem,
146 209 187 239 ut
196 207 307 252 putat
321 196 654 248 Schweighaeuser.
663 194 711 231 ad
723 193 963 240 Athenaeum,
976 200 1068 230 tom.

42 264 123 312 I,p.
134 261 224 306 468,
234 258 297 297 ubi
314 254 558 310 reprehendit
572 253 780 304 Toupium‚
790 252 857 303 qui
870 251 918 289 de
925 251 1072 302 Gorgia

43 321 236 362 Leontino
261 316 522 370 cogitaverat).
536 313 730 364 ,Ejusdem
753 312 980 350 auctoritate
999 311 1071 348 niti

42 381 198 421 videtur
237 378 421 417 Arrianus
441 375 509 426 (ι).
543 376 688 412 Contra
710 372 1003 416 Eratosthenes,
1039 370 1070 408 si

44 441 199 493 quidem
217 446 319 477 recte
330 435 553 475 Clausenius
566 433 755 471 intellexit
774 432 903 469 locum
918 430 1071 470 Strabo-

42 501 104 540 nis
118 501 213 553 (not.
225 497 332 550 7),ex
341 496 462 534 altero
474 493 639 533 Hecataei
646 505 763 544 opere
779 489 985 543 (Historiis)
999 504 1069 541 ap-

44 572 183 612 parere
190 555 386 596 contendit
400 553 614 606 periegesin
625 564 783 604 quoque
791 550 839 589 ab
849 550 985 589 eodem
995 563 1068 587 au-

43 625 150 657 ctore
159 616 373 669 profectam
384 626 479 652 esse.
494 612 775 651 Difficillimum
798 619 855 648 est
872 609 920 647 de
937 609 1007 647 hac
1028 622 1070 647 re

38 675 242 731 judicium,
251 683 332 714 tum
342 681 504 726 propter
513 670 853 710 celeberrimorum
866 682 1071 708 censorum

43 735 267 783 divortium,
303 742 384 772 tum
417 732 469 771 ob
503 732 806 783 fragmentorum
826 729 1068 768 brevitatem.

42 795 157 835 Plura
169 793 327 846 quidem
341 791 411 830 sub
429 791 598 831 Hecataei
613 790 772 828 nomine
791 789 970 836 citantur,
985 801 1071 839 quae

39 866 68 893 a
87 853 241 893 Milesio
268 860 400 890 nostro
420 851 544 889 aliena
562 857 672 896 sunt,
697 848 763 886 sed
782 849 841 886 his
858 847 1008 899 rejectis
1031 848 1072 885 in

40 912 283 959 ‘Abderitaun
300 911 362 949 vel
383 911 422 948 in
437 911 554 948 alium
568 909 744 960 quemvis
760 911 994 955 Hecataeum,
1009 919 1070 944 re-

42 972 148 1024 liqua
161 970 427 1012 Eratosthenis
442 969 671 1007 auctoritate
688 967 808 1018 adjuti
830 966 932 1004 sacili
951 979 1072 1016 nego-

44 1032 100 1071 tio
127 1031 277 1070 auctori
305 1037 440 1068 nostro
465 1028 720 1067 vindicamus.
753 1024 1070 1065 Percommodum

44 1104 135 1131 sane
147 1090 222 1128 hoc
233 1089 442 1140 refugium,
453 1101 523 1126 nec
537 1087 701 1124 multum
713 1094 840 1124 tamen
853 1083 943 1123 inde
959 1084 1074 1122 lucra·

43 1163 144 1189 mur.
168 1149 317 1188 Vellem
336 1147 467 1199 paullo
495 1145 709 1184 accuratius
731 1145 771 1183 in
792 1144 890 1182 hanc
910 1156 992 1181 rem
1011 1143 1073 1180 in—

43 1208 264 1262 quisivisset
283 1206 519 1246 Cla-usenius.
541 1205 691 1244 «Possit
714 1203 870 1255 quidem
883 1232 893 1250 ,
914 1203 976 1240 vir
998 1202 1072 1240 do-

45 1277 129 1307 ctus
148 1268 220 1316 ait,
244 1267 382 1318 aliquis
405 1265 646 1314 existimare,
674 1277 808 1303 revera
826 1264 867 1301 in
882 1262 1074 1313 Periegesi

43 1328 110 1367 ill-a
125 1335 350 1365 contentum
369 1338 450 1364 esse
467 1332 663 1363 vetustum
683 1335 782 1374 opus
800 1322 983 1372 Hecataei,
1005 1321 1073 1359 sed

44 1395 122 1426 tam
142 1386 262 1424 multa
279 1385 397 1423 fuisse
416 1384 563 1422 intrusa
583 1391 621 1420 et
639 1381 891 1432 interpolata,
913 1389 957 1418 ut
978 1380 1072 1418 alie-

44 1458 134 1484 nam
152 1445 269 1496 magis
285 1455 404 1494 quam
427 1455 649 1493 germanam
676 1441 844 1491 speciem
862 1439 1012 1486 tulerit;
1032 1439 1072 1477 id

45 1504 151 1556 quod
170 1503 280 1541 facile
292 1501 431 1540 accidit
447 1501 484 1539 ei
497 1500 613 1548 libro,
631 1514 679 1538 ex
698 1513 776 1550 quo
796 1512 930 1536 omnes
947 1499 1074 1536 Graeci

44 1563 220 1602 homines
233 1561 430 1600 scientiam
445 1560 690 1612 geographiae
704 1558 776 1597 sibi
789 1559 1073 1609 comparavisse

43 1622 239 1661 videntur.
256 1620 302 1659 Id
321 1633 414 1658 vero
427 1619 695 1658 Eratosthenis
718 1617 945 1656 sententiam
962 1617 1071 1655 affir—

44 1690 141 1730 mat,
167 1680 274 1732 quod
301 1680 340 1718 in
368 1679 415 1717 iis
440 1678 576 1727 etiam,
602 1691 688 1729 quae
710 1677 822 1716 nobis
842 1690 863 1715 e
883 1677 1073 1728 Periegesi

42 1748 195 1780 servata
214 1748 320 1788 sunt,
342 1738 556 1776 vetustiora
577 1737 735 1775 urbium
754 1736 912 1774 nomina
929 1745 966 1774 et
978 1736 1074 1774 desi-

44 1799 244 1851 gnationes
259 1798 519 1850 reperiuntur.
549 1796 590 1835 Si
619 1809 695 1847 qua
725 1803 871 1834 mutata
890 1805 1017 1834 essent
1032 1796 1073 1833 in

45 1858 289 1898 commodum
312 1856 606 1908 discipulorum,
627 1863 716 1893 ante
733 1855 864 1893 omnia
877 1854 982 1892 haud
999 1854 1073 1906 du—

44 1917 109 1956 bie
125 1931 197 1970 pro
216 1917 354 1955 Zancle
369 1919 572 1964 Messanae,
594 1928 668 1966 pro
688 1917 830 1953 Catana
844 1916 971 1952 AEtnae
999 1927 1072 1951 vo-

45 1976 224 2016 cabulum
241 1983 340 2014 esset
357 1975 578 2023 inductum,
605 1987 730 2024 neque
754 1977 911 2024 Boryzae
930 1987 1073 2011 nomen

43 2035 152 2074 urbis
167 2036 330 2074 Persicae
341 2034 560 2073 retinuisset
573 2033 634 2086 (fr.
653 2035 717 2082 43,
737 2038 800 2081 44,
820 2033 921 2084 ι4ο).
940 2035 1072 2084 Ipsum

43 2095 150 2134 illum
164 2123 174 2143 ‚
194 2094 242 2132 de
262 2107 341 2145 quo
357 2093 548 2144 excerpsit
563 2091 782 2144 Stephanus
795 2121 806 2140 ,
830 2092 1001 2130 Hecataei
1017 2092 1070 2129 li—

43 2153 160 2193 brum
182 2153 380 2204 cognitum
395 2151 575 2190 habuisse
595 2159 635 2189 et
659 2151 873 2202 respexisse
889 2151 1071 2189 Herodo-

46 2221 151 2259 tum,
188 2219 337 2250 constat
369 2225 391 2249 e
419 2210 676 2262 descriptione
705 2209 885 2248 Chembis
927 2211 1072 2258 insulae,

32 2285 163 2324 ‘quam
181 2271 260 2308 vehi
271 2280 310 2308 et
318 2274 452 2308 moveri
467 2270 565 2307 dixit
583 2272 801 2316 Hecataeus,
823 2269 885 2306 cui
899 2269 1071 2320 refraga-

46 2338 107 2369 tus
123 2344 241 2380 neque
258 2339 392 2367 vectam
411 2342 530 2378 neque
545 2337 680 2365 motam
696 2341 773 2365 sese
789 2330 916 2365 vidisse
933 2330 1073 2367 confir-

47 2398 126 2442 mat
143 2389 365 2427 Herodotus
389 2388 449 2440 (fr.
476 2387 579 2438 284).
607 2387 675 2425 His
690 2387 860 2436 accedit,
893 2388 999 2438 quod
1017 2402 1072 2437 ea,

48 2462 133 2500 quae
164 2448 278 2487 nobis
312 2456 481 2501 restant,
513 2447 726 2498 fragmenta
738 2476 748 2495 ,
782 2461 868 2498 quae
898 2448 1074 2498 regiones

46 2509 216 2560 AEgypto
229 2508 375 2545 vicinas
389 2515 575 2559 spectant,
593 2506 675 2544 sine
691 2507 766 2544 ulla
779 2506 1074 2558 perturbatione

48 2568 256 2606 concinunt
275 2580 363 2604 cum
382 2567 446 2614 iis,
465 2579 550 2617 quae
562 2565 720 2603 aliunde
740 2569 917 2604 novimus
934 2574 1075 2604 statuta

48 2625 97 2664 ab
111 2629 292 2664 Hecataeo
315 2625 363 2663 de
393 2626 496 2672 Nilo,
516 2626 673 2676 regione
688 2626 801 2663 Delta
818 2626 1074 2677 conliniisque

47 2685 168 2731 Asiae,
193 2685 353 2737 AEgypti
373 2698 417 2723 ac
437 2684 592 2735 Libyae3
610 2684 717 2736 quod
734 2686 816 2723 lieri
836 2699 914 2723 non
932 2694 1074 2737 posset,

48 2744 80 2781 si
108 2743 288 2794 gravibus
319 2744 687 2796 interpolationibus
719 2745 842 2783 codex
874 2745 938 2783 ille
949 2775 959 2794 ,
996 2759 1074 2796 quo

47 2803 263 2854 Stephanus
281 2816 374 2841 usus
390 2812 462 2850 est,
492 2804 625 2842 fuisset
647 2813 847 2843 onustus.»
871 2806 956 2844 Non
974 2819 1074 2856 nego

49 2861 226 2913 equidem
255 2876 341 2915 quae
368 2863 586 2915 Stephanus
615 2865 778 2902 servavit
798 2865 1009 2915 fragmenta
1035 2865 1073 2902 in

49 2921 268 2960 universum
296 2923 350 2960 ita
381 2936 463 2961 esse
490 2932 736 2975 comparata,
760 2932 801 2962 ut
828 2937 877 2962 ex
902 2925 1074 2976 genuino

47 3069 130 3104 ταῖος
148 3067 174 3100 δ’
197 3069 214 3100 ὁ
235 3067 405 3107 Μιλήσιος,
423 3067 454 3099 ἐν
470 3066 571 3104 Ἀσίας
598 3068 798 3110 περιηγήσει,
824 3069 850 3100 εἱ
869 3069 997 3110 γνήσιον
1019 3072 1074 3102 τοῦ

47 3115 243 3157 συγγραφέως
276 3114 312 3146 τὸ
341 3114 458 3156 βιὸλίον
493 3114 705 3156 (Καλλίμαχος
733 3116 792 3158 γὰρ
812 3117 979 3154 Νησιώτου
998 3117 1074 3149 αὐτὸ

46 3159 334 3205 ἀναγράφει),ὅστις
356 3161 409 3194 οὗν
425 3162 443 3193 ὁ
456 3162 607 3202 ποιήσας,
626 3162 706 3203 λέγει
728 3163 828 3194 οὕτω·
852 3172 885 3195 v.
901 3164 940 3195 fr.
962 3167 1030 3197 ¹72.

91 3208 137 3250 (1)
159 3209 285 3242 Arrian.
315 3209 440 3251 Exped.
471 3209 560 3242 Alex.
579 3212 620 3249 V,
644 3214 690 3242 6:
721 3210 877 3251 Αἴγυπτον
909 3212 1074 3254 Ἡρόδοτός

48 3257 142 3289 τεκαὶ
154 3257 317 3294 Ἑκαταῖος
333 3258 362 3290 οἱ
378 3257 537 3298 λογοποιοὶ
553 3257 584 3297 (ἢ
600 3258 627 3289 εἰ
640 3257 677 3295 δή
690 3269 744 3290 του
759 3258 853 3290 ἄλλου
869 3259 889 3297 ἢ
906 3259 1074 3292 Ἑκαταίου

49 3302 113 3335 ἐστὶ
134 3304 172 3336 τὰ
189 3304 265 3345 ἀμφὶ
287 3307 324 3345 τῇ
349 3308 388 3346 γῇ
406 3304 560 3346 Αἰγυπτίᾳ
571 3305 756 3346 ποιήματα),
779 3305 878 3348 δῶρόν
897 3317 930 3338 τε
949 3310 1004 3339 τοῦ
1020 3319 1073 3339 πο-

49 3353 147 3391 ταμοῦ
164 3351 326 3394 ἀμφότεροι
344 3352 493 3389 ὡσαύτως
513 3352 711 3393 ὀνομάζουσι.
733 3354 773 3384 V.
796 3353 833 3384 st.
853 3356 925 3386 279.

2083 123 2161 149 xm

1129 195 1309 232 Hecataeo
1338 207 1383 232 ea
1410 195 1584 233 desumta
1602 208 1684 233 esse
1711 209 1790 233 non
1820 205 1942 247 posslt
1976 196 2158 246 dubitari,

1131 253 1305 302 quamvis
1329 253 1388 301 id,
1411 254 1515 304 quod
1533 256 1700 301 catana,
1722 268 1800 292 non
1822 268 1918 293 vero
1938 258 2052 294 AEtna
2065 257 2159 295 urbs

1133 323 1377 360 memoretur,
1405 329 1540 367 parum
1560 315 1743 355 idoneum
1763 316 1813 354 sit
1827 318 2086 356 testimonium
2111 319 2160 356 ad

1130 371 1466 412 demonstrandam
1489 376 1616 426 operis
1642 376 1930 427 antiquitatem,
1961 378 2052 428 quia
2079 378 2160 416 haec

1133 431 1243 477 urbs,
1274 441 1316 470 ut
1347 433 1430 484 ipse
1461 435 1684 473 Clausenius
1715 436 1754 473 in
1778 435 1976 474 Addendis
2005 437 2159 486 fatetur,

1131 498 1218 540 post
1242 491 1391 528 obitum
1411 493 1591 531 Hieronis
1612 494 1812 545 antiquum
1829 507 1971 532 nomen
1991 509 2160 547 recupe-

1133 551 1250 588 ravit.
1273 554 1402 601 Atque
1419 552 1468 590 ab
1483 554 1599 591 altera
1616 563 1724 604 parte
1739 557 1877 605 Capuae
1893 556 2053 604 mentio,
2075 569 2160 606 quae

1131 609 1241 657 urbs,
1261 611 1430 648 Hecataei
1448 621 1576 660 aetate,
1600 613 1631 650 si
1649 613 1742 651 fides
1760 613 1938 652 habenda
1960 622 2017 652 est
2036 615 2161 663 Livio,

1130 668 1362 706 Volturnum
1398 669 1628 717 vocabatur,
1675 672 1764 710 satis
1806 673 2020 711 luculenter
2047 674 2162 711 docet

1131 728 1297 766 Hecataei
1305 728 1538 779 exemplum,
1552 743 1599 767 ex
1613 743 1690 780 quo
1704 731 1960 781 Stephaniana
1969 733 2163 783 fragmen—

1132 793 1169 823 ta
1198 786 1410 834 fluxerunt,
1442 801 1464 825 a
1491 788 1718 838 posterioris
1745 791 1863 828 aetatis
1892 792 2152 830 innovationi-

1131 845 1204 883 bus
1222 860 1300 883 non
1318 859 1479 897 prorsus
1503 846 1620 884 fuisse
1640 845 1822 885 alienum.
1848 852 1934 887 Jam
1963 850 1995 888 si
2015 863 2159 887 conce-

1132 905 1257 943 dimus
1276 906 1443 943 Hecataei
1469 904 1575 943 orbis
1603 905 1904 957 descriptionem
1919 921 2008 945 -non
2022 922 2104 946 esse
2121 910 2160 946 in

1132 977 1244 1002 usum
1261 964 1501 1013 scholarum,
1535 972 1576 1001 ut
1598 964 1653 1001 ita
1673 964 1866 1012 dicamus,
1898 966 1946 1003 ad
1977 967 2159 1005 seriorem

1133 1031 1323 1061 terrarum
1338 1031 1480 1061 statum
1491 1030 1530 1060 et
1541 1022 1805 1061 conditionem
1820 1025 2161 1074 accommodatam,

1132 1092 1270 1134 sponte
1289 1083 1370 1120 fere
1384 1082 1608 1121 Callimachi
1628 1083 1817 1120 sententia
1836 1083 1876 1120 in
1897 1096 1979 1120 eam
2005 1098 2075 1121 nos
2095 1085 2163 1122 du-

1132 1142 1185 1180 cit
1211 1141 1492 1193 conjecturam,
1529 1150 1571 1179 ut
1603 1142 1720 1180 fuisse
1751 1142 1925 1193 quaedam
1953 1150 2163 1182 statuamus

1133 1201 1247 1252 hujus
1270 1202 1399 1253 operis
1414 1201 1592 1252 exempla
1602 1232 1611 1250 ‚
1638 1215 1724 1252 quae
1738 1215 1784 1240 ex
1799 1202 1882 1240 aliis
1900 1203 2057 1240 vetustis
2069 1204 2165 1240 scri-

1133 1262 1210 1312 ptis
1230 1261 1331 1298 mala
1347 1261 1548 1299 sedulitate
1564 1273 1717 1298 corrasa
1726 1261 1894 1299 Hecataei
1908 1274 2046 1298 nomen
2057 1275 2166 1299 men-

1134 1320 1202 1357 tita
1225 1320 1314 1358 sint.
1343 1320 1459 1367 Quod
1478 1320 1634 1371 quidem
1657 1334 1704 1357 eo
1727 1319 1969 1371 probabilius
1989 1329 2064 1366 est,
2086 1334 2164 1372 quo

1133 1379 1323 1418 celebrius
1341 1388 1423 1418 erat
1441 1393 1584 1418 nomen
1600 1380 1752 1427 Milesii,
1777 1392 1821 1416 ac
1851 1393 1929 1430 quo
1955 1380 2164 1418 studiosius

1134 1448 1282 1477 certum
1310 1439 1511 1477 hominum
1542 1452 1661 1490 genus
1691 1439 1920 1476 commentis
1942 1439 2018 1476 suis
2037 1447 2076 1477 et
2092 1439 2166 1477 ob-

1133 1511 1255 1536 scurae
1283 1498 1567 1549 compilationis
1595 1497 1750 1536 foetibus
1782 1498 1950 1549 praefixis
1972 1498 2165 1536 clarorum

1133 1565 1290 1595 remotae
1307 1557 1388 1607 jam
1408 1557 1531 1595 aetatis
1555 1558 1790 1610 scriptorum
1808 1557 2032 1595 nominibus
2050 1558 2164 1596 fidem

1134 1625 1172 1654 et
1190 1617 1462 1655 auctoritatem
1478 1616 1618 1654 addere
1635 1617 1846 1654 consuevit.
1875 1617 1999 1667 Magis
2021 1625 2165 1666 autem,

1133 1676 1294 1726 opinor,
1317 1675 1366 1713 ad
1391 1689 1474 1713 rem
1499 1684 1669 1712 nostram
1696 1675 1843 1713 faciunt
1877 1676 2061 1726 praeclara
2085 1675 2164 1713 duo

1133 1735 1270 1774 Galeni
1290 1734 1521 1783 testimonia,
1537 1747 1705 1785 quorum
1719 1735 1883 1772 alterum
1900 1734 1958 1786 (in
1975 1734 2164 1785 Hippocr.

1132 1798 1191 1833 De
1203 1802 1280 1832 nat.
1293 1794 1398 1832 hom.
1417 1796 1454 1831 Il
1470 1807 1632 1845 prooem.
1651 1802 1743 1831 tom.
1756 1796 1843 1842 XV,
1868 1807 1907 1844 p.
1929 1806 2002 1843 109
2016 1793 2165 1845 Kiihn.)

1133 1854 1208 1892 hoc
1231 1862 1307 1892 est:
1326 1852 1391 1892 Ἐν
1419 1851 1486 1906 γὰρ
1507 1854 1558 1905 τῷ
1583 1850 1676 1890 κατὰ
1698 1849 1778 1895 τοὺς
1803 1851 2026 1896 Ἀτταλικούς
2047 1868 2086 1891 τε
2106 1853 2165 1891 καὶ

1133 1909 1403 1964 Πτολεμαϊκοὺς
1429 1910 1595 1964 βασιλέας
1618 1910 1735 1965 χρόνῳ
1758 1911 1843 1965 πρὸς
1873 1912 2046 1958 ἀλλήλους
2069 1913 2164 1950 ἀντι-

1134 1970 1446 2027 φιλοτιμουμένους
1475 1970 1555 2025 περὶ
1587 1970 1744 2018 κτήσεως
1779 1969 1923 2023 βιὸλίων
1957 1973 1980 2017 ἡ
1997 1970 2077 2024 περὶ
2102 1970 2164 2016 τὰς

1133 2030 1329 2086 ἐπιγραφάς
1351 2045 1389 2069 τε
1418 2029 1478 2068 καὶ
1504 2030 1687 2072 διασκευὰς
1709 2031 1823 2068 αὐτῶν
1843 2028 1971 2083 ἤρξατο
1989 2029 2166 2080 γίγνεσθαι

1134 2089 1336 2145 ῥᾳδιουργίαι
1353 2096 1424 2133 τοῖς
1445 2087 1547 2128 ἕνεκα
1568 2093 1628 2127 τοῦ
1648 2088 1767 2127 λαὸεῖν
1789 2087 1951 2142 ἀργύριον
1969 2089 2164 2143 ἀναφέρου-

1134 2165 1189 2188 σιν
1209 2152 1256 2193 ὡς
1273 2148 1353 2192 τοὺς
1376 2148 1541 2202 βασιλέας
1566 2149 1699 2202 ἀνδρῶν
1722 2147 1866 2192 ἐνδόξων
1889 2147 2164 2202 συγγράμματα.

1133 2212 1322 2257 Alterum,
1354 2210 1460 2261 quod
1486 2210 1526 2247 in
1556 2209 1694 2247 eodem
1726 2210 2003 2246 commentario
2027 2210 2167 2260 legitur

1133 2271 1176 2323 (Ι.
1193 2275 1213 2318 S
1233 2277 1295 2318 42,
1308 2284 1345 2321 p.
1365 2269 1467 2318 105),
1481 2269 1613 2307 verbis
1630 2282 1855 2320 expressum
1870 2277 1928 2306 est
1939 2269 2061 2306 hisce:
2074 2268 2164 2322 Πρὶν

1133 2329 1198 2383 γὰρ
1219 2328 1299 2372 τοὺς
1330 2330 1365 2367 ἐν
1394 2327 1638 2382 Ἀλεξανδρείᾳ
1653 2343 1692 2366 τε
1712 2327 1772 2365 καὶ
1801 2326 1985 2381 Περγάμῳ
2004 2326 2164 2378 γενέσθαι

1135 2396 1289 2448 βασιλεῖς
1315 2393 1373 2434 ἐπὶ
1399 2393 1522 2441 κτήσει
1549 2394 1711 2431 παλαιῶν
1744 2391 1888 2445 βιδλίων
1916 2391 2164 2445 φιλοτιμηθέν-

1132 2471 1213 2503 τας,
1234 2454 1371 2493 οὐδέπω
1383 2454 1517 2508 ψευδῶς
1536 2452 1777 2506 ἕπεγέγραπτο
1797 2450 2023 2504 σύγγραμμα·
2044 2450 2163 2488 λαὸεῖν

1134 2514 1370 2568 δ’ἀρξαμένων
1389 2513 1511 2566 μισθὸν
1528 2514 1598 2550 τῶν
1616 2511 1830 2563 κομιζόντων
1848 2512 1964 2553 αὐτοῖς
1984 2508 2161 2563 συγγράμ-

1135 2591 1231 2626 ματα
1248 2575 1400 2612 παλαιοῦ
1414 2587 1505 2615 τινος
1528 2571 1662 2626 ἀνδρὸς,
1684 2569 1791 2613 οὕτως
1811 2569 1878 2616 ἤδη
1901 2567 2015 2607 πολλὰ
2030 2568 2163 2620 ψευδῶς

1135 2633 1383 2688 ἐπιγράφοντες
1411 2630 1584 2683 ἐκόμιζον.
1615 2629 1709 2668 Ἀλλ’
1743 2623 1838 2667 οῧτοι
1866 2626 1928 2678 μὲν
1960 2629 1991 2664 οἱ
2010 2628 2163 2678 βασιλεῖς

1135 2693 1224 2744 μετὰ
1246 2694 1304 2731 τὸν
1323 2689 1547 2744 Ἀλεξάνδρου
1563 2687 1727 2740 γεγόνασι
1745 2688 1903 2725 θάνατον·
1923 2689 1941 2724 ὁ
1958 2684 1994 2723 δὲ
2009 2685 2163 2724 Πλάτων

1134 2751 1297 2806 ἀνωτέρω
1323 2753 1386 2798 τ’ἥς
1405 2748 1627 2801 Ἀλεξάνδρου
1654 2745 1830 2798 βασιλείας
1851 2743 2032 2798 ἐγεγράφει
2052 2748 2164 2783 ταῦτα

1135 2811 1283 2863 μηδέπω
1298 2806 1656 2863 πεπανουργευμένων
1670 2809 1738 2844 τῶν
1754 2807 1970 2858 ἐπιγραφῶν,
1987 2805 2066 2842 ἀλλ’
2079 2803 2162 2842 ἑκά-

1134 2886 1217 2910 στου
1239 2870 1374 2923 βιὸλίου
1394 2869 1453 2908 τὸν
1468 2868 1554 2906 ἴδιον
1572 2865 1707 2920 γραφέα
1727 2863 1784 2902 διὰ
1804 2867 1865 2901 τοῦ
1885 2862 2163 2918 προγράμματος

1134 2930 1316 2977 δηλοῦντος
1352 2928 1424 2980 (Cf.
1460 2926 1607 2964 Ritschl
1638 2928 1695 2962 De
1732 2922 1910 2961 biblioth.
1950 2922 2160 2960 Alexandr.

1135 3003 1172 3040 p.
1192 2988 1269 3040 21).
1299 2988 1402 3026 Fieri
1419 2987 1536 3037 igitur
1553 2984 1692 3035 potuit,
1712 2990 1755 3020 ut
1772 2981 2026 3020 Callimachus
2044 2982 2161 3019 Alex-

1134 3048 1278 3086 andriae
1297 3046 1541 3084 bibliotheca:
1561 3042 1777 3094 praefectus,
1798 3041 1866 3079 ubi
1883 3042 1923 3079 iu
1939 3041 2163 3080 ordinandis

1134 3107 1244 3145 libris
1275 3107 1393 3156 inque
1410 3104 1528 3141 titulis
1549 3115 1683 3140 eorum
1700 3100 1970 3152 consignandis
1990 3113 2162 3152 occupa—

1136 3176 1194 3204 tus
1209 3173 1303 3213 erat,
1317 3163 1483 3201 Hecataei
1501 3162 1720 3212 exemplum
1739 3161 1893 3211 legeret,
1909 3159 2028 3210 quod,
2043 3173 2160 3210 quum

1134 3233 1267 3275 aperta
1295 3223 1379 3260 talis
1405 3221 1549 3259 fraudis
1568 3221 1710 3258 indicia
1729 3233 1810 3272 prae
1833 3233 1873 3257 se
1897 3219 2033 3266 ferret,
2064 3227 2157 3255 tam-

1134 3297 1248 3335 quam
1270 3282 1444 3332 spurium
1469 3281 1509 3318 in
1535 3280 1675 3318 tabulis
1699 3280 1777 3318 suis
1808 3278 1987 3317 literariis
2013 3275 2160 3328 (πίναξι)

1134 3349 1319 3380 enotaret.
1345 3339 1617 3379 Callimachum
1635 3339 1676 3377 in
1698 3352 1857 3376 munere
1876 3336 2157 3375 bibliothecarii
