2320 3684
138 185 213 219 asc
277 162 280 165 ’

841 164 1179 206 APOLLODORI
1208 161 1541 202 FRAGMENTA.

137 266 232 321 παρὰ
249 263 508 316 Ἀπολλοδώρῳ,
520 257 624 314 φησὶν
641 256 694 295 ὅτι
715 258 838 307 ταῦρος
854 252 994 305 λέγεται
1006 251 1104 306 παρὰ
1123 250 1163 289 τὸ
1218 248 1306 303 φυής
1322 265 1374 293 τις
1389 243 1476 288 οῧσα
1490 265 1499 273 ·
1531 247 1686 295 ὀστώδης
1703 245 1781 300 γάρ.
1800 247 1944 286 Eadem
1962 247 2078 298 vulgo
2096 247 2136 285 in
2153 247 2243 286 Sui-

137 325 259 364 τείνειν
273 323 336 370 τὴν
354 320 455 374 οὐράν
466 350 476 368 ,
492 318 552 356 καὶ
573 315 741 363 μετέθηκε
759 311 822 360 τὴν
843 311 976 366 εὕρεσιν
993 314 1056 358 τ’ἥς
1084 311 1165 349 ἐτυ-

138 383 313 435 μολογίας.

191 445 373 490 Heynius:
388 455 403 471 «
415 433 676 486 Reperiuntur
687 431 820 468 eadem
836 442 896 481 ap.
908 429 1032 467 schol.
1046 429 1163 480 Apol·

137 501 230 539 lonii
247 504 264 538 I
279 529 289 546 ‚
318 509 413 547 292,
432 493 535 531 unde
557 491 667 529 simul
686 489 946 528 emendandus
962 488 1164 538 Etymolo-

139 573 208 610 gus
224 573 232 596 :
251 554 481 607 ejiciendum
515 550 617 588 enim
651 547 755 603 φησὶν
776 557 814 587 et
833 547 893 586 καὶ
917 547 1048 598 [Quod
1076 547 1167 597 qui—

143 618 229 655 dem
264 627 341 652 non
361 620 417 650 est
445 608 740 659 necessarium],
771 615 809 646 et
838 607 890 645 sic
907 605 1167 644 continuanda

139 675 283 713 oratio:
311 669 418 724 εὑρὼν
493 666 576 720 παρ’
598 665 872 720 Ἀπολλοδώρῳ,
895 663 949 703 ὅτι
1049 663 1167 718 οὐρὰν,

140 730 308 783 μετέθηκε
324 727 386 774 τὴν
404 725 473 778 εὕρ.
492 728 620 774 Quum
651 724 714 762 ille
734 724 892 762 dixisset
912 736 959 760 ex
976 727 1081 760 κινεῖν
1103 721 1167 768 τὴν

138 788 241 844 οὐρὰν
263 789 401 826 factam
417 782 573 837 κινυρὴν,
594 796 696 821 nunc
718 783 821 835 Apio
841 795 863 820 a
881 781 1002 820 τείνειν
1026 779 1089 828 τὴν
1112 782 1169 819 οὖ-

140 847 202 903 ρὰν
219 848 380 886 duxerat
398 847 559 897 ταῦρον.»

608 905 698 944 218.

191 973 304 1019 Etym
321 982 329 1005 :
345 965 468 1021 Κόρση
481 996 492 1015 ,
508 968 531 1012 ἡ
551 964 698 1019 κεφαλή.
714 963 780 1007 Ὡς
802 962 866 1015 μὲν
894 961 1170 1015 Ἀπολλόδωρος,

139 1029 178 1067 ἔκ
195 1031 254 1067 τοῦ
276 1027 518 1080 κορυφοῦσθαι.
539 1025 595 1064 Cf.
619 1023 783 1073 Hesych.

193 1145 323 1183 Idem:
344 1145 490 1196 Κρῆτες.
564 1144 582 1180 ὁ
601 1139 858 1193 Ἀπολλόδωρος
877 1137 973 1190 παρὰ
995 1137 1035 1176 τὸ
1057 1130 1094 1175 εῧ
1110 1152 1172 1174 κε-

141 1206 291 1256 κρᾶσθαι
303 1202 362 1241 τὸν
382 1200 463 1254 περὶ
494 1199 557 1246 τὴν
577 1201 682 1246 νῆσον
701 1198 798 1251 ἀέρα.
820 1197 927 1236 Idem
945 1196 1106 1234 affertur
1126 1209 1172 1233 ex

140 1263 284 1300 Lexico
296 1264 377 1299 MS.
392 1261 438 1298 ad
458 1258 727 1300 Callimach.in
738 1260 825 1295 Jov.
844 1270 881 1306 9,
899 1269 936 1306 p.
953 1255 990 1303 6,
1009 1255 1040 1292 si
1060 1253 1174 1291 modo

142 1322 181 1358 ἐκ
195 1319 318 1358 τούτου
336 1317 440 1372 φασὶν
458 1316 683 1365 Apollodori
701 1324 770 1353 est.
788 1316 948 1353 Meliora
964 1313 1029 1351 dat
1043 1313 1172 1364 Steph.

141 1382 230 1429 Byz.
250 1380 286 1415 in
301 1381 424 1416 Creta.
440 1381 562 1424 Heyn.
614 1433 692 1471 220

195 1500 320 1538 Idem:
337 1497 513 1551 Κρόταφοι
578 1499 624 1542 ὡς
638 1495 676 1535 δὲ
692 1495 960 1550 Ἀπολλόδωρος,
975 1494 1028 1535 ὅτι
1047 1511 1175 1548 συγκε-

141 1557 329 1611 κρότηνται
349 1556 605 1610 ἀμφοτέρωθεν.

194 1675 317 1714 Idem:
330 1672 577 1728 Ὀρσοθύρη·...
588 1672 672 1726 φησὶ
691 1671 726 1711 δὲ
737 1670 993 1726 Ἀπολλόδωρος
1005 1670 1175 1726 ὄρσορόκα

140 1733 202 1771 ὑπ’
232 1732 330 1772 ἐνίων
349 1731 512 1784 λέγεσθαι
526 1762 537 1781 ,
565 1731 608 1769 δι’
633 1726 674 1779 ἧς
708 1730 748 1769 τὸ
779 1729 872 1784 ὕδωρ
908 1731 1061 1785 ὄρνυται.
1092 1735 1175 1769 Hoc

141 1792 273 1830 saltem
293 1800 391 1830 esset
409 1792 603 1845 ὄρσορῶγα,
632 1804 654 1827 a
671 1787 738 1842 ρώξ
752 1818 763 1835 ,
790 1791 940 1835 fissura3
955 1790 1020 1827 vix
1049 1798 1175 1828 tamen

141 1863 233 1888 sana
249 1860 304 1888 est
320 1863 410 1888 vox.
427 1849 703 1888 Substituenda
719 1848 841 1885 videri
861 1856 990 1898 potest
1007 1846 1174 1901 ὄρσύδρα,

141 1921 256 1958 quam
277 1908 449 1946 Eustath.
470 1907 519 1945 ad
536 1915 670 1944 notum
688 1905 826 1955 odyss.
847 1907 999 1957 (XXII,
1021 1921 1034 1942 1
1046 1907 1108 1955 32,
1126 1907 1173 1944 al.

147 1966 331 2018 126,333)
348 1967 475 2004 locum
500 1965 549 2002 de
565 1963 734 2017 ὀρσοθύρη
752 1964 924 2015 exponit.
939 1967 1063 2013 Heyn.

197 2082 305 2121 Idem
321 2098 330 2120 ε
347 2080 479 2135 Ὀσφύς
548 2082 594 2124 ὣς
608 2022 922 2134 ἕὲὲξῖπολλόδωρος
933 2111 943 2128 ,
958 2080 1060 2118 οἱονεὶ
1077 2082 1176 2119 ὀστο-

143 2237 241 2269 quam
258 2229 417 2269 repererat
432 2226 516 2267 apud
534 2224 767 2266 Apollodorum
782 2224 1012 2265 etymologiam
1030 2224 1071 2257 ad
1086 2224 1174 2257 aliud

143 2284 262 2307 nomen
279 2274 444 2315 applicans
460 2273 492 2305 in
507 2281 603 2305 suum
621 2280 716 2304 usum
733 2271 902 2303 convertit.

186 2379 295 2423 Κὸρση
307 2404 316 2420 ,
335 2381 461 2420 caput,
480 2379 520 2411 ut
539 2377 755 2419 Apollodorus
776 2376 907 2418 quidem
934 2375 1032 2415 dicit,
1050 2384 1069 2408 a
1088 2386 1176 2419 κορυ-

143 2428 275 2469 φοῦσθαι
294 2427 304 2466 (
315 2425 540 2467 sastiqiari).

184 2534 318 2575 Κρῆτες,
333 2532 515 2564 cretenses.
531 2529 746 2571 Apollodorus
758 2529 820 2561 hoc
833 2528 1029 2560 vocabulum
1042 2528 1176 2560 deducit

145 2588 163 2610 a
175 2579 342 2621 κεκρᾶσθαι
361 2578 611 2618 (temperatum
626 2575 716 2617 esse)
732 2599 741 2615 ‚
758 2576 833 2617 quia
846 2584 899 2607 aer
915 2575 947 2606 in
962 2577 1058 2607 Creta
1071 2575 1176 2607 insula

146 2626 225 2658 bene
241 2628 438 2666 temperatus
453 2624 506 2657 sit.

617 2678 709 2712 220.

187 2732 341 2774 Κρόταφοι
379 2732 390 2772 (
407 2734 560 2773 tempora
575 2731 587 2772 )
630 2729 808 2763 secundum
839 2728 1071 2770 Apollodorum
1097 2729 1175 2769 quia

148 2781 310 2820 utrimque
332 2778 591 2822 συγκεκρότηνται
603 2800 612 2817 ,
629 2779 703 2818 apte
714 2779 842 2809 coeunt.

190 2884 358 2926 Ὀρσοθύρη
376 2884 492 2925 (porta
514 2883 598 2922 alta,
615 2883 653 2915 ut
673 2882 821 2921 videtur,
846 2880 886 2913 ad
903 2889 1000 2922 quam
1021 2880 1174 2921 gradibus

149 2930 372 2970 adscenditur;
391 2931 432 2962 ab
447 2931 554 2973 ὄρνυμι
571 2933 603 2962 et
620 2930 695 2972 θύρα
707 2930 730 2970 ).
747 2928 962 2970 Apollodorus
977 2929 1024 2960 ait
1039 2928 1174 2959 nonnul-

150 2977 198 3008 los
213 2978 309 3008 etiam
325 2978 457 3020 ὀρσύδρα
473 2977 578 3009 dicere
592 2976 633 3009 ab
649 2977 756 3019 ὄρνυμι
769 2977 802 3008 et
817 2976 909 3018 ὕδωρ,
928 2975 950 3006 i.
967 2983 996 3007 e.
1015 2974 1172 3011 foramen,

151 3023 237 3054 unde
253 3032 334 3063 aqua
350 3025 509 3056 concitato
527 3033 623 3056 cursu
644 3023 782 3065 prosilit.

194 3127 323 3167 Ὀσφύς,
342 3135 445 3164 coxa,
465 3078 898 3170 secundu312issouodorum
914 3127 1000 3160 dicta
1015 3130 1083 3168 est,
1099 3127 1176 3168 quia

154 3173 197 3204 sit
214 3173 306 3213 quasi
322 3174 472 3215 ὀστοφυής
483 3198 492 3214 ,
510 3183 615 3207 ossea.

648 3229 710 3260 23.

196 3279 319 3319 Πώγων
336 3278 494 3319 (barba),
514 3229 690 3311 secund²um
707 3280 937 3321 Apollodorum
954 3279 1040 3321 quod
1059 3278 1177 3311 indicat

155 3326 244 3406 {tneor
260 3324 378 3363 ἡλικίας
390 3349 399 3363 ,
415 3328 542 3357 aetatem
557 3326 623 3366 jam
641 3326 765 3358 firmam
782 3330 815 3358 et
830 3326 994 3366 stabilem,
1010 3327 1033 3358 i.
1047 3335 1075 3358 e.
1091 3325 1176 3358 adul-

172 3382 234 3405 am.

1219 308 1268 346 da
1283 308 1519 360 legebantur,
1531 308 1598 346 ubi
1616 307 1758 344 delevit
1775 320 1820 344 ea
1837 306 2026 345 Gaisford.

1275 424 1385 462 Idem
1401 438 1409 461 z
1425 423 1584 474 Πώγων·
1601 424 1648 466 ὡς
1677 420 1740 474 μὲν
1767 421 2042 475 Ἀπολλόδωρος,
2060 419 2114 459 ὅτι
2145 419 2265 468 πῆξιν*

1219 484 1358 532 ἡλικίας
1380 483 1557 536 σημαίνει.

1698 535 1788 574 224.

1274 595 1401 633 Idem:
1417 593 1542 647 Ῥάχις
1556 609 1564 617 ·
1591 595 1637 637 ὡς
1675 591 1737 644 μὲν
1774 591 2054 646 Ἀπολλόδωρος,
2089 591 2159 631 ἀπὸ
2191 594 2252 630 τοῦ

1224 651 1318 706 ῥῆξιν
1347 645 1436 691 εἶναι
1470 652 1530 691 καὶ
1555 650 1600 690 τὰ
1624 650 1717 696 δεξιὰ
1749 651 1838 704 μέρη
1875 650 2062 704 διακρίνειν
2093 648 2165 688 ἀπὸ
2181 651 2251 688 τῶν

1223 711 1420 762 εὐωνύμων.
1440 712 1496 750 Cf.
1515 711 1651 748 Suidas
1670 711 1707 748 h.
1722 725 1774 757 v.‚
1794 710 1980 758 Eustath.‚
1994 710 2041 748 al.

1703 769 1793 806 225.

1278 823 1384 861 Idem
1398 837 1406 860 ε
1424 815 1538 861 ῗΩτα.
1554 820 1812 874 Ἀπολλόδωρος
1829 818 1906 871 μὲν,
1928 818 1998 858 ἀπὸ
2013 822 2073 857 τοῦ
2094 817 2256 872 δέχεσθαι

1224 880 1287 929 τὴν
1307 880 1425 920 ὄσσαν.

1693 931 1784 971 226.

1279 993 1438 1031 Photius
1473 992 1614 1030 Lexico
1647 1007 1655 1029 :
1695 990 1877 1042 Μέλασμα
1897 1003 1906 1011 ·
1941 988 1981 1028 τὸ
2027 986 2152 1040 βάμμα
2197 989 2258 1035 τῆς

1227 1052 1392 1103 κεφαλῆς.
1412 1050 1681 1103 Ἀπολλόδωρος.
1708 1050 1845 1088 Pollux
1869 1051 1928 1096 11,
1952 1049 2000 1085 35
2023 1063 2031 1085 :
2057 1047 2259 1098 Μέλασμα,

1227 1109 1267 1147 τὸ
1287 1112 1348 1156 τῆς
1359 1107 1471 1160 κόμης
1493 1108 1631 1160 βάμμα.
1706 1165 1729 1203 2

1283 1225 1390 1263 Idem
1405 1239 1414 1262 :
1429 1224 1600 1265 Πελικάν·
1616 1224 1764 1263 Βοιωτοὶ
1781 1223 1844 1271 τὴν
1865 1222 2003 1270 ξυλίνην
2023 1221 2187 1269 λεκάνην,
2205 1219 2262 1258 διὰ

1228 1284 1269 1323 τὸ
1286 1285 1598 1331 ἕκπεπελεκῆσθαι.
1623 1282 1881 1337 Ἀπολλόδωρος
1907 1280 1943 1319 δὲ
1973 1279 2141 1333 ποτηρίου
2163 1272 2262 1322 εἶδος.

1228 1347 1276 1382 V.
1299 1343 1444 1381 Polluc.
1461 1346 1501 1381 X
1517 1372 1528 1391 ‚
1550 1344 1612 1391 78,
1627 1350 1666 1380 et
1684 1342 1850 1392 Hesych.

1282 1458 1418 1498 Idem:
1440 1458 1686 1514 Σκιαγροίφος,
1704 1461 1723 1497 ὁ
1756 1461 1817 1498 νῦν
1850 1455 2102 1511 σκηνογράφος.
2139 1452 2263 1498 Οὕτως

1230 1517 1500 1571 Ἀπολλόδωρος.
1523 1521 1606 1556 Hoc
1639 1526 1787 1569 spectat
1816 1517 1865 1555 ad
1895 1515 2169 1568 Apollodorum
2200 1514 2264 1564 pi-

1230 1586 1396 1623 ctorem,
1421 1577 1469 1615 de
1489 1590 1568 1627 quo
1587 1590 1624 1614 v.
1657 1577 1806 1614 Miiller.
1840 1575 2079 1624 Archaeolog.
2108 1577 2128 1620 S
2169 1573 2263 1619 134,

1230 1650 1313 1687 sqq.
1328 1640 1386 1674 De
1399 1644 1504 1674 arcta
1527 1635 1774 1686 sciagraphiae
1797 1644 1835 1672 et
1861 1632 2146 1684 scenographiae
2164 1643 2261 1668 con-

1225 1693 1425 1744 junctione
1442 1708 1478 1732 v.
1497 1693 1804 1788 SchneideZQEcl.
1819 1693 1931 1742 Phys.
1947 1696 2045 1730 Ann.
2066 1705 2104 1742 p.
2124 1689 2212 1726 265.

1739 1751 1776 1789 9.

1284 1806 1437 1846 Suidas:
1450 1804 1581 1853 Κύὸος,
1594 1810 1664 1842 πᾶν
1678 1803 1906 1857 τετράγωνον.
1916 1801 2044 1850 Κύὸος,
2053 1805 2071 1840 ὁ
2088 1802 2264 1841 κύκλωθεν

1233 1865 1334 1918 βάσιν
1355 1863 1459 1916 ἔχων.
1481 1861 1738 1916 Ἀπολλόδωρος
1755 1861 1825 1900 ἀπὸ
1837 1864 1899 1908 τῆς
1915 1860 2108 1915 κυφότητος
2120 1877 2127 1885 ·
2143 1861 2183 1900 τὸ
2198 1860 2267 1914 γὰρ

1231 1923 1289 1962 ἐπὶ
1314 1921 1468 1976 κεφαλὴν
1497 1923 1703 1967 κυλισθῆναι
1727 1920 1941 1967 >coeloram
1977 1918 2109 1971 ἔλεγον.
2140 1919 2209 1959 Καὶ
2230 1920 2266 1958 ἐν

1232 1979 1504 2035 Ἐπιγρᾶμματι
1518 1996 1526 2004 ·

1749 2042 1817 2074 ow
1831 2042 1876 2074 ὅτι
1891 2042 1991 2084 ῥίπτω

1319 2091 1420 2124 πάντα
1431 2091 1526 2124 κΰὸον
1543 2091 1676 2132 κεφαλῆς
1689 2091 1754 2122 αἰὲν
1764 2090 1895 2132 ὕπερθεν
1911 2089 1998 2130 ἐμῆς.

1275 2281 1380 2323 Ῥάχις
1398 2281 1515 2322 (spz'na
1533 2279 1647 2318 dorsi)
1665 2279 1845 2312 secundum
1861 2276 2109 2320 Apollodorum,
2129 2287 2149 2310 a
2164 2279 2264 2320 ῥῆξις,

1234 2329 1310 2370 quia
1325 2328 1370 2360 ibi
1386 2328 1476 2361 fissio
1490 2330 1563 2369 est,
1580 2336 1655 2369 quae
1670 2327 1818 2359 dextram
1833 2325 1977 2367 corporis
1999 2326 2124 2366 partem
2140 2334 2161 2357 a
2182 2325 2266 2358 laeva

1235 2374 1400 2407 discernit.

1706 2425 1798 2458 225.

1275 2481 1357 2513 Ὦτα
1375 2478 1522 2521 (aures)
1536 2503 1545 2519 ‚
1559 2478 1637 2519 quia
1656 2477 1776 2517 ὄσσαν,
1793 2476 1815 2508 i.
1828 2485 1857 2508 e.
1871 2483 1985 2508 vocem
1997 2499 2007 2515 ‚
2023 2475 2209 2517 excipiunt,
2230 2477 2267 2506 ut

1235 2527 1450 2568 Apollodorus
1470 2526 1560 2558 dicit.

1707 2577 1794 2610 226.

1275 2632 1459 2674 Denigratio
1475 2630 1659 2673 (με’λασμα)
1670 2654 1680 2670 ,
1696 2637 1799 2661 comae
1814 2628 1967 2660 tinctura.

1274 2743 1426 2785 Πελικάν;
1444 2743 1491 2775 sic
1506 2742 1610 2775 Boeoti
1626 2742 1771 2774 catinum
1788 2739 1930 2780 ligneum
1947 2738 2110 2779 appellant
2125 2738 2256 2779 propter

1233 2790 1267 2822 τὸ
1283 2790 1566 2828 ἐκπεπελεκῆσθαι,
1582 2789 1603 2820 i.
1622 2797 1652 2820 e.
1670 2787 1746 2828 quia
1761 2785 1867 2818 securi
1887 2783 2048 2817 exciditur
2070 2785 2102 2815 et
2122 2783 2262 2824 compla-

1233 2840 1338 2869 natur.
1362 2836 1576 2879 Apollodorus
1596 2837 1747 2868 πελικᾶνα
1762 2831 1869 2875 poculi
1886 2832 2025 2874 speciem
2040 2839 2111 2864 esse
2126 2830 2214 2863 dicit.

1274 2941 1463 2985 Σκιαγράφος
1477 2940 1554 2982 (qui
1569 2940 1603 2972 in
1617 2939 1751 2981 picturis
1763 2937 1874 2981 φθορὰν
1889 2937 1942 2969 καὶ
1957 2935 2139 2978 ἀπόχρωσιν
2154 2937 2262 2973 σκιᾶς,

1232 2989 1392 3021 luminum
1408 2988 1663 3028 umbrarumque
1679 2986 1835 3018 rationem
1853 2983 2043 3023 observat),
2060 2982 2088 3014 is
2103 2981 2160 3022 qui
2175 2989 2264 3013 nunc

1233 3036 1351 3068 dicitur
1366 3034 1574 3077 σκηνογράφος
1593 3034 1671 3075 (qui
1688 3041 1800 3065 scenas
1816 3031 1920 3072 pingit
1934 3031 1957 3070 ).
1976 3029 2027 3062 Sic
2045 3027 2261 3070 Apollodorus

1233 3082 1460 3114 nominabatur
1481 3080 1681 3123 σκιαγράφος.

1275 3187 1376 3224 Κύὸος
1387 3210 1396 3227 ,
1414 3195 1510 3219 omne
1525 3185 1732 3227 quadratum.
1762 3183 1893 3215 Dictum
1908 3180 1996 3223 quod
2011 3180 2052 3213 ab
2067 3180 2156 3213 omni
2171 3180 2260 3221 parto

1234 3233 1327 3266 basin
1347 3234 1454 3266 habet.
1477 3233 1690 3274 Apollodorus
1706 3239 1783 3263 vero
1799 3230 1898 3262 tradit
1913 3228 1987 3261 inde
2003 3228 2127 3260 dictum
2142 3250 2152 3267 ‚
2170 3223 2257 3268 quod

1235 3281 1317 3313 inter
1335 3281 1519 3321 Jaciendum
1541 3288 1662 3322 pronus
1683 3277 1777 3319 quasi
1799 3277 1831 3308 in
1854 3277 1952 3317 caput
1973 3275 2193 3316 provolvatur.
2219 3271 2256 3305 Id

1234 3328 1318 3360 enim
1341 3329 1527 3366 κυὸιστῆσαι
1549 3326 1721 3359 vocabant.
1744 3326 1787 3356 Et
1803 3324 1835 3355 in
1856 3323 2118 3364 Epigrammate:
2139 3333 2154 3348 a
2176 3319 2258 3352 Novi

1236 3383 1287 3406 me
1303 3374 1423 3406 nullam
1439 3382 1503 3406 non
1521 3374 1561 3406 de
1577 3373 1680 3414 capite
1696 3372 1797 3404 aleam
1812 3371 1926 3411 iacere.
1946 3383 1962 3395 »ι
