2320 3684
111 169 186 205 108

633 158 1015 198 ΑΠΟΛΛΟΔΩΡΟΥ
1043 158 1391 199 ΒΙΒΛῙΟΘΗΚΗΣ
1418 161 1464 208 Α,
1498 158 1538 210 ε’,
1564 159 1607 204 ς’.

109 249 291 291 Ποσειδων
329 244 646 301 Ἥφαιστότευκτον
682 245 750 284 υπὸ
779 247 845 297 γῆν
886 243 1140 284 κατεσκεύασεν
1165 265 1171 308 Ι
1200 257 1338 290 Vulcani
1368 258 1504 291 artificio
1530 260 1757 291 exstruxerant
1783 258 1995 292 domicilium.
2028 260 2074 302 (4)
2098 262 2223 296 Aurora

109 303 215 347 οἷκον.
237 308 291 359 (4)
310 305 481 360 Ὠρίωνος
498 303 534 342 83
559 303 653 347 Ἠὼς
674 305 877 357 ἐρασθεῖσα,
905 302 1057 358 ἥρπασε,
1082 303 1142 342 καὶ

109 367 271 419 ἐκόμισεν
295 367 342 409 εἷς
365 366 499 411 Δῆλον·
525 361 635 400 ἐποίει
652 362 720 416 γὰρ
739 361 847 410 αὐτὴν
865 361 1048 417 Ἀφροδίτη
1057 377 1142 400 συν-

110 427 199 478 εχῶς
228 426 323 478 ἐρᾷν,
345 421 397 460 ὅτι
422 420 518 474 Αρει
535 419 761 467 συνευνασθη
788 421 842 471 (5)
863 419 910 460 ‘O
935 419 972 459 83
995 420 1142 475 Ὠρίων,

109 486 156 527 ὡς
187 481 251 534 μὲν
280 480 364 519 ἔνιοι
381 478 556 531 λέγουσιν,
584 477 759 532 ἀνῃρέθη,
780 478 950 518 δισκεύειν
977 478 1142 534 Ἄρτεμιν

109 538 413 595 προκαλούμενος·
440 538 486 581 ὡς
506 535 543 575 δέ
560 552 662 586 τινες,
683 535 886 589 βιαζόμενος
901 531 1031 587 Ὠπιν,
1059 537 1142 590 μίαν

109 602 179 638 τῶν
204 598 238 643 ἐξ
263 595 457 650 Υπερὸορέ
459 611 507 634 ων
536 595 831 650 παραγενομένων
857 595 1054 651 παρθένων,
1083 597 1142 635 ὑπ’

111 655 312 711 Ἀρτέμιδος
329 652 503 702 ἐτοξεύθη.

164 714 217 767 (6)
249 713 430 752 Ποσειδῶν
463 711 500 751 δὲ
520 711 747 767 Ἀμφιτρίτην
775 712 839 761 τὴν
869 713 1040 753 Ὠκεανοῦ
1074 730 1142 767 γα-

113 780 192 826 μεῖ·
221 772 281 812 καὶ
308 774 404 826 αὐτῷ
417 771 551 824 γίνεται
572 771 711 826 Τρίτων
728 773 788 812 καὶ
800 772 922 824 Ῥόδη,
947 774 990 822 ἣν
1018 773 1145 820 “maog

122 833 244 886 ἔγημε.

433 977 442 984 ,
473 946 723 979 ΚΕΦΑΛΑΙΟΝ
743 947 782 981 Ε.

166 1017 217 1068 (1)
238 1014 410 1056 Πλούτων
428 1014 465 1055 δὲ
484 1014 707 1070 Περσεφόνης
726 1016 898 1070 ἐρασθεὶς,
918 1016 1000 1062 Διὸς
1019 1033 1145 1071 συνερ-

111 1078 267 1127 γοῦντος,
301 1074 458 1128 ἥρπασεν
488 1073 597 1122 αὐτὴν
622 1073 750 1128 κρύφα,
776 1075 953 1130 Δήμητρα
987 1075 1023 1114 δὲ
1056 1076 1145 1128 μετὰ

111 1133 312 1186 λαμπάδων
329 1132 452 1178 νυκτός
470 1148 508 1171 τε
524 1132 585 1172 καὶ
602 1132 737 1186 ἡμέρας
753 1133 845 1172 κατὰ
861 1141 978 1173 πᾶσαν
997 1134 1061 1183 τὴν
1078 1138 1144 1186 γῆν

112 1195 266 1240 ζητοῦσα
293 1191 448 1246 περιῄει·
479 1194 640 1243 μαθοῦσα
669 1191 706 1230 83
730 1193 814 1246 παρ’
832 1191 1063 1247 Ἑρμιονέων,
1093 1193 1146 1232 ὅτι

113 1250 284 1291 Πλούτων
306 1250 415 1298 αὐτὴν
435 1249 607 1304 ἥρπασεν,
628 1250 834 1312 ὀργιζομένη
863 1255 950 1296 θεοῖς
976 1251 1144 1291 ἀπέλιπεν

111 1308 270 1383 οὖρανόν.
289 1310 306 1335 ²
329 1311 546 1349 Εἷκασθεῖσα
565 1308 601 1347 83
617 1310 769 1361 γυναικὶ,
781 1314 863 1357 ἡκεν
882 1312 929 1354 εἷς
946 1310 1145 1360 Ἐλευσῖνα,

111 1368 172 1406 καὶ
188 1382 327 1422 πρωτον
347 1367 409 1418 μὲν
434 1367 491 1406 ἐπὶ
515 1367 618 1415 τὴν’
599 1368 660 1406 απ’
680 1367 814 1415 ἐκείνης
835 1369 1023 1415 κληθεῖσαν
1045 1368 1147 1441 Ἀγέ-

112 1427 241 1464 λαστον
276 1425 416 1465 ἐκάθισε
445 1425 578 1479 πέτραν
604 1427 701 1482 παρὰ
723 1442 763 1465 το
790 1426 1012 1481 Καλλίχορον
1037 1427 1146 1482 φρέαρ

112 1483 346 1536 καλούμενον.
368 1486 385 1511 3
404 1483 557 1524 Ἔπειτα
572 1484 657 1540 πρὸς
674 1484 804 1524 Κελεὸν
823 1486 970 1524 ἐλθοῦσα
979 1485 1038 1524 τὸν
1049 1489 1147 1539 βασι-

112 1541 261 1581 λεύοντα
276 1542 355 1581 τότε
375 1542 616 1592 Ἐλευσινίων,
637 1542 733 1582 ἔνδον
751 1544 864 1582 οὐσῶν
884 1546 1072 1596 γυναικῶν,
1086 1545 1146 1584 καὶ

111 1603 288 1652 λεγουσῶν
314 1599 447 1639 τούτων
477 1601 561 1655 παρ’
588 1600 695 1646 αὑτὰς
719 1600 938 1652 καθέζεσθαι,
957 1603 1064 1657 γραῖά
1082 1619 1146 1653 τις,

114 1660 264 1712 Ἰάμὸη,
291 1659 484 1714 σκώψασα,
506 1659 570 1708 τὴν
599 1660 674 1700 θεὸν
698 1660 842 1709 ἐποίησε
862 1662 1052 1713 μειδιάσαι.
1079 1661 1148 1702 Διὰ

112 1723 216 1758 τοῦτο
240 1722 275 1758 ἐν
304 1725 375 1763 τοῖς
400 1719 656 1774 Θεσμοφορίοις
680 1718 743 1765 τὰς
774 1726 941 1772 γυναῖκας
973 1721 1146 1761 σκώπτειν

113 1778 289 1831 λέγουσιν.

166 1838 184 1863 4
202 1836 332 1880 Ὄντος
351 1835 387 1876 83
402 1839 447 1889 τῇ
466 1839 527 1875 τοῦ
540 1838 672 1876 Κελεοῦ
686 1837 825 1888 γυναικὶ
843 1838 1044 1893 Μετανείρᾳ
1059 1855 1147 1878 παι-

115 1896 202 1945 δίου,
226 1900 329 1934 τοῦτο
359 1895 497 1949 ἔτρεφεν
524 1898 546 1942 ἡ
572 1895 748 1950 Δημήτηρ
769 1897 1044 1950 παραλαὸοῦσα·
1064 1901 1150 1951 βου-

114 1954 248 2006 λομένη
295 1953 332 1992 δὲ
371 1954 456 1992 αὒτὸ
487 1954 659 1993 ἀθάνατον
711 1957 876 2004 ποιῆσαι,
919 1955 982 2000 τὰς
1025 1956 1149 2002 νύκτας

115 2030 163 2058 εις
179 2017 249 2067 πῦρ
275 2012 448 2051 κατετίθει
472 2012 512 2051 τὸ
538 2011 674 2067 βρέφος,
692 2013 752 2051 και
771 2014 929 2068 περιῄρει
945 2014 1007 2059 τὰς
1024 2015 1150 2064 θνητὰς

116 2072 249 2126 σάρκας
277 2073 397 2120 αὐτοῦ,
417 2071 494 2109 καθ’
519 2070 656 2126 ἡμέραν
692 2071 729 2110 83
765 2072 969 2126 παραδόξως
1000 2073 1150 2119 αὐξανο-

117 2130 224 2182 μένου
242 2134 304 2169 τοῦ
323 2132 572 2184 Δημοφῶντος,
592 2134 695 2169 τοῦτο
707 2127 811 2184 γὰρ
787 2148 830 2179 ην
846 2131 957 2184 ὄνομα
973 2135 1023 2187 τῷ
1036 2133 1149 2183 παιδὶ,

117 2188 312 2243 ἐπετήρησε
330 2188 549 2244 Μετάνειρα,
566 2189 600 2228 τί
617 2190 768 2244 πράσσει
780 2191 891 2243 ἡζθεά.
908 2192 981 2231 Καὶ
994 2194 1151 2231 καταλα-

117 2249 229 2287 δοῦσα
259 2250 306 2292 εἷς
325 2252 394 2302 πῦρ
419 2247 714 2303 ἐγκεκρυμμένον,
741 2249 928 2298 ἀνεὸόησε·
963 2250 1082 2306 διόπερ
1110 2251 1150 2291 τὸ

119 2306 182 2359 μὲν
205 2306 328 2361 βρέφος
347 2306 414 2345 ὑπὸ
431 2310 491 2345 τοῦ
511 2306 617 2360 πυρὸς
638 2307 820 2358 ἀνηλώθη,
844 2312 866 2356 ἡ
892 2309 953 2348 θεὰ
979 2309 1015 2348 83
1041 2310 1149 2358 αὑτὴν

118 2365 272 2420 ἐξέφηνε.
311 2365 364 2418 (2)
393 2365 630 2420 Τριπτολέμῳ
664 2366 713 2416 83,
742 2370 792 2420 τῷ
817 2368 1044 2423 πρεσὸυτέρῳ
1079 2372 1148 2408 τῶν

118 2424 336 2479 Μετανείρας
357 2424 506 2473 παίδων,
535 2424 652 2479 δίφρον
682 2427 978 2466 κατασκευάσασα
1006 2431 1148 2476 πτηνῶν

120 2482 331 2537 δρακόντων,
351 2483 410 2521 καὶ
430 2483 538 2537 πυρὸν
556 2483 698 2533 ἔδωκεν,
717 2479 746 2538 ᾧ
764 2484 828 2532 τὴν
843 2484 927 2534 ὅλην
942 2487 1148 2538 οἰκουμένην

120 2542 164 2580 δι’
190 2545 337 2596 οὐρανοῦ
355 2540 535 2596 αἰρόμενος
553 2542 771 2597 κατέσπειρε·
793 2544 974 2588 Πανύασις
994 2544 1031 2583 δὲ
1064 2547 1151 2599 Τρι-

120 2599 294 2652 πτόλεμον
303 2600 503 2644 Ἐλευσῖνος
518 2599 633 2652 λέγει·
651 2601 736 2654 φησὶ
756 2601 836 2656 γὰρ,
855 2602 1048 2656 Δήμητραν
1067 2604 1151 2658 πρὸς

121 2659 224 2698 αὐτὸν
257 2660 379 2698 ἐλθεῖν.
411 2658 615 2714 Φερεκύδης
650 2659 688 2698 δέ
711 2675 816 2714 φησιν
843 2661 946 2700 αὐτὸν
977 2662 1150 2701 Ὠκεανοῦ

120 2717 179 2756 καὶ
199 2720 281 2765 Γῆς.

175 2777 225 2829 (3)
251 2776 330 2821 Διὸς
350 2776 386 2815 δὲ
407 2776 595 2816 Πλούτωνι
613 2776 677 2825 τὴν
707 2776 825 2831 Κόρην
854 2777 1061 2832 ἀναπέμψαι
1089 2795 1151 2818 κε-

122 2834 322 2884 λεύσαντος,
350 2837 368 2874 ὁ
401 2834 587 2885 Πλούτων,
619 2834 677 2875 ἵνα
704 2835 754 2887 μὴ
777 2835 886 2875 πολὺν
913 2835 1036 2890 χρόνον
1056 2838 1153 2891 παρὰ

123 2896 166 2944 τῇ
205 2894 311 2946 μητρὶ
353 2894 547 2967 καταμείνῃ
564 2925 574 2943 ,
613 2897 707 2948 ῥοιᾶς
740 2894 867 2934 ἔδωκεν
905 2897 993 2948 αὐτῇ
1030 2903 1151 2950 φαγεῖν

122 2950 260 2990 κόκκον.
278 2950 325 2991 ‘11
344 2952 392 3002 83,
421 2955 460 2991 οὐ
476 2953 706 3008 προειδομένη
723 2953 764 2993 τὸ
783 2953 1064 3006 συμὸησόμενον,
1083 2971 1153 2994 κα-

122 3010 323 3057 τηνάλωσεν
370 3011 486 3051 αὐτόν.
529 3013 920 3068 Καταμαρτυρήσαντος
957 3012 994 3053 83
1047 3016 1154 3062 αὖτης

131 3067 363 3122 Ασκαλάφου,
378 3074 438 3108 τοῦ
461 3070 663 3124 Ἀχέροντος
675 3072 734 3110 καὶ
751 3071 941 3126 Γοργύρας,
960 3071 1072 3126 τούτῳ
1089 3072 1132 3124 μὲ
1117 3089 1151 3111 ,ν

126 3126 300 3180 Δημήτηρ
329 3130 363 3166 ἐν
391 3128 496 3184 ᾼδου
529 3133 670 3184 βαρεῖαν
697 3130 846 3179 ἐπέθηκε
875 3130 1026 3185 πέτραν·
1056 3134 1154 3186 Περ-

124 3182 252 3237 σεφόνη
289 3183 324 3222 δὲ
360 3168 437 3224 καθ’
469 3187 614 3227 ἕκαστον
646 3189 824 3239 ἐνιαυτὸν,
857 3189 898 3228 τὸ
926 3189 988 3241 μὲν
1017 3190 1154 3244 τρίτον,

126 3242 215 3293 μετὰ
239 3244 447 3288 Πλούτωνος
475 3247 681 3298 ηναγκάσθη
716 3248 798 3299 μένε
784 3265 846 3298 ειν,
878 3249 918 3288 τὸ
952 3248 987 3287 83
1020 3249 1155 3298 λοιπὸν,

126 3301 223 3355 παρὰ
247 3307 317 3345 τοῖς
345 3305 444 3346 θεοῖς.
467 3306 556 3357 Περὶ
586 3305 647 3356 μὲν
669 3310 727 3345 οὐν
757 3307 944 3361 Δήμητρος
962 3312 1073 3346 ταῦτα
1099 3306 1157 3346 λέ-

125 3375 235 3412 γε’ῗαῖ,

1200 324 1278 348 vero
1293 317 1423 349 Orionis
1439 325 1548 349 amore
1561 319 1655 358 capta
1662 316 1767 358 rapuit
1775 325 1851 349 eum
1863 317 1940 350 etin
1954 317 2070 351 Delum
2082 319 2222 351 insulam

1200 373 1379 406 transtulit.
1393 375 1475 407 Nam
1489 377 1601 407 Venus
1619 375 1774 415 perpetuo
1789 374 1878 406 illam
1891 397 1901 414 ‚
1923 375 2043 416 quippe
2057 384 2132 417 quae
2147 385 2223 408 cum

1201 433 1304 465 Marte
1317 441 1443 465 amores
1461 433 1677 472 exercuisset,
1695 433 1810 465 ardore
1831 433 2007 466 cruciabat.
2032 434 2079 475 (5)
2101 437 2224 467 Verum

1201 490 1388 524 interfectus
1395 492 1446 524 est
1456 491 1567 532 Orion,
1579 493 1617 524 ut
1626 492 1772 524 nonnulli
1788 493 1930 531 narrant,
1943 492 2020 533 quia
2031 493 2167 525 Dianam
2183 493 2225 526 ad

1201 549 1283 582 disci
1294 553 1455 584 certamen
1468 553 1711 593 provocaverat3
1723 552 1902 584 secundum
1912 552 1992 584 alios
2002 553 2124 594 autem,
2137 553 2226 594 quod

1202 607 1276 648 Opi,
1289 608 1346 640 uni
1363 617 1381 641 e
1392 609 1583 651 virginibus,
1598 618 1672 650 quae
1687 609 1728 641 ab
1741 609 1958 650 Hyperboreis
1970 611 2141 650 venerant,
2157 610 2225 642 vim

1202 666 1320 699 inferre
1333 667 1448 708 voluit,
1466 676 1485 699 a
1499 668 1602 700 Diana
1616 667 1741 708 sagittis
1757 667 1904 699 confixus
1916 670 1977 700 est.

1243 725 1289 767 (6)
1303 727 1471 768 Neptunus
1483 727 1517 759 in
1529 728 1771 759 matrimonium
1785 727 1880 760 duxit
1891 727 2120 768 Amphitriten,
2133 728 2227 759 Ocea-

1202 783 1236 816 ni
1250 783 1363 826 filiam,
1377 794 1419 818 ex
1437 794 1539 828 eaque
1554 786 1584 820 ei
1596 786 1664 819 nati
1681 789 1758 818 sunt
1770 786 1884 819 Triton
1895 787 1928 819 et
1939 785 2064 826 Rhode,
2077 794 2152 828 quae
2161 786 2227 819 Soli

1203 849 1323 890 nupsit.

1664 909 1754 917 -ι

1617 954 1756 986 CAPUT
1771 955 1812 986 V.

1244 1020 1293 1062 (1)
1316 1019 1412 1053 Pluto
1432 1021 1635 1063 Proserpinae
1662 1031 1772 1055 amore
1801 1021 2022 1055 inflammatus
2046 1029 2119 1055 eam
2136 1022 2231 1055 Jovis

1204 1079 1326 1111 auxilio
1338 1079 1448 1111 furtim
1462 1080 1581 1121 rapuit.
1595 1082 1638 1113 At
1653 1082 1750 1114 Ceres
1757 1081 1901 1113 accensis
1913 1080 2037 1113 facibus
2052 1082 2153 1113 noctu
2165 1080 2243 1113 diu--

1204 1149 1268 1181 que
1295 1140 1489 1173 universum
1518 1143 1678 1174 terrarum
1705 1142 1817 1175 orbem
1847 1142 2038 1183 vestigando
2067 1141 2229 1174 lustravit.

1205 1201 1316 1237 Quum
1333 1208 1410 1232 vero
1425 1208 1466 1232 ex
1486 1200 1779 1233 Hermionensibus
1794 1200 1952 1234 audiisset
1967 1201 2140 1233 Plutonem
2160 1209 2231 1233 eam

1205 1257 1361 1298 rapuisse,
1376 1257 1440 1290 diis
1446 1258 1528 1290 irata
1540 1258 1658 1290 melum
1668 1258 1810 1299 reliquit,
1824 1261 1839 1280 ⁹
1849 1259 2040 1300 mortalique
2055 1259 2234 1292 assimilata

1205 1315 1333 1347 mulieri
1347 1315 1534 1348 Eleusinem
1546 1316 1647 1356 venit,
1667 1325 1705 1348 ac
1719 1316 1824 1357 primo
1836 1317 1971 1358 quidem
1990 1317 2026 1349 in
2039 1317 2159 1359 lapide,
2175 1318 2233 1359 qui

1205 1383 1225 1406 a
1240 1373 1309 1406 deae
1323 1382 1464 1407 moerore
1478 1375 1665 1415 ἈγεἋασι-ος
1679 1375 1867 1408 nominatus
1882 1377 1944 1416 est,
1957 1376 2000 1408 ad
2014 1376 2234 1410 Callichorum

1205 1434 1342 1474 puteum
1364 1434 1523 1467 consedit.
1544 1444 1558 1463 ³
1571 1434 1694 1467 Deinde
1709 1435 1749 1467 ad
1763 1435 1895 1469 celeum
1907 1435 2147 1468 Eleusinioi-nm
2161 1437 2234 1470 tum

1205 1492 1359 1533 temporis
1372 1501 1478 1534 regem
1490 1493 1633 1534 prosecta
1646 1495 1707 1534 est,
1725 1493 1780 1526 ubi
1794 1503 1897 1535 quum
1910 1503 1930 1527 a
1942 1494 2145 1536 mulieribus,
2159 1503 2235 1537 quae

1206 1553 1297 1583 erant
1309 1551 1343 1583 in
1357 1552 1427 1592 ejus
1440 1551 1550 1592 domo,
1567 1554 1603 1585 ut
1618 1553 1772 1585 assideret
1787 1554 1964 1594 rogaretur,
1973 1562 2055 1586 anus
2068 1554 2233 1594 quaedam,

1206 1610 1262 1642 cui
1273 1609 1384 1642 Iambe
1396 1619 1526 1651 nomen,
1539 1612 1632 1653 jocos
1655 1612 1688 1644 et
1701 1611 1835 1644 dicteria
1846 1612 1994 1653 iaciendo
2009 1611 2104 1645 deam
2117 1612 2235 1645 exhila-

1207 1669 1301 1701 ravit.
1317 1671 1391 1707 Quo
1406 1669 1527 1702 sactum
1543 1678 1614 1702 esse
1629 1670 1763 1711 dicunt,
1782 1671 1868 1704 utin
1887 1671 2152 1713 Thesmophoriis
2168 1677 2235 1704 rnu-

1206 1727 1301 1760 lieres
1319 1727 1454 1760 dicteria
1465 1728 1613 1770 jactitare
1626 1729 1760 1762 soleant.

1248 1846 1263 1866 ⁴
1283 1842 1378 1876 celeo
1391 1851 1433 1876 ex
1445 1844 1602 1876 Metanira
1616 1845 1752 1886 conjuge
1768 1845 1923 1887 parvulus
1929 1845 2037 1878 adhuc
2043 1845 2129 1878 filius
2141 1847 2233 1879 erat:

1208 1900 1297 1933 hunc
1318 1903 1502 1935 assumtum
1521 1905 1618 1936 Ceres
1630 1903 1811 1943 nutriebat,
1829 1905 1880 1944 et,
1899 1913 2003 1946 quum
2017 1901 2235 1938 immortalem

1208 1960 1339 1993 reddere
1353 1961 1466 2002 vellet,
1487 1963 1585 1994 noctu
1609 1962 1643 1994 in
1666 1963 1738 2003 igne
1759 1963 1910 2004 deposuit
1933 1963 2091 1996 infantem
2103 1985 2114 2000 ‚
2137 1965 2237 2006 atque

1208 2019 1367 2061 quidquid
1381 2020 1416 2052 in
1433 2020 1519 2053 illius
1534 2029 1667 2062 corpore
1680 2022 1816 2054 mortale
1833 2022 1953 2063 inerat,
1968 2022 2102 2055 ademit.
2122 2025 2237 2064 Itaque

1209 2086 1313 2118 quum
1326 2078 1359 2109 in
1369 2077 1438 2110 dies
1451 2087 1543 2119 puer,
1560 2079 1614 2110 cui
1628 2079 1848 2120 Demophonti
1863 2088 1994 2119 nomen,
2004 2082 2121 2122 praeter
2136 2089 2236 2121 quam

1208 2135 1277 2167 fieri
1289 2136 1371 2168 solet
1382 2139 1548 2177 cresceret,
1562 2138 1665 2170 mater
1679 2137 1834 2178 quidnam
1841 2137 1901 2170 dea
1910 2138 2028 2171 faceret
2037 2138 2235 2172 observavit.

1209 2196 1290 2233 Quoe
1302 2204 1406 2236 quum
1418 2195 1491 2237 igne
1506 2198 1695 2238 coopertum
1707 2196 1972 2238 deprehendisset
1981 2197 2115 2230 filiolum
2127 2200 2161 2231 et
2172 2199 2235 2231 cla·

1209 2262 1332 2286 morem
1347 2255 1467 2295 ederet,
1483 2264 1565 2297 puer
1578 2256 1651 2296 igne
1663 2258 1855 2290 consumtus
1878 2259 1940 2297 est,
1971 2266 2069 2298 seque
2081 2258 2152 2299 ipsa
2177 2258 2238 2291 dea

1209 2313 1300 2346 dedit
1315 2314 1561 2355 agnoscendam.
1581 2314 1627 2356 (2)
1651 2315 1848 2357 Triptolemo
1872 2325 1974 2357 vero,
1990 2317 2158 2350 Metanirae
2185 2326 2238 2350 na·

1209 2374 1319 2404 torum
1332 2373 1488 2414 maximo,
1505 2383 1639 2406 currum
1663 2374 1756 2407 alatis
1767 2375 1919 2416 J‘unctum
1940 2375 2137 2407 draconibus
2153 2383 2238 2408 com·

1209 2432 1347 2473 paravit,
1362 2434 1458 2474 atque
1474 2432 1620 2465 triticum
1633 2432 1740 2472 dedit,
1757 2442 1823 2474 quo
1842 2443 1901 2475 per
1914 2442 2022 2466 aerem
2041 2436 2155 2466 vectus
2169 2434 2238 2466 uni-

1209 2499 1342 2522 versum
1355 2491 1514 2523 terrarum
1530 2490 1643 2523 orbem
1658 2490 1831 2523 obsereret.
1848 2492 1892 2523 At
1909 2490 2065 2531 Panyasis
2077 2488 2237 2532 Triptole-

1209 2557 1300 2581 mum
1312 2549 1474 2581 Eleusinis
1485 2549 1588 2581 filium
1601 2549 1680 2581 dicit
1687 2559 1696 2589 ;
1711 2549 1751 2581 ad
1762 2557 1838 2581 eum
1847 2549 1935 2581 enim
1947 2551 2096 2582 Cererem
2109 2549 2238 2582 venisse

1210 2608 1324 2647 refert;
1339 2607 1539 2649 Pherecydes
1555 2609 1664 2640 autem
1688 2607 1795 2649 ipsum
1811 2609 1939 2640 Oceano
1959 2609 1991 2640 et
2011 2609 2109 2641 Terra
2122 2610 2237 2640 natum

1210 2675 1282 2699 esse
1296 2666 1352 2698 ait.

1253 2785 1297 2824 (3)
1321 2786 1404 2816 Jove
1418 2784 1550 2816 Plutoni
1565 2787 1601 2816 ut
1613 2785 1838 2827 Proserpinam
1854 2785 2033 2817 remitteret
2047 2784 2237 2825 imperante,

1212 2854 1278 2894 hic,
1294 2862 1335 2886 ne
1349 2853 1434 2895 apud
1451 2855 1588 2885 matrem
1603 2853 1659 2885 diu
1673 2853 1862 2894 remaneret,
1878 2854 1992 2887 Punici
2008 2853 2085 2886 mali
2100 2861 2237 2895 granum

1213 2921 1302 2954 dedit
1316 2921 1345 2954 ei
1360 2920 1605 2953 comedendum.
1618 2921 1712 2959 Quod
1723 2922 1788 2962 illa,
1796 2931 1870 2963 quae
1882 2922 1957 2954 inde
1966 2924 2121 2954 eventura
2130 2923 2239 2955 essent

1213 2991 1299 3024 haud
1306 2991 1501 3033 praevidens,
1510 2991 1701 3023 consumsit.
1717 2991 1897 3032 Ascalapho
1910 2993 2029 3031 autem,
2045 2991 2238 3026 Acherontis

1213 3065 1245 3096 et
1259 3064 1413 3103 Gorgyrae
1429 3061 1495 3094 filio
1509 3086 1519 3102 ,
1545 3063 1645 3094 Ceres
1659 3084 1668 3101 ,
1682 3061 1769 3103 quod
1794 3063 1907 3094 contra
1928 3070 2000 3094 eam
2013 3061 2238 3094 testimonium

1214 3133 1351 3173 dixerat,
1367 3133 1402 3165 in
1418 3134 1503 3165 Orco
1518 3141 1615 3173 grave
1626 3131 1879 3173 superimposuit
1892 3140 2020 3163 saxum.
2031 3133 2155 3163 Verum
2161 3133 2238 3165 Pro-

1215 3202 1344 3243 serpina
1350 3200 1477 3233 tertiam
1490 3200 1690 3242 singulorum
1703 3209 1862 3232 annorum
1869 3203 1992 3241 partem
2002 3209 2077 3231 cum
2087 3199 2235 3240 Plutone,

1217 3272 1377 3313 reliquam
1399 3271 1485 3312 apud
1505 3279 1638 3312 superos
1657 3271 1694 3303 ut
1713 3270 1842 3311 degeret
1871 3272 1983 3303 coacta
1998 3271 2058 3303 est.
2083 3271 2162 3303 Hoec
2180 3268 2235 3302 ita·

1217 3352 1280 3384 que
1294 3343 1382 3382 sunt,
1399 3351 1472 3383 quae
1491 3342 1532 3374 de
1544 3343 1659 3375 Cerere
1673 3341 1856 3374 traduntur.
