2320 3684
763 186 1064 226 PHYLARCHI
1094 185 1427 225 FRAGMENTA.

2074 193 2147 223 339

34 279 176 318 Strabo
199 281 340 329 V11,p.
365 277 457 326 318,
479 279 521 325 B,
541 283 580 314 et
596 274 777 326 Stephan.
799 277 888 325 Byz.
910 288 946 312 v.
972 272 1065 327 Κρό-
1093 273 1098 314 i
1126 273 1340 311 AEtolorum
1375 273 1574 311 historiam
1615 271 1704 309 data
1741 271 1941 309 occasione
1981 273 2152 310 recolens

33 337 142 383 ὅυζοι.

516 386 580 425 20.
606 393 627 412 ·

1126 332 1358 381 Phylarchus
1370 333 1603 370 mentionem
1616 330 1745 381 injecit
1755 330 1887 381 (quare
1895 331 2008 369 etiam
2019 331 2151 382 fragili.

1127 394 1198 428 LX
1215 390 1263 429 de
1274 391 1476 441 Eriphyles
1490 390 1621 427 monili
1637 404 1722 427 cum
1738 390 1903 428 Luchtio
1923 389 1996 427 huc
2014 391 2155 428 referre

20 490 23 502 ζ
89 450 296 489 Athenaeus
314 450 383 494 Vl,
403 447 467 496 78,
487 460 527 498 p.
558 446 647 494 261,
663 449 716 486 B:
734 445 806 485 Καὶ
830 443 1032 498 Δημήτριος
1049 446 1067 482 ὁ
1127 447 1243 498 licet),
1264 449 1311 486 cf.
1333 449 1471 487 Strabo
1492 452 1543 494 X,
1562 462 1593 487 c.
1617 452 1651 497 3,
1671 462 1708 500 p.
1728 449 1918 499 466‚l.67‚
1939 449 2154 500 init.,Aga-u

35 505 281 560 Πολιορκητὴς
299 505 491 561 φιλόγελως
510 500 567 555 ἦν,
584 507 630 548 ὡς
655 506 785 559 ἱστορεῖ
814 503 1006 557 Φύλαρχος
1032 504 1066 541 ἐν
1131 507 1222 547 thou
1242 521 1302 559 ap.
1323 508 1460 546 Athen.
1483 508 1506 545 l.
1529 508 1552 545 l.
1573 507 1741 558 Lobeek.
1766 507 1954 559 Aglaoph.
1982 521 2019 560 p.
2045 522 2156 546 1112.

33 570 78 621 τῇ
100 565 228 620 δεκάτῃ
248 567 318 604 τῶν
341 565 531 618 Ἱστοριῶν.

89 625 231 666 Eadem
245 626 292 664 de
315 625 515 664 Demetrio
541 637 590 662 ex
609 631 719 661 sexto
748 622 955 673 Phylarchi'
968 621 1070 659 libro

35 686 241 725 Athenaeus
270 685 403 723 retulit
433 684 478 721 fr.
505 686 572 730 VI,
604 695 723 733 quare
743 682 802 719 vel
829 681 903 719 hoc
922 681 983 718 vel
1002 681 1071 718 illo

35 745 123 783 loco
154 743 243 782 libri
268 755 453 781 numerus
483 740 716 781 Casaubono
735 739 986 791 corrigendus
1006 739 1070 776 vi-

37 803 209 843 debatur.

429 863 680 996 ιῖἕὲἱιῖι.

561 961 574 996 l

91 1019 247 1059 Suidas:
262 1017 402 1072 Τιάρα·
424 1015 556 1069 κόσμος
574 1017 832 1071 ἐπικεφάλαιος,
854 1016 898 1064 ἢν
914 1019 946 1056 οἱ
968 1019 1075 1069 βασι-

38 1080 109 1124 λεῖς
133 1077 233 1130 μόνοι
254 1075 394 1132 ὄρθὴν’
378 1074 522 1131 εφόρουν
543 1075 640 1131 παρὰ
661 1075 834 1131 Πέρσαις,
855 1079 887 1116 οἱ
907 1075 943 1115 δὲ
966 1091 1078 1129 στρα-

39 1138 140 1190 τηγοὶ
170 1135 396 1189 κεκλιμένην.
425 1135 498 1175 Καὶ
523 1135 736 1190 Δημάρατος
752 1140 770 1176 ὁ
790 1135 1078 1189 Λακεδαιμόνιος

39 1196 139 1245 ὃςδὴ
159 1196 248 1249 μετὰ
264 1195 399 1250 Ξέρξου
422 1189 523 1243 ἠλθεν
549 1194 606 1235 ἐπὶ
621 1197 684 1239 τὰς
715 1195 887 1244 Ἀθήνας,
908 1196 966 1234 ἐπί
989 1211 1080 1239 τινος

40 1255 229 1311 εὐημερίας
250 1254 545 1308 συγχωρήσαντος
567 1256 662 1293 αὐτῶ
682 1271 743 1294 του
764 1254 935 1308 βασιλέως
951 1254 970 1293 ὃ
990 1254 1081 1294 Θέλει

42 1315 254 1363 αἰτήσασθαι
274 1313 459 1367 ,ᾐτήσατο
506 1314 540 1351 ἐν
564 1295 650 1367 ὀρθῇ
679 1317 723 1366 τῇ
742 1314 848 1367 τιάρᾳ
868 1315 915 1358 εἷς
935 1312 1082 1367 Σάρδεις

41 1373 235 1422 εἰσελάσαι,
249 1375 294 1417 ὡς
305 1371 497 1426 Φύλαρχος
508 1373 542 1410 ἐν
555 1371 742 1425 ἑνδεκάτῳ.
757 1372 811 1411 Τὸ
831 1372 860 1410 δ’
874 1371 961 1411 αὐτό
977 1388 1080 1425 φασιν

41 1427 131 1474 εἶναι
147 1433 213 1472 καὶ
228 1432 376 1486 κίθαριν.
393 1430 618 1485 Θεόφραστος
634 1431 664 1469 δ’
683 1432 718 1469 ἐν
736 1434 787 1484 τῷ
806 1431 886 1486 περὶ
905 1432 1084 1484 βασιλείας

43 1492 214 1546 Κυπρίων
234 1490 298 1539 τὴν
324 1490 460 1544 κίθαριν
481 1489 631 1543 (κίδαριν
655 1492 683 1542 Ρ)
701 1492 749 1534 ὡς
772 1490 947 1545 διάφορον.

95 1551 256 1591 Photius
269 1551 307 1588 in
323 1553 416 1588 Lex.
438 1563 466 1588 s.
494 1563 528 1588 v.
543 1549 661 1604 Τιάρα
678 1550 810 1588 eadem
826 1550 995 1599 exhibet,
1015 1552 1083 1590 sed

44 1610 176 1650 scribit
202 1611 250 1652 ὡς
283 1607 476 1662 Φύλαρχος
503 1609 538 1647 ἐν
559 1610 592 1646 ι’.
613 1608 668 1648 Cf.
702 1609 801 1647 Plut.
831 1610 1081 1649 Themistocl.

46 1683 110 1720 29,
123 1669 191 1720 qui
206 1668 466 1718 Phylarchum
487 1675 672 1718 sequutus
689 1681 772 1707 esse
784 1668 948 1708 videtur.

535 1727 599 1765 22.

36 1807 53 1814 --
97 1786 301 1826 Athenaeus
313 1787 405 1834 XII,
421 1786 486 1834 37,
507 1799 546 1837 p.
566 1786 654 1834 528,
672 1788 701 1824 C
715 1799 724 1822 ε
737 1784 828 1830 Τοὺς
846 1784 884 1824 δὲ
901 1788 1086 1840 Κουρῆτας

44 1844 239 1898 Φύλαρχος
255 1842 312 1882 διὰ
329 1846 392 1891 τ’ῆς
410 1843 598 1891 ἑνδεκάτης
617 1846 686 1882 τῶν
705 1843 886 1898 Ἱστοριῶν
907 1845 1085 1898 Αἰσχύλον

47 1905 195 1958 ἱστορεῖν
216 1901 273 1941 διὰ
289 1901 352 1950 τὴν
367 1902 500 1956 τρυφὴν
515 1908 634 1955 τυχεῖν
648 1905 711 1950 τῆς
730 1903 969 1958 προσηγορίας
979 1920 987 1928 ·

127 1969 250 2002 Χλιδῶν
265 1980 300 2001 τε
314 1968 475 2010 πλόκαμος
492 1969 576 2000 ὥστε
593 1969 754 2011 παρθένοις
768 1970 897 2013 ἁδραῖς·

129 2015 198 2048 ὅθεν
219 2017 323 2048 καλεῖν
332 2017 477 2059 Κουρῆτα
491 2016 564 2048 λαὸν
586 2016 711 2057 ᾔνεσαν.

101 2069 212 2121 Apud
231 2069 403 2107 Eustath.
421 2082 458 2120 p.
482 2083 595 2119 1292,
616 2069 662 2106 35
684 2069 800 2108 iidem
817 2026 1089 2121 AEschylivei-

49 2141 113 2166 sus
145 2127 363 2177 laudantur,
386 2127 453 2166 sed
482 2141 555 2180 pro
586 2126 770 2182 παρθένοις
795 2128 920 2182 ἁδραῖς
950 2131 1090 2181 legitur

49 2185 221 2240 παρθένου
241 2187 360 2241 ἁδρᾶς.
393 2190 451 2225 De
472 2187 530 2225 his
558 2188 710 2226 AEtoliae
733 2188 961 2238 Curetibus,
986 2204 1085 2240 quo·

49 2258 161 2295 rum,
197 2254 240 2284 ut
275 2246 435 2284 adnotat
479 2248 744 2295 Briicknerus,
784 2249 1091 2299 antiquissimam

48 2426 53 2428 “
92 2422 172 2455 Erat
194 2421 292 2454 etiam
308 2421 491 2454 Demetn'us
507 2376 702 2455 efflui-cotes
726 2423 813 2455 risus
827 2431 953 2465 amans,
970 2425 1008 2457 ut
1026 2427 1087 2457 tra·

51 2464 100 2502 dit
114 2468 314 2510 Phylarchus
329 2468 457 2501 decimo
472 2469 691 2501 Historiarum
706 2469 800 2502 libro

470 2522 678 2536 ⁴000*—

445 2552 598 2592 LIBER
627 2553 698 2593 XI.

96 2657 210 2698 Tiara,
234 2658 349 2700 capitis
374 2660 613 2690 ornamentum.
641 2661 734 2692 Hanc
762 2659 822 2691 soli
851 2668 943 2701 reges
966 2663 1088 2692 rectam

56 2704 140 2746 apud
159 2706 274 2738 Persas
290 2705 461 2744 ferebant3
477 2705 578 2737 duces
594 2715 683 2746 vero,
698 2706 899 2738 inclinatam.
916 2709 958 2739 Et.
974 2708 1088 2740 Dema-

55 2753 145 2784 ratus
162 2751 438 2791 Lacedaemonius,
454 2751 511 2793 qui
527 2761 602 2784 cuin
618 2731 724 2797 Xcizxe
739 2753 879 2785 Athenas
898 2752 969 2792 ivit,
987 2762 1089 2794 quum

57 2796 177 2831 obrem
199 2798 332 2831 feliciter
353 2800 478 2839 gestam
508 2808 565 2831 rex
589 2801 651 2841 ipsi
673 2800 879 2841 permisisset
904 2802 941 2833 ut
968 2803 1119 2841 peteret!

57 2843 217 2888 quidquid
229 2845 344 2886 vellet3
362 2845 466 2887 petiit,
483 2847 521 2878 ut
537 2850 625 2879 recta
642 2848 726 2879 tiara
749 2847 866 2879 Sardes
879 2846 1006 2887 ingredi
1023 2847 1087 2879 sibi

57 2887 178 2932 liceret,
189 2893 227 2924 ut
239 2891 442 2933 Phylarchus
457 2892 541 2924 libro
555 2893 728 2926 undecimo
741 2894 852 2926 tradit.
870 2894 960 2926 ldem
976 2897 1086 2926 autem

58 2944 128 2971 esse
139 2938 254 2972 dicunt
264 2942 297 2972 et
306 2939 466 2972 Citharin.
475 2940 718 2982 Theophrastus
730 2950 809 2973 vero
824 2941 859 2973 in
874 2941 958 2974 libro
971 2941 1012 2974 de
1025 2944 1090 2983 Cy-

58 2984 200 3027 priorum
213 2995 322 3028 regno,
345 2987 493 3020 cuharin
512 2987 676 3021 diversam
691 2988 816 3021 statuit.

67 3110 71 3113 .
101 3079 303 3120 Phylarchus
327 3081 500 3114 undecimo
515 3082 599 3114 libro
626 3082 844 3115 Historiarum
872 3083 918 3115 ait
931 3106 940 3122 ,
974 3082 1092 3119 docere

60 3125 260 3168 AEwhylum‚
279 3130 419 3161 Curetas
436 3138 454 3161 a
468 3129 598 3162 luxuria
611 3140 729 3162 nomen
743 3130 912 3163 invenisse
931 3140 939 3162 :

123 3179 160 3208 Et
173 3180 275 3209 mollis
289 3180 453 3210 cincinnus
463 3205 473 3220 ‚
490 3183 584 3212 veluti
602 3183 742 3212 delicatis
757 3183 931 3223 virginibus
946 3207 954 3221 ,

125 3236 221 3266 quare
236 3228 381 3258 Curetem
396 3230 550 3269 populum
566 3231 789 3270 appellandum
807 3237 1008 3260 censuerunt.

441 3306 595 3398 [ΙΒΙΞΙΞ
622 3307 709 3346 XII.

1522 614 1769 629 403—-

1511 675 1665 714 LIBER
1694 675 1780 713 XII.

1609 756 1670 794 23.

1186 834 1392 872 Athenaeus
1404 835 1524 879 XIII,
1551 833 1613 878 64,
1635 846 1671 883 p.
1695 833 1784 882 593,
1805 836 1850 870 B:
1869 832 2011 879 Δανάην
2046 832 2082 871 δὲ
2100 831 2164 879 τὴν

1135 891 1300 932 Λεοντίου
1322 893 1385 937 της
1411 890 1656 951 Ἐπικουρείου
1686 890 1881 944 θυγατέρα,
1904 891 2164 943 ἑταιριζομένην

1136 968 1195 990 και
1216 949 1337 999 αὐτὴν,
1358 948 1516 1003 Σωφρων
1536 952 1628 1001 εἶχεν
1658 952 1676 987 ὁ
1702 949 1759 987 ἐπὶ
1787 965 1850 996 της
1869 951 2041 1004 Ἐφέσου·
2062 950 2106 989 δι’
2125 951 2167 997 ἣν

1137 1010 1240 1054 αὐτὸς
1274 1009 1388 1055 ἐσώθη
1432 1007 1738 1059 ἐπιδουλευόμενος
1770 1008 1836 1047 υπὸ
1869 1009 2063 1057 Λαοδίκης,
2088 1012 2111 1056 ἡ
2133 1009 2170 1048 δὲ

1137 1067 1423 1123 κατεκρημνίσθη
1438 1097 1449 1117 ,
1464 1069 1510 1110 ὡς
1526 1066 1652 1120 γράφει
1666 1065 1857 1120 Φύλαρχος
1881 1066 1938 1105 διὰ
1962 1083 2024 1114 της
2059 1069 2170 1106 δωδε-

1138 1128 1249 1176 κάτης
1263 1127 1347 1167 τάδε
1359 1143 1367 1150 ·
1387 1144 1402 1160 (ι
1413 1126 1457 1164 Ἡ
1477 1125 1647 1179 πάρεδρος
1663 1128 1726 1172 τῆς
1749 1125 1925 1173 Λαοδίκης
1941 1125 2063 1173 Δανάη
2077 1157 2087 1175 ,
2107 1143 2170 1165 πι-

1140 1186 1332 1238 στευομένη
1348 1184 1406 1223 ὑπ’
1426 1185 1533 1231 αὐτῆς
1551 1183 1596 1222 τὰ
1614 1183 1750 1232 πάντα,
1767 1184 1933 1222 Λεοντίου
1952 1183 1987 1222 δὲ
2008 1179 2095 1223 οῧσα
2111 1188 2173 1231 τῆς

1142 1247 1218 1297 μετ’
1243 1246 1286 1285 Γ
1288 1260 1456 1298 πικουρου
1490 1247 1550 1282 του
1579 1258 1726 1296 φυσικου
1753 1241 1978 1295 σχολασάσης
2005 1243 2172 1297 θυγάτηρ,

1144 1306 1327 1360 Σώφρονος
1356 1303 1393 1342 δὲ
1416 1308 1579 1355 γεγονυῖα
1601 1301 1770 1355 πρότερον
1800 1300 1981 1354 ἐρωμένη,
2011 1317 2173 1356 παρακο-

1141 1367 1313 1403 λουθοῦσα
1333 1362 1421 1401 διότι
1445 1364 1650 1400 ἀποκτεῖναι
1680 1359 1842 1413 βούλεται
1870 1360 1929 1399 τὸν
1956 1359 2128 1414 Σώφρονα
2151 1365 2173 1408 ἡ

1143 1422 1319 1470 Λαοδίκη,
1346 1420 1480 1460 διανεύε
1466 1437 1494 1459 τι
1524 1423 1575 1459 τῶ
1600 1419 1763 1489 Σώφρονι
1788 1419 1967 1470 μηνύουσα
1998 1419 2062 1467 τὴν
2097 1422 2177 1459 ἐπι-

1144 1480 1287 1528 ὅουλην.
1306 1479 1351 1519 eO
1369 1479 1404 1519 δὲ
1423 1478 1607 1518 συλλαὸὼν
1628 1494 1687 1518 και
1701 1477 1962 1532 προσποιηθεὶς,
1984 1484 2177 1533 συγχωρεῖν

1143 1540 1223 1595 περὶ
1243 1533 1291 1578 ὧν
1314 1538 1409 1590 λέγει
1426 1538 1477 1577 δύ’
1494 1537 1630 1591 ἡμέρας
1647 1537 1879 1592 παρῃτήσατο
1897 1538 1943 1580 εἷς
1960 1536 2080 1590 σκέψιν
2092 1554 2099 1561 ·
2119 1538 2179 1576 καὶ

1145 1598 1443 1653 συγχωρησάσης,
1464 1597 1587 1641 νυκτὸς
1610 1596 1733 1651 ἔφυγεν
1751 1597 1798 1640 εἷς
1817 1595 1985 1648 ἼΞφεσον.
2007 1598 2180 1634 Μαθοῦσα

1146 1657 1182 1697 δὲ
1201 1662 1223 1706 ἡ
1243 1657 1400 1705 Λαοδίκη
1420 1655 1460 1696 τὸ
1485 1655 1628 1704 ποιηθὲν
1650 1655 1718 1694 ὑπὸ
1742 1658 1804 1702 τῆς
1832 1655 1973 1703 Δανάης
2006 1654 2180 1708 κατεκρή-

1146 1733 1247 1769 μνισε
1259 1715 1323 1763 τὴν
1345 1715 1541 1770 ἄνθρωπον,
1566 1714 1662 1753 οὐδὲν
1690 1717 1759 1753 τῶν
1779 1713 2092 1767 προγεγενημένων
2120 1729 2181 1768 φι-

1145 1773 1361 1828 λανθρώπων
1375 1772 1427 1812 ἔτι
1443 1772 1733 1825 συμὸαλλομένη.
1752 1771 1828 1820 Τὴν
1848 1771 1885 1810 δὲ
1901 1772 2043 1819 Δανάην
2062 1772 2181 1825 φασὶν,

1147 1836 1194 1879 ὡς
1211 1834 1338 1886 ᾔσθετο
1356 1833 1414 1871 τὸν
1431 1831 1675 1886 ἐπηρτημένον
1695 1832 1783 1883 αὐτῇ
1804 1830 1975 1879 κίνδυνον,
1985 1832 2184 1904 ἀνακρινο-

1148 1892 1211 1945 μέν
1215 1908 1256 1938 ην
1275 1891 1342 1931 ὑπὸ
1360 1894 1423 1939 τῆς
1439 1891 1616 1939 Λαοδίκης
1633 1891 1703 1929 οὐδ’
1723 1889 1940 1943 ἀποκρίσεως
1957 1890 2065 1936 αὐτὴν
2087 1888 2185 1934 ἀςιῶ-

1147 1969 1225 1992 σαι·
1241 1951 1469 2005 ἀπαγομένην
1484 1969 1522 1991 τε
1537 1952 1594 1990 ἐπὶ
1611 1951 1669 1990 τὸν
1684 1950 1840 2005 κρημνὸν
1858 1953 1966 1989 εἰπεῖν
1984 1953 2030 1994 ὡς
2044 1950 2185 1994 δικαίως

1148 2015 1179 2052 οἱ
1197 2012 1321 2051 πολλοὶ
1344 2027 1604 2066 καταφρονουσι
1609 2009 1688 2050 τοῦ
1706 2010 1818 2062 θείου,
1849 2009 1906 2049 ὅτε
1936 2009 2005 2060 ἐγὼ
2033 2009 2093 2061 μὲν
2126 2009 2184 2047 τὸν

1149 2071 1334 2124 γενόμενόν
1357 2087 1417 2123 μοι
1438 2070 1546 2124 ἄνδρα
1566 2069 1713 2109 σώσασα
1741 2068 1907 2116 τοιαύτην
1933 2068 2063 2122 χάριτα
2089 2068 2186 2122 παρὰ

1149 2127 1211 2170 τοῦ
1239 2130 1419 2183 δαιμονίου
1444 2129 1631 2181 λαμὸάνω,
1651 2128 1808 2176 Λαοδίκη
1839 2127 1876 2166 δὲ
1906 2127 1965 2167 τὸν
1987 2127 2073 2166 ἴδιον
2092 2129 2184 2166 ἀπο-

1150 2189 1318 2229 κτείνασα
1331 2188 1546 2237 τηλικαύτης
1563 2190 1666 2240 τιμῆς
1687 2187 1854 2232 ἀξιοῦται.
1886 2204 1901 2220 »

1206 2248 1290 2289 Ἔτι
1307 2248 1582 2300 συμὸαλλομένη
1603 2248 1940 2299 Schweighaeiiseri
1967 2246 2187 2297 conjectura

1144 2377 1362 2410 meretriciam
1391 2376 1581 2414 exercebat.
1612 2376 1761 2417 Sophron
1781 2375 1910 2414 habuit,
1943 2375 2062 2416 Ephesi
2078 2374 2187 2416 praese-

1144 2427 1244 2457 etus.
1236 2434 1243 2441 ·
1263 2424 1357 2465 cnjus
1376 2431 1473 2464 opera
1503 2426 1651 2455 servatus
1674 2423 1726 2455 ille
1749 2424 1799 2455 est
1813 2432 1854 2454 ex
1871 2422 1999 2454 insidiis
2017 2431 2034 2454 a
2053 2422 2187 2454 Laodice

1145 2471 1314 2512 (Antiochi
1333 2473 1393 2504 Dei
1407 2470 1533 2508 uxore)
1550 2470 1707 2510 structis,
1727 2471 1797 2511 ipsa
1820 2479 1898 2501 vero
1921 2470 1960 2501 de
1981 2478 2059 2509 rupe
2074 2468 2186 2510 praeci

1144 2518 1247 2561 pitata
1271 2519 1346 2556 est,
1374 2519 1410 2548 ut
1435 2516 1550 2549 scribit
1573 2516 1772 2556 Phylarchus
1794 2515 1877 2547 libro
1901 2514 2112 2552 duodecimo,
2136 2514 2187 2545 his

1144 2566 1279 2598 verbis.
1299 2564 1476 2598 «Laodicae
1495 2563 1679 2596 consiliaria
1695 2561 1863 2594 adsidebat
1880 2563 1999 2600 Danae,
2014 2560 2063 2592 cui
2087 2560 2189 2591 maxi

1146 2622 1233 2645 mam
1252 2613 1400 2645 omnium
1421 2621 1530 2644 rerum
1546 2619 1679 2643 suarum
1696 2610 1792 2642 iidem
1807 2609 1860 2640 illa
1886 2607 2045 2647 habebat,
2062 2607 2188 2639 Leontii

1146 2660 1243 2700 illius,
1263 2669 1338 2702 qum
1355 2669 1429 2691 cum
1447 2659 1588 2700 Epicuro
1609 2658 1745 2699 physico
1765 2655 1977 2697 philosophiae
1993 2663 2123 2695 operam
2139 2654 2190 2687 de·

1147 2708 1255 2747 derat,
1285 2707 1372 2746 filia,
1389 2709 1423 2739 et
1438 2704 1617 2748 Sophronis
1643 2706 1717 2736 ante
1742 2703 1773 2735 id
1799 2705 1928 2742 tempus
1956 2700 2088 2732 amasia.
2106 2702 2188 2738 Quae

1146 2764 1248 2796 quum
1279 2731 1503 2794 intellexisset,
1521 2752 1555 2784 id
1590 2760 1683 2792 agere
1715 2749 1877 2782 Laodicen
1915 2751 1952 2781 ut
1984 2749 2188 2789 Soplironem

1146 2802 1331 2842 occideret,
1350 2804 1431 2833 nutu
1453 2799 1611 2841 Sophroni
1627 2797 1821 2838 significavit
1841 2796 1986 2828 insidias.
2005 2798 2047 2828 Et
2063 2796 2136 2835 ille,
2153 2805 2189 2828 re

1147 2849 1327 2887 intellecta,
1351 2847 1510 2880 simulans
1525 2855 1560 2878 se
1582 2844 1732 2878 Laodicae
1753 2842 1906 2875 adsentiri
1926 2842 1966 2874 de
1981 2851 2019 2874 ea
2041 2851 2074 2874 re
2089 2851 2187 2883 quam

1147 2896 1188 2928 ab
1202 2905 1237 2928 se
1254 2895 1420 2936 petiisset,
1439 2894 1577 2925 biduum
1595 2891 1657 2923 sibi
1673 2890 1715 2922 ad
1728 2889 1972 2922 deliberandum
1995 2888 2186 2930 postulavit.

1149 2942 1243 2981 Quod
1257 2950 1361 2982 quum
1384 2940 1437 2972 illa
1452 2939 1480 2972 ei
1497 2938 1735 2976 concessisset,
1752 2936 1821 2977 ipse
1838 2938 1938 2968 noctu
1954 2936 2119 2977 Ephesum
2135 2944 2189 2967 au.

1148 2990 1243 3030 iugit.
1262 2987 1402 3020 laodice
1422 2990 1459 3018 ut
1489 2986 1523 3018 id
1539 2994 1558 3017 a
1581 2986 1692 3016 Danae
1708 2984 1829 3015 sactum
1852 2984 2016 3023 cognovit,
2045 2982 2090 3015 de
2110 2991 2190 3024 rupe

1149 3036 1346 3077 praecipitem
1361 3033 1455 3074 dejici
1464 3031 1580 3063 mulier
1581 3039 1632 3062 em
1641 3029 1753 3077 jussit,
1765 3030 2010 3070 nihilieputans
2019 3029 2085 3083 pris
2069 3029 2189 3062 stiuam

1151 3080 1420 3114 benevolentiam.
1439 3079 1539 3111 Aiunt
1550 3080 1660 3110 autem
1674 3079 1817 3115 Danaen,
1827 3085 1930 3117 quum
1941 3076 2114 3108 imminens
2128 3076 2190 3108 sibi

1149 3128 1330 3171 periculum
1349 3125 1580 3164 intellexisset,
1613 3124 1864 3164 interrogantem
1889 3123 2052 3156 Laodicen
2081 3132 2122 3155 ne
2141 3132 2184 3156 ie-

1151 3183 1270 3216 sponso
1289 3173 1421 3214 quidem
1439 3181 1510 3204 esse
1538 3171 1721 3212 dignatam3
1737 3178 1904 3211 quumque
1920 3170 1960 3202 ad
1977 3169 2190 3211 praecipitium

1151 3222 1383 3260 abduceiwetui,
1402 3220 1547 3251 dixisse:
1565 3217 2190 3258 Meritomajorparshommumdlvi

1152 3277 1236 3300 num
1256 3276 1383 3299 numen
1407 3267 1611 3298 contemnat:
1628 3263 1909 3306 quandoquidem
1927 3273 1986 3305 eqo
2000 3285 2011 3300 ,
2039 3273 2076 3296 eo
2100 3264 2192 3305 quod

1120 3339 1123 3341 -
1153 3315 1259 3347 illum
1274 3316 1408 3346 servavi
1423 3317 1483 3355 qui
1497 3312 1585 3345 milti
1607 3312 1693 3344 olim
1711 3312 1783 3344 loco
1798 3314 1921 3344 mariti
1927 3311 2079 3353 ficerat,
2102 3311 2191 3344 hanc

1153 3371 1175 3394 a
1191 3362 1252 3394 deo
1273 3363 1429 3403 qratiam
1444 3360 1548 3401 fera,
1572 3359 1718 3392 Laodice
1740 3367 1836 3399 vero,
1861 3368 1940 3401 quw
1965 3368 2067 3391 suum
2085 3361 2190 3392 mari-

108 3408 237 3441 Danaen
258 3417 355 3450 vero,
385 3411 510 3442 Leontii
541 3411 706 3452 Epicureae
723 3412 820 3444 filiam
837 3436 846 3452 ,
876 3420 949 3452 quae
977 3413 1008 3443 et
1024 3411 1094 3451 ipsa
1123 3420 1127 3443 i
1155 3411 1230 3442 tum
1247 3409 1392 3448 occidit,
1422 3407 1872 3448 tantafmicurdiynitate.
1898 3420 1912 3435 »

2052 3462 2103 3489 22.
