2320 3684
159 202 231 236 134

154 281 368 336 Ἡρακλέους
388 279 616 324 ὑποστάντος,
637 279 771 328 μαθεῖν,
791 278 838 319 ὡς
853 276 1007 330 Ἰφικλῆς
1020 274 1055 320 ἐξ
1071 277 1176 314 αὐτοῦ

153 339 366 391 γεγέννηται.

209 397 264 448 (9)
285 395 478 446 Ἰὶδιδάχθη
495 391 531 430 δὲ
550 392 730 446 Ἡρακλῆς
743 390 1005 444 ἁρματηλατεῖν
1029 389 1092 442 μὲν
1111 391 1179 430 ὑπὸ

152 454 429 508 Ἀμφιτρύωνος,
452 450 615 489 παλαίειν
635 448 672 488 δὲ
697 450 765 488 ὑπὸ
787 449 1009 499 Αὐτολύκου,
1030 449 1176 495 τοξεύειν

153 513 189 551 δὲ
210 513 276 552 ὑπὸ
300 510 474 564 Εὐρύτου,
504 511 720 561 ὁπλομαχεῖν
751 507 787 547 δὲ
808 508 874 547 ὑπὸ
896 508 1097 563 Κάστορος,
1117 525 1193 548 κι-,

154 572 320 626 θαρῳδεῖν
336 570 371 608 δὲ
383 567 450 607 ὑπὸ
463 568 581 607 Λίνου.
595 570 611 593 2
620 563 731 611 Οὗτος
746 566 782 606 δὲ
794 562 837 615 ῆν
850 567 995 622 ἀδελφὸς
1009 567 1176 623 Ὀρφέως,

152 630 358 683 ἀφικόμενος
385 628 421 666 δὲ
450 628 498 671 εἷς
529 625 677 673 Θήὸας,
713 626 773 664 καὶ
805 626 964 674 Θηὸαἷος
981 626 1176 678 γενόμενος,

152 688 219 726 ὑπὸ
239 686 454 740 Ἡρακλέους
473 688 517 738 τῇ
544 685 672 738 κιθάρᾳ
691 684 835 736 πληγεὶς
863 684 1043 723 ἀπέθανεν.
1070 685 1177 723 Ἐπι-

150 746 332 793 πλήξαντα
355 745 424 798 γὰρ
455 743 558 782 αὐτὸν
583 743 752 797 ὀργισθεὶς
781 743 971 782 ἀπέκτεινε.
1001 743 1112 790 Δίκην
1141 742 1177 781 δὲ

139 803 350 857 ’ἔπαγόντων
371 806 472 842 τινῶν
492 805 586 856 αὐτῷ
606 801 724 855 φόνου,
745 801 952 855 παρανέγνω
972 803 1078 853 νόμον
1093 802 1179 841 Ῥα-

151 863 346 914 δαμάνθυος
382 862 541 914 λέγοντος
558 890 569 909 ,
604 860 640 905 ὃς
668 859 708 899 ἂν
743 860 920 912 ἀμύνηται
953 860 1012 900 τὸν
1051 862 1177 914 χειρῶν

151 922 280 961 ἀδίκων
306 921 476 975 ἄρξαντα,
507 922 620 974 ἀθῷον
649 913 758 958 εἶναι·
790 920 849 958 καὶ
875 919 983 964 οὕτως
1009 919 1177 967 ἀπελύθη.

154 981 302 1025 3Δείσας
315 979 352 1019 δὲ
371 979 605 1034 Ἀμφιτρύων,
621 977 670 1030 μὴ
690 978 797 1018 πάλιν
816 995 851 1017 τι
863 979 993 1032 ποιήσῃ
1008 983 1177 1029 τοιοῦτον,

153 1038 306 1094 ἔπεμψεν
334 1039 436 1078 αὐτὸν
461 1040 509 1084 εἷς
532 1037 578 1076 τὰ
607 1037 819 1092 βουφόρὸια,
847 1039 948 1076 κάκεῖ
970 1037 1178 1091 τρεφόμενος

151 1097 290 1150 μεγέθει
308 1114 347 1136 τε
370 1097 431 1136 καὶ
455 1097 556 1151 ῥώμῃ
574 1097 715 1135 πάντων
737 1095 926 1148 διήνεγκεν.
947 1090 1044 1135 4‘3'fl„
1064 1095 1100 1134 δὲ
1118 1096 1177 1134 καὶ

151 1157 334 1212 θεωρηθεὶς
354 1156 497 1212 φανερὸς
525 1155 578 1194 ὅτι
597 1155 677 1199 Διὸς
696 1161 778 1199 παῖς
801 1150 855 1202 ῆν.
883 1157 1178 1209 Τετραπηχυαῖον

151 1214 215 1266 μὲν
233 1214 300 1269 γὰρ
318 1209 391 1268 εἶχε
410 1215 450 1254 τὸ
467 1217 585 1267 σῶμα,
601 1213 708 1268 πυρὸς
724 1213 760 1252 δὲ
780 1213 814 1259 ἐξ
832 1214 1001 1265 ὀμμάτων
1021 1212 1178 1263 ἔλαμπεν

152 1273 292 1326 αἴγλην·
310 1275 373 1313 οὐκ
391 1273 536 1326 ἠστόχει
557 1272 593 1311 δὲ
612 1272 692 1311 οὔτε
707 1272 865 1319 τοξεύων,
885 1271 963 1310 οὔτε
979 1270 1177 1315 ἀκοντίζων.

204 1331 220 1354 ⁵
232 1332 295 1372 Ἐν
316 1331 352 1371 δὲ
366 1338 436 1376 τοῖς
457 1331 647 1384 βουκολίοις
663 1330 831 1384 ὑπάρχων
846 1328 1179 1377 ὀκτωκαιδεκαέτης,

150 1391 208 1430 τὸν
232 1390 482 1445 Κιθαιρώνειον
503 1391 618 1428 ἀνεῖλε
633 1388 772 1427 λέοντα.
793 1383 905 1432 Οῧτος
925 1387 1127 1442 ὁρμώμενος
1141 1388 1180 1424 ἐκ

150 1455 210 1488 τοῦ
229 1452 443 1503 Κιθαιρῶνος
471 1448 534 1492 τὰς
564 1446 820 1501 Ἀμφιτρύωνος
847 1447 981 1500 ἔφθειρε
1011 1445 1092 1498 βόας
1120 1444 1180 1484 καὶ

149 1509 211 1552 τὰς
238 1509 401 1549 Θεστίου.
431 1506 600 1550 Βασιλεὺς
633 1505 669 1544 δὲ
693 1500 737 1553 ῆν
764 1500 862 1549 οἶτος
891 1507 1070 1545 Θεσπιῶν.
1097 1504 1180 1558 (10)

151 1567 247 1621 Πρὸς
278 1567 314 1606 ὃν
347 1561 491 1621 ἀφίκετο
520 1566 699 1619 Ἡρακλῆς
713 1596 723 1613 ,
762 1566 851 1603 ἑλεῖν
885 1563 1090 1616 βουλόμενος
1121 1562 1179 1602 τὸν

149 1626 286 1665 λέοντα.
306 1621 352 1666 Ὀ
377 1625 413 1664 δὲ
433 1625 536 1664 αὐτὸν
561 1623 689 1670 ἐξένισε
708 1623 927 1671 πεντήκοντα
950 1621 1099 1675 ἡμέρας,
1119 1621 1179 1660 καὶ

150 1685 209 1723 ἐπὶ
231 1684 294 1733 τὴν
315 1685 423 1738 θήραν
443 1683 566 1729 ἐξιόντι
583 1682 704 1726 νυκτὸς
724 1681 874 1730 ἑκάστης
892 1681 977 1733 μίαν
996 1680 1181 1726 συνεύναζε

151 1743 335 1798 θυγατέρα.
361 1742 594 1791 Πεντήκοντα
618 1741 656 1780 δὲ
675 1743 769 1795 αὐτῷ
789 1736 879 1788 ἦσαν
900 1741 939 1778 ἐκ
962 1739 1181 1792 Μεγαμήδης

150 1802 403 1854 γεγεννημέναι
420 1805 482 1849 τῆς
503 1800 672 1855 Ἀρναίου.
694 1798 914 1844 Ἐσπούδαζε
931 1797 996 1851 γὰρ
1014 1798 1130 1842 πάσας
1145 1798 1180 1843 ἐξ

151 1861 366 1914 Ἡρακλέους
385 1859 710 1907 τεκνοποιήσασθαι.
731 1859 748 1882 ²
760 1857 939 1912 Ἡρακλῆς
954 1856 1002 1905 δὲ,
1017 1857 1100 1908 μίαν
1119 1872 1181 1902 νοω

153 1919 261 1970 μίζων
282 1914 446 1967 εἶναιτὴν
468 1919 521 1957 ἀεὶ
541 1915 852 1967 συνευναζομένην,
869 1917 1017 1963 συνῆλθε
1035 1915 1177 1960 πάσαις.

151 1978 224 2018 Καὶ
243 1977 502 2032 χειρωσάμενος
521 1976 578 2016 τὸν
595 1976 731 2021 λέοντα,
751 1974 815 2022 τὴν
842 1973 905 2026 μὲν
929 1974 1031 2028 δορὰν
1051 1973 1181 2028 ἠμφιέ-

152 2053 251 2086 σατο,
271 2039 322 2091 τῷ
337 2036 501 2090 χάσματι
519 2035 556 2074 δὲ
574 2034 751 2089 ἓρχήσατο
768 2033 898 2088 κόρυθι.

207 2096 291 2149 (11)
310 2095 593 2147 Ἀνακάμπτοντι
617 2093 654 2132 δὲ
682 2095 777 2147 αὐτῷ
797 2092 868 2131 ἀπὸ
889 2096 951 2140 τῆς
968 2092 1074 2146 θήρας
1095 2108 1181 2131 συν-

150 2154 305 2202 ήντησαν
342 2153 490 2208 κήρυκες
527 2151 623 2207 παρὰ
657 2152 820 2205 Ἐργίνου
855 2150 1070 2204 πεμφθέντες
1085 2182 1095 2200 ,
1124 2149 1181 2189 ἵνα

151 2211 250 2265 παρὰ
268 2212 438 2259 Θηὸαίων
463 2211 521 2249 τὸν
553 2210 686 2259 δασμὸν
712 2208 883 2248 λάὸωσιν.
916 2207 933 2231 ²
952 2209 1116 2248 Ἔτέλουν
1144 2208 1180 2247 δὲ

152 2273 308 2320 Θηὸαῖοι
330 2273 388 2311 τὸν
410 2272 542 2323 δασμὸν
562 2271 716 2325 Ἐργίνῳ
746 2271 789 2308 δι’
809 2270 921 2309 αἰτίαν
942 2270 1056 2317 τήνδε·
1079 2269 1180 2309 Κλύ-

154 2347 256 2382 μενον
285 2330 343 2370 τὸν
375 2333 518 2369 Μινυῶν
553 2330 700 2383 βασιλέα
724 2330 810 2383 λίθῳ
835 2328 951 2381 βαλὼν
983 2328 1181 2372 Μενοικέως

152 2390 303 2443 ἡνίοχος,
327 2390 438 2441 ὄνομα
458 2389 649 2444 Περιήρης,
673 2391 708 2427 ἓν
730 2389 941 2442 Ὀγχηστῷ,
966 2388 1181 2431 Ποσειδῶνος

151 2448 310 2500 τεμένει,
341 2448 543 2502 τιτρώσκει·
574 2451 591 2486 ὁ
622 2447 659 2486 δὲ
684 2447 861 2498 κομισθεὶς
892 2449 939 2491 εἷς
965 2445 1179 2500 Ὀρχομενὸν

152 2507 314 2560 ἡμιθνὴς,
335 2506 545 2555 ἐπισκήπτει
561 2508 730 2545 τελευτῶν
749 2506 902 2559 Ἐργίνῳ
925 2507 974 2558 τῷ
996 2505 1097 2543 παιδὶ
1119 2506 1179 2543 ἐκ-

153 2569 294 2615 δικῆσαι
307 2566 365 2606 τὸν
383 2566 528 2606 θάνατον
546 2567 663 2604 αὐτοῦ.
684 2565 700 2590 3
717 2564 1022 2619 Στρατευσάμενος
1042 2563 1077 2601 δὲ
1099 2564 1181 2617 Ἐρ-

153 2632 244 2678 γῖνος
262 2626 320 2665 ἐπὶ
337 2625 482 2676 Θήὸας,
497 2624 631 2668 κτείνας
651 2625 713 2663 οὐκ
730 2623 880 2676 ὀλίγους,
899 2622 1084 2660 ἐσπείσατο
1104 2623 1180 2674 μεθ’

152 2685 284 2739 ὅρκων,
309 2684 400 2728 ὅπως
428 2683 617 2735 πέμπωσιν
644 2684 740 2736 αὐτῷ
763 2682 920 2729 Θηὸαϊοι
939 2680 1094 2732 δασμὸν,
1121 2682 1179 2720 ἐπὶ

153 2744 280 2783 εἴκοσιν
300 2744 375 2792 ἔτη,
392 2742 483 2782 κατὰ
498 2742 572 2787 ἔτος
589 2741 711 2781 ἑκατὸν
732 2741 824 2794 βόας.
846 2742 862 2766 4
877 2740 964 2779 Ἰίπὶ
981 2744 1101 2778 τοῦτον
1120 2739 1178 2778 τὸν

154 2803 287 2854 δασμὸν
306 2803 384 2846 τοὺς
403 2803 556 2857 κήρυκας
575 2803 620 2845 εἷς
637 2801 762 2848 Θήὸας
786 2799 963 2844 ἀπιόντας,
986 2797 1178 2859 συντυχὲη,

153 2861 333 2915 Ἡρακλῆς
351 2860 568 2908 ἓλωὸήσατο·
597 2858 792 2911 ἀποταμὼν
821 2858 888 2912 γὰρ
917 2860 1030 2896 αὐτῶν
1047 2856 1092 2895 τὰ
1105 2860 1178 2895 ὦτα

126 2921 214 2958 ’καὶ
244 2920 304 2964 τὰς
334 2918 440 2974 ῥῖνας,
472 2920 532 2958 καὶ
564 2917 620 2958 διὰ
645 2917 807 2971 σχοινίων
840 2918 901 2961 τὰς
926 2923 1046 2970 χεῖρας
1070 2915 1178 2963 δήσας

154 2981 192 3016 ἐκ
215 2982 283 3016 τῶν
303 2978 509 3033 τραχήλων,
538 2977 604 3032 ἔφη
624 2983 743 3016 τοῦτον
771 2975 924 3031 Ἐργίνῳ
947 2975 1007 3014 καὶ
1029 2973 1179 3019 Μινύαις

154 3036 286 3087 δασμὸν
317 3038 481 3088 κομίζειν.
521 3037 600 3090 Ἐφ’
628 3031 679 3080 οἷς
713 3037 919 3087 ἀγανακτῶν
951 3033 1176 3087 ἐστράτευσεν

153 3095 212 3132 ἐπὶ
232 3095 368 3141 Θήίῗας.
387 3097 403 3121 5
427 3095 608 3149 Ἡρακλῆς
626 3093 676 3144 δὲ,
689 3093 807 3133 λαὸὼν
830 3093 922 3132 ὅπλα
934 3092 1016 3146 παρ’
1036 3092 1179 3139 Ἀθηνᾶς

154 3152 215 3191 καὶ
233 3154 485 3205 πολεμαρχῶν,
505 3154 666 3206 Ἐργῖνον
691 3151 753 3204 μὲν
775 3151 916 3200 ἔκτεινε,
947 3150 1026 3192 τοὺς
1052 3147 1088 3187 δὲ
1108 3150 1179 3187 Μι-

154 3210 236 3254 νύας
262 3210 448 3264 ἐτρέψατο,
486 3211 545 3249 καὶ
570 3212 627 3250 τὸν
666 3211 799 3262 δασμὸν
828 3212 971 3248 διπλοῦν
1000 3207 1179 3258 ἠνάγκασε

154 3269 327 3316 Θηὸαίοις
349 3269 473 3322 φέρειν.
497 3269 632 3317 Συνέέη
654 3269 690 3307 δὲ
708 3271 800 3308 κατὰ
825 3268 887 3316 τὴν
912 3267 1032 3320 μάχην
1051 3267 1177 3319 Ἀμφι-

154 3326 292 3380 τρύωνα
323 3327 486 3377 γενναίως
507 3328 706 3379 μαχόμενον
723 3329 940 3374 τελευτῆσαι.
960 3329 976 3351 6
994 3324 1178 3376 Λαμὸάνει

155 3386 191 3424 δὲ
211 3385 387 3439 Ἡρακλῆς
416 3385 513 3438 παρὰ
537 3386 706 3439 Κρέοντος
735 3388 904 3438 ἀριστεῖον
930 3384 993 3432 τὴν
1019 3382 1177 3437 πρεσὸυ-

715 190 1096 231 ΑΠΟΛΛΟΔΩΡΟΥ
1125 192 1467 231 ΒιΒΛΙοΘΗΚΗΣ
1491 193 1540 240 Β,
1570 189 1619 240 δ’,
1648 189 1686 229 ε’.

1237 289 1384 330 injecisse
1395 313 1405 328 ‚
1421 293 1518 330 atque
1533 288 1654 330 Iphicle
1672 287 1828 330 fugiente,
1846 289 1983 322 Hercule
1998 297 2076 322 vero
2091 298 2147 322 eos
2166 292 2259 324 susti-

1237 346 1346 384 nente,
1361 346 1515 388 Iphiclem
1528 355 1569 379 ex
1581 355 1615 379 se
1629 346 1772 387 genitum
1789 346 1989 387 cognovisse.

1280 402 1324 444 (9)
1343 403 1496 436 Hercules
1509 413 1624 436 currus
1638 413 1743 445 regere
1759 404 1873 436 doctus
1889 406 1938 436 est
1951 403 1992 436 ab
2009 404 2261 445 Amphitryone,

1237 460 1352 494 luctari
1365 461 1406 494 ab
1421 463 1589 503 Autolyco,
1618 462 1760 504 sagittari
1777 462 1817 494 ab
1833 463 1968 502 Euryto,
1993 461 2091 493 armis
2107 461 2261 493 dimicare

1238 525 1257 549 a
1272 519 1416 559 Castore,
1434 520 1588 552 citharam
1604 519 1733 561 pulsare
1756 529 1775 551 a
1795 520 1889 557 Lin03
1906 520 1921 538 ²
1935 519 1992 560 qui
2007 519 2126 560 Orphei
2143 519 2259 559 frater,

1237 583 1340 616 quum
1356 576 1482 608 Thebas
1506 577 1649 609 venisset
1670 579 1702 609 et
1715 577 1748 608 in
1764 577 1990 609 Thebanorum
2016 577 2136 608 civium
2149 585 2262 608 nume-

1238 641 1311 664 rum
1325 636 1412 667 esset
1427 637 1587 676 receptus,
1604 635 1645 667 ab
1660 635 1799 668 Hercule
1820 635 1945 667 cithara
1971 635 2138 676 perculsus
2153 634 2260 676 periit.

1238 693 1319 724 Nam
1347 693 1500 734 quoniam
1529 694 1570 726 ab
1594 703 1633 726 eo
1661 695 1835 735 castigatus
1863 695 1971 732 esset,
2006 693 2160 726 Hercules
2186 701 2263 726 eum

1238 749 1285 782 ira
1299 750 1452 792 abreptus
1466 751 1638 784 interfecit.
1661 754 1765 790 Quem
1789 761 1890 792 quum
1905 751 2039 793 quidam
2055 751 2154 784 caedis
2169 759 2263 783 reum

1238 810 1382 849 agerent,
1399 809 1502 850 legem
1524 809 1672 842 recitavit
1685 809 1943 849 Rhadamanthi,
1959 809 2015 850 qui
2031 818 2126 848 eum,
2143 808 2200 850 qui
2216 809 2264 841 in-

1235 864 1333 904 justis
1348 866 1500 899 manibus
1516 866 1669 908 injuriam
1689 866 1807 899 inferre
1834 868 2005 899 conantem
2031 865 2204 907 repulerit,
2219 865 2264 898 in-

1238 924 1364 954 sontem
1375 932 1445 955 esse
1458 923 1550 955 dixit.
1563 927 1669 965 Atque
1678 924 1722 956 ita
1732 924 1902 956 absolutus
1913 926 1963 956 est
1987 928 2002 948 ³
2013 923 2142 957 Veritus
2154 924 2263 957 autem

1238 981 1430 1021 Amphitryo
1443 989 1485 1013 ne
1505 981 1584 1022 quid
1603 982 1721 1013 iterum
1736 982 1895 1023 ejusmodi
1923 982 2057 1022 faceret,
2075 981 2164 1014 misit
2187 990 2263 1014 eum

1239 1039 1279 1070 ad
1295 1043 1450 1071 armenta.
1466 1040 1528 1071 Hic
1543 1040 1700 1072 educatus
1726 1039 1871 1081 corporis
1895 1039 2116 1081 magnitudine
2139 1038 2266 1072 robore-

1238 1089 1302 1137 que
1316 1106 1430 1129 omnes
1440 1097 1662 1138 antecellebat,
1680 1100 1694 1120 ⁴
1707 1099 1739 1129 et
1752 1097 1822 1138 ipso
1838 1097 1994 1138 adspectu
2012 1097 2162 1139 apparuit
2173 1097 2266 1130 Jovis

1239 1163 1315 1187 eum
1333 1155 1435 1187 filium
1454 1164 1536 1188 esse.
1556 1158 1637 1188 Nam
1659 1157 1813 1197 quattuor
1834 1155 1982 1188 cubitum
1997 1158 2065 1188 erat
2077 1154 2264 1195 altitudine,

1239 1213 1435 1255 igneumque
1454 1223 1493 1246 ex
1509 1215 1613 1248 oculis
1630 1215 1833 1256 splendorem
1848 1214 2046 1254 effundebat,
2059 1222 2119 1246 nec
2131 1222 2151 1246 a
2166 1222 2265 1255 scopo

1240 1273 1428 1314 aberrabat,
1444 1276 1514 1308 sive
1530 1277 1664 1317 sagittas
1680 1277 1749 1308 sive
1761 1276 1867 1317 jacula
1879 1276 2032 1308 mitteret.

1271 1346 1285 1366 ὅ
1296 1344 1384 1375 Inter
1394 1345 1538 1376 armenta
1551 1352 1673 1375 annum
1684 1352 1780 1384 agens
1791 1343 1954 1375 decimum
1964 1344 2129 1383 octavum,
2140 1342 2265 1375 leonem

1241 1400 1483 1433 Cithaeroneum
1496 1401 1667 1440 interfecit,
1683 1401 1770 1442 quie
1788 1400 1974 1433 Cithaerone
1987 1393 2113 1433 irruens
2134 1399 2266 1441 Amphi-

1240 1460 1364 1500 tryonis
1380 1459 1481 1492 boves
1506 1460 1702 1492 dilacerabat
1726 1461 1758 1492 et
1786 1459 1920 1492 Thestii.
1943 1460 2005 1492 Hic
2019 1468 2077 1492 rex
2097 1460 2167 1492 erat
2190 1460 2269 1492 The·

1241 1517 1419 1558 spiensium
1429 1526 1439 1556 ;
1454 1517 1520 1559 (10)
1535 1517 1576 1550 ad
1587 1526 1685 1559 quem
1697 1517 1800 1550 leonis
1810 1517 1978 1549 occidendi
1990 1525 2104 1550 caussa
2113 1524 2183 1550 sese
2192 1525 2268 1549 con·

1242 1577 1315 1610 tulit
1338 1577 1504 1610 Hercules.
1522 1577 1580 1610 Ille
1603 1586 1679 1609 eum
1702 1585 1760 1618 per
1775 1576 2010 1618 quinquaginta
2036 1575 2106 1608 dies
2123 1575 2268 1616 hospitio

1240 1637 1386 1678 excepit,
1415 1638 1512 1678 atque
1539 1638 1695 1669 venatum
1730 1635 1822 1668 eunti
1844 1635 1979 1677 singulis
1993 1634 2144 1667 noctibus
2166 1643 2267 1667 unam
2316 1644 2320 1645 ⁷

1241 1704 1259 1728 e
1272 1694 1400 1728 filiabus
1415 1694 1690 1736 comprimendam
1707 1694 1889 1735 supposuit.
1913 1693 2061 1726 Habebat
2077 1701 2156 1726 vero
2176 1693 2268 1735 quin-

1240 1756 1394 1798 quaginta
1425 1764 1444 1787 e
1475 1754 1662 1796 Megamede
1681 1778 1691 1794 ‚
1717 1754 1825 1787 Arnaei
1848 1753 1913 1785 filia
1924 1777 1935 1794 ,
1964 1754 2144 1794 susceptas.
2178 1754 2268 1790 Quas

1241 1822 1353 1846 omnes
1368 1823 1409 1847 ex
1424 1813 1562 1846 Hercule
1586 1814 1720 1853 nepotes
1746 1811 1807 1844 sibi
1824 1819 1936 1852 parere
1966 1810 2127 1851 cupiebat.
2155 1813 2170 1833 Ξ
2187 1811 2267 1842 Her·

1241 1873 1330 1905 cules
1344 1881 1420 1904 cum
1439 1880 1506 1903 una
1531 1871 1710 1911 eademque
1733 1878 1860 1910 semper
1875 1878 1910 1902 se
1925 1868 2141 1901 concumbere
2159 1870 2267 1915 ratus,

1241 1940 1436 1973 congressus
1454 1933 1503 1963 est
1528 1938 1604 1962 cum
1620 1928 1784 1961 omnibus.
1810 1928 1983 1961 Interfecto
2007 1927 2141 1960 demum
2157 1927 2267 1963 leone,

1241 1989 1359 2031 pellem
1374 1989 1444 2030 eJus
1459 1988 1521 2021 sibi
1538 1987 1664 2029 induit,
1687 1987 1805 2020 rictum
1823 1986 1922 2027 galeae
1942 1986 2015 2019 loco
2036 1984 2163 2018 habuit.

1285 2105 1350 2145 (11)
1373 2105 1535 2138 Redeunti
1553 2114 1572 2137 a
1597 2105 1766 2138 venatione
1784 2104 1916 2137 obviam
1930 2103 2006 2137 facti
2020 2104 2098 2136 sunt
2112 2101 2208 2144 legati
2223 2100 2266 2134 ab
2314 2115 2316 2118 r

1241 2168 1359 2209 Ergino
1375 2167 1479 2208 missi,
1491 2169 1547 2209 qui
1562 2167 1720 2200 tributum
1737 2177 1756 2200 a
1770 2167 1931 2200 Thebanis
1947 2166 2122 2209 exigerent.
2135 2168 2151 2188 ²
2163 2165 2269 2198 Solve·

1241 2231 1320 2264 bant
1333 2232 1420 2264 enim
1439 2231 1582 2264 Thebani
1606 2232 1726 2273 Ergino
1747 2230 1906 2263 tributum
1931 2231 2015 2263 hanc
2036 2230 2079 2263 ob
2095 2236 2265 2262 caussam:
2307 2232 2315 2270 ξ

1241 2295 1452 2335 Clymenum,
1476 2294 1660 2335 Minyarum
1675 2303 1800 2335 regem,
1825 2293 1941 2334 lapidis
1954 2293 2020 2325 ictu
2043 2292 2200 2326 Menoecei
2213 2301 2268 2325 au·

1241 2357 1325 2398 riga,
1340 2358 1482 2390 Perieres
1500 2358 1642 2397 nomine,
1656 2357 1691 2389 in
1717 2357 1892 2390 Onchestio
1907 2356 2050 2398 Neptuni
2072 2356 2147 2389 luco
2159 2356 2268 2389 vulne-

1241 2422 1380 2453 raverat.
1420 2420 1483 2459 Qui
1526 2420 1723 2453 semianimis
1759 2421 1999 2453 Orchomenum
2036 2419 2176 2460 delatus,
2209 2418 2267 2452 ubi

1242 2487 1419 2519 moriturus
1445 2489 1530 2527 erat,
1549 2487 1669 2528 Ergino
1684 2487 1751 2519 filio
1766 2487 1879 2519 mortis
1907 2495 1976 2519 suae
1994 2486 2152 2523 ultionem
2178 2493 2266 2517 man·

1240 2550 1343 2583 davit.
1363 2554 1378 2572 ⁵
1390 2551 1529 2591 Erginus
1545 2551 1643 2592 igitur
1667 2555 1743 2583 cum
1767 2550 1913 2583 exercitu
1928 2552 2041 2582 contra
2052 2549 2179 2583 Thebas
2196 2557 2265 2590 pro-

1241 2613 1357 2654 fectus,
1373 2623 1438 2645 non
1455 2614 1566 2655 paucis
1582 2613 1710 2654 occisis,
1728 2623 1839 2655 pacem
1860 2612 2072 2654 jureJurando
2087 2612 2264 2646 stabilitam

1240 2677 1400 2711 Thebanis
1417 2676 1506 2709 dedit
1524 2685 1562 2709 ea
1575 2676 1655 2716 lege,
1672 2678 1708 2708 ut
1723 2676 1765 2708 ad
1778 2676 1892 2717 viginti
1905 2684 2007 2708 annos
2022 2677 2153 2708 centum
2163 2675 2264 2709 boves

1240 2742 1414 2784 quotannis
1429 2742 1544 2775 tributi
1568 2744 1701 2774 nomine
1724 2742 1899 2774 mitterent.
1924 2740 1999 2773 *Ad
2014 2740 2077 2772 hoc
2102 2739 2264 2773 tributum

1240 2808 1448 2850 repetendum
1474 2807 1596 2848 legatos
1617 2807 1744 2839 Thebas
1758 2808 1926 2848 pergentes
1940 2805 2106 2846 Hercules,
2132 2805 2264 2838 obviam

1240 2875 1356 2910 factus,
1373 2874 1550 2914 ignominia
1565 2873 1674 2905 affecit
1690 2881 1698 2903 :
1720 2872 1858 2904 desectis
1870 2871 1957 2904 enim
1979 2870 2112 2903 auribus
2127 2873 2160 2903 et
2183 2869 2264 2903 nari-
2299 2866 2309 2905 τ’

1238 2939 1314 2979 bus,
1338 2938 1553 2978 manibusque
1566 2938 1604 2969 ad
1628 2937 1746 2969 collum
1769 2936 1924 2968 funiculis
1946 2935 2107 2976 religatis,
2129 2935 2192 2968 hoc
2206 2942 2262 2968 eos
2277 2938 2306 2994 ,ἑ

1235 3003 1334 3043 jussit
1347 3002 1467 3043 Ergino
1480 3004 1512 3033 et
1526 3001 1644 3041 Minyis
1659 3000 1741 3032 ferre
1761 3000 1930 3032 tributum.
1955 3001 2062 3037 Quare
2077 2998 2262 3040 indignatus
2283 2994 2305 3035 ’Ξ

1239 3069 1376 3110 Erginus
1398 3066 1515 3100 Thebis
1536 3065 1658 3098 bellum
1679 3064 1799 3097 intulit.
1815 3070 1830 3090 s
1843 3066 1884 3096 At
1899 3063 2066 3102 Hercules,
2079 3062 2221 3104 aceeptia
2241 3069 2263 3098 a

1238 3134 1384 3167 Minerva
1412 3131 1522 3170 armis,
1547 3129 1631 3162 bello
1650 3128 1822 3170 praefectus
1846 3127 2002 3168 Erginum
2015 3125 2196 3165 interfecit,
2222 3131 2262 3158 w

1238 3197 1363 3237 Minyas
1378 3195 1412 3227 in
1428 3195 1536 3235 fugam
1552 3192 1660 3231 vertit,
1680 3199 1800 3231 eosque
1821 3190 1938 3230 coegit,
1963 3191 2001 3221 ut
2020 3188 2141 3230 duplex
2162 3172 2319 3251 tribu-{3}

1237 3264 1309 3295 tum
1321 3259 1484 3294 Thebanis
1504 3257 1692 3299 penderent.
1709 3257 1781 3293 Quo
1796 3254 1906 3296 praelio
1928 3254 2118 3295 Amphitryo
2133 3253 2261 3286 strenuo
2280 3261 2294 3298 ’Δ

1237 3334 1384 3369 pugnans
1397 3324 1499 3357 vitam
1515 3322 1630 3355 finivit.
1656 3328 1672 3347 θ
1684 3320 1837 3353 Hercules
1853 3329 1929 3352 vero
1951 3328 1970 3351 a
1985 3319 2123 3351 Creonte
2134 3316 2263 3350 fortitu·
2279 3309 2291 3333 *²

1240 3391 1325 3424 dinis
1346 3389 1517 3431 praemium
1532 3386 1655 3428 accepit
1669 3388 1843 3428 Megaram,
1858 3384 1955 3417 tiliam
1973 3385 2052 3416 natu
2070 3382 2257 3420 maximam3
2281 3379 2283 3381 ’
2319 3388 2320 3397 ³
