2320 3684
828 154 994 193 TIMAEI
1021 154 1354 195 FRAGMENTA.

33 252 236 306 κιθαρῳδεῖν
254 249 422 300 καθήκει,
435 246 517 300 παρ’
537 240 586 289 οἷς
601 244 671 283 οὐδ’
688 245 719 282 οἱ
734 243 887 293 τέττιγες
903 241 1054 295 ᾅδουσιν.

34 309 329 364 Εὗημερήσαντός
347 307 380 360 γ’
400 300 458 345 οῦν
470 308 532 344 τοῦ
549 302 713 355 Ῥηγίνου
733 303 768 340 ἐν
784 303 835 353 τῷ
849 303 977 351 ἀγῶνι,
995 301 1057 340 ἐνί-

33 385 140 418 κησεν
172 367 327 419 Εὔνομος
358 368 377 404 ὁ
413 362 547 416 Λοκρὸς
583 359 682 415 παρὰ
720 359 886 406 τοιαύτην
917 358 1032 397 αἰτίαν
1046 375 1054 383 ·

34 426 173 471 ἄδοντος
195 428 319 474 αὐτοῦ,
337 421 466 476 μεταξὺ
482 419 595 466 τέττιξ
614 419 672 459 ἐπὶ
691 418 755 467 τὴν
772 417 882 472 λύραν
910 416 1058 462 ἐπιπνὰς

32 467 114 536 ἧιδεν
126 503 134 511 ·
153 490 176 534 ἡ
195 485 230 524 δὲ
245 483 437 535 πανήγυρις
461 480 646 528 ἀνεὸόησεν
661 478 719 518 ἐπὶ
731 480 782 531 τῷ
801 476 979 529 γεγονότι,
998 476 1058 516 καὶ

33 531 212 584 ἐκέλευσεν
228 544 300 596 ἐᾷν.
335 542 392 580 Cf.
416 545 576 579 Pausan.
594 542 670 586 VI,
691 539 728 586 6,
753 551 795 584 23
815 537 955 575 AElian.
974 537 1057 573 Nat.

34 608 102 642 An.
116 606 162 651 V,
183 617 220 652 9.

518 662 581 700 65.

87 730 228 770 Strabo
259 731 333 774 VI,
361 742 401 779 p.
427 725 640 773 26o:(I)nol
660 724 696 764 δὲ
715 724 887 776 Τίμαιος,
919 722 1063 765 Πυθίοις

34 788 119 828 ποτὲ
139 785 432 841 ἀγωνιζομένους,
452 783 572 824 τοῦτόν
595 801 632 823 τε
651 785 888 836 (Eunomum
910 783 976 833 sc.)
1002 780 1061 819 καὶ

36 847 227 902 Ἀρίστωνα
244 846 405 898 Ῥηγῖνον
428 844 542 898 ἐρίσαι
561 843 640 898 περὶ
656 847 717 882 τοῦ
744 842 875 897 κλήρου
888 857 896 866 ·
915 840 974 880 τὸν
998 840 1061 892 μὲν

35 905 78 954 δὴ
99 905 290 960 Ἀρίστωνα
318 906 451 942 δεῖσθαι
473 905 542 942 τῶν
573 904 716 956 Δελφῶν
735 904 850 956 ἑαυτῷ
872 899 1062 954 συμπράτ-

35 981 124 1005 τειν·
144 964 255 1020 ἱεροὺς
269 963 338 1018 γὰρ
353 957 441 1002 εἶναι
457 966 520 1001 τοῦ
538 965 617 1000 θεοῦ
637 961 716 1005 τοὺς
733 961 922 1015 προγόνους
937 961 1061 1007 αὐτοῦ,

37 1025 96 1064 καὶ
116 1023 178 1072 τὴν
196 1023 360 1064 ἀποικίαν
387 1022 520 1061 ἐνθένδε
548 1021 735 1060 ἐστάλθαι·
762 1024 823 1059 τοῦ
847 1020 876 1058 δ’
900 1017 1062 1070 Εὐνόμου

37 1082 211 1138 φήσαντος
239 1081 354 1137 ἀρχὴν
375 1079 465 1133 μηδὲ
491 1086 646 1132 μετεῖναι
676 1078 820 1123 ἐκείνοις
848 1080 963 1122 αὐτοῖς
993 1079 1063 1116 τῶν

34 1141 114 1194 περὶ
138 1140 256 1196 φωνὴν
276 1140 548 1194 ἀγωνισμάτων,
575 1138 659 1193 παρ’
687 1133 738 1183 οἷς
769 1137 829 1176 καὶ
855 1139 887 1176 οἱ
913 1136 1064 1188 τέττιγες

37 1194 105 1240 εἶεν
126 1200 283 1254 ἄφωνοι,
313 1198 358 1239 τὰ
384 1198 642 1253 εὖφθογγότατα
659 1200 727 1236 τῶν
750 1196 866 1251 ζῴων·
891 1195 986 1248 ὅμως
1010 1197 1066 1233 εὖ-

36 1259 191 1311 δοκιμεῐν
209 1258 317 1311 μηδὲν
334 1252 437 1305 ἧττον
457 1257 514 1297 τὸν
534 1258 723 1312 Ἀρίστωνα
741 1255 801 1294 καὶ
816 1257 851 1294 ἕν
870 1255 984 1294 ἐλπίδι
1001 1254 1065 1301 τὴν

35 1317 136 1365 νίκην
170 1316 280 1369 ἔχειν·
305 1319 448 1363 νικῆσαι
480 1315 599 1367 μέντοι
621 1314 680 1354 τὸν
702 1314 874 1367 Εὔνομον,
892 1313 952 1352 καὶ
982 1315 1067 1361 ἀνα-

36 1379 165 1430 χθῆναι
183 1377 373 1428 (ἀναθεῖναι
393 1376 612 1426 suspicatur
627 1375 811 1425 Xyland.)
836 1372 900 1420 τὴν
928 1374 1067 1425 λεχθεῖ-

38 1451 104 1474 σαν
121 1434 239 1474 εἰκόνα
265 1437 300 1473 ἐν
318 1433 485 1487 πατρίδι,
517 1434 593 1473 ἐπεὶ
612 1432 703 1472 κατὰ
734 1433 792 1472 τὸν
822 1435 971 1484 ἀγῶνα,
987 1437 1068 1483 μιᾶς

34 1495 106 1533 τῶν
126 1494 262 1547 χορδῶν
283 1492 462 1547 ῥαγείσης,
487 1491 636 1536 ἐπιπτὰς
644 1493 714 1545 (sic
732 1493 886 1531 Goeller.
903 1506 976 1544 pro
992 1492 1068 1530 ἐπι-

39 1551 134 1603 στὰς)
153 1551 267 1597 τέττιξ
284 1551 523 1606 ἓκπληρώσειε
542 1551 600 1590 τὸν
616 1551 774 1604 φθόγγον.

340 1697 342 1699 ’
385 1686 536 1724 LIBER
570 1686 627 1724 IX
657 1685 713 1738 (l).

524 1755 586 1792 66.

70 1811 74 1813 Α
92 1820 150 1856 De
170 1817 370 1856 nobilitate
388 1817 617 1855 feminarum
654 1817 757 1868 apud
778 1819 921 1855 Locros
942 1821 1069 1856 Tzetz.

39 1876 87 1916 ad
108 1877 299 1928 Lycophr.
330 1882 448 1921 1141:
472 1875 620 1920 Αἴαντος
643 1879 704 1914 τοῦ
731 1878 870 1930 Λοκροῦ
898 1875 978 1931 περὶ
1010 1875 1071 1921 τὰς

42 1935 170 1989 Γυρέας
196 1933 457 1987 ναυηγήσαντος
477 1935 528 1986 (V.
561 1938 671 1973 Hons.
696 1934 766 1973 Od.
790 1938 856 1973 IV.
881 1942 956 1985 499
973 1936 1070 1988 sqq.)

40 1991 100 2031 καὶ
129 1991 338 2047 στραφέντος
366 1994 400 2031 ἐν
428 1991 624 2046 Τρέμοντι,
650 1991 771 2046 χωρίῳ
792 1995 852 2040 τῆς
879 1993 1016 2043 Δήλου,
1039 1996 1071 2033 οἱ

42 2051 172 2104 Λοκροὶ
189 2050 288 2103 μόλις
307 2051 474 2095 σωθέντες
490 2045 594 2099 ἦλθον
619 2053 666 2096 εἷς
677 2050 722 2090 τὰ
745 2053 865 2091 οἰκεῖα.
893 2052 1018 2105 Φθορὰ
1035 2052 1072 2092 δὲ

43 2162 166 2203 tharam
181 2162 364 2195 canendum
377 2171 448 2195 esse
461 2162 548 2204 apud
561 2171 643 2203 quos
653 2171 694 2195 ne
708 2162 827 2196 cioadoe
839 2163 970 2204 quidem
984 2172 1075 2196 cane·

43 2211 126 2243 rent.
141 2210 205 2242 Sed
219 2210 371 2251 quamvis
386 2218 439 2242 res
454 2210 488 2242 in
501 2210 676 2242 certamine
688 2219 840 2252 prospere
855 2211 983 2243 cederet
995 2212 1075 2244 Rhe·

44 2257 118 2299 gino
132 2282 142 2298 ,
161 2257 241 2288 vicit
267 2259 375 2289 tamen
405 2259 574 2289 Eunomus
598 2259 721 2290 Locrus
747 2258 832 2290 hanc
853 2258 895 2290 ob
916 2267 1046 2291 causam
1065 2268 1074 2290 t

42 2303 127 2347 inter
140 2306 273 2336 cantum
286 2304 358 2344 eJus
372 2303 485 2336 cicada
498 2304 532 2335 in
547 2304 651 2345 lyram
664 2304 820 2336 advolans
833 2314 949 2338 canere
964 2306 1074 2347 coepit.

44 2351 117 2388 Qua
131 2350 172 2382 de
188 2359 222 2382 re
237 2351 349 2382 concio
364 2350 557 2383 exclamavit
575 2353 674 2392 atque
689 2353 798 2392 jussit,
811 2353 849 2384 ut
864 2352 1017 2385 sinerent.

85 2451 201 2482 Narrat
215 2449 380 2490 Timaeus,
398 2450 487 2482 hunc
502 2453 689 2484 Eunomum
708 2453 742 2484 et
759 2452 944 2484 Aristonem
965 2453 1076 2494 Rhegi-

47 2504 126 2528 num
142 2496 316 2537 aliquando
329 2497 455 2538 Pythiis
465 2499 611 2531 canendo
621 2501 824 2532 concertasse
837 2500 878 2532 de
893 2500 1072 2540 sortitione,

46 2551 84 2577 ac
98 2544 279 2577 Aristonem
293 2546 428 2587 quidem
445 2555 464 2578 a
479 2546 612 2588 Delphis
625 2548 840 2583 contendisse,
854 2551 890 2580 ut
903 2549 965 2581 sibi
991 2549 1075 2582 save-

47 2591 128 2630 rent,
144 2590 231 2631 quod
249 2599 327 2623 suos
339 2591 476 2632 majores
491 2593 632 2633 Apollini
649 2590 806 2634 Delphico
820 2603 928 2627 sacros
941 2594 1074 2635 diceret,

47 2634 184 2677 indeque
207 2637 380 2670 deductam
405 2647 477 2671 esse
491 2639 652 2671 coloniam
668 2663 678 2680 ,
703 2642 738 2672 at
758 2643 943 2673 Eunomum
960 2644 1074 2674 contra

48 2682 168 2716 dixisse
181 2707 191 2723 ‚
219 2684 299 2717 nihil
316 2694 449 2726 prorsus
472 2687 647 2719 certamina
675 2688 716 2719 de
731 2691 829 2721 cantu
856 2689 895 2721 ad
914 2689 1075 2730 Rheginos

47 2729 206 2770 pertinere
220 2755 228 2771 ,
253 2732 340 2773 apud
356 2741 440 2774 quos
456 2733 525 2774 ipsa
549 2734 646 2766 etiam
664 2734 774 2767 cicada
788 2759 798 2775 ,
818 2736 937 2768 animal
954 2737 1075 2777 alioqui

49 2775 303 2818 vocalissimum,
323 2787 404 2811 voce
418 2779 573 2812 destituta
588 2782 673 2813 esset
691 2791 699 2812 ε
717 2781 847 2814 interim
865 2786 974 2815 tamen
994 2783 1075 2815 nihi-

49 2820 189 2855 lominus
203 2824 363 2865 placuisse
380 2826 574 2866 Aristonem,
591 2836 629 2859 ac
642 2828 813 2860 victoriam
827 2838 972 2870 sperasse
990 2839 997 2861 :
1019 2829 1077 2862 sed

50 2867 164 2902 vicisse
178 2873 377 2914 Eunomum,
396 2876 612 2916 statuamque,
628 2885 727 2916 quam
743 2876 906 2916 diximus,
922 2877 956 2909 in
972 2877 1078 2919 patria

50 2916 205 2957 posuisse,
219 2919 306 2959 quod
322 2920 351 2952 ei
365 2923 460 2962 rupta
474 2922 509 2953 in
524 2922 595 2963 ipso
610 2923 785 2955 certamine
796 2924 858 2957 lide
872 2925 984 2956 cicada
997 2934 1076 2966 prae·

51 2962 102 2997 tto
117 2963 226 3004 fuerit,
241 2974 423 3008 sonumque
437 2968 566 3001 chordae
584 2970 791 3010 suppleverit.

437 3080 589 3119 LIBER
617 3082 685 3120 IX.

63 3226 71 3230 ,-
91 3187 186 3229 Aiace
210 3191 312 3222 Locro
334 3148 645 3233 nauisragimssiirca
659 3196 783 3236 Gyreas
806 3205 959 3237 perpesso
984 3197 1017 3228 et
1044 3196 1077 3227 in

52 3232 220 3268 Tremonte
235 3237 305 3269 Deli
319 3237 391 3270 loco
403 3243 613 3281 commorato,
631 3243 727 3274 Locri
742 3242 878 3274 vixdum
894 3243 1012 3275 servati
1024 3252 1077 3274 ve-

53 3283 169 3314 nerunt
182 3282 216 3314 in
228 3284 376 3324 patriam.
392 3287 500 3319 Tertio
517 3290 623 3319 autem
641 3297 726 3321 anno
742 3290 821 3330 ‘post
839 3290 1004 3322 fructuum
1026 3299 1077 3330 pe-

54 3326 146 3359 nuria
164 3331 260 3370 atque
276 3332 376 3372 pestis
393 3334 561 3366 Locridem
577 3335 731 3368 tenebant
753 3339 883 3377 propter
902 3336 1078 3368 nefandum

54 3379 128 3407 oum
144 3377 326 3410 Cassandra
341 3379 551 3412 concubitum
567 3382 686 3422 Ajacis.
704 3383 807 3415 Jussit
822 3385 893 3416 tum
915 3383 996 3415 deus
1011 3392 1078 3414 ora-

2060 158 2135 191 207

1116 242 1175 280 καὶ
1191 242 1312 294 λοιμὸς
1331 241 1419 294 μετὰ
1436 240 1551 294 τρίτον
1581 239 1654 285 ἔτος
1682 237 1765 292 ἔσχε
1789 238 1852 286 τὴν
1880 239 2056 293 Λοκρίδα,
2083 241 2140 281 διὰ

1115 299 1178 347 τὴν
1196 302 1243 344 εἷς
1257 300 1492 354 Κάσσανδραν
1513 298 1678 351 ἀθέμιτον
1705 296 1796 350 μῖξιν
1819 297 1987 343 Αἴαντος·
2011 297 2141 353 ἔχρησε

1118 359 1147 396 δ’
1169 362 1187 397 ὁ
1205 358 1298 406 θεὸς,
1319 359 1523 398 ἱλάσκεσθαι
1552 358 1699 405 Ἀθηνᾶν
1721 356 1784 404 τὴν
1804 357 1840 396 ἓν
1870 356 1984 411 Ἰλίῳ,
2005 358 2062 397 ἐπὶ
2080 357 2140 406 ἔτη

1116 417 1215 469 χίλια
1258 417 1318 456 δύο
1335 417 1525 471 παρθένους
1548 417 1752 468 πέμποντας
1779 414 1836 455 ἐπὶ
1855 415 1975 471 κλήρῳ
1994 416 2055 455 καὶ
2072 419 2143 456 λα·-

1116 476 1220 528 χήσει
1232 492 1240 500 ·
1255 476 1482 528 πεμπομένας
1498 476 1534 515 δὲ
1551 476 1656 520 αὐτὰς
1674 478 1962 530 προῦπαντῶντες
1980 478 2012 515 οἱ
2025 479 2145 531 Τρῶες

1120 536 1148 573 εἷ
1179 534 1366 587 κατέσχον,
1408 534 1570 589 ἀνῄρουν,
1598 535 1659 574 καὶ
1688 534 1844 579 καίοντες
1878 535 2047 590 ἀκάρποις
2084 536 2144 575 καὶ

1121 593 1252 646 ἀγρίοις
1271 592 1383 638 ξύλοις
1403 593 1447 632 τὰ
1466 597 1551 632 ὀστᾶ
1573 596 1700 643 αὐτῶν,
1721 594 1791 633 ἀπὸ
1814 596 1847 633 Τ
1851 594 2023 648 ρήρωνος,
2047 594 2145 648 ὅρους

1118 654 1181 697 τῆς
1201 651 1344 704 Τροίας,
1370 651 1426 689 τὸν
1449 652 1575 691 σποδὸν
1607 657 1655 697 εἰς
1686 653 1864 692 θάλασσαν
1890 652 2064 707 ἔῤῥιπτον,
2087 654 2146 694 καὶ

1119 710 1225 748 πάλιν
1243 712 1273 748 οἱ
1288 710 1418 764 Λοκροὶ
1431 709 1549 764 ἑτέρας
1569 710 1728 751 ἔστελλον
1742 728 1749 736 ·
1769 714 1797 750 εἰ
1811 711 1848 750 δέ
1860 728 1950 757 τινες
1967 711 2147 766 ἐκφύγοιεν

1121 770 1326 807 ἀνελθοῦσαι
1347 768 1459 823 λάθρα
1487 771 1535 814 εἷς
1558 770 1598 808 τὸ
1624 774 1686 817 τῆς
1715 770 1856 818 Ἀθηνᾶς
1891 771 1996 825 ἱερὸν,
2026 771 2149 826 ἱέρειαι

1122 826 1299 879 ἐγένοντο·
1321 827 1458 880 ἔσαιρον
1478 827 1545 882 γὰρ
1569 829 1651 867 αὐτὸ
1677 829 1737 867 καὶ
1762 828 1931 883 ἔῤῥαινον,
1955 834 1998 884 τῇ
2023 829 2059 869 δὲ
2082 834 2149 885 θεῷ

1121 888 1159 925 οὐ
1172 886 1416 941 προσήρχοντο
1428 917 1438 935 ,
1459 889 1488 925 εἶ
1510 886 1558 938 μὴ
1574 886 1730 940 νύκτωρ·
1754 882 1844 935 ἦσαν
1862 888 1898 927 δὲ
1914 889 2149 943 κεκαρμέναι,

1122 945 1376 998 μονοχίτωνες,
1403 955 1464 983 και
1484 944 1704 992 ἀνυπόδητοι.
1732 949 1880 1000 Πρῶται
1911 947 1947 986 δὲ
1979 951 2048 987 τῶν
2077 951 2151 988 Λο-

1121 1004 1248 1058 κρίδων
1267 1004 1448 1058 παρθένων
1470 1003 1643 1057 Περίὸοια
1663 1005 1723 1043 καὶ
1740 1006 1951 1060 Κλεοπάτρα
1971 1007 2148 1060 ἀφίκοντο.

1123 1063 1196 1103 Καὶ
1212 1066 1336 1118 πρῶτα
1362 1061 1425 1114 μὲν
1454 1061 1516 1108 τὰς
1537 1062 1744 1117 παρθένους,
1768 1057 1842 1102 εἶτα
1864 1064 1973 1119 βρέφη
1996 1065 2152 1104 ἐνιαύσια

1123 1122 1213 1175 μετὰ
1229 1125 1298 1162 τῶν
1315 1124 1451 1176 τροφῶν
1469 1123 1582 1160 αὐτῶν
1600 1121 1756 1174 ἔπεμπον
1772 1125 1803 1161 οἱ
1822 1124 1968 1177 Λοκροί·
1982 1124 2104 1176 χιλίων
2123 1125 2152 1163 δ’

1124 1183 1210 1221 ἐτῶν
1226 1181 1471 1235 παρελθόντων
1492 1180 1582 1232 μετὰ
1597 1181 1655 1220 τὸν
1681 1181 1850 1221 Φωκικὸν
1872 1181 2025 1234 πόλεμον
2045 1183 2154 1222 ἐπαύ-

1124 1256 1233 1279 σαντο
1248 1243 1310 1288 τῆς
1329 1240 1491 1287 τοιαύτης
1508 1240 1627 1284 θυσίας
1639 1271 1649 1288 ,
1670 1239 1716 1285 ὥς
1735 1256 1822 1295 φησι
1843 1240 1992 1292 Τίμαιος
2012 1245 2030 1280 ὃ
2047 1243 2154 1280 Σικε-

1123 1299 1194 1343 λός.
1215 1292 1404 1351 Μέμνηται
1424 1298 1460 1338 δὲ
1475 1301 1537 1346 τῆς
1553 1299 1708 1353 ἱστορίας
1725 1299 1786 1337 καὶ
1808 1301 1825 1338 ὁ
1843 1301 2040 1352 Κυρηναῖος
2059 1302 2156 1339 Καλ-

1123 1358 1274 1411 λίμαχος
1287 1360 1360 1411 (ap.
1382 1359 1536 1399 Bentlei.
1551 1372 1587 1410 p.
1606 1359 1680 1449 56674
1702 1359 1821 1410 Ern.).

1178 1466 1387 1504 Athenaeus
1407 1466 1568 1517 Dipnos.
1603 1464 1670 1503 lib.
1691 1468 1766 1512 VI,
1799 1478 1881 1516 cap.
1912 1466 1956 1503 18
1978 1473 2015 1503 et
2035 1479 2096 1513 20,
2116 1479 2157 1517 p.

1128 1525 1217 1571 264,
1249 1527 1290 1572 C,
1309 1533 1346 1562 et
1377 1538 1449 1571 272
1468 1540 1475 1561 :
1497 1522 1649 1574 Τίμαιος
1669 1523 1698 1561 δ’
1718 1526 1736 1562 ὁ
1767 1523 2031 1578 Ταυρομενίτης
2059 1525 2094 1562 ἐν
2114 1527 2158 1577 τῇ

1127 1582 1230 1634 ἐνάτῃ
1247 1585 1317 1621 τῶν
1338 1582 1515 1636 Ἱστοριῶν
1543 1581 1692 1634 (ἐλέγχει
1712 1582 1742 1620 δ’
1765 1582 1867 1620 αὐτὸν
1892 1583 1937 1626 εἷς
1957 1586 2059 1622 τοῦτο
2079 1585 2159 1623 Πο-

1125 1640 1244 1685 λύὸιος
1257 1645 1276 1680 ὁ
1293 1640 1586 1693 Μεγαλοπολίτης
1603 1640 1660 1679 διὰ
1679 1643 1740 1688 τῆς
1757 1641 1954 1689 δωδεκάτης
1967 1644 2037 1681 τῶν
2054 1641 2161 1681 Ἱστο-

1129 1702 1243 1753 ριῶν),
1270 1701 1349 1739 Οὐκ
1378 1694 1435 1748 ἦν,
1463 1699 1571 1753 φησὶ,
1597 1699 1744 1754 πάτριον
1782 1705 1853 1744 τοῖς
1884 1699 2060 1748 εἘλλησιν
2093 1700 2160 1740 ὑπὸ

1128 1759 1383 1813 ἀργυρωνήτων
1400 1758 1439 1798 τὸ
1452 1758 1600 1797 παλαιὸν
1620 1759 1869 1807 διακονεῖσθαι,
1887 1759 2028 1814 γράφων
2040 1758 2159 1804 οὕτως·

1129 1818 1289 1857 Καθόλου
1324 1817 1360 1856 δὲ
1380 1820 1530 1871 ᾐτιῶντο
1562 1817 1618 1856 τὸν
1652 1817 1896 1872 Ἀριστοτέλην
1912 1849 1922 1866 ,
1959 1820 2160 1873 διημαρτη-

1128 1874 1226 1915 κέναι
1241 1878 1311 1915 τῶν
1330 1878 1512 1930 Λοκρικῶν
1529 1877 1615 1914 ἐθῶν
1626 1892 1634 1900 ·
1652 1875 1731 1915 οὐδὲ
1744 1876 1810 1929 γὰρ
1830 1880 2038 1926 κεκτῆσθαι,
2055 1876 2160 1929 νόμον

1129 1929 1217 1974 εἶναι
1236 1941 1306 1979 τοῖς
1325 1934 1626 1990 Λοκροῖς,ὁμοι’ως
1643 1934 1721 1974 οὐδὲ
1740 1938 1940 1982 Φωκεῦσιν,
1959 1935 2037 1975 οὔτε
2057 1939 2162 1990 θερα-

1129 1994 1273 2042 παίνας,
1294 1993 1373 2033 οὔτε
1393 1993 1531 2038 οἰκέτας
1545 2025 1556 2043 ,
1570 1993 1663 2042 πλὴν
1679 1993 1778 2046 ἐγγὺς
1803 1997 1872 2033 τῶν
1893 1994 2038 2049 χρόνων.
2057 1995 2161 2035 Ἀλλὰ

1129 2052 1253 2106 πρώτῃ
1288 2056 1332 2106 τῇ
1366 2052 1578 2104 Φιλομήλου
1615 2053 1778 2104 γυναικὶ,
1814 2057 1875 2092 τοῦ
1903 2054 2162 2099 καταλαὸόντος

1129 2165 1215 2204 culo,
1234 2166 1271 2196 ut
1286 2164 1451 2205 placarent
1471 2165 1653 2197 Minervam
1670 2165 1842 2205 'frojanam
1854 2188 1863 2204 ‚
1883 2173 1940 2205 per
1955 2164 2044 2197 mille
2058 2174 2161 2198 annos

1131 2211 1224 2243 binas
1243 2211 1407 2243 mittentes
1424 2210 1565 2252 virgines
1582 2214 1668 2243 sorte
1684 2211 1810 2243 ductas.
1828 2213 1916 2249 Quas
1936 2210 2052 2243 missas
2072 2212 2099 2243 si
2109 2221 2158 2244 oc-

1132 2259 1299 2291 currentes
1312 2258 1442 2299 TrOJ’ani
1458 2258 1746 2299 deprehenderent,
1759 2258 1995 2290 interficiebant
2007 2282 2016 2299 ,
2036 2267 2158 2291 earum-

1131 2314 1195 2346 que
1210 2305 1339 2338 ossibus
1356 2305 1443 2346 ligno
1457 2305 1557 2338 sterili
1575 2314 1613 2337 ac
1627 2305 1768 2337 silvestri
1783 2305 1934 2338 crematis
1947 2329 1957 2345 ,
1979 2305 2122 2337 cinerem
2138 2315 2157 2337 a

1131 2355 1283 2393 Trerone,
1300 2355 1412 2385 monte
1425 2352 1578 2392 Troadis,
1597 2352 1631 2384 in
1646 2361 1735 2384 mare
1746 2352 1925 2393 jaciebant;
1944 2355 2040 2392 atque
2055 2352 2160 2384 denuo

1132 2401 1227 2432 Locri
1243 2400 1321 2432 alias
1335 2400 1521 2433 mittebant.
1538 2402 1660 2432 Verum
1681 2401 1709 2431 si
1723 2409 1797 2440 quae
1813 2399 2015 2431 clandestina
2039 2399 2112 2439 fuga
2127 2399 2160 2430 in

1131 2448 1235 2480 aedem
1251 2448 1406 2480 Minervae
1423 2447 1657 2489 pervenissent,
1675 2447 1880 2479 sacerdotum
1897 2455 2031 2478 munere
2051 2446 2160 2486 sunge-

1130 2495 1260 2527 bantur.
1275 2496 1401 2528 Etenim
1416 2495 1575 2536 templum
1591 2494 1763 2526 verrebant
1790 2496 1824 2526 et
1840 2493 2105 2534 conspergebant,
2119 2493 2159 2524 ad

1131 2542 1223 2575 deam
1238 2551 1314 2574 vero
1330 2551 1396 2574 non
1409 2542 1606 2574 accedebant
1632 2542 1694 2573 nisi
1711 2542 1822 2573 noctu.
1842 2542 1941 2572 Erant
1963 2541 2077 2578 tonsae,
2093 2539 2161 2571 sola

1131 2589 1242 2620 tunica
1257 2589 1385 2621 vestitae
1406 2591 1438 2621 et
1453 2589 1550 2621 nudis
1570 2588 1720 2630 pedibus.
1741 2588 1860 2620 Primae
1874 2588 1982 2619 autem
1998 2587 2159 2627 virginum

1132 2636 1340 2668 Locrensium
1367 2645 1405 2668 eo
1430 2637 1590 2668 venerunt
1617 2635 1763 2667 Periboea
1781 2635 1814 2666 et
1841 2634 2021 2674 cleopatra.
2055 2634 2161 2674 Atque

1131 2682 1221 2724 prius
1237 2682 1370 2723 quidem
1398 2682 1556 2723 virgines,
1584 2685 1697 2723 postea
1724 2690 1801 2713 vero
1830 2680 1966 2712 infantes
1992 2680 2160 2712 anniculas

1131 2739 1207 2762 cum
1222 2730 1405 2762 nutricibus
1418 2729 1591 2761 mittebant
1607 2728 1714 2760 Locri.
1730 2728 1793 2759 Sed
1807 2736 1908 2768 quum
1924 2726 2012 2758 mille
2023 2728 2101 2758 anni
2117 2726 2160 2759 ef-

1132 2777 1304 2809 fluxissent
1325 2778 1400 2818 post
1421 2777 1542 2809 bellum
1560 2775 1748 2813 Phocicum,
1766 2773 1961 2806 destiterunt
1983 2773 2023 2805 ab
2039 2773 2100 2805 hoc
2115 2782 2160 2806 sa-

1132 2824 1262 2863 crificio,
1282 2827 1319 2855 ut
1331 2823 1430 2855 tradit
1441 2823 1584 2854 Timaeus
1599 2822 1736 2853 Siculus.
1752 2823 1842 2852 Hanc
1855 2820 2024 2852 historiam
2041 2829 2160 2854 memo-

1132 2873 1182 2903 rat
1196 2873 1228 2903 et
1243 2870 1460 2903 Callimachus
1481 2871 1667 2909 Cyrenaeus.

1618 2939 1681 2971 67.

1175 3010 1316 3042 Timaeus
1338 3007 1579 3041 Tauromenites
1609 3006 1691 3038 libro
1717 3015 1804 3038 nono
1827 3007 2045 3040 Historiarum
2082 3009 2160 3050 (quo

1133 3057 1264 3088 nomine
1279 3065 1352 3088 eum
1366 3054 1571 3095 reprehendit
1584 3053 1739 3094 Polybius
1753 3054 1990 3095 Megalopolita,
2005 3056 2161 3089 Historia-

1134 3112 1205 3134 rum
1230 3101 1436 3140 duodecimo)
1450 3124 1459 3139 ,
1477 3100 1601 3131 Graecis
1616 3099 1694 3131 olim
1717 3109 1784 3131 non
1801 3099 1922 3140 fuisse,
1939 3101 2004 3141 ait,
2019 3102 2160 3143 patrium

1134 3150 1332 3186 institutum,
1346 3150 1380 3179 ut
1393 3147 1531 3188 emptitii
1547 3148 1632 3178 servi
1647 3147 1726 3188 ipsis
1740 3147 1994 3188 famularentur;
2010 3151 2107 3190 atque
2117 3150 2162 3182 ita

1134 3196 1264 3229 scribit:
1298 3194 1437 3226 Omnino
1462 3193 1668 3226 Aristotelem
1692 3195 1986 3236 reprehendebant,
2014 3205 2052 3228 ac
2073 3206 2159 3238 pror-

1135 3251 1190 3274 sus
1207 3250 1347 3273 errassse
1370 3249 1446 3272 eum
1468 3239 1709 3272 contendebant
1732 3241 1765 3272 in
1787 3242 1966 3273 Locrorum
1986 3242 2157 3274 institutis.

1133 3291 1198 3321 Nec
1214 3288 1299 3319 enim
1314 3287 1438 3328 legibus
1454 3289 1643 3327 Locrorum,
1658 3287 1933 3327 quemadmodum
1947 3297 2007 3320 nec
2018 3290 2160 3321 Phocen-

1134 3336 1230 3373 sium,
1245 3335 1340 3366 licere
1354 3334 1486 3366 ancillas
1502 3337 1558 3366 aut
1571 3343 1682 3367 servos
1701 3335 1876 3376 possidere,
1892 3335 1956 3367 nisi
1973 3337 2092 3368 recenti
2107 3337 2159 3368 ad-

1135 3382 1269 3414 modum
1295 3381 1462 3414 memoria.
1491 3381 1554 3414 Sed
1568 3382 1707 3422 primam
1721 3381 1821 3414 ruisse
1831 3382 1999 3415 Philomeli
2013 3392 2158 3423 uxorem,
