2320 3684
783 148 949 186 TIMAEI
983 148 1311 189 FRAGMENTA.

298 239 467 293 [LIBER
494 234 736 284 XVI-xxm

485 321 570 360 119.

60 397 252 438 Plutarch.
272 398 365 434 VIII
380 396 570 444 Sympos.,
593 404 626 437 1,
643 396 776 440 quaest.
805 401 841 439 p.
872 403 891 435 7
903 403 962 435 17,
981 391 1009 427 C
1021 418 1032 437 ‚

11 454 320 505 Wechel.:’Ep.ol
341 451 378 491 δὲ
402 450 517 490 πολλὰ
539 448 654 501 λέγειν
683 446 802 500 ἐπῄει,
831 441 902 485 οἷον
926 441 969 494 ἧν
994 447 1034 486 τὸ

10 515 87 569 περὶ
106 518 168 561 τῆς
190 511 379 566 Εὐριπίδου
398 509 565 562 γενέσεως
575 506 634 550 καὶ
650 507 831 554 τελευτῆς,
846 504 1034 557 γενομένου

11 575 74 626 μὲν
89 571 224 625 ἡμέρᾳ,
253 570 330 608 καθ’
349 569 392 616 ἣν
414 571 446 607 οἱ
464 567 639 614 “Ελληνες
657 564 878 617 ἐναυμάχουν
898 565 933 603 ἐν
954 566 1033 603 Σα-

10 633 132 683 λαμῖνι
149 629 234 683 πρὸς
249 628 308 668 τὸν
327 629 463 676 Μ’ῆδον,
484 624 716 667 ἀποθανόντος
734 622 771 661 δὲ
784 623 861 662 καθ’
881 622 923 670 ἣν
941 624 1036 674 ἐγεν-

8 689 97 737 νήθη
117 686 299 730 Διονύσιος
315 689 333 725 ὃ
346 683 578 738 πρεσὸύτερος
593 684 662 721 τῶν
688 683 722 720 ἐν
744 681 890 734 Σικελίᾳ
905 680 1036 735 τυράν-

8 761 98 786 νων·
121 745 197 797 ἅμα
210 748 273 792 τῆς
289 743 400 796 τύχης
416 744 477 796 (ὡς
505 741 660 793 Τίμαιος
689 739 769 794 ἔφη)
794 738 851 777 τὸν
877 739 1035 790 μιμητὴν

10 802 196 856 ἐξαγούσης
214 805 283 842 τῶν
303 804 478 857 τραγικῶν
506 801 650 848 παθῶν,
669 798 728 836 καὶ
755 797 814 836 τὸν
840 797 1036 849 ἀγωνιστὴν

11 861 276 914 ἐπεισαγούσης.

63 922 252 961 «Hiccine
281 917 422 972 ἡμέρα,
450 917 528 957 καθ’
556 916 599 964 ἣν
619 914 804 968 ἐγεννήθη,
836 915 918 953 dies
944 916 1036 963 erit,

11 995 88 1033 quo
102 980 296 1032 quondam
313 979 438 1030 prima
469 977 555 1015 vitae
582 989 698 1013 usura
720 975 930 1025 Dionysius
963 975 1038 1012 frui

17 1041 202 1091 coeperat?
233 1038 320 1076 Dici
351 1037 392 1074 id
425 1043 564 1088 potest.
599 1038 795 1082 Quorsum
833 1047 928 1071 vero
957 1042 1040 1072 tum

11 1098 146 1138 Timaei
177 1097 272 1136 illud
301 1096 585 1147 epiphonema?
613 1093 679 1140 Id,
713 1101 756 1131 ut
786 1106 888 1130 nunc
921 1093 1040 1131 verba

6 1157 135 1209 jac-ent
146 1186 157 1204 ‚
174 1155 371 1206 requirere
386 1154 551 1200 videtur,
560 1166 606 1190 eo
623 1152 685 1190 die
700 1151 748 1189 ad
762 1152 891 1202 plures
901 1151 1041 1189 abiisse

12 1215 254 1266 Euripidem,
282 1227 360 1264 quo
388 1213 556 1264 primum
584 1211 791 1261 Dionysius
814 1211 939 1248 lucem
967 1210 1039 1248 ad-

12 1274 150 1326 spexit.
189 1273 323 1318 Dices,
356 1271 451 1308 illud
482 1284 563 1308 esse
595 1270 838 1308 falsissimum
868 1283 876 1306 :
906 1270 1040 1307 fateor.

12 1335 148 1383 Neque
170 1330 339 1368 scribere
357 1329 547 1380 potuisse,
563 1337 666 1366 certe
686 1342 762 1365 non
782 1327 961 1366 debuisse
976 1329 1042 1366 Ti-

13 1404 164 1436 maeum,
180 1390 302 1426 fateor
317 1388 358 1425 id
372 1400 539 1438 quoque.
559 1387 632 1425 Sed
653 1387 710 1424 fac
724 1386 924 1436 reliquisse
938 1399 1040 1434 eum,

13 1448 237 1499 Euripidem
272 1444 405 1499 ἡμέρα,
437 1444 514 1484 καθ’
537 1444 580 1491 ἣν
613 1443 748 1495 ἐγένετο
788 1445 868 1482 sive
896 1444 1041 1495 ἐγενήθη

13 1507 193 1552 Διονύσιος
228 1509 247 1544 ὃ
287 1503 520 1559 πρεσὸύτερος
554 1506 617 1550 τῆς
649 1502 813 1546 Σικελίας
853 1501 1019 1557 τύραννος
1032 1533 1043 1553 ,

13 1581 91 1618 quo
105 1567 232 1605 senior
245 1564 452 1614 Dionysius
466 1563 600 1602 Siciliae
614 1570 796 1612 tyrannus
817 1570 874 1600 est
898 1562 1019 1599 factus
1031 1590 1042 1609 ,

0 1622 116 1663 'diem
144 1624 286 1662 obiisse
318 1635 561 1673 supremum,
592 1629 630 1658 et
660 1620 759 1658 bene
790 1621 962 1672 profecto
980 1633 1041 1657 se-

14 1691 154 1734 quetur
178 1695 187 1718 :
216 1681 407 1719 fortunam
442 1681 553 1718 simul
585 1678 814 1716 subduxisse
848 1678 1045 1729 egregium

16 1742 244 1792 tragicarum
274 1740 532 1777 calamitatum
561 1738 814 1784 imitatorem,
846 1745 885 1775 et
914 1750 1045 1774 earum

16 1807 210 1838 auctorem
225 1807 339 1849 atque
355 1806 522 1836 actorem
542 1797 583 1835 in
601 1810 753 1834 scenam
768 1795 1043 1833 introduxisse.

16 1860 104 1905 Quo
117 1858 218 1896 enim
241 1857 304 1895 die
325 1857 533 1907 Dionysius
557 1854 798 1906 tyrannidem
817 1855 1022 1905 occupavit
1035 1885 1045 1905 ,

17 1917 219 1968 occupavit
232 1924 359 1954 autem
377 1916 472 1953 citra
489 1914 790 1952 controversiam
820 1914 893 1951 hoc
919 1927 1018 1951 anno
1034 1943 1044 1960 ,

18 1988 96 2027 quo
125 1975 329 2026 Euripides
358 1975 436 2012 fato
469 1974 621 2011 functus
655 1981 730 2020 est,
757 1973 892 2023 utique
920 1973 1046 2010 statim

18 2032 212 2085 ἀγωνιστὴς
227 2033 299 2071 fuit
314 2035 490 2086 τραγικῶν
513 2035 647 2071 παθῶν.
669 2038 796 2083 Atque
810 2032 884 2069 hoc
905 2032 1000 2069 mihi
1016 2032 1047 2069 si

18 2092 169 2131 dederis
183 2122 194 2140 ,
209 2092 386 2143 expedita
407 2105 467 2130 res
481 2092 574 2138 erit;
589 2092 702 2141 culpa
727 2090 872 2128 recidet
888 2090 928 2128 in
953 2091 1046 2128 Plu—

19 2151 232 2189 tarchum.»
256 2151 479 2200 Wesseling.
501 2150 549 2188 ad
566 2149 679 2187 Diod.
698 2151 808 2188 Tom.
827 2153 874 2187 V.
899 2162 937 2200 p.
955 2150 1045 2199 629.

20 2211 79 2249 Cf.
102 2212 271 2261 Kriiger.
307 2210 346 2246 in
369 2210 536 2247 Clinton.
567 2212 668 2247 Fast.
700 2208 794 2246 Hell.
833 2208 881 2246 ad
905 2221 1047 2245 annum

23 2270 110 2315 406.

307 2412 484 2462 [LIBER
513 2411 761 2462 XVI-XXI}

495 2494 578 2526 119.

69 2558 170 2592 Multa
185 2567 260 2599 quae
274 2557 413 2590 dicerem
436 2558 518 2589 mihi
536 2558 570 2589 in
585 2560 726 2590 mentem
750 2561 925 2599 venerunt,
942 2559 1050 2599 qualia

26 2608 103 2638 sunt
113 2614 185 2646 quae
195 2605 236 2637 ad
247 2605 413 2646 Euripidis
422 2605 508 2637 diem
525 2605 667 2637 natalem
679 2607 712 2637 et
724 2608 860 2636 mortem
875 2606 1048 2646 pertinent.

26 2653 59 2684 1⁸
73 2653 168 2684 natus
179 2660 218 2684 eo
236 2651 288 2684 die
302 2675 311 2691 ,
326 2651 417 2692 quod
435 2650 475 2683 ad
500 2651 694 2683 Salaminem
718 2652 823 2684 Graeci
853 2660 927 2683 cum
946 2651 1050 2684 Medis

27 2697 134 2730 navali
149 2698 263 2739 proelio
275 2698 540 2737 decertaverunt;
562 2702 712 2730 mortuus
727 2700 777 2730 est
793 2698 846 2731 die
858 2699 958 2730 natali
974 2699 1047 2730 Dio-

28 2744 111 2785 nysii
132 2745 276 2785 senioris,
292 2745 408 2778 Siciliae
420 2746 548 2786 tyranni
559 2755 567 2777 ε
578 2755 679 2786 quum
695 2746 839 2786 quidem,
854 2748 891 2777 ut
906 2747 1048 2778 Timaeus

22 2789 88 2831 ait,
103 2790 232 2823 fortuna
247 2791 342 2823 simul
358 2793 391 2823 et
403 2791 599 2824 imitatorem
615 2791 810 2832 tragicarum
826 2791 1048 2824 calamitatum

25 2835 193 2878 subduxit,
209 2840 242 2870 et
256 2841 396 2870 actorem
411 2846 522 2870 earum
538 2840 766 2878 auctoremque
779 2837 970 2870 introduxit.

495 2914 583 2946 120.

70 2975 149 3006 Erat
159 2975 267 3008 Gelois
277 2977 386 3009 statua
397 2976 549 3017 quaedam
561 2976 718 3018 Apollinis
731 2979 822 3008 extra
835 2977 950 3009 urbem
962 2986 1052 3009 aenea

24 3019 119 3053 Ἐἴτε
130 3022 359 3062 magnitudinis
371 3033 379 3055 ε
396 3023 478 3055 hanc
490 3023 654 3064 abreptam
665 3025 787 3064 Tyrum
804 3024 894 3056 Poeni
906 3024 1052 3055 transmi-

33 3073 111 3099 sere.
128 3069 234 3109 Ipsius
248 3071 355 3102 autem
372 3070 424 3102 dei
443 3071 573 3102 oraculo
591 3071 756 3111 quondam
770 3071 853 3111 jussi
873 3071 965 3103 Geloi
981 3079 1051 3102 earn

31 3111 221 3147 dedicarunt.
248 3116 311 3148 Sed
333 3117 422 3158 Tyrii
443 3117 607 3158 aliquanto
621 3121 762 3158 tempore
777 3120 867 3158 post,
887 3127 987 3159 quum
1013 3117 1053 3149 ab

32 3158 214 3212 alexandro
232 3164 407 3196 Macedone
424 3165 593 3196 obsidione
608 3167 842 3205 premerentur,
857 3165 1052 3197 contumelia

34 3206 243 3240 simulacrum
279 3210 459 3243 affecerunt
469 3237 479 3252 ,
502 3212 595 3252 quasi
618 3221 677 3252 pro
706 3211 853 3243 hostibus
882 3213 1050 3252 pugnaret.

35 3251 245 3295 Posteaquam
260 3264 336 3288 vero
353 3257 533 3289 Alexander
550 3254 662 3290 urbem
681 3258 776 3299 cepit,
793 3258 936 3298 ejusdem
953 3257 1052 3288 nomi-

35 3297 170 3353 nis-die,
188 3301 363 3343 eademque
385 3304 463 3335 hora
474 3328 483 3343 ‚
501 3306 538 3336 ut
553 3305 695 3337 Timaeus
710 3305 824 3345 refert,
843 3313 906 3344 qua
922 3304 1053 3338 Cartha-

35 3351 192 3385 ginienses
203 3349 366 3389 quondam
379 3351 580 3391 sacrilegium
592 3351 626 3383 in
644 3351 823 3392 Apollinem
837 3360 920 3382 circa
940 3350 1051 3382 Gelam

2039 157 2112 191 223

1139 293 1300 331 Diodor.
1327 296 1448 340 XIII,
1481 306 1515 330 c.
1558 290 1846 345 ιοδιἘχόντων
1869 293 1938 331 τῶν
1966 293 1995 331 Γ
1997 293 2116 333 ελώων

1087 350 1184 394 ἐκτὸς
1196 353 1259 397 τῆς
1276 349 1410 394 πόλεως
1427 349 1646 395 ’Λπόλλωνος
1661 350 1850 404 ἀνδριάντα
1860 352 2016 404 χαλκοῦν
2035 351 2118 407 σφό-

1088 408 1155 461 δρα
1190 408 1315 460 μέγαν,
1335 408 1549 456 συλήσαντες
1568 409 1672 448 αὐτὸν
1691 410 1737 462 (οἳ
1756 408 2010 462 Καρχηδόνιοι)
2034 411 2119 450 ἀπέ-

1087 467 1227 504 στειλαν
1255 468 1301 510 εἷς
1331 466 1394 514 τὴν
1414 466 1542 521 Τύρον.
1563 470 1697 508 Τοῦτον
1718 470 1748 506 οἱ
1773 467 1836 520 μὲν
1858 469 1992 508 Γελῶοι
2025 468 2119 508 κατὰ

1087 524 1145 563 τὸν
1163 529 1224 564 τοῦ
1244 529 1321 564 Θεοῦ
1347 526 1508 579 χρησμὸν
1532 526 1704 574 ἀνέθηκαν
1718 543 1726 551 ·
1753 529 1784 565 οἱ
1805 525 1842 565 δὲ
1871 525 1995 579 Τύριοι
2009 557 2020 576 ,
2038 527 2118 566 καθ’

1088 582 1125 622 ὃν
1146 583 1267 637 καιρὸν
1303 582 1446 635 ὕστερον
1479 585 1537 622 ὑπ’
1575 584 1798 640 Ἀλεξάνδρου
1825 589 1885 624 τοῦ
1918 585 2120 630 Μακεδόνος

1089 643 1372 694 ἐπολιορκοῦντο,
1399 642 1605 696 καθύὸριζον
1632 646 1679 688 ὡς
1702 643 2023 696 συναγωνιζομένου
2049 650 2120 689 τοῖς

1089 700 1282 752 πολεμίοις.
1304 699 1529 750 Ἀλεξάνδρου
1544 700 1580 739 δὲ
1603 701 1737 746 ἑλόντος
1756 702 1819 750 τὴν
1849 702 1966 753 πόλιν,
1985 705 2031 747 ὥς
2048 703 2119 743 Τί·-

1091 758 1192 811 μαιός
1209 774 1312 819 φησι,
1332 757 1424 796 κατὰ
1437 757 1501 806 τὴν
1513 758 1698 812 ὁμώνυμον
1709 760 1844 814 ἡμέραν
1857 761 1915 800 καὶ
1933 761 1995 809 τὴν
2012 761 2118 810 αὐτὴν

1091 817 1198 871 ὥραν,
1222 819 1298 867 ἐνῄ
1321 816 1559 870 Καρχηδόνιοι
1584 819 1643 857 τὸν
1671 820 1873 859 Ἀπόλλωνα
1901 820 1981 874 περὶ
2006 820 2120 861 Γέλαν

1091 875 1280 923 ἐσύλησαν,
1314 874 1442 923 συνέὸη
1476 879 1667 928 τιμηθῆναι
1698 879 1829 922 θυσίαις
1855 879 1914 918 καὶ
1939 881 2121 933 προσόδοις

1090 941 1166 979 ταῖς
1187 934 1369 986 μεγίσταις
1387 934 1454 973 ὑπὸ
1471 937 1539 973 τῶν
1562 935 1757 986 Ἑλλήνων,
1775 940 1819 981 ὡς
1836 937 1947 976 αἴτιον
1971 954 2120 991 γεγενη-

1093 992 1195 1045 μένον
1214 996 1276 1040 τῆς
1293 992 1467 1036 ἁλώσεως.

1146 1128 1251 1167 Idem
1276 1128 1371 1166 ibid.
1403 1142 1436 1166 c.
1471 1142 1544 1178 109
1562 1145 1570 1167 :
1591 1130 1798 1179 Dionysius
1826 1131 1953 1168 Gelois
1990 1141 2122 1170 contra

1094 1189 1427 1239 Carthaginienses
1446 1189 1588 1226 auxilio
1611 1189 1806 1239 profectus
1825 1183 1899 1242 εἶχε
1917 1189 1996 1234 τοὺς
2013 1190 2122 1229 ἅπαν-

1093 1262 1179 1298 τας,
1199 1249 1245 1290 ὡς
1262 1246 1324 1299 μέν
1345 1263 1453 1296 τινες,
1478 1246 1812 1300 πεντακισμυρίους·
1832 1249 1878 1290 ὡς
1907 1246 1943 1285 δὲ
1972 1248 2122 1298 Τίμαιος

1096 1305 1272 1360 ἀνέγραψε
1284 1337 1294 1355 ,
1307 1305 1430 1351 πεζοὺς
1447 1305 1510 1357 μὲν
1525 1305 1747 1359 τρισμυρίους
1758 1336 1768 1354 ,
1790 1308 1908 1349 ἱππεῖς
1924 1306 1960 1345 δὲ
1978 1306 2122 1358 χιλίους,

1095 1368 1177 1408 ναῦς
1197 1363 1233 1403 δὲ
1249 1364 1514 1419 καταφράκτους
1532 1363 1762 1412 πεντήκοντα.

1569 1433 1652 1471 122.

1152 1499 1258 1536 Idem
1289 1501 1395 1544 XIV,
1439 1498 1487 1543 54
1508 1514 1516 1534 :
1547 1498 1877 1548 Carthaginienses
1889 1527 1899 1545 ,
1942 1498 2124 1536 Imilcone

1098 1560 1217 1605 duce,
1236 1559 1276 1596 in
1308 1559 1476 1598 Siciliam
1495 1559 1699 1605 transvecti
1718 1557 1884 1612 ἤθροισαν
1920 1556 1983 1609 μὲν
2011 1560 2125 1603 πεζῶν

1098 1616 1186 1670 ὑπὲρ
1205 1615 1265 1659 τὰς
1280 1616 1468 1669 τριάκοντα
1485 1615 1654 1670 μυριάδας
1667 1646 1678 1667 ,
1693 1618 1809 1660 ἱππεῖς
1836 1616 1873 1654 δὲ
1896 1631 2116 1669 τετρακισχι-

1097 1674 1208 1722 λίους,
1224 1674 1331 1727 χωρὶς
1345 1676 1412 1712 τῶν
1428 1674 1595 1727 ἁρμάτων
1608 1688 1616 1696 ·
1634 1678 1745 1713 ταῦτα
1760 1675 1788 1712 δ’
1803 1669 1892 1721 ἦσαν
1905 1673 2124 1727 τετρακόσια·

1098 1737 1181 1777 ναῦς
1195 1732 1230 1771 δὲ
1250 1731 1385 1786 μακρὰς
1403 1731 1464 1784 μὲν
1482 1733 1726 1786 τετρακοσίας,
1741 1732 1803 1775 τὰς
1820 1732 1856 1771 δὲ
1875 1732 1933 1771 τὸν
1953 1739 2046 1771 σῖτον
2068 1735 2132 1773 καὶ

1098 1791 1143 1829 τὰ
1160 1790 1405 1843 μηχανήματα
1423 1790 1483 1829 καὶ
1500 1790 1564 1838 τὴν
1584 1791 1694 1839 ἄλλην
1716 1791 1906 1844 ὑπηρεσίαν
1927 1806 2130 1844 παρακομι--

1099 1849 1240 1897 ζούσας,
1256 1848 1394 1892 πλείους
1410 1852 1478 1888 τῶν
1497 1849 1698 1898 ἑξακοσίων,
1718 1849 1876 1902 καθάπερ
1891 1849 1994 1902 φησὶν
2011 1847 2126 1902 Ἔφο-

1101 1924 1175 1960 ρος·
1200 1908 1354 1960 Τίμαιος
1374 1908 1437 1960 μὲν
1460 1907 1529 1962 γὰρ
1559 1910 1598 1947 ἐκ
1620 1911 1682 1955 τῆς
1713 1908 1846 1956 Λιὸύης
1879 1907 2130 1962 περαιωθείσας

1101 1967 1264 2018 δυνάμεις
1283 1968 1322 2005 οὗ
1342 1966 1481 2011 πλείους
1498 1966 1602 2017 φησὶν
1628 1960 1716 2005 εἶναι
1741 1965 1825 2004 δέκα
1856 1965 2049 2020 μυριάδων,
2070 1967 2129 2003 καὶ

1099 2026 1184 2078 πρὸς
1196 2024 1339 2068 ταύταις
1360 2024 1478 2077 ἑτέρας
1503 2031 1594 2080 τρεῖς
1611 2025 1840 2078 ἀποφαίνεται
1859 2024 1950 2063 κατὰ
1965 2024 2127 2063 Σικελίαν

1102 2083 1449 2138 στρατολογηθείσας.

1573 2142 1658 2179 123.

1155 2208 1362 2246 Marcellin.
1386 2210 1434 2245 V.
1452 2207 1623 2257 Thucyd.
1645 2221 1682 2258 p.
1699 2207 1722 2243 6
1738 2207 1839 2245 Duk.
1855 2221 1861 2242 ι
1878 2204 1975 2256 Ἐγὼ
1994 2205 2029 2242 δὲ
2051 2204 2132 2243 Ζώ-

1103 2282 1212 2320 πυρον
1230 2269 1349 2320 ληρεῖν
1364 2267 1513 2319 νομίζω,
1529 2266 1677 2318 λέγοντα
1699 2269 1819 2304 τοῦτον
1837 2266 2131 2318 (Thucydidem)

1108 2411 1356 2450 commiserant,
1370 2410 1504 2450 accidit,
1527 2413 1563 2442 ut
1580 2409 1751 2450 magnifico
1782 2418 1948 2441 sacrorum
1979 2411 2132 2449 apparatu

1106 2460 1138 2490 et
1158 2458 1325 2499 splendida
1355 2467 1473 2499 pompa
1502 2457 1562 2489 deo
1590 2457 1695 2489 Graeci
1724 2457 1861 2495 litarent,
1889 2457 1981 2496 cujus
2011 2456 2132 2487 scilicet

1106 2505 1259 2538 beneficio
1271 2504 1385 2536 urbem
1399 2506 1649 2546 expugnassent.

1580 2564 1665 2596 121.

1149 2629 1281 2667 Omnes,
1298 2637 1380 2668 quos
1399 2627 1576 2668 Dionysius
1596 2627 1709 2658 contra
1721 2623 1998 2664 Carthaginienses
2027 2623 2130 2661 duxit,

1106 2677 1207 2715 erant,
1226 2676 1263 2707 ut
1275 2674 1420 2706 nonnulli
1430 2674 1574 2712 tradunt,
1592 2671 1836 2713 quinquaginta,
1855 2671 1889 2701 ut
1905 2678 1980 2700 vero
1990 2669 2132 2700 Timaeus

1107 2724 1259 2761 recenset,
1281 2722 1411 2762 triginta
1426 2723 1553 2752 tantum
1565 2719 1665 2750 millia
1674 2718 1819 2759 peditum
1841 2718 1873 2748 et
1894 2716 1980 2748 mille
1990 2716 2128 2756 equites,

1107 2777 1270 2809 navesque
1277 2771 1449 2801 constratae
1462 2766 1704 2808 quinquaginta.

1576 2827 1662 2859 122.

1149 2893 1299 2926 Peditum
1314 2891 1396 2923 ultra
1409 2892 1548 2922 trecenta
1564 2889 1663 2921 millia
1677 2889 1710 2920 et
1722 2889 1858 2928 quatuor
1870 2885 1971 2917 millia
1986 2885 2132 2926 equitum

1108 2942 1226 2980 cogunt
1241 2937 1527 2978 Carthaginienses,
1543 2936 1691 2967 curribus
1707 2933 1861 2974 exceptis,
1878 2932 1934 2973 qui
1949 2933 2011 2964 l100
2025 2941 2135 2965 nume-

1109 2997 1179 3019 rum
1194 2986 1375 3027 explebant.
1388 2984 1446 3015 His
1463 2991 1624 3014 accessere
1639 2982 1742 3021 longae
1760 2988 1858 3012 naves
1874 2979 2133 3020 quadringentae;

1108 3042 1246 3075 quaeque
1264 3033 1446 3070 frumenta,
1474 3029 1702 3069 machinasque
1727 3031 1758 3060 et
1781 3027 1938 3068 reliquam
1962 3027 2135 3062 ministerii

1109 3081 1236 3121 copiam
1259 3079 1473 3115 adveherent,
1500 3085 1565 3107 non
1581 3076 1664 3107 infra
1680 3077 1847 3107 sexcentas
1859 3099 1868 3114 ,
1891 3075 1929 3106 ut
1945 3073 2075 3115 quidem
2091 3073 2132 3105 ab

1110 3128 1240 3168 Ephoro
1257 3127 1448 3157 recensetur.
1467 3123 1609 3154 Timaeus
1634 3122 1721 3153 enim
1740 3121 1976 3162 transportatas
1990 3129 2008 3153 e
2029 3120 2134 3161 Libya

1110 3175 1144 3206 in
1161 3173 1302 3206 Siciliam
1317 3171 1424 3211 copias
1442 3171 1572 3202 centum
1594 3169 1693 3200 millia
1709 3177 1775 3200 non
1796 3168 1990 3209 excessisse,
2016 3167 2135 3208 quibus

1109 3221 1241 3261 triginta
1256 3218 1356 3250 millia
1368 3227 1385 3249 e
1404 3217 1583 3249 Siculorum
1603 3216 1727 3248 delectu
1747 3215 1954 3255 accesserint,
1983 3215 2133 3247 affirmat.

1579 3275 1665 3312 123.

1152 3349 1220 3386 Ego
1239 3354 1316 3377 vero
1348 3346 1508 3384 Zopyrum
1535 3343 1647 3383 nugari
1674 3344 1773 3383 puto,
1790 3341 1846 3383 qui
1859 3340 2082 3381 Thucydidem
2103 3339 2135 3370 in
