2320 3684
147 205 196 240 26
898 191 1138 232 HECATAEI
1165 191 1497 234 FRAGMENTA.

147 289 254 331 urbis
284 289 443 337 mentio,
472 299 588 340 quam
627 283 748 323 habes
770 283 818 322 fr.
842 283 918 322 335
940 297 948 319 :
970 283 1110 322 deinde
1140 283 1173 322 si

145 350 392 389 Doriensium
414 345 701 397 expeditionem
731 343 771 380 in
794 342 943 380 Cariam
971 342 1174 391 enarravit,

146 409 273 447 Meliae
289 408 432 447 Caricae
452 404 558 443 urbis
571 401 920 440 commemorandae
936 401 1174 439 occasionem

146 467 314 506 habebat
335 466 397 516 (fr.
418 462 522 514 336).
537 464 673 500 Frater
685 460 782 499 Dori
801 468 885 498 erat
899 461 1176 511 AEolus,.pater

148 525 402 570 Athamantis,
433 523 499 574 qui
515 521 702 560 Phrixum
727 519 788 573 (fr.
811 518 920 572 337),
943 529 982 558 et
1005 519 1174 569 Crethei,

147 586 214 637 qui
229 588 411 623 AEsonem
426 589 465 618 et
477 581 621 618 Peliam
638 579 785 630 genuit,
802 591 969 630 quorum
982 578 1046 616 ille
1065 587 1176 629 pater

146 643 292 682 Iasonis
311 649 407 689 erat,
431 638 540 690 cujus
561 638 704 677 mentio
722 650 856 676 ansam
873 637 981 675 dedit
998 637 1048 674 ad
1059 650 1175 675 enar—

147 702 308 740 randam
335 704 645 750 Argonautarum
674 696 964 748 expeditionem
986 695 1048 748 (fr.
1087 695 1175 743 338,

149 759 250 811 339).
265 758 322 798 Ab
339 758 460 797 altero
471 757 625 796 Crethei
638 755 716 794 filio
732 755 977 806 Amythaone
987 754 1175 805 originem

146 818 258 856 duxit
275 816 534 868 Amphiaraus
554 815 615 867 (fr.
632 814 737 867 340).
749 813 901 862 Quibus
913 812 1097 851 exhibitis
1114 825 1177 849 re-

145 889 298 928 gressus
319 875 475 913 videtur
502 874 550 912 ad
573 873 850 912 Deucalionem
881 872 1076 922 aliumque
1094 869 1176 920 ejus

147 934 382 973 recensuisse
411 933 533 971 filium
568 931 802 971 Orestheum
825 931 893 982 qui
923 932 963 968 in
991 930 1175 968 AEtoliam

145 994 337 1045 migravit,
353 991 494 1030 deinde
509 992 586 1029 fata
602 1003 735 1041 regum
752 990 984 1034 AEtolorum‚
998 988 1176 1040 Tydeum

146 1056 269 1104 Argos
289 1053 523 1104 profectum,
539 1050 767 1088 Diomedem
780 1050 1015 1101 Argivorum
1033 1061 1175 1099 regem,

145 1113 322 1150 OEneum
338 1125 357 1149 a
373 1111 461 1148 filiis
478 1109 587 1160 Agrii
607 1109 771 1160 ejectum
787 1110 983 1159 OEnaeque
1001 1107 1178 1145 condito-

146 1183 229 1209 rem
244 1171 305 1223 (fr.
323 1169 565 1219 341—343).
581 1171 682 1206 Num
702 1168 902 1218 Pelasgum
921 1167 1050 1213 etiam,
1067 1165 1176 1217 cujus

146 1229 321 1268 meminit
340 1229 580 1275 scholiastes,
601 1241 650 1265 ex
672 1230 854 1266 Hecataeo
882 1225 1087 1276 receperit,
1109 1225 1175 1263 in-

145 1297 306 1327 certum.

622 1344 712 1382 335.

199 1405 334 1457 steph.
358 1408 447 1456 Byz.
464 1402 655 1457 Ἀμφαναί,
685 1401 788 1445 πόλις
813 1398 968 1454 Δωρική·
988 1398 1179 1444 Ἑκαταῖος

145 1466 182 1504 ἐν
203 1463 328 1518 πρώτῃ
350 1465 595 1516 γενεαλογιῶν.

199 1583 332 1634 Steph.
349 1584 439 1632 Byz.
460 1578 591 1627 Μελία,
612 1578 712 1622 πόλις
733 1576 887 1631 Καρίας·
906 1562 1095 1620 Ἑκαταῖος
1121 1590 1178 1628 γε·

145 1643 336 1694 νεαλογιῶν
356 1639 500 1694 πρώτῳ.

618 1697 709 1735 337.

199 1759 325 1799 Schol.
339 1759 521 1810 Apollon.
535 1757 664 1796 Rhod.
682 1760 712 1805 Ι,
731 1756 806 1795 256
819 1769 828 1792 :
841 1753 926 1794 ‘'O-n
936 1753 973 1793 δὲ
982 1753 1150 1800 ἐλάλησεν
1161 1754 1179 1790 ὃ

146 1817 261 1872 κριὸς,
281 1817 342 1856 καὶ
361 1814 552 1860 Ἑκαταῖός
571 1829 690 1868 φησιν.

198 1936 327 1975 Schol.
345 1935 524 1986 Apollon.
542 1933 674 1972 Rhod.
697 1935 737 1979 I,
766 1931 838 1970 551
857 1945 867 1971 :
884 1929 992 1969 Ἔστι
1021 1927 1058 1967 δὲ
1086 1927 1177 1981 ἱερὸν

147 1993 291 2042 Ἀθηνᾶς
313 1992 482 2036 Ἰτωνίδος
519 1993 554 2032 ἐν
586 1989 768 2044 Κορωνείᾳ
803 1992 866 2036 τῆς
904 1987 1089 2030 Βοιωτίας.
1131 1985 1177 2026 Ὁ

148 2052 266 2103 μέντοι
289 2051 520 2095 Ἀπολλώνιος
539 2052 603 2090 οὐκ
631 2049 672 2088 ἂν
691 2049 790 2101 λέγοι
817 2047 874 2087 ἐπὶ
904 2050 947 2100 τῇ
975 2048 1175 2098 κατασκευῇ

148 2114 208 2158 τῆς
226 2111 366 2165 Ἀργοῦς
386 2110 546 2150 Ἰτωνίδα
566 2108 631 2157 τὴν
652 2109 798 2156 Ἀθηνᾶν
821 2105 891 2145 ἀπὸ
910 2109 976 2153 τῆς
997 2107 1031 2144 ἐν
1052 2107 1178 2157 Κορω-

147 2169 222 2223 νείᾳ
240 2169 433 2216 Ἰτωνίδος,
464 2167 556 2207 ἀλλὰ
585 2169 718 2218 μᾶλλον
750 2165 820 2205 ἀπὸ
845 2169 908 2213 τῆς
931 2166 966 2203 ἐν
992 2164 1177 2217 Θεσσαλίᾳ

147 2228 324 2280 Ἰτωνίας,
357 2229 437 2283 περὶ
469 2223 509 2276 ἧς
549 2227 741 2271 Ἑκαταῖός
767 2241 806 2264 τε
833 2226 869 2263 ἐν
895 2228 938 2278 τῇ
963 2223 1086 2278 πρώτῃ
1105 2225 1176 2261 τῶν

146 2290 308 2341 ἱστοριῶν
327 2288 432 2340 λέγει.

147 2402 246 2442 saliae,
257 2415 273 2430 »
288 2404 326 2433 ut
338 2403 416 2434 Hec.
435 2401 515 2433 dicit
524 2401 557 2433 et
571 2400 742 2432 Hesiodus.
758 2397 923 2433 Thessalia
938 2405 1015 2430 vero
1036 2395 1181 2437 Pelasgia

149 2449 374 2491 appellabatur
389 2457 408 2481 a
430 2448 563 2489 Pelasgo
575 2456 657 2488 rege.

622 2508 710 2541 335.

189 2561 384 2603 Amphanae,
401 2559 480 2593 urbs
499 2559 629 2591 Dorica.

621 2619 708 2652 336.

190 2673 302 2715 Melia,
317 2673 396 2705 urbs
418 2672 534 2706 Cariae.

620 2732 640 2764 3
648 2731 668 2764 3
674 2731 695 2763 7
701 2753 709 2761 .

190 2786 302 2819 Phrixi
317 2785 450 2818 arietem
462 2784 607 2817 locutum
622 2791 694 2816 esse
706 2781 804 2814 etiam
821 2782 899 2813 Hec.
918 2782 1039 2812 narrat.

192 2900 252 2930 Est
260 2907 338 2930 vero
350 2897 508 2939 templum
520 2893 819 2929 Minervoeltonidis
830 2894 985 2926 Coroneae
998 2891 1031 2923 in
1044 2891 1178 2924 Boeotia.

152 2945 214 2977 Sed
227 2945 415 2986 Apollonius
430 2945 464 2976 in
480 2946 584 2985 Argus
597 2941 810 2974 instructione
822 2938 983 2972 Itonidem
999 2938 1179 2970 Minervam

153 3001 218 3024 non
230 2992 348 3024 dixerit
363 2992 404 3023 ab
421 2991 487 3032 illa,
505 2999 579 3031 quae
597 2992 753 3023 Coroneae
771 2989 832 3029 est,
846 2986 984 3025 ltonide,
1002 2985 1059 3018 sed
1071 2985 1179 3026 potius
1205 2973 1210 3030 l

151 3038 192 3070 ab
206 3038 310 3071 Itonia
321 3039 354 3070 in
370 3038 547 3078 Thessalia,
564 3037 604 3070 de
618 3045 683 3078 qua
693 3037 864 3069 Hecataeus
878 3041 1008 3076 quoque
1022 3034 1180 3065 memorat
1207 3033 1209 3036 '

152 3085 186 3117 in
203 3085 286 3117 libro
307 3086 412 3126 primo
430 3086 659 3118 Historiarum.

194 3198 365 3229 Hecataeus
389 3197 532 3229 Milesius
561 3145 762 3238 Argiiizliitas
790 3203 809 3227 e
835 3192 977 3226 Phaside
993 3190 1179 3233 pervenisse

154 3244 232 3276 dicit
245 3244 277 3275 in
294 3246 478 3284 Oceanum,
495 3244 611 3277 deinde
629 3253 669 3277 ex
686 3244 740 3276 illo
757 3243 790 3275 in
807 3242 932 3280 Nilum,
946 3240 1022 3272 inde
1041 3240 1074 3271 in
1090 3247 1178 3271 mare

154 3291 435 3324 Mediterraneum.

620 3352 639 3383 3
649 3354 667 3383 4
675 3352 709 3383 Ο.

194 3403 315 3444 Viginti
332 3405 470 3443 quatuor
497 3402 655 3442 elephanti
679 3403 755 3434 huic
772 3401 835 3441 regi
859 3398 1039 3440 (Indorum)
1056 3406 1177 3440 perma-

1695 285 1784 323 339.

1286 343 1414 382 Schol.
1435 342 1614 395 Apollon.
1630 343 1756 382 Rhod.
1774 347 1841 392 IV,
1865 343 1942 395 259
1953 359 1962 382 ε
1974 342 2162 390 Ἑκαταῖος
2180 344 2216 386 δὲ
2233 348 2253 386 ὁ

1232 400 1407 448 Μιλήσιος
1425 402 1466 440 ἐκ
1484 404 1545 440 τοῦ
1565 400 1724 446 Φάσιδος
1752 402 1896 440 διελθεῖν
1922 403 1971 446 εἰς
1993 403 2051 443 τὸν
2072 403 2254 454 Ὠκεανὸν,

1233 453 1308 499 εἶτα
1327 461 1455 499 ἐκεῖθεν
1476 462 1523 504 εἷς
1535 459 1593 498 τὸν
1610 462 1749 509 Νεῖλον,
1769 460 1845 499 ὅθεν
1859 461 1906 505 εἷς
1923 460 1987 509 τὴν
2001 462 2175 516 ἡμετέραν
2195 465 2255 502 θά-

1232 520 1381 557 λασσαν.
1403 523 1461 558 De
1482 520 1724 570 Argonautis.

1285 635 1424 675 AElian.
1444 639 1534 676 Nat.
1555 636 1670 675 anim.
1686 638 1800 684 XIII,
1830 650 1879 674 22
1897 650 1906 673 z
1921 635 2100 691 Τέσσαρες
2130 635 2168 676 δὲ
2195 636 2256 676 καὶ

1233 693 1344 733 εἴκοσι
1355 696 1407 748 τῷ
1429 695 1565 748 βασιλεῖ
1584 694 1725 749 φρουροὶ
1743 695 2004 749 παραμένουσιν
2018 695 2200 750 ἐλέφαντες
2217 697 2257 735 ἐκ

1234 753 1399 806 διαδοχῆς
1412 784 1422 803 ,
1441 756 1619 806 ὡσπεροῦν
1640 755 1672 792 οἱ
1694 752 1846 806 φύλακες
1863 755 1896 792 οἱ
1914 753 2042 793 λοιποί·
2062 754 2123 794 καὶ
2143 755 2259 800 αὐτοῖς

1233 810 1412 863 παίδευμα
1430 811 1494 860 τὴν
1514 809 1664 866 φρουρὰν
1684 813 1724 850 οὗ
1743 811 2012 858 κατανυστάξαι·
2033 811 2259 852 διδάσκονται

1233 869 1301 923 γάρ
1317 885 1372 909 τοι
1394 870 1499 925 σοφίᾳ
1525 869 1594 909 τινὶ
1614 869 1744 923 Ἰνδικῇ
1776 870 1836 909 καὶ
1855 874 1967 909 τοῦτο.
1989 870 2063 911 Καὶ
2081 871 2176 924 λέγει
2195 871 2257 923 μὲν

1233 926 1423 974 Ἑκαταῖος
1441 932 1459 968 ὁ
1479 929 1652 978 Μιλήσιος
1676 928 1907 984 «Ἀμφιάρεω
1925 929 1984 969 τὸν
1995 930 2176 976 Ὀϊκλέους
2194 947 2260 971 κα-

1233 987 1438 1040 τακοιμίσαι
1451 988 1515 1037 τὴν
1533 986 1691 1042 φυλακὴν
1711 988 1772 1027 καὶ
1788 988 1907 1041 ὀλίγου
1917 991 2039 1028 παθεῖν
2052 987 2120 1029 ὅσα
2132 990 2258 1042 λέγει.»

1231 1041 1340 1087 Οἷτοι
1359 1047 1395 1087 δὲ
1414 1047 1483 1102 ἄρα
1503 1047 1672 1102 ἄγρυπνοι
1693 1046 1754 1085 καὶ
1773 1046 1870 1101 ὕπνῳ
1889 1047 1940 1098 μὴ
1959 1047 2176 1101 ἡττώμενοι,
2195 1063 2260 1089 πι-

1234 1105 1397 1145 στότατοι
1410 1109 1479 1145 τῶν
1493 1108 1603 1147 ἐκεῖθι
1617 1104 1781 1159 φυλάκων
1797 1106 1888 1158 μετά
1907 1122 1948 1159 γε
1965 1106 2046 1151 τοὺς
2058 1107 2261 1162 ἀνθρώπους

1234 1180 1315 1203 εισι.

1701 1223 1749 1262 34
1761 1223 1791 1263 l.

1289 1282 1425 1321 Athen.
1448 1285 1499 1329 ΙΙ,
1519 1283 1620 1334 init.,
1641 1297 1678 1334 p.
1710 1284 1777 1321 35:
1791 1282 1980 1328 Ἑκαταῖος
1999 1284 2030 1323 δ’
2048 1286 2067 1323 ὁ
2087 1284 2262 1333 Μιλήσιος

1235 1340 1298 1388 τὴν
1321 1341 1478 1393 ἄμπελον
1498 1342 1534 1380 ἐν
1554 1342 1714 1396 Αἰτωλία
1731 1341 1844 1394 λέγων
1865 1345 2068 1403 ειῖρεθῆναι,
2087 1343 2174 1398 φησὶ
2201 1343 2263 1383 καὶ

1234 1399 1337 1439 τάδε·
1361 1399 1575 1454 «Ὀρεσθεὺς
1593 1403 1612 1439 ὁ
1624 1400 1865 1445 Δευκαλίωνος
1890 1402 1993 1448 ἠλθεν
2013 1403 2061 1446 εἷς
2081 1402 2260 1442 Αἰτωλίαν

1237 1458 1323 1498 «ἐπὶ
1350 1458 1520 1511 βασιλέα,
1546 1458 1607 1498 καὶ
1632 1461 1724 1499 κύων
1756 1461 1852 1513 αὐτῷ
1877 1459 2040 1513 στέλεχος
2067 1459 2181 1500 ἔτεκε·
2201 1459 2263 1500 καὶ

1236 1535 1252 1552 «
1267 1517 1303 1563 ὃς
1322 1517 1483 1558 ἐκέλευσε
1502 1518 1607 1558 αὐτὸν
1629 1521 1902 1573 κατορυχθῆναι·
1927 1519 1988 1559 καὶ
2016 1518 2052 1565 ἐξ
2071 1521 2178 1559 αὐτοῦ
2197 1519 2262 1575 ἔφυ

1237 1575 1420 1628 «ἄμπελος
1437 1576 1714 1631 πολυστάφυλος.
1730 1577 1794 1618 Διὸ
1805 1576 1866 1616 καὶ
1877 1577 1933 1617 τὸν
1951 1580 2057 1618 αὐτοῦ
2065 1580 2176 1618 παῖδα
2184 1579 2263 1620 Φύ-

1236 1652 1252 1669 rt
1266 1650 1337 1674 τιον
1361 1635 1515 1674 ἐκάλεσε.
1532 1636 1666 1675 Τούτου
1681 1637 1710 1675 δ’
1731 1635 1854 1678 Οἰνεὺς
1871 1636 2021 1689 ἐγένετο,
2034 1638 2173 1685 κληθεὶς
2191 1637 2263 1678 ἀπὸ

1237 1696 1334 1732 «τῶν
1357 1693 1539 1746 ἀμπέλων·
1566 1696 1597 1733 οἱ
1624 1694 1692 1748 γὰρ
1720 1692 1906 1741 παλαιοὶμ»
1935 1695 2033 1749 φησὶ,
2063 1695 2262 1745 «ἽΞλληνες

1237 1751 1358 1796 «οἴνας
1377 1752 1523 1792 ἐκάλουν
1541 1752 1604 1797 τὰς
1628 1754 1817 1806 ἀμπέλους.
1836 1753 1970 1799 Οἰνέως
1989 1754 2019 1794 δ’
2043 1754 2178 1807 ἐγένετο
2198 1757 2263 1796 Αἶ-

1236 1810 1555 1856 «τωλός.»-Ρι·ο
1582 1812 1641 1852 ἐπὶ
1667 1813 1814 1866 βασιλέα
1833 1813 2078 1853 scribendum
2108 1815 2262 1854 videtur

1236 1869 1293 1908 ἐπὶ
1312 1869 1485 1924 βασιλεία.

1709 1931 1798 1970 342.

1288 1987 1360 2025 [ΕΙ.
1379 1987 1588 2026 Herodian.
1609 1988 1700 2042 Περὶ
1720 1989 1891 2044 μονήρους
1916 1988 2040 2034 λέξεως
2062 1993 2113 2038 11,
2134 2003 2173 2042 p.
2198 1997 2262 2038 41,

1236 2060 1263 2084 s.
1282 2060 1316 2084 V.
1343 2045 1483 2107 ᾈσκόςε
1503 2045 1710 2093 Ἑκαταῖος·
1733 2048 1838 2088 «Ἴων
1867 2047 1904 2086 δὲ
1931 2048 2166 2102 πρεσὸύτερος
2190 2050 2262 2089 Λο-

1237 2122 1252 2138 «
1263 2103 1344 2158 κρὸς
1355 2108 1398 2152 ἠν
1412 2105 1558 2144 Φύσκου
1571 2112 1665 2150 παῖς.
1676 2124 1692 2142 »
1709 2108 1825 2155 Quod
1838 2111 1971 2146 Ionem
1981 2111 2147 2146 Locrum
2165 2108 2262 2146 dixit

1234 2166 1449 2215 Hecataeus,
1464 2164 1539 2202 hoc
1559 2179 1637 2203 non
1647 2165 1832 2217 intelligo.
1846 2170 2022 2204 Fortasse
2038 2166 2262 2217 legendum:

1235 2224 1388 2276 Λοκροῦ,
1418 2232 1462 2261 ut
1490 2223 1607 2262 frater
1626 2225 1741 2263 Locri
1772 2233 1866 2263 natu
1887 2224 2011 2276 major
2040 2226 2157 2264 fuisse
2174 2239 2263 2264 nar-

1237 2290 1358 2319 retur.

1240 2397 1320 2428 nent
1332 2395 1484 2428 custodes
1500 2395 1632 2428 alternis
1653 2395 1784 2437 vigiliis,
1799 2396 1854 2428 alii
1870 2396 1940 2429 aliis
1955 2396 1988 2428 in
2003 2396 2178 2429 stationem
2191 2405 2262 2429 suc·

1239 2443 1391 2476 cedentes
1402 2467 1411 2483 ‚
1429 2446 1585 2484 tanquam
1601 2443 1699 2476 ceteri
1715 2443 1888 2483 custodes3
1902 2445 1936 2476 et
1948 2443 2106 2485 sapientia
2120 2444 2262 2485 quadam

1238 2490 1349 2523 Indica
1375 2490 1416 2522 ad
1445 2490 1628 2531 vigiliarum
1650 2490 1854 2532 disciplinam
1881 2490 2096 2531 erudiuntur,
2119 2500 2160 2523 ne
2180 2490 2263 2524 inter

1238 2536 1405 2570 custodias
1432 2546 1584 2570 somnum
1611 2537 1751 2578 capiant.
1776 2539 1946 2570 Hecataeus
1964 2537 2095 2578 quidem
2120 2537 2262 2571 Milesius

1241 2585 1503 2626 «Amphiaraum
1527 2584 1626 2617 Oiclis
1651 2584 1752 2616 filium
1787 2584 1899 2617 scribit
1928 2593 2043 2617 somno
2071 2594 2262 2627 oppressum

1238 2631 1415 2673 neglexisse
1427 2631 1623 2671 custodiam,
1638 2633 1671 2664 et
1691 2633 1817 2663 tantum
1833 2641 1899 2664 non
1914 2640 1952 2665 ea
1965 2640 2097 2674 passum
2107 2640 2178 2664 esse
2189 2640 2264 2674 quae

1238 2679 1328 2711 dicit.
1345 2691 1361 2707 »
1383 2679 1426 2711 At
1438 2678 1603 2720 elephanti
1622 2678 1664 2710 ad
1684 2678 1812 2720 vigilias
1839 2679 1978 2720 agendas
2006 2678 2263 2721 praestantissimi

1237 2782 1294 2806 nes
1310 2772 1460 2806 fidissimi
1476 2773 1542 2806 illic
1561 2776 1650 2805 sunt.

1710 2834 1731 2867 3
1737 2835 1759 2866 4
1765 2835 1781 2868 1
1789 2856 1798 2865 .

1278 2893 1450 2925 Hecataeus
1463 2891 1620 2932 Milesius,
1635 2891 1737 2924 vitem
1752 2892 1787 2924 in
1805 2891 1924 2924 AEtolia
1932 2891 2077 2933 primum
2098 2891 2263 2924 inventam

1236 2939 1377 2978 tradens,
1391 2939 1462 2972 haec
1477 2938 1607 2971 scribit:
1628 2951 1644 2967 «
1658 2939 1847 2980 Orestheus,
1860 2938 2064 2972 Deucalionis
2075 2937 2174 2977 filius,
2187 2946 2262 2970 cum

1236 2986 1270 3017 in
1288 2986 1440 3018 AEtoliam
1455 2985 1598 3018 venisset
1609 2985 1787 3026 occupandi
1804 2985 1892 3027 regni
1924 2994 2034 3024 causa,
2047 2984 2137 3016 canis
2149 2985 2179 3016 ei
2190 2992 2263 3017 cau-

1236 3032 1341 3065 dicem
1357 3032 1491 3073 peperit.
1513 3033 1616 3070 Quem
1633 3041 1708 3063 cum
1721 3032 1775 3064 ille
1793 3031 1903 3064 defodi
1917 3031 2070 3073 jussisset
2082 3054 2092 3070 ‚
2111 3031 2208 3062 enata
2221 3039 2262 3063 ex

1235 3093 1274 3117 eo
1286 3085 1364 3117 vitis
1377 3087 1426 3117 est
1438 3084 1512 3116 uvis
1527 3086 1655 3116 onusta.
1667 3083 1746 3116 Inde
1752 3083 1852 3115 filium
1864 3092 1959 3116 suum
1977 3083 2145 3123 Phylium
2157 3082 2263 3124 (quasi

1235 3133 1319 3164 vitis
1333 3132 1494 3171 satorem)
1510 3131 1709 3163 nominavit:
1721 3139 1786 3171 quo
1798 3130 1925 3171 genitus
1938 3130 1989 3163 est
2002 3132 2139 3169 OEneus‚
2153 3138 2173 3161 a
2184 3129 2263 3162 vino

1235 3187 1352 3210 nomen
1370 3182 1484 3210 nactus
1503 3187 1510 3209 :
1527 3187 1604 3210 nam
1622 3179 1748 3210 veteres
1763 3178 1878 3217 Graeci,
1896 3177 1963 3216 ait,
1979 3177 2064 3209 vites
2080 3176 2164 3213 οἴνας
2179 3175 2262 3208 dice·

1234 3226 1323 3258 bant.
1339 3225 1437 3258 OEnei
1458 3233 1533 3258 vero
1554 3224 1639 3256 filius
1654 3224 1780 3256 AEtolus
1803 3223 1873 3255 suit.
1894 3237 1909 3251 »

1706 3284 1792 3316 342.

1276 3349 1445 3380 Hecataeus
1463 3355 1470 3377 ε
1491 3346 1585 3383 «Ion,
1604 3343 1700 3375 frater
1722 3343 1816 3375 Locri
1832 3342 1909 3374 natu
1926 3341 2038 3381 major,
2060 3340 2128 3373 erat
2142 3338 2262 3380 Physoi

1235 3396 1330 3429 lilius.
1351 3408 1367 3422 ν
