<?xml version="1.0" encoding="UTF-8"?>
<!DOCTYPE html PUBLIC "-//W3C//DTD XHTML 1.0 Transitional//EN"
    "http://www.w3.org/TR/xhtml1/DTD/xhtml1-transitional.dtd">
<html xmlns="http://www.w3.org/1999/xhtml" xml:lang="en" lang="en">
 <head>
  <title>
</title>
<meta http-equiv="Content-Type" content="text/html;charset=utf-8" />
  <meta name='ocr-system' content='tesseract 3.04.00' />
  <meta name='ocr-capabilities' content='ocr_page ocr_carea ocr_par ocr_line ocrx_word'/>
</head>
<body>
  <div class='ocr_page' id='page_1' title='image "./fragmentahistori01mueluoft_0296.png"; bbox 0 0 2320 3684; ppageno 0'>
   <div class='ocr_carea' id='block_1_1' title="bbox 176 193 248 226">
    <p class='ocr_par' dir='ltr' id='par_1_1' title="bbox 176 193 248 226">
     <span class='ocr_line' id='line_1_1' title="bbox 176 193 248 226; baseline 0.014 -2"><span class='ocrx_word' id='word_1_1' title='bbox 176 193 248 226; x_wconf 73' lang='lat'>194</span> 
     </span>
    </p>
   </div>
   <div class='ocr_carea' id='block_1_2' title="bbox 168 265 1194 1141">
    <p class='ocr_par' dir='ltr' id='par_1_2' title="bbox 171 265 1189 382">
     <span class='ocr_line' id='line_1_2' title="bbox 171 265 1189 324; baseline 0.003 -18"><span class='ocrx_word' id='word_1_2' title='bbox 171 286 238 308; x_wconf 90' lang='grc' dir='ltr'>ναι.</span> <span class='ocrx_word' id='word_1_3' title='bbox 261 269 333 310; x_wconf 83' lang='grc' dir='ltr'>Καὶ</span> <span class='ocrx_word' id='word_1_4' title='bbox 350 265 445 314; x_wconf 70' lang='grc' dir='ltr'>οῦτος</span> <span class='ocrx_word' id='word_1_5' title='bbox 460 271 498 308; x_wconf 80' lang='grc' dir='ltr'>ἐκ</span> <span class='ocrx_word' id='word_1_6' title='bbox 520 271 619 308; x_wconf 83' lang='grc' dir='ltr'>τοῦδε</span> <span class='ocrx_word' id='word_1_7' title='bbox 633 300 642 318; x_wconf 89' lang='grc'>,</span> <span class='ocrx_word' id='word_1_8' title='bbox 662 269 789 320; x_wconf 78' lang='grc' dir='ltr'>ὁμοίως</span> <span class='ocrx_word' id='word_1_9' title='bbox 808 269 964 322; x_wconf 75' lang='grc' dir='ltr'>Θαμύρᾳ</span> <span class='ocrx_word' id='word_1_10' title='bbox 983 272 1034 323; x_wconf 78' lang='grc' dir='ltr'>τῷ</span> <span class='ocrx_word' id='word_1_11' title='bbox 1053 270 1189 324; x_wconf 70' lang='grc' dir='ltr'>Θρᾳκὶ,</span> 
     </span>
     <span class='ocr_line' id='line_1_3' title="bbox 171 328 1092 382; baseline 0.002 -16"><span class='ocrx_word' id='word_1_12' title='bbox 171 329 215 366; x_wconf 85' lang='grc' dir='ltr'>δι’</span> <span class='ocrx_word' id='word_1_13' title='bbox 233 328 429 382; x_wconf 84' lang='grc' dir='ltr'>ἀφροσύνην</span> <span class='ocrx_word' id='word_1_14' title='bbox 450 328 666 382; x_wconf 80' lang='grc' dir='ltr'>ἐπεπήρωτο.</span> <span class='ocrx_word' id='word_1_15' title='bbox 689 328 744 366; x_wconf 88' lang='lat' dir='ltr'>Cf.</span> <span class='ocrx_word' id='word_1_16' title='bbox 762 328 919 365; x_wconf 85' lang='lat' dir='ltr'>Diodor.</span> <span class='ocrx_word' id='word_1_17' title='bbox 943 332 1009 379; x_wconf 81' lang='lat' dir='ltr'>IV,</span> <span class='ocrx_word' id='word_1_18' title='bbox 1030 329 1092 379; x_wconf 79' lang='grc'>84.</span> 
     </span>
    </p>

    <p class='ocr_par' dir='ltr' id='par_1_3' title="bbox 170 386 1194 904">
     <span class='ocr_line' id='line_1_4' title="bbox 222 386 1191 437; baseline 0.001 -13"><span class='ocrx_word' id='word_1_19' title='bbox 222 390 281 424; x_wconf 90' lang='lat' dir='ltr'>De</span> <span class='ocrx_word' id='word_1_20' title='bbox 311 389 450 425; x_wconf 86' lang='lat' dir='ltr'><strong>Cerere</strong></span> <span class='ocrx_word' id='word_1_21' title='bbox 478 387 660 424; x_wconf 86' lang='lat' dir='ltr'>Timaeum</span> <span class='ocrx_word' id='word_1_22' title='bbox 689 386 800 423; x_wconf 89' lang='lat' dir='ltr'>initio</span> <span class='ocrx_word' id='word_1_23' title='bbox 836 387 1050 428; x_wconf 87' lang='lat' dir='ltr'>Siculorum</span> <span class='ocrx_word' id='word_1_24' title='bbox 1071 387 1191 437; x_wconf 82' lang='lat' dir='ltr'><strong>egisse</strong></span> 
     </span>
     <span class='ocr_line' id='line_1_5' title="bbox 173 444 1192 496; baseline 0.001 -14"><span class='ocrx_word' id='word_1_25' title='bbox 173 445 219 495; x_wconf 91' lang='lat' dir='ltr'>(v.</span> <span class='ocrx_word' id='word_1_26' title='bbox 237 445 399 483; x_wconf 87' lang='lat' dir='ltr'>Diodor.</span> <span class='ocrx_word' id='word_1_27' title='bbox 422 448 467 491; x_wconf 93' lang='lat' dir='ltr'>V,</span> <span class='ocrx_word' id='word_1_28' title='bbox 491 446 511 482; x_wconf 83' lang='lat'><em>3</em></span> <span class='ocrx_word' id='word_1_29' title='bbox 535 446 629 496; x_wconf 88' lang='lat' dir='ltr'>sqq.)</span> <span class='ocrx_word' id='word_1_30' title='bbox 658 445 830 495; x_wconf 88' lang='lat' dir='ltr'>suspicor</span> <span class='ocrx_word' id='word_1_31' title='bbox 853 444 904 482; x_wconf 90' lang='lat' dir='ltr'>ob</span> <span class='ocrx_word' id='word_1_32' title='bbox 937 445 1065 483; x_wconf 90' lang='lat' dir='ltr'>locum</span> <span class='ocrx_word' id='word_1_33' title='bbox 1085 446 1192 490; x_wconf 81' lang='lat' dir='ltr'>Pole-</span> 
     </span>
     <span class='ocr_line' id='line_1_6' title="bbox 172 502 1189 555; baseline 0.002 -16"><span class='ocrx_word' id='word_1_34' title='bbox 172 503 295 540; x_wconf 91' lang='lat' dir='ltr'>monis</span> <span class='ocrx_word' id='word_1_35' title='bbox 312 502 411 553; x_wconf 87' lang='lat' dir='ltr'>apud</span> <span class='ocrx_word' id='word_1_36' title='bbox 437 502 664 539; x_wconf 75' lang='lat' dir='ltr'><strong>Athenaeum</strong></span> <span class='ocrx_word' id='word_1_37' title='bbox 685 504 741 550; x_wconf 89' lang='lat' dir='ltr'>X,</span> <span class='ocrx_word' id='word_1_38' title='bbox 767 516 803 553; x_wconf 87' lang='lat' dir='ltr'>p.</span> <span class='ocrx_word' id='word_1_39' title='bbox 832 504 920 549; x_wconf 78' lang='lat'><strong>416,</strong></span> <span class='ocrx_word' id='word_1_40' title='bbox 939 506 992 541; x_wconf 87' lang='lat' dir='ltr'>B:</span> <span class='ocrx_word' id='word_1_41' title='bbox 1016 502 1189 555; x_wconf 82' lang='grc' dir='ltr'>Πολέμων</span> 
     </span>
     <span class='ocr_line' id='line_1_7' title="bbox 172 560 1192 614; baseline 0.002 -16"><span class='ocrx_word' id='word_1_42' title='bbox 172 561 202 598; x_wconf 83' lang='grc' dir='ltr'>δ’</span> <span class='ocrx_word' id='word_1_43' title='bbox 222 563 256 599; x_wconf 81' lang='grc' dir='ltr'>ἐν</span> <span class='ocrx_word' id='word_1_44' title='bbox 272 560 400 614; x_wconf 86' lang='grc' dir='ltr'>πρώτῳ</span> <span class='ocrx_word' id='word_1_45' title='bbox 419 563 487 599; x_wconf 83' lang='grc' dir='ltr'>τῶν</span> <span class='ocrx_word' id='word_1_46' title='bbox 505 560 589 613; x_wconf 85' lang='grc' dir='ltr'>πρὸς</span> <span class='ocrx_word' id='word_1_47' title='bbox 607 561 758 612; x_wconf 85' lang='grc' dir='ltr'>Τίμαιον</span> <span class='ocrx_word' id='word_1_48' title='bbox 772 560 868 614; x_wconf 83' lang='grc' dir='ltr'>παρὰ</span> <span class='ocrx_word' id='word_1_49' title='bbox 887 561 1115 605; x_wconf 71' lang='grc' dir='ltr'>Σικελιώταις</span> <span class='ocrx_word' id='word_1_50' title='bbox 1130 577 1192 614; x_wconf 86' lang='grc' dir='ltr'>φη-</span> 
     </span>
     <span class='ocr_line' id='line_1_8' title="bbox 171 614 1191 676; baseline 0.002 -18"><span class='ocrx_word' id='word_1_51' title='bbox 171 620 225 659; x_wconf 80' lang='grc' dir='ltr'>σὶν</span> <span class='ocrx_word' id='word_1_52' title='bbox 253 620 485 673; x_wconf 80' lang='grc' dir='ltr'>Ἀδδηφαγίας</span> <span class='ocrx_word' id='word_1_53' title='bbox 513 620 603 674; x_wconf 80' lang='grc' dir='ltr'>ἱερὸν</span> <span class='ocrx_word' id='word_1_54' title='bbox 634 614 723 659; x_wconf 63' lang='grc' dir='ltr'>εἶναι</span> <span class='ocrx_word' id='word_1_55' title='bbox 764 619 824 660; x_wconf 89' lang='grc' dir='ltr'>καὶ</span> <span class='ocrx_word' id='word_1_56' title='bbox 854 623 978 665; x_wconf 77' lang='grc' dir='ltr'>Σιτοῦς</span> <span class='ocrx_word' id='word_1_57' title='bbox 1005 621 1191 676; x_wconf 83' lang='grc' dir='ltr'>Δήμητρος</span> 
     </span>
     <span class='ocr_line' id='line_1_9' title="bbox 171 674 1190 733; baseline 0.003 -18"><span class='ocrx_word' id='word_1_58' title='bbox 171 677 334 728; x_wconf 82' lang='grc' dir='ltr'>ἄγαλμα,</span> <span class='ocrx_word' id='word_1_59' title='bbox 354 674 393 716; x_wconf 73' lang='grc' dir='ltr'>οῧ</span> <span class='ocrx_word' id='word_1_60' title='bbox 411 678 560 725; x_wconf 83' lang='grc' dir='ltr'>πλησίον</span> <span class='ocrx_word' id='word_1_61' title='bbox 579 678 736 732; x_wconf 82' lang='grc' dir='ltr'>ἱδρύσθαι</span> <span class='ocrx_word' id='word_1_62' title='bbox 749 679 808 718; x_wconf 81' lang='grc' dir='ltr'>καὶ</span> <span class='ocrx_word' id='word_1_63' title='bbox 821 678 1014 731; x_wconf 84' lang='grc' dir='ltr'>Ἱμαλίδος,</span> <span class='ocrx_word' id='word_1_64' title='bbox 1034 680 1190 733; x_wconf 89' lang='grc' dir='ltr'>καθάπερ</span> 
     </span>
     <span class='ocr_line' id='line_1_10' title="bbox 171 732 1191 792; baseline 0.002 -18"><span class='ocrx_word' id='word_1_65' title='bbox 171 738 205 774; x_wconf 84' lang='grc' dir='ltr'>ἐν</span> <span class='ocrx_word' id='word_1_66' title='bbox 222 732 366 790; x_wconf 85' lang='grc' dir='ltr'>Δελφοῖς</span> <span class='ocrx_word' id='word_1_67' title='bbox 385 736 586 790; x_wconf 66' lang='grc' dir='ltr'>Ἱίρμούχου</span> <span class='ocrx_word' id='word_1_68' title='bbox 599 768 610 785; x_wconf 89' lang='grc'>,</span> <span class='ocrx_word' id='word_1_69' title='bbox 633 739 668 776; x_wconf 82' lang='grc' dir='ltr'>ἐν</span> <span class='ocrx_word' id='word_1_70' title='bbox 695 736 731 776; x_wconf 79' lang='grc' dir='ltr'>δὲ</span> <span class='ocrx_word' id='word_1_71' title='bbox 758 737 894 790; x_wconf 86' lang='grc' dir='ltr'>Σκώλῳ</span> <span class='ocrx_word' id='word_1_72' title='bbox 916 741 967 792; x_wconf 80' lang='grc' dir='ltr'>τῷ</span> <span class='ocrx_word' id='word_1_73' title='bbox 987 741 1191 791; x_wconf 83' lang='grc' dir='ltr'>Βοιωτιακῷ</span> 
     </span>
     <span class='ocr_line' id='line_1_11' title="bbox 170 794 1194 848; baseline 0.002 -16"><span class='ocrx_word' id='word_1_74' title='bbox 170 794 402 848; x_wconf 83' lang='grc' dir='ltr'>Μεγαλάρτου</span> <span class='ocrx_word' id='word_1_75' title='bbox 416 795 475 834; x_wconf 84' lang='grc' dir='ltr'>καὶ</span> <span class='ocrx_word' id='word_1_76' title='bbox 493 795 757 847; x_wconf 86' lang='grc' dir='ltr'>Μεγαλομάζου.</span> <span class='ocrx_word' id='word_1_77' title='bbox 778 797 833 835; x_wconf 86' lang='lat' dir='ltr'>Cf.</span> <span class='ocrx_word' id='word_1_78' title='bbox 853 797 1010 835; x_wconf 87' lang='lat' dir='ltr'>Preller.</span> <span class='ocrx_word' id='word_1_79' title='bbox 1024 797 1068 836; x_wconf 84' lang='lat' dir='ltr'>fr.</span> <span class='ocrx_word' id='word_1_80' title='bbox 1088 797 1194 835; x_wconf 85' lang='lat' dir='ltr'>Pole-</span> 
     </span>
     <span class='ocr_line' id='line_1_12' title="bbox 170 866 412 904; baseline 0.004 -14"><span class='ocrx_word' id='word_1_81' title='bbox 170 866 272 892; x_wconf 89' lang='lat' dir='ltr'>mon.</span> <span class='ocrx_word' id='word_1_82' title='bbox 293 867 331 904; x_wconf 89' lang='lat' dir='ltr'>p.</span> <span class='ocrx_word' id='word_1_83' title='bbox 352 868 412 901; x_wconf 86' lang='lat'>7¹·</span> 
     </span>
    </p>

    <p class='ocr_par' dir='ltr' id='par_1_4' title="bbox 168 969 1193 1141">
     <span class='ocr_line' id='line_1_13' title="bbox 223 969 1193 1022; baseline 0.001 -15"><span class='ocrx_word' id='word_1_84' title='bbox 223 970 353 1008; x_wconf 84' lang='lat' dir='ltr'>Schol.</span> <span class='ocrx_word' id='word_1_85' title='bbox 377 972 555 1022; x_wconf 85' lang='lat' dir='ltr'>Apollon.</span> <span class='ocrx_word' id='word_1_86' title='bbox 574 972 700 1011; x_wconf 89' lang='lat' dir='ltr'>Rhod.</span> <span class='ocrx_word' id='word_1_87' title='bbox 721 975 786 1019; x_wconf 91' lang='lat' dir='ltr'>IV,</span> <span class='ocrx_word' id='word_1_88' title='bbox 808 972 904 1020; x_wconf 91' lang='lat'><strong>786:</strong></span> <span class='ocrx_word' id='word_1_89' title='bbox 925 969 1110 1022; x_wconf 85' lang='grc' dir='ltr'>Πλαγκταὶ</span> <span class='ocrx_word' id='word_1_90' title='bbox 1130 970 1193 1009; x_wconf 84' lang='grc' dir='ltr'>πέ-</span> 
     </span>
     <span class='ocr_line' id='line_1_14' title="bbox 168 1028 1193 1083; baseline 0.002 -18"><span class='ocrx_word' id='word_1_91' title='bbox 168 1043 247 1080; x_wconf 88' lang='grc' dir='ltr'>τραι</span> <span class='ocrx_word' id='word_1_92' title='bbox 269 1029 303 1066; x_wconf 83' lang='grc' dir='ltr'>ἐν</span> <span class='ocrx_word' id='word_1_93' title='bbox 321 1031 370 1081; x_wconf 84' lang='grc' dir='ltr'>τῷ</span> <span class='ocrx_word' id='word_1_94' title='bbox 389 1032 536 1083; x_wconf 82' lang='grc' dir='ltr'>πορθμῷ</span> <span class='ocrx_word' id='word_1_95' title='bbox 550 1030 649 1078; x_wconf 81' lang='grc' dir='ltr'>εἰσὶν,</span> <span class='ocrx_word' id='word_1_96' title='bbox 663 1032 710 1077; x_wconf 82' lang='grc' dir='ltr'>ὡς</span> <span class='ocrx_word' id='word_1_97' title='bbox 729 1030 879 1082; x_wconf 87' lang='grc' dir='ltr'>Τίμαιος</span> <span class='ocrx_word' id='word_1_98' title='bbox 901 1029 961 1068; x_wconf 83' lang='grc' dir='ltr'>καὶ</span> <span class='ocrx_word' id='word_1_99' title='bbox 981 1028 1193 1082; x_wconf 82' lang='grc' dir='ltr'>Πεισίστρα-</span> 
     </span>
     <span class='ocr_line' id='line_1_15' title="bbox 169 1089 1190 1141; baseline 0.001 -17"><span class='ocrx_word' id='word_1_100' title='bbox 169 1101 227 1131; x_wconf 86' lang='grc' dir='ltr'>τος</span> <span class='ocrx_word' id='word_1_101' title='bbox 243 1089 260 1125; x_wconf 84' lang='grc' dir='ltr'>ὁ</span> <span class='ocrx_word' id='word_1_102' title='bbox 279 1090 484 1141; x_wconf 87' lang='grc' dir='ltr'>Λιπαραῖος.</span> <span class='ocrx_word' id='word_1_103' title='bbox 501 1089 638 1127; x_wconf 83' lang='lat' dir='ltr'>Siciliae</span> <span class='ocrx_word' id='word_1_104' title='bbox 651 1098 689 1127; x_wconf 89' lang='lat' dir='ltr'>et</span> <span class='ocrx_word' id='word_1_105' title='bbox 703 1089 821 1128; x_wconf 80' lang='lat' dir='ltr'>Italiae</span> <span class='ocrx_word' id='word_1_106' title='bbox 841 1089 1047 1140; x_wconf 81' lang='lat' dir='ltr'>descriptio</span> <span class='ocrx_word' id='word_1_107' title='bbox 1061 1101 1190 1125; x_wconf 82' lang='lat' dir='ltr'>ansam</span> 
     </span>
    </p>
   </div>
   <div class='ocr_carea' id='block_1_3' title="bbox 171 1145 1192 1251">
    <p class='ocr_par' dir='ltr' id='par_1_5' title="bbox 171 1145 1192 1251">
     <span class='ocr_line' id='line_1_16' title="bbox 171 1145 1192 1199; baseline 0 -16"><span class='ocrx_word' id='word_1_108' title='bbox 171 1145 378 1196; x_wconf 87' lang='lat' dir='ltr'>praebuisse</span> <span class='ocrx_word' id='word_1_109' title='bbox 402 1147 556 1186; x_wconf 85' lang='lat' dir='ltr'>videtur</span> <span class='ocrx_word' id='word_1_110' title='bbox 580 1148 735 1186; x_wconf 91' lang='lat' dir='ltr'>uberius</span> <span class='ocrx_word' id='word_1_111' title='bbox 755 1148 973 1199; x_wconf 88' lang='lat' dir='ltr'>exponendi</span> <span class='ocrx_word' id='word_1_112' title='bbox 990 1153 1192 1197; x_wconf 79' lang='lat' dir='ltr'>Argonau-</span> 
     </span>
     <span class='ocr_line' id='line_1_17' title="bbox 171 1199 1192 1251; baseline 0.001 -16"><span class='ocrx_word' id='word_1_113' title='bbox 171 1207 295 1236; x_wconf 85' lang='lat' dir='ltr'><strong>tarum</strong></span> <span class='ocrx_word' id='word_1_114' title='bbox 311 1200 605 1250; x_wconf 84' lang='lat' dir='ltr'>expeditionem.</span> <span class='ocrx_word' id='word_1_115' title='bbox 627 1205 722 1249; x_wconf 83' lang='lat' dir='ltr'>Quae</span> <span class='ocrx_word' id='word_1_116' title='bbox 745 1201 793 1239; x_wconf 88' lang='lat' dir='ltr'>ad</span> <span class='ocrx_word' id='word_1_117' title='bbox 818 1214 900 1239; x_wconf 88' lang='lat' dir='ltr'>eam</span> <span class='ocrx_word' id='word_1_118' title='bbox 925 1207 1099 1251; x_wconf 83' lang='lat' dir='ltr'>spectant</span> <span class='ocrx_word' id='word_1_119' title='bbox 1116 1199 1192 1237; x_wconf 85' lang='lat' dir='ltr'>fra—</span> 
     </span>
    </p>
   </div>
   <div class='ocr_carea' id='block_1_4' title="bbox 170 1259 1196 2307">
    <p class='ocr_par' dir='ltr' id='par_1_6' title="bbox 170 1259 697 1355">
     <span class='ocr_line' id='line_1_18' title="bbox 170 1259 539 1307; baseline 0.008 -13"><span class='ocrx_word' id='word_1_120' title='bbox 170 1259 412 1307; x_wconf 81' lang='lat' dir='ltr'>gmentahaee</span> <span class='ocrx_word' id='word_1_121' title='bbox 432 1267 539 1297; x_wconf 83' lang='lat' dir='ltr'>sunt:</span> 
     </span>
     <span class='ocr_line' id='line_1_19' title="bbox 661 1319 697 1355; baseline 0.028 -1"><span class='ocrx_word' id='word_1_122' title='bbox 661 1319 697 1355; x_wconf 85' lang='grc'>6.</span> 
     </span>
    </p>

    <p class='ocr_par' dir='ltr' id='par_1_7' title="bbox 170 1373 1196 2307">
     <span class='ocr_line' id='line_1_20' title="bbox 223 1373 1193 1426; baseline 0 -14"><span class='ocrx_word' id='word_1_123' title='bbox 223 1373 382 1416; x_wconf 87' lang='lat' dir='ltr'>Diodor.</span> <span class='ocrx_word' id='word_1_124' title='bbox 406 1378 472 1425; x_wconf 87' lang='lat' dir='ltr'>IV,</span> <span class='ocrx_word' id='word_1_125' title='bbox 498 1376 566 1413; x_wconf 83' lang='lat'>56:</span> <span class='ocrx_word' id='word_1_126' title='bbox 585 1376 663 1414; x_wconf 81' lang='grc' dir='ltr'>Οὐκ</span> <span class='ocrx_word' id='word_1_127' title='bbox 682 1375 791 1426; x_wconf 84' lang='grc' dir='ltr'>ὀλίγοι</span> <span class='ocrx_word' id='word_1_128' title='bbox 804 1376 872 1413; x_wconf 85' lang='grc' dir='ltr'>τῶν</span> <span class='ocrx_word' id='word_1_129' title='bbox 887 1389 924 1412; x_wconf 89' lang='grc' dir='ltr'>τε</span> <span class='ocrx_word' id='word_1_130' title='bbox 940 1374 1095 1426; x_wconf 85' lang='grc' dir='ltr'>ἀρχαίων</span> <span class='ocrx_word' id='word_1_131' title='bbox 1110 1389 1193 1426; x_wconf 87' lang='grc' dir='ltr'>συγ-</span> 
     </span>
     <span class='ocr_line' id='line_1_21' title="bbox 170 1426 1193 1487; baseline 0.001 -17"><span class='ocrx_word' id='word_1_132' title='bbox 170 1432 330 1486; x_wconf 84' lang='grc' dir='ltr'>γραφέων</span> <span class='ocrx_word' id='word_1_133' title='bbox 354 1432 414 1471; x_wconf 87' lang='grc' dir='ltr'>καὶ</span> <span class='ocrx_word' id='word_1_134' title='bbox 441 1434 508 1471; x_wconf 84' lang='grc' dir='ltr'>τῶν</span> <span class='ocrx_word' id='word_1_135' title='bbox 533 1432 846 1487; x_wconf 80' lang='grc' dir='ltr'>μεταγενεστέρων,</span> <span class='ocrx_word' id='word_1_136' title='bbox 874 1426 921 1471; x_wconf 70' lang='grc' dir='ltr'>ὧν</span> <span class='ocrx_word' id='word_1_137' title='bbox 945 1434 1018 1470; x_wconf 82' lang='grc' dir='ltr'>ἐστι</span> <span class='ocrx_word' id='word_1_138' title='bbox 1039 1432 1099 1471; x_wconf 78' lang='grc' dir='ltr'>καὶ</span> <span class='ocrx_word' id='word_1_139' title='bbox 1122 1431 1193 1471; x_wconf 88' lang='grc' dir='ltr'>Τί-</span> 
     </span>
     <span class='ocr_line' id='line_1_22' title="bbox 172 1489 1192 1545; baseline 0 -17"><span class='ocrx_word' id='word_1_140' title='bbox 172 1505 294 1540; x_wconf 86' lang='grc' dir='ltr'>μαιος,</span> <span class='ocrx_word' id='word_1_141' title='bbox 319 1490 403 1544; x_wconf 81' lang='grc' dir='ltr'>φασὶ</span> <span class='ocrx_word' id='word_1_142' title='bbox 431 1490 508 1534; x_wconf 77' lang='grc' dir='ltr'>τοὺς</span> <span class='ocrx_word' id='word_1_143' title='bbox 529 1491 757 1545; x_wconf 84' lang='grc' dir='ltr'>Ἀργοναύτας</span> <span class='ocrx_word' id='word_1_144' title='bbox 783 1489 872 1543; x_wconf 79' lang='grc' dir='ltr'>μετὰ</span> <span class='ocrx_word' id='word_1_145' title='bbox 897 1490 958 1538; x_wconf 83' lang='grc' dir='ltr'>τὴν</span> <span class='ocrx_word' id='word_1_146' title='bbox 987 1495 1047 1529; x_wconf 89' lang='grc' dir='ltr'>τοῦ</span> <span class='ocrx_word' id='word_1_147' title='bbox 1077 1489 1192 1544; x_wconf 86' lang='grc' dir='ltr'>δέρους</span> 
     </span>
     <span class='ocr_line' id='line_1_23' title="bbox 171 1548 1193 1603; baseline 0 -16"><span class='ocrx_word' id='word_1_148' title='bbox 171 1548 346 1602; x_wconf 81' lang='grc' dir='ltr'>ἁρπαγὴν,</span> <span class='ocrx_word' id='word_1_149' title='bbox 385 1549 599 1602; x_wconf 79' lang='grc' dir='ltr'>πυθομένους</span> <span class='ocrx_word' id='word_1_150' title='bbox 638 1550 696 1588; x_wconf 78' lang='grc' dir='ltr'>ὑπ’</span> <span class='ocrx_word' id='word_1_151' title='bbox 723 1549 854 1597; x_wconf 83' lang='grc' dir='ltr'>Αἰήτου</span> <span class='ocrx_word' id='word_1_152' title='bbox 896 1551 1193 1603; x_wconf 74' lang='grc' dir='ltr'>προκατειλῆφθαι</span> 
     </span>
     <span class='ocr_line' id='line_1_24' title="bbox 171 1607 1194 1662; baseline 0.001 -18"><span class='ocrx_word' id='word_1_153' title='bbox 171 1607 273 1645; x_wconf 71' lang='grc' dir='ltr'>ναυσὶ</span> <span class='ocrx_word' id='word_1_154' title='bbox 291 1607 331 1646; x_wconf 82' lang='grc' dir='ltr'>τὸ</span> <span class='ocrx_word' id='word_1_155' title='bbox 359 1607 474 1659; x_wconf 85' lang='grc' dir='ltr'>στόμα</span> <span class='ocrx_word' id='word_1_156' title='bbox 504 1613 565 1647; x_wconf 88' lang='grc' dir='ltr'>τοῦ</span> <span class='ocrx_word' id='word_1_157' title='bbox 598 1608 752 1657; x_wconf 83' lang='grc' dir='ltr'>Πόντου,</span> <span class='ocrx_word' id='word_1_158' title='bbox 780 1607 902 1662; x_wconf 83' lang='grc' dir='ltr'>πρᾶξιν</span> <span class='ocrx_word' id='word_1_159' title='bbox 928 1607 1194 1647; x_wconf 81' lang='grc' dir='ltr'>ἐπιτελέσασθαι</span> 
     </span>
     <span class='ocr_line' id='line_1_25' title="bbox 170 1665 1194 1720; baseline 0.002 -17"><span class='ocrx_word' id='word_1_160' title='bbox 170 1665 365 1719; x_wconf 82' lang='grc' dir='ltr'>παράδοξον</span> <span class='ocrx_word' id='word_1_161' title='bbox 401 1666 461 1705; x_wconf 76' lang='grc' dir='ltr'>καὶ</span> <span class='ocrx_word' id='word_1_162' title='bbox 494 1666 637 1719; x_wconf 83' lang='grc' dir='ltr'>μνήμης</span> <span class='ocrx_word' id='word_1_163' title='bbox 663 1667 772 1713; x_wconf 84' lang='grc' dir='ltr'>ἀξίαν.</span> <span class='ocrx_word' id='word_1_164' title='bbox 803 1666 1103 1712; x_wconf 87' lang='grc' dir='ltr'>Ἀναπλεύσαντας</span> <span class='ocrx_word' id='word_1_165' title='bbox 1126 1666 1194 1720; x_wconf 83' lang='grc' dir='ltr'>γὰρ</span> 
     </span>
     <span class='ocr_line' id='line_1_26' title="bbox 171 1723 1194 1778; baseline 0.001 -16"><span class='ocrx_word' id='word_1_166' title='bbox 171 1723 291 1768; x_wconf 78' lang='grc' dir='ltr'>αὐτοὺς</span> <span class='ocrx_word' id='word_1_167' title='bbox 311 1725 368 1764; x_wconf 83' lang='grc' dir='ltr'>διὰ</span> <span class='ocrx_word' id='word_1_168' title='bbox 386 1729 446 1764; x_wconf 85' lang='grc' dir='ltr'>τοῦ</span> <span class='ocrx_word' id='word_1_169' title='bbox 462 1726 636 1771; x_wconf 77' lang='grc' dir='ltr'>Τανάϊδος</span> <span class='ocrx_word' id='word_1_170' title='bbox 651 1730 809 1778; x_wconf 80' lang='grc' dir='ltr'>ποταμοῦ</span> <span class='ocrx_word' id='word_1_171' title='bbox 828 1728 885 1764; x_wconf 83' lang='grc' dir='ltr'>ἐπὶ</span> <span class='ocrx_word' id='word_1_172' title='bbox 901 1725 964 1769; x_wconf 79' lang='grc' dir='ltr'>τὰς</span> <span class='ocrx_word' id='word_1_173' title='bbox 981 1725 1116 1777; x_wconf 83' lang='grc' dir='ltr'>πηγὰς,</span> <span class='ocrx_word' id='word_1_174' title='bbox 1134 1725 1194 1763; x_wconf 83' lang='grc' dir='ltr'>καὶ</span> 
     </span>
     <span class='ocr_line' id='line_1_27' title="bbox 171 1783 1193 1837; baseline 0 -16"><span class='ocrx_word' id='word_1_175' title='bbox 171 1783 263 1822; x_wconf 77' lang='grc' dir='ltr'>κατὰ</span> <span class='ocrx_word' id='word_1_176' title='bbox 282 1783 385 1822; x_wconf 88' lang='grc' dir='ltr'>τόπον</span> <span class='ocrx_word' id='word_1_177' title='bbox 400 1783 478 1823; x_wconf 81' lang='grc' dir='ltr'>τινὰ</span> <span class='ocrx_word' id='word_1_178' title='bbox 500 1783 563 1832; x_wconf 82' lang='grc' dir='ltr'>τὴν</span> <span class='ocrx_word' id='word_1_179' title='bbox 588 1789 668 1824; x_wconf 87' lang='grc' dir='ltr'>ναῦν</span> <span class='ocrx_word' id='word_1_180' title='bbox 690 1784 952 1832; x_wconf 79' lang='grc' dir='ltr'>διελκύσαντας,</span> <span class='ocrx_word' id='word_1_181' title='bbox 976 1784 1054 1822; x_wconf 80' lang='grc' dir='ltr'>καθ’</span> <span class='ocrx_word' id='word_1_182' title='bbox 1075 1784 1193 1837; x_wconf 81' lang='grc' dir='ltr'>ἑτέρου</span> 
     </span>
     <span class='ocr_line' id='line_1_28' title="bbox 172 1842 1193 1897; baseline -0.001 -17"><span class='ocrx_word' id='word_1_183' title='bbox 172 1842 278 1881; x_wconf 90' lang='grc' dir='ltr'>πάλιν</span> <span class='ocrx_word' id='word_1_184' title='bbox 295 1847 476 1894; x_wconf 88' lang='grc' dir='ltr'>ποταμοῦ,</span> <span class='ocrx_word' id='word_1_185' title='bbox 495 1843 558 1891; x_wconf 79' lang='grc' dir='ltr'>τὴν</span> <span class='ocrx_word' id='word_1_186' title='bbox 581 1842 678 1897; x_wconf 84' lang='grc' dir='ltr'>ῥύσιν</span> <span class='ocrx_word' id='word_1_187' title='bbox 699 1842 836 1895; x_wconf 84' lang='grc' dir='ltr'>ἔχοντος</span> <span class='ocrx_word' id='word_1_188' title='bbox 860 1844 906 1886; x_wconf 86' lang='grc' dir='ltr'>εἷς</span> <span class='ocrx_word' id='word_1_189' title='bbox 932 1843 991 1882; x_wconf 84' lang='grc' dir='ltr'>τὸν</span> <span class='ocrx_word' id='word_1_190' title='bbox 1009 1842 1193 1890; x_wconf 81' lang='grc' dir='ltr'>Ὠκεανὸν,</span> 
     </span>
     <span class='ocr_line' id='line_1_29' title="bbox 170 1899 1193 1953; baseline 0 -15"><span class='ocrx_word' id='word_1_191' title='bbox 170 1901 411 1940; x_wconf 82' lang='grc' dir='ltr'>καταπλεῦσαι</span> <span class='ocrx_word' id='word_1_192' title='bbox 429 1901 515 1953; x_wconf 83' lang='grc' dir='ltr'>πρὸς</span> <span class='ocrx_word' id='word_1_193' title='bbox 531 1900 592 1948; x_wconf 82' lang='grc' dir='ltr'>τὴν</span> <span class='ocrx_word' id='word_1_194' title='bbox 612 1900 808 1939; x_wconf 72' lang='grc' dir='ltr'>θάλασσαν·</span> <span class='ocrx_word' id='word_1_195' title='bbox 827 1900 896 1938; x_wconf 86' lang='grc' dir='ltr'>ἀπὸ</span> <span class='ocrx_word' id='word_1_196' title='bbox 915 1900 952 1939; x_wconf 84' lang='grc' dir='ltr'>δὲ</span> <span class='ocrx_word' id='word_1_197' title='bbox 971 1902 1038 1938; x_wconf 81' lang='grc' dir='ltr'>τῶν</span> <span class='ocrx_word' id='word_1_198' title='bbox 1057 1899 1193 1952; x_wconf 86' lang='grc' dir='ltr'>ἄρκτων</span> 
     </span>
     <span class='ocr_line' id='line_1_30' title="bbox 171 1958 1194 2011; baseline 0 -15"><span class='ocrx_word' id='word_1_199' title='bbox 171 1958 228 1997; x_wconf 79' lang='grc' dir='ltr'>ἐπὶ</span> <span class='ocrx_word' id='word_1_200' title='bbox 247 1958 311 2006; x_wconf 83' lang='grc' dir='ltr'>τὴν</span> <span class='ocrx_word' id='word_1_201' title='bbox 333 1959 426 1998; x_wconf 87' lang='grc' dir='ltr'>δύσιν</span> <span class='ocrx_word' id='word_1_202' title='bbox 446 1962 674 2011; x_wconf 71' lang='grc' dir='ltr'>κομισθῆναι,</span> <span class='ocrx_word' id='word_1_203' title='bbox 693 1958 755 2006; x_wconf 85' lang='grc' dir='ltr'>τὴν</span> <span class='ocrx_word' id='word_1_204' title='bbox 769 1962 833 2010; x_wconf 75' lang='grc' dir='ltr'>γῆν</span> <span class='ocrx_word' id='word_1_205' title='bbox 851 1958 994 2011; x_wconf 81' lang='grc' dir='ltr'>ἔχοντας</span> <span class='ocrx_word' id='word_1_206' title='bbox 1015 1958 1048 2004; x_wconf 82' lang='grc' dir='ltr'>ἐξ</span> <span class='ocrx_word' id='word_1_207' title='bbox 1063 1958 1194 1997; x_wconf 79' lang='grc' dir='ltr'>εὐωνύ-</span> 
     </span>
     <span class='ocr_line' id='line_1_31' title="bbox 173 2015 1194 2069; baseline -0.001 -14"><span class='ocrx_word' id='word_1_208' title='bbox 173 2032 262 2068; x_wconf 89' lang='grc' dir='ltr'>μων,</span> <span class='ocrx_word' id='word_1_209' title='bbox 288 2017 350 2055; x_wconf 69' lang='lat' dir='ltr'>&gt;eal</span> <span class='ocrx_word' id='word_1_210' title='bbox 375 2018 523 2064; x_wconf 89' lang='grc' dir='ltr'>πλησίον</span> <span class='ocrx_word' id='word_1_211' title='bbox 549 2016 754 2069; x_wconf 84' lang='grc' dir='ltr'>γενομένους</span> <span class='ocrx_word' id='word_1_212' title='bbox 780 2019 956 2069; x_wconf 87' lang='grc' dir='ltr'>Γαδείρων</span> <span class='ocrx_word' id='word_1_213' title='bbox 972 2018 1018 2060; x_wconf 87' lang='grc' dir='ltr'>εἷς</span> <span class='ocrx_word' id='word_1_214' title='bbox 1039 2015 1102 2063; x_wconf 76' lang='grc' dir='ltr'>τὴν</span> <span class='ocrx_word' id='word_1_215' title='bbox 1118 2017 1194 2054; x_wconf 89' lang='grc' dir='ltr'>καθ’</span> 
     </span>
     <span class='ocr_line' id='line_1_32' title="bbox 170 2073 1195 2128; baseline -0.001 -15"><span class='ocrx_word' id='word_1_216' title='bbox 170 2078 265 2127; x_wconf 77' lang='grc' dir='ltr'>ἡμᾶς</span> <span class='ocrx_word' id='word_1_217' title='bbox 280 2075 458 2115; x_wconf 86' lang='grc' dir='ltr'>θάλασσαν</span> <span class='ocrx_word' id='word_1_218' title='bbox 477 2077 690 2114; x_wconf 75' lang='grc' dir='ltr'>εἰσπλεῦσαι.</span> <span class='ocrx_word' id='word_1_219' title='bbox 706 2075 911 2120; x_wconf 82' lang='grc' dir='ltr'>Ἀποδείξεις</span> <span class='ocrx_word' id='word_1_220' title='bbox 927 2073 963 2112; x_wconf 85' lang='grc' dir='ltr'>δὲ</span> <span class='ocrx_word' id='word_1_221' title='bbox 981 2074 1112 2114; x_wconf 85' lang='grc' dir='ltr'>τούτων</span> <span class='ocrx_word' id='word_1_222' title='bbox 1133 2074 1195 2128; x_wconf 81' lang='grc' dir='ltr'>φέ-</span> 
     </span>
     <span class='ocr_line' id='line_1_33' title="bbox 172 2133 1193 2189; baseline -0.002 -17"><span class='ocrx_word' id='word_1_223' title='bbox 172 2149 288 2187; x_wconf 87' lang='grc' dir='ltr'>ρουσι,</span> <span class='ocrx_word' id='word_1_224' title='bbox 307 2134 496 2178; x_wconf 87' lang='grc' dir='ltr'>δεικνύντες</span> <span class='ocrx_word' id='word_1_225' title='bbox 512 2133 591 2178; x_wconf 81' lang='grc' dir='ltr'>τοὺς</span> <span class='ocrx_word' id='word_1_226' title='bbox 615 2133 714 2189; x_wconf 82' lang='grc' dir='ltr'>παρὰ</span> <span class='ocrx_word' id='word_1_227' title='bbox 727 2134 784 2173; x_wconf 82' lang='grc' dir='ltr'>τὸν</span> <span class='ocrx_word' id='word_1_228' title='bbox 805 2133 974 2173; x_wconf 82' lang='grc' dir='ltr'>Ὠκεανὸν</span> <span class='ocrx_word' id='word_1_229' title='bbox 989 2137 1193 2172; x_wconf 89' lang='grc' dir='ltr'>κατοικοῦν-</span> 
     </span>
     <span class='ocr_line' id='line_1_34' title="bbox 170 2191 1196 2245; baseline -0.001 -14"><span class='ocrx_word' id='word_1_230' title='bbox 170 2209 232 2236; x_wconf 85' lang='grc' dir='ltr'>τας</span> <span class='ocrx_word' id='word_1_231' title='bbox 251 2193 389 2236; x_wconf 86' lang='grc' dir='ltr'>Κέλτας</span> <span class='ocrx_word' id='word_1_232' title='bbox 404 2193 611 2245; x_wconf 75' lang='grc' dir='ltr'>σεὸομένους</span> <span class='ocrx_word' id='word_1_233' title='bbox 626 2194 781 2244; x_wconf 90' lang='grc' dir='ltr'>μάλιστα</span> <span class='ocrx_word' id='word_1_234' title='bbox 800 2196 869 2231; x_wconf 86' lang='grc' dir='ltr'>τῶν</span> <span class='ocrx_word' id='word_1_235' title='bbox 891 2195 975 2231; x_wconf 83' lang='grc' dir='ltr'>θεῶν</span> <span class='ocrx_word' id='word_1_236' title='bbox 996 2191 1072 2237; x_wconf 75' lang='grc' dir='ltr'>τοὺς</span> <span class='ocrx_word' id='word_1_237' title='bbox 1091 2195 1196 2231; x_wconf 82' lang='grc' dir='ltr'>Διοσ-</span> 
     </span>
     <span class='ocr_line' id='line_1_35' title="bbox 170 2250 1191 2307; baseline -0.002 -17"><span class='ocrx_word' id='word_1_238' title='bbox 170 2251 335 2306; x_wconf 85' lang='grc' dir='ltr'>κούρους·</span> <span class='ocrx_word' id='word_1_239' title='bbox 359 2251 601 2306; x_wconf 81' lang='grc' dir='ltr'>παραδόσιμον</span> <span class='ocrx_word' id='word_1_240' title='bbox 620 2253 686 2307; x_wconf 84' lang='grc' dir='ltr'>γὰρ</span> <span class='ocrx_word' id='word_1_241' title='bbox 709 2251 800 2304; x_wconf 83' lang='grc' dir='ltr'>ἔχειν</span> <span class='ocrx_word' id='word_1_242' title='bbox 821 2250 944 2295; x_wconf 75' lang='grc' dir='ltr'>αὐτοὺς</span> <span class='ocrx_word' id='word_1_243' title='bbox 969 2253 1009 2290; x_wconf 81' lang='grc' dir='ltr'>ἐκ</span> <span class='ocrx_word' id='word_1_244' title='bbox 1031 2252 1191 2290; x_wconf 80' lang='grc' dir='ltr'>παλαιῶν</span> 
     </span>
    </p>
   </div>
   <div class='ocr_carea' id='block_1_5' title="bbox 169 2386 1193 2473">
    <p class='ocr_par' dir='ltr' id='par_1_8' title="bbox 169 2386 1193 2473">
     <span class='ocr_line' id='line_1_36' title="bbox 169 2386 1193 2427; baseline 0 -10"><span class='ocrx_word' id='word_1_245' title='bbox 169 2395 233 2427; x_wconf 83' lang='lat' dir='ltr'>que</span> <span class='ocrx_word' id='word_1_246' title='bbox 243 2386 284 2417; x_wconf 85' lang='lat' dir='ltr'>ab</span> <span class='ocrx_word' id='word_1_247' title='bbox 296 2386 357 2418; x_wconf 87' lang='lat' dir='ltr'>hoe</span> <span class='ocrx_word' id='word_1_248' title='bbox 366 2387 509 2427; x_wconf 87' lang='lat' dir='ltr'>tempore</span> <span class='ocrx_word' id='word_1_249' title='bbox 518 2386 572 2419; x_wconf 90' lang='lat' dir='ltr'>ille</span> <span class='ocrx_word' id='word_1_250' title='bbox 587 2386 684 2418; x_wconf 88' lang='lat' dir='ltr'>simili</span> <span class='ocrx_word' id='word_1_251' title='bbox 699 2386 795 2418; x_wconf 90' lang='lat' dir='ltr'>modo</span> <span class='ocrx_word' id='word_1_252' title='bbox 804 2395 869 2427; x_wconf 90' lang='lat' dir='ltr'>quo</span> <span class='ocrx_word' id='word_1_253' title='bbox 882 2386 989 2419; x_wconf 82' lang='lat' dir='ltr'>Thrax</span> <span class='ocrx_word' id='word_1_254' title='bbox 1004 2386 1193 2426; x_wconf 85' lang='lat' dir='ltr'>Thamyras,</span> 
     </span>
     <span class='ocr_line' id='line_1_37' title="bbox 170 2432 704 2473; baseline 0.002 -10"><span class='ocrx_word' id='word_1_255' title='bbox 170 2441 226 2473; x_wconf 87' lang='lat' dir='ltr'>per</span> <span class='ocrx_word' id='word_1_256' title='bbox 244 2432 458 2473; x_wconf 80' lang='lat' dir='ltr'>insipientiam</span> <span class='ocrx_word' id='word_1_257' title='bbox 474 2432 577 2464; x_wconf 87' lang='lat' dir='ltr'>oculis</span> <span class='ocrx_word' id='word_1_258' title='bbox 589 2433 704 2464; x_wconf 89' lang='lat' dir='ltr'>caruit.</span> 
     </span>
    </p>
   </div>
   <div class='ocr_carea' id='block_1_6' title="bbox 1218 2378 1224 2460">
    <p class='ocr_par' dir='ltr' id='par_1_9' title="bbox 1218 2378 1224 2460">
     <span class='ocr_line' id='line_1_38' title="bbox 1218 2378 1224 2460; baseline 0 0"><span class='ocrx_word' id='word_1_259' title='bbox 1218 2378 1224 2460; x_wconf 95' lang='lat' dir='ltr'> </span> 
     </span>
    </p>
   </div>
   <div class='ocr_carea' id='block_1_7' title="bbox 171 2461 1223 3415">
    <p class='ocr_par' dir='ltr' id='par_1_10' title="bbox 1219 2461 1223 2478">
     <span class='ocr_line' id='line_1_39' title="bbox 1219 2461 1223 2478; baseline 0 0"><span class='ocrx_word' id='word_1_260' title='bbox 1219 2461 1223 2478; x_wconf 93' lang='grc' dir='ltr'>Ι</span> 
     </span>
    </p>

    <p class='ocr_par' dir='ltr' id='par_1_11' title="bbox 171 2479 1223 2613">
     <span class='ocr_line' id='line_1_40' title="bbox 213 2479 1223 2566; baseline 0 -9"><span class='ocrx_word' id='word_1_261' title='bbox 213 2526 354 2558; x_wconf 78' lang='lat' dir='ltr'>Planctae</span> <span class='ocrx_word' id='word_1_262' title='bbox 370 2525 507 2566; x_wconf 86' lang='lat' dir='ltr'>(scopuli</span> <span class='ocrx_word' id='word_1_263' title='bbox 526 2526 683 2566; x_wconf 79' lang='lat' dir='ltr'>errantes)</span> <span class='ocrx_word' id='word_1_264' title='bbox 702 2526 735 2557; x_wconf 92' lang='lat' dir='ltr'>in</span> <span class='ocrx_word' id='word_1_265' title='bbox 753 2525 836 2558; x_wconf 82' lang='lat' dir='ltr'>freto</span> <span class='ocrx_word' id='word_1_266' title='bbox 859 2525 966 2557; x_wconf 90' lang='lat' dir='ltr'>Siculo</span> <span class='ocrx_word' id='word_1_267' title='bbox 985 2527 1082 2566; x_wconf 90' lang='lat' dir='ltr'>sunt,</span> <span class='ocrx_word' id='word_1_268' title='bbox 1099 2527 1135 2558; x_wconf 84' lang='lat' dir='ltr'>ut</span> <span class='ocrx_word' id='word_1_269' title='bbox 1150 2525 1194 2558; x_wconf 88' lang='lat' dir='ltr'>di-</span> <span class='ocrx_word' id='word_1_270' title='bbox 1218 2479 1223 2539; x_wconf 69' lang='grc' dir='ltr'>Ι</span> 
     </span>
     <span class='ocr_line' id='line_1_41' title="bbox 171 2572 853 2613; baseline 0 -9"><span class='ocrx_word' id='word_1_271' title='bbox 171 2574 248 2605; x_wconf 88' lang='lat' dir='ltr'>cunt</span> <span class='ocrx_word' id='word_1_272' title='bbox 265 2573 409 2605; x_wconf 82' lang='lat' dir='ltr'>Timaeus</span> <span class='ocrx_word' id='word_1_273' title='bbox 425 2574 458 2605; x_wconf 86' lang='lat' dir='ltr'>et</span> <span class='ocrx_word' id='word_1_274' title='bbox 469 2572 660 2605; x_wconf 86' lang='lat' dir='ltr'>Pisistratus</span> <span class='ocrx_word' id='word_1_275' title='bbox 675 2573 853 2613; x_wconf 83' lang='lat' dir='ltr'>Liparaeus.</span> 
     </span>
    </p>

    <p class='ocr_par' dir='ltr' id='par_1_12' title="bbox 662 2622 698 2654">
     <span class='ocr_line' id='line_1_42' title="bbox 662 2622 698 2654; baseline -0.028 0"><span class='ocrx_word' id='word_1_276' title='bbox 662 2622 698 2654; x_wconf 84' lang='lat'>6.</span> 
     </span>
    </p>

    <p class='ocr_par' dir='ltr' id='par_1_13' title="bbox 171 2671 1222 3415">
     <span class='ocr_line' id='line_1_43' title="bbox 212 2671 1192 2714; baseline 0 -10"><span class='ocrx_word' id='word_1_277' title='bbox 212 2674 283 2704; x_wconf 90' lang='lat' dir='ltr'>Non</span> <span class='ocrx_word' id='word_1_278' title='bbox 299 2673 408 2714; x_wconf 85' lang='lat' dir='ltr'>pauci,</span> <span class='ocrx_word' id='word_1_279' title='bbox 427 2674 496 2704; x_wconf 91' lang='lat' dir='ltr'>tum</span> <span class='ocrx_word' id='word_1_280' title='bbox 512 2674 677 2712; x_wconf 88' lang='lat' dir='ltr'>veterum,</span> <span class='ocrx_word' id='word_1_281' title='bbox 691 2673 764 2704; x_wconf 84' lang='lat' dir='ltr'>tum</span> <span class='ocrx_word' id='word_1_282' title='bbox 783 2672 881 2704; x_wconf 87' lang='lat' dir='ltr'>etiam</span> <span class='ocrx_word' id='word_1_283' title='bbox 901 2671 1090 2710; x_wconf 85' lang='lat' dir='ltr'>recentium,</span> <span class='ocrx_word' id='word_1_284' title='bbox 1109 2671 1192 2704; x_wconf 87' lang='lat' dir='ltr'>inter</span> 
     </span>
     <span class='ocr_line' id='line_1_44' title="bbox 171 2717 1221 2772; baseline -0.001 -21"><span class='ocrx_word' id='word_1_285' title='bbox 171 2727 253 2759; x_wconf 87' lang='lat' dir='ltr'>quos</span> <span class='ocrx_word' id='word_1_286' title='bbox 273 2721 306 2751; x_wconf 87' lang='lat' dir='ltr'>et</span> <span class='ocrx_word' id='word_1_287' title='bbox 331 2718 472 2750; x_wconf 83' lang='lat' dir='ltr'>Timaeus</span> <span class='ocrx_word' id='word_1_288' title='bbox 488 2720 549 2757; x_wconf 86' lang='lat' dir='ltr'>est,</span> <span class='ocrx_word' id='word_1_289' title='bbox 567 2718 761 2759; x_wconf 90' lang='lat' dir='ltr'>scriptorum</span> <span class='ocrx_word' id='word_1_290' title='bbox 783 2717 968 2758; x_wconf 78' lang='lat' dir='ltr'>perhibent,</span> <span class='ocrx_word' id='word_1_291' title='bbox 992 2720 1191 2758; x_wconf 81' lang='lat' dir='ltr'>Argonautas</span> <span class='ocrx_word' id='word_1_292' title='bbox 1217 2742 1221 2772; x_wconf 55' lang='grc' dir='ltr'>γ</span> 
     </span>
     <span class='ocr_line' id='line_1_45' title="bbox 172 2764 1221 2835; baseline -0.002 -38"><span class='ocrx_word' id='word_1_293' title='bbox 172 2768 246 2806; x_wconf 84' lang='lat' dir='ltr'>post</span> <span class='ocrx_word' id='word_1_294' title='bbox 258 2765 362 2798; x_wconf 88' lang='lat' dir='ltr'>vellus</span> <span class='ocrx_word' id='word_1_295' title='bbox 378 2765 566 2806; x_wconf 87' lang='lat' dir='ltr'>abreptum,</span> <span class='ocrx_word' id='word_1_296' title='bbox 581 2765 709 2805; x_wconf 87' lang='lat' dir='ltr'>cognito</span> <span class='ocrx_word' id='word_1_297' title='bbox 722 2764 842 2796; x_wconf 88' lang='lat' dir='ltr'>ostium</span> <span class='ocrx_word' id='word_1_298' title='bbox 856 2764 951 2796; x_wconf 84' lang='lat' dir='ltr'>Ponti</span> <span class='ocrx_word' id='word_1_299' title='bbox 969 2764 1010 2796; x_wconf 89' lang='lat' dir='ltr'>ab</span> <span class='ocrx_word' id='word_1_300' title='bbox 1025 2766 1117 2796; x_wconf 83' lang='lat' dir='ltr'>AEeta</span> <span class='ocrx_word' id='word_1_301' title='bbox 1138 2774 1191 2796; x_wconf 87' lang='lat' dir='ltr'>na·</span> <span class='ocrx_word' id='word_1_302' title='bbox 1217 2775 1221 2835; x_wconf 73' lang='grc' dir='ltr'>Ι</span> 
     </span>
     <span class='ocr_line' id='line_1_46' title="bbox 171 2811 1191 2852; baseline 0 -10"><span class='ocrx_word' id='word_1_303' title='bbox 171 2811 267 2843; x_wconf 90' lang='lat' dir='ltr'>vibus</span> <span class='ocrx_word' id='word_1_304' title='bbox 290 2813 549 2852; x_wconf 81' lang='lat' dir='ltr'>praeoccupatum</span> <span class='ocrx_word' id='word_1_305' title='bbox 556 2820 637 2851; x_wconf 86' lang='lat' dir='ltr'>esse,</span> <span class='ocrx_word' id='word_1_306' title='bbox 652 2811 825 2843; x_wconf 85' lang='lat' dir='ltr'>mirificum</span> <span class='ocrx_word' id='word_1_307' title='bbox 835 2813 867 2843; x_wconf 87' lang='lat' dir='ltr'>et</span> <span class='ocrx_word' id='word_1_308' title='bbox 881 2811 1035 2843; x_wconf 88' lang='lat' dir='ltr'>memoria</span> <span class='ocrx_word' id='word_1_309' title='bbox 1057 2811 1191 2851; x_wconf 87' lang='lat' dir='ltr'>dignum</span> 
     </span>
     <span class='ocr_line' id='line_1_47' title="bbox 172 2857 1190 2899; baseline -0.002 -9"><span class='ocrx_word' id='word_1_310' title='bbox 172 2859 297 2890; x_wconf 81' lang='lat' dir='ltr'>facinus</span> <span class='ocrx_word' id='word_1_311' title='bbox 312 2858 462 2890; x_wconf 84' lang='lat' dir='ltr'>edidisse.</span> <span class='ocrx_word' id='word_1_312' title='bbox 490 2858 624 2890; x_wconf 85' lang='lat' dir='ltr'>Tanaim</span> <span class='ocrx_word' id='word_1_313' title='bbox 637 2858 724 2890; x_wconf 89' lang='lat' dir='ltr'>enim</span> <span class='ocrx_word' id='word_1_314' title='bbox 749 2858 909 2898; x_wconf 86' lang='lat' dir='ltr'>ingressos</span> <span class='ocrx_word' id='word_1_315' title='bbox 931 2857 969 2888; x_wconf 90' lang='lat' dir='ltr'>ad</span> <span class='ocrx_word' id='word_1_316' title='bbox 996 2857 1100 2889; x_wconf 66' lang='lat' dir='ltr'>sontes</span> <span class='ocrx_word' id='word_1_317' title='bbox 1122 2859 1190 2899; x_wconf 88' lang='lat' dir='ltr'>ejus</span> 
     </span>
     <span class='ocr_line' id='line_1_48' title="bbox 172 2903 1190 2946; baseline -0.001 -10"><span class='ocrx_word' id='word_1_318' title='bbox 172 2905 374 2936; x_wconf 87' lang='lat' dir='ltr'>adscensisse</span> <span class='ocrx_word' id='word_1_319' title='bbox 385 2928 394 2943; x_wconf 92' lang='lat'>,</span> <span class='ocrx_word' id='word_1_320' title='bbox 410 2903 550 2944; x_wconf 87' lang='lat' dir='ltr'>navique</span> <span class='ocrx_word' id='word_1_321' title='bbox 565 2913 620 2945; x_wconf 88' lang='lat' dir='ltr'>per</span> <span class='ocrx_word' id='word_1_322' title='bbox 634 2904 763 2946; x_wconf 88' lang='lat' dir='ltr'>aliquod</span> <span class='ocrx_word' id='word_1_323' title='bbox 783 2906 878 2936; x_wconf 85' lang='lat' dir='ltr'>terrae</span> <span class='ocrx_word' id='word_1_324' title='bbox 900 2903 1103 2936; x_wconf 82' lang='lat' dir='ltr'>intervallum</span> <span class='ocrx_word' id='word_1_325' title='bbox 1119 2913 1190 2944; x_wconf 87' lang='lat' dir='ltr'>pro-</span> 
     </span>
     <span class='ocr_line' id='line_1_49' title="bbox 174 2952 1191 2994; baseline 0 -10"><span class='ocrx_word' id='word_1_326' title='bbox 174 2956 275 2985; x_wconf 86' lang='lat' dir='ltr'>tracta</span> <span class='ocrx_word' id='word_1_327' title='bbox 287 2977 296 2993; x_wconf 94' lang='lat'>,</span> <span class='ocrx_word' id='word_1_328' title='bbox 313 2962 368 2994; x_wconf 89' lang='lat' dir='ltr'>per</span> <span class='ocrx_word' id='word_1_329' title='bbox 387 2953 475 2985; x_wconf 87' lang='lat' dir='ltr'>aliud</span> <span class='ocrx_word' id='word_1_330' title='bbox 494 2954 614 2985; x_wconf 84' lang='lat' dir='ltr'>flumen</span> <span class='ocrx_word' id='word_1_331' title='bbox 631 2953 666 2985; x_wconf 91' lang='lat' dir='ltr'>in</span> <span class='ocrx_word' id='word_1_332' title='bbox 681 2955 846 2986; x_wconf 88' lang='lat' dir='ltr'>Oceanum</span> <span class='ocrx_word' id='word_1_333' title='bbox 869 2961 939 2984; x_wconf 89' lang='lat' dir='ltr'>sese</span> <span class='ocrx_word' id='word_1_334' title='bbox 959 2952 1128 2984; x_wconf 78' lang='lat' dir='ltr'>effundens</span> <span class='ocrx_word' id='word_1_335' title='bbox 1150 2953 1191 2984; x_wconf 89' lang='lat' dir='ltr'>ad</span> 
     </span>
     <span class='ocr_line' id='line_1_50' title="bbox 174 2999 1190 3041; baseline 0 -11"><span class='ocrx_word' id='word_1_336' title='bbox 174 3008 261 3031; x_wconf 82' lang='lat' dir='ltr'>mare</span> <span class='ocrx_word' id='word_1_337' title='bbox 277 3000 443 3032; x_wconf 87' lang='lat' dir='ltr'>devenisse</span> <span class='ocrx_word' id='word_1_338' title='bbox 453 3025 462 3041; x_wconf 94' lang='lat'><strong><em>‚</em></strong></span> <span class='ocrx_word' id='word_1_339' title='bbox 477 3003 510 3033; x_wconf 86' lang='lat' dir='ltr'>et</span> <span class='ocrx_word' id='word_1_340' title='bbox 527 3002 599 3032; x_wconf 87' lang='lat' dir='ltr'>tum</span> <span class='ocrx_word' id='word_1_341' title='bbox 612 3009 631 3032; x_wconf 88' lang='lat' dir='ltr'>a</span> <span class='ocrx_word' id='word_1_342' title='bbox 656 3000 754 3032; x_wconf 87' lang='lat' dir='ltr'>borea</span> <span class='ocrx_word' id='word_1_343' title='bbox 767 3008 880 3031; x_wconf 85' lang='lat' dir='ltr'>versus</span> <span class='ocrx_word' id='word_1_344' title='bbox 896 3007 1046 3030; x_wconf 83' lang='lat' dir='ltr'>occasum</span> <span class='ocrx_word' id='word_1_345' title='bbox 1058 2999 1104 3031; x_wconf 82' lang='lat' dir='ltr'>ita</span> <span class='ocrx_word' id='word_1_346' title='bbox 1118 3008 1190 3031; x_wconf 90' lang='lat' dir='ltr'>cur-</span> 
     </span>
     <span class='ocr_line' id='line_1_51' title="bbox 173 3046 1189 3087; baseline 0 -10"><span class='ocrx_word' id='word_1_347' title='bbox 173 3055 248 3077; x_wconf 86' lang='lat' dir='ltr'>sum</span> <span class='ocrx_word' id='word_1_348' title='bbox 261 3047 405 3087; x_wconf 78' lang='lat' dir='ltr'>flexisse,</span> <span class='ocrx_word' id='word_1_349' title='bbox 419 3050 456 3079; x_wconf 92' lang='lat' dir='ltr'>ut</span> <span class='ocrx_word' id='word_1_350' title='bbox 471 3057 490 3079; x_wconf 88' lang='lat' dir='ltr'>a</span> <span class='ocrx_word' id='word_1_351' title='bbox 505 3048 637 3079; x_wconf 85' lang='lat' dir='ltr'>sinistra</span> <span class='ocrx_word' id='word_1_352' title='bbox 655 3047 872 3079; x_wconf 87' lang='lat' dir='ltr'>continentem</span> <span class='ocrx_word' id='word_1_353' title='bbox 891 3046 1061 3085; x_wconf 85' lang='lat' dir='ltr'>baberent,</span> <span class='ocrx_word' id='word_1_354' title='bbox 1075 3048 1108 3077; x_wconf 89' lang='lat' dir='ltr'>et</span> <span class='ocrx_word' id='word_1_355' title='bbox 1120 3047 1189 3078; x_wconf 81' lang='lat' dir='ltr'>tan-</span> 
     </span>
     <span class='ocr_line' id='line_1_52' title="bbox 174 3093 1191 3134; baseline 0.001 -11"><span class='ocrx_word' id='word_1_356' title='bbox 174 3093 246 3123; x_wconf 84' lang='lat' dir='ltr'>dem</span> <span class='ocrx_word' id='word_1_357' title='bbox 257 3093 348 3133; x_wconf 85' lang='lat' dir='ltr'>juxta</span> <span class='ocrx_word' id='word_1_358' title='bbox 360 3095 465 3127; x_wconf 86' lang='lat' dir='ltr'>Gades</span> <span class='ocrx_word' id='word_1_359' title='bbox 475 3095 506 3126; x_wconf 90' lang='lat' dir='ltr'>in</span> <span class='ocrx_word' id='word_1_360' title='bbox 519 3103 606 3126; x_wconf 86' lang='lat' dir='ltr'>mare</span> <span class='ocrx_word' id='word_1_361' title='bbox 618 3095 765 3126; x_wconf 82' lang='lat' dir='ltr'>nostrum</span> <span class='ocrx_word' id='word_1_362' title='bbox 781 3094 1017 3125; x_wconf 82' lang='lat' dir='ltr'>inveherentur.</span> <span class='ocrx_word' id='word_1_363' title='bbox 1027 3093 1115 3125; x_wconf 88' lang='lat' dir='ltr'>Adid</span> <span class='ocrx_word' id='word_1_364' title='bbox 1124 3102 1191 3134; x_wconf 91' lang='lat' dir='ltr'>pro-</span> 
     </span>
     <span class='ocr_line' id='line_1_53' title="bbox 175 3139 1190 3182; baseline 0.002 -12"><span class='ocrx_word' id='word_1_365' title='bbox 175 3139 317 3171; x_wconf 85' lang='lat' dir='ltr'>bandum</span> <span class='ocrx_word' id='word_1_366' title='bbox 345 3141 395 3172; x_wconf 74' lang='lat' dir='ltr'>liis</span> <span class='ocrx_word' id='word_1_367' title='bbox 423 3143 557 3173; x_wconf 86' lang='lat' dir='ltr'>utuntur</span> <span class='ocrx_word' id='word_1_368' title='bbox 583 3141 779 3182; x_wconf 85' lang='lat' dir='ltr'>argumentis</span> <span class='ocrx_word' id='word_1_369' title='bbox 803 3151 810 3172; x_wconf 90' lang='lat'>:</span> <span class='ocrx_word' id='word_1_370' title='bbox 835 3141 941 3181; x_wconf 88' lang='lat' dir='ltr'>primo</span> <span class='ocrx_word' id='word_1_371' title='bbox 965 3139 1052 3181; x_wconf 88' lang='lat' dir='ltr'>quod</span> <span class='ocrx_word' id='word_1_372' title='bbox 1088 3141 1190 3172; x_wconf 59' lang='lat' dir='ltr'>Celtae</span> 
     </span>
     <span class='ocr_line' id='line_1_54' title="bbox 175 3186 1187 3226; baseline 0.001 -10"><span class='ocrx_word' id='word_1_373' title='bbox 175 3186 293 3216; x_wconf 82' lang='lat' dir='ltr'>Oceani</span> <span class='ocrx_word' id='word_1_374' title='bbox 312 3187 428 3218; x_wconf 75' lang='lat' dir='ltr'>accolae</span> <span class='ocrx_word' id='word_1_375' title='bbox 440 3187 522 3218; x_wconf 89' lang='lat' dir='ltr'>inter</span> <span class='ocrx_word' id='word_1_376' title='bbox 537 3188 614 3219; x_wconf 90' lang='lat' dir='ltr'>deos</span> <span class='ocrx_word' id='word_1_377' title='bbox 630 3187 772 3219; x_wconf 86' lang='lat' dir='ltr'>maxime</span> <span class='ocrx_word' id='word_1_378' title='bbox 787 3187 962 3219; x_wconf 87' lang='lat' dir='ltr'>Dioscuros</span> <span class='ocrx_word' id='word_1_379' title='bbox 982 3188 1187 3226; x_wconf 87' lang='lat' dir='ltr'>venerentur;</span> 
     </span>
     <span class='ocr_line' id='line_1_55' title="bbox 176 3231 1191 3274; baseline 0.004 -13"><span class='ocrx_word' id='word_1_380' title='bbox 176 3231 260 3271; x_wconf 88' lang='lat' dir='ltr'>apud</span> <span class='ocrx_word' id='word_1_381' title='bbox 282 3240 363 3271; x_wconf 82' lang='lat' dir='ltr'>quos</span> <span class='ocrx_word' id='word_1_382' title='bbox 376 3241 394 3263; x_wconf 92' lang='lat' dir='ltr'>a</span> <span class='ocrx_word' id='word_1_383' title='bbox 410 3233 523 3272; x_wconf 84' lang='lat' dir='ltr'>priscis</span> <span class='ocrx_word' id='word_1_384' title='bbox 537 3234 613 3265; x_wconf 87' lang='lat' dir='ltr'>inde</span> <span class='ocrx_word' id='word_1_385' title='bbox 625 3234 825 3274; x_wconf 81' lang='lat' dir='ltr'>temporibus</span> <span class='ocrx_word' id='word_1_386' title='bbox 838 3234 1002 3272; x_wconf 87' lang='lat' dir='ltr'>traditum,</span> <span class='ocrx_word' id='word_1_387' title='bbox 1013 3242 1053 3265; x_wconf 87' lang='lat' dir='ltr'>ex</span> <span class='ocrx_word' id='word_1_388' title='bbox 1063 3236 1191 3265; x_wconf 84' lang='lat' dir='ltr'>Oceano</span> 
     </span>
     <span class='ocr_line' id='line_1_56' title="bbox 175 3277 1191 3321; baseline 0.004 -13"><span class='ocrx_word' id='word_1_389' title='bbox 175 3277 252 3309; x_wconf 86' lang='lat' dir='ltr'>deos</span> <span class='ocrx_word' id='word_1_390' title='bbox 269 3278 364 3309; x_wconf 86' lang='lat' dir='ltr'>hosce</span> <span class='ocrx_word' id='word_1_391' title='bbox 380 3280 542 3318; x_wconf 86' lang='lat' dir='ltr'>quondam</span> <span class='ocrx_word' id='word_1_392' title='bbox 557 3281 598 3312; x_wconf 87' lang='lat' dir='ltr'>ad</span> <span class='ocrx_word' id='word_1_393' title='bbox 617 3281 703 3320; x_wconf 87' lang='lat' dir='ltr'>ipsos</span> <span class='ocrx_word' id='word_1_394' title='bbox 718 3280 840 3313; x_wconf 89' lang='lat' dir='ltr'>delatos</span> <span class='ocrx_word' id='word_1_395' title='bbox 857 3290 938 3313; x_wconf 87' lang='lat' dir='ltr'>esse.</span> <span class='ocrx_word' id='word_1_396' title='bbox 956 3283 1038 3312; x_wconf 89' lang='lat' dir='ltr'>Tum</span> <span class='ocrx_word' id='word_1_397' title='bbox 1057 3280 1143 3321; x_wconf 86' lang='lat' dir='ltr'>quod</span> <span class='ocrx_word' id='word_1_398' title='bbox 1158 3281 1191 3312; x_wconf 90' lang='lat' dir='ltr'>in</span> 
     </span>
     <span class='ocr_line' id='line_1_57' title="bbox 177 3324 1192 3367; baseline 0.004 -12"><span class='ocrx_word' id='word_1_399' title='bbox 177 3324 359 3365; x_wconf 83' lang='lat' dir='ltr'>regionibus</span> <span class='ocrx_word' id='word_1_400' title='bbox 375 3328 501 3357; x_wconf 83' lang='lat' dir='ltr'>Oceano</span> <span class='ocrx_word' id='word_1_401' title='bbox 521 3327 720 3367; x_wconf 85' lang='lat' dir='ltr'>propinquis,</span> <span class='ocrx_word' id='word_1_402' title='bbox 740 3337 805 3359; x_wconf 90' lang='lat' dir='ltr'>non</span> <span class='ocrx_word' id='word_1_403' title='bbox 819 3337 929 3367; x_wconf 85' lang='lat' dir='ltr'>paucae</span> <span class='ocrx_word' id='word_1_404' title='bbox 945 3328 985 3359; x_wconf 89' lang='lat' dir='ltr'>ab</span> <span class='ocrx_word' id='word_1_405' title='bbox 1000 3329 1192 3367; x_wconf 81' lang='lat' dir='ltr'>Argonautis</span> 
     </span>
     <span class='ocr_line' id='line_1_58' title="bbox 177 3371 1222 3415; baseline 0.003 -12"><span class='ocrx_word' id='word_1_406' title='bbox 177 3374 209 3403; x_wconf 86' lang='lat' dir='ltr'>et</span> <span class='ocrx_word' id='word_1_407' title='bbox 221 3371 385 3404; x_wconf 81' lang='lat' dir='ltr'>Dioscuris</span> <span class='ocrx_word' id='word_1_408' title='bbox 401 3373 628 3413; x_wconf 73' lang='lat' dir='ltr'>appellationes</span> <span class='ocrx_word' id='word_1_409' title='bbox 642 3374 746 3405; x_wconf 84' lang='lat' dir='ltr'>adbuc</span> <span class='ocrx_word' id='word_1_410' title='bbox 762 3375 825 3406; x_wconf 89' lang='lat' dir='ltr'>sint</span> <span class='ocrx_word' id='word_1_411' title='bbox 836 3375 976 3415; x_wconf 87' lang='lat' dir='ltr'>reliquae.</span> <span class='ocrx_word' id='word_1_412' title='bbox 991 3377 1090 3407; x_wconf 86' lang='lat' dir='ltr'>Porro</span> <span class='ocrx_word' id='word_1_413' title='bbox 1105 3374 1192 3415; x_wconf 87' lang='lat' dir='ltr'>quod</span> <span class='ocrx_word' id='word_1_414' title='bbox 1218 3389 1222 3399; x_wconf 86' lang='lat'>=</span> 
     </span>
    </p>
   </div>
   <div class='ocr_carea' id='block_1_8' title="bbox 1250 2755 2267 2843">
    <p class='ocr_par' dir='ltr' id='par_1_14' title="bbox 1250 2740 2303 2843">
     <span class='ocr_line' id='line_1_59' title="bbox 1250 2755 2267 2797; baseline 0.001 -10"><span class='ocrx_word' id='word_1_415' title='bbox 1250 2758 1366 2795; x_wconf 85' lang='lat' dir='ltr'>AEetae,</span> <span class='ocrx_word' id='word_1_416' title='bbox 1382 2757 1439 2797; x_wconf 92' lang='lat' dir='ltr'>qui</span> <span class='ocrx_word' id='word_1_417' title='bbox 1451 2765 1538 2788; x_wconf 89' lang='lat' dir='ltr'>nunc</span> <span class='ocrx_word' id='word_1_418' title='bbox 1550 2757 1659 2788; x_wconf 82' lang='lat' dir='ltr'>Caieta</span> <span class='ocrx_word' id='word_1_419' title='bbox 1670 2758 1735 2795; x_wconf 90' lang='lat' dir='ltr'>est,</span> <span class='ocrx_word' id='word_1_420' title='bbox 1753 2756 1940 2788; x_wconf 83' lang='lat' dir='ltr'>indiderint.</span> <span class='ocrx_word' id='word_1_421' title='bbox 1959 2756 2019 2788; x_wconf 85' lang='lat' dir='ltr'>His</span> <span class='ocrx_word' id='word_1_422' title='bbox 2033 2755 2176 2795; x_wconf 81' lang='lat' dir='ltr'>addunt,</span> <span class='ocrx_word' id='word_1_423' title='bbox 2199 2762 2238 2797; x_wconf 76' lang='lat' dir='ltr'>pt</span> <span class='ocrx_word' id='word_1_424' title='bbox 2263 2793 2267 2796; x_wconf 42' lang='grc'>,</span> 
     </span>
     <span class='ocr_line' id='line_1_60' title="bbox 1250 2802 2172 2843; baseline 0.002 -10"><span class='ocrx_word' id='word_1_425' title='bbox 1250 2802 1403 2833; x_wconf 83' lang='lat' dir='ltr'>cellarum</span> <span class='ocrx_word' id='word_1_426' title='bbox 1419 2803 1452 2833; x_wconf 85' lang='lat' dir='ltr'>vi</span> <span class='ocrx_word' id='word_1_427' title='bbox 1474 2802 1513 2834; x_wconf 85' lang='lat' dir='ltr'>ad</span> <span class='ocrx_word' id='word_1_428' title='bbox 1530 2804 1639 2843; x_wconf 85' lang='lat' dir='ltr'>Syrtes</span> <span class='ocrx_word' id='word_1_429' title='bbox 1655 2803 1806 2843; x_wconf 86' lang='lat' dir='ltr'>abreptos</span> <span class='ocrx_word' id='word_1_430' title='bbox 1820 2826 1829 2842; x_wconf 91' lang='lat'>‚</span> <span class='ocrx_word' id='word_1_431' title='bbox 1849 2811 1868 2834; x_wconf 87' lang='lat' dir='ltr'>a</span> <span class='ocrx_word' id='word_1_432' title='bbox 1889 2803 2018 2835; x_wconf 81' lang='lat' dir='ltr'>Tritone</span> <span class='ocrx_word' id='word_1_433' title='bbox 2031 2826 2041 2842; x_wconf 91' lang='lat'><strong><em>,</em></strong></span> <span class='ocrx_word' id='word_1_434' title='bbox 2061 2802 2172 2843; x_wconf 75' lang='lat' dir='ltr'>Libyae</span> 
     </span>
    </p>
   </div>
   <div class='ocr_carea' id='block_1_9' title="bbox 1250 2941 2293 3029">
    <p class='ocr_par' dir='ltr' id='par_1_15' title="bbox 1250 2941 2293 3029">
     <span class='ocr_line' id='line_1_61' title="bbox 1250 2941 2293 2982; baseline 0.001 -9"><span class='ocrx_word' id='word_1_435' title='bbox 1250 2941 1409 2978; x_wconf 80' lang='lat' dir='ltr'>donarint‚</span> <span class='ocrx_word' id='word_1_436' title='bbox 1432 2942 1487 2982; x_wconf 91' lang='lat' dir='ltr'>qui</span> <span class='ocrx_word' id='word_1_437' title='bbox 1510 2941 1623 2982; x_wconf 81' lang='lat' dir='ltr'>priscis</span> <span class='ocrx_word' id='word_1_438' title='bbox 1651 2942 1826 2982; x_wconf 88' lang='lat' dir='ltr'>inscriptus</span> <span class='ocrx_word' id='word_1_439' title='bbox 1868 2941 1969 2974; x_wconf 89' lang='lat' dir='ltr'>literis</span> <span class='ocrx_word' id='word_1_440' title='bbox 1990 2950 2055 2974; x_wconf 86' lang='lat' dir='ltr'>non</span> <span class='ocrx_word' id='word_1_441' title='bbox 2074 2941 2120 2974; x_wconf 87' lang='lat' dir='ltr'>ita</span> <span class='ocrx_word' id='word_1_442' title='bbox 2146 2941 2246 2982; x_wconf 85' lang='lat' dir='ltr'>pri</span> <span class='ocrx_word' id='word_1_443' title='bbox 2291 2960 2293 2964; x_wconf 86' lang='lat'><em>·</em></span> 
     </span>
     <span class='ocr_line' id='line_1_62' title="bbox 1251 2987 1883 3029; baseline -0.003 -9"><span class='ocrx_word' id='word_1_444' title='bbox 1251 2988 1336 3029; x_wconf 89' lang='lat' dir='ltr'>apud</span> <span class='ocrx_word' id='word_1_445' title='bbox 1354 2987 1582 3028; x_wconf 82' lang='lat' dir='ltr'>Euhesperitas</span> <span class='ocrx_word' id='word_1_446' title='bbox 1597 2991 1761 3028; x_wconf 84' lang='lat' dir='ltr'>superstes</span> <span class='ocrx_word' id='word_1_447' title='bbox 1776 2987 1883 3020; x_wconf 85' lang='lat' dir='ltr'>fuerit.</span> 
     </span>
    </p>
   </div>
   <div class='ocr_carea' id='block_1_10' title="bbox 955 185 1478 228">
    <p class='ocr_par' dir='ltr' id='par_1_16' title="bbox 955 185 1478 228">
     <span class='ocr_line' id='line_1_63' title="bbox 955 185 1478 228; baseline 0.008 -4"><span class='ocrx_word' id='word_1_448' title='bbox 955 185 1121 224; x_wconf 89' lang='lat' dir='ltr'><strong>TIMAEI</strong></span> <span class='ocrx_word' id='word_1_449' title='bbox 1149 185 1478 228; x_wconf 83' lang='lat' dir='ltr'><strong>FRAGMENTA.</strong></span> 
     </span>
    </p>
   </div>
   <div class='ocr_carea' id='block_1_11' title="bbox 1247 271 2267 680">
    <p class='ocr_par' dir='ltr' id='par_1_17' title="bbox 1247 271 2267 680">
     <span class='ocr_line' id='line_1_64' title="bbox 1247 271 2263 329; baseline 0.005 -19"><span class='ocrx_word' id='word_1_450' title='bbox 1247 271 1380 324; x_wconf 90' lang='grc' dir='ltr'>χρόνων</span> <span class='ocrx_word' id='word_1_451' title='bbox 1398 273 1460 321; x_wconf 82' lang='grc' dir='ltr'>τὴν</span> <span class='ocrx_word' id='word_1_452' title='bbox 1471 274 1602 312; x_wconf 83' lang='grc' dir='ltr'>τούτων</span> <span class='ocrx_word' id='word_1_453' title='bbox 1616 276 1684 312; x_wconf 82' lang='grc' dir='ltr'>τῶν</span> <span class='ocrx_word' id='word_1_454' title='bbox 1700 277 1785 313; x_wconf 84' lang='grc' dir='ltr'>θεῶν</span> <span class='ocrx_word' id='word_1_455' title='bbox 1805 274 1996 329; x_wconf 88' lang='grc' dir='ltr'>παρουσίαν</span> <span class='ocrx_word' id='word_1_456' title='bbox 2007 276 2046 313; x_wconf 86' lang='grc' dir='ltr'>ἐκ</span> <span class='ocrx_word' id='word_1_457' title='bbox 2058 279 2117 314; x_wconf 80' lang='grc' dir='ltr'>τοῦ</span> <span class='ocrx_word' id='word_1_458' title='bbox 2135 275 2263 316; x_wconf 75' lang='grc' dir='ltr'>Ὠκεα·</span> 
     </span>
     <span class='ocr_line' id='line_1_65' title="bbox 1248 331 2265 391; baseline 0.004 -19"><span class='ocrx_word' id='word_1_459' title='bbox 1248 340 1306 374; x_wconf 84' lang='grc' dir='ltr'>νοῦ</span> <span class='ocrx_word' id='word_1_460' title='bbox 1323 337 1568 388; x_wconf 83' lang='grc' dir='ltr'>γεγενημένην.</span> <span class='ocrx_word' id='word_1_461' title='bbox 1590 331 1691 376; x_wconf 68' lang='grc' dir='ltr'>Εἶναι</span> <span class='ocrx_word' id='word_1_462' title='bbox 1704 337 1739 375; x_wconf 83' lang='grc' dir='ltr'>δὲ</span> <span class='ocrx_word' id='word_1_463' title='bbox 1753 337 1812 375; x_wconf 81' lang='grc' dir='ltr'>καὶ</span> <span class='ocrx_word' id='word_1_464' title='bbox 1832 337 1894 385; x_wconf 83' lang='grc' dir='ltr'>τὴν</span> <span class='ocrx_word' id='word_1_465' title='bbox 1911 337 2008 391; x_wconf 79' lang='grc' dir='ltr'>παρὰ</span> <span class='ocrx_word' id='word_1_466' title='bbox 2021 338 2078 377; x_wconf 84' lang='grc' dir='ltr'>τὸν</span> <span class='ocrx_word' id='word_1_467' title='bbox 2095 338 2265 378; x_wconf 85' lang='grc' dir='ltr'>Ὠκεανὸν</span> 
     </span>
     <span class='ocr_line' id='line_1_66' title="bbox 1248 391 2265 449; baseline 0.002 -17"><span class='ocrx_word' id='word_1_468' title='bbox 1248 391 1367 447; x_wconf 82' lang='grc' dir='ltr'>χώραν</span> <span class='ocrx_word' id='word_1_469' title='bbox 1386 395 1450 433; x_wconf 80' lang='grc' dir='ltr'>οὐκ</span> <span class='ocrx_word' id='word_1_470' title='bbox 1478 395 1595 446; x_wconf 84' lang='grc' dir='ltr'>ὀλίγας</span> <span class='ocrx_word' id='word_1_471' title='bbox 1623 394 1772 448; x_wconf 85' lang='grc' dir='ltr'>ἔχουσαν</span> <span class='ocrx_word' id='word_1_472' title='bbox 1796 396 2030 449; x_wconf 87' lang='grc' dir='ltr'>προσηγορίας</span> <span class='ocrx_word' id='word_1_473' title='bbox 2049 395 2118 434; x_wconf 83' lang='grc' dir='ltr'>ἀπό</span> <span class='ocrx_word' id='word_1_474' title='bbox 2139 411 2178 434; x_wconf 86' lang='grc' dir='ltr'>τε</span> <span class='ocrx_word' id='word_1_475' title='bbox 2197 397 2265 434; x_wconf 80' lang='grc' dir='ltr'>τῶν</span> 
     </span>
     <span class='ocr_line' id='line_1_67' title="bbox 1249 450 2266 507; baseline 0.002 -16"><span class='ocrx_word' id='word_1_476' title='bbox 1249 450 1484 505; x_wconf 73' lang='grc' dir='ltr'>Ἀργοναυτῶν</span> <span class='ocrx_word' id='word_1_477' title='bbox 1511 453 1571 493; x_wconf 75' lang='grc' dir='ltr'>καὶ</span> <span class='ocrx_word' id='word_1_478' title='bbox 1597 456 1665 492; x_wconf 83' lang='grc' dir='ltr'>τῶν</span> <span class='ocrx_word' id='word_1_479' title='bbox 1692 453 1926 506; x_wconf 87' lang='grc' dir='ltr'>Διοσκούρων.</span> <span class='ocrx_word' id='word_1_480' title='bbox 1951 453 2214 507; x_wconf 87' lang='grc' dir='ltr'>Παραπλησίως</span> <span class='ocrx_word' id='word_1_481' title='bbox 2230 453 2266 493; x_wconf 82' lang='grc' dir='ltr'>δὲ</span> 
     </span>
     <span class='ocr_line' id='line_1_68' title="bbox 1249 508 2267 565; baseline 0.002 -17"><span class='ocrx_word' id='word_1_482' title='bbox 1249 508 1308 548; x_wconf 84' lang='grc' dir='ltr'>καὶ</span> <span class='ocrx_word' id='word_1_483' title='bbox 1324 509 1386 557; x_wconf 82' lang='grc' dir='ltr'>τὴν</span> <span class='ocrx_word' id='word_1_484' title='bbox 1407 510 1500 554; x_wconf 81' lang='grc' dir='ltr'>ἐντὸς</span> <span class='ocrx_word' id='word_1_485' title='bbox 1515 511 1690 565; x_wconf 86' lang='grc' dir='ltr'>Γαδείρων</span> <span class='ocrx_word' id='word_1_486' title='bbox 1713 512 1855 564; x_wconf 84' lang='grc' dir='ltr'>ἤπειρον</span> <span class='ocrx_word' id='word_1_487' title='bbox 1875 511 1966 564; x_wconf 83' lang='grc' dir='ltr'>ἔχειν</span> <span class='ocrx_word' id='word_1_488' title='bbox 1981 513 2117 564; x_wconf 80' lang='grc' dir='ltr'>ἐμφανῆ</span> <span class='ocrx_word' id='word_1_489' title='bbox 2138 518 2267 563; x_wconf 88' lang='grc' dir='ltr'>σημεῖα</span> 
     </span>
     <span class='ocr_line' id='line_1_69' title="bbox 1248 569 2267 624; baseline 0.002 -18"><span class='ocrx_word' id='word_1_490' title='bbox 1248 571 1310 615; x_wconf 82' lang='grc' dir='ltr'>τ’ῆς</span> <span class='ocrx_word' id='word_1_491' title='bbox 1327 569 1455 608; x_wconf 90' lang='grc' dir='ltr'>τούτων</span> <span class='ocrx_word' id='word_1_492' title='bbox 1477 571 1702 622; x_wconf 71' lang='grc' dir='ltr'>ἀνακομιδῆς.</span> <span class='ocrx_word' id='word_1_493' title='bbox 1721 571 1809 623; x_wconf 82' lang='grc' dir='ltr'>Περὶ</span> <span class='ocrx_word' id='word_1_494' title='bbox 1827 570 1889 622; x_wconf 83' lang='grc' dir='ltr'>μὲν</span> <span class='ocrx_word' id='word_1_495' title='bbox 1902 570 1968 624; x_wconf 84' lang='grc' dir='ltr'>γὰρ</span> <span class='ocrx_word' id='word_1_496' title='bbox 1987 570 2049 618; x_wconf 79' lang='grc' dir='ltr'>τὴν</span> <span class='ocrx_word' id='word_1_497' title='bbox 2069 570 2267 624; x_wconf 72' lang='grc' dir='ltr'>Τυρρηνίαν</span> 
     </span>
     <span class='ocr_line' id='line_1_70' title="bbox 1250 627 2267 680; baseline 0.002 -16"><span class='ocrx_word' id='word_1_498' title='bbox 1250 627 1558 672; x_wconf 87' lang='grc' dir='ltr'>καταπλεύσαντας</span> <span class='ocrx_word' id='word_1_499' title='bbox 1577 628 1699 672; x_wconf 77' lang='grc' dir='ltr'>αὐτοὺς</span> <span class='ocrx_word' id='word_1_500' title='bbox 1726 630 1771 671; x_wconf 86' lang='grc' dir='ltr'>εἷς</span> <span class='ocrx_word' id='word_1_501' title='bbox 1806 632 1910 675; x_wconf 81' lang='grc' dir='ltr'>νῆσον</span> <span class='ocrx_word' id='word_1_502' title='bbox 1929 628 1991 675; x_wconf 80' lang='grc' dir='ltr'>τὴν</span> <span class='ocrx_word' id='word_1_503' title='bbox 2012 627 2267 680; x_wconf 70' lang='grc' dir='ltr'>ὀνομαζομένην</span> 
     </span>
    </p>
   </div>
   <div class='ocr_carea' id='block_1_12' title="bbox 1250 685 2320 857">
    <p class='ocr_par' dir='ltr' id='par_1_18' title="bbox 1250 685 2320 858">
     <span class='ocr_line' id='line_1_71' title="bbox 1250 685 2320 739; baseline 0.002 -15"><span class='ocrx_word' id='word_1_504' title='bbox 1250 686 1432 734; x_wconf 89' lang='grc' dir='ltr'>Αἷθαλίαν,</span> <span class='ocrx_word' id='word_1_505' title='bbox 1451 686 1508 725; x_wconf 83' lang='grc' dir='ltr'>τὸν</span> <span class='ocrx_word' id='word_1_506' title='bbox 1525 688 1560 725; x_wconf 82' lang='grc' dir='ltr'>ἐν</span> <span class='ocrx_word' id='word_1_507' title='bbox 1578 689 1666 739; x_wconf 78' lang='grc' dir='ltr'>αὐτῇ</span> <span class='ocrx_word' id='word_1_508' title='bbox 1684 686 1830 738; x_wconf 84' lang='grc' dir='ltr'>λιμένα,</span> <span class='ocrx_word' id='word_1_509' title='bbox 1845 686 2028 725; x_wconf 87' lang='grc' dir='ltr'>κάλλιστον</span> <span class='ocrx_word' id='word_1_510' title='bbox 2043 685 2126 725; x_wconf 78' lang='grc' dir='ltr'>ὄντα</span> <span class='ocrx_word' id='word_1_511' title='bbox 2144 689 2213 725; x_wconf 85' lang='grc' dir='ltr'>τῶν</span> <span class='ocrx_word' id='word_1_512' title='bbox 2231 687 2275 726; x_wconf 75' lang='grc' dir='ltr'>ἐν,</span> <span class='ocrx_word' id='word_1_513' title='bbox 2317 686 2320 715; x_wconf 70' lang='grc' dir='ltr'>ἶ</span> 
     </span>
     <span class='ocr_line' id='line_1_72' title="bbox 1250 742 2320 798; baseline 0.003 -18"><span class='ocrx_word' id='word_1_514' title='bbox 1250 742 1392 790; x_wconf 83' lang='grc' dir='ltr'>ἐκείνοις</span> <span class='ocrx_word' id='word_1_515' title='bbox 1409 750 1480 788; x_wconf 88' lang='grc' dir='ltr'>τοῖς</span> <span class='ocrx_word' id='word_1_516' title='bbox 1497 744 1633 793; x_wconf 85' lang='grc' dir='ltr'>τόποις,</span> <span class='ocrx_word' id='word_1_517' title='bbox 1656 745 1804 798; x_wconf 82' lang='grc' dir='ltr'>Ἀργῷον</span> <span class='ocrx_word' id='word_1_518' title='bbox 1823 745 1892 783; x_wconf 82' lang='grc' dir='ltr'>ἀπὸ</span> <span class='ocrx_word' id='word_1_519' title='bbox 1908 748 1970 792; x_wconf 76' lang='grc' dir='ltr'>τῆς</span> <span class='ocrx_word' id='word_1_520' title='bbox 1987 743 2071 789; x_wconf 83' lang='grc' dir='ltr'>νεὼς</span> <span class='ocrx_word' id='word_1_521' title='bbox 2090 759 2270 798; x_wconf 78' lang='grc' dir='ltr'>προσαγο·</span> <span class='ocrx_word' id='word_1_522' title='bbox 2316 791 2320 793; x_wconf 37' lang='grc'>-</span> 
     </span>
     <span class='ocr_line' id='line_1_73' title="bbox 1251 802 2269 857; baseline 0.004 -19"><span class='ocrx_word' id='word_1_523' title='bbox 1251 804 1389 854; x_wconf 89' lang='grc' dir='ltr'>ρεῦσαι,</span> <span class='ocrx_word' id='word_1_524' title='bbox 1403 803 1462 840; x_wconf 82' lang='grc' dir='ltr'>καὶ</span> <span class='ocrx_word' id='word_1_525' title='bbox 1485 802 1588 857; x_wconf 83' lang='grc' dir='ltr'>μέχρι</span> <span class='ocrx_word' id='word_1_526' title='bbox 1606 804 1713 841; x_wconf 85' lang='grc' dir='ltr'>τῶνδε</span> <span class='ocrx_word' id='word_1_527' title='bbox 1728 806 1796 842; x_wconf 81' lang='grc' dir='ltr'>τῶν</span> <span class='ocrx_word' id='word_1_528' title='bbox 1814 802 1948 857; x_wconf 88' lang='grc' dir='ltr'>χρόνων</span> <span class='ocrx_word' id='word_1_529' title='bbox 1969 802 2143 855; x_wconf 88' lang='grc' dir='ltr'>διαμένειν</span> <span class='ocrx_word' id='word_1_530' title='bbox 2163 805 2269 842; x_wconf 80' lang='grc' dir='ltr'>αὐτοῦ</span> 
     </span>
    </p>
   </div>
   <div class='ocr_carea' id='block_1_13' title="bbox 1249 858 2308 915">
    <p class='ocr_par' dir='ltr' id='par_1_19' title="bbox 1249 858 2308 915">
     <span class='ocr_line' id='line_1_74' title="bbox 1249 858 2308 915; baseline 0.004 -19"><span class='ocrx_word' id='word_1_531' title='bbox 1249 858 1312 906; x_wconf 84' lang='grc' dir='ltr'>τὴν</span> <span class='ocrx_word' id='word_1_532' title='bbox 1329 861 1577 914; x_wconf 86' lang='grc' dir='ltr'>προσηγορίαν.</span> <span class='ocrx_word' id='word_1_533' title='bbox 1605 862 1874 915; x_wconf 86' lang='grc' dir='ltr'>Παραπλησίως</span> <span class='ocrx_word' id='word_1_534' title='bbox 1903 861 1938 899; x_wconf 79' lang='grc' dir='ltr'>δὲ</span> <span class='ocrx_word' id='word_1_535' title='bbox 1964 867 2035 906; x_wconf 89' lang='grc' dir='ltr'>τοῖς</span> <span class='ocrx_word' id='word_1_536' title='bbox 2054 859 2268 915; x_wconf 74' lang='grc' dir='ltr'>εἰρημένοις,</span> <span class='ocrx_word' id='word_1_537' title='bbox 2306 871 2308 874; x_wconf 89' lang='grc'><strong>“</strong></span> 
     </span>
    </p>
   </div>
   <div class='ocr_carea' id='block_1_14' title="bbox 1250 917 2320 973">
    <p class='ocr_par' dir='ltr' id='par_1_20' title="bbox 1250 917 2320 973">
     <span class='ocr_line' id='line_1_75' title="bbox 1250 917 2320 973; baseline 0.003 -18"><span class='ocrx_word' id='word_1_538' title='bbox 1250 917 1341 956; x_wconf 82' lang='grc' dir='ltr'>κατὰ</span> <span class='ocrx_word' id='word_1_539' title='bbox 1361 917 1423 969; x_wconf 86' lang='grc' dir='ltr'>μὲν</span> <span class='ocrx_word' id='word_1_540' title='bbox 1448 918 1511 967; x_wconf 85' lang='grc' dir='ltr'>τὴν</span> <span class='ocrx_word' id='word_1_541' title='bbox 1547 920 1747 973; x_wconf 80' lang='grc' dir='ltr'>Τυῤῥηνίαν</span> <span class='ocrx_word' id='word_1_542' title='bbox 1775 920 1844 958; x_wconf 79' lang='grc' dir='ltr'>ἀπὸ</span> <span class='ocrx_word' id='word_1_543' title='bbox 1873 920 2023 958; x_wconf 86' lang='grc' dir='ltr'>σταδίων</span> <span class='ocrx_word' id='word_1_544' title='bbox 2058 917 2270 959; x_wconf 82' lang='grc' dir='ltr'>ὀκτακοσίων</span> <span class='ocrx_word' id='word_1_545' title='bbox 2312 926 2320 970; x_wconf 13' lang='grc' dir='ltr'>γ’,</span> 
     </span>
    </p>
   </div>
   <div class='ocr_carea' id='block_1_15' title="bbox 1250 975 2270 1029">
    <p class='ocr_par' dir='ltr' id='par_1_21' title="bbox 1250 975 2270 1029">
     <span class='ocr_line' id='line_1_76' title="bbox 1250 975 2270 1029; baseline 0.002 -14"><span class='ocrx_word' id='word_1_546' title='bbox 1250 979 1311 1022; x_wconf 73' lang='grc' dir='ltr'>τῆς</span> <span class='ocrx_word' id='word_1_547' title='bbox 1338 975 1483 1028; x_wconf 81' lang='grc' dir='ltr'>Ῥώμης</span> <span class='ocrx_word' id='word_1_548' title='bbox 1515 978 1687 1028; x_wconf 86' lang='grc' dir='ltr'>ὀνομάσαι</span> <span class='ocrx_word' id='word_1_549' title='bbox 1725 977 1852 1029; x_wconf 84' lang='grc' dir='ltr'>λιμένα</span> <span class='ocrx_word' id='word_1_550' title='bbox 1875 980 2096 1029; x_wconf 74' lang='grc' dir='ltr'>Τελαμῶνα’</span> <span class='ocrx_word' id='word_1_551' title='bbox 2120 977 2211 1016; x_wconf 77' lang='grc' dir='ltr'>κατὰ</span> <span class='ocrx_word' id='word_1_552' title='bbox 2235 977 2270 1017; x_wconf 72' lang='grc' dir='ltr'>δὲ</span> 
     </span>
    </p>
   </div>
   <div class='ocr_carea' id='block_1_16' title="bbox 2308 975 2320 1014">
    <p class='ocr_par' dir='ltr' id='par_1_22' title="bbox 2308 975 2320 1014">
     <span class='ocr_line' id='line_1_77' title="bbox 2308 975 2320 1014; baseline 0 0"><span class='ocrx_word' id='word_1_553' title='bbox 2308 975 2320 1014; x_wconf 67' lang='lat' dir='ltr'>‘s&#39;</span> 
     </span>
    </p>
   </div>
   <div class='ocr_carea' id='block_1_17' title="bbox 1251 1034 2320 1147">
    <p class='ocr_par' dir='ltr' id='par_1_23' title="bbox 1251 1034 2320 1147">
     <span class='ocr_line' id='line_1_78' title="bbox 1251 1034 2268 1088; baseline 0.001 -15"><span class='ocrx_word' id='word_1_554' title='bbox 1251 1034 1412 1087; x_wconf 86' lang='grc' dir='ltr'>Φορμίας</span> <span class='ocrx_word' id='word_1_555' title='bbox 1427 1038 1490 1082; x_wconf 72' lang='grc' dir='ltr'>τῆς</span> <span class='ocrx_word' id='word_1_556' title='bbox 1506 1036 1658 1081; x_wconf 87' lang='grc' dir='ltr'>Ἰταλίας</span> <span class='ocrx_word' id='word_1_557' title='bbox 1678 1036 1895 1084; x_wconf 82' lang='grc' dir='ltr'>Αἶήτην,τὸν</span> <span class='ocrx_word' id='word_1_558' title='bbox 1915 1040 1971 1074; x_wconf 83' lang='grc' dir='ltr'>νῦν</span> <span class='ocrx_word' id='word_1_559' title='bbox 1987 1035 2148 1083; x_wconf 88' lang='grc' dir='ltr'>Καιήτην</span> <span class='ocrx_word' id='word_1_560' title='bbox 2164 1050 2268 1088; x_wconf 89' lang='grc' dir='ltr'>προσ-</span> 
     </span>
     <span class='ocr_line' id='line_1_79' title="bbox 1254 1092 2320 1147; baseline 0.003 -17"><span class='ocrx_word' id='word_1_561' title='bbox 1254 1092 1517 1146; x_wconf 88' lang='grc' dir='ltr'>αγορευόμενον.</span> <span class='ocrx_word' id='word_1_562' title='bbox 1549 1093 1644 1147; x_wconf 84' lang='grc' dir='ltr'>Πρὸς</span> <span class='ocrx_word' id='word_1_563' title='bbox 1681 1093 1718 1132; x_wconf 84' lang='grc' dir='ltr'>δὲ</span> <span class='ocrx_word' id='word_1_564' title='bbox 1737 1094 1869 1139; x_wconf 88' lang='grc' dir='ltr'>τούτοις</span> <span class='ocrx_word' id='word_1_565' title='bbox 1903 1094 1960 1132; x_wconf 78' lang='grc' dir='ltr'>ὑπ’</span> <span class='ocrx_word' id='word_1_566' title='bbox 1994 1093 2130 1146; x_wconf 84' lang='grc' dir='ltr'>ἀνέμων</span> <span class='ocrx_word' id='word_1_567' title='bbox 2150 1092 2270 1136; x_wconf 70' lang='grc' dir='ltr'>αὐτοὺς</span> <span class='ocrx_word' id='word_1_568' title='bbox 2316 1116 2320 1129; x_wconf 69' lang='lat'><em>=</em></span> 
     </span>
    </p>
   </div>
   <div class='ocr_carea' id='block_1_18' title="bbox 1252 1150 2306 1206">
    <p class='ocr_par' dir='ltr' id='par_1_24' title="bbox 1252 1150 2306 1206">
     <span class='ocr_line' id='line_1_80' title="bbox 1252 1150 2306 1206; baseline 0.002 -17"><span class='ocrx_word' id='word_1_569' title='bbox 1252 1150 1452 1204; x_wconf 77' lang='grc' dir='ltr'>ἐκριφέντας</span> <span class='ocrx_word' id='word_1_570' title='bbox 1471 1154 1518 1196; x_wconf 85' lang='grc' dir='ltr'>εἷς</span> <span class='ocrx_word' id='word_1_571' title='bbox 1541 1151 1603 1196; x_wconf 81' lang='grc' dir='ltr'>τὰς</span> <span class='ocrx_word' id='word_1_572' title='bbox 1621 1150 1782 1205; x_wconf 88' lang='grc' dir='ltr'>Σύρτεις,</span> <span class='ocrx_word' id='word_1_573' title='bbox 1806 1153 1867 1191; x_wconf 80' lang='grc' dir='ltr'>καὶ</span> <span class='ocrx_word' id='word_1_574' title='bbox 1885 1151 2056 1204; x_wconf 86' lang='grc' dir='ltr'>μαθόντας</span> <span class='ocrx_word' id='word_1_575' title='bbox 2072 1151 2169 1206; x_wconf 84' lang='grc' dir='ltr'>παρὰ</span> <span class='ocrx_word' id='word_1_576' title='bbox 2186 1154 2220 1191; x_wconf 85' lang='grc' dir='ltr'>Τ</span> <span class='ocrx_word' id='word_1_577' title='bbox 2222 1151 2268 1205; x_wconf 83' lang='grc' dir='ltr'>ρί-</span> <span class='ocrx_word' id='word_1_578' title='bbox 2304 1176 2306 1178; x_wconf 97' lang='grc'>-</span> 
     </span>
    </p>
   </div>
   <div class='ocr_carea' id='block_1_19' title="bbox 1250 1209 2320 1322">
    <p class='ocr_par' dir='ltr' id='par_1_25' title="bbox 1250 1209 2320 1322">
     <span class='ocr_line' id='line_1_81' title="bbox 1250 1209 2320 1262; baseline 0 -16"><span class='ocrx_word' id='word_1_579' title='bbox 1250 1224 1357 1253; x_wconf 84' lang='grc' dir='ltr'>τωνος</span> <span class='ocrx_word' id='word_1_580' title='bbox 1371 1213 1431 1248; x_wconf 88' lang='grc' dir='ltr'>τοῦ</span> <span class='ocrx_word' id='word_1_581' title='bbox 1448 1209 1527 1249; x_wconf 88' lang='grc' dir='ltr'>τότε</span> <span class='ocrx_word' id='word_1_582' title='bbox 1549 1209 1788 1262; x_wconf 85' lang='grc' dir='ltr'>βασιλεύοντος</span> <span class='ocrx_word' id='word_1_583' title='bbox 1806 1213 1867 1257; x_wconf 79' lang='grc' dir='ltr'>τ’ῆς</span> <span class='ocrx_word' id='word_1_584' title='bbox 1886 1209 2018 1258; x_wconf 72' lang='grc' dir='ltr'>Αιὸύης</span> <span class='ocrx_word' id='word_1_585' title='bbox 2035 1209 2098 1258; x_wconf 79' lang='grc' dir='ltr'>τὴν</span> <span class='ocrx_word' id='word_1_586' title='bbox 2115 1209 2284 1258; x_wconf 81' lang='grc' dir='ltr'>ἰδιότητα,</span> <span class='ocrx_word' id='word_1_587' title='bbox 2314 1223 2320 1246; x_wconf 66' lang='lat'><em>3</em></span> 
     </span>
     <span class='ocr_line' id='line_1_82' title="bbox 1250 1266 2320 1322; baseline 0.002 -17"><span class='ocrx_word' id='word_1_588' title='bbox 1250 1269 1312 1313; x_wconf 74' lang='grc' dir='ltr'>τῆς</span> <span class='ocrx_word' id='word_1_589' title='bbox 1329 1268 1521 1316; x_wconf 85' lang='grc' dir='ltr'>θαλάττης,</span> <span class='ocrx_word' id='word_1_590' title='bbox 1538 1267 1598 1307; x_wconf 85' lang='grc' dir='ltr'>καὶ</span> <span class='ocrx_word' id='word_1_591' title='bbox 1617 1268 1674 1307; x_wconf 84' lang='grc' dir='ltr'>τὸν</span> <span class='ocrx_word' id='word_1_592' title='bbox 1695 1268 1850 1307; x_wconf 86' lang='grc' dir='ltr'>κίνδυνον</span> <span class='ocrx_word' id='word_1_593' title='bbox 1868 1267 2098 1321; x_wconf 77' lang='grc' dir='ltr'>ἐκφυγόντας,</span> <span class='ocrx_word' id='word_1_594' title='bbox 2114 1268 2270 1322; x_wconf 86' lang='grc' dir='ltr'>δωρήσα-</span> <span class='ocrx_word' id='word_1_595' title='bbox 2309 1266 2320 1298; x_wconf 60' lang='grc' dir='ltr'>’ἶ</span> 
     </span>
    </p>
   </div>
   <div class='ocr_carea' id='block_1_20' title="bbox 1251 1325 2276 1380">
    <p class='ocr_par' dir='ltr' id='par_1_26' title="bbox 1251 1325 2276 1380">
     <span class='ocr_line' id='line_1_83' title="bbox 1251 1325 2276 1380; baseline 0.002 -18"><span class='ocrx_word' id='word_1_596' title='bbox 1251 1327 1332 1362; x_wconf 90' lang='grc' dir='ltr'>σθαι</span> <span class='ocrx_word' id='word_1_597' title='bbox 1355 1327 1509 1376; x_wconf 86' lang='grc' dir='ltr'>χαλκοῦν</span> <span class='ocrx_word' id='word_1_598' title='bbox 1528 1325 1696 1379; x_wconf 87' lang='grc' dir='ltr'>τρίποδα,</span> <span class='ocrx_word' id='word_1_599' title='bbox 1714 1325 1771 1365; x_wconf 86' lang='grc' dir='ltr'>τὸν</span> <span class='ocrx_word' id='word_1_600' title='bbox 1791 1327 1950 1380; x_wconf 84' lang='grc' dir='ltr'>ἀρχαίοις</span> <span class='ocrx_word' id='word_1_601' title='bbox 1973 1326 2037 1378; x_wconf 77' lang='grc' dir='ltr'>μὲν</span> <span class='ocrx_word' id='word_1_602' title='bbox 2056 1325 2276 1380; x_wconf 59' lang='grc' dir='ltr'>κεχαραγμᾼ</span> 
     </span>
    </p>
   </div>
   <div class='ocr_carea' id='block_1_21' title="bbox 2315 1360 2320 1372">
    <p class='ocr_par' dir='ltr' id='par_1_27' title="bbox 2315 1360 2320 1372">
     <span class='ocr_line' id='line_1_84' title="bbox 2315 1360 2320 1372; baseline 0 0"><span class='ocrx_word' id='word_1_603' title='bbox 2315 1360 2320 1372; x_wconf 67' lang='lat' dir='ltr'>k</span> 
     </span>
    </p>
   </div>
   <div class='ocr_carea' id='block_1_22' title="bbox 1251 1383 2320 1499">
    <p class='ocr_par' dir='ltr' id='par_1_28' title="bbox 1251 1383 2320 1499">
     <span class='ocr_line' id='line_1_85' title="bbox 1251 1383 2320 1439; baseline 0.004 -18"><span class='ocrx_word' id='word_1_604' title='bbox 1251 1398 1308 1422; x_wconf 90' lang='grc' dir='ltr'>νον</span> <span class='ocrx_word' id='word_1_605' title='bbox 1331 1383 1536 1437; x_wconf 86' lang='grc' dir='ltr'>γράμμασι,</span> <span class='ocrx_word' id='word_1_606' title='bbox 1555 1383 1661 1438; x_wconf 86' lang='grc' dir='ltr'>μέχρι</span> <span class='ocrx_word' id='word_1_607' title='bbox 1687 1383 1723 1422; x_wconf 84' lang='grc' dir='ltr'>δὲ</span> <span class='ocrx_word' id='word_1_608' title='bbox 1748 1387 1816 1423; x_wconf 82' lang='grc' dir='ltr'>τῶν</span> <span class='ocrx_word' id='word_1_609' title='bbox 1843 1384 2019 1439; x_wconf 87' lang='grc' dir='ltr'>νεωτέρων</span> <span class='ocrx_word' id='word_1_610' title='bbox 2042 1383 2176 1438; x_wconf 85' lang='grc' dir='ltr'>χρόνων</span> <span class='ocrx_word' id='word_1_611' title='bbox 2199 1386 2280 1427; x_wconf 57' lang='lat' dir='ltr'>&amp;uz-¹</span> <span class='ocrx_word' id='word_1_612' title='bbox 2316 1398 2320 1411; x_wconf 78' lang='lat'><strong>²</strong></span> 
     </span>
     <span class='ocr_line' id='line_1_86' title="bbox 1253 1443 2320 1499; baseline 0.002 -17"><span class='ocrx_word' id='word_1_613' title='bbox 1253 1443 1418 1495; x_wconf 89' lang='grc' dir='ltr'>μείναντα</span> <span class='ocrx_word' id='word_1_614' title='bbox 1438 1443 1536 1499; x_wconf 77' lang='grc' dir='ltr'>παρὰ</span> <span class='ocrx_word' id='word_1_615' title='bbox 1561 1450 1629 1488; x_wconf 86' lang='grc' dir='ltr'>τοῖς</span> <span class='ocrx_word' id='word_1_616' title='bbox 1652 1445 1915 1498; x_wconf 81' lang='grc' dir='ltr'>Εὐεσπερίταις.</span> <span class='ocrx_word' id='word_1_617' title='bbox 1944 1446 2000 1484; x_wconf 88' lang='lat' dir='ltr'>Cf.</span> <span class='ocrx_word' id='word_1_618' title='bbox 2020 1446 2272 1484; x_wconf 83' lang='lat' dir='ltr'>Pseudo-Ari·-</span> <span class='ocrx_word' id='word_1_619' title='bbox 2315 1487 2320 1492; x_wconf 61' lang='grc'><strong>,</strong></span> 
     </span>
    </p>
   </div>
   <div class='ocr_carea' id='block_1_23' title="bbox 1252 1504 2273 1555">
    <p class='ocr_par' dir='ltr' id='par_1_29' title="bbox 1252 1504 2273 1555">
     <span class='ocr_line' id='line_1_87' title="bbox 1252 1504 2273 1555; baseline 0.005 -16"><span class='ocrx_word' id='word_1_620' title='bbox 1252 1511 1338 1540; x_wconf 89' lang='lat' dir='ltr'>stot.</span> <span class='ocrx_word' id='word_1_621' title='bbox 1356 1506 1413 1541; x_wconf 86' lang='lat' dir='ltr'>De</span> <span class='ocrx_word' id='word_1_622' title='bbox 1427 1504 1513 1541; x_wconf 89' lang='lat' dir='ltr'>mir.</span> <span class='ocrx_word' id='word_1_623' title='bbox 1529 1504 1688 1541; x_wconf 83' lang='lat' dir='ltr'>auscult.</span> <span class='ocrx_word' id='word_1_624' title='bbox 1702 1518 1735 1543; x_wconf 89' lang='lat' dir='ltr'>c.</span> <span class='ocrx_word' id='word_1_625' title='bbox 1756 1519 1770 1540; x_wconf 93' lang='lat'>1</span> <span class='ocrx_word' id='word_1_626' title='bbox 1782 1506 1841 1550; x_wconf 77' lang='lat'>13,</span> <span class='ocrx_word' id='word_1_627' title='bbox 1857 1505 1924 1555; x_wconf 90' lang='lat' dir='ltr'>qui</span> <span class='ocrx_word' id='word_1_628' title='bbox 1940 1505 2060 1542; x_wconf 83' lang='lat' dir='ltr'>multa</span> <span class='ocrx_word' id='word_1_629' title='bbox 2072 1518 2120 1542; x_wconf 88' lang='lat' dir='ltr'>ex</span> <span class='ocrx_word' id='word_1_630' title='bbox 2133 1505 2273 1544; x_wconf 75' lang='lat' dir='ltr'>Timaeo</span> 
     </span>
    </p>
   </div>
   <div class='ocr_carea' id='block_1_24' title="bbox 1251 1561 2060 1651">
    <p class='ocr_par' dir='ltr' id='par_1_30' title="bbox 1251 1561 2060 1651">
     <span class='ocr_line' id='line_1_88' title="bbox 1251 1561 2060 1651; baseline 0.002 -53"><span class='ocrx_word' id='word_1_631' title='bbox 1251 1561 1290 1598; x_wconf 90' lang='lat' dir='ltr'>in</span> <span class='ocrx_word' id='word_1_632' title='bbox 1311 1575 1378 1599; x_wconf 86' lang='lat' dir='ltr'>sua</span> <span class='ocrx_word' id='word_1_633' title='bbox 1398 1563 1607 1610; x_wconf 83' lang='lat' dir='ltr'>transtulit,</span> <span class='ocrx_word' id='word_1_634' title='bbox 1626 1571 1663 1600; x_wconf 91' lang='lat' dir='ltr'>et</span> <span class='ocrx_word' id='word_1_635' title='bbox 1683 1562 1823 1651; x_wconf 53' lang='lat' dir='ltr'><strong>Stero</strong></span> <span class='ocrx_word' id='word_1_636' title='bbox 1842 1567 1890 1612; x_wconf 88' lang='lat' dir='ltr'>V,</span> <span class='ocrx_word' id='word_1_637' title='bbox 1909 1577 1948 1614; x_wconf 89' lang='lat' dir='ltr'>p.</span> <span class='ocrx_word' id='word_1_638' title='bbox 1971 1563 2060 1607; x_wconf 78' lang='lat'>342.</span> 
     </span>
    </p>
   </div>
   <div class='ocr_carea' id='block_1_25' title="bbox 1305 1635 2317 1719">
    <p class='ocr_par' dir='ltr' id='par_1_31' title="bbox 1305 1635 2317 1719">
     <span class='ocr_line' id='line_1_89' title="bbox 1305 1635 2317 1719; baseline 0.002 -13"><span class='ocrx_word' id='word_1_639' title='bbox 1305 1667 1430 1706; x_wconf 86' lang='lat' dir='ltr'>Schol.</span> <span class='ocrx_word' id='word_1_640' title='bbox 1451 1667 1633 1717; x_wconf 89' lang='lat' dir='ltr'>Apollon.</span> <span class='ocrx_word' id='word_1_641' title='bbox 1664 1643 1790 1705; x_wconf 80' lang='lat' dir='ltr'>Rhod.</span> <span class='ocrx_word' id='word_1_642' title='bbox 1821 1670 1887 1715; x_wconf 88' lang='lat' dir='ltr'>IV,</span> <span class='ocrx_word' id='word_1_643' title='bbox 1918 1635 2273 1719; x_wconf 59' lang='lat' dir='ltr'>1217:&#39;i&#39;tpff›voefissv</span> <span class='ocrx_word' id='word_1_644' title='bbox 2306 1647 2317 1717; x_wconf 25' lang='lat' dir='ltr'>Ji</span> 
     </span>
    </p>
   </div>
   <div class='ocr_carea' id='block_1_26' title="bbox 1253 1723 2309 1779">
    <p class='ocr_par' dir='ltr' id='par_1_32' title="bbox 1253 1723 2309 1779">
     <span class='ocr_line' id='line_1_90' title="bbox 1253 1723 2309 1779; baseline 0.004 -17"><span class='ocrx_word' id='word_1_645' title='bbox 1253 1723 1380 1778; x_wconf 84' lang='grc' dir='ltr'>πρώτῳ</span> <span class='ocrx_word' id='word_1_646' title='bbox 1399 1727 1467 1763; x_wconf 84' lang='grc' dir='ltr'>τῶν</span> <span class='ocrx_word' id='word_1_647' title='bbox 1482 1727 1674 1764; x_wconf 78' lang='grc' dir='ltr'>Σικελικῶν</span> <span class='ocrx_word' id='word_1_648' title='bbox 1691 1726 1725 1764; x_wconf 79' lang='grc' dir='ltr'>ἐν</span> <span class='ocrx_word' id='word_1_649' title='bbox 1742 1725 1894 1778; x_wconf 88' lang='grc' dir='ltr'>Κόλχοις</span> <span class='ocrx_word' id='word_1_650' title='bbox 1913 1725 2017 1779; x_wconf 85' lang='grc' dir='ltr'>φησὶν</span> <span class='ocrx_word' id='word_1_651' title='bbox 2035 1725 2175 1765; x_wconf 88' lang='grc' dir='ltr'>Ἰάσονα</span> <span class='ocrx_word' id='word_1_652' title='bbox 2193 1728 2269 1774; x_wconf 66' lang='grc' dir='ltr'>Μητ</span> <span class='ocrx_word' id='word_1_653' title='bbox 2308 1744 2309 1753; x_wconf 60' lang='lat'>³</span> 
     </span>
    </p>
   </div>
   <div class='ocr_carea' id='block_1_27' title="bbox 1253 1782 2308 1897">
    <p class='ocr_par' dir='ltr' id='par_1_33' title="bbox 1253 1782 2308 1897">
     <span class='ocr_line' id='line_1_91' title="bbox 1254 1782 2308 1837; baseline 0 -16"><span class='ocrx_word' id='word_1_654' title='bbox 1254 1782 1346 1821; x_wconf 85' lang='grc' dir='ltr'>δείαν</span> <span class='ocrx_word' id='word_1_655' title='bbox 1369 1786 1499 1834; x_wconf 74' lang='grc' dir='ltr'>γῆμαι,</span> <span class='ocrx_word' id='word_1_656' title='bbox 1521 1783 1652 1830; x_wconf 89' lang='grc' dir='ltr'>Αἰήτου</span> <span class='ocrx_word' id='word_1_657' title='bbox 1673 1785 1767 1837; x_wconf 82' lang='grc' dir='ltr'>αὐτῷ</span> <span class='ocrx_word' id='word_1_658' title='bbox 1788 1783 2030 1836; x_wconf 82' lang='grc' dir='ltr'>ἐγγυήσαντος.</span> <span class='ocrx_word' id='word_1_659' title='bbox 2051 1785 2097 1824; x_wconf 79' lang='lat' dir='ltr'>‘O</span> <span class='ocrx_word' id='word_1_660' title='bbox 2114 1784 2149 1823; x_wconf 83' lang='grc' dir='ltr'>δὲ</span> <span class='ocrx_word' id='word_1_661' title='bbox 2170 1783 2274 1830; x_wconf 74' lang='grc' dir='ltr'>αὐτός</span> <span class='ocrx_word' id='word_1_662' title='bbox 2304 1819 2308 1821; x_wconf 70' lang='grc'><strong>,</strong></span> 
     </span>
     <span class='ocr_line' id='line_1_92' title="bbox 1253 1841 2270 1897; baseline 0.004 -18"><span class='ocrx_word' id='word_1_663' title='bbox 1253 1857 1355 1892; x_wconf 80' lang='grc' dir='ltr'>φησι·</span> <span class='ocrx_word' id='word_1_664' title='bbox 1373 1841 1578 1880; x_wconf 90' lang='grc' dir='ltr'>Δείκνυνται</span> <span class='ocrx_word' id='word_1_665' title='bbox 1591 1841 1686 1895; x_wconf 83' lang='grc' dir='ltr'>παρὰ</span> <span class='ocrx_word' id='word_1_666' title='bbox 1701 1842 1759 1881; x_wconf 89' lang='grc' dir='ltr'>τὸν</span> <span class='ocrx_word' id='word_1_667' title='bbox 1777 1843 1981 1897; x_wconf 85' lang='grc' dir='ltr'>παράπλουν</span> <span class='ocrx_word' id='word_1_668' title='bbox 1997 1842 2092 1882; x_wconf 85' lang='grc' dir='ltr'>ἔνδον</span> <span class='ocrx_word' id='word_1_669' title='bbox 2108 1847 2168 1883; x_wconf 88' lang='grc' dir='ltr'>τοῦ</span> <span class='ocrx_word' id='word_1_670' title='bbox 2184 1843 2270 1883; x_wconf 85' lang='grc' dir='ltr'>Πόν·</span> 
     </span>
    </p>
   </div>
   <div class='ocr_carea' id='block_1_28' title="bbox 1252 1895 2310 1954">
    <p class='ocr_par' dir='ltr' id='par_1_34' title="bbox 1252 1895 2310 1954">
     <span class='ocr_line' id='line_1_93' title="bbox 1252 1895 2310 1954; baseline 0.001 -16"><span class='ocrx_word' id='word_1_671' title='bbox 1252 1915 1313 1938; x_wconf 90' lang='grc' dir='ltr'>του</span> <span class='ocrx_word' id='word_1_672' title='bbox 1333 1900 1440 1948; x_wconf 79' lang='grc' dir='ltr'>κῆποί</span> <span class='ocrx_word' id='word_1_673' title='bbox 1469 1915 1559 1944; x_wconf 89' lang='grc' dir='ltr'>τινες</span> <span class='ocrx_word' id='word_1_674' title='bbox 1588 1899 1750 1939; x_wconf 85' lang='grc' dir='ltr'>Ἰασόνιοι</span> <span class='ocrx_word' id='word_1_675' title='bbox 1777 1901 2004 1954; x_wconf 88' lang='grc' dir='ltr'>καλούμενοι,</span> <span class='ocrx_word' id='word_1_676' title='bbox 2030 1902 2108 1941; x_wconf 82' lang='grc' dir='ltr'>καθ’</span> <span class='ocrx_word' id='word_1_677' title='bbox 2135 1895 2184 1940; x_wconf 67' lang='grc' dir='ltr'>ὧν</span> <span class='ocrx_word' id='word_1_678' title='bbox 2209 1900 2271 1952; x_wconf 75' lang='grc' dir='ltr'>τὴν</span> <span class='ocrx_word' id='word_1_679' title='bbox 2307 1907 2310 1910; x_wconf 82' lang='grc'>’</span> 
     </span>
    </p>
   </div>
   <div class='ocr_carea' id='block_1_29' title="bbox 1253 1953 2308 2345">
    <p class='ocr_par' dir='ltr' id='par_1_35' title="bbox 1253 1953 2308 2345">
     <span class='ocr_line' id='line_1_94' title="bbox 1254 1953 2308 2012; baseline 0.001 -15"><span class='ocrx_word' id='word_1_680' title='bbox 1254 1958 1426 1998; x_wconf 72' lang='grc' dir='ltr'>ἀπόὸασιν</span> <span class='ocrx_word' id='word_1_681' title='bbox 1449 1958 1655 2007; x_wconf 82' lang='grc' dir='ltr'>ἐποιήσατο·</span> <span class='ocrx_word' id='word_1_682' title='bbox 1682 1958 1741 1997; x_wconf 80' lang='grc' dir='ltr'>καὶ</span> <span class='ocrx_word' id='word_1_683' title='bbox 1772 1958 1862 1998; x_wconf 82' lang='grc' dir='ltr'>κατὰ</span> <span class='ocrx_word' id='word_1_684' title='bbox 1886 1959 1949 2007; x_wconf 73' lang='grc' dir='ltr'>τὴν</span> <span class='ocrx_word' id='word_1_685' title='bbox 1977 1953 2065 1999; x_wconf 76' lang='grc' dir='ltr'>Αἶαν</span> <span class='ocrx_word' id='word_1_686' title='bbox 2098 1959 2275 2012; x_wconf 68' lang='grc' dir='ltr'>γυμνάσια</span> <span class='ocrx_word' id='word_1_687' title='bbox 2295 1954 2308 2007; x_wconf 55' lang='lat' dir='ltr'>J&#39;</span> 
     </span>
     <span class='ocr_line' id='line_1_95' title="bbox 1253 2015 2307 2071; baseline 0.004 -16"><span class='ocrx_word' id='word_1_688' title='bbox 1253 2016 1312 2055; x_wconf 81' lang='grc' dir='ltr'>καὶ</span> <span class='ocrx_word' id='word_1_689' title='bbox 1333 2017 1465 2066; x_wconf 89' lang='grc' dir='ltr'>δίσκοι,</span> <span class='ocrx_word' id='word_1_690' title='bbox 1485 2018 1545 2056; x_wconf 84' lang='grc' dir='ltr'>καὶ</span> <span class='ocrx_word' id='word_1_691' title='bbox 1574 2020 1635 2064; x_wconf 76' lang='grc' dir='ltr'>τῆς</span> <span class='ocrx_word' id='word_1_692' title='bbox 1656 2017 1815 2066; x_wconf 89' lang='grc' dir='ltr'>Μηδείας</span> <span class='ocrx_word' id='word_1_693' title='bbox 1836 2017 2009 2070; x_wconf 88' lang='grc' dir='ltr'>θάλαμος,</span> <span class='ocrx_word' id='word_1_694' title='bbox 2037 2017 2114 2057; x_wconf 86' lang='grc' dir='ltr'>καθ’</span> <span class='ocrx_word' id='word_1_695' title='bbox 2142 2017 2180 2056; x_wconf 87' lang='grc' dir='ltr'>ὃν</span> <span class='ocrx_word' id='word_1_696' title='bbox 2196 2015 2277 2071; x_wconf 60' lang='grc' dir='ltr'>τότς</span> <span class='ocrx_word' id='word_1_697' title='bbox 2298 2052 2307 2059; x_wconf 71' lang='grc'>,,</span> 
     </span>
     <span class='ocr_line' id='line_1_96' title="bbox 1254 2074 2270 2130; baseline 0 -16"><span class='ocrx_word' id='word_1_698' title='bbox 1254 2075 1466 2130; x_wconf 82' lang='grc' dir='ltr'>ε’νυμφεύθη·</span> <span class='ocrx_word' id='word_1_699' title='bbox 1486 2076 1546 2114; x_wconf 73' lang='grc' dir='ltr'>καὶ</span> <span class='ocrx_word' id='word_1_700' title='bbox 1570 2076 1654 2130; x_wconf 82' lang='grc' dir='ltr'>πρὸς</span> <span class='ocrx_word' id='word_1_701' title='bbox 1669 2079 1713 2129; x_wconf 76' lang='grc' dir='ltr'>τῇ</span> <span class='ocrx_word' id='word_1_702' title='bbox 1731 2077 1830 2115; x_wconf 90' lang='grc' dir='ltr'>πόλει</span> <span class='ocrx_word' id='word_1_703' title='bbox 1857 2076 1946 2129; x_wconf 80' lang='grc' dir='ltr'>ἱερὸν</span> <span class='ocrx_word' id='word_1_704' title='bbox 1962 2075 2145 2130; x_wconf 83' lang='grc' dir='ltr'>ἱδρυμένον</span> <span class='ocrx_word' id='word_1_705' title='bbox 2158 2074 2270 2115; x_wconf 80' lang='grc' dir='ltr'>Ἰᾶσο-</span> 
     </span>
     <span class='ocr_line' id='line_1_97' title="bbox 1253 2129 2308 2189; baseline 0 -17"><span class='ocrx_word' id='word_1_706' title='bbox 1253 2147 1326 2182; x_wconf 87' lang='grc' dir='ltr'>νος,</span> <span class='ocrx_word' id='word_1_707' title='bbox 1348 2134 1406 2173; x_wconf 68' lang='grc' dir='ltr'>καὶ</span> <span class='ocrx_word' id='word_1_708' title='bbox 1420 2134 1505 2188; x_wconf 78' lang='grc' dir='ltr'>πρὸς</span> <span class='ocrx_word' id='word_1_709' title='bbox 1523 2134 1655 2179; x_wconf 87' lang='grc' dir='ltr'>τούτοις</span> <span class='ocrx_word' id='word_1_710' title='bbox 1670 2134 1747 2189; x_wconf 73' lang='grc' dir='ltr'>ἱερὰ</span> <span class='ocrx_word' id='word_1_711' title='bbox 1766 2135 1893 2174; x_wconf 88' lang='grc' dir='ltr'>πολλά.</span> <span class='ocrx_word' id='word_1_712' title='bbox 1912 2134 2063 2186; x_wconf 88' lang='grc' dir='ltr'>Τίμαιος</span> <span class='ocrx_word' id='word_1_713' title='bbox 2077 2133 2114 2172; x_wconf 82' lang='grc' dir='ltr'>δὲ</span> <span class='ocrx_word' id='word_1_714' title='bbox 2131 2135 2166 2173; x_wconf 81' lang='grc' dir='ltr'>ἐν</span> <span class='ocrx_word' id='word_1_715' title='bbox 2183 2136 2269 2189; x_wconf 88' lang='grc' dir='ltr'>Κερ·</span> <span class='ocrx_word' id='word_1_716' title='bbox 2291 2129 2308 2176; x_wconf 61' lang='grc' dir='ltr'><em>ζ</em></span> 
     </span>
     <span class='ocr_line' id='line_1_98' title="bbox 1253 2191 2272 2248; baseline 0 -16"><span class='ocrx_word' id='word_1_717' title='bbox 1253 2192 1342 2247; x_wconf 79' lang='grc' dir='ltr'>κύρᾳ</span> <span class='ocrx_word' id='word_1_718' title='bbox 1359 2193 1471 2246; x_wconf 84' lang='grc' dir='ltr'>λέγων</span> <span class='ocrx_word' id='word_1_719' title='bbox 1485 2193 1642 2246; x_wconf 80' lang='grc' dir='ltr'>γενέσθαι</span> <span class='ocrx_word' id='word_1_720' title='bbox 1653 2193 1730 2237; x_wconf 79' lang='grc' dir='ltr'>τοὺς</span> <span class='ocrx_word' id='word_1_721' title='bbox 1746 2194 1898 2246; x_wconf 85' lang='grc' dir='ltr'>γάμους,</span> <span class='ocrx_word' id='word_1_722' title='bbox 1910 2193 1970 2232; x_wconf 71' lang='grc' dir='ltr'>καὶ</span> <span class='ocrx_word' id='word_1_723' title='bbox 1985 2193 2140 2248; x_wconf 75' lang='grc' dir='ltr'>περὶτῆς</span> <span class='ocrx_word' id='word_1_724' title='bbox 2155 2191 2272 2238; x_wconf 74' lang='grc' dir='ltr'>θυσίᾳέ</span> 
     </span>
     <span class='ocr_line' id='line_1_99' title="bbox 1253 2246 2297 2306; baseline 0 -16"><span class='ocrx_word' id='word_1_725' title='bbox 1253 2254 1403 2306; x_wconf 80' lang='grc' dir='ltr'>ἱστορεῖ,</span> <span class='ocrx_word' id='word_1_726' title='bbox 1425 2251 1476 2290; x_wconf 86' lang='grc' dir='ltr'>ἔτι</span> <span class='ocrx_word' id='word_1_727' title='bbox 1493 2252 1551 2290; x_wconf 73' lang='grc' dir='ltr'>καὶ</span> <span class='ocrx_word' id='word_1_728' title='bbox 1575 2257 1632 2290; x_wconf 86' lang='grc' dir='ltr'>νῦν</span> <span class='ocrx_word' id='word_1_729' title='bbox 1649 2250 1760 2303; x_wconf 86' lang='grc' dir='ltr'>λέγων</span> <span class='ocrx_word' id='word_1_730' title='bbox 1778 2251 1920 2302; x_wconf 81' lang='grc' dir='ltr'>ἄγεσθαι</span> <span class='ocrx_word' id='word_1_731' title='bbox 1939 2251 2046 2299; x_wconf 77' lang='grc' dir='ltr'>αὐτὴν</span> <span class='ocrx_word' id='word_1_732' title='bbox 2061 2251 2141 2290; x_wconf 78' lang='grc' dir='ltr'>κατ’</span> <span class='ocrx_word' id='word_1_733' title='bbox 2157 2246 2297 2303; x_wconf 34' lang='lat' dir='ltr'>{vtem-⁴471</span> 
     </span>
     <span class='ocr_line' id='line_1_100' title="bbox 2288 2326 2301 2345; baseline 0 0"><span class='ocrx_word' id='word_1_734' title='bbox 2288 2326 2301 2345; x_wconf 61' lang='lat' dir='ltr'>J</span> 
     </span>
    </p>
   </div>
   <div class='ocr_carea' id='block_1_30' title="bbox 1253 2382 2302 2444">
    <p class='ocr_par' dir='ltr' id='par_1_36' title="bbox 1253 2382 2302 2444">
     <span class='ocr_line' id='line_1_101' title="bbox 1253 2382 2302 2444; baseline 0 -28"><span class='ocrx_word' id='word_1_735' title='bbox 1253 2384 1512 2416; x_wconf 83' lang='lat' dir='ltr'>continensintra</span> <span class='ocrx_word' id='word_1_736' title='bbox 1518 2384 1624 2416; x_wconf 87' lang='lat' dir='ltr'>Gades</span> <span class='ocrx_word' id='word_1_737' title='bbox 1633 2384 1802 2416; x_wconf 82' lang='lat' dir='ltr'>manifesta</span> <span class='ocrx_word' id='word_1_738' title='bbox 1810 2384 1927 2416; x_wconf 87' lang='lat' dir='ltr'>horum</span> <span class='ocrx_word' id='word_1_739' title='bbox 1939 2382 2063 2416; x_wconf 83' lang='lat' dir='ltr'>reditus</span> <span class='ocrx_word' id='word_1_740' title='bbox 2072 2383 2163 2424; x_wconf 81' lang='lat' dir='ltr'>signa</span> <span class='ocrx_word' id='word_1_741' title='bbox 2169 2383 2271 2421; x_wconf 48' lang='lat' dir='ltr'>ostent</span> <span class='ocrx_word' id='word_1_742' title='bbox 2282 2384 2302 2444; x_wconf 51' lang='grc' dir='ltr'>ᾗ,</span> 
     </span>
    </p>
   </div>
   <div class='ocr_carea' id='block_1_31' title="bbox 1253 2428 2315 2472">
    <p class='ocr_par' dir='ltr' id='par_1_37' title="bbox 1253 2428 2315 2472">
     <span class='ocr_line' id='line_1_102' title="bbox 1253 2428 2315 2472; baseline -0.002 -9"><span class='ocrx_word' id='word_1_743' title='bbox 1253 2431 1319 2463; x_wconf 87' lang='lat' dir='ltr'>dat.</span> <span class='ocrx_word' id='word_1_744' title='bbox 1339 2433 1377 2463; x_wconf 90' lang='lat' dir='ltr'>In</span> <span class='ocrx_word' id='word_1_745' title='bbox 1392 2431 1578 2472; x_wconf 80' lang='lat' dir='ltr'>Tyrrheuiae</span> <span class='ocrx_word' id='word_1_746' title='bbox 1591 2430 1676 2462; x_wconf 89' lang='lat' dir='ltr'>enim</span> <span class='ocrx_word' id='word_1_747' title='bbox 1690 2430 1839 2470; x_wconf 85' lang='lat' dir='ltr'>transitu,</span> <span class='ocrx_word' id='word_1_748' title='bbox 1853 2430 1893 2462; x_wconf 90' lang='lat' dir='ltr'>ad</span> <span class='ocrx_word' id='word_1_749' title='bbox 1909 2429 2060 2470; x_wconf 90' lang='lat' dir='ltr'>insulam,</span> <span class='ocrx_word' id='word_1_750' title='bbox 2078 2438 2152 2470; x_wconf 81' lang='lat' dir='ltr'>quae</span> <span class='ocrx_word' id='word_1_751' title='bbox 2165 2428 2265 2463; x_wconf 73' lang='lat' dir='ltr'>AEtha</span> <span class='ocrx_word' id='word_1_752' title='bbox 2287 2444 2315 2471; x_wconf 35' lang='lat' dir='ltr'>t„</span> 
     </span>
    </p>
   </div>
   <div class='ocr_carea' id='block_1_32' title="bbox 1251 2475 2302 2751">
    <p class='ocr_par' dir='ltr' id='par_1_38' title="bbox 1251 2475 2302 2751">
     <span class='ocr_line' id='line_1_103' title="bbox 1252 2475 2301 2518; baseline -0.001 -9"><span class='ocrx_word' id='word_1_753' title='bbox 1252 2478 1295 2509; x_wconf 88' lang='lat' dir='ltr'>lia</span> <span class='ocrx_word' id='word_1_754' title='bbox 1307 2478 1435 2518; x_wconf 87' lang='lat' dir='ltr'>dicitur,</span> <span class='ocrx_word' id='word_1_755' title='bbox 1451 2478 1606 2510; x_wconf 82' lang='lat' dir='ltr'>advectos</span> <span class='ocrx_word' id='word_1_756' title='bbox 1620 2476 1874 2518; x_wconf 87' lang='lat' dir='ltr'>pulcherrimum</span> <span class='ocrx_word' id='word_1_757' title='bbox 1908 2476 1954 2509; x_wconf 85' lang='lat' dir='ltr'>ihi</span> <span class='ocrx_word' id='word_1_758' title='bbox 1988 2476 2147 2517; x_wconf 89' lang='lat' dir='ltr'>omnium,</span> <span class='ocrx_word' id='word_1_759' title='bbox 2169 2475 2227 2517; x_wconf 76' lang='lat' dir='ltr'>qui</span> <span class='ocrx_word' id='word_1_760' title='bbox 2238 2476 2273 2509; x_wconf 73' lang='lat' dir='ltr'>in</span> <span class='ocrx_word' id='word_1_761' title='bbox 2286 2486 2301 2504; x_wconf 62' lang='lat' dir='ltr'>s.</span> 
     </span>
     <span class='ocr_line' id='line_1_104' title="bbox 1252 2504 2300 2565; baseline 0.002 -10"><span class='ocrx_word' id='word_1_762' title='bbox 1252 2523 1316 2556; x_wconf 87' lang='lat' dir='ltr'>illis</span> <span class='ocrx_word' id='word_1_763' title='bbox 1338 2524 1520 2565; x_wconf 86' lang='lat' dir='ltr'>regionibus</span> <span class='ocrx_word' id='word_1_764' title='bbox 1551 2525 1692 2562; x_wconf 84' lang='lat' dir='ltr'>exstant,</span> <span class='ocrx_word' id='word_1_765' title='bbox 1714 2525 1846 2564; x_wconf 86' lang='lat' dir='ltr'>portum</span> <span class='ocrx_word' id='word_1_766' title='bbox 1877 2526 2018 2564; x_wconf 83' lang='lat' dir='ltr'>Argeum</span> <span class='ocrx_word' id='word_1_767' title='bbox 2049 2523 2088 2555; x_wconf 83' lang='lat' dir='ltr'>de</span> <span class='ocrx_word' id='word_1_768' title='bbox 2109 2523 2186 2555; x_wconf 72' lang='lat' dir='ltr'>navi</span> <span class='ocrx_word' id='word_1_769' title='bbox 2214 2504 2300 2559; x_wconf 58' lang='lat' dir='ltr'>w}</span> 
     </span>
     <span class='ocr_line' id='line_1_105' title="bbox 1253 2570 2301 2611; baseline 0.002 -10"><span class='ocrx_word' id='word_1_770' title='bbox 1253 2579 1479 2611; x_wconf 84' lang='lat' dir='ltr'>nuncupasse:</span> <span class='ocrx_word' id='word_1_771' title='bbox 1501 2571 1590 2611; x_wconf 89' lang='lat' dir='ltr'>quod</span> <span class='ocrx_word' id='word_1_772' title='bbox 1623 2579 1742 2602; x_wconf 90' lang='lat' dir='ltr'>nomen</span> <span class='ocrx_word' id='word_1_773' title='bbox 1767 2570 1806 2602; x_wconf 91' lang='lat' dir='ltr'>ad</span> <span class='ocrx_word' id='word_1_774' title='bbox 1839 2570 1922 2602; x_wconf 86' lang='lat' dir='ltr'>hane</span> <span class='ocrx_word' id='word_1_775' title='bbox 1940 2579 2068 2611; x_wconf 85' lang='lat' dir='ltr'>quoque</span> <span class='ocrx_word' id='word_1_776' title='bbox 2098 2570 2278 2611; x_wconf 68' lang='lat' dir='ltr'>tempesta-3</span> <span class='ocrx_word' id='word_1_777' title='bbox 2299 2607 2301 2610; x_wconf 14' lang='grc' dir='ltr'><em>Α</em></span> 
     </span>
     <span class='ocr_line' id='line_1_106' title="bbox 1254 2616 2301 2658; baseline 0.002 -11"><span class='ocrx_word' id='word_1_778' title='bbox 1254 2619 1318 2648; x_wconf 89' lang='lat' dir='ltr'>tem</span> <span class='ocrx_word' id='word_1_779' title='bbox 1347 2617 1452 2649; x_wconf 82' lang='lat' dir='ltr'>duret.</span> <span class='ocrx_word' id='word_1_780' title='bbox 1485 2616 1577 2654; x_wconf 90' lang='lat' dir='ltr'>Quod</span> <span class='ocrx_word' id='word_1_781' title='bbox 1615 2617 1654 2648; x_wconf 89' lang='lat' dir='ltr'>ad</span> <span class='ocrx_word' id='word_1_782' title='bbox 1684 2625 1758 2649; x_wconf 90' lang='lat' dir='ltr'>eum</span> <span class='ocrx_word' id='word_1_783' title='bbox 1787 2625 1916 2658; x_wconf 89' lang='lat' dir='ltr'>quoque</span> <span class='ocrx_word' id='word_1_784' title='bbox 1947 2616 2081 2648; x_wconf 86' lang='lat' dir='ltr'>modum</span> <span class='ocrx_word' id='word_1_785' title='bbox 2115 2616 2149 2648; x_wconf 89' lang='lat' dir='ltr'>in</span> <span class='ocrx_word' id='word_1_786' title='bbox 2177 2617 2301 2653; x_wconf 61' lang='lat' dir='ltr'>Etru-ff</span> 
     </span>
     <span class='ocr_line' id='line_1_107' title="bbox 1251 2660 2302 2704; baseline 0 -10"><span class='ocrx_word' id='word_1_787' title='bbox 1251 2663 1298 2694; x_wconf 88' lang='lat' dir='ltr'>ria</span> <span class='ocrx_word' id='word_1_788' title='bbox 1310 2666 1439 2704; x_wconf 88' lang='lat' dir='ltr'>portum</span> <span class='ocrx_word' id='word_1_789' title='bbox 1454 2664 1643 2703; x_wconf 83' lang='lat' dir='ltr'>octingentis</span> <span class='ocrx_word' id='word_1_790' title='bbox 1657 2673 1676 2695; x_wconf 89' lang='lat' dir='ltr'>a</span> <span class='ocrx_word' id='word_1_791' title='bbox 1690 2666 1792 2695; x_wconf 89' lang='lat' dir='ltr'>Roma</span> <span class='ocrx_word' id='word_1_792' title='bbox 1804 2663 1936 2703; x_wconf 85' lang='lat' dir='ltr'>stadiis,</span> <span class='ocrx_word' id='word_1_793' title='bbox 1951 2663 2156 2695; x_wconf 80' lang='lat' dir='ltr'>Telamonem</span> <span class='ocrx_word' id='word_1_794' title='bbox 2172 2660 2275 2704; x_wconf 72' lang='lat' dir='ltr'>nomi-J</span> <span class='ocrx_word' id='word_1_795' title='bbox 2293 2670 2302 2686; x_wconf 30' lang='grc' dir='ltr'>ἰ</span> 
     </span>
     <span class='ocr_line' id='line_1_108' title="bbox 1251 2709 2301 2751; baseline 0.001 -11"><span class='ocrx_word' id='word_1_796' title='bbox 1251 2710 1368 2741; x_wconf 76' lang='lat' dir='ltr'>nai-int.</span> <span class='ocrx_word' id='word_1_797' title='bbox 1387 2710 1481 2747; x_wconf 87' lang='lat' dir='ltr'>Quod</span> <span class='ocrx_word' id='word_1_798' title='bbox 1500 2710 1638 2750; x_wconf 86' lang='lat' dir='ltr'>denique</span> <span class='ocrx_word' id='word_1_799' title='bbox 1657 2710 1699 2741; x_wconf 90' lang='lat' dir='ltr'>ad</span> <span class='ocrx_word' id='word_1_800' title='bbox 1711 2709 1854 2742; x_wconf 88' lang='lat' dir='ltr'>Formias</span> <span class='ocrx_word' id='word_1_801' title='bbox 1866 2710 1900 2741; x_wconf 90' lang='lat' dir='ltr'>in</span> <span class='ocrx_word' id='word_1_802' title='bbox 1920 2709 2012 2741; x_wconf 84' lang='lat' dir='ltr'>Italia</span> <span class='ocrx_word' id='word_1_803' title='bbox 2033 2709 2141 2751; x_wconf 87' lang='lat' dir='ltr'>portui</span> <span class='ocrx_word' id='word_1_804' title='bbox 2155 2718 2197 2741; x_wconf 90' lang='lat' dir='ltr'>no</span> <span class='ocrx_word' id='word_1_805' title='bbox 2298 2714 2301 2721; x_wconf 84' lang='grc'><strong>“</strong></span> 
     </span>
    </p>
   </div>
   <div class='ocr_carea' id='block_1_33' title="bbox 2189 2550 2303 2997">
    <p class='ocr_par' dir='ltr' id='par_1_39' title="bbox 2189 2550 2303 2997">
     <span class='ocr_line' id='line_1_109' title="bbox 2274 2550 2303 2633; baseline -0.069 0"><span class='ocrx_word' id='word_1_806' title='bbox 2274 2550 2303 2633; x_wconf 95' lang='lat' dir='ltr'>  </span> 
     </span>
     <span class='ocr_line' id='line_1_110' title="bbox 2189 2633 2301 2861; baseline 0 -35"><span class='ocrx_word' id='word_1_807' title='bbox 2189 2633 2301 2861; x_wconf 95' lang='lat' dir='ltr'>     </span> 
     </span>
     <span class='ocr_line' id='line_1_111' title="bbox 2195 2861 2296 2997; baseline 0 0"><span class='ocrx_word' id='word_1_808' title='bbox 2195 2861 2296 2997; x_wconf 95' lang='lat' dir='ltr'>   </span> 
     </span>
    </p>
   </div>
   <div class='ocr_carea' id='block_1_34' title="bbox 1251 2847 2305 2936">
    <p class='ocr_par' dir='ltr' id='par_1_40' title="bbox 1251 2847 2305 2936">
     <span class='ocr_line' id='line_1_112' title="bbox 1251 2847 2305 2893; baseline 0.001 -14"><span class='ocrx_word' id='word_1_809' title='bbox 1251 2857 1340 2888; x_wconf 88' lang='lat' dir='ltr'>rege,</span> <span class='ocrx_word' id='word_1_810' title='bbox 1363 2858 1436 2889; x_wconf 84' lang='lat' dir='ltr'>quae</span> <span class='ocrx_word' id='word_1_811' title='bbox 1458 2851 1573 2880; x_wconf 85' lang='lat' dir='ltr'>natura</span> <span class='ocrx_word' id='word_1_812' title='bbox 1590 2849 1689 2880; x_wconf 86' lang='lat' dir='ltr'>maris</span> <span class='ocrx_word' id='word_1_813' title='bbox 1711 2851 1812 2889; x_wconf 85' lang='lat' dir='ltr'>esset,</span> <span class='ocrx_word' id='word_1_814' title='bbox 1832 2851 1865 2881; x_wconf 85' lang='lat' dir='ltr'>et</span> <span class='ocrx_word' id='word_1_815' title='bbox 1880 2858 1944 2889; x_wconf 84' lang='lat' dir='ltr'>qua</span> <span class='ocrx_word' id='word_1_816' title='bbox 1958 2849 2080 2881; x_wconf 85' lang='lat' dir='ltr'>ratione</span> <span class='ocrx_word' id='word_1_817' title='bbox 2095 2847 2215 2890; x_wconf 73' lang='lat' dir='ltr'>pericul</span> <span class='ocrx_word' id='word_1_818' title='bbox 2295 2880 2305 2893; x_wconf 17' lang='grc' dir='ltr'>,ι</span> 
     </span>
     <span class='ocr_line' id='line_1_113' title="bbox 1251 2895 2295 2936; baseline 0.003 -10"><span class='ocrx_word' id='word_1_819' title='bbox 1251 2895 1428 2935; x_wconf 77' lang='lat' dir='ltr'>effugerent</span> <span class='ocrx_word' id='word_1_820' title='bbox 1439 2919 1448 2934; x_wconf 93' lang='lat'>‚</span> <span class='ocrx_word' id='word_1_821' title='bbox 1462 2895 1535 2927; x_wconf 89' lang='lat' dir='ltr'>illos</span> <span class='ocrx_word' id='word_1_822' title='bbox 1551 2895 1712 2927; x_wconf 85' lang='lat' dir='ltr'>didicisse.</span> <span class='ocrx_word' id='word_1_823' title='bbox 1731 2896 1781 2927; x_wconf 93' lang='lat' dir='ltr'>Ob</span> <span class='ocrx_word' id='word_1_824' title='bbox 1809 2895 1895 2936; x_wconf 88' lang='lat' dir='ltr'>quod</span> <span class='ocrx_word' id='word_1_825' title='bbox 1912 2905 2038 2928; x_wconf 84' lang='lat' dir='ltr'>aeneum</span> <span class='ocrx_word' id='word_1_826' title='bbox 2063 2895 2094 2928; x_wconf 82' lang='lat' dir='ltr'>ei</span> <span class='ocrx_word' id='word_1_827' title='bbox 2111 2895 2295 2936; x_wconf 60' lang='lat' dir='ltr'>tripodam*</span> 
     </span>
    </p>
   </div>
   <div class='ocr_carea' id='block_1_35' title="bbox 2261 3025 2293 3082">
    <p class='ocr_par' dir='ltr' id='par_1_41' title="bbox 2243 2995 2293 3082">
     <span class='ocr_line' id='line_1_114' title="bbox 2261 3025 2293 3082; baseline 0 -80"><span class='ocrx_word' id='word_1_828' title='bbox 2261 3025 2293 3082; x_wconf 38' lang='grc' dir='ltr'><em>ἦ</em></span> 
     </span>
    </p>
   </div>
   <div class='ocr_carea' id='block_1_36' title="bbox 2213 3058 2287 3103">
    <p class='ocr_par' dir='ltr' id='par_1_42' title="bbox 2213 3058 2287 3103">
     <span class='ocr_line' id='line_1_115' title="bbox 2235 3058 2266 3078; baseline 0 -19"><span class='ocrx_word' id='word_1_829' title='bbox 2235 3058 2266 3078; x_wconf 22' lang='grc' dir='ltr'>τι.</span> 
     </span>
     <span class='ocr_line' id='line_1_116' title="bbox 2213 3081 2287 3103; baseline 0 -5"><span class='ocrx_word' id='word_1_830' title='bbox 2213 3081 2287 3103; x_wconf 57' lang='lat'>1⁵¹3</span> 
     </span>
    </p>
   </div>
   <div class='ocr_carea' id='block_1_37' title="bbox 1291 3043 2176 3131">
    <p class='ocr_par' dir='ltr' id='par_1_43' title="bbox 1291 3043 2176 3131">
     <span class='ocr_line' id='line_1_117' title="bbox 1741 3043 1774 3073; baseline -0.03 0"><span class='ocrx_word' id='word_1_831' title='bbox 1741 3043 1774 3073; x_wconf 89' lang='lat'>7.</span> 
     </span>
     <span class='ocr_line' id='line_1_118' title="bbox 1291 3091 2176 3131; baseline -0.001 -7"><span class='ocrx_word' id='word_1_832' title='bbox 1291 3092 1448 3124; x_wconf 86' lang='lat' dir='ltr'>Timonax</span> <span class='ocrx_word' id='word_1_833' title='bbox 1463 3091 1546 3123; x_wconf 91' lang='lat' dir='ltr'>libro</span> <span class='ocrx_word' id='word_1_834' title='bbox 1558 3091 1663 3131; x_wconf 90' lang='lat' dir='ltr'>primo</span> <span class='ocrx_word' id='word_1_835' title='bbox 1678 3093 1797 3123; x_wconf 88' lang='lat' dir='ltr'>Rerum</span> <span class='ocrx_word' id='word_1_836' title='bbox 1810 3091 1990 3124; x_wconf 87' lang='lat' dir='ltr'>Sicularum</span> <span class='ocrx_word' id='word_1_837' title='bbox 2001 3091 2032 3122; x_wconf 92' lang='lat' dir='ltr'>iu</span> <span class='ocrx_word' id='word_1_838' title='bbox 2046 3091 2176 3123; x_wconf 82' lang='lat' dir='ltr'>Colchis</span> 
     </span>
    </p>
   </div>
   <div class='ocr_carea' id='block_1_38' title="bbox 1250 3135 2320 3414">
    <p class='ocr_par' dir='ltr' id='par_1_44' title="bbox 1250 3135 2320 3414">
     <span class='ocr_line' id='line_1_119' title="bbox 1250 3135 2320 3180; baseline -0.002 -9"><span class='ocrx_word' id='word_1_839' title='bbox 1250 3142 1395 3172; x_wconf 82' lang='lat' dir='ltr'>Iasonem</span> <span class='ocrx_word' id='word_1_840' title='bbox 1423 3138 1567 3171; x_wconf 82' lang='lat' dir='ltr'>Medeam</span> <span class='ocrx_word' id='word_1_841' title='bbox 1584 3138 1717 3169; x_wconf 84' lang='lat' dir='ltr'>duxisse</span> <span class='ocrx_word' id='word_1_842' title='bbox 1737 3138 1777 3169; x_wconf 91' lang='lat' dir='ltr'>ab</span> <span class='ocrx_word' id='word_1_843' title='bbox 1804 3140 1896 3170; x_wconf 80' lang='lat' dir='ltr'>AEeta</span> <span class='ocrx_word' id='word_1_844' title='bbox 1913 3138 1943 3170; x_wconf 88' lang='lat' dir='ltr'>ei</span> <span class='ocrx_word' id='word_1_845' title='bbox 1961 3138 2163 3179; x_wconf 79' lang='lat' dir='ltr'>desponsam.</span> <span class='ocrx_word' id='word_1_846' title='bbox 2178 3139 2194 3170; x_wconf 91' lang='lat'>1</span> <span class='ocrx_word' id='word_1_847' title='bbox 2270 3135 2286 3180; x_wconf 52' lang='grc' dir='ltr'><em>ἶ</em></span> <span class='ocrx_word' id='word_1_848' title='bbox 2319 3148 2320 3155; x_wconf 59' lang='grc'>’</span> 
     </span>
     <span class='ocr_line' id='line_1_120' title="bbox 1250 3184 2320 3225; baseline -0.005 -7"><span class='ocrx_word' id='word_1_849' title='bbox 1250 3186 1571 3218; x_wconf 86' lang='lat' dir='ltr'>dieit:m0nstrantur</span> <span class='ocrx_word' id='word_1_850' title='bbox 1580 3184 1638 3216; x_wconf 89' lang='lat' dir='ltr'>ubi</span> <span class='ocrx_word' id='word_1_851' title='bbox 1646 3185 1804 3225; x_wconf 86' lang='lat' dir='ltr'>trajicitur</span> <span class='ocrx_word' id='word_1_852' title='bbox 1819 3185 1853 3216; x_wconf 91' lang='lat' dir='ltr'>in</span> <span class='ocrx_word' id='word_1_853' title='bbox 1866 3186 1970 3217; x_wconf 85' lang='lat' dir='ltr'>Ponto</span> <span class='ocrx_word' id='word_1_854' title='bbox 1983 3185 2068 3217; x_wconf 85' lang='lat' dir='ltr'>horti</span> <span class='ocrx_word' id='word_1_855' title='bbox 2080 3184 2212 3225; x_wconf 86' lang='lat' dir='ltr'>quidam</span> <span class='ocrx_word' id='word_1_856' title='bbox 2248 3189 2283 3223; x_wconf 38' lang='lat' dir='ltr'>,g</span> <span class='ocrx_word' id='word_1_857' title='bbox 2310 3207 2320 3221; x_wconf 24' lang='lat'>¹.</span> 
     </span>
     <span class='ocr_line' id='line_1_121' title="bbox 1251 3223 2286 3274; baseline -0.003 -10"><span class='ocrx_word' id='word_1_858' title='bbox 1251 3233 1344 3272; x_wconf 88' lang='lat' dir='ltr'>sonii,</span> <span class='ocrx_word' id='word_1_859' title='bbox 1354 3242 1410 3274; x_wconf 87' lang='lat' dir='ltr'>per</span> <span class='ocrx_word' id='word_1_860' title='bbox 1419 3241 1501 3273; x_wconf 90' lang='lat' dir='ltr'>quos</span> <span class='ocrx_word' id='word_1_861' title='bbox 1508 3231 1702 3271; x_wconf 86' lang='lat' dir='ltr'>discesserit,</span> <span class='ocrx_word' id='word_1_862' title='bbox 1714 3234 1810 3272; x_wconf 87' lang='lat' dir='ltr'>atque</span> <span class='ocrx_word' id='word_1_863' title='bbox 1822 3232 1854 3263; x_wconf 96' lang='lat' dir='ltr'>in</span> <span class='ocrx_word' id='word_1_864' title='bbox 1867 3234 1925 3265; x_wconf 86' lang='lat' dir='ltr'>AEa</span> <span class='ocrx_word' id='word_1_865' title='bbox 1934 3231 2100 3272; x_wconf 82' lang='lat' dir='ltr'>gymnasia</span> <span class='ocrx_word' id='word_1_866' title='bbox 2112 3223 2286 3274; x_wconf 55' lang='lat' dir='ltr'>etdiseidf</span> 
     </span>
     <span class='ocr_line' id='line_1_122' title="bbox 1251 3278 2281 3323; baseline -0.006 -11"><span class='ocrx_word' id='word_1_867' title='bbox 1251 3280 1370 3312; x_wconf 82' lang='lat' dir='ltr'>Medeae</span> <span class='ocrx_word' id='word_1_868' title='bbox 1377 3279 1569 3312; x_wconf 87' lang='lat' dir='ltr'>cubiculum.</span> <span class='ocrx_word' id='word_1_869' title='bbox 1578 3278 1612 3309; x_wconf 91' lang='lat' dir='ltr'>in</span> <span class='ocrx_word' id='word_1_870' title='bbox 1623 3287 1688 3318; x_wconf 90' lang='lat' dir='ltr'>quo</span> <span class='ocrx_word' id='word_1_871' title='bbox 1702 3281 1770 3310; x_wconf 90' lang='lat' dir='ltr'>tum</span> <span class='ocrx_word' id='word_1_872' title='bbox 1779 3279 1893 3319; x_wconf 90' lang='lat' dir='ltr'>nuptui</span> <span class='ocrx_word' id='word_1_873' title='bbox 1903 3279 2056 3310; x_wconf 84' lang='lat' dir='ltr'>collocata</span> <span class='ocrx_word' id='word_1_874' title='bbox 2063 3281 2123 3318; x_wconf 82' lang='lat' dir='ltr'>est,</span> <span class='ocrx_word' id='word_1_875' title='bbox 2130 3278 2281 3323; x_wconf 56' lang='lat' dir='ltr'>etpmpf.</span> 
     </span>
     <span class='ocr_line' id='line_1_123' title="bbox 1250 3324 2265 3366; baseline -0.001 -8"><span class='ocrx_word' id='word_1_876' title='bbox 1250 3327 1363 3358; x_wconf 86' lang='lat' dir='ltr'>urbem</span> <span class='ocrx_word' id='word_1_877' title='bbox 1378 3327 1487 3358; x_wconf 83' lang='lat' dir='ltr'>sanum</span> <span class='ocrx_word' id='word_1_878' title='bbox 1505 3325 1637 3365; x_wconf 79' lang='lat' dir='ltr'>lasoniS,</span> <span class='ocrx_word' id='word_1_879' title='bbox 1659 3325 1823 3366; x_wconf 85' lang='lat' dir='ltr'>multaque</span> <span class='ocrx_word' id='word_1_880' title='bbox 1838 3328 1991 3366; x_wconf 82' lang='lat' dir='ltr'>praeterea</span> <span class='ocrx_word' id='word_1_881' title='bbox 2007 3333 2107 3357; x_wconf 86' lang='lat' dir='ltr'>saera.</span> <span class='ocrx_word' id='word_1_882' title='bbox 2124 3324 2265 3357; x_wconf 66' lang='lat' dir='ltr'>Timoem</span> 
     </span>
     <span class='ocr_line' id='line_1_124' title="bbox 1251 3369 2261 3414; baseline -0.005 -8"><span class='ocrx_word' id='word_1_883' title='bbox 1251 3383 1328 3406; x_wconf 83' lang='lat' dir='ltr'>vero</span> <span class='ocrx_word' id='word_1_884' title='bbox 1344 3373 1378 3406; x_wconf 90' lang='lat' dir='ltr'>in</span> <span class='ocrx_word' id='word_1_885' title='bbox 1384 3376 1525 3413; x_wconf 83' lang='lat' dir='ltr'>Corcyra</span> <span class='ocrx_word' id='word_1_886' title='bbox 1539 3372 1736 3405; x_wconf 90' lang='lat' dir='ltr'>contendens</span> <span class='ocrx_word' id='word_1_887' title='bbox 1748 3373 1877 3414; x_wconf 86' lang='lat' dir='ltr'>nuptias</span> <span class='ocrx_word' id='word_1_888' title='bbox 1890 3372 2065 3405; x_wconf 86' lang='lat' dir='ltr'>celebratas</span> <span class='ocrx_word' id='word_1_889' title='bbox 2072 3379 2153 3411; x_wconf 80' lang='lat' dir='ltr'>esse,</span> <span class='ocrx_word' id='word_1_890' title='bbox 2166 3369 2261 3403; x_wconf 64' lang='lat' dir='ltr'>esum</span> 
     </span>
    </p>
   </div>
   <div class='ocr_carea' id='block_1_39' title="bbox 2317 2515 2320 2523">
    <p class='ocr_par' dir='ltr' id='par_1_45' title="bbox 2317 2515 2320 2523">
     <span class='ocr_line' id='line_1_125' title="bbox 2317 2515 2320 2523; baseline 0 0"><span class='ocrx_word' id='word_1_891' title='bbox 2317 2515 2320 2523; x_wconf 64' lang='grc' dir='ltr'>ι</span> 
     </span>
    </p>
   </div>
  </div>
 </body>
</html>
