2320 3684
757 132 1078 172 PHERECYDIS
1107 131 1438 171 FRAGMENTA.
2101 137 2144 170 83

333 231 483 268 LIBER
516 225 772 273 QUARTUS.

95 288 420 329 Antecedentihus
438 285 545 324 libris
564 282 723 333 Argivas
741 279 888 317 fabulas
920 279 973 315 ita
1000 291 1065 314 ex-

42 351 171 402 posuit
186 347 443 398 Pherecydes,
463 352 525 390 ut,
545 341 611 380 ubi
633 340 682 378 ad
702 338 852 390 Epaphi
878 351 924 375 ex
946 335 1069 385 Libya

1 436 4 438 -
42 409 151 455 lilios,
164 408 296 446 Belum
313 414 352 444 et
365 408 581 455 Agenorem
593 400 811 444 devenerat,
825 395 903 434 Beli
922 402 1068 432 tantum

41 467 201 519 stirpem
219 469 514 517 persequeretur
525 474 535 506 3
547 458 628 510 jam
656 456 774 507 igitur
790 454 889 492 redit
900 452 951 491 ad
970 455 1071 503 Age—

41 538 177 563 norem
195 523 354 574 ejusque
371 518 589 572 prosapiam
602 544 612 563 ,
628 528 744 567 quam
758 520 896 564 quarto
916 509 1016 548 libro
1034 518 1072 546 et

41 584 179 634 quinto
202 586 412 620 enumerat.
429 576 577 629 Eodem
594 573 710 612 modo
724 573 839 611 etiam
858 568 1068 621 Apollodo—

43 655 109 681 rus
129 654 210 680 rem
228 637 408 682 instituit,
429 636 497 687 qui
515 634 609 672 dicit
626 632 692 670 lib.
715 634 784 679 ΙΙΙ,
797 644 830 668 c.
855 643 866 666 ι
885 643 893 666 :
913 626 1016 666 Ἐπεὶ
1035 625 1072 664 δὲ

43 700 84 739 τὸ
100 698 272 752 Ἰνάχειον
289 693 507 749 διερχόμενοι
524 691 644 745 γένος,
671 690 751 733 τοὺς
776 687 846 727 ἀπὸ
866 686 984 733 Βήλου
1006 683 1073 737 με’-

44 768 105 812 χρι
121 759 192 796 τῶν
210 753 450 810 Ἡρακλειδῶν
475 749 738 800 δεδηλώκαμεν,
763 744 940 799 ἐχομένως
958 742 1073 795 λέγω-

45 833 108 870 μεν
125 814 243 856 καὶτὰ
258 814 338 869 περὶ
353 811 544 866 Ἀγήνορος.
560 814 608 849 Et
625 809 723 848 liber
739 815 898 859 quartus
918 804 1074 856 quidem

45 876 200 927 mythos
217 876 430 919 Cretenses,
466 870 515 908 ab
550 868 791 920 Apollodoro
812 880 843 904 c.
873 869 971 909 1-4
995 871 1075 900 tra—

44 944 170 974 ctatos
190 933 416 984 complexus
436 942 519 968 esse
540 929 707 976 videtur,
735 925 878 978 quibus
902 921 1077 973 sequenti

45 994 147 1033 libro
165 991 420 1043 subjiciuntur
433 988 555 1040 mythi
568 986 755 1027 Thebani.
771 987 900 1031 Quare
914 981 962 1020 ad
973 981 1078 1018 hunc

50 1052 195 1091 librum
211 1049 411 1090 referenda
430 1055 519 1085 sunt
542 1047 757 1097 fragmenta
777 1043 824 1082 de
846 1042 964 1092 stirpe
981 1042 1080 1090 Age-

46 1112 152 1150 noris
174 1109 269 1163 (4ο),
306 1109 353 1146 de
383 1106 544 1157 Phineo,
576 1103 765 1157 Agenoris
795 1102 875 1139 filio
898 1097 992 1152 (41),
1030 1097 1078 1135 de

47 1171 201 1210 Cadmo·
211 1180 383 1207 sororem
403 1172 600 1256 quaerelffie
623 1162 718 1216 (42),
741 1162 788 1200 de
805 1161 934 1199 Minoe
951 1157 1046 1209 (43).

101 1276 231 1316 Schol.
251 1274 433 1326 Apollon.
445 1275 516 1318 111,
541 1286 556 1308 1
568 1270 640 1309 185
655 1283 664 1306 ε
678 1265 882 1322 Φερεκύδης
898 1265 932 1303 ἐν
952 1262 981 1302 δ’
991 1261 1082 1301 οὕτω

51 1335 168 1391 φησίν·
195 1333 377 1386 «Ἀγήνωρ
397 1330 434 1370 δὲ
448 1334 467 1370 ὁ
483 1329 704 1379 Ποσειδῶνος
731 1330 839 1379 γαμεῖ
867 1320 1000 1374 Δαμνὼ
1018 1319 1081 1368 τὴν

0 1390 2 1394 ‚
51 1395 182 1443 Βήλου.
198 1395 281 1434 Τῶν
305 1390 342 1430 δὲ
361 1390 516 1442 γίνονται
535 1386 661 1433 Φοῖνιξ
686 1385 746 1425 καὶ
771 1382 883 1430 Ἰσαίη
895 1413 905 1431 ,
922 1381 965 1429 ἣν
986 1380 1083 1433 ἴσχει

51 1453 239 1506 Αἴγυπτος·
250 1451 310 1491 καὶ
328 1448 512 1499 Μελία,ἣν
534 1447 627 1501 ἴσχει
644 1444 789 1488 Δαναός.
804 1442 971 1482 Ἔπειτεν
989 1439 1084 1492 ἴσχει

52 1513 212 1567 Ἀγήνωρ
233 1509 418 1566 Ἀργιόπην
441 1507 505 1556 τὴν
530 1508 659 1547 Νείλου
677 1508 739 1544 τοῦ
762 1504 935 1554 ποταμοῦ.
956 1503 1030 1540 Τοῦ
1047 1497 1084 1537 δὲ

49 1572 182 1624 γίνεται
198 1571 353 1623 Κάδμος.
366 1586 383 1604 1·

535 1621 556 1658 4
567 1622 581 1657 l
591 1649 599 1657 .

104 1678 234 1718 Schol.
263 1678 446 1729 Apollon.
469 1676 519 1721 11,
542 1673 613 1721 178
629 1687 637 1710 :
655 1667 879 1722 Ἀγηνορίδης
906 1663 1082 1718 (Φίνευς)·

52 1735 235 1790 Ἀγήνορος
249 1735 316 1790 γὰρ
332 1741 415 1780 παῖς
429 1735 522 1773 ἐστιν
539 1733 585 1775 ὡς
601 1728 829 1770 Ἑλλάνικος·
848 1727 894 1768 ὡς
907 1722 944 1762 δὲ
958 1722 1085 1761 Ἡσίο-

50 1796 111 1839 δος
128 1794 249 1849 φησὶν,
273 1794 440 1838 Φοίνικος
463 1795 525 1832 τοῦ
545 1789 729 1843 Ἀγήνορος
747 1785 808 1825 καὶ
834 1781 1083 1825 Κασσιεπείας.

51 1852 211 1905 Ὁμοίως
228 1853 288 1892 καὶ
308 1851 588 1901 Ἀσκληπιάδης,
620 1847 680 1887 καὶ
699 1844 907 1895 Ἀντίμαχος
925 1840 984 1880 καὶ
1005 1842 1084 1879 Φε-

54 1910 199 1966 ρεκύδης
217 1912 334 1966 φησίν.
560 1962 583 2000 2

109 2019 287 2069 Apollod.
304 2023 374 2068 Ill,
394 2033 425 2064 1,
453 2032 467 2056 1
485 2033 493 2054 :
516 2013 708 2061 Συνεξῆλθε
725 2010 761 2050 δὲ
781 2011 839 2050 ἐπὶ
860 2009 924 2057 τὴν
942 2008 1085 2056 ζήτησιν

55 2078 162 2124 αὖτ’ἥς
177 2077 397 2132 Τηλέφασσα
413 2079 436 2123 ἢ
452 2075 582 2127 μήτηρ,
598 2073 659 2112 καὶ
672 2071 792 2114 Θάσος
810 2074 828 2110 ὁ
849 2068 1065 2109 Ποσειδῶνος
1077 2080 1085 2088 ·

55 2137 103 2180 ὡς
122 2135 158 2174 δὲ
177 2135 380 2191 Φερεκύδης
396 2134 502 2189 φησὶ,
517 2134 670 2175 Κίλικος.

110 2243 239 2282 Schol.
260 2242 436 2293 Apollon.
457 2243 524 2287 ΙΙΙ,
533 2187 646 2277 413(ίὸ6
660 2236 788 2277 εἜστι
800 2235 860 2274 καὶ
877 2232 980 2275 ἄλλος
996 2234 1086 2270 Δευ-

59 2300 205 2350 καλίων,
225 2304 244 2340 ὁ
258 2300 400 2343 Μίνωος
414 2329 425 2350 ,
442 2298 522 2352 περὶ
541 2292 581 2336 οῧ
599 2294 815 2350 Φερεκύδης.

354 2414 503 2450 LIBER
541 2409 792 2457 QUARTUS.

543 2507 605 2540 40.

105 2589 252 2627 Agenor,
269 2584 410 2626 Neptuni
432 2583 535 2623 filius,
555 2582 590 2614 in
605 2580 850 2614 matrimonium
863 2578 957 2610 ducit
972 2576 1039 2610 Beli
1056 2576 1090 2607 fi-

64 2633 142 2666 liam
156 2656 166 2672 ,
193 2634 331 2664 Damno.
353 2633 403 2663 Ex
419 2630 471 2662 his
489 2629 557 2662 nati
578 2631 655 2661 sunt
680 2627 815 2660 Piioenix
837 2628 869 2658 et
887 2628 983 2664 Isaea,
1008 2633 1090 2655 uxor

65 2679 193 2721 AEgypti
207 2702 215 2718 ,
231 2681 264 2710 et
280 2678 388 2717 Melia,
402 2686 486 2709 uxor
503 2677 617 2709 Danai.
635 2675 758 2707 Deinde
772 2678 896 2715 Agenor
910 2673 1067 2713 Argiopen
1081 2695 1090 2710 ,

65 2725 232 2806 Niidiiiuvu
249 2724 361 2765 filiam,
379 2724 585 2757 matrimonio
599 2722 662 2755 sibi
673 2723 789 2764 jungit.
801 2724 851 2754 Ex
866 2721 918 2753 his
935 2722 1030 2752 natus
1042 2720 1092 2751 est

65 2774 91 2806 G
169 2781 218 2805 us.

545 2849 567 2882 4
576 2849 590 2881 1
601 2872 609 2882 .

107 2919 247 2951 Phineus
256 2918 342 2951 filius
353 2922 402 2951 est
419 2918 591 2954 Phoenicis,
609 2917 762 2958 Agenoris
774 2917 843 2958 tilii,
857 2925 897 2949 ex
911 2915 1092 2955 Cassiepea.

549 2995 612 3028 42.

110 3059 195 3090 Cum
211 3057 334 3090 Cadmo
346 3057 387 3090 ad
408 3060 573 3099 Europam
588 3059 796 3099 quaerendam
816 3059 913 3092 simul
931 3058 1094 3100 profectus

70 3105 119 3136 est
132 3104 322 3146 Telephassa
335 3106 449 3144 mater,
467 3108 499 3137 et
513 3106 652 3144 Thasus,
664 3106 813 3147 Neptuni,
821 3107 1000 3139 secundum
1016 3106 1094 3137 Phe-

71 3152 219 3192 recydem
233 3161 309 3185 vero
326 3152 435 3184 Cilicis
449 3152 544 3184 filius.

550 3225 612 3257 43.

74 3296 287 3382 regstdegtiam
301 3297 382 3329 alius
405 3298 580 3330 Deucalion
591 3322 600 3338 ,
625 3298 743 3331 Minois
759 3298 861 3338 silius,
879 3298 918 3330 de
937 3307 1002 3338 quo
1019 3298 1095 3329 Phe-

1072 2356 1822 2374 —..--—-—--—-—————--——

1429 219 1581 258 LIBER
1608 216 1844 267 QUINTUS.

1178 285 1303 335 Mythi
1330 284 1499 323 Thebani
1513 283 1758 336 ¹(Apollodor.
1782 285 1852 330 ΙΙΙ,
1875 295 1907 320 c.
1944 283 2081 334 4-8)ε
2105 283 2151 321 de

1127 344 1274 381 Cadmo
1299 352 1337 382 et
1353 344 1400 381 de
1414 344 1561 395 Spartis
1586 343 1680 394 (44),
1699 343 1747 381 de
1763 342 1897 386 monili
1918 353 2035 379 aureo
2055 342 2151 390 (45),

1127 402 1175 439 de
1207 403 1382 452 Dionyso
1419 412 1457 440 et
1487 403 1534 441 de
1560 401 1763 453 Hyadibus
1790 400 1882 453 (46),
1912 400 1960 438 de
1978 400 2174 451 Medusa,

1128 460 1270 511 OEdipi
1286 461 1435 498 nutrice
1455 462 1547 512 (47),
1568 461 1615 499 de
1634 460 1777 511 OEdipi
1795 460 1976 511 progenie
1995 458 2092 510 (48),
2108 459 2155 497 de

1128 519 1309 568 Polynice
1330 519 1422 570 (49),
1436 519 1483 557 de
1496 520 1643 557 Tiresia
1656 519 1751 571 (50),
1771 518 1818 557 de
1835 518 1956 569 Tydei
1974 518 2155 556 inhuma-

1129 578 1250 614 nitate
1273 576 1366 629 (51).
1394 581 1582 616 Praeterea
1605 578 1842 629 Pherecydes
1860 582 2071 616 Locrorum
2098 577 2155 615 sa-

1129 634 1240 673 bulas
1260 635 1300 672 in
1315 635 1391 673 hoc
1409 635 1511 674 libro
1531 644 1711 675 tractasse
1736 637 1794 674 vel
1829 637 1961 674 saltem
1986 636 2156 686 attigisse

1131 693 1284 732 videtur
1301 693 1364 745 (51
1390 693 1437 745 a).

1185 811 1313 850 Schol.
1331 811 1511 861 Apollon.
1526 813 1596 858 ΙΙΙ,
1612 825 1626 848 1
1638 812 1709 858 178
1725 825 1733 848 :
1749 811 1950 865 Φερεκύδης
1960 812 1995 849 ἐν
2008 813 2052 863 τῇ
2068 808 2158 862 πέμ-

1133 885 1204 921 πτῃ
1221 869 1319 920 (cod.
1338 869 1454 906 Paris.
1473 869 1508 907 ἐν
1525 868 1569 920 ς’)
1588 867 1678 907 οὕτω
1691 869 1794 923 φησίν
1805 885 1812 893 ·
1829 887 1844 903 «
1857 868 2001 916 Ἐπειδὴ
2017 868 2160 920 Κάδμος

1133 927 1335 982 κατῳκίσθη
1356 928 1391 965 ἐν
1411 926 1587 979 Θήὸῃσιν,
1606 926 1709 981 Ἄρης
1725 928 1810 966 διδοῖ
1822 928 1984 982 αὐτῷκαὶ
1997 927 2159 974 Ἀθηναίη

1134 991 1195 1026 ’1τοῦΙ
1216 984 1397 1041 ὄφιοςτοὺς
1414 984 1552 1036 ἡμίσεις
1572 983 1809 1032 ὄδόντας,τοὺς
1828 985 2008 1037 δὲῆμίσεις
2027 984 2159 1032 Αἷήτη·

1135 1047 1195 1085 καὶ
1213 1049 1231 1085 ὃ
1251 1045 1395 1096 Κάδμος
1421 1044 1547 1082 αὐτίκα
1559 1043 1692 1097 σπείρει
1709 1042 1831 1087 αὖτοὺς
1850 1046 1895 1088 εἷς
1920 1044 1982 1091 τὴν
2001 1028 2161 1098 ἄρουραν,

1135 1105 1253 1159 Ἄρεος
1260 1102 1499 1152 κελεύσαντος,
1508 1101 1568 1141 καὶ
1580 1104 1674 1155 αὐτῷ
1681 1101 1892 1156 ἀναφύονται
1900 1102 2017 1156 ἄνδρες
2030 1103 2162 1153 (codex

1137 1165 1256 1204 Paris.
1274 1163 1381 1203 addit
1388 1156 1525 1212 πολλῶ)
1541 1159 1815 1212 ὡπλισμένοι.Ὁ
1832 1160 1867 1200 δὲ
1881 1161 2024 1212 Κάδμος
2038 1160 2163 1207 δείσας,

1141 1223 1261 1276 βάλλει
1294 1220 1415 1265 αὐτοὺς
1445 1220 1606 1259 λίθοισιν.
1626 1222 1672 1259 Οἱ
1704 1219 1740 1258 δὲ
1758 1218 1931 1263 δοκέοντες
1951 1219 2006 1272 ὑφ’
2034 1221 2163 1256 ἑαυτῶν

1140 1282 1277 1334 (codex
1296 1281 1411 1319 Paris.
1441 1279 1499 1318 ὑπ’
1517 1279 1693 1330 ἀλλήλων)
1721 1278 1926 1331 βάλλεσθαι,
1943 1276 2113 1317 κτείνουσί
2129 1293 2166 1315 τε

1141 1339 1313 1388 ἀλλήλους
1325 1338 1384 1377 καὶ
1405 1338 1606 1386 θνήσκουσι,
1616 1336 1708 1384 πλὴν
1728 1336 1831 1376 πέντε
1848 1334 2166 1391 ἀνδρῶν,οὖδαίου,

1141 1397 1485 1450 Χθονίου,Ἐχίονος,
1497 1395 1676 1450 Πέλωρος,
1684 1394 1930 1450 Ὑπερήνορος·
1943 1394 2002 1433 καὶ
2012 1392 2134 1436 αὐτοὺς
2150 1396 2168 1431 ὃ

1143 1457 1287 1508 Κάδμος
1306 1461 1456 1494 ποιεῖται
1481 1454 1645 1503 πολίτας,
1674 1453 1877 1497 κατοικίσας
1896 1451 2019 1496 αὐτοὺς
2038 1452 2165 1503 (Phav.

1143 1516 1290 1567 Κάδμος
1308 1514 1455 1558 πολίτας
1471 1511 1680 1567 κατῴκισεν)
1702 1514 1737 1551 ἐν
1755 1511 1903 1559 Θήὸαις.

1195 1575 1323 1615 Schol.
1342 1574 1495 1612 Pindar.
1522 1574 1748 1620 Isthm.VII,
1764 1573 1808 1610 13
1828 1568 2055 1624 εΦερεκύδης
2074 1568 2169 1607 διττά

1143 1650 1247 1688 φησιν
1280 1627 1368 1673 εἶναι
1400 1633 1563 1686 σπαρτῶν
1592 1630 1688 1683 γένη.
1716 1630 1788 1669 Τὸν
1805 1629 1884 1683 «γὰρ
1909 1627 1997 1682 Ἄρη
2026 1627 2086 1666 καὶ
2105 1627 2169 1674 τὴν

1144 1693 1304 1742 Ἀθηνᾶν,
1315 1691 1392 1736 τοὺς
1403 1690 1466 1742 μὲν
1485 1690 1624 1742 ἡμίσεις
1639 1692 1708 1728 τῶν
1725 1688 1873 1728 ὀδόντων
1892 1687 2029 1740 Κάδμῳ
2041 1687 2171 1733 δοῦναι,

1144 1751 1224 1798 τοὺς
1243 1750 1278 1790 δὲ
1294 1750 1435 1803 ἡμίσεις
1455 1749 1583 1801 Αἰήτῃ.

1199 1810 1422 1863 Apollodor.
1440 1811 1554 1855 ΙΙΙ,4,
1575 1822 1587 1844 1
1602 1822 1609 1844 ;
1631 1804 1834 1860 Φερεκύδης
1847 1804 1884 1843 δέ
1898 1819 2014 1858 φησιν,
2026 1802 2077 1841 ὅτι
2097 1802 2172 1842 Κά-

1145 1872 1246 1923 δμος,
1264 1867 1345 1907 ἰδὼν
1367 1869 1406 1906 ἐκ
1423 1869 1487 1919 γῆς
1503 1863 1762 1919 ἀναφυομένους
1776 1862 1901 1917 ἄνδρας
1917 1861 2079 1906 ἐνόπλους
2091 1892 2100 1910 ,
2118 1861 2171 1899 ἐπ7

1145 1928 1267 1972 αὐτοὺς
1292 1927 1395 1965 ἔὸαλε
1413 1925 1548 1968 λίθους·
1569 1926 1600 1962 οἳ
1621 1922 1656 1961 δὲ
1672 1953 1682 1971 ,
1703 1922 1761 1960 ὕπ’
1789 1921 1951 1969 ἀλλήλων
1979 1920 2172 1971 νομίζοντες

1147 1988 1356 2041 βάλλεσθαι,
1377 1987 1423 2028 εἷς
1442 1983 1561 2036 μάχην
1578 1980 1810 2028 κατέστησαν.

1624 2046 1686 2084 45.

1200 2108 1379 2160 Apollod.
1403 2110 1471 2154 ΙΙΙ,
1503 2112 1538 2153 4,
1559 2119 1579 2143 2
1600 2121 1607 2142 :
1627 2103 1768 2143 Ἔδωκε
1791 2102 1827 2141 δὲ
1844 2103 1931 2154 αὐτῇ
1950 2101 2093 2152 Κάδμος
2106 2099 2172 2137 πέ-ο

1145 2170 1246 2217 πλον,
1263 2167 1322 2206 καὶ
1341 2165 1400 2204 τὸν
1419 2163 1736 2218 Ἥφαιστότευκτον
1761 2161 1880 2216 ὅρμον,
1901 2161 1937 2200 ὃν
1955 2160 2022 2199 ὑπὸ
2041 2159 2172 2212 Ἡφαί-

1147 2243 1229 2267 στου
1256 2224 1397 2277 λέγουσί
1430 2238 1519 2266 τινες
1554 2223 1695 2269 δοθῆναι
1720 2221 1880 2274 Κάδμῳ,
1913 2217 2117 2274 Φερεκύδης
2137 2216 2170 2255 δὲ

1147 2286 1215 2325 ὑπὸ
1235 2282 1410 2338 Εὐρώπης
1422 2299 1430 2307 ·
1444 2281 1481 2321 ὃν
1499 2281 1596 2335 παρὰ
1612 2280 1692 2324 Διὸς
1708 2279 1815 2327 αὐτὴν
1828 2279 1960 2318 λαὸεἷν.

1449 2394 1601 2433 LIBER
1631 2391 1872 2488 Q4UINTUS.

1629 2457 1650 2490 4
1684 2482 1692 2489 .

1190 2510 1365 2548 Postquam
1379 2505 1525 2538 Cadmus
1538 2503 1656 2537 Thebis
1671 2503 1763 2535 sedes
1777 2501 1839 2534 sibi
1852 2500 2070 2537 constituerat,
2086 2500 2170 2530 Mars

1148 2558 1181 2588 et
1195 2555 1340 2587 Minerva
1354 2552 1522 2585 dimidiam
1547 2551 1576 2583 ei
1593 2549 1741 2582 draconis
1763 2549 1907 2581 dentium
1923 2548 2061 2587 partem,
2078 2545 2170 2576 dimi-

1149 2602 1235 2634 diam
1250 2603 1350 2633 AEetae
1366 2599 1533 2632 dederunt.
1555 2600 1660 2638 Atque
1674 2597 1817 2630 Cadmus
1836 2604 1854 2626 a
1868 2596 1967 2626 Marte
1980 2593 2090 2632 jussus
2107 2593 2168 2622 sta-

1150 2648 1208 2679 tim
1224 2646 1369 2679 condidit
1382 2654 1437 2677 eos
1451 2645 1482 2676 in
1504 2645 1616 2683 humo,
1648 2643 1734 2674 unde
1748 2643 1923 2672 nascuntur
1936 2641 1964 2670 ei
1975 2638 2035 2669 viri
2044 2638 2170 2668 armati.

1151 2697 1240 2732 Quos
1256 2694 1374 2724 timens
1386 2691 1549 2732 lapidibus
1572 2689 1698 2731 petivit.
1717 2689 1767 2720 Illi
1788 2696 1862 2718 vero
1877 2694 1910 2717 se
1930 2685 1962 2716 in
1978 2693 2012 2715 se
2028 2684 2114 2724 ipsos
2130 2683 2171 2714 ia—

1151 2741 1242 2782 pides
1255 2739 1413 2780 conjicere
1428 2740 1578 2778 putantes
1595 2738 1709 2768 mutua
1724 2734 1810 2766 caede
1827 2733 1990 2764 intereunt
2000 2754 2009 2769 ,
2030 2730 2172 2771 quinque

1151 2787 1305 2828 exceptis,
1322 2786 1434 2824 Udoeo‚
1452 2783 1627 2821 Chthonio‚
1648 2781 1799 2818 Echione,
1814 2779 1936 2816 Peloro,
1950 2779 2166 2818 Hyperenore,

1151 2843 1234 2875 quos
1253 2834 1340 2865 cives
1353 2831 1520 2864 constituit
1536 2834 1567 2862 et
1583 2829 1700 2861 Thebis
1716 2827 1807 2859 sedes
1826 2826 1866 2857 iis
1878 2825 2030 2865 assignat.

1194 2879 1392 2920 Pherecydes
1412 2877 1529 2918 duplex
1551 2877 1594 2907 ait
1612 2884 1683 2907 esse
1697 2875 1883 2913 Spartorum
1899 2879 2018 2911 genus:
2036 2870 2172 2902 Martem

1152 2927 1237 2959 enim
1252 2929 1284 2957 et
1297 2926 1474 2957 Minervam
1491 2922 1657 2954 dimidiam
1680 2919 1824 2952 dentium
1840 2920 1962 2959 partem
1978 2916 2102 2949 Cadmo
2121 2916 2173 2948 de-

1153 2974 1255 3012 disse,
1270 2971 1437 3003 dimidiam
1453 2971 1565 3001 AEetae.

1196 3020 1257 3052 Sed
1272 3017 1472 3057 Pherecydes
1486 3012 1640 3055 scriptum
1658 3012 1787 3053 reliquit
1802 3010 1975 3050 :cadmns,
1990 3011 2173 3042 uiarmatos

1153 3067 1241 3098 viros
1257 3067 1374 3097 eterra
1400 3061 1518 3094 exoriri
1534 3060 1721 3100 conspexit,
1748 3058 1869 3100 lapides
1897 3057 1928 3088 in
1951 3065 2007 3088 eos
2023 3056 2171 3096 conjecit.

1154 3115 1236 3145 Tum
1259 3112 1281 3143 ii
1307 3109 1450 3141 vicissim
1468 3107 1591 3149 percuti
1606 3106 1849 3144 existimantes,
1867 3107 2016 3136 mutuam
2038 3104 2121 3135 inter
2140 3112 2174 3134 se

1155 3166 1292 3199 pugnam
1310 3156 1458 3187 inierunt.

1197 3250 1341 3282 Cadmus
1354 3248 1446 3279 uxori
1459 3249 1588 3289 peplum
1613 3256 1651 3278 ac
1669 3246 1799 3285 monile,
1815 3245 1951 3278 Vulcani
1965 3253 2047 3285 opus
2061 3268 2069 3282 ,
2088 3242 2175 3283 quod

1155 3298 1183 3330 ei
1198 3297 1238 3328 ab
1253 3296 1398 3327 Vulcano
1411 3295 1497 3327 dono
1509 3295 1645 3327 missum
1662 3294 1779 3332 serunt,
1795 3293 1919 3325 muneri
1935 3292 2031 3324 dedit.
2042 3293 2083 3323 At
2100 3290 2174 3321 Phc-

1157 3343 1289 3383 recydes
1300 3342 1340 3374 ab
1351 3345 1479 3383 Europa
1487 3343 1598 3375 datum
1610 3341 1720 3373 scribit
1728 3349 1801 3381 quae
1810 3340 1850 3371 ab
1859 3341 1940 3372 Jove
1949 3339 1978 3370 id
1988 3337 2174 3378 accepisset.

2050 3401 2082 3432 6„
