2320 3684
125 202 198 236 238

124 281 296 334 Ἀμύκλας
318 277 489 332 ἐξαίρετον
519 276 637 314 δοῦναι
663 277 715 327 τῷ
743 272 930 327 προδόντι*
949 274 1065 317 αὐτοῖς
1084 272 1147 321 τὴν

123 337 352 389 Λακωνικὴν,
391 336 452 376 καὶ
491 334 652 373 πείσαντι
689 332 748 371 τὸν
787 332 984 384 κατέχοντα
1026 331 1148 381 αὐτὴν,

123 399 338 438 ὑπόσπονδον
382 396 543 434 ἀπελθεῖν
581 391 670 444 μετὰ
703 393 772 430 τῶν
815 391 964 444 Ἀχαιῶν
999 392 1047 435 εἰς
1083 389 1147 438 τὴν

125 458 279 498 Ἰωνίαν·
295 455 359 503 τὴν
378 454 414 493 δὲ
435 452 604 505 Σπάρτην
631 450 805 503 βασίλειον
826 451 1004 504 ἀποφῆναι
1031 449 1146 503 σφίσιν

123 519 256 560 αὐτοῖς·
277 518 323 559 εἰς
339 513 376 552 δὲ
391 512 452 556 τὰς
471 511 579 555 ἄλλας
591 509 732 563 πέμψαι
749 508 925 561 βασιλέας,
939 508 1149 562 ἐπιτρέψαν-

122 593 184 620 τας
213 574 375 628 δέχεσθαι
396 570 572 613 συνοίκους
589 568 667 613 τοὺς
689 567 917 620 βουλομένους
937 571 1006 607 τῶν
1030 567 1147 616 ξένων,

124 635 180 674 διὰ
203 634 265 681 τὴν
287 629 529 683 λειπανδρίαν·
561 631 713 681 χρῆσθαι
742 626 778 666 δὲ
801 623 874 666 Aoni
893 625 956 678 μὲν
992 625 1141 680 ὀ[χυρώ-

125 710 232 745 ματι,
252 688 456 743 Ἐπιδαύρῳ
488 689 562 740 (vel
591 686 736 740 Γυθείῳ)
763 685 800 724 δὲ
827 685 985 740 ἐμπορίῳ
1010 684 1067 724 διὰ
1091 684 1146 736 τὸ]

123 752 311 803 εὐλίμενον,
346 747 449 799 Α’ἴγυι
489 745 526 785 δὲ
559 745 644 800 πρὸς
677 745 755 790 τοὺς
782 745 968 796 πολεμίους
999 746 1147 796 [ἐπιτει-

122 811 254 862 χισμῷ,
273 806 421 857 ταύτην]
441 805 510 859 γὰρ
529 808 665 857 ὁμορεῖν
688 810 760 848 τοῖς
781 803 899 857 κύκλῳ
926 803 1146 855 [πολεμίοις],

123 868 257 920 Φάριδι
278 865 315 906 δὲ
344 867 408 917 [εἰς
436 864 612 915 συνόδους]
638 863 708 902 ἀπὸ
727 866 796 902 τῶν
827 863 920 907 ἐντὸς
952 863 1146 917 ἀσφάλειαν

122 926 274 979 ἐχούσῃ·
311 923 549 966 ὑπακούοντας
583 923 612 961 δ’
647 922 805 966 ἅπαντας
839 921 918 965 τοὺς
952 921 1148 976 περιοίκους

123 986 356 1040 Σπαρτιατῶν
371 1013 381 1031 ,
408 982 502 1035 ὅμως
521 982 701 1033 ἰσονόμους
727 975 814 1020 εἶναι
826 1012 836 1030 ,
858 981 1069 1033 μετέχοντας
1086 981 1146 1019 καὶ

124 1043 299 1087 πολιτείας
326 1042 385 1082 καὶ
409 1042 576 1096 ἀρχείων
603 1042 783 1080 καλεῖσθαι
803 1040 840 1078 δὲ
859 1038 1023 1084 εἵλωτας·
1049 1033 1146 1091 Ἆγιν

128 1104 164 1146 δὲ
193 1103 251 1142 τὸν
289 1100 523 1153 Εὐρυσθένους
557 1098 744 1153 ἀφελέσθαι
772 1098 835 1146 τὴν
863 1098 1051 1150 ἰσοτιμίαν,
1087 1098 1146 1136 καὶ

125 1163 296 1203 συντελεῖν
309 1159 502 1214 προστάξαι
520 1161 564 1211 τῇ
581 1158 729 1211 Σπάρτῃ
741 1173 749 1182 ·
767 1157 846 1200 τοὺς
865 1156 928 1209 μὲν
945 1151 1003 1195 οῧν
1023 1156 1148 1200 ἄλλους

125 1224 342 1269 ὑπακοῦσαι,
359 1218 438 1262 τοὺς
462 1218 491 1256 δ’
513 1217 680 1264 Ἐλείους,
706 1216 784 1260 τοὺς
806 1216 948 1269 ἔχοντας
963 1215 1003 1254 τὸ
1020 1215 1148 1264 ςἘλος,

121 1278 377 1330 ποιησαμένους
414 1275 621 1324 ἀπόστασιν,
645 1274 735 1314 κατὰ
770 1274 895 1328 κράτος
917 1275 1050 1312 ἁλῶναι
1077 1289 1148 1312 πο-

122 1337 234 1392 λέμῳ,
268 1336 328 1375 καὶ
356 1338 517 1389 κριθῆναι
546 1333 684 1377 δούλους
711 1333 768 1372 ἐπὶ
785 1339 923 1376 τακτοῖς
938 1348 1041 1381 τισιν,
1058 1331 1149 1370 ὥστε

120 1395 178 1435 τὸν
224 1394 351 1448 ἔχοντα
393 1394 476 1445 μήτ’
512 1395 708 1446 ἐλευθεροῦν
752 1392 895 1440 ἐξεῖναι,
945 1391 1034 1443 μήτε
1071 1407 1148 1429 πω-

121 1456 192 1494 λεῖν
222 1454 288 1500 ἔξω
311 1457 380 1493 τῶν
400 1452 488 1508 ὅρων
512 1451 668 1495 τούτους·
691 1456 812 1490 τοῦτον
839 1450 874 1489 δὲ
903 1453 1071 1503 λεχθῆναι
1090 1450 1148 1489 τὸν

120 1513 206 1567 πρὸς
228 1513 307 1557 τοὺς
322 1511 483 1555 Εἵλωτας
500 1510 666 1562 πόλεμον.
682 1514 793 1548 Hunc
808 1509 1005 1547 Strabonis
1023 1510 1148 1547 locum

121 1573 266 1611 lacunis
294 1572 429 1609 misere
456 1570 673 1608 mutilatum
695 1569 749 1606 sic
778 1567 937 1606 exhibui
963 1576 1007 1605 ut
1033 1571 1074 1606 C.
1101 1571 1148 1608 Ο.

121 1632 271 1670 Miiller.
288 1631 327 1668 in
346 1633 442 1668 Dor.
457 1633 491 1676 I,
510 1642 548 1682 p,
561 1634 610 1679 94
628 1641 715 1666 eum
729 1626 1007 1665 restituendum
1023 1635 1148 1679 putat.

173 1764 314 1804 Strabo
337 1767 444 1813 VIII,
468 1778 508 1816 p.
536 1764 632 1802 562:
653 1761 861 1806 Ἑλλάνικος
895 1760 958 1812 μὲν
988 1756 1047 1800 οῧν
1076 1763 1151 1801 Εὖ-

122 1825 266 1877 ρυσθένη
294 1825 354 1864 καὶ
386 1823 553 1879 Προκλέα
581 1822 666 1876 φησὶ
698 1821 858 1867 διατάξαι
876 1821 940 1869 τὴν
957 1821 1148 1861 πολιτείαν.

120 1883 274 1937 Ἔφορος
304 1884 336 1922 δ’
367 1881 525 1936 ἐπιτιμᾷ,
561 1883 685 1937 φήσας,
716 1879 921 1934 Λυκούργου
950 1879 1013 1932 μὲν
1046 1880 1148 1919 αὐτὸν

123 1944 289 1994 μηδαμοῦ
317 1945 537 1994 μεμνῆσθαι·
571 1940 616 1979 τὰ
645 1940 678 1979 δ’
710 1939 841 1979 ἐκείνου
877 1939 963 1993 ἔργα
996 1945 1067 1983 τοῖς
1098 1939 1147 1990 μὴ

121 2002 356 2055 προσήκουσιν
378 2000 594 2040 ἀνατιθέναι·
615 2000 711 2054 μόνῳ
730 2004 811 2052 γοῦν
836 1998 1029 2053 Λυκούργῳ
1057 1999 1147 2053 ἱερὸν

163 2095 180 2112 *
202 2096 296 2127 Hunc
322 2103 355 2135 p.
384 2094 455 2125 561.
484 2095 522 2125 D.
554 2093 784 2126 Philonomum
803 2093 899 2133 dicit,
926 2093 967 2125 de
985 2101 1051 2134 quo
1074 2092 1150 2125 vide

122 2150 195 2182 quae
219 2142 297 2174 sunt
320 2150 371 2182 ap.
403 2141 505 2173 Nicol.
531 2143 624 2173 Dam.
656 2150 688 2182 p.
715 2142 766 2172 40.
795 2140 892 2173 orell.
908 2164 918 2181 ,
935 2142 968 2172 et
982 2141 1146 2182 supplem.

121 2198 153 2230 p.
171 2190 223 2228 30,
238 2197 278 2221 ex
293 2189 436 2229 Ephoro,
454 2189 490 2221 ut
503 2189 612 2221 censet
625 2191 728 2221 Marx.

123 2287 296 2328 Amyclas,
314 2287 449 2328 praemio
471 2287 598 2319 dedisse
614 2287 641 2319 ei
667 2287 723 2328 qui
742 2286 934 2319 Laconicam
956 2286 1036 2327 ipsis
1048 2286 1150 2327 prodi-

123 2335 213 2367 derat
228 2335 496 2375 persuaseratque
510 2342 581 2365 eam
594 2336 673 2365 tunc
689 2333 861 2373 obtinenti,
881 2336 918 2365 ut
934 2332 1030 2365 oertis
1046 2332 1149 2374 pactis

121 2380 257 2413 firmatis
272 2389 348 2412 cum
362 2380 489 2412 Achaeis
505 2380 538 2411 in
555 2380 680 2412 Ioniam
698 2380 878 2412 discederet
897 2390 904 2411 :
922 2382 1069 2421 Spartam
1086 2379 1148 2411 sibi

122 2437 180 2470 pro
198 2427 283 2469 regia
307 2427 485 2459 destinasse
502 2437 510 2458 :
527 2427 561 2458 in
576 2427 716 2468 reliquas
739 2427 835 2459 urbes
856 2427 1020 2459 dimisisse
1038 2434 1126 2467 reges
1139 2449 1149 2466 ,

122 2475 180 2516 qui
193 2474 321 2507 civibus
337 2474 569 2516 permitterent,
589 2476 623 2505 ut
636 2474 770 2514 quosvis
783 2474 965 2515 peregrinos
978 2473 1149 2514 inquilino·

122 2532 196 2554 rum
203 2522 276 2554 loco
286 2521 475 2562 reciperent,
486 2523 593 2553 motos
599 2521 734 2562 penuria
743 2521 913 2553 hominum
920 2520 1130 2553 incolentium
1140 2530 1147 2551 :

122 2572 155 2602 et
162 2569 261 2602 Laide
270 2569 402 2611 quidem
416 2577 493 2601 usos
506 2577 577 2600 esse
589 2568 719 2600 castello
729 2592 737 2607 ‚
756 2568 919 2609 Epidauro
935 2568 1002 2607 (vel
1014 2567 1148 2608 Gythio)

123 2618 232 2649 autem
253 2616 398 2657 emporio
425 2617 555 2657 propter
578 2615 769 2656 praeclarum
795 2615 865 2655 ejus
884 2617 1032 2656 portum,
1050 2617 1149 2655 AEgye

122 2663 364 2706 propugnaculo
379 2665 491 2695 contra
505 2663 627 2702 hostes,
645 2662 764 2703 quippe
776 2662 830 2702 qui
847 2661 937 2693 locus
950 2661 1086 2693 confinis
1103 2670 1149 2693 es-

123 2713 173 2744 set
185 2710 333 2743 hostibus
349 2709 704 2749 circumhabitantibus,
714 2708 849 2741 Pharide
861 2708 999 2749 denique
1012 2717 1149 2740 conven-

125 2758 234 2798 ticulo,
251 2766 353 2799 quum
369 2759 440 2789 tuta
451 2758 538 2789 esset
554 2756 595 2788 ab
611 2756 660 2796 iis,
679 2756 735 2797 qui
751 2756 840 2787 intus
863 2757 975 2787 erant:
993 2758 1090 2795 atque
1105 2755 1150 2786 ita

123 2804 361 2846 obtemperasse
377 2804 543 2845 Spartanis
559 2812 672 2836 omnes
684 2827 693 2842 ‚
711 2803 767 2844 qui
784 2811 839 2835 eos
856 2802 1058 2841 accolebant,
1072 2802 1148 2834 vici-

124 2860 184 2883 nos
195 2876 205 2892 ‚
222 2852 298 2883 etin
316 2851 503 2888 societatem
520 2851 802 2892 aequalitatemque
821 2850 927 2891 legum
938 2874 947 2889 ,
965 2849 1149 2890 reipublicae

123 2899 156 2928 et
168 2898 266 2931 curiae
280 2898 374 2931 abiis
387 2899 547 2931 admissos
560 2898 673 2938 fuisse,
691 2898 886 2938 Helotasque
896 2897 1083 2938 appellatos.
1095 2899 1149 2929 Ve-

124 2952 196 2975 rum
211 2945 252 2976 ab
281 2945 381 2986 Agide
405 2945 618 2986 Eurysthenis
644 2945 710 2978 filio
735 2945 770 2977 id
779 2945 861 2986 juris
887 2944 933 2976 eis
957 2944 1147 2976 ademtum:

122 2990 295 3031 iussosque
308 2993 406 3024 fuisse
419 2992 672 3025 Lacedaemoniis
701 2992 860 3024 tributum
876 2991 1024 3032 pendere.
1054 2990 1148 3023 Eleos

126 3037 180 3076 qui
224 3038 321 3070 Helos
365 3040 520 3071 tenebant
536 3063 545 3079 ‚
582 3039 715 3080 reliquis
748 3039 936 3081 parentibus
949 3059 958 3075 ‚
979 3038 1131 3070 mandato

127 3084 213 3115 solos
235 3085 423 3126 rebellasse,
446 3086 685 3128 debellatosque
708 3087 859 3120 servituti
885 3087 1032 3119 addictos
1050 3087 1149 3119 fuisse

126 3130 222 3162 certis
243 3131 438 3171 quibusdam
455 3134 715 3174 conditionibus,
732 3138 769 3167 ut
784 3135 879 3167 talem
899 3143 1030 3166 servum
1045 3142 1150 3175 neque

126 3175 273 3208 libertate
297 3178 417 3211 donare
439 3180 549 3212 liceret
568 3181 719 3222 domino,
737 3190 842 3222 neque
867 3184 958 3214 extra
979 3181 1059 3213 fines
1078 3190 1150 3213 ven-

126 3221 212 3255 dere.
230 3223 267 3255 Ei
280 3224 363 3257 bello
382 3235 498 3259 nomen
515 3227 575 3259 fuit
591 3228 712 3261 bellum
726 3231 839 3262 contra
860 3228 1003 3261 Helotas.

168 3322 308 3355 Proinde
325 3324 509 3357 Hellanicus
527 3283 764 3368 Eurylsiiienem
785 3330 817 3360 et
833 3328 979 3360 Proclem
1001 3327 1149 3359 auctores

127 3369 204 3405 facit
218 3370 404 3412 reipublicae
425 3373 600 3413 Spartanae.
622 3377 728 3413 Quem
743 3375 894 3416 Ephorus
910 3375 1079 3416 increpans
1092 3373 1150 3413 ait,

896 187 1090 228 EPHORI
1118 186 1446 226 FRAGMENTA.

1204 271 1380 326 ἱδρύσθαι,
1401 274 1460 313 καὶ
1490 273 1631 313 θύεσθαι
1648 274 1729 312 κατ’
1747 274 1836 318 ἔτος·
1868 275 2009 319 ἐκείνοις
2028 275 2076 325 δὲ,
2101 278 2227 332 καίπερ

1204 333 1370 376 οἰκισταῖς
1389 332 1602 385 γενομένοις,
1620 333 1710 384 μηδὲ
1726 338 1826 372 τοῦτο
1846 333 2022 383 δεδόσθαι,
2042 334 2132 375 ὥστε
2150 336 2229 381 τοὺς

1205 391 1266 428 ἀπ’
1289 392 1415 439 αὐτῶν,
1433 390 1513 435 τοὺς
1532 391 1594 443 μὲν
1615 392 1884 444 Εὗρυσθενίδας,
1905 392 1983 437 τοὺς
2000 392 2036 431 δὲ
2057 395 2229 448 Προκλεί-

1205 449 1264 493 δας
1293 451 1496 488 καλεῖσθαι·
1537 451 1607 490 οὐδ’
1649 448 1845 504 ἀρχηγέτας
1884 455 2113 505 νομισθῆναι»,
2143 452 2229 508 ὅπερ

1202 514 1309 546 πᾶσιν
1326 507 1533 548 ἀποδέδοται
1552 516 1623 554 τοῖς
1640 511 1819 554 οἰκισταῖς.
1836 541 1844 549 .
1863 540 1872 549 .
1892 541 1902 550 .
1926 510 1998 550 Καὶ
2019 510 2132 550 αἰτίαν
2151 511 2232 551 τού·

1202 582 1263 604 του
1293 566 1406 620 λέγει,
1441 568 1494 607 ὅτι
1529 569 1703 616 ἐπήλυδας
1729 568 1930 622 ἀνθρώπους
1965 569 2150 622 δεξάμενοι
2184 571 2230 610 δι’

1203 625 1342 665 ἐκείνων
1374 628 1638 666 ἐδυνάστευσαν.

1257 688 1475 724 Posteriora
1491 687 1610 725 verba
1623 687 1790 725 editores
1803 688 1881 726 fere
1895 701 2027 726 omnes
2038 689 2092 727 sic
2105 701 2231 728 resar-

1203 745 1326 783 ciunt:
1341 747 1579 783 -καλεῖσθαυ
1595 745 1729 797 Ἀγίδας
1753 746 1782 784 δ’
1798 746 1868 784 ἀπὸ
1892 745 2026 798 Ἄγιδος
2036 751 2097 785 τοῦ
2120 749 2233 802 Εὔρυ-

1203 802 1358 847 σθένους·
1375 803 1453 847 τοὺς
1473 804 1502 842 δ’
1521 805 1811 857 Εὐρυπωντίδας,
1832 805 1901 843 ἀπὸ
1922 806 2153 859 Εὐρυπῶντος
2170 811 2231 849 τοῦ

1203 862 1414 915 Προκλέους.
1435 862 1526 907 Τοὺς
1543 863 1605 914 μὲν
1635 862 1703 917 γὰρ
1723 865 1952 903 δυναστεῦσαι
1977 865 2135 909 δικαίως·
2154 865 2233 911 τοὺς

1203 919 1252 969 δὲ,
1283 919 1486 973 δεξαμένους
1505 922 1679 969 ἐπήλυδας
1699 922 1918 976 ἀνθρώπους,
1947 923 1993 961 δι’
2011 923 2152 962 ἐκείνων
2172 925 2233 964 δυ-

1203 983 1403 1018 ναστεῦσαι.
1432 979 1537 1019 ςὈθεν
1557 981 1626 1019 οὐδ’
1655 981 1855 1035 ἀρχηγέτας
1883 985 2111 1034 νομισθῆναι,
2147 982 2234 1038 ὅπερ

1205 1044 1312 1076 πᾶσιν
1331 1038 1539 1078 ἀποδέδοται
1557 1045 1627 1083 τοῖς
1644 1042 1823 1085 οἰκισταῖς.
1854 1042 1911 1080 Cf.
1938 1042 2130 1080 Plutarch.
2156 1046 2233 1093 Ly-

1203 1097 1311 1135 sand.
1343 1111 1375 1135 c.
1401 1104 1465 1147 24,
1486 1102 1647 1137 Pausan.
1672 1102 1740 1147 111,
1767 1113 1803 1149 2,
1829 1100 2016 1138 Herodot.
2033 1103 2118 1149 VII,
2136 1108 2228 1147 204,

1205 1158 1308 1202 VIII,
1339 1164 1425 1196 131.

1706 1235 1768 1273 20.

1258 1310 1398 1350 Strabo
1419 1313 1525 1359 VIII,
1551 1324 1590 1361 p.
1618 1310 1714 1358 554:
1746 1310 1899 1365 Ἔφορος
1917 1311 1953 1352 δὲ
1971 1314 2030 1354 τὸν
2053 1317 2234 1371 Κρεσφόν-

1204 1385 1268 1416 την
1285 1400 1295 1417 ,
1323 1367 1442 1416 ἐπειδὴ
1461 1363 1530 1407 εἷλε
1549 1369 1740 1417 Μεσσήνην
1754 1401 1765 1419 ,
1795 1372 1917 1410 διελεῖν
1937 1388 2041 1427 φησιν
2067 1376 2114 1419 εἷς
2134 1376 2236 1417 πέντε

1205 1427 1323 1471 πόλεις
1343 1426 1465 1483 αὐτὴν,
1484 1426 1576 1466 ὥστε
1591 1427 1654 1475 τὴν
1673 1428 1913 1483 Στενύκλαρον
1932 1430 1995 1483 μὲν
2012 1434 2048 1471 ἐν
2067 1435 2117 1487 τῷ
2137 1435 2236 1486 μέσω

1206 1490 1267 1534 τῆς
1288 1486 1407 1542 χώρας
1425 1485 1555 1534 ταύτης
1567 1486 1744 1539 κειμένην,
1760 1489 1938 1534 ἀποδεῖξαι
1954 1491 2128 1544 βασίλειον
2140 1475 2235 1550 αὐτῷ

1206 1549 1268 1593 τῆς
1289 1545 1478 1598 βασιλείας,
1495 1544 1635 1598 πέμψαι
1658 1545 1692 1584 δὲ
1711 1548 1743 1590 ἐς
1762 1546 1880 1587 Πύλον
1906 1565 1945 1588 τε
1965 1550 2025 1588 καὶ
2041 1550 2137 1590 Ῥίον
2157 1553 2234 1604 [καὶ

1207 1603 1372 1644 Μεσόλαν
1396 1604 1470 1655 καὶ]
1490 1603 1654 1656 (Υαμῖτιν
1673 1605 1883 1652 ποιήσοντας
1907 1607 2086 1659 ἰσονόμους
2102 1610 2236 1656 πάντας

1205 1669 1276 1708 τοῖς
1297 1666 1468 1716 Δωριεῦσι
1486 1662 1564 1706 τοὺς
1585 1664 1815 1711 Μεσσηνίους.
1836 1666 1909 1717 (Ita
1925 1668 2059 1707 Odofr.
2085 1671 2234 1709 Mfiller.

1205 1723 1383 1761 Doriens.
1410 1726 1441 1771 l,
1462 1736 1499 1773 p.
1531 1722 1582 1772 95
1611 1731 1758 1778 textum
1783 1725 2011 1778 constituit.)
2029 1726 2236 1773 Ἀναξιοπα-

1207 1780 1356 1819 θούντων
1394 1780 1431 1819 δὲ
1463 1783 1532 1819 τῶν
1569 1780 1732 1835 Δωριέων
1767 1782 1984 1833 μεταγνόντα
2021 1785 2129 1836 μόνην
2170 1787 2234 1835 τὴν

1207 1839 1447 1894 Στενύκλαρον
1479 1839 1622 1891 νομίσαι
1652 1839 1771 1878 πόλιν’
1802 1843 1848 1884 εἷς
1877 1846 1979 1881 τοῦτο
1999 1843 2035 1883 δὲ
2053 1844 2130 1888 τοὺς
2157 1848 2236 1885 Δω-

1207 1897 1299 1952 ριέας
1318 1904 1524 1951 συναγαγεῖν
1542 1898 1707 1943 ἅπαντας.
1726 1899 1783 1938 Cf.
1805 1903 1964 1940 Pausan.
1982 1905 2049 1951 IV,
2065 1905 2100 1941 3.

1699 1987 1779 2037 21„

1259 2058 1496 2109 Stephanus:
1526 2057 1682 2111 Ἀρίσὸη,
1696 2057 1795 2102 πόλις
1811 2061 1872 2106 τῆς
1886 2058 2063 2111 Τρωάδος.
2081 2091 2089 2099 .
2108 2091 2116 2099 .
2135 2089 2144 2099 .
2160 2063 2232 2101 Κε-

1207 2115 1328 2171 φάλων
1346 2116 1383 2154 δέ
1399 2132 1504 2170 φησιν
1521 2115 1575 2154 ὅτι
1595 2117 1773 2171 Δάρδανος
1789 2118 1858 2156 ἀπὸ
1871 2118 2107 2173 Σαμοθρᾴκης
2126 2120 2233 2159 ἐλθὼν

1205 2177 1253 2219 εἰς
1274 2174 1337 2222 τὴν
1361 2176 1516 2229 Τρῳάδα
1538 2175 1602 2223 τὴν
1628 2175 1786 2230 Τεύκρου
1809 2181 1869 2216 τοῦ
1898 2178 2036 2232 Κρητὸς
2063 2179 2235 2234 θυγατέρα

1208 2295 1299 2326 eum,
1315 2287 1478 2327 praeterita
1493 2287 1630 2327 Lycurgi
1643 2287 1819 2327 mentione,
1836 2288 1920 2320 sacta
1934 2288 2037 2329 ipsius
2051 2289 2163 2322 alienis
2181 2290 2235 2323 ad·

1207 2333 1375 2374 scripsisse
1394 2343 1401 2364 :
1421 2342 1496 2365 nam
1515 2333 1576 2365 soli
1593 2335 1742 2374 Lycurgo
1757 2334 1914 2375 templum
1930 2343 2002 2367 esse
2023 2335 2183 2376 dicatum,
2199 2339 2232 2369 et

1206 2380 1381 2421 quotannis
1391 2379 1564 2412 sacrificari
1580 2391 1588 2410 ι
1603 2380 1676 2419 illis,
1690 2381 1841 2421 quamvis
1852 2383 1999 2422 Spartam
2015 2381 2231 2424 condiderint,

1207 2435 1248 2459 ne
1261 2427 1322 2458 hoc
1340 2427 1472 2467 quidem
1486 2436 1675 2459 concessum
1691 2437 1763 2460 esse
1774 2449 1784 2464 ,
1806 2431 1857 2468 ut,
1870 2428 1926 2469 qui
1947 2428 1990 2461 ab
2010 2429 2050 2462 iis
2066 2430 2233 2472 propagati

1208 2477 1297 2515 sunt,
1317 2474 1564 2516 Eurysthenidae
1583 2484 1621 2507 ac
1638 2475 1790 2507 Proclidae
1809 2478 2086 2517 nuncuparentur.
2111 2477 2230 2518 Agidas

1207 2521 1294 2554 enim
1309 2530 1428 2554 nomen
1439 2521 1557 2554 habere
1572 2522 1613 2554 ab
1627 2522 1736 2563 Agide,
1753 2523 1976 2564 Eurysthenis,
1994 2524 2234 2565 Eurypontidas

1207 2570 1317 2600 autem
1339 2568 1380 2600 ab
1402 2571 1598 2609 Euryponte‚
1615 2569 1736 2601 Proclis
1758 2569 1834 2602 filio.
1854 2571 1897 2602 Et
1918 2570 1977 2602 hos
1993 2570 2125 2612 quidem
2147 2571 2234 2612 iuste

1208 2623 1370 2655 regnasse,
1389 2615 1462 2647 illos
1476 2624 1564 2655 vero,
1583 2616 1716 2648 adscitis
1739 2616 1873 2649 advenis
1894 2617 2100 2658 hominibus,
2121 2627 2233 2651 eorum

1206 2671 1266 2703 ope
1281 2662 1454 2703 imperium
1473 2662 1665 2695 obtinuisse.
1686 2665 1792 2701 Quare
1806 2672 1861 2696 eos
1879 2673 1984 2704 neque
2005 2665 2166 2707 principes
2180 2674 2233 2697 au·

1206 2712 1352 2742 ctoresve
1364 2710 1506 2742 civitatis
1521 2710 1598 2750 dici,
1617 2711 1704 2752 quod
1720 2711 1871 2744 omnibus
1886 2712 1996 2745 tamen
2013 2712 2143 2744 urbium
2157 2721 2232 2746 con-

1207 2755 1367 2788 ditoribus
1382 2756 1568 2789 deferretur.

1247 2867 1396 2908 Ephorus
1416 2870 1526 2899 narrat
1553 2868 1806 2909 Cresphontem,
1822 2870 1967 2901 Messene
1981 2869 2120 2910 potitum
2132 2892 2142 2909 ,
2157 2877 2227 2902 eam

1206 2914 1239 2946 in
1256 2915 1400 2955 quinque
1414 2916 1520 2955 partes
1538 2915 1702 2955 divisisse,
1727 2918 1823 2956 atque
1841 2916 2063 2956 Stenyclarum
2085 2916 2181 2948 sitam
2197 2915 2230 2948 in

1206 2960 1312 2993 medio
1328 2961 1466 3001 regionis
1477 2961 1597 3001 regiam
1614 2961 1675 2993 sibi
1693 2962 1890 3003 designasse,
1907 2964 1940 2994 et
1959 2962 2087 3003 Pylum,
2100 2962 2230 3003 Rhium,

1206 3009 1360 3043 Mesolam
1378 3011 1423 3040 ⁴et
1450 3008 1615 3048 Hyamitin
1645 3008 1772 3040 misisse
1799 3009 1855 3049 qui
1880 3008 2032 3040 omnibus
2061 3004 2231 3041 Messexffls

1206 3056 1291 3088 idem
1314 3065 1390 3088 cum
1412 3055 1623 3087 Doriensibus
1646 3056 1700 3096 ius
1725 3055 1919 3096 easdemque
1953 3056 2038 3096 leges
2065 3056 2229 3088 facerent:

1206 3104 1294 3144 quod
1310 3112 1411 3144 quum
1425 3103 1556 3143 indigne
1571 3103 1689 3134 ferrent
1702 3103 1885 3143 Dorienses,
1902 3105 2028 3135 mutato
2040 3112 2114 3135 eum
2128 3102 2230 3135 consi·

1205 3151 1248 3183 lio
1265 3152 1367 3183 solam
1380 3149 1604 3191 Stenyclarum
1628 3149 1741 3181 urbem
1762 3150 1832 3191 Jure
1852 3149 2056 3181 Doriensium
2074 3149 2229 3190 donassem

1205 3206 1308 3239 eoque
1320 3197 1405 3229 sacto
1420 3205 1534 3228 omnes
1552 3195 1723 3229 Dorienses
1738 3196 1772 3227 in
1787 3205 1886 3228 unum
1902 3196 2002 3229 fuisse
2023 3196 2187 3230 collectos.

1686 3268 1747 3300 21.

1248 3326 1372 3366 Arisbe,
1393 3325 1471 3357 urbs
1490 3324 1636 3357 Troadis.
1705 3325 1845 3366 Cephalo
1860 3325 1971 3364 tradit,
1986 3325 2172 3357 Dardanum
2185 3332 2226 3356 ex

1207 3373 1429 3406 Samothracia
1446 3372 1574 3405 venisse
1586 3372 1619 3404 in
1634 3372 1803 3412 Troadem,
1821 3373 1853 3404 et
1866 3371 2000 3404 Arisben
2012 3371 2137 3411 Teucri,
2152 3372 2228 3404 cre-
