2294 3704
84 194 270 224 Lxxxvnl

85 271 159 309 biis
173 283 272 321 opus
287 267 419 314 edidit,
438 273 520 303 erat
537 262 752 302 historicus.
774 259 875 297 Vide
895 255 1105 296 Schneide-

86 331 174 369 win.
196 330 220 367 1.
244 330 269 366 l.
291 331 369 366 XII
389 334 426 364 et
443 337 539 374 quos
557 321 686 360 laudat
705 318 766 371 (*)

130 387 179 439 3)
201 385 314 439 Περὶ
333 385 492 423 θυσιῶν
508 382 571 433 (fr.
588 378 665 430 22).

519 467 663 479 —QO‘—

454 479 736 554 ANDROTIO.

139 605 325 645 Androtio
346 618 369 641 a
389 601 593 641 Plutarcho
615 603 676 637 De
694 597 820 636 Exilio
847 595 956 647 (tom.
979 597 1038 639 ΙΙ,
1066 606 1104 643 p.

88 666 163 702 605
177 692 186 710 ,
201 664 251 714 C)
275 663 375 700 inter
390 661 554 698 illustres
573 658 737 696 refertur
755 655 958 694 historicos
970 681 980 700 ,
1001 660 1039 689 et
1057 650 1106 688 ab

86 722 389 774 Harpocratione
410 716 639 757 ἓντελέστατα
657 717 704 754 de
724 715 868 754 civium
884 711 1107 769 recensione

86 781 297 831 disputasse
309 778 449 816 dicitur
461 778 511 828 (v.
527 776 573 813 fr.
591 774 765 814 Philoch.
785 773 886 823 133),
903 768 1107 809 Pausanias

86 853 178 877 vero
199 840 260 889 (fr.
283 838 346 889 49)
366 846 404 875 et
423 837 595 874 AElianus
619 834 681 887 (fr.
699 833 764 884 36)
788 830 931 882 aliquid
954 829 1107 866 dubita—

87 898 201 935 tionis
219 897 441 947 exprimunt
456 895 503 932 de
523 892 772 932 Androtionis
788 891 874 941 fide,
894 889 1012 940 idque
1026 901 1106 925 eam

88 956 138 994 ob
153 969 326 1002 causam,
357 954 464 1005 quod
490 953 552 991 hic
570 953 882 1004 impugnaverat,
909 961 993 999 quae
1010 947 1108 984 fama

87 1022 194 1053 erant
209 1014 367 1053 sancita.

138 1072 302 1123 Scripsit
316 1072 527 1116 Atthidem,
551 1069 755 1107 duodecim
774 1067 904 1104 saltem
922 1063 1107 1102 librorum

89 1130 150 1183 (fr.
169 1132 255 1179 27),
273 1144 389 1181 quam
407 1130 456 1168 ad
473 1129 671 1167 minimum
690 1140 810 1177 usque
824 1125 871 1162 ad
890 1124 1045 1172 Olymp.
1060 1123 1109 1171 96

89 1189 321 1240 pertinuisse
345 1201 394 1225 ex
421 1188 637 1237 fragmento
669 1185 716 1223 de
744 1183 864 1234 ξενικῷ
888 1183 922 1220 ἓν
953 1180 1110 1232 Κορίνθῳ

92 1247 277 1298 (Philocli.
300 1246 386 1297 150)
403 1246 523 1284 vides.
545 1244 678 1281 Fusius
701 1241 875 1279 tractavit
890 1252 950 1276 res
966 1237 1110 1287 mythi—

91 1319 153 1343 cas
171 1307 288 1356 inque
314 1305 451 1353 fabulis
469 1302 770 1353 interpretandis
798 1301 960 1337 multum
984 1296 1114 1347 posuit

91 1377 218 1414 operae
234 1364 296 1414 (fr.
317 1361 465 1412 28-30).
486 1362 664 1399 Criticam
679 1358 760 1409 ejus
773 1371 833 1395 res
847 1355 1035 1394 tractandi
1054 1367 1112 1391 ra-

94 1422 233 1460 tionem
255 1434 486 1473 cognoscere
506 1421 594 1457 licet
609 1432 655 1456 ex
673 1419 718 1455 iis
734 1430 818 1467 quae
839 1414 1050 1465 disputavit
1066 1413 1112 1449 de

91 1481 283 1531 Eumolpo
303 1479 402 1530 (34),
422 1479 470 1516 de
493 1478 649 1528 Orpheo
669 1475 769 1527 (36),
789 1474 837 1511 de
858 1474 997 1511 Solone
1020 1470 1113 1521 (4ο),

92 1539 140 1576 dc
158 1539 301 1576 Dorico
323 1537 422 1588 (49),
441 1537 489 1574 de
510 1536 652 1574 Cadmo
669 1542 707 1572 et
723 1535 769 1571 de
784 1532 930 1582 Spartis
948 1531 1029 1581 (28,
1051 1543 1114 1579 29,

93 1599 167 1644 30).
193 1600 290 1635 Eum
319 1610 379 1634 res
401 1595 635 1646 disposuisse
658 1592 870 1631 secundum
887 1590 1115 1628 archontum

91 1656 228 1693 seriem
256 1654 458 1706 probabile
484 1654 524 1690 fit
556 1667 604 1690 ex
630 1654 764 1703 fragm.
799 1651 847 1695 46
872 1664 881 1687 :
913 1647 1115 1701 Ἀνδροτίων

92 1713 197 1766 φησὶν
216 1711 317 1750 αὐτὸν
341 1712 411 1764 (τὸν
429 1710 590 1762 Κλέωνα)
611 1710 668 1749 ἐπὶ
687 1708 848 1749 Ἀλκαίου
868 1707 1028 1746 τεθνάναι
1099 1709 1117 1744 ὃ

93 1770 212 1822 μέντοι
239 1770 439 1825 Ἀνδροτίων
466 1769 523 1807 ἐπὶ
546 1768 729 1817 Ἀλκαίου,
755 1770 815 1806 τοῦ
849 1765 936 1818 μετὰ
961 1763 1116 1816 Ἀμινίαν

93 1830 150 1868 τὸν
173 1829 324 1870 Κλέωνα
398 1827 568 1868 τεθνάναι.

515 1924 522 1926 -
531 1917 637 1931 -000

424 1964 791 2004 PHILOCHORUS.

149 2043 401 2081 Philochorus
413 2072 423 2090 ,
457 2042 558 2079 inter
583 2040 785 2078 Atthidum
814 2040 1020 2090 scriptores
1050 2039 1120 2076 do-

96 2103 217 2140 ctrina
228 2101 419 2152 etjudicio
431 2100 673 2146 clarissimus,
686 2099 911 2137 auctoritate
927 2112 994 2136 sna
1007 2098 1056 2148 (v,
1075 2098 1119 2135 fr.

99 2163 146 2199 35
161 2191 171 2208 ,
199 2162 266 2198 135
280 2190 289 2208 ‚
315 2166 409 2207 144,
430 2160 473 2196 31
488 2188 498 2206 ,
519 2159 580 2209 22)
609 2158 781 2196 effecisse
804 2158 982 2205 videtur,
1006 2165 1048 2194 ut
1075 2171 1120 2194 ex

97 2221 178 2270 ejus
197 2219 354 2258 Atthide
377 2219 586 2269 fragmenta
600 2218 690 2255 satis
703 2218 824 2255 multa
841 2217 888 2254 ad
902 2230 971 2254 nos
990 2229 1123 2267 perve-

99 2279 238 2316 nerint.

150 2337 242 2387 Ejus
256 2349 374 2386 opera
391 2335 471 2372 haec
493 2344 581 2372 sunt
596 2347 605 2373 t

157 2395 192 2444 1)
222 2393 376 2441 Ἀτθίς,
400 2407 484 2444 quae
497 2394 714 2444 appellatur
731 2391 844 2430 etiam
863 2389 1011 2434 Ἀτθίδες
1029 2390 1123 2441 (31),

101 2462 138 2491 et
156 2452 322 2506 Ἱστορίαν.
346 2452 431 2503 (131
447 2482 456 2499 ,
481 2452 588 2502 144),
611 2450 905 2502 comprehendit
925 2449 1123 2486 historiam

101 2514 237 2551 Atticae
255 2511 342 2548 inde
363 2510 409 2548 ab
430 2511 629 2548 hominum
653 2519 740 2547 ortu
762 2522 882 2558 usque
911 2509 959 2545 ad
989 2508 1124 2545 Antio-

102 2572 215 2608 chum
233 2573 369 2616 Deum,
386 2569 492 2606 libris
508 2577 684 2606 constans
701 2567 983 2618 septemdecim.
1005 2567 1126 2604 Scho—

103 2631 229 2667 liastes
238 2628 391 2679 quidem
407 2628 454 2665 ad
467 2630 677 2665 Homerum
696 2628 727 2677 (1
738 2627 815 2677 88),
828 2626 874 2663 de
888 2626 984 2662 Lino
1002 2638 1126 2676 agens,

104 2687 321 2725 Philochori
349 2686 491 2724 librum
523 2685 849 2722 undevicesimum
878 2683 1029 2728 laudat,
1061 2683 1127 2720 sed

105 2760 223 2795 quum
244 2745 494 2783 Philochorus
514 2744 561 2782 de
579 2744 676 2782 Lino
698 2745 737 2780 in
757 2742 857 2779 libro
884 2746 940 2779 De
962 2743 1127 2779 inventis

107 2805 319 2855 disputasse
345 2804 541 2851 videatur,
573 2803 681 2840 facile
707 2801 878 2839 adducor
901 2809 942 2837 ut
962 2800 1126 2848 credam,

106 2863 209 2900 hunc
220 2862 360 2901 librum
375 2862 521 2900 Atthidi
535 2861 706 2899 additum
719 2873 800 2897 esse
813 2868 853 2896 nt
864 2858 1127 2909 appendicem,

109 2923 180 2958 nisi
200 2923 307 2958 malis
339 2935 424 2959 cum
445 2921 618 2959 Boeckhio
631 2932 703 2970 pro
715 2912 748 2956 ἐν
763 2920 807 2969 τῇ
824 2915 865 2956 ιθ’
894 2916 1061 2954 scribere
1092 2918 1126 2954 ἐν

111 2979 446 3018 Ἀτθίδι.-Μ111[ι15
455 2989 511 3017 est
523 2981 561 3016 in
576 2977 796 3016 enarrandis
804 2975 918 3014 rebus
931 2975 1125 3021 fabulosis,

112 3051 196 3088 quae
217 3045 425 3075 tractantur
444 3037 594 3076 duobus
608 3036 716 3074 libris
738 3035 882 3087 primis,
904 3043 939 3071 et
957 3034 1127 3071 studiose

641 1918 723 1929 *—

155 3129 196 3170 (*)
206 3129 403 3169 Fragmentis
419 3130 501 3161 adde
513 3130 619 3161 locum
627 3127 754 3162 Macarii
764 3137 797 3169 p.
810 3130 846 3159 15
858 3126 956 3159 Walz.
969 3135 987 3158 a
997 3126 1127 3159 Schnei-

113 3175 242 3207 dewino
257 3176 279 3206 1.
295 3176 317 3206 l.
331 3175 506 3206 excitatum
523 3185 530 3206 ε

155 3222 374 3263 Ἀγαμέμνονος
388 3222 479 3253 θυσία
492 3230 500 3237 ·
519 3222 568 3253 ἐπὶ
583 3224 644 3252 τῶν
655 3222 827 3253 δυσπειθῶν
835 3221 888 3252 καὶ
895 3219 1124 3252 ἀνυποτάκτων.

116 3268 231 3308 Δήμων
246 3268 304 3309 γὰρ
320 3269 446 3309 ἱστορεῖ,
463 3269 505 3303 ὡς
521 3267 741 3307 Ἀγαμέμνονος
755 3267 876 3302 θύοντος
899 3266 929 3297 ἐν
943 3267 1039 3309 Τροίᾳ
1061 3266 1128 3306 ἔφυ-

116 3325 168 3355 γεν
184 3315 201 3346 ὁ
218 3315 290 3355 βοῦς
305 3314 358 3345 καὶ
372 3313 457 3354 μόλις
472 3314 591 3353 ληφθεὶς
604 3314 696 3354 ἤχθη.

159 3360 272 3393 Eadem
283 3384 293 3402 ,
310 3360 449 3393 auctoris
464 3360 577 3391 notitia
593 3360 710 3392 omissa
723 3384 732 3400 ,
749 3359 878 3392 exhibet
892 3359 1008 3393 Zenob.
1026 3363 1059 3400 1,
1078 3361 1126 3392 13.

742 172 803 212 DE
830 166 1106 210 ATTHIDUM
1134 160 1512 204 SCRIPTORIBUS.

1165 265 1293 289 ansam
1311 250 1446 301 arripit
1462 248 1509 286 de
1529 248 1689 285 deorum
1706 245 1810 283 cultu
1826 243 2086 293 festorumque
2099 242 2180 281 ori-

1126 337 1129 340 «
1164 310 1249 360 gine
1265 307 1498 360 disputandi.
1519 308 1595 344 Res
1610 305 1801 343 historicae
1816 310 2064 353 exponuntur
2077 301 2184 339 libris

1165 368 1381 418 quindecim
1396 395 1406 413 ,
1428 378 1592 416 quorum
1623 372 1790 414 quatuor
1814 361 1964 413 priores
1991 360 2189 411 pertinent

1166 439 1285 476 usque
1311 425 1359 463 ad
1384 424 1551 462 auctoris
1577 431 1745 469 aetatem3
1764 421 1878 471 hujus
1902 419 2083 469 deinceps
2101 431 2191 456 me-

1166 485 1286 522 moria
1306 484 1380 535 (Ol.
1406 497 1419 520 1
1432 483 1476 521 15
1490 511 1500 529 ,
1519 484 1659 531 3-129,
1671 483 1708 528 3)
1722 479 1899 518 undecim
1914 478 2023 515 libris
2042 485 2188 528 postre-

1166 543 1236 580 mis
1257 550 1467 580 enarratur.
1494 544 1635 579 Verum
1658 539 1772 576 etiam
1794 537 2031 575 tractationis
2050 547 2190 587 genere

1165 601 1224 638 hae
1251 608 1379 650 partes
1408 600 1509 637 inter
1532 612 1572 636 se
1600 597 1807 643 differunt3
1834 609 1952 647 quare
1974 593 2191 646 probabilis

1166 667 1223 696 est
1241 658 1409 696 Boeckhii
1425 656 1625 704 sententia,
1648 656 1796 707 priores
1814 667 1882 692 sex
1900 653 2018 691 libros
2036 665 2192 704 separa—

1167 716 1234 753 tim
1249 715 1372 754 editos
1386 728 1481 754 esse.
2071 752 2076 755 ,

1219 774 1333 823 Quod
1355 774 1491 811 attinet
1510 772 1559 810 ad
1581 771 1766 809 tractandi
1783 783 1842 808 res
1865 770 2072 817 rationem,
2093 767 2190 808 Phi-

1166 834 1347 871 lochorus
1365 833 1493 871 omnia
1509 844 1644 881 magna
1659 829 1916 868 sollicitudine
1933 828 2137 873 examinat,
2154 835 2194 865 et

1167 906 1285 943 quum
1299 892 1347 930 ab
1362 891 1446 929 aliis
1457 889 1677 928 auctoribus
1691 902 1798 926 suam
1813 888 2040 926 sententiam
2054 887 2194 938 saepius

1168 951 1353 1001 sejungit,
1376 958 1457 987 tum
1471 961 1564 986 vero
1583 948 1747 985 maxime
1768 961 1790 984 a
1806 950 1992 984 Demone.
2014 949 2059 983 In
2076 945 2194 983 fabu-

1169 1011 1249 1048 losa
1271 1010 1430 1047 historia
1451 1007 1574 1058 rejicit
1597 1019 1682 1056 quae
1704 1019 1810 1043 mera
1838 1013 1927 1043 sunt
1950 1011 2192 1042 commenta:

1169 1070 1222 1107 sic
1239 1082 1346 1118 reges
1359 1097 1369 1115 ,
1399 1080 1497 1118 quos
1525 1067 1625 1103 inter
1643 1069 1816 1115 Ogygem
1834 1073 1871 1101 et
1889 1067 2101 1114 Cecropem
2117 1076 2195 1114 po-

1169 1135 1283 1172 nunt,
1306 1127 1414 1164 fictos
1431 1138 1512 1163 esse
1531 1125 1663 1162 statuit
1679 1125 1745 1175 (8).
1773 1126 1817 1160 In
1839 1122 1978 1160 sabulis
2001 1121 2094 1173 quid
2115 1122 2197 1159 veri

1170 1186 1260 1223 insit
1275 1185 1445 1236 reperire
1462 1184 1611 1230 studet,
1632 1191 1675 1220 ut
1697 1182 1799 1220 vides
1819 1195 1867 1219 ex
1884 1182 1951 1228 iis,
1977 1194 2061 1232 quae
2081 1179 2198 1218 habet

1171 1245 1218 1282 de
1238 1245 1376 1283 Bacchi
1396 1244 1610 1282 nutricibus
1626 1242 1722 1294 (19),
1740 1243 1786 1280 de
1800 1243 1977 1292 Orithyia
1990 1241 2198 1279 Erechthei
2230 1268 2239 1272 ,γ

1172 1303 1247 1339 filia
1264 1302 1358 1354 (30),
1376 1302 1423 1338 de
1441 1302 1681 1353 Triptolemo
1699 1300 1795 1352 (28),
1814 1301 1861 1338 de
1874 1301 2094 1339 Minotauro
2116 1301 2197 1351 (38,

1174 1362 1251 1411 39).
1269 1361 1439 1397 Subinde
1455 1360 1724 1410 etymologiam
1739 1358 1896 1396 adhibet
1909 1359 1956 1396 ad
1971 1357 2199 1396 confirman-

1174 1419 1260 1456 dam
1278 1432 1383 1455 suam
1401 1418 1663 1456 narrationem
1682 1418 1735 1469 (6,
1755 1415 1829 1468 12).
1849 1418 1892 1455 ln
1906 1416 2021 1454 rebus
2037 1416 2198 1456 histori-

1174 1478 1226 1514 cis
1245 1477 1537 1515 accuratissimis
1561 1475 1874 1527 inquisitionibus
1897 1476 2058 1522 nititur,
2085 1483 2125 1513 et
2145 1473 2194 1512 ad

1175 1535 1427 1573 minutissima
1452 1549 1612 1586 quaeque
1638 1534 1845 1572 descendit.
1879 1533 2200 1584 Diligentissimus

1176 1604 1233 1634 est
1254 1596 1293 1632 in
1309 1603 1525 1645 temporum
1543 1595 1839 1645 computatione.
1859 1593 1954 1631 Inde
1973 1592 2020 1631 ab
2040 1606 2086 1631 eo
2106 1601 2202 1630 tem-

1176 1666 1293 1704 pore,
1318 1666 1394 1703 quo
1418 1653 1623 1690 archontes
1645 1652 1684 1689 in
1706 1665 1840 1703 regum
1856 1652 1984 1689 locum
2004 1650 2202 1689 substituti

1177 1721 1277 1757 sunt,
1294 1712 1349 1749 ita
1366 1725 1427 1750 res
1447 1711 1653 1756 ordinavit,
1674 1719 1717 1748 ut
1734 1710 1928 1748 archontis
1941 1710 2093 1748 nomine
2104 1723 2202 1760 prae-

1176 1771 1304 1818 misso,
1317 1777 1513 1808 enarraret
1526 1782 1610 1820 quae
1623 1781 1669 1805 eo
1683 1782 1783 1806 anno
1795 1776 2004 1807 evenerant
2014 1781 2202 1806 memora·

1178 1838 1219 1866 tu
1233 1829 1359 1879 digna.
1379 1832 1477 1866 Eum
1488 1829 1527 1866 in
1542 1829 1664 1866 haere
1675 1828 1878 1865 sollicitum
1897 1827 2025 1875 fuisse,
2037 1841 2200 1878 persua-

1177 1887 1266 1924 dere
1281 1886 1392 1924 nobis
1408 1887 1521 1924 debet
1536 1886 1651 1924 etiam
1664 1886 1893 1923 Scholiastes
1908 1885 1955 1923 ad
1970 1885 2200 1936 Aristopha-

1179 1959 1277 1991 nem,
1295 1945 1360 1994 qui
1374 1945 1580 1995 saepissime
1594 1953 1632 1982 et
1646 1944 1799 1994 quidem
1811 1944 2049 1981 confidenter
2059 1956 2107 1981 ex
2119 1943 2201 1994 ejus

1178 2003 1334 2040 Atthide
1356 2012 1572 2054 temporum
1593 2004 1761 2040 rationes
1782 2003 1960 2052 explicat,
1979 2010 2095 2052 atque
2108 2015 2199 2040 sen-

1180 2061 1335 2098 tentiam
1351 2074 1464 2111 quam
1483 2061 1530 2098 de
1545 2061 1704 2099 Homeri
1724 2068 1834 2097 aetate
1848 2059 2010 2110 protulit
2027 2060 2200 2097 auctori-

1181 2128 1256 2157 tate
1286 2120 1462 2166 valuisse,
1496 2119 1662 2170 probant
1691 2119 1903 2169 fragmenta
1933 2119 1980 2155 52
1995 2147 2005 2165 ,
2034 2118 2104 2168 53,
2135 2118 2200 2162 54.

1234 2178 1433 2216 Scribeudi
1449 2190 1585 2228 genere
1604 2191 1692 2215 usus
1709 2186 1764 2214 est
1775 2177 1890 2224 tenui,
1906 2176 2069 2227 simplici
2084 2190 2127 2214 ac
2142 2177 2202 2214 di-

1181 2237 1328 2282 lucido,
1347 2236 1386 2273 id
1406 2236 1511 2286 quod
1529 2250 1575 2273 ex
1595 2237 1767 2286 sragmm.
1786 2236 1856 2272 132
1870 2264 1880 2282 ,
1903 2236 1989 2282 135,
2014 2241 2083 2280 144
2097 2263 2108 2281 ,
2129 2236 2200 2279 146

1182 2295 1341 2344 aliisque
1354 2323 1363 2341 ,
1381 2295 1421 2331 in
1439 2294 1578 2345 quibus
1597 2295 1716 2345 ipsius
1737 2292 1853 2331 verba
1870 2294 2096 2341 afferuntur,
2112 2294 2202 2332 satis

1183 2353 1427 2404 perspicitur.

1239 2412 1278 2461 2)
1296 2409 1517 2461 Ἐπιτομὴ
1562 2413 1638 2457 τῆς
1675 2408 1796 2453 ἰδίας
1823 2408 2032 2451 Ἀτθίδος.
2063 2412 2203 2447 Praeter

1184 2470 1311 2520 ipsum
1326 2470 1598 2507 Philochorum
1619 2470 1730 2506 talem
1749 2469 1943 2519 epitomen
1958 2468 2089 2505 fecisse
2104 2468 2202 2505 dici-

1187 2537 1247 2565 tur
1261 2529 1415 2565 Asinius
1434 2529 1554 2565 Pollio
1573 2528 1800 2574 Trallianus,
1823 2528 1889 2577 qui
1902 2525 2074 2577 Pompeji
2092 2534 2203 2564 aetate

1187 2587 1282 2624 vixit
1300 2587 1414 2639 (Suid.
1434 2599 1461 2623 s.
1479 2600 1513 2623 v.
1530 2585 1709 2636 Πωλίων).
1733 2587 1887 2623 Vossius
1904 2588 1959 2622 De
1972 2585 2069 2623 Hist.
2085 2587 2150 2623 Gr.
2168 2589 2202 2636 1,

1187 2659 1223 2695 p.
1250 2647 1318 2688 134
1339 2645 1470 2682 statuit
1488 2645 1683 2694 epitomen
1699 2643 1746 2681 ab
1771 2645 1900 2682 Asinio
1922 2644 2092 2681 Pollione
2110 2658 2204 2682 con-

1187 2703 1322 2740 fectam
1334 2731 1343 2748 ‚
1360 2716 1490 2740 errore
1503 2703 1734 2740 Philochoro
1750 2702 1973 2740 attributam
1989 2716 2084 2749 esse,
2098 2703 2204 2753 quod

1186 2774 1324 2799 nomen
1336 2761 1499 2798 auctoris
1517 2761 1768 2811 probabiliter
1783 2774 2004 2811 expressum
2020 2774 2096 2798 non
2113 2761 2206 2798 fuis-

1187 2828 1256 2857 set.
1278 2819 1349 2857 Sed
1366 2819 1539 2857 Asinium
1559 2819 1768 2856 Pollionem
1793 2819 1987 2868 epitomen
2012 2818 2144 2856 secisse
2165 2819 2205 2856 in

1187 2877 1447 2914 Romanorum
1473 2890 1603 2924 usum,
1632 2877 1906 2917 Philochorum
1932 2891 2022 2914 vero
2044 2890 2150 2914 suam
2165 2877 2205 2914 in

1187 2949 1296 2972 usum
1319 2936 1603 2972 Atheniensium
1623 2935 1868 2985 cogitandum
1889 2943 1956 2973 est.
1987 2938 2096 2973 Hanc
2114 2948 2207 2972 vero

1186 2994 1378 3044 epitomen
1406 2993 1616 3043 perdidisse
1645 3006 1823 3044 magnum
1851 2993 2066 3031 Philochori
2094 3006 2205 3043 opus,

1187 3062 1228 3090 ut
1249 3061 1387 3103 putant
1406 3058 1445 3089 A.
1463 3053 1614 3090 Muller.
1633 3061 1671 3090 et
1689 3052 1847 3090 Siebelis
1868 3053 2054 3102 (Philoch.
2076 3066 2113 3102 p.
2131 3053 2206 3103 X),

1186 3111 1274 3148 ideo
1297 3123 1431 3161 parum
1455 3110 1568 3148 nobis
1593 3119 1649 3147 cst
1670 3110 1890 3161 probabile,
1915 3110 2020 3160 quod
2043 3111 2208 3161 plurima

1187 3170 1398 3220 fragmenta
1414 3182 1462 3206 ex
1480 3169 1636 3220 copiosa
1661 3182 1789 3206 rernm
1813 3169 2030 3206 narratione
2054 3177 2208 3219 sumpta

1187 3242 1267 3266 esse
1295 3227 1484 3265 censenda
1508 3235 1597 3264 sunt
1620 3242 1629 3265 ε
1658 3228 1865 3276 Dionysius
1891 3227 1993 3265 enim
2016 3227 2206 3265 Halicarn.

1187 3286 1371 3326 Dinarchi
1390 3287 1520 3333 vitam,
1544 3286 1591 3323 de
1612 3299 1688 3336 qua
1707 3285 1980 3324 Philochorum
1999 3286 2209 3323 accuratis-

1188 3346 1282 3384 sime
1308 3345 1427 3397 egisse
1457 3345 1548 3383 dicit
1574 3343 1705 3395 (146),
1733 3352 1835 3382 certe
1858 3357 1935 3382 non
1964 3357 2010 3381 ex
2040 3344 2208 3395 epitome
