2268 3666
738 597 1578 732 PRAEFATIO.

353 1579 506 1626 Sortis
531 1578 695 1624 nescio
720 1593 816 1640 qua
838 1577 1096 1640 iniquitate
1125 1578 1327 1638 accidit,
1355 1589 1425 1638 ut,
1457 1579 1498 1626 si
1521 1580 1763 1643 exceperis
1782 1597 1889 1644 quae
1914 1585 2063 1629 Hero-

269 1661 437 1719 dotus,
474 1659 818 1723 Thucydides,
859 1659 1137 1724 Xenophon
1180 1662 1546 1708 commentariis
1591 1662 1691 1708 suis
1735 1663 2063 1724 tradiderunt,

268 1739 467 1788 uberior
493 1740 784 1804 antiquioris
811 1742 1094 1787 Graecorum
1116 1740 1339 1788 historiae
1364 1743 1603 1806 expositio
1623 1743 1783 1789 omnis
1803 1743 1897 1790 fere
1919 1743 2063 1790 nobis

275 1822 544 1870 haurienda
599 1823 660 1869 sit
719 1839 775 1869 ex
823 1823 1017 1868 serioris
1072 1821 1271 1869 demum
1346 1825 1499 1871 aetatis
1580 1825 1914 1888 scriptoribus.
1969 1827 2064 1883 Qui

270 1906 503 1969 quoniam
541 1921 598 1950 ex
640 1903 848 1950 aliorum
885 1904 1023 1950 libris
1074 1921 1159 1951 sua
1207 1904 1479 1952 hauserunt
1534 1916 1723 1953 tanturn
1772 1924 1871 1954 non
1897 1909 2061 1954 omnia

268 1987 524 2034 auctoritas
560 2002 731 2033 eorum
772 1986 824 2031 in
875 1985 1120 2049 plerisque
1162 1986 1344 2050 pendet
1378 2004 1431 2034 ex
1482 1987 1774 2050 diligentia,
1816 2006 1961 2052 quam
2005 1989 2065 2036 ad

270 2071 425 2117 fontes
446 2068 808 2133 conquirendos
830 2069 1109 2128 attulerunt,
1130 2079 1177 2116 et
1206 2086 1264 2116 ex
1278 2086 1448 2117 eorum
1468 2087 1592 2134 quos
1612 2071 1759 2117 duces
1786 2088 2044 2135 sequeren-

270 2162 349 2199 tur
379 2151 585 2199 delectu.
621 2153 725 2196 Jam
757 2167 870 2197 vero
915 2152 1135 2214 quamvis
1166 2150 1416 2214 diligentia
1448 2152 1780 2216 plurimorum
1815 2154 2064 2218 animique

271 2233 455 2278 sincera
471 2232 698 2278 voluntas
714 2231 969 2278 laudandae
995 2232 1110 2290 sint,
1135 2242 1280 2295 atque
1298 2233 1429 2279 nefas
1446 2232 1658 2280 habeam
1676 2234 1926 2280 temerarie
1944 2234 2063 2280 velle

270 2313 632 2376 insolenterque
655 2313 840 2359 meritis
859 2329 1027 2360 eorum
1046 2313 1324 2374 detrahere3
1350 2315 1606 2362 fatendum
1630 2325 1791 2362 tamen
1817 2326 1887 2362 est
1913 2316 2062 2379 ipsius

269 2395 417 2441 aetatis
449 2394 627 2440 horum
659 2395 963 2458 scriptorum
1002 2395 1244 2455 indolem,
1285 2397 1423 2460 cujus
1458 2398 1559 2443 vim
1592 2397 1923 2460 subterfugere
1958 2414 2058 2443 non

271 2485 518 2538 poterant,
545 2485 735 2522 tantum
770 2475 968 2535 abesse,
994 2486 1048 2522 ut
1091 2477 1284 2525 altiores
1324 2478 1635 2542 verioresque
1682 2478 1744 2525 de
1798 2489 1897 2525 arte
1946 2479 2061 2524 scri-

272 2557 444 2604 bendae
497 2556 627 2604 histo
642 2559 723 2604 riae
783 2559 1010 2605 notiones
1063 2559 1123 2606 iis
1181 2561 1470 2623 suggesserit
1495 2596 1507 2619 ,
1566 2571 1622 2607 ut
1676 2561 1727 2607 in
1791 2560 2059 2623 perniciosa

273 2656 601 2703 saepenumero
651 2656 735 2686 eos
782 2639 1040 2687 abduxerit
1083 2642 1302 2688 consilia.
1323 2642 1472 2700 Quod
1520 2643 1636 2706 quia
1685 2642 1736 2687 in
1788 2651 2059 2698 auctorum,

274 2719 453 2784 quibus
491 2737 628 2767 suam
663 2721 733 2768 illi
767 2721 923 2769 fidem
962 2722 1296 2786 adjungerent,
1317 2723 1560 2770 delectum
1590 2733 1638 2769 et
1663 2738 1806 2769 usum
1838 2738 2059 2784 magnam

272 2803 373 2849 vim
401 2819 617 2849 exercere
645 2802 818 2850 debuit
838 2839 851 2863 ,
881 2821 993 2851 mox
1019 2804 1363 2852 intellexerunt
1388 2806 1480 2852 viri
1513 2804 1644 2851 docti
1670 2820 1771 2850 non
1798 2819 1939 2867 posse
1967 2821 2059 2851 nos

274 2884 325 2930 in
353 2882 556 2929 Diodori
575 2893 623 2930 et
644 2884 914 2944 Plutarchi,
938 2895 992 2932 ut
1015 2885 1106 2933 hos
1127 2887 1404 2945 nominem,
1429 2885 1711 2932 auctoritate
1733 2885 2057 2947 acquiescere,

276 2982 435 3029 neque
464 2965 736 3030 quidquam
763 2968 911 3030 magis
938 2959 1216 3014 faciendum
1249 2985 1352 3015 esse
1384 2968 1743 3025 existimarunt,
1771 2983 1917 3030 quam
1950 2966 2057 3012 fon-

277 3048 400 3093 tium
428 3047 625 3095 illorum
654 3059 925 3096 accuratam
946 3049 1127 3097 habere
1158 3051 1383 3097 notitiam
1399 3084 1412 3107 ,
1437 3049 1703 3111 fragmenta
1727 3065 1897 3095 eorum
1924 3048 2058 3094 colli-

276 3143 384 3190 gere
399 3163 411 3186 ,
436 3129 561 3175 inter
580 3146 630 3176 se
652 3131 972 3190 contendere,
991 3132 1350 3178 accuratissime
1369 3130 1656 3177 examinare.
1685 3133 1850 3193 ltaque
1873 3146 2054 3177 novum

278 3209 526 3271 quoddam
558 3212 832 3259 studiorum
859 3230 1008 3276 genus
1036 3214 1253 3270 emersit,
1282 3211 1417 3275 quod
1448 3213 1538 3258 etsi
1571 3211 1736 3258 multis
1769 3210 2055 3274 impeditum

278 3289 645 3341 difficultatibus
669 3295 895 3359 taediique
920 3295 1120 3359 plenum
1135 3329 1148 3353 ,
1172 3304 1333 3340 tamen
1358 3303 1493 3340 tanto
1517 3293 1770 3340 ardentius
1795 3293 1948 3338 nostri
1968 3293 2052 3338 aevi

402 3372 570 3407 Priamo
591 3383 835 3410 msromoonuu.
1867 3378 1891 3405 a
