2320 3684
169 178 245 213 ³24

540 259 693 299 LIBER
721 259 819 299 LIV.

639 318 713 355 26
696 330 728 355 υ.

218 383 423 422 Athenaeus
439 386 510 430 111,
529 395 566 433 p.
590 395 652 429 77,
672 384 726 418 Ε·
746 379 791 420 Ὁ
807 378 1020 432 Θεόπομπος
1038 380 1110 419 δὲ’
1094 396 1128 420 εν
1147 383 1192 428 τῆ
1252 377 1412 428 τηκοστῶ
1430 373 1532 429 ἕκτῳ.

165 444 383 494 πεντηκοστῇ
400 441 548 493 τετάρτῃ
569 441 639 478 τῶν
655 439 844 493 Ἱστοριῶν,
862 439 954 478 κατὰ
968 441 1031 487 τὴν
1053 439 1192 480 Φιλίπ-

163 516 231 539 που
245 500 350 554 φησὶν
369 498 481 554 ἀρχὴν
502 498 582 551 περὶ
601 497 665 546 τὴν
685 497 876 537 Βισαλτίαν
903 497 963 536 καὶΙ
983 498 1190 552 Ἀμφίπολιν

163 560 222 598 καὶ
240 562 268 598 I
272 558 479 613 ραιστωνίαν
497 560 559 604 τῆς
576 557 816 606 Μακεδονίας,
837 556 936 612 ἔαρος
952 555 1060 610 μέσου
1071 557 1166 602 ὄντος
1179 588 1190 607 ,

162 617 225 661 τὰς
246 617 310 669 μὲν
337 616 445 660 συκὰς
475 632 586 666 συκα,
605 615 667 660 τὰς
695 617 724 655 δ’
753 615 931 668 ἀμπέλους
959 616 1098 671 βότρυς,
1129 617 1191 662 τὰς

162 677 192 715 δ’
212 676 352 726 ἐλαίας,
370 678 404 715 ἐν
424 680 453 730 ῳ
472 675 588 730 χρόνῳ
607 674 722 730 βρυειν
744 670 889 720 εἰκὸς
865 692 907 723 ην
926 675 1044 726 αὐτὰς,
1073 675 1192 720 ἐλαίας

160 735 327 788 ἐνεγκεῖν,
347 735 408 774 καὶ
431 737 622 788 εὐτυχῆσαι
641 735 758 774 πάντα
777 734 974 775 Φίλιππον.

562 809 778 824 ἤθη,-

544 859 700 898 LIBER
729 858 809 898 LV.

633 923 721 962 266.

213 983 450 1035 Stephanus:
465 980 610 1036 Καρύα,
627 981 756 1036 χωρίον
776 983 839 1029 τῆς
857 982 1078 1029 Λακωνικῆς.
1101 980 1191 1022 Θεό-

157 1057 298 1094 πομπος
313 1042 368 1080 νε’.

630 1100 722 1139 267.

210 1158 585 1213 ῙάεηιιΤρικάρανα,
602 1158 763 1214 φρούριον
789 1160 853 1206 τῆς
875 1157 1071 1202 Φλιασίας·
1093 1157 1189 1198 Θεό-

156 1235 296 1272 πομπος
309 1220 538 1272 πεντηκοστῷ
553 1218 720 1272 πέμπτῳ.

528 1342 684 1381 LIBER
713 1341 813 1381 LVI.

634 1405 722 1443 268.

208 1466 409 1504 Athenaeus
426 1467 537 1514 XIII,
563 1477 601 1514 p.
629 1464 719 1512 609,
741 1466 790 1500 B:
809 1462 1024 1514 Θεόπομπος
1041 1463 1070 1500 δ’
1090 1463 1125 1501 ἐν
1143 1465 1186 1516 τῇ

154 1523 239 1577 ἕκτῃ
256 1523 315 1562 καὶ
334 1524 554 1573 πεντηκοστῇ
571 1522 640 1559 τῶν
661 1520 839 1574 Ἱστοριῶν
861 1521 1106 1560 Ξενοπείθειαν
1122 1521 1186 1569 τὴν

154 1582 394 1635 Λυσανδρίδου
418 1580 555 1634 μητέρα
576 1582 699 1618 πασῶν
719 1582 789 1618 τῶν
806 1578 898 1618 κατὰ
916 1578 1185 1627 Πελοπόννησον

152 1643 327 1693 γυναικῶν
353 1639 533 1692 γεγονέναι
561 1638 741 1678 καλλίονα.
763 1638 984 1678 Ἀπέκτειναν
1015 1639 1052 1677 δὲ
1077 1638 1184 1687 αὐτὴν

152 1698 427 1752 Λακεδαιμόνιοι
458 1699 517 1738 καὶ
551 1697 616 1746 τὴν
645 1697 796 1751 ἀδελφὴν
827 1699 934 1745 αὐτῆς
953 1700 1109 1752 Χρυσῆν,
1130 1697 1186 1737 ὅτε

153 1760 212 1799 καὶ
231 1759 288 1798 τὸν
308 1758 566 1811 Λυσανδρίδαν,
583 1757 705 1811 ἐχθρὸν
729 1756 831 1805 ὄντα,
849 1756 1054 1808 Ἀγησίλαος
1075 1760 1094 1796 ὃ
1114 1760 1182 1810 βα-

153 1818 266 1861 σιλεὺς
281 1817 566 1860 καταστασιάσας
579 1817 835 1870 φυγαδευθῆναι
851 1815 1014 1864 ἐποίησεν
1033 1815 1099 1855 ὑπὸ
1110 1822 1185 1856 Λα-

153 1877 394 1930 κεδαιμονίων.
677 1927 679 1929 ¹

623 1929 713 1967 269.

207 1989 443 2040 Stephanus:
465 1988 586 2037 Ἀλέα,
614 1987 714 2032 πόλις
737 1987 932 2040 Ἀρκαδίας.
971 1986 1185 2038 Θεόπομπος

151 2050 373 2100 πεντηκοστῇ
393 2046 489 2099 ἕκτῃ.

518 2192 674 2232 LIBER
711 2192 814 2232 LIV.

622 2257 712 2290 265.

193 2311 422 2351 Theopompus
451 2309 485 2340 in
500 2308 585 2341 libro
615 2310 731 2350 quarto
758 2310 791 2341 et
823 2308 1093 2350 quinquagesimo
1129 2310 1184 2342 Hi-

151 2358 327 2390 storiarum
343 2357 388 2389 ait
402 2365 410 2388 :
427 2355 579 2397 Philippo
606 2358 760 2398 regnante
773 2356 859 2388 circa
873 2357 1041 2389 Bisaltiam
1060 2358 1092 2389 et
1109 2359 1183 2389 Am-

150 2404 298 2447 phipolin
320 2406 353 2436 et
375 2404 593 2436 Graestoniam
612 2404 646 2435 in
667 2403 868 2444 Macedonia,
886 2404 994 2436 medio
1012 2413 1087 2436 vere
1102 2403 1183 2436 ficus

151 2451 281 2484 arbores
296 2450 387 2490 ficos,
403 2450 486 2483 vites
499 2459 593 2491 uvas,
609 2451 755 2491 itemque
769 2450 867 2490 oleas,
882 2459 948 2491 quo
959 2453 1104 2492 tempore
1122 2451 1183 2492 pri-

151 2507 244 2531 mum
267 2497 446 2539 germinare
472 2498 551 2530 alias
567 2497 838 2534 consuevissent,
867 2498 969 2530 olivas
985 2498 1098 2530 tulisse
1119 2507 1127 2529 2
1151 2500 1184 2530 et

151 2545 303 2578 omnihus
312 2545 345 2578 in
356 2545 453 2577 rebus
462 2553 618 2587 prospero
628 2553 783 2577 successu
795 2553 890 2577 usum
899 2554 970 2578 esse
978 2545 1181 2587 Philippum.

532 2663 689 2702 LIBER
725 2663 808 2702 LV.

193 2781 310 2820 Carya,
320 2779 412 2811 locus
421 2778 602 2819 Laconicae,
616 2779 657 2812 de
670 2787 736 2821 quo
748 2779 976 2820 Theopompus
990 2778 1072 2810 libro
1086 2778 1181 2819 quin-

151 2826 340 2868 quagesimo
355 2826 484 2867 quinto.

622 2879 711 2914 267.

193 2931 377 2971 Tricarana,
388 2931 557 2965 castellum
567 2931 729 2972 Phliasiae,
738 2931 965 2973 Theopompus
975 2931 1058 2964 libro
1065 2932 1180 2973 quinto

151 2979 432 3020 quinquagesimo.

523 3089 676 3129 LIBER
704 3090 805 3130 LVI.

621 3154 712 3187 268.
915 3138 951 3179 I-

192 3203 417 3244 Theopompus
431 3204 466 3236 in
481 3205 696 3238 Historiarum
709 3205 792 3238 libro
805 3207 897 3238 sexto
912 3207 944 3238 et
957 3205 1178 3247 quinquagesi-

150 3257 206 3280 mo
219 3249 339 3290 scribit,
348 3252 590 3292 Xenopitheam,
600 3254 808 3293 Lysandridae
822 3255 968 3293 matrem,
980 3253 1132 3286 omnibus
1144 3253 1177 3285 in

150 3295 372 3336 Peloponneso
382 3298 572 3331 mulieribus
586 3300 689 3332 forma
699 3300 934 3333 antecelluisse.
944 3301 1179 3334 Interfecerunt

150 3344 259 3374 autem
278 3342 367 3374 illam
391 3345 627 3378 Lacedaemonii
642 3371 652 3387 ‚
679 3349 711 3379 et
740 3356 883 3380 sororem
908 3351 978 3388 ejus
1006 3348 1153 3389 Chrysen
1167 3371 1176 3388 ‚

150 3396 253 3430 quum
271 3390 507 3430 Lysandridam
529 3392 590 3424 sihi
613 3393 832 3426 adversarium
854 3395 1019 3436 Agesilaus
1033 3404 1087 3428 rex
1099 3418 1108 3435 ‚
1124 3404 1177 3428 ex-

886 172 1190 213 THEOPOMPI
1217 173 1551 214 FRAGMENTA.

1305 317 1432 355 Idem·
1455 317 1605 370 Εὔγεια,
1619 260 1956 373 χωρίοῖἶξρκαδίας.
1969 321 2184 374 Θεόπομπος
2200 340 2280 365 πεν-

1303 479 1435 520 Idem:
1456 480 1613 531 Λύκαια,
1632 429 1950 537 πόλιςὲἶὶιρκαδίας.
1975 471 2186 538 Θεόπομπος
2202 501 2280 527 πεν-

1248 541 1410 592 τηκοστῷ
1424 537 1527 592 ἕκτῳ.

1301 644 1483 695 Polybius
1502 649 1608 694 XVI,
1633 659 1698 695 12,
1715 594 2084 699 ’ΞῚεῖΘεόπομπος’
2037 647 2171 702 φήσας,
2201 650 2281 696 τοὺς

1249 704 1298 746 εἷς
1329 702 1370 741 τὸ
1398 707 1457 742 τοῦ
1487 703 1569 748 Διος
1594 703 1724 743 ἅὸατον
1762 704 1936 757 ἐμὸάντας
1964 707 2043 745 κατ’
2082 708 2279 762 Ἀρκαδίαν,

1249 761 1390 806 ἀσκίους
1409 761 1600 814 γιγνέσθαι.

1302 824 1361 859 Ex
1378 821 1647 873 Theopompo,
1673 830 1717 860 ut
1747 822 1913 871 videtur,
1931 822 2142 875 [Pausanias
2166 829 2278 876 VIII,

1252 880 1300 918 38
1315 893 1324 916 :
1342 878 1394 919 Τὸ
1418 879 1493 918 δὲ’
1473 895 1549 933 ορος
1580 879 1773 933 παρέχεται
1797 881 1837 919 τὸ
1863 880 2018 921 Λύκαιον
2046 883 2106 922 καὶ
2135 884 2227 923 ἄλλα
2245 886 2280 930 ἐς

1250 946 1369 996 θαῦμα
1380 974 1390 992 ,
1406 943 1468 982 καὶ
1487 943 1643 995 μάλιστα
1658 943 1754 983 τάδε’
1771 960 1809 983 τε
1793 944 1914 996 ’μενος
1931 946 2024 985 ἔστιν
2045 948 2080 986 ἐν
2095 949 2191 1001 αὐτῷ
2208 950 2281 988 Λυ-

1250 1001 1351 1040 καίου
1370 1002 1599 1051 Διὸς,ἔσοδος
1624 1003 1659 1042 δὲ
1687 1006 1751 1042 οὐκ
1775 1003 1868 1044 ἔστιν
1895 1007 1929 1049 ἐς
1955 1005 2040 1044 αὐτὸ
2069 1007 2279 1062 ἀνθρώποις·

1251 1061 1457 1134 ὑπεριδόντα
1471 1060 1507 1100 δὲ
1520 1077 1581 1100 του
1600 1061 1708 1112 νόμου
1724 1078 1785 1101 και
1805 1063 1991 1102 ἐσελθόντα
2002 1065 2166 1117 ,ἀνάγκη
2179 1072 2279 1106 πᾶσα

1250 1119 1352 1158 αὐτὸν
1372 1120 1530 1158 ἐνιαυτου
1554 1118 1675 1173 πρόσω
1696 1119 1744 1171 μὴ
1774 1123 1915 1173 βιῶναι·
1945 1122 2005 1161 καὶ
2024 1122 2147 1162 τάδε’
2127 1140 2179 1163 ετι
2198 1124 2280 1164 ἐλέ-

1248 1192 1350 1230 γετο·
1367 1178 1445 1216 τὰ’
1430 1178 1523 1221 εντὸς
1550 1183 1610 1216 τοῦ
1631 1177 1795 1229 τεμένους
1819 1178 1989 1231 γενόμενα
2013 1181 2141 1234 ὁμοίως
2162 1183 2280 1222 πάντα

1249 1235 1310 1274 καὶ
1345 1235 1449 1288 θηρία
1476 1236 1535 1274 καὶ
1567 1235 1768 1290 ἀνθρώπους
1781 1238 1820 1275 οὖ
1839 1237 2057 1291 παρέχεσθαι
2075 1239 2189 1279 σκιὰν.
2218 1241 2278 1280 καὶ

1250 1294 1307 1333 διὰ
1326 1299 1448 1343 τοῦτο,
1478 1296 1512 1338 ἐς
1536 1293 1575 1333 τὸ
1594 1294 1735 1347 τέμενος
1756 1295 1875 1350 θηρίου
1898 1297 2197 1352 καταφεύγοντος,
2216 1301 2280 1339 οὔκ

1249 1352 1359 1392 ἐθέλει
1375 1354 1408 1391 οἱ
1437 1353 1683 1392 συνεσπίπτειν
1700 1357 1718 1392 ὃ
1734 1353 1950 1406 κυνηγέτης,
1976 1355 2067 1395 ἀλλὰ
2095 1357 2278 1408 ὑπομένων

1249 1411 1362 1462 ἐκτὸς,
1381 1411 1441 1450 καὶ
1459 1414 1547 1465 ὁρῶν
1564 1412 1604 1451 τὸ
1623 1412 1753 1466 θηρίον,
1774 1413 1938 1465 οὐδεμίαν
1961 1414 2023 1453 ἀπ’
2041 1416 2145 1454 αὐτοῦ
2159 1419 2279 1456 θεᾶται

1248 1470 1361 1510 σκίαν.

1725 1524 1815 1564 273.

1299 1577 1518 1629 Stephanus
1536 1593 1544 1615 z
1562 1577 1791 1631 Αἷγείρουσα,
1808 1577 1909 1623 πόλις
1926 1580 1989 1626 τῆς
2003 1579 2213 1634 Μεγαρίδος,
2229 1581 2278 1625 ὡς

1246 1635 1418 1689 Στράὸων
1434 1636 1516 1687 (ΙΧ,
1533 1650 1574 1688 p.
1595 1638 1698 1710 324).
1707 1637 1858 1690 Λέγεται
1870 1637 1929 1676 καὶ
1940 1637 2099 1692 Αἴγειρος
2106 1668 2118 1689 ,
2127 1641 2174 1684 ὣς
2186 1638 2278 1680 Θεό·

1245 1709 1385 1746 πομπος
1397 1709 1617 1748 πεντηκοστῃ
1635 1694 1732 1748 ἕκτῃ.

1686 1775 1854 1789 —QOQ—

1608 1807 1912 1909 LIBE2R74LVII.

1297 1930 1404 1967 Idem
1420 1927 1667 1976 ιΜεσσαπέαι,
1679 1928 1808 1981 χωρίον
1823 1930 2044 1977 Λακωνικῆς.
2063 1929 2118 1969 Τὸ
2130 1931 2276 1981 ἐθνικὸν,

1245 1987 1494 2031 Μεσσαπεεύς·
1530 1987 1621 2026 οὕτω
1640 1987 1707 2042 γὰρ
1727 1990 1746 2026 ὁ
1764 1987 1850 2032 Ζεὺς
1877 1990 1950 2027 ἐκεῖ
1975 1993 2136 2040 τιμᾶται.
2175 1990 2271 2031 Θεό-

1243 2061 1383 2098 πομπος
1396 2048 1623 2100 πεντηκοστῷ
1640 2046 1791 2101 ἑὸδόμῳ.

1243 2193 1342 2225 citata
1363 2190 1543 2233 seditione,
1569 2193 1608 2225 ut
1628 2192 1661 2224 in
1690 2191 1827 2225 exilium
1846 2191 2250 2234 pellerentLacedaemonii
2262 2205 2273 2224 2

1243 2241 1388 2281 perfecit.

1717 2294 1808 2328 269.

1283 2347 1371 2388 Alea,
1386 2347 1464 2380 urbs
1477 2346 1634 2386 Arcadiae,
1645 2345 1783 2378 auctore
1790 2345 2006 2387 Theopompo
2014 2344 2100 2378 libro
2115 2345 2272 2388 quinqua·

1241 2394 1363 2435 gesimo
1378 2397 1483 2427 sexto.

1712 2441 1734 2473 2
1741 2442 1759 2473 7
1767 2441 1804 2474 0.

1283 2496 1391 2535 Eugea
1402 2518 1411 2534 ‚
1439 2493 1594 2535 oppidum
1610 2492 1756 2525 Arcadiae
1767 2516 1777 2533 ‚
1791 2492 1832 2526 de
1847 2501 1912 2534 quo
1930 2492 2158 2534 Theopompus
2184 2490 2270 2525 libro

1242 2541 1511 2582 quinquagesimo
1523 2541 1628 2573 sexto.

1285 2647 1414 2699 Lycaea,
1429 2646 1508 2678 urbs
1523 2645 1681 2686 Arcadiae,
1697 2644 1738 2677 de
1753 2653 1818 2686 qua
1836 2644 2065 2686 Theopompus
2080 2643 2164 2676 libro
2177 2642 2268 2685 quin·

1240 2693 1426 2733 quagesimo
1439 2693 1546 2724 sexto.

1713 2739 1735 2772 2
1742 2739 1763 2771 7
1768 2739 1804 2772 2.

1280 2790 1508 2832 Theopompus
1549 2792 1663 2823 auctor
1691 2791 1753 2826 est,
1780 2798 1836 2822 eos
1867 2789 1970 2830 quiin
1989 2787 2148 2842 templum
2176 2757 2293 2821 suvia

1238 2838 1273 2869 in
1289 2838 1436 2878 Arcadia,
1454 2837 1540 2878 quod
1557 2837 1678 2870 nemini
1695 2837 1784 2870 adire
1800 2837 1886 2876 licet,
1903 2835 2047 2869 suerint
2038 2835 2184 2876 ingressi,
2196 2842 2283 2869 um·

1240 2883 1309 2916 brae
1321 2887 1468 2926 expertes
1481 2884 1584 2917 reddi.

1279 2989 1452 3030 AEgiru,sa
1469 2989 1626 3031 oppidum
1644 2989 1838 3030 Megaridis‚
1856 2988 1904 3021 uti
1918 2987 2034 3021 Strabo
2048 2988 2197 3021 testatur.
2214 2987 2269 3021 nl
2318 3014 2320 3041 l

1237 3037 1322 3069 citur
1333 3037 1434 3069 etiam
1449 3036 1589 3078 AEgirus‚
1598 3036 1647 3069 uti
1659 3037 1890 3078 Theopompus
1902 3035 1985 3068 libro
1998 3034 2265 3076 quinquagesimo

1237 3086 1329 3117 sexto
1343 3085 1450 3117 vocat.

1598 3182 1752 3221 LIBER
1781 3182 1903 3222 LVII.

1699 3247 1790 3280 274.

1279 3302 1454 3341 Messapeae
1466 3323 1476 3339 ‚
1495 3298 1663 3331 castellum
1683 3298 1870 3338 Laconicae,
1894 3298 1987 3338 cujus
2003 3297 2120 3339 gentile
2142 3297 2259 3329 Messa*

1235 3347 1374 3390 peensis.
1395 3348 1465 3379 Hoc
1485 3346 1618 3378 nomine
1636 3345 1763 3386 Jupiter
1778 3345 1897 3377 ibidem
1913 3345 2049 3385 colitur,
2064 3346 2145 3377 teste
2159 3341 2259 3376 Theo·
2316 3379 2317 3382 Ἴ

1235 3403 1355 3439 pompo
1371 3394 1453 3427 libro
1471 3393 1741 3435 quinquagesimo
1757 3395 1907 3431 septimo.
