2320 3684
144 205 167 239 7
171 203 194 236 4
844 184 1168 225 PHERECYDIS
1195 184 1527 226 FRAGMENTA.

136 278 210 316 bro
223 278 435 328 fragmenta
448 275 698 326 assignantur,
713 286 832 324 quum
850 272 950 310 clare
967 272 1167 311 ostendant

1277 275 1403 313 Schol.
1423 257 1554 326 Eurip.
1572 274 1698 312 Phoen.
1737 289 1750 311 1
1764 277 1834 313 123
1853 275 2078 330 εΦερεκύδης
2103 277 2162 317 ἐπὶ
2185 281 2248 320 τοῦ

137 339 301 389 Argivas
317 336 558 389 potissimum
575 333 721 375 fabulas
739 333 779 370 in
796 345 845 370 eo
863 339 1041 369 tractatas
1073 344 1166 379 esse,
1227 331 1313 370 ἷνίου
1329 333 1434 386 φησὶν
1449 332 1552 371 αὐτὸν
1568 332 1719 387 (Ἄργον)
1735 331 1828 385 ἔχειν
1841 333 2031 386 ὀφθαλμὸν,
2045 334 2119 386 ἅμα
2132 336 2247 384 δηλῶν

139 409 199 434 res
223 396 278 434 ita
294 392 566 433 conformanda
590 399 661 438 est,
684 399 727 428 ut
749 398 960 429 statuamus
975 390 1166 441 Pherecy-

139 455 224 493 dem
236 485 246 503 ,
264 463 464 506 postquam
483 451 752 490 Prometheum
774 450 822 489 ab
841 451 1002 489 Hercule
1027 449 1168 489 libera-

140 522 222 551 tum
250 514 419 559 dixisset,
447 510 496 549 ab
518 511 592 549 hoc
614 510 701 561 ipso
724 509 888 548 Hercule
908 509 1102 547 transiisse
1119 509 1172 553 ad

141 571 287 609 fabulas
299 570 472 620 Argivas.
493 569 676 607 Similiter
693 567 965 619 Apollodorus,
985 568 1052 618 qui
1068 567 1167 605 libro

141 629 305 667 secundo
322 629 416 667 dicit
430 644 437 665 :
456 626 603 674 Ἐπειδὴ
622 625 659 665 δὲ
675 626 715 665 τὸ
732 630 792 665 τοῦ
806 626 1044 670 Δευκαλίωνος
1057 625 1167 671 διεξε-

140 686 341 738 ληλύθαμεν
357 685 474 738 γένος,
495 684 672 738 ἐχομένως
691 683 850 737 λέγωμεν
869 684 909 724 τὸ
922 683 1073 737 Ἰνάχου.
1093 688 1170 723 Ita-

141 760 215 797 que
235 746 312 783 huc
332 746 525 796 pertinent
539 758 626 796 quae
643 753 846 783 narrantur
862 743 909 782 de
927 748 1033 795 Argo
1051 747 1171 782 Pano-

141 813 207 854 pta
226 803 320 854 (22),
332 804 380 842 de
407 807 540 842 Danao
559 802 655 854 (23),
677 803 725 840 de
739 803 857 842 Proeti
876 801 1026 840 filiabus
1041 816 1063 840 a
1081 805 1169 840 Me—

141 863 315 915 lampode
350 863 487 901 sanatis
521 861 616 914 (24),
643 862 691 900 de
721 862 1012 913 Bellerophonte
1040 870 1172 900 contra

141 925 352 960 Amazonas
375 929 583 973 pugnante,
601 921 647 959 ad
673 921 777 972 quod
815 921 860 958 fr.
895 921 943 958 25
978 920 1104 968 retuli,
1125 920 1172 958 de

140 983 269 1018 Danae
293 988 330 1018 et
351 984 489 1019 Perseo
509 979 607 1031 (26),
626 979 673 1017 de
693 980 875 1018 Alcmena
893 979 988 1028 (27),
1008 979 1055 1017 de
1071 980 1170 1017 Her-

141 1039 224 1077 cule
256 1047 471 1090 serpentem
501 1047 682 1077 enecante
719 1038 814 1088 (28).
850 1037 964 1086 Quod
1002 1038 1174 1088 sequitur

143 1098 399 1148 fragmentum
417 1098 464 1136 de
483 1097 654 1148 Thespio
678 1097 739 1135 vel
764 1097 920 1135 Thestio
949 1096 1106 1147 ejusque
1125 1097 1174 1134 fi-

143 1156 265 1194 liabus
289 1170 337 1194 ex
354 1157 422 1194 illo
439 1157 526 1194 loco
548 1156 763 1194 desumtum
791 1155 952 1203 videtur,
982 1154 1049 1192 ubi
1076 1157 1175 1192 Her—

144 1216 246 1254 cules
268 1229 290 1253 a
307 1215 461 1253 Thestio
479 1215 581 1254 caede
599 1214 824 1261 liberorum,
844 1227 939 1264 quos
957 1227 1004 1251 ex
1023 1216 1176 1264 Megara

146 1273 228 1323 (30)
268 1274 453 1321 habebat,
480 1274 664 1312 lustratus
690 1287 771 1311 esse
795 1271 1005 1319 dicebatur,
1037 1272 1095 1309 vel
1128 1285 1177 1309 ex

143 1333 224 1380 illo,
241 1333 309 1370 ubi
322 1333 368 1370 de
384 1333 662 1384 quinquaginta
679 1332 758 1370 istis
772 1330 1037 1370 Thestiadibus
1053 1344 1177 1368 sermo

144 1400 236 1429 erat.
249 1392 321 1430 Hic
339 1392 440 1429 enim
458 1391 694 1441 Pherecydes
710 1404 758 1428 ex
781 1403 887 1427 more
906 1402 978 1426 suo
998 1389 1098 1427 inter
1118 1389 1177 1426 di-

143 1463 275 1488 versos
304 1451 495 1497 Thestios,
526 1451 732 1489 AEtolicum
764 1449 872 1487 illum
891 1456 930 1486 et
948 1449 1176 1496 Boeoticum,

145 1509 272 1560 potuit
284 1509 532 1559 distinguere.

198 1627 324 1666 Schol.
339 1628 519 1678 Apollon.
539 1630 590 1675 ΙΙ,
605 1642 617 1663 1
628 1627 702 1664 252
720 1641 728 1664 :
746 1624 951 1679 Φερεκύδης
964 1626 998 1663 ἐν
1016 1623 1179 1678 δευτέρῳ,

146 1688 313 1739 Τυφῶνος
342 1685 402 1724 καὶ
428 1686 594 1738 Ἐχίδνης
618 1688 679 1733 τῆς
716 1684 897 1738 Φόρκυνος
931 1684 1033 1737 (cod.
1062 1685 1178 1722 Paris.

147 1746 253 1783 addit
271 1738 373 1796 εἶναι)
394 1744 481 1798 φησὶ
509 1745 567 1784 τὸν
590 1745 689 1783 ἀετὸν
709 1744 767 1783 τὸν
794 1742 1057 1796 ἐπιπεμφθέντα
1081 1745 1181 1797 Προ-

149 1806 261 1855 μηθεῖ.
291 1803 360 1842 Καὶ
376 1802 428 1842 ὅτι
450 1802 486 1842 δὲ
510 1803 607 1856 (cod.
629 1804 743 1841 Paris.
763 1804 870 1854 quasi
893 1802 1088 1852 sequentia
1103 1814 1180 1838 non

148 1864 224 1900 siut
241 1877 261 1900 e
280 1863 496 1913 Pherecyde
510 1863 640 1913 petita,
661 1862 776 1900 habet
795 1861 879 1914 φασὶ
892 1859 939 1907 δὲ,
953 1859 1018 1910 ὅτι)
1042 1862 1060 1898 ὁ
1083 1859 1181 1904 ἀετὸς

148 1921 268 1969 ἤσθιεν
285 1924 347 1968 τῆς
365 1921 501 1974 ἡμέρας
515 1926 578 1960 τοῦ
597 1921 753 1970 ἥπατος,
769 1920 810 1959 τὸ
831 1920 867 1958 δὲ
885 1918 1090 1970 λειπόμενον
1110 1918 1179 1965 ηὔ-

152 1979 231 2024 ξετο
245 1982 307 2027 τῆς
322 1979 444 2023 νυκτὸς
455 2010 466 2029 ,
485 1979 546 2018 καὶ
563 1979 694 2031 ἐγίνετο
707 1979 800 2018 ἴσον.

640 2045 706 2082 22.
786 2027 829 2069 ‘’-

203 2103 379 2154 Apollod.
398 2106 449 2151 ΙΙ,
475 2118 508 2150 1,
530 2105 551 2141 3
570 2101 630 2141 :’‘A
638 2118 717 2156 ργον
741 2102 800 2141 τὸν
818 2101 1002 2148 πανόπτην
1026 2101 1181 2147 Ἀσκλη-

151 2161 279 2208 πιάδης
296 2161 359 2213 μὲν
381 2161 580 2215 Ἀρέστορος
598 2161 693 2214 λέγει
706 2160 795 2200 υἱόν·
811 2160 1013 2214 Φερεκύδης
1030 2159 1078 2207 δὲ,
1093 2158 1180 2198 Ἰνά-

154 2235 238 2272 χου·
260 2219 415 2274 Κέρκωψ
442 2219 496 2269 δὲ,
521 2219 648 2273 Ἄργου
674 2219 734 2258 καὶ
754 2220 921 2272 Ἰσμήνης
943 2222 1005 2266 τῆς
1022 2219 1181 2257 Ἀσωποῦ

155 2278 342 2332 θυγατρός·
365 2278 585 2322 Ἀκουσίλαος
606 2278 643 2317 δὲ
662 2282 792 2331 γηγενῆ
808 2279 910 2317 αὐτὸν
926 2277 1031 2329 λέγει.

208 2339 280 2376 Hic
299 2338 582 2389 transponenda
601 2352 682 2376 esse
696 2339 924 2389 Asclepiadis
943 2347 981 2375 et
998 2337 1182 2386 Pherecy-

100 2417 103 2419 >
152 2397 211 2435 dis
229 2398 396 2445 nomina,
406 2397 484 2448 jam
497 2397 907 2435 videruutValckenar.
930 2405 967 2434 et
999 2395 1182 2445 Heyuius.

159 2485 239 2494 -->

442 2531 596 2570 LIBER
625 2530 898 2569 SECUNDUS.

198 2643 366 2685 Typhonis
393 2651 435 2674 ex
456 2641 601 2674 Echidna
614 2665 623 2681 ,
647 2640 762 2672 Phorci
791 2639 856 2671 filia
870 2664 879 2679 ,
897 2639 1004 2680 aquila
1025 2642 1074 2671 est
1087 2662 1096 2678 ,
1113 2648 1187 2680 quae

158 2691 351 2724 Prometheo
374 2689 523 2721 immissa
542 2689 633 2730 Jecur
655 2689 727 2728 ejus
743 2686 962 2726 dilacerabat,
987 2686 1031 2717 ita
1046 2689 1083 2717 ut
1098 2685 1186 2726 quod

158 2739 211 2771 die
223 2739 331 2770 ederat
343 2738 441 2769 noctu
458 2737 708 2777 regeneraretur,
726 2735 759 2767 et
777 2734 889 2766 eadem
911 2735 1056 2765 maneret
1068 2733 1186 2773 Jecino-

158 2788 205 2819 ris
223 2793 386 2817 mensura.

641 2831 704 2863 22.

196 2882 299 2920 Argus
321 2880 480 2920 Panoptes
498 2878 531 2919 (i.
549 2886 578 2910 e.
595 2877 650 2918 qui
667 2875 769 2908 oculis
785 2874 896 2907 omnia
917 2874 1054 2906 lustrare
1069 2874 1187 2914 potest)

160 2927 246 2959 tilius
261 2929 310 2959 cst
326 2926 498 2958 Arestoris.
567 2965 569 2968 v

203 2977 317 3014 Argus,
331 2974 424 3006 Jovis
454 2973 552 3012 filius,
562 2970 668 3010 Pitho,
681 2969 799 3003 Oceani
812 2968 923 3009 filiam,
938 2968 1032 3001 duxit
1043 2976 1187 2999 uxorem.

1226 390 1279 430 ὅτι
1303 390 1363 430 δύο
1384 391 1542 444 ἐγένοντο
1560 391 1692 444 Ἄργοι.
1713 391 1844 444 Γράφει
1866 392 1902 429 δὲ
1925 391 2051 437 οὕτως·
2068 393 2213 448 ιἌργος
2230 398 2250 435 ὃ

1227 450 1307 495 Διὸς
1337 456 1444 502 γαμεῖ
1471 450 1607 501 nagera,
1625 449 1689 497 τὴν
1711 449 1878 489 Ὠκεανοῦ
1914 450 2097 505 θυγατέρα.
2118 454 2193 492 -Τοῦ
2213 452 2250 492 δὲ

1232 508 1365 560 γίνεται
1381 509 1553 562 Κρίασος,
1571 514 1633 548 τοῦ
1650 507 1687 547 δὲ
1707 508 1941 562 Ἐρευθαλίων
1960 509 2037 563 [ἀφ’
2057 504 2097 548 οὗ
2120 509 2250 564 Ἐρευ-

1229 567 1334 606 θαλία
1348 566 1449 611 πόλις
1468 569 1628 607 καλεῖται
1645 569 1680 606 ἐν
1704 566 1742 606 Ἄ
1749 569 1837 620 ργει]
1863 568 1923 606 καὶ
1948 567 2104 621 Φόρὸας.
2122 570 2155 607 Τ
2157 573 2196 608 οῦ
2213 567 2252 607 δὲ

1228 626 1361 678 γίνεται
1383 626 1570 680 Ἂρέστωρ,
1597 631 1656 665 τοῦ
1677 625 1714 664 δὲ
1741 625 1884 680 Ἄργος,
1911 620 1941 680 ᾧ
1959 626 2058 680 ἽΙρα
2074 627 2252 681 ὀφθαλμὸν

1228 684 1364 732 τίθησιν
1391 687 1425 723 ἐν
1450 688 1500 738 τῷ
1529 685 1617 739 ἷνίῳ,
1645 685 1705 724 καὶ
1736 685 1792 724 τὸν
1821 684 1927 724 ὕπνον
1952 684 2162 739 ἐξαιρεῖται,
2193 685 2254 725 καὶ

1230 743 1418 793 ὑφίσταται
1437 745 1498 783 καὶ
1518 745 1657 798 φύλακα
1680 744 1783 783 αὐτὸν
1799 747 1842 797 τῇ
1863 745 1937 783 Ἰοῖ.
1950 741 2104 784 ’Έπειτα
2117 743 2254 799 Ἑρμῆς

1230 803 1332 842 αὐτὸν
1349 803 1485 842 κτείνει.

1715 862 1779 900 23.

1286 921 1414 959 Schol.
1433 921 1616 972 Apollon.
1633 925 1650 958 Ι
1662 952 1672 970 ,
1697 923 1796 959 1213
1811 935 1819 958 z
1838 919 2039 974 Φερεκύδης
2058 920 2094 959 ἐν
2109 921 2160 974 τῷ
2177 920 2258 959 δευ-

1231 977 1322 1033 τέρῳ
1345 979 1450 1032 φησὶν
1466 979 1519 1018 ὅτι
1541 979 1739 1034 Πολυδώρα
1761 982 1805 1032 τῇ
1826 981 1966 1018 Δαναοῦ
1988 978 2152 1031 μίσγεται
2167 980 2257 1026 Πη-

1232 1038 1319 1082 νειὸς
1335 1041 1353 1077 ὃ
1368 1038 1538 1090 ποταμός.
1556 1041 1639 1078 Τῶν
1654 1038 1690 1077 δὲ
1708 1038 1840 1090 γίνεται
1854 1037 1994 1091 Δρύοψ,
2013 1037 2072 1091 ἀφ’
2088 1031 2260 1091 οῧ-Δρὼ-

1233 1111 1295 1141 πες
1313 1098 1514 1135 καλοῦνται.
1528 1098 1674 1137 Οἷκοῦσι
1691 1096 1728 1135 δὲ
1743 1097 1801 1135 ἐπὶ
1816 1100 1867 1150 τῷ
1892 1098 2077 1149 Σπερχειῷ
2095 1098 2258 1149 ποταμιῖ).

1287 1160 1362 1194 Pro
1391 1156 1541 1203 Πηνειὸς
1570 1157 1716 1195 Berkel.
1761 1165 1800 1196 et
1820 1156 2012 1206 Verheyk.
2043 1156 2090 1193 ad
2117 1159 2258 1194 Anton.

1235 1214 1400 1253 Liberal.
1414 1229 1446 1253 c.
1466 1217 1532 1263 32,
1553 1224 1654 1254 recte
1673 1215 1874 1254 emendant
1899 1213 2107 1268 Σπερχειός.

1289 1339 1417 1378 Schol.
1444 1342 1599 1378 Homer.
1637 1340 1776 1390 Odyss.
1807 1341 1855 1386 Ο,
1883 1336 2219 1390 225εΜελάμπους
2244 1340 2264 1376 ὁ

1238 1396 1444 1448 Ἀμυθάονος
1462 1403 1544 1441 παῖς
1559 1426 1570 1444 ,
1587 1396 1703 1436 πολλὰ
1723 1396 1786 1449 μὲν
1802 1396 1864 1435 καὶ
1880 1395 1972 1434 ἄλλα
1995 1394 2052 1434 διὰ
2068 1398 2130 1443 τῆς
2143 1411 2266 1447 μαντι-

1237 1458 1301 1502 κῆς
1319 1456 1488 1509 τεράστια
1517 1456 1639 1505 ἐποίει,
1668 1457 1735 1508 οὐχ
1751 1455 1881 1503 ἥκιστα
1900 1453 1937 1493 δὲ
1963 1448 2062 1508 ἀὐτῷ
2085 1453 2144 1493 καὶ
2168 1449 2266 1498 οὗτος

1239 1513 1456 1560 ἐνδοξότατος
1479 1509 1581 1558 ἆθλος
1605 1514 1752 1566 ἐγένετο.
1776 1516 1860 1553 Τῶν
1881 1513 1949 1567 γὰρ
1981 1512 2141 1567 Προίτου
2156 1514 2267 1564 θυγα-

1240 1572 1362 1626 τέρων,
1381 1577 1441 1611 τοῦ
1472 1573 1643 1626 βασιλέως
1675 1575 1746 1611 τῶν
1781 1571 1957 1624 Ἀργείων,
1992 1570 2180 1619 Λυσίππης
2204 1570 2266 1611 καὶ

1238 1627 1483 1685 Ἰφιανάσσης,
1508 1630 1565 1670 διὰ
1594 1631 1658 1679 τὴν
1688 1630 1922 1683 ἀκμαιότητος
1956 1630 2110 1684 (Buttm.
2139 1630 2202 1678 τὴν
2227 1633 2268 1670 ἐκ

1237 1689 1412 1740 νεότητος)
1427 1690 1707 1742 ἀνεπιλογιστίαν
1722 1691 1954 1743 ἁμαρτουσῶν
1970 1691 2018 1733 εἷς
2035 1688 2152 1743 ’Ί-Ιραν
2170 1705 2178 1713 ·
2193 1705 2268 1727 πα-

1242 1747 1469 1802 ραγενόμεναι
1492 1747 1559 1802 γὰρ
1589 1751 1635 1792 εἷς
1663 1748 1721 1787 τὸν
1748 1751 1810 1795 τῆς
1839 1750 1916 1785 θεοῦ
1952 1746 2052 1796 νεὼν,
2085 1745 2266 1786 ἔσκωπτον

1242 1806 1342 1845 αὐτὸν
1362 1808 1532 1859 (Barnes.
1552 1806 1691 1859 αὐτὴν),
1711 1805 1877 1857 λέγουσαι
1895 1805 2154 1859 πλουσιώτερον
2172 1807 2268 1856 μᾶλ-

1241 1867 1299 1904 λον
1317 1858 1405 1904 εἶναι
1423 1865 1482 1904 τὸν
1501 1870 1560 1904 τοῦ
1577 1865 1707 1919 πατρὸς
1724 1858 1924 1904 οἶκοι-Καὶ
1945 1862 2008 1913 διὰ,
2021 1869 2122 1903 τοῦτο
2143 1864 2267 1916 μάντις

1241 1923 1289 1962 ὢν
1320 1923 1600 1977 παραγενόμενίς
1631 1927 1649 1962 ὁ
1681 1923 1916 1975 Μελάμπους,
1947 1922 2121 1976 ὑπέσχετο
2153 1923 2269 1967 πάσας

1243 1983 1397 2034 (Buttm.
1417 1984 1552 2034 reponi
1567 1983 1678 2034 jubet
1695 1982 1849 2035 πάντως)
1876 1981 2088 2035 θεραπεύειν,
2113 1983 2142 2020 εἷ
2158 1982 2269 2027 ’λάβοι

1242 2041 1403 2086 κατάξιον
1422 2045 1484 2089 τῆς
1509 2041 1691 2096 θεραπείας
1711 2040 1846 2093 μισθόν.
1866 2040 1962 2088 Ἤδη
1976 2039 2044 2095 γὰρ
2057 2045 2079 2089 ἡ
2099 2040 2197 2084 νόσος
2211 2042 2270 2079 δε-

1241 2099 1386 2149 καετὴς,
1415 2100 1476 2139 καὶ
1506 2100 1630 2149 ὀδύνην
1661 2099 1815 2154 φέρουσα
1840 2101 1879 2139 οὐ
1909 2099 2013 2150 μόνον
2039 2101 2175 2161 αὖταῖΐ
2188 2106 2266 2144 ταῖς

1245 2160 1458 2213 (articulum
1488 2161 1615 2198 omisit
1649 2159 1806 2211 Buttm.)
1829 2157 1965 2212 κόραις,
1999 2156 2176 2206 &named
2199 2164 2270 2202 τοῖς

1242 2217 1496 2270 γεγεννηκόσιν.
1518 2217 1848 2270 Ἐπαγγειλαμένου
1880 2217 1917 2256 δὲ
1950 2221 2011 2256 τοῦ
2030 2216 2185 2271 Προίτου
2219 2219 2270 2270 τῷ

1245 2277 1460 2328 Μελάμποδι
1479 2277 1539 2316 καὶ
1558 2277 1663 2331 μέρος
1686 2280 1749 2324 τῆς
1778 2276 1975 2329 βασιλείας,
2007 2275 2068 2314 καὶ
2088 2275 2171 2326 μίαν
2199 2277 2270 2313 τῶν

1245 2335 1442 2390 θυγατέρων
1474 2336 1516 2383 ἣν
1556 2335 1598 2374 ἂν
1639 2336 1733 2375 θέλοι
1751 2336 1903 2386 (Buttm.
1926 2334 2059 2387 ἐθέλοι),
2084 2335 2131 2377 εἷς
2157 2333 2269 2386 γάμον

1246 2394 1383 2445 δώσειν,
1404 2394 1532 2434 ἰάσατο
1557 2394 1621 2442 τὴν
1640 2394 1740 2434 νόσον
1755 2398 1773 2434 ὁ
1792 2394 2032 2445 Μελάμπους,
2054 2392 2168 2434 διάᾱῡι
2194 2394 2273 2442 ἷκε-

1688 2567 1693 2572 .
1726 2543 1789 2575 24.
2142 2576 2148 2586 ,

2139 2591 2163 2606 Κ

1287 2634 1478 2674 ltlvlampus,
1492 2634 1705 2674 Amythaonis
1721 2633 1818 2672 lilius,
1838 2632 1919 2664 inter
1934 2631 1997 2664 alia
2010 2630 2113 2663 multa
2127 2639 2202 2671 quae
2217 2638 2271 2662 va-

1244 2681 1401 2713 ticinandi
1418 2683 1486 2712 arte
1508 2681 1664 2712 miracula
1688 2680 1774 2718 fecit,
1794 2679 1891 2710 ctiam
1914 2679 1998 2710 hanc
2020 2686 2088 2709 rem
2109 2670 2279 2709 celeberr-i:

1245 2738 1332 2761 mam
1347 2729 1476 2769 peregit.
1490 2728 1618 2760 Etenim
1629 2727 1770 2768 Lysippe
1786 2728 1818 2760 et
1834 2725 2037 2767 Iphianassa,
2054 2724 2152 2757 Proeti
2164 2747 2173 2763 ,
2189 2723 2272 2764 regis

1247 2775 1367 2815 Argivi,
1381 2775 1466 2815 filiae,
1481 2774 1617 2815 juvenili
1631 2773 1902 2806 inconsiderantia
1925 2773 1960 2804 in
1976 2773 1995 2804 J
1998 2779 2140 2804 unonem
2165 2767 2272 2814 pecca-

1246 2823 1369 2854 verant.
1387 2823 1468 2853 Nam
1481 2829 1583 2861 quum
1600 2820 1632 2851 in
1645 2820 1803 2860 templum
1821 2818 1889 2850 deoe
1904 2818 2085 2854 venissent,
2099 2813 2135 2848 id
2153 2815 2271 2860 derise-

1247 2871 1333 2909 runt,
1351 2869 1452 2910 patris
1468 2869 1604 2901 domum
1623 2867 1767 2899 dicentes
1787 2866 1892 2898 multo
1913 2863 2163 2906 splendidiorem
2186 2871 2269 2895 esse.

1249 2918 1393 2957 (Propter
1409 2917 1490 2948 hanc
1504 2914 1708 2947 insolentiam
1722 2913 1855 2945 morbus
1866 2912 1998 2953 quidam
2011 2911 2051 2942 iis
2064 2910 2200 2951 injectus
2210 2913 2270 2944 est,

1248 2964 1303 3005 qui
1325 2964 1367 2995 ad
1382 2963 1540 2994 insaniam
1563 2970 1617 2994 eas
1634 2961 1763 3001 adegit).
1784 2960 1846 2992 Sed
1861 2958 2040 2999 Melampus
2056 2959 2145 2988 vates
2158 2963 2272 2989 onnes

165 3023 213 3051 Ex
235 3020 284 3051 his
305 3020 450 3052 nascitur
472 3019 626 3056 Criasus;
650 3018 747 3058 huJus
770 3018 819 3048 est
840 3013 1064 3052 Ereuthalion,
1090 3022 1108 3044 a
1124 3021 1189 3052 quo
1250 3019 1384 3053 prorsus
1400 3019 1434 3042 se
1451 3011 1640 3042 sanaturum
1659 3016 1730 3039 esse
1743 3006 1904 3047 promisit,
1918 3005 2077 3045 siquidem
2093 3002 2272 3035 mercedem

162 3068 357 3108 Ereuthalia,
382 3069 460 3100 urbs
479 3067 650 3109 Argolidis,
676 3074 796 3098 nomen
818 3064 955 3104 accepit,
974 3064 1007 3094 et
1029 3061 1187 3100 Phorbas,
1215 3069 1220 3112 Ι

1249 3059 1407 3099 acciperet
1422 3057 1481 3088 hac
1496 3055 1663 3087 sanatione
1676 3053 1816 3093 dignam.
1835 3055 1916 3084 Nam
1938 3051 2073 3083 morbus
2090 3059 2146 3091 per
2161 3049 2274 3081 decen-

163 3115 406 3155 hujusArestor,
422 3116 517 3156 hujus
534 3117 650 3155 Argus,
665 3113 717 3144 cui
733 3112 865 3144 oculum
879 3113 966 3143 ,luno
988 3108 1078 3150 ponit
1090 3108 1123 3139 in
1140 3117 1190 3139 oc·
1216 3117 1220 3140 i
1249 3105 1341 3137 nium
1361 3105 1429 3145 jam
1451 3102 1635 3139 duraverat,
1675 3102 1771 3140 atque
1813 3109 1878 3131 non
1915 3098 2021 3130 solum
2060 3096 2194 3138 puellas,
2216 3095 2273 3128 sed

165 3162 272 3202 cipitio
296 3164 328 3193 et
356 3171 507 3193 somnum
538 3161 660 3200 adimit,
691 3162 787 3201 atque
817 3161 872 3191 Isls
906 3157 982 3190 facit
1011 3155 1190 3203 custodem.

165 3211 280 3240 Postea
293 3208 479 3240 interfectus
498 3212 581 3240 esta
602 3207 770 3240 Mercurio.
1028 3200 1046 3213 '

208 3309 293 3341 Cum
303 3285 472 3348 Polydora
489 3308 587 3338 Danai
600 3263 862 3345 fili{›‚3‹{0ncuhuit
870 3305 1049 3347 Sperchcus
1060 3303 1190 3335 fluvius.

167 3357 218 3387 Ex
233 3355 285 3387 his
300 3356 396 3387 natus
412 3357 461 3386 est
475 3357 603 3394 Dryops
618 3378 626 3392 ,
646 3364 663 3385 a
680 3363 744 3393 quo
770 3356 911 3394 Dryopes
934 3352 972 3384 ad
997 3350 1192 3392 Spercheum

167 3402 348 3434 habitantes
363 3410 480 3433 nomen
499 3403 698 3441 acceperunt.

1249 3154 1395 3194 parentes
1411 3150 1491 3182 adeo
1503 3149 1647 3190 ipsarum
1672 3146 1838 3179 doloribus
1854 3145 2090 3178 affecit.proet0
2117 3151 2195 3176 vero
2205 3141 2272 3184 pol-

1250 3200 1365 3231 licente
1400 3199 1432 3230 et
1467 3197 1591 3238 partem
1629 3194 1714 3235 regni
1745 3196 1777 3225 et
1809 3202 1925 3228 unam,
1951 3201 2048 3232 quam
2086 3190 2194 3230 vellet,
2231 3197 2270 3221 ex

1250 3246 1377 3278 filiabus
1390 3245 1423 3276 iu
1439 3242 1681 3276 matrimonium
1703 3242 1731 3273 ei
1749 3250 1784 3272 se
1805 3241 1958 3272 daturum
1975 3247 2047 3271 esse
2061 3263 2070 3278 ,
2094 3236 2273 3277 Melampus

1251 3290 1538 3334 supplicationibus
1557 3291 1589 3321 et
1605 3287 1772 3320 sacrificiis
1785 3312 1793 3327 ,
1817 3287 1936 3328 quibus
1955 3288 1973 3318 J
1978 3285 2095 3317 unonis
2116 3284 2195 3316 iram
2211 3282 2266 3324 pla

1251 3340 1335 3372 cavit
1351 3364 1359 3379 ,
1377 3338 1525 3370 morbum
1543 3335 1665 3377 depulit
1681 3336 1713 3367 et
1728 3335 1970 3376 Iphianassam,
1992 3330 2168 3364 curationis
2190 3336 2272 3370 prae·

1218 3404 1222 3419 ⁸
1253 3393 1363 3430 mium,
1382 3391 1475 3423 duxit
1493 3397 1637 3422 uxorem.
