2320 3684
763 132 1087 173 PHERECYDIS
1116 134 1442 176 FRAGMENTA.

44 227 160 267 Paris.
179 225 400 277 καταλείπει)
424 225 459 263 ἐν
488 226 531 277 τῇ
550 221 691 276 Σερίφῳ
712 219 908 274 βασιλεύειν
925 222 995 259 τῶν
1016 222 1078 259 λε-

44 284 242 336 λειμμένων
279 283 467 338 Σεριφίων,
512 281 615 326 αὐτὸς
646 279 683 319 δὲ
720 279 785 327 ἔὸη
822 278 939 318 πλέων
966 280 1034 332 (ita
1057 294 1078 318 e

44 345 160 382 Phav.
178 343 382 395 legendum
395 355 468 394 pro
481 338 599 379 πλέον.
618 339 711 379 Cod.
730 338 847 377 Paris.
864 337 981 376 habet
992 340 1080 376 ἀπο-

44 404 139 455 πλεῖ)
162 403 210 446 εἷς
233 402 357 456 Ἄργος
382 400 444 440 σὺν
465 404 536 442 τοῖς
562 397 755 452 Κύκλωψι,
775 396 835 435 καὶ
860 399 905 449 τῇ
934 396 1077 449 Δανάῃ,

44 460 103 499 καὶ
118 464 163 514 τῇ
183 458 410 514 Ἀνδρομέδᾳ.
425 457 496 497 Καὶ
515 454 639 505 ἐλθὼν,
651 454 825 510 Ἀκρίσιον
843 456 912 508 οὐχ
925 454 1078 509 εὖρίσκει

44 520 80 558 ἐν
98 518 229 574 Ἄργει·
250 516 425 571 ὑπεχώρει
441 515 511 570 γὰρ
531 514 634 554 αὐτὸν
654 515 769 558 δείσας
792 516 840 559 εἷς
854 513 935 558 τοὺς
954 515 1078 554 Πελα-

46 577 168 630 σγοὺς,
188 579 236 622 εἷς
265 577 448 631 Λάρισσαν
481 574 579 628 (cod.
604 575 723 613 Paris.
757 568 800 622 ἦν
834 572 901 628 γὰρ
928 572 985 611 διὰ
1018 572 1076 612 τὸν

44 636 209 692 Περσέως
226 635 332 690 φόὸον
351 632 582 689 προαπελθὼν
599 635 647 677 εἷς
666 633 848 688 Λάρισσαν
867 631 932 680 τὴν
963 634 1079 671 Πελα-

44 695 196 748 σγικήν).
232 693 294 742 Μὴ
324 692 537 733 καταλαὸὼν
561 692 598 731 δὲ
627 692 746 742 αὐτὸν,
765 691 829 739 τὴν
846 691 909 743 μὲν
933 691 1077 739 Δανάην

44 753 247 794 καταλείπει
284 754 384 797 (cod.
418 753 535 791 Paris.
586 751 725 807 ἀφίησι)
759 749 856 805 παρὰ
886 753 930 803 τῇ
970 750 1078 804 μητρὶ

48 813 247 868 Εὐρυδίκῃ,
283 812 343 851 καὶ
374 811 438 860 τὴν
470 810 716 866 Ἀνδρομέδαν,
737 810 797 849 καὶ
816 809 897 854 τοὺς
921 808 1077 861 Κύκλω-

43 887 113 915 πας
137 887 147 896 ·
185 870 288 920 αὐτὸς
349 869 398 916 δὲν
411 868 475 918 ἔὸη
516 871 564 914 εἷς
599 869 795 923 Λάρισσαν.
834 868 908 908 Καὶ
951 867 1079 922 ἀφικό-

45 945 168 981 μενος,
189 929 363 984 Ἀκρίσιον
385 928 634 983 ἀναγνωρίζει,
660 928 720 967 καὶ
737 928 800 967 σὺν
822 928 917 980 αὐτῷ
934 925 1079 966 ἕπεσθαι

45 990 144 1040 (cod.
162 990 276 1027 Paris.
294 989 466 1038 ἐπελθεῖν)
491 989 539 1031 εἷς
556 986 680 1042 Ἄργος
705 987 828 1026 πείθει.
857 986 929 1026 Καὶ
958 986 1015 1025 ὅτε
1035 986 1076 1035 δὴ

44 1047 190 1099 ἔμελλον
211 1047 320 1096 ἷέναι,
340 1046 572 1099 συντυγχάνει
589 1048 699 1098 ἀγῶνι
715 1045 803 1086 νέων
826 1048 860 1085 ἐν
881 1048 925 1099 τῇ
944 1046 1080 1100 Λαρίσ-

44 1122 102 1161 σῃ.
123 1107 194 1147 Καὶ
215 1110 233 1146 6
253 1105 408 1161 Περσεὺς
427 1105 616 1144 ἀποδύεται
633 1106 680 1149 εἷς
695 1105 754 1144 τὸν
775 1106 914 1157 ἀγῶνα,
934 1104 994 1144 καὶ
1011 1107 1079 1144 λα-

9 1174 11 1177 ’
45 1166 117 1206 &bv
140 1166 199 1206 τὸν
230 1165 362 1215 δίσκον,
387 1164 538 1204 δισκεύει
555 1181 564 1189 ·
591 1164 632 1204 τὸ
658 1164 695 1203 δὲ
725 1166 824 1217 (cod.
848 1165 967 1204 Paris.
993 1164 1078 1219 γὰρ)

46 1225 239 1265 πένταθλον
258 1224 356 1264 οὔπω
372 1218 429 1274 ἦν,
449 1224 526 1263 ἀλλ’
547 1223 618 1277 ἰδίᾳ
634 1222 696 1263 ἕνα
715 1223 862 1263 ἕκαστον
879 1226 949 1262 τῶν
965 1223 1079 1263 ἄθλων

46 1286 193 1334 ἤθλουν·
214 1288 232 1324 6
247 1283 283 1323 δὲ
304 1284 419 1328 δίσκος
444 1284 686 1338 τροχαλισθεὶς
721 1283 779 1322 ἐπὶ
813 1283 873 1322 τὸν
903 1283 994 1322 πόδα
1018 1286 1080 1322 τοῦ

50 1344 250 1399 Ἀκρισίου,
278 1342 465 1398 τιτρώσκει
497 1341 618 1382 αὐτόν·
653 1341 778 1394 καμὼν
812 1341 849 1380 δὲ
886 1344 926 1381 ἐκ
957 1342 1080 1381 τούτου

48 1403 221 1458 Ἀκρίσιος
233 1434 244 1453 ,
259 1402 474 1450 ἀποθνήσκει
496 1403 602 1441 αὐτοῦ
622 1403 658 1441 ἐν
677 1401 853 1456 Λαρίσσῃ.
878 1402 949 1440 Καὶ
977 1402 1079 1440 αὐτὸν

47 1462 274 1502 κατατίθεται
297 1461 456 1517 Περσεὺς
471 1461 531 1500 καὶ
548 1464 581 1501 οἱ
597 1463 809 1516 Λαρισσαῖοι
823 1493 833 1510 ,
850 1460 999 1516 πρόσθεν
1019 1464 1084 1509 τ’ῆς

47 1521 183 1566 πόλεως
197 1522 287 1571 ,καὶ
310 1522 419 1572 ,αὐτοῦ
443 1522 574 1573 (Phav.
599 1520 709 1578 αὐτῷ)
732 1524 890 1559 ποιοῦσιν
917 1523 1032 1575 ἡρῷον
1051 1523 1082 1560 οἱ

49 1579 234 1634 ἐπιχώριοι
249 1595 258 1604 ·
281 1578 437 1633 Περσεὺς
456 1578 493 1618 δὲ
512 1581 690 1632 ἀναχωρεῖ
722 1583 784 1618 τοῦ
802 1578 947 1634 Ἄργους
980 1581 1080 1633 (cod.

47 1641 168 1678 Paris.
184 1638 408 1693 ἀνεχώρησεν
429 1641 478 1682 εἷς
489 1637 639 1692 Ἄργος).

101 1699 162 1737 Ad
184 1699 374 1750 Cyclopes
387 1699 472 1736 illos
489 1698 650 1736 fortasse
666 1698 889 1736 referendus
903 1706 960 1736 est
977 1699 1083 1736 locus

51 1758 216 1805 Pollucis
235 1761 296 1804 X,
320 1758 394 1807 139
413 1771 422 1794 :
445 1755 568 1810 Ἇορτὴ
597 1758 636 1809 (i.
655 1755 826 1811 Ἀόρτης),
849 1756 947 1811 παρὰ
963 1759 1082 1811 Φερε-

47 1815 136 1870 κύδῃ
156 1810 204 1860 εἷς
217 1818 287 1854 τῶν
307 1814 528 1855 Κυκλώπων.

535 1868 585 1907 27

101 1926 213 1961 Hom.
245 1922 320 1962 Od.
358 1926 409 1969 A,
435 1923 511 1961 265
542 1937 551 1960 ε
576 1899 756 1970 ’ὲηλεὸόαι
788 1918 1091 1977 στρατεύσαντες,

48 1981 227 2020 κτείνουσι
249 1981 309 2020 τὸν
330 1980 596 2036 Ἠλεκτρύωνος
627 1982 738 2020 παῖδα
765 1982 845 2036 περὶ
871 1982 1083 2037 θρεμμάτων

50 2039 321 2093 ἀγωνιζόμενον.
342 2040 414 2080 Καὶ
431 2039 652 2095 Ἀμφιτρύων
679 2041 888 2086 ἀποκτείνας
913 2043 1085 2088 ἀκουσίως

50 2098 318 2154 Ἠλεκτρύωνα,
344 2098 462 2153 φεύγει
483 2101 531 2143 εἷς
555 2098 692 2146 Θήὸας.
719 2100 898 2152 Ἀλκμήνη
920 2101 957 2140 δὲ
977 2102 1086 2142 Ἠλε-

49 2157 223 2212 κτρύωνος
239 2159 305 2196 οὐκ
323 2156 488 2197 ἐὸούλετο
504 2161 729 2210 γαμηθῆναι,
745 2159 828 2214 πρὶν
850 2160 987 2200 τίσαιτο
1007 2162 1087 2207 τοὺς

49 2215 233 2264 Τηλεὸόας
257 2215 344 2270 ὑπὲρ
360 2218 429 2255 τῶν
466 2218 574 2265 αὐτῆς
594 2218 765 2272 ἀδελφῶν.
785 2218 1032 2273 Ὑπισχνεῖται
1049 2221 1086 2261 δὲ

49 2327 157 2367 ctyem
173 2325 407 2367 Seriphiorum,
425 2326 547 2368 quibus
565 2329 765 2368 pepercerat,
789 2329 824 2361 in
846 2329 953 2363 insula
974 2341 1082 2374 regem

50 2372 223 2405 constituit
237 2375 270 2406 et
283 2373 402 2406 deinde
416 2382 493 2406 cum
509 2374 728 2416 Cyclopibus,
749 2384 826 2408 cum
843 2378 954 2411 Danae
972 2381 1005 2411 et
1019 2382 1083 2412 An-

50 2417 208 2452 dromeda
222 2428 307 2452 nave
325 2420 491 2461 profectus
507 2423 558 2454 est
573 2424 685 2463 Argos.
709 2424 781 2455 Non
797 2423 921 2456 invenit
935 2425 981 2457 ibi
996 2427 1084 2459 Acri-

51 2466 146 2503 sium,
159 2466 217 2508 qui
228 2469 381 2500 Perseum
391 2470 539 2501 metuens
551 2469 728 2510 Larissam,
743 2479 818 2511 quae
830 2471 908 2504 urbs
921 2473 1085 2514 Pelasgica

50 2515 100 2555 m
110 2513 143 2546 in
159 2514 336 2555 Thessalia,
353 2514 557 2548 discesserat.
571 2516 674 2557 Igitur
690 2517 849 2559 cyclopes
865 2520 898 2550 et
907 2519 1084 2554 Androme-

51 2559 127 2592 dam
142 2561 175 2592 et
189 2561 320 2593 Danaen
342 2562 430 2603 apud
447 2564 589 2595 matrem
611 2564 797 2605 Eurydicen
819 2564 989 2607 relinquit,
1016 2567 1085 2608 ipse

50 2607 221 2640 Larissam
247 2607 475 2649 proficiscitur.
501 2610 551 2643 Ibi
570 2610 734 2643 Acrisium
759 2613 973 2654 recognoscit,
990 2614 1085 2656 eique

51 2654 179 2695 suadet,
195 2656 231 2686 ut
245 2663 359 2687 secum
372 2657 484 2689 veniat
499 2659 613 2699 Argos.
631 2658 694 2691 Sed
708 2667 812 2699 quum
822 2659 889 2700 jam
906 2661 1084 2701 profecturi

51 2702 170 2740 essent,
186 2701 304 2735 accidit
315 2704 353 2734 ut
369 2703 402 2743 (a
416 2705 620 2746 Teutamide,
631 2706 866 2738 Larissaeorum
883 2716 968 2749 rege,
981 2708 1015 2740 in
1030 2709 1085 2740 ho-

51 2757 164 2781 norem
176 2749 276 2790 patris
287 2750 421 2792 mortui)
433 2751 593 2792 juvenum
604 2752 673 2785 ludi
681 2753 822 2794 gymnici
831 2754 1082 2788 celebrarentur.

51 2795 157 2827 Etiam
171 2797 307 2828 Perseus
321 2796 354 2827 in
369 2805 500 2829 arenam
513 2798 693 2839 descendit,
701 2801 734 2832 et
742 2799 820 2840 jacit
831 2800 970 2833 discum.
985 2802 1084 2839 Quin-

53 2842 215 2884 quertium
238 2842 326 2875 enim
348 2843 493 2877 nondum
513 2845 703 2879 institutum
725 2847 812 2886 erat,
832 2847 890 2879 sed
909 2848 1084 2889 separatim

55 2887 181 2930 singula
193 2889 371 2922 certamina
382 2889 518 2923 inibant.
539 2892 658 2925 Discus
676 2901 754 2925 vero
769 2893 811 2925 ad
829 2893 992 2926 Acrisium
1013 2903 1084 2935 pro-

53 2934 186 2967 volutus
204 2935 281 2976 pedi
295 2937 366 2977 ejus
381 2937 504 2970 vulnus
526 2938 660 2980 infligit;
682 2948 748 2980 quo
764 2939 914 2972 laborans
930 2940 983 2972 ille
998 2940 1084 2972 diem

53 2981 134 3015 obiit
145 2982 296 3015 Larissae.
313 2984 482 3016 Mortuum
498 2987 638 3018 Perseus
658 2987 690 3019 et
712 2987 862 3020 Larissaei
879 2989 956 3020 ante
969 2988 1084 3020 urbem

53 3034 265 3072 componunt,
280 3031 339 3064 ubi
353 3032 461 3066 herois
474 3034 587 3066 fanum
599 3035 746 3068 condunt
758 3036 931 3077 indigenae3
948 3038 1084 3069 Perseus

54 3079 162 3110 autem
182 3077 229 3118 (in
245 3078 426 3120 Argolidem
445 3081 579 3122 quidem
597 3082 694 3123 redit,
710 3082 768 3115 sed
791 3082 885 3124 Argis
901 3083 1014 3115 nolens
1032 3083 1085 3116 de-

54 3124 139 3166 gere)
155 3133 196 3157 ex
211 3125 292 3158 urhe
306 3125 453 3160 discedit.

95 3173 223 3214 Aones,
239 3181 326 3206 unus
338 3175 518 3217 cyclopum
533 3177 622 3218 apud
637 3177 866 3219 Pherecydem.

99 3265 248 3298 Teleboae
262 3269 415 3308 Mycenas
430 3271 598 3303 venientes
610 3280 688 3304 cum
700 3271 845 3304 exercitu
860 3271 919 3312 (ut
930 3270 1082 3303 Mestoris

57 3320 188 3352 regnum
202 3312 243 3344 ab
257 3313 447 3356 Electryone
462 3319 668 3359 repeterent),
688 3318 790 3350 filium
806 3318 876 3358 eius
892 3317 932 3349 de
945 3317 1084 3349 bovibus

56 3358 272 3392 decertantem
299 3361 544 3406 interfecerunt,
561 3366 595 3397 et
610 3365 823 3406 Amphitryo,
843 3364 900 3404 qui
920 3364 1081 3404 Electryo-

2110 159 2156 190 77

1134 226 1236 261 τοῦτο
1256 223 1488 279 Ἀμφιτρύων,
1514 225 1574 263 καὶ
1598 223 1706 272 αὐτὴν
1736 225 1783 268 εἷς
1807 222 1933 271 Θήὸας
1955 222 2161 275 μεταγαγὼν

1133 280 1319 334 πορεύεται
1350 283 1407 321 ἐπὶ
1436 282 1629 331 Τηλεὸόας.
1663 283 1726 323 Ἐν
1753 282 1865 336 ταύτῃ
1884 281 1971 326 Ζεὺς
1994 285 2038 334 τῇ
2065 283 2163 321 νυκτὶ

1135 340 1331 392 ἀφικνεῖται
1355 342 1413 380 ἐπὶ
1435 343 1499 390 τὴν
1530 341 1788 398 Ἀμφιτρύωνος
1810 341 1936 390 οἰκίαν,
1959 340 2051 395 ἔχων
2073 357 2163 395 καρ-

1135 397 1276 450 χήσιον,
1295 399 1415 444 ἐοικὼς
1435 401 1730 455 Ἀμφιτρύωνι.Ἥ
1748 401 1785 440 δὲ
1806 400 1987 452 Ἀλκμήνη
2013 401 2164 438 δοκοῦσα

1122 456 1192 495 ’τὸν
1212 459 1338 504 ἑαυτῆς
1351 460 1530 499 ἀσπαστὸν
1545 455 1632 499 εἶναι
1647 492 1657 510 ,
1676 460 1886 500 πυνθάνεται
1896 459 1975 514 περὶ
1991 461 2062 498 τῶν
2083 461 2165 507 Τη-

1134 516 1281 565 λεὸοῶν,
1302 518 1331 555 εἰ
1352 517 1569 558 κατέκτεινεν
1591 519 1728 564 αὐτούς.
1747 519 1793 559 Ὁ
1811 518 1848 558 δὲ
1868 518 1954 562 Ζεὺς
1971 517 2083 570 λέγων
2104 519 2166 556 αὖ·

1134 577 1178 627 τῇ
1195 575 1312 613 πάντα
1330 574 1395 614 ὅσα
1415 576 1571 628 ἐγένετο,
1590 579 1711 617 δίδωσι
1730 578 1789 617 καὶ
1808 578 1848 617 τὸ
1864 576 2071 631 καρχήσιον,
2093 576 2165 631 φά-

1136 649 1239 685 μενος
1249 634 1442 688 ἀριστήσας
1449 636 1735 692 εἷληφέναιπαρὰ
1742 640 1812 676 τῶν
1832 635 2115 691 στρατιωτῶν.Ἧ
2128 634 2164 673 δὲ

1135 692 1297 744 ἀσμένως
1316 694 1532 741 ἀποτίθησιν.
1554 695 1706 735 Ἔπειτα
1723 698 1811 749 αὐτῇ
1830 694 2069 738 συνευνασθεὶς
2080 693 2167 738 Ζεὺς

1135 750 1329 806 ἀπέρχεται
1345 783 1355 801 ,
1372 752 1431 790 καὶ
1450 756 1495 804 τῇ
1514 754 1601 806 αὐτῇ
1619 755 1899 809 παραγενόμενος
1926 754 2024 793 νυκτὶ
2043 754 2167 807 Ἀμφι-

1134 810 1248 865 τρύων
1282 810 1458 862 μίσγεται.
1487 812 1558 851 Καὶ
1577 820 1681 866 γεννᾷ
1703 813 1882 864 Ἀλκμήνη
1916 815 1956 851 ἐκ
1989 812 2051 864 μὲν
2087 811 2168 855 Διὸς

1135 869 1336 924 Ἡρακλέα,
1360 871 1400 908 ἐκ
1424 870 1460 909 δὲ
1487 870 1744 925 Ἀμφιτρύωνος
1768 871 1935 926 Ἰφικλέα.
1955 871 2001 910 Ἦ
2031 870 2168 924 ἱστορία

1134 927 1232 982 παρὰ
1249 927 1448 982 Φερεκύδῃ.

1190 988 1397 1027 Athenaeus
1412 991 1470 1026 XI
1490 1002 1526 1039 p.
1549 994 1640 1036 474,
1661 992 1689 1027 F
1706 1003 1714 1026 :
1738 988 1983 1042 Ἀρχαιότατόν
2004 990 2079 1026 ἐστι
2098 1003 2167 1026 πο-

1134 1046 1253 1100 τήριον
1268 1046 1308 1085 τὸ
1323 1045 1532 1100 καρχήσιον,
1549 1046 1582 1085 εἴ
1596 1062 1636 1098 γε
1649 1050 1667 1086 6
1686 1046 1772 1091 Ζεὺς
1788 1047 1959 1098 ὁμιλήσας
1975 1047 2168 1100 Ἀλκμήνῃ,

1136 1105 1245 1145 ἔδωκε
1277 1107 1387 1159 δῶρον
1418 1105 1503 1145 αὐτὸ
1527 1109 1591 1154 τῆς
1621 1105 1766 1157 μίξεως,
1784 1107 1831 1149 ὣς
1847 1105 2049 1159 Φερεκύδης
2069 1108 2103 1144 ἐν
2123 1109 2166 1157 τῇ

1138 1164 1283 1219 δευτέρᾳ
1302 1167 1444 1218 ἱστορεῖ.

1190 1225 1355 1262 Macroh.
1385 1227 1540 1263 Saturn.
1565 1227 1612 1268 V,
1628 1237 1670 1261 21
1692 1237 1700 1260 ε
1721 1225 1794 1261 Est
1810 1232 1932 1260 autem
1952 1224 2169 1260 carchesium

1130 1287 1302 1336 poculum
1328 1287 1465 1321 Groecis
1482 1285 1735 1321 tantummodo
1752 1292 1890 1320 notum.
1907 1285 2083 1319 Meminit
2096 1287 2174 1330 esus

1136 1344 1364 1392 Pherecydes
1381 1347 1418 1380 in
1439 1343 1537 1380 libris
1555 1346 1811 1388 Historiarum,
1826 1346 1949 1391 aitque
1965 1343 2087 1378 Iovem
2104 1343 2174 1377 Al—

1137 1417 1304 1440 cumcnoe
1332 1407 1495 1452 pretium
1530 1402 1736 1440 concubitus
1766 1403 1986 1439 carchesiam
2018 1414 2171 1437 aureum

1137 1464 1232 1500 dono
1247 1463 1398 1501 dedisse.

1624 1543 1688 1583 28.

1194 1627 1434 1678 Apollod.11‚
1452 1632 1488 1674 4,
1506 1627 1551 1664 8:
1566 1612 1818 1698 Φερεκύδηςδέ
1835 1639 1939 1678 φησιν
1958 1623 2178 1677 Ἀμφιτρύω-

1140 1703 1183 1724 να
1195 1717 1205 1735 ,
1225 1684 1434 1738 βουλόμενον
1453 1687 1574 1736 μαθεῖν
1609 1682 1772 1737 ὁπότερος
1787 1699 1830 1730 ην
1850 1685 1919 1721 τῶν
1937 1682 2070 1721 παίδων
2088 1682 2178 1721 ἐκεί-

1140 1761 1200 1784 νου
1213 1776 1223 1794 ,
1240 1745 1319 1789 τοὺς
1336 1745 1528 1798 δράκοντας
1543 1745 1590 1788 εἷς
1608 1742 1672 1791 τὴν
1694 1742 1795 1789 εὐνὴν
1817 1741 1998 1794 ἐμὸαλεῖν,
2015 1741 2097 1790 καὶ,
2114 1745 2176 1780 τοῦ

1142 1804 1206 1856 μὲν
1227 1803 1417 1859 Ἰφικλέους
1436 1801 1621 1857 φυγόντος,
1637 1805 1698 1841 τοῦ
1717 1801 1753 1839 δὲ
1769 1800 1984 1855 Ἡρακλέους
2004 1801 2178 1840 ὑποστάν-

1141 1879 1218 1913 τος,
1236 1866 1357 1915 μαθεῖν
1375 1865 1422 1906 ὡς
1438 1862 1595 1916 Ἰφικλῆς
1610 1861 1645 1907 ἐξ
1665 1863 1771 1900 αὐτοῦ
1793 1859 2012 1912 γεγέννηται.
2034 1861 2179 1899 Eadem

1143 1923 1375 1974 Pherecydis
1406 1923 1578 1960 narratio
1609 1921 1772 1959 traditur
1800 1933 1822 1958 a
1854 1921 1981 1959 Schol.
2022 1920 2177 1958 Pindar.

1142 1987 1251 2023 Nem.
1273 1997 1308 2034 1,
1326 1983 1376 2020 65
1392 1997 1400 2019 :
1417 1981 1519 2020 Εἰσὶν
1538 1983 1570 2019 οἱ
1587 1979 1655 2018 ὕπὸ
1674 1978 1933 2033 Ἀμφιτρύωνος
1950 1979 2179 2032 ἐπιπεμφθῆ-

1142 2058 1200 2082 ναι
1215 2041 1296 2086 τοὺς
1308 2041 1402 2096 ὄφεις
1418 2041 1537 2096 φασὶν,
1553 2039 1612 2079 ἐπὶ
1627 2038 1789 2092 διαπείρᾳ
1801 2041 1862 2077 τοῦ
1878 2040 2021 2089 γνῶναι,
2036 2036 2179 2091 πότερος

1143 2101 1198 2150 εἴη
1217 2105 1279 2140 τοῦ
1293 2101 1398 2149 Διὸς,
1416 2103 1463 2144 ὡς
1483 2098 1690 2154 Φερεκύδης
1711 2098 1815 2152 φησὶν
1829 2126 1839 2145 ,
1866 2096 2051 2140 ἐνιαυσίοις
2081 2091 2177 2134 οῧσιν

1143 2163 1223 2211 ἤδη.
1239 2161 1310 2202 Καὶ
1326 2165 1344 2201 6
1359 2161 1422 2214 μὲν
1438 2161 1612 2215 Ἰφικλῆς,
1641 2159 1771 2214 φεύγει·
1790 2162 1808 2197 6
1825 2157 1875 2206 δὲ,
1902 2158 1960 2196 ἐπὶ
1988 2160 2051 2204 τ’ῆς
2077 2158 2178 2204 εὐνῆς

1145 2223 1283 2275 μείνας,
1303 2219 1520 2275 ἀμφοτέρους
1538 2218 1736 2263 ἀπέπνιξεν.

1143 2343 1219 2366 nem
1237 2332 1426 2375 imprudens
1445 2334 1628 2372 necaverat,
1644 2330 1726 2371 fugit
1747 2329 1887 2362 Thebas.
1904 2328 2056 2360 Alcmene
2071 2329 2178 2359 autem

1143 2380 1301 2413 nubereei
1313 2379 1429 2418 noluit,
1439 2379 1632 2419 priusquam
1639 2375 1774 2409 fratrum
1785 2376 1907 2408 caedem
1920 2384 1940 2407 a
1952 2375 2097 2407 Telebois
2111 2375 2178 2405 vin-

1143 2428 1292 2460 dicasset.
1302 2427 1466 2460 Promittit
1481 2426 1543 2457 hoc
1558 2425 1762 2466 Amphitryo,
1771 2425 1802 2456 et
1816 2423 1870 2455 illa
1886 2422 2012 2455 Thebas
2028 2421 2175 2460 deducta,

1144 2475 1301 2508 adversus
1315 2474 1470 2507 Teleboas
1483 2473 1707 2514 proficiscitur.
1736 2473 1858 2503 Verum
1874 2470 1960 2502 enim
1977 2477 2053 2500 vero
2064 2467 2177 2500 eadem

1143 2531 1209 2563 qua
1221 2522 1275 2555 ille
1286 2521 1377 2555 rediit
1392 2523 1487 2554 nocte
1496 2520 1635 2561 Jupiter,
1645 2518 1910 2560 Amphitryonem
1921 2515 2122 2554 assimulans,
2137 2514 2176 2545 ad

1143 2570 1213 2611 eius
1244 2570 1380 2602 domum
1408 2568 1500 2601 venit
1531 2575 1632 2599 manu
1653 2568 1766 2598 tenens
1800 2563 2007 2596 carehesium.
2030 2562 2088 2594 Illa
2122 2570 2176 2601 pu-

1144 2616 1217 2648 tans
1239 2625 1315 2648 eum
1337 2615 1495 2648 amasium
1519 2623 1615 2646 suum
1632 2621 1714 2653 esse,
1738 2621 1778 2644 ex
1793 2620 1831 2644 eo
1849 2610 1980 2651 quaerit,
1994 2617 2073 2640 num
2089 2608 2176 2639 Tele-

1144 2662 1224 2695 boas
1253 2661 1461 2695 interfecerit.
1485 2663 1600 2694 Narrat
1613 2660 1643 2692 ei
1657 2659 1786 2700 Jupiter
1798 2667 1872 2698 quae
1888 2659 1975 2697 gesta
1988 2656 2053 2687 sint
2066 2655 2176 2687 omnia

1144 2710 1177 2741 et
1192 2709 1247 2741 dat
1261 2709 1474 2747 carehesium‚
1487 2707 1576 2748 quod
1590 2706 1722 2738 virtutis
1734 2703 1905 2746 praemium
1918 2711 1937 2734 a
1949 2701 2177 2734 commilitoni·

1145 2756 1207 2788 bus
1224 2765 1259 2789 se
1274 2755 1436 2797 accepisse
1447 2754 1535 2786 dicit.
1547 2753 1700 2786 Alcmene
1706 2751 1848 2792 gaudens
1860 2749 1894 2781 id
1901 2748 2038 2789 seponit.
2052 2748 2177 2780 Deinde

1144 2804 1282 2845 Jupiter,
1301 2805 1474 2844 postquam
1502 2809 1578 2833 cum
1607 2809 1646 2832 ea
1660 2797 1854 2836 concubuit,
1871 2795 2094 2837 proficiscitur.
2117 2797 2176 2827 Ea-

1144 2851 1219 2883 dem
1232 2852 1326 2882 nocte
1342 2848 1517 2882 adveniens
1538 2847 1636 2879 etiam
1655 2845 1846 2885 Amphitryo
1866 2852 1942 2875 cum
1971 2841 2084 2875 eadem
2103 2851 2177 2874 con-

1144 2896 1297 2937 greditur.
1314 2897 1356 2928 Et
1377 2904 1418 2928 ex
1431 2896 1514 2927 Jove
1528 2893 1658 2934 quidem
1677 2890 1846 2923 Herculem
1857 2912 1867 2929 ‚
1883 2897 1924 2921 ex
1939 2889 2176 2930 Amphitryone

1144 2945 1255 2976 autem
1274 2942 1429 2984 Iphiclem
1447 2941 1601 2973 Alcmena
1615 2939 1710 2971 enixa
1725 2938 1786 2969 est.

1185 2989 1454 3022 vetustissimum
1485 2986 1638 3028 poculum
1668 2985 1730 3016 suit
1765 2983 1967 3016 carchesium
1978 3006 1988 3023 ,
2014 2981 2174 3024 siquidem

1144 3037 1272 3078 Jupiter
1302 3043 1492 3076 congressus
1508 3042 1582 3065 cum
1603 3032 1759 3064 Alcmena
1774 3029 1967 3063 concubitus
1989 3030 2173 3062 mercedem

1144 3082 1346 3115 carchesium
1361 3081 1459 3119 dedit,
1473 3082 1510 3112 ut
1531 3080 1563 3111 in
1579 3078 1722 3111 secundo
1738 3078 1820 3110 libro
1837 3080 1946 3110 narrat
1959 3076 2173 3118 Pherecydes.

1627 3150 1691 3183 28.

1185 3221 1383 3262 Pherecydes
1398 3221 1455 3260 ait,
1472 3220 1754 3261 Amphitryonem,
1770 3227 1872 3260 quum
1885 3219 1968 3251 scire
1981 3217 2088 3258 vellet,
2103 3221 2173 3250 uter

1144 3277 1317 3311 puerorum
1333 3269 1418 3300 esset
1430 3267 1534 3308 ipsius
1549 3267 1646 3306 filius,
1656 3267 1812 3299 dracones
1825 3266 1924 3298 hosce
1947 3265 1982 3296 in
1999 3272 2100 3296 cunas
2116 3263 2173 3295 im-

1145 3315 1271 3347 misisse
1288 3317 1409 3355 :atque
1438 3314 1561 3355 Iphicle
1582 3313 1736 3355 fugiente,
1763 3313 1903 3345 Hercule
1938 3314 2048 3345 autem
2066 3312 2172 3343 stante

1144 3360 1447 3403 immoto,lphielem
1463 3369 1501 3394 ex
1525 3369 1559 3394 se
1575 3361 1718 3402 genitum
1741 3360 1941 3401 cognovisse.
