2294 3704
77 1492 81 1493 ν
135 1469 265 1507 vertit.
304 1468 494 1506 Nimirum
524 1480 645 1516 quum
670 1467 926 1503 universalem
961 1466 1162 1503 historiam

134 229 186 257 „x
994 209 1062 249 DE
1088 210 1310 252 arnono.

137 307 173 343 in
196 304 460 355 Peloponneso
485 300 794 346 conversionem,
818 298 910 335 libro
932 300 1088 337 secando
1111 311 1156 336 ea
1211 299 1366 338 modum
1379 300 1623 350 perlustrato,
1644 300 1691 338 ad
1703 300 1890 340 Graeciam
1901 300 2052 338 rediens
2064 301 2231 340 interru-

138 363 333 409 tractavit,
348 375 433 411 quae
447 360 604 409 reliquae
620 358 776 396 Graeciae
793 357 927 395 faciem
948 364 1154 395 mutarunt.
1214 366 1323 408 ptum
1339 359 1445 396 filum
1463 360 1634 397 resumit.
1656 359 1765 396 Libro
1783 369 1886 396 sexto
1905 359 2015 396 resin
2034 360 2232 410 Pelopon-

135 424 222 468 Qua
242 421 282 457 in
303 432 343 457 re
366 419 419 456 ita
438 425 611 455 versatus
628 429 709 453 esse
732 415 897 460 videtur,
915 423 958 452 ut
977 428 999 452 a
1013 414 1155 452 Nelidis
1213 430 1305 455 neso
1317 426 1430 463 actas,
1450 417 1825 456 Lacedaemoniorum
1842 431 1928 455 cum
1945 418 2083 455 vicinis
2098 418 2232 456 civita-

135 478 174 515 iu
196 479 361 516 Atticam
380 490 419 514 se
439 473 716 524 recipientibus
739 473 883 510 aditum
904 473 979 511 sibi
1001 481 1156 524 pararet
1214 476 1315 514 tibus
1327 506 1337 524 ‚
1354 477 1518 515 Arcadia
1530 506 1540 524 ,
1558 476 1760 526 Argolide,
1779 477 1968 514 Messenia
1994 476 2061 527 (6),
2075 484 2234 514 conten-

135 535 184 572 ad
198 534 491 573 describendam
508 537 646 570 Ionum
663 541 742 568 tum
760 532 943 582 temporis
965 531 1156 569 conditio-
1213 536 1335 574 tiones
1351 550 1546 574 enarrasse
1563 537 1730 574 videtur.
1757 538 1929 574 Certiora
1948 536 2023 573 dici
2039 542 2234 586 nequeunt

136 593 388 641 ne1n,deinde
411 605 431 629 a
451 590 642 628 Melautlli
662 603 749 627 cum
767 590 924 628 Xantho
949 590 1156 627 certamine
1213 593 1263 631 ob
1278 595 1578 646 fragmentorum
1589 595 1795 632 raritatem.
1814 595 1920 632 Idem
1933 594 2034 632 cadit
2046 595 2086 631 in
2102 593 2234 631 librum

136 652 183 690 ad
215 651 468 701 antiquiorem
502 649 656 687 Boeotiae
696 649 896 686 historiam
929 661 1015 685 cum
1040 647 1156 685 rebus
1211 658 1418 702 septimum,
1427 667 1472 690 ex
1487 667 1564 704 quo
1586 667 1702 691 unum
1724 661 1870 690 tantum
1887 654 2013 690 locum
2025 653 2071 690 de
2089 651 2236 690 Daedali

134 710 291 749 AEolicis
320 717 357 746 et
382 707 604 746 Thessalicis
637 715 740 744 arcte
768 707 1011 757 conjunctam
1038 715 1157 744 trans·
1213 710 1259 747 ad
1276 711 1457 748 Cocalum
1479 710 1649 747 adventu
1677 711 1918 761 superstitem
1939 710 2135 748 habemus.
2155 709 2236 761 lgi-

135 768 361 819 grederetur
395 775 432 804 et
461 779 541 818 prae
568 766 703 803 ceteris
734 766 905 806 animum
942 765 1157 803 attenderet
1214 776 1416 818 tur‚quum
1432 768 1511 818 jam
1537 768 1782 806 deveniamus
1804 769 1852 806 ad
1870 782 1953 806 eam
1977 778 2236 819 aetatem,qua

134 825 182 863 ad
203 833 328 862 motus
348 824 433 861 illos
450 832 488 861 et
508 824 745 861 incursiones
758 827 1000 871 Boeotorum,
1016 823 1157 874 quibus
1213 827 1500 864 Corinthiorum
1515 827 1666 864 colonia
1678 826 1719 863 in
1737 827 1903 864 Siciliam
1918 826 2083 864 deducta
2096 835 2164 873 est,
2179 827 2237 865 vi·-

133 884 457 935 septemtrionalis
481 883 631 921 Graeciae
650 895 739 934 pars
759 882 893 920 eadem
913 882 953 920 vi
975 895 1158 920 concussa
1214 883 1327 922 detur
1347 885 1540 935 Ephorus,
1558 883 1624 921 ubi
1644 884 1694 921 de
1713 887 1991 933 Syracusarum
2016 884 2238 935 primordiis

133 952 210 990 est,
231 956 346 994 quam
379 943 419 980 in
442 942 748 992 Peloponnesum
775 940 947 978 exercuit
970 940 1158 977 adventus
1214 943 1304 994 egit,
1321 943 1434 980 simul
1449 943 1619 993 attigisse
1634 943 1919 992 antiquissimas
1936 943 2075 981 Siciliae
2090 956 2236 981 memo-

131 1001 390 1041 Doriensium.
412 1003 507 1047 Quae
526 1000 706 1050 deinceps
722 998 935 1036 subsecutae
952 1006 1041 1036 sunt
1054 1002 1159 1036 Grae-
1215 1003 1300 1040 rias.
1310 1006 1444 1053 Neque
1455 1015 1547 1039 vero
1563 1002 1690 1039 miuus
1705 1010 1761 1039 est
1769 1001 1970 1052 probabile
1984 1003 2238 1052 fragmentum

133 1074 267 1098 corum
283 1061 322 1098 in
341 1060 440 1097 Asiae
457 1059 571 1110 litora
592 1058 878 1109 emigrationeS,
900 1058 946 1095 iis
968 1057 1160 1095 dedicavit
1216 1070 1391 1099 nostrum
1402 1075 1450 1099 ex
1458 1062 1677 1099 narratione
1686 1061 1733 1098 de
1742 1062 1873 1098 Minoe
1884 1061 2130 1112 desumptum
2144 1073 2237 1099 esse.

134 1120 267 1156 librum
287 1123 450 1165 tertium,
471 1131 518 1155 ex
537 1130 616 1168 quo
633 1130 720 1154 rara
744 1125 891 1154 tantum
908 1116 1094 1166 fragmina
1110 1115 1159 1153 ad
1215 1119 1362 1158 Scimus
1382 1121 1485 1158 enim
1504 1133 1551 1157 ex
1574 1119 1738 1169 Polybio
1759 1119 1811 1170 (7)
1834 1120 2035 1170 Ephorum
2058 1119 2240 1158 Lacedae-

134 1191 206 1215 nos
226 1184 489 1228 pernatarunt.
1461 1178 1742 1229 rempublicam
1778 1191 2022 1229 comparasse
2052 1191 2139 1215 cum
2175 1178 2240 1216 illa

187 1239 398 1285 Postquam
417 1234 488 1271 hac
507 1233 697 1271 librorum
716 1233 866 1284 trilogia
882 1233 1160 1270 vividissimum
1217 1238 1472 1275 Cretensium.
1502 1237 1620 1288 Cujus
1658 1238 1958 1288 comparationis
1997 1237 2241 1274 instituendas,

135 1292 363 1343 antiquioris
391 1291 549 1330 Graeciae
570 1291 742 1328 historiae
766 1291 898 1328 drama
918 1291 1159 1340 depinxerat,
1218 1296 1441 1347 praeclaram
1472 1295 1724 1346 praebuerunt
1749 1296 2081 1347 opportunitatem
2110 1304 2239 1335 muta-

135 1359 251 1401 atque
266 1350 462 1401 egregium
478 1358 613 1386 nactus
630 1357 712 1386 erat
724 1349 1012 1386 fundamentum
1026 1349 1088 1386 cui
1104 1362 1161 1386 se·
1218 1354 1339 1391 tiones
1362 1354 1462 1400 istae,
1501 1367 1595 1403 quas
1622 1353 1715 1391 belli
1742 1355 1966 1391 Messeniae-i
2001 1353 2241 1405 temporibus

135 1411 292 1461 quentis
311 1422 372 1447 res
391 1409 514 1446 aetatis
531 1415 833 1459 superstrueret,
851 1408 899 1445 ad
920 1408 993 1444 alia
1012 1421 1051 1444 se
1065 1421 1159 1444 con—
1217 1413 1256 1449 in
1289 1415 1567 1462 Spartanorum
1605 1411 1804 1462 republica
1835 1412 1924 1450 fecit
1951 1413 2241 1463 Theopompus.

1217 1469 1328 1519 Quod
1369 1471 1399 1507 si
1428 1479 1530 1507 recte
1564 1469 1730 1520 conjeci,
1751 1470 1915 1520 plurima
1952 1483 2038 1521 quae
2059 1471 2107 1508 de
2145 1473 2242 1508 Cre-

1220 1523 1382 1560 tensium
1414 1523 1567 1560 civitate
1602 1523 1783 1574 Ephorus
1811 1524 2003 1574 exposuit,
2038 1536 2061 1561 a
2092 1523 2243 1562 Marxio

1218 1581 1324 1618 libris
1365 1581 1631 1632 geographicis
1673 1582 1862 1632 assignata
1881 1610 1891 1628 ,
1930 1581 2031 1620 libro
2078 1582 2243 1632 septimo

1218 1640 1540 1678 vindicaverimus
1563 1640 1628 1692 (8)
1661 1639 1769 1676 Libm
1790 1649 1910 1677 octavo
1926 1641 2026 1678 Asiae
2053 1649 2134 1678 tum
2148 1649 2243 1679 tem-

1221 1699 1326 1749 poris
1351 1706 1492 1736 statum
1515 1711 1711 1748 exponens
1743 1698 1943 1736 Medorum
1973 1707 2012 1736 et
2041 1703 2243 1738 Persarum

135 1526 375 1578 perscribere
403 1525 625 1572 moliretur,
654 1533 698 1561 ut
723 1537 836 1561 scena
854 1536 982 1561 rerum
1002 1537 1163 1562 narran-

137 1586 272 1623 darum
290 1583 500 1622 lectoribus
523 1582 620 1620 bene
642 1591 736 1620 nota
752 1591 863 1630 esset,
883 1581 1035 1619 duobus
1053 1581 1163 1619 libris

137 1644 386 1695 sequentibus
415 1642 688 1692 geographicas
708 1641 815 1679 orbis
835 1650 1025 1679 terrarum
1039 1641 1162 1678 ratio-

137 1717 206 1741 nes
229 1704 284 1740 ita
297 1702 488 1752 exposuit,
512 1710 554 1738 ut
573 1700 664 1737 libro
684 1711 814 1749 quarto
832 1709 920 1751 post
936 1699 1094 1737 brevem
1108 1699 1163 1737 in-

139 1761 421 1799 troductionem
436 1759 483 1796 de
502 1759 618 1796 totius
639 1767 746 1796 terrae
764 1759 885 1796 forma
905 1766 942 1795 et
963 1758 1164 1806 divisione,

138 1823 305 1869 Europae
316 1819 490 1868 regiones
504 1816 764 1863 adumbraret,
786 1816 877 1853 libro
891 1821 1015 1865 quinto
1034 1817 1164 1854 Asiam

138 1881 458 1930 complecteretur
478 1886 516 1915 et
528 1878 709 1916 Africam.
740 1880 784 1914 In
802 1881 958 1927 Europa
977 1876 1026 1914 ab
1042 1876 1164 1914 lberia

139 1951 298 1978 exorsus
327 1950 397 1988 per
417 1937 584 1975 Siciliam
597 1965 608 1986 ,
628 1936 775 1973 Italiam
788 1965 799 1984 ,
817 1936 1003 1973 Graeciam
1019 1935 1072 1987 (2)
1093 1935 1164 1973 de-

139 1995 346 2035 scribendo
361 2008 586 2046 progressus
599 2003 657 2032 est
674 2008 796 2046 usque
819 1995 867 2032 ad
890 1995 1085 2044 Scythiam
1097 1995 1165 2046 (3).

138 2058 274 2105 Neque
292 2054 332 2091 in
358 2066 463 2091 mera
490 2062 527 2091 et
553 2054 674 2091 sterili
698 2054 897 2104 regionum
916 2054 1166 2104 locorumque

139 2113 428 2151 enumeratione
454 2125 495 2149 se
530 2113 741 2160 continuit,
776 2112 842 2150 sed
882 2113 938 2149 nti
964 2113 1167 2151 historicus

139 2173 318 2224 idemque
340 2186 389 2210 ex
415 2173 614 2210 rhetorum
643 2173 775 2211 schola
804 2173 1026 2224 profectus,
1059 2187 1167 2224 quae-

140 2245 293 2282 cunque
304 2231 352 2269 ad
372 2241 557 2269 terrarum
573 2239 748 2269 naturam
765 2232 1079 2282 populorumque
1093 2233 1168 2269 ori-

140 2290 260 2340 gines,
279 2302 422 2335 mores,
442 2289 637 2338 instituta,
654 2290 810 2327 inventa
829 2290 1034 2340 pertinent,
1045 2291 1166 2328 nitide

139 2362 210 2386 nec
245 2348 327 2386 sine
349 2347 591 2398 jucunditate
622 2348 842 2398 explanavit
855 2348 922 2400 (4).
961 2352 1067 2387 Inter
1093 2350 1167 2387 alia

138 2406 241 2444 libro
262 2406 398 2457 quinto
418 2406 537 2443 multa
560 2405 742 2444 disseruit
759 2406 806 2444 de
819 2407 898 2445 Nili
922 2407 1165 2446 incrementis

139 2478 351 2515 eorumque
387 2465 529 2502 caussis
551 2463 620 2516 (5).
650 2464 756 2503 Orbe
782 2474 969 2503 terrarum
993 2467 1096 2504 hunc
1126 2467 1166 2504 in

1221 1757 1418 1794 historiam
1431 1770 1554 1807 usque
1568 1756 1616 1793 ad
1634 1759 1809 1794 Croesum
1825 1759 2047 1808 Cyrumque
2060 1758 2241 1796 narravit.

1220 1815 1328 1852 Libm
1347 1830 1441 1852 nono
1470 1815 1648 1867 pervenit
1670 1814 1719 1852 ad
1749 1816 1911 1853 Darium
1937 1825 1975 1854 et
2001 1830 2086 1867 quae
2109 1817 2244 1867 primis

1221 1875 1327 1924 regni
1346 1875 1454 1912 annis
1472 1874 1520 1911 ab
1539 1887 1584 1912 eo
1610 1887 1669 1911 res
1688 1882 1801 1924 gestae
1818 1874 2137 1926 sunt-descripsit.
2160 1878 2243 1913 Ex-

1222 1933 1368 1983 peditio
1392 1931 1474 1983 ejus
1507 1941 1643 1970 contra
1662 1932 1822 1981 Scythas
1837 1961 1848 1980 ,
1872 1940 1916 1969 ut
1935 1934 2134 1971 Herodoto
2159 1934 2244 1984 (IV,

1224 1990 1288 2042 79)
1305 2021 1315 2039 ,
1340 1992 1394 2028 sic
1413 1991 1572 2042 Ephoro
1590 2003 1744 2040 quoque
1760 2003 1889 2028 ansam
1907 1991 2013 2028 dedit
2031 1992 2143 2042 plura
2163 1991 2244 2029 dis-

1222 2049 1372 2088 serendi
1385 2049 1432 2087 de
1442 2049 1709 2087 Amazonibus.
1730 2051 1774 2085 In
1787 2049 2035 2099 sequentibus
2049 2058 2152 2087 totus
2165 2050 2244 2088 sere

1222 2117 1398 2147 versatur
1426 2109 1467 2146 in
1494 2107 1608 2145 rebus
1641 2107 1784 2145 Graecis
1808 2109 1874 2159 (9).
1904 2111 2131 2159 Fragmenta
2163 2108 2244 2159 jam

1222 2167 1428 2205 admodum
1451 2180 1568 2218 parca
1588 2174 1686 2204 sunt.
1709 2166 1867 2204 Utinam
1881 2167 2076 2205 Diodorus
2093 2181 2245 2219 semper

1221 2235 1417 2264 auctorem
1433 2239 1544 2264 suum
1562 2225 1796 2262 nominasset
1812 2226 1820 2260 l
1846 2225 1949 2262 Bella
1964 2226 2112 2264 Medica
2124 2235 2162 2264 et
2171 2230 2245 2265 Pe·-

1222 2285 1537 2336 loponnesiacum
1557 2293 1637 2322 tum
1658 2297 1737 2321 non
1760 2283 1924 2334 amplius
1938 2314 1948 2332 ,
1969 2292 2088 2335 puto,
2108 2285 2244 2323 aDio—

1223 2344 1331 2392 doro,
1356 2343 1422 2381 sed
1437 2342 1486 2381 ab
1511 2343 1669 2394 Ephoro
1698 2350 1852 2380 narrata
1870 2342 2106 2382 haberemus.
2134 2343 2245 2381 Libm

1221 2407 1359 2441 decimo
1377 2403 1579 2441 historiam
1597 2403 1799 2442 deduxisse
1812 2404 1967 2442 videtur
1982 2417 2105 2454 usque
2121 2403 2168 2442 ad
2179 2406 2245 2442 Pa-

183 2555 228 2597 (2)
252 2559 289 2588 ln
302 2555 433 2588 Graeciae
457 2555 673 2597 descriptione
692 2557 856 2598 Ephorum
883 2559 1013 2589 secutus
1031 2559 1082 2590 est
1092 2561 1166 2600 Scy-

139 2611 237 2634 mnus
257 2602 354 2634 Chius
376 2610 384 2632 :
409 2610 440 2633 v.
460 2602 499 2634 fr.
516 2607 566 2634 55.

1222 2563 1295 2586 rum
1311 2554 1469 2592 ordinem,
1482 2553 1613 2594 qualem
1626 2553 1768 2585 Marxius
1777 2553 1882 2592 dedit,
1899 2552 2026 2584 mutare
2047 2550 2150 2591 volui,
2164 2549 2244 2583 satis

1221 2601 1343 2633 habens
1357 2600 1436 2642 quid
1447 2600 1582 2632 sentiam
1598 2600 1768 2631 indicasse.

184 2650 228 2689 (3)
247 2649 360 2681 strabo
381 2652 457 2688 Vll,
474 2658 506 2690 p.
531 2651 592 2682 463
618 2649 742 2690 (fragm.
774 2649 826 2689 76)
844 2661 852 2682 :
878 2650 1083 2691 Περιοδεύσας
1111 2652 1166 2691 τὴν
1264 2648 1309 2689 (6)
1323 2652 1393 2680 Huc
1405 2647 1506 2680 resero
1518 2646 1557 2679 ir.
1576 2650 1628 2687 53,
1643 2646 1732 2687 quod
1748 2646 1892 2678 Marxius
1907 2645 1950 2677 ad
1960 2645 2079 2678 librum
2092 2646 2243 2686 quartum

140 2696 291 2737 Εὐρώπην
308 2696 396 2737 μέχρι
411 2696 547 2728 Σκυθῶν.
1221 2695 1340 2728 retulit.

183 2742 227 2781 (4)
251 2742 332 2773 Vide
345 2751 373 2774 e.
391 2751 420 2782 g.
439 2742 477 2774 fr.
496 2745 536 2774 46
550 2743 590 2775 de
613 2743 723 2775 Locris
750 2742 987 2785 Epizephyriis,
1012 2744 1052 2776 fr.
1071 2747 1109 2777 67
1127 2744 1167 2777 de
1188 2737 1195 2804 Ι
1264 2743 1309 2784 (7)
1332 2746 1456 2782 Fragm.
1476 2743 1514 2773 64
1528 2751 1536 2773 :
1550 2741 1718 2784 Ἔφορος...
1735 2741 1810 2783 ὑπὲρ
1829 2741 1971 2783 ἑκατέρας
1986 2740 2168 2781 ποιούμενος
2190 2743 2244 2778 τῆς

141 2789 274 2827 Boeotia,
289 2789 328 2819 sr.
349 2791 388 2820 76
405 2789 445 2820 de
457 2790 596 2830 Scythis.
1221 2789 1374 2826 πολιτείας
1392 2790 1447 2828 τὴν
1463 2789 1617 2829 διήγησιν.

186 2835 230 2875 (5)
255 2840 334 2874 Quae
351 2837 413 2867 huc
429 2840 575 2877 spectant
601 2837 779 2877 fragmenta
804 2837 948 2869 Marxius
974 2840 1104 2878 propter
1122 2837 1166 2870 lo·
1265 2839 1310 2879 (8)
1334 2841 1382 2870 lta
1391 2838 1418 2870 si
1431 2838 1568 2878 statuas,
1581 2847 1646 2870 non
1656 2839 1727 2877 eget
1738 2845 1835 2868 manu
1850 2835 2066 2868 emendatrice
2081 2833 2244 2868 Strabonis

143 2889 219 2911 cum
235 2882 372 2913 Theonis
387 2883 437 2923 (fr.
460 2885 531 2925 109)
550 2884 632 2916 libro
645 2884 815 2916 undecimo
830 2885 1018 2924 assignavit,
1034 2885 1075 2917 de
1094 2886 1167 2918 Nilo
1221 2888 1312 2920 loeus
1330 2887 1382 2928 (x,
1399 2895 1431 2927 p.
1457 2888 1536 2926 7303
1550 2895 1582 2917 v.
1600 2886 1637 2918 fr.
1657 2886 1724 2926 63),
1745 2893 1810 2925 quo
1824 2884 1864 2916 de
1888 2884 1994 2916 Minoe
2014 2883 2119 2924 legum
2143 2882 2244 2914 latore

143 2927 303 2967 Ephorum
324 2929 510 2962 disseruisse
522 2934 639 2971 putans
652 2931 757 2963 oblata
773 2931 939 2963 occasione
953 2932 1166 2972 AEgyptiorum
1222 2943 1316 2975 agens
1346 2934 1411 2965 ait:
1427 2933 1572 2976 Καθάπερ
1587 2933 1717 2975 Ἔφορος
1741 2932 1772 2963 ἐν
1785 2935 1822 2973 τῇ
1840 2931 1992 2973 Εὐρώπης
2015 2929 2153 2971 πολιτείᾳ
2181 2927 2244 2960 &ve-

144 2971 343 3013 desectionis,
359 2984 432 3015 quae
449 2985 512 3007 non
531 2978 669 3008 multum
686 2980 758 3018 post
779 2987 918 3018 pugnam
933 2979 1166 3011 Marathoniam
1222 2983 1337 3024 γραψεν
1354 2980 1425 3021 (pro
1438 2989 1504 3021 quo
1520 2979 1661 3012 Marxius
1673 2977 1880 3011 scribendum
1895 2979 2002 3009 censet
2016 2986 2025 3007 τ
2042 2977 2073 3008 ἐν
2089 2979 2126 3017 τῇ
2141 2975 2244 3018 Εὐρώ·

144 3019 271 3050 accidit.
296 3021 391 3059 Quod
414 3031 469 3061 per
483 3032 517 3055 se
536 3033 650 3064 parum
671 3024 836 3065 probabile
861 3025 964 3056 multo
991 3025 1099 3058 minus
1126 3027 1167 3058 ab
1222 3040 1266 3069 πῃ
1282 3030 1337 3065 τὴν
1353 3026 1508 3059 πολιτείαν
1517 3026 1711 3068 ἀνέγραψεν),
1729 3025 1749 3056 i.
1765 3034 1794 3056 e.
1811 3025 1915 3056 sicuti
1930 3023 2092 3063 Ephorus
2101 3024 2242 3061 narrat,

146 3066 271 3106 Ephoro
285 3066 402 3098 factum
416 3069 602 3101 crediderim
613 3095 621 3111 ,
633 3071 734 3112 quiin
743 3073 863 3113 AEgypti
876 3073 1088 3114 descriptione
1102 3081 1168 3104 non
1223 3075 1282 3107 ubi
1298 3074 1340 3106 de
1350 3075 1527 3114 potiorum
1539 3075 1576 3105 in
1589 3074 1734 3112 Europa
1747 3073 1930 3103 civitatum
1941 3069 2057 3106 forma
2067 3071 2101 3101 et
2113 3070 2244 3101 institu-

145 3113 253 3165 potuit
267 3113 306 3144 de
321 3113 392 3145 Nilo
408 3124 470 3146 non
487 3125 656 3158 exponere,
674 3128 733 3151 nec
748 3120 930 3152 methodica
946 3121 1080 3162 Ephorei
1095 3130 1168 3162 ope-
1224 3122 1370 3154 tionibus
1382 3121 1532 3161 disserit,
1545 3119 1632 3161 quod
1642 3119 1784 3160 Ephoreo
1794 3117 1948 3150 librorum
1961 3119 2112 3158 χειρισμῷ
2123 3116 2245 3157 optime

146 3167 190 3192 ris
206 3159 375 3200 dispositio
390 3161 542 3203 admittit,
564 3166 599 3195 ut
614 3165 740 3198 duobus
752 3167 831 3199 locis
853 3168 1010 3208 prolixam
1023 3168 1167 3208 ejusdem
1222 3168 1380 3200 convenit.

146 3207 192 3238 rei
218 3209 433 3240 narrationem
459 3209 624 3242 insereret.
658 3216 815 3245 Praeterea
846 3215 924 3246 satis
951 3216 1040 3256 patet
1069 3216 1168 3247 verba
1266 3215 1311 3256 (9)
1335 3214 1464 3246 Tzetzes
1489 3211 1530 3244 ad
1544 3211 1743 3253 Lycophron.
1777 3213 1833 3243 140
1847 3210 1930 3251 (coll.
1946 3212 2048 3242 Tzetz.
2066 3209 2148 3243 Chil.
2167 3213 2242 3251 xli,

146 3253 284 3285 Theonis
303 3255 334 3286 ἐν
349 3258 386 3296 τῇ
409 3256 450 3287 ια’
463 3261 613 3299 cormpta
631 3268 700 3292 esse
720 3270 760 3292 ex
774 3263 804 3293 ἐν
818 3267 854 3304 τῇ
877 3273 918 3303 α’,
936 3264 1024 3304 quod
1036 3264 1069 3295 in
1086 3264 1167 3304 frag·
1191 3290 1198 3298 .
1224 3264 1434 3305 260‚Diodor.
1447 3266 1479 3301 1,
1497 3259 1680 3302 13)εὮσπερ
1692 3259 1821 3301 Ἔφορος
1835 3260 1852 3290 ὁ
1863 3258 2013 3301 ἱστορικὸς
2025 3258 2078 3289 καὶ
2091 3258 2242 3301 Διόδωρος

147 3303 256 3333 mento
287 3305 344 3335 108
363 3303 403 3335 de
426 3305 546 3346 AEgypti
574 3308 689 3340 natura
712 3310 840 3342 exhibet
863 3312 934 3343 Joh.
955 3312 1074 3354 Lydus.
1101 3317 1169 3344 Hoc
1225 3315 1327 3352 ποιεῖ,
1349 3310 1411 3343 ἀπὸ
1427 3313 1487 3341 τῶν
1505 3309 1697 3350 βαρὸαρικῶν
1719 3309 1840 3348 πρῶτον
1861 3307 1941 3338 κατὰ
1957 3306 2140 3348 περιδρομὴν
2159 3304 2242 3347 ἀρξά-

147 3357 225 3401 vero
241 3349 452 3390 depravatum
473 3354 522 3383 est
537 3361 577 3383 ex
593 3353 623 3384 ἐν
637 3358 674 3394 τῇ
691 3355 729 3395 ε’,
744 3365 816 3396 quae
841 3357 1004 3390 literarum
1020 3359 1169 3391 confusio
1225 3371 1310 3402 μενοι
1329 3358 1465 3401 γράφειν,
1483 3357 1513 3388 ἐν
1534 3356 1567 3387 δὲ
1583 3358 1646 3392 τοῖς
1661 3355 1848 3392 Ἑλληνικοῖς
1874 3354 2000 3396 ὕστερον
2021 3355 2075 3392 τὴν
2106 3351 2242 3394 ἱστορίαν

147 3397 244 3428 etiam
270 3395 383 3438 fragm.
399 3401 417 3430 9
436 3398 692 3440 deprehenditur.
721 3405 831 3443 Neque
846 3407 955 3437 tamen
976 3406 1166 3446 fragmento·
1226 3407 1437 3442 πλατύνοντες.
