2320 3684
174 156 250 190 368

171 251 240 275 νων
267 236 486 289 βουλομένων
520 238 651 275 ἀνελεῖν
683 236 746 283 τὴν
782 236 984 290 Ἰφιγένειαν
1004 240 1040 278 ἐν
1061 239 1195 290 Αὐλίδι,

170 296 194 342 ἡ
211 293 373 347 Ἄρτεμις
392 294 583 334 ἀντέδωκεν
602 294 748 348 ἔλαφον·
777 294 869 334 κατὰ
897 295 934 335 δὲ
967 296 1195 350 Φανόδημον,

170 351 311 406 ἄρκτον.
642 370 644 372 ’

658 411 673 449 1
685 411 716 449 l.

223 473 377 508 Tzetzes
390 470 438 508 ad
457 469 650 521 Lycophr.
676 471 748 509 183
764 486 772 508 :
793 469 839 510 Ἡ
856 470 892 509 δὲ
907 470 1069 525 Ἄρτεμις
1086 472 1194 521 αὐτὴν

171 528 248 581 (τὴν
273 528 490 582 Ἰφιγένειαν)
533 527 727 578 ἐλεήσασα,
759 528 851 568 κατὰ
885 529 1102 583 Φανόδημον
1135 531 1194 572 τὸν

169 587 359 642 ἱστορικὸν,
376 589 424 630 εἷς
441 585 567 640 ἄρκτον
588 586 773 638 μετέὸαλε.

221 704 379 742 Suidas:
397 702 482 743 Ἐπὶ
516 704 723 759 Παλλαδίῳ,
743 704 966 760 δικαστήριον
999 706 1194 758 Ἀθήνησιν,

166 763 202 801 ἐν
228 756 257 816 ᾧ
284 764 315 800 οἵ
336 761 484 816 Ἐφέται
510 762 674 802 ἀκουσίου
702 762 806 818 φόνου
835 763 1008 810 ἐδίκαζον.
1045 765 1195 821 Ἀργεῖοι

165 821 233 874 γὰρ
247 820 317 860 ἀπὸ
337 821 442 861 Ἰλίου
460 821 642 873 πλέοντες,
658 822 764 871 ἡνίκα
776 822 973 876 προσέσχον
992 825 1194 879 Φαλήροις,

165 880 232 919 ὑπὸ
249 881 438 928 Ἀθηναίων
465 880 674 933 ἀγνούμενοι
700 881 932 936 ἀνῃρέθησαν.
957 881 1130 937 *Ύστερον
1157 883 1195 923 δὲ

165 937 381 990 Ἀκάμαντος
392 939 626 993 γνωρίσαντος
636 971 647 990 ,
666 939 799 979 καὶτοῦ
814 940 1019 981 Παλλαδίου
1035 941 1195 996 εὑρεθέν-

163 1013 242 1047 τος,
261 998 353 1037 κατὰ
368 998 530 1052 χρησμὸν
549 998 668 1038 αὐτόθι
686 999 726 1038 τὸ
751 998 975 1054 δικαστήριον
994 999 1192 1051 ἀπέδειξαν,

162 1058 209 1101 ὡς
227 1057 452 1108 Φανόδημος.

216 1117 441 1156 Eustathius
460 1116 509 1156 ad
528 1116 668 1168 Odyss.
695 1131 735 1169 p.
767 1124 867 1168 1419
900 1117 1033 1156 eadem
1059 1118 1193 1157 iisdem

162 1174 294 1213 verbis
319 1189 368 1214 ex
386 1176 583 1215 Pausaniae
615 1176 759 1214 Lexico
787 1176 911 1214 affert.
938 1176 995 1214 Cf.
1011 1177 1192 1226 Hesych.,

162 1236 409 1285 Harpocrat„
428 1236 593 1274 Phavor.
610 1248 648 1274 v.
663 1234 749 1274 Ἐπὶ
777 1233 985 1287 Παλλαδίῳ,
1009 1236 1076 1286 qui
1105 1249 1193 1274 cum

162 1293 280 1331 Suida
313 1293 572 1332 consentiunt.
602 1294 826 1345 Apostolius
854 1297 966 1341 VIII,
995 1300 1044 1339 42
1076 1294 1194 1333 habet

161 1350 320 1389 ἑκουσίου
340 1365 413 1403 pro
432 1351 610 1390 ἀκουσίου.
641 1355 860 1403 Perperam.
898 1350 955 1389 Cf.
971 1351 1122 1392 Miiller.
1151 1352 1192 1390 in

161 1410 330 1460 AEschyl.
351 1414 464 1449 Eum.
485 1424 526 1462 p.
547 1410 619 1449 155
643 1418 681 1449 et
708 1423 805 1462 quos
829 1409 1190 1448 laudatflermann.

160 1469 350 1520 Antiquit.
370 1470 393 1520 §
418 1475 503 1515 104.

210 1587 418 1626 Athenaeus
434 1590 473 1626 X
485 1617 496 1636 ‚
520 1601 590 1636 10,
615 1601 654 1639 p.
677 1587 766 1635 437,
783 1588 832 1626 C:
850 1584 927 1633 Τὴν
945 1584 982 1624 δὲ
997 1587 1067 1624 τῶν
1085 1586 1188 1626 Χοῶν

158 1644 280 1698 ἑορτὴν
299 1676 310 1694 ,
341 1644 405 1693 τὴν
430 1644 613 1693 Ἀθήνησιν
646 1643 937 1696 ἐπιτελουμένην,
973 1643 1188 1695 Φανόδημός

156 1718 243 1756 φησι
276 1705 501 1759 Δημοφῶντα
531 1703 589 1742 τὸν
629 1703 777 1756 βασιλέα
817 1702 1025 1756 βουλόμενον
1065 1702 1189 1742 ὑποδέ-

157 1761 280 1807 ξασθαι
301 1762 583 1817 παραγενόμενον
603 1762 662 1801 τὸν
687 1760 862 1816 Ὀρέστην
883 1761 1067 1810 Ἀθήναζε·
1101 1762 1187 1817 πρὸς

155 1819 193 1859 δὲ
209 1820 254 1859 τὰ
270 1821 346 1875 ἱερὰ
363 1825 402 1861 οὐ
423 1821 531 1860 θέλων
546 1821 649 1860 αὐτὸν
663 1819 866 1874 προσιέναι,
883 1821 954 1859 οὐδ’
969 1820 1185 1872 ὁμόσπονδον

154 1879 328 1932 γενέσθαι,
357 1880 467 1932 μήπω
494 1879 715 1929 δικασθέντα,
734 1879 894 1919 ἐκέλευσε
917 1881 1185 1932 συγκλεισθῆναι

153 1939 199 1978 τά
214 1955 252 1978 τε
269 1940 366 1993 ἱερά,
382 1940 442 1979 καὶ
470 1939 540 1992 χόα
570 1939 663 1978 οἴνου
695 1939 833 1992 ἑκάστῳ
854 1941 1111 1993 παρατεθῆναι,
1133 1942 1184 1992 τῷ

152 1998 283 2052 πρώτῳ
297 1998 453 2038 ἐκπιόντι
477 1997 583 2037 εἰπὼν
608 1992 712 2037 ἆθλον
738 1997 945 2045 δοθήσεσθαι
965 1999 1180 2036 πλακοῦντα.

154 2056 377 2111 Παρήγγειλέ
396 2073 434 2095 τε
455 2057 515 2095 καὶ
540 2059 602 2095 τοῦ
618 2055 726 2095 πότου
742 2055 988 2108 παυσαμένους
1012 2054 1092 2099 τοὺς
1118 2054 1180 2107 μὲν

150 2166 215 2199 lide
226 2168 367 2199 mactare
381 2166 501 2198 vellent
512 2165 728 2207 Iphigeniam,
743 2165 880 2198 Dianam
895 2164 1103 2197 substituisse
1117 2173 1181 2196 cer-

150 2221 244 2254 vam,
269 2212 449 2245 secundum
473 2211 717 2244 Phanodemum
738 2220 816 2245 vero
839 2219 962 2244 ursam.

635 2267 696 2300 11.

190 2319 295 2351 Diana
319 2318 538 2360 Iphigeniam,
564 2317 785 2351 misericordia
807 2319 974 2360 permota,
1001 2318 1180 2351 secundum

148 2366 393 2399 Phanodemum
416 2364 625 2405 historicum,
651 2365 686 2397 in
710 2373 820 2397 ursam
844 2364 1014 2397 convertit.

189 2467 240 2500 Ad
258 2466 450 2500 Palladium.
471 2466 525 2500 Sic
545 2467 679 2499 Athenis
694 2466 872 2499 vocabatur
891 2466 1125 2506 Dicasterium,
1145 2467 1177 2499 in

146 2523 213 2556 quo
234 2514 368 2555 Ephetae
385 2514 426 2547 de
446 2514 552 2555 caede,
575 2522 674 2555 quam
694 2514 769 2554 quis
785 2513 909 2546 invitus
923 2513 975 2545 vel
990 2513 1178 2555 imprudens

145 2562 369 2602 commiserat,
387 2561 586 2603 judicabant.
610 2561 721 2602 Argivi
739 2563 827 2594 enim
848 2560 889 2593 ab
909 2561 970 2593 Ilio
987 2561 1176 2601 redeuntes,

145 2618 250 2651 quum
266 2609 308 2641 ad
323 2609 458 2641 Phalera
473 2609 691 2650 appulissent,
708 2608 749 2641 ab
766 2608 1026 2648 Atheniensibus,
1045 2609 1176 2649 quinam

145 2658 254 2689 essent
267 2656 503 2697 ignorantibus,
517 2655 677 2688 interfecti
689 2655 831 2688 suerunt.
843 2657 959 2687 Postea
969 2663 1059 2695 vero,
1074 2665 1176 2697 quum

145 2706 282 2736 Acamas
294 2703 356 2735 hoc
372 2703 454 2745 ipsis
469 2703 660 2742 indicasset,
673 2704 706 2734 et
717 2701 899 2735 Palladium
911 2701 1082 2734 inventum
1100 2703 1177 2735 fuis-

145 2754 212 2792 set,
234 2760 276 2785 ex
304 2751 435 2783 oraculo
455 2751 670 2784 Dicasterium
695 2749 906 2783 Athenienses
937 2749 1004 2782 illic
1028 2749 1175 2784 condide-

145 2802 241 2839 runt,
265 2800 303 2832 ut
327 2799 556 2832 Phanodemus
573 2798 687 2832 tradit.

186 2900 383 2940 congiorum
392 2898 591 2941 (Choarum)
598 2898 729 2936 festum,
739 2897 827 2939 quod
838 2898 971 2931 Athenis
982 2898 1172 2940 celebratur,

145 2947 332 2980 institutum
346 2957 418 2981 esse
433 2948 546 2981 scribit
566 2947 792 2980 Phanodemus
807 2956 828 2979 a
846 2947 1069 2989 Demophonte
1084 2956 1173 2989 rege,

145 3002 246 3033 quum
267 2997 414 3027 Orestem
430 2995 571 3036 hospitio
586 2994 732 3036 excipere
746 2994 861 3034 vellet,
875 2994 932 3035 qui
951 2994 1092 3026 Athenas
1104 3003 1173 3036 per-

144 3043 284 3072 venerat.
302 3043 405 3079 Quem
421 3050 524 3082 quum
540 3041 580 3073 ad
595 3050 686 3073 sacra
701 3041 871 3074 admittere
883 3040 1001 3080 nollet,
1018 3049 1079 3073 nec
1094 3041 1171 3073 liba-

144 3085 270 3118 tionum
286 3089 479 3129 participem
497 3089 618 3128 l'acere,
635 3091 672 3120 ut
687 3088 744 3129 qui
760 3088 904 3120 nondum
919 3087 1081 3128 judicatus
1097 3088 1172 3121 fuis-

145 3134 215 3171 set,
236 3133 341 3166 claudi
356 3135 477 3175 templa
489 3135 607 3175 jussit,
627 3137 660 3167 et
674 3135 849 3176 unicuique
863 3135 1013 3176 congium
1035 3136 1171 3176 apponi,

145 3177 249 3217 primo
264 3181 320 3220 qui
341 3181 497 3213 ebibisset
518 3182 690 3222 praemium
706 3190 740 3214 se
761 3182 912 3215 daturum
930 3182 1091 3223 pollicitus
1106 3183 1171 3224 pla-

145 3226 282 3256 centam.
302 3227 467 3268 Simulque
478 3228 592 3268 jussit,
608 3230 646 3261 ut
659 3229 749 3262 finita
763 3228 1001 3270 compotatione
1015 3237 1150 3262 coronas
1161 3254 1171 3270 ,

145 3270 264 3322 quibus
286 3273 384 3305 cincti
407 3276 532 3314 essent,
560 3283 625 3307 non
650 3275 691 3307 ad
714 3276 835 3316 templa
855 3276 1071 3317 deponerent,
1093 3286 1170 3318 quo-

144 3324 233 3348 mam
259 3326 333 3349 cum
361 3321 474 3351 Oreste
499 3320 560 3352 sub
585 3321 697 3353 eodem
724 3323 811 3354 tecto
839 3331 904 3354 una
930 3322 1086 3363 fuissent5
1114 3323 1170 3356 sed

897 151 1205 196 PHANODEMI
1231 157 1567 202 FRAGMENTA.
2137 178 2151 197 ⁰

1253 244 1441 298 στεφάνους
1450 276 1462 296 ,
1478 241 1527 291 οἷς
1541 248 1807 302 ἐστεφανοῦντο,
1823 250 1908 305 πρὸς
1920 252 1964 291 τὰ
1979 254 2054 308 ἱερὰ
2069 255 2119 308 μὴ
2132 257 2276 308 τιθέναι,

1253 300 1310 340 διὰ
1327 302 1368 342 τὸ
1385 304 1587 359 ὁμωρόφους
1613 307 1772 358 γενέσθαι
1791 310 1843 362 τῷ
1866 310 2037 365 Ὀρέστῃ,
2063 314 2142 368 περὶ
2165 314 2201 354 δὲ
2217 316 2276 355 τὸν

1252 359 1322 414 χόα
1348 361 1408 401 τὸν
1434 365 1558 403 ἑαυτοῦ
1588 363 1733 405 ἕκαστον
1762 371 1964 422 περιθεῖναι,
1997 371 2057 410 καὶ
2089 375 2134 426 τῇ
2170 374 2279 429 ἱερείᾳ

1253 418 1438 475 ἀποφέρειν
1455 421 1534 467 τοὺς
1548 423 1736 477 στεφάνους
1751 426 1836 480 πρὸς
1854 426 1894 466 τὸ
1910 428 1945 467 ἐν
1959 428 2110 480 Λίμναις
2123 430 2278 483 τέμενος,

1252 477 1374 518 ἔπειτα
1391 478 1481 519 θύειν
1500 482 1535 520 ἐν
1554 484 1604 535 τῷ
1623 484 1705 537 ἱερῷ
1726 484 1771 524 τὰ
1791 485 1957 526 ἐπίλοιπα
1970 504 1978 512 ·
1997 488 2056 527 καὶ
2077 488 2195 529 ἔκτοτε
2212 490 2278 538 τὴν

1251 536 1373 591 ἑορτὴν
1386 539 1557 587 κληθῆναι
1572 539 1668 593 χόας.

1304 667 1508 707 Athenaeus
1524 671 1596 717 XI,
1618 670 1655 718 3,
1667 683 1704 721 p.
1724 671 1814 720 465,
1832 676 1880 710 A:
1899 670 2111 724 Φανόδημος
2136 674 2172 713 δὲ
2194 675 2280 729 πρὸς

1251 725 1303 778 τῷ
1322 725 1404 779 ἱερῷ
1422 741 1508 780 φησι
1521 730 1581 766 τοῦ
1598 728 1634 766 ἐν
1654 727 1806 779 Λίμναις
1825 729 1993 769 Διονύσου
2009 730 2050 770 τὸ
2065 733 2208 783 γλεῦκος
2223 733 2281 788 φέ-

1253 797 1374 836 ροντας
1389 783 1469 829 τοὺς
1484 785 1681 833 Ἀθηναίους
1699 788 1739 825 ἐκ
1753 789 1822 826 τῶν
1839 788 1948 827 πίθων
1959 792 2010 842 τῷ
2026 792 2094 844 θεῷ
2106 791 2280 845 κιρνάναι,

1252 834 1315 880 εἶτ’
1333 844 1449 888 αὑτοῖς
1467 843 1745 898 προσφέρεσθαι,
1764 844 1839 885 ὅθεν
1860 846 1919 885 καὶ
1949 849 2121 899 Λιμναῖον
2149 850 2282 898 κληθῆ-

1251 915 1308 938 ναι
1321 900 1379 939 τὸν
1397 901 1579 951 Διόνυσον,
1595 902 1648 941 ὅτι
1667 903 1790 956 μιχθὲν
1803 903 1844 943 τὸ
1858 906 2003 957 γλεῦκος
2018 908 2068 960 τῷ
2089 906 2189 946 ὕδατι
2203 908 2282 948 τότε

1252 961 1390 1013 πρῶτον
1410 959 1519 1008 ἐπόθη
1546 960 1775 1015 κεκραμένον·
1805 961 1923 1017 διόπερ
1957 965 2195 1016 ὀνομασθῆναι
2218 966 2282 1011 τὰς

1251 1016 1367 1069 πηγὰς
1388 1017 1525 1073 νύμφας
1539 1018 1600 1058 καὶ
1616 1019 1758 1068 τιθήνας
1771 1023 1832 1059 τοῦ
1851 1021 2039 1072 Διονύσου,
2054 1025 2108 1062 ὅτι
2117 1022 2175 1062 τὸν
2188 1017 2280 1064 οἶνον

1252 1075 1392 1121 αὐξάνει
1409 1076 1450 1116 τὸ
1471 1076 1563 1131 ὕδωρ
1581 1078 1801 1133 κιρνάμενον.

1740 1151 1800 1189 15.

1303 1215 1443 1253 Athen.
1458 1217 1526 1263 IV,
1545 1227 1605 1264 19,
1618 1227 1657 1265 p.
1680 1215 1766 1264 168,
1779 1219 1833 1252 A:
1855 1214 1938 1254 Ὅτι
1949 1216 2027 1261 τοὺς
2044 1217 2197 1263 ἀσώτους
2220 1220 2280 1258 καὶ

1250 1271 1329 1316 τοὺς
1348 1272 1396 1324 μὴ
1408 1271 1448 1310 ἔκ
1465 1287 1556 1316 τινος
1571 1271 1771 1327 περιουσίας
1789 1274 1919 1317 ζῶντας
1934 1274 1975 1313 τὸ
1992 1276 2141 1316 παλαιὸν
2155 1279 2272 1317 ἀνεκα-

1249 1330 1372 1370 λοῦντό
1386 1347 1425 1369 τε
1437 1332 1469 1370 οἱ
1488 1330 1731 1384 Ἀρεοπαγῖται
1741 1330 1799 1370 καὶ
1815 1332 1991 1382 ἐκολαζον,
1998 1333 2188 1389 ἱστόρησαν
2199 1338 2281 1378 Φα-

1250 1388 1400 1441 νόδημος
1414 1388 1474 1428 καὶ
1493 1388 1705 1443 Φιλόχορος.

1302 1512 1495 1551 Plutarch.
1517 1512 1764 1550 Themistocl.
1786 1513 1848 1550 13:
1861 1510 1959 1564 Ἅμα
1973 1513 2004 1551 δ’
2015 1513 2132 1569 ἡμέρᾳ
2145 1515 2279 1570 Ξέρξης

1249 1570 1313 1623 μὲν
1333 1570 1406 1610 ἄνω
1419 1572 1550 1617 καθῆτο
1567 1570 1626 1609 τὸν
1647 1569 1770 1609 στόλον
1787 1570 1988 1611 ἐποπτεύων
2002 1572 2062 1611 καὶ
2074 1573 2138 1621 τὴν
2157 1575 2278 1628 παρά-

1249 1629 1359 1679 ταξιν,
1378 1631 1425 1673 ὣς
1438 1628 1501 1681 μὲν
1520 1627 1733 1680 Φανόδημός
1751 1644 1871 1683 φησιν,
1891 1630 1979 1685 ὑπὲρ
2000 1630 2040 1670 τὸ
2053 1630 2277 1686 “Ηράκλειον,

1245 1683 1270 1742 ᾗ
1288 1692 1414 1743 βραχεῖ
1433 1687 1533 1742 πόρῳ
1554 1686 1740 1741 διείργεται
1761 1690 1824 1734 τῆς
1843 1688 2003 1737 Ἀττικῆς
2017 1691 2040 1737 ἡ
2060 1692 2164 1737 νῆσος
2182 1692 2277 1742 (Σα-

1245 1748 1380 1800 λαμίς),
1400 1748 1447 1791 ὡς
1460 1746 1490 1784 δ’
1510 1745 1783 1799 Ἀκεστόδωρος,
1803 1747 1838 1784 ἐν
1869 1747 2019 1801 μεθορίῳ
2032 1750 2095 1794 τῆς
2115 1749 2275 1803 Μεγαρί-

1245 1806 1300 1852 δος
1316 1836 1326 1855 ,
1346 1805 1433 1860 ὑπὲρ
1449 1807 1519 1844 τῶν
1537 1803 1761 1856 καλουμένων
1777 1805 1955 1859 Κεράτων.

1295 1936 1404 1975 Idem
1429 1935 1526 1974 Cim.
1548 1947 1611 1983 12,
1641 1942 1783 1984 narrat,
1813 1938 2014 1973 Persarum
2050 1936 2273 1986 praesectum

1240 1994 1290 2033 ad
1315 1993 1645 2044 Eurymedontem
1657 1998 1733 2036 ταῖς
1753 1993 1853 2031 ναυσὶ
1873 1998 2079 2047 παρορμεῖν,
2098 1995 2161 2032 οὐκ
2188 1994 2272 2034 ὄντα

1241 2054 1416 2106 μάχεσθαι
1426 2057 1496 2096 τοῖς
1513 2049 1670 2099 Ἕλλησι
1685 2050 1876 2105 πρόθυμον,
1890 2051 1981 2090 ἀλλὰ
1993 2052 2271 2106 προσδεχόμενον

1237 2162 1279 2195 ad
1292 2161 1472 2194 antistitam
1486 2159 1553 2192 fani
1567 2159 1728 2192 deferrent
1740 2159 1872 2200 quodcin
1887 2159 2064 2193 Paludibus
2075 2163 2144 2201 est,
2157 2161 2272 2195 deinde

1236 2217 1314 2241 vero
1329 2208 1453 2249 reliqua
1468 2214 1559 2239 sacra
1571 2205 1606 2238 in
1615 2205 1748 2250 „templo
1778 2208 1986 2248 peragerent:
2001 2207 2140 2249 indeque
2163 2209 2271 2242 ehoas

1235 2255 1424 2297 (Conyios)
1443 2254 1651 2287 nominatum
1669 2260 1741 2286 esse
1764 2253 1796 2286 id
1817 2253 1948 2287 festum.

1276 2372 1503 2405 Phanodemus
1517 2371 1562 2404 ait
1579 2370 1648 2403 «ad
1663 2370 1767 2403 aedem
1781 2370 1898 2404 Bacchi
1913 2371 1970 2412 qui
1984 2370 2019 2403 in
2030 2370 2154 2404 Limnis
2164 2371 2268 2412 (Palu-

1234 2418 1343 2460 dibus)
1355 2421 1416 2460 est,
1427 2420 1574 2451 mustum
1582 2417 1717 2450 serentes
1730 2418 1951 2457 Athenienses,
1959 2426 1978 2450 e
1988 2417 2082 2450 doliis
2090 2417 2151 2450 deo
2158 2418 2268 2451 misce.

1233 2474 1279 2505 re,
1289 2466 1404 2498 deinde
1416 2466 1505 2508 ipsos
1514 2464 1623 2497 bibere
1634 2473 1642 2496 ε
1655 2463 1742 2496 unde
1757 2464 1854 2497 etiam
1867 2466 2051 2497 Limnaeum
2063 2464 2267 2498 nominatum

1233 2514 1415 2553 Bacchum,
1438 2512 1517 2554 quia
1538 2511 1678 2544 mixtum
1697 2520 1782 2552 aqua
1796 2514 1941 2543 mustum
1956 2513 2035 2543 tunc
2055 2511 2200 2553 primum
2220 2511 2266 2544 bi-

1232 2559 1339 2593 berint
1370 2560 1599 2601 temperatum:
1610 2557 1785 2598 eademque
1799 2566 1840 2590 ex
1855 2566 1953 2590 causa
1970 2557 2075 2590 sontes
2090 2558 2266 2600 appellatos

1231 2614 1302 2638 esse
1320 2607 1478 2647 nymphas
1493 2606 1526 2638 et
1540 2605 1682 2638 nutrices
1694 2604 1828 2644 Bacchi,
1847 2604 1935 2646 quod
1951 2613 2035 2646 aqua
2047 2604 2193 2637 admixta
2211 2613 2264 2637 au.

1231 2655 1303 2694 geat
1319 2653 1443 2685 vinum.

1717 2712 1778 2744 15.

1271 2763 1383 2796 Fuisse
1410 2762 1490 2795 olim
1519 2762 1724 2801 institutum,
1754 2764 1792 2795 ut
1826 2762 1882 2803 qui
1915 2762 2071 2794 luxuriosi
2103 2763 2211 2794 essent
2231 2765 2264 2795 et

1229 2810 1286 2851 qui
1310 2819 1374 2842 non
1402 2819 1421 2842 e
1454 2809 1585 2850 propria
1612 2817 1646 2841 re
1667 2808 1816 2841 familiari
1831 2809 1996 2848 viverent,
2018 2817 2074 2841 eos
2094 2808 2262 2850 Areopagi·

1228 2858 1272 2889 tae
1287 2856 1327 2888 ad
1344 2855 1483 2888 tribunal
1499 2863 1594 2887 suum
1610 2855 1764 2888 vocarent
1785 2854 2017 2896 punirentque,
2038 2855 2157 2888 docent
2177 2855 2260 2888 Pha.

1229 2903 1387 2937 nodemus
1407 2904 1440 2936 et
1460 2902 1685 2935 Philochorus.
1951 2905 1954 2907 ’
2318 2905 2320 2920 ²

1268 3013 1331 3046 Ubi
1346 3013 1481 3052 diluxit,
1497 3014 1620 3045 Xerxes
1635 3011 1669 3043 in
1682 3011 1771 3044 edito
1783 3011 1948 3052 consedit,
1963 3012 2100 3044 classem
2112 3013 2145 3044 et
2155 3011 2256 3044 aciem

1227 3059 1416 3101 speculans,
1438 3060 1475 3090 ut
1497 3058 1725 3090 Plianodemus
1743 3058 1805 3097 ait,
1829 3066 1929 3098 supra
1951 3057 2062 3089 fanum
2086 3057 2255 3097 Herculis,

1227 3115 1292 3148 qua
1306 3108 1442 3147 angusto
1457 3102 1539 3137 freto
1554 3104 1717 3138 dirimitur
1732 3103 1773 3136 ab
1795 3103 1902 3136 Attica
1916 3104 2062 3144 Salamis,
2077 3105 2115 3137 ut
2127 3105 2255 3137 Aceste-

1227 3154 1348 3194 dorus,
1372 3153 1408 3184 in
1431 3151 1602 3193 Megaridis
1625 3151 1763 3184 confinio
1776 3159 1872 3192 super
1891 3151 2009 3191 colles,
2033 3159 2116 3192 quos
2139 3152 2254 3184 cerata

1226 3201 1398 3243 appellant.

1267 3326 1397 3356 Persam
1413 3322 1548 3354 classem
1565 3321 1606 3353 ad
1616 3270 1888 3361 Euryrlnzdontem
1901 3321 1932 3353 in
1943 3320 2079 3352 statione
2087 3318 2248 3358 habuisse,
2311 3297 2320 3322 ἰ

144 3370 242 3396 suum
253 3365 389 3406 quisque
402 3367 550 3408 congium
564 3376 680 3400 corona
693 3368 849 3409 cingeret,
865 3371 965 3410 utque
979 3370 1022 3404 ita
1035 3378 1170 3403 coronas
1225 3380 1285 3404 nec
1301 3370 1399 3403 ruisse
1415 3369 1456 3402 ad
1471 3369 1660 3402 certandum
1676 3376 1751 3400 cum
1767 3367 1889 3400 Graecis
1904 3369 2078 3408 promtum,
2094 3366 2152 3400 sed
2166 3366 2250 3398 0ctn·
2312 3406 2319 3411 j
