2294 3704
1031 155 1318 198 PRAEFATIO.
2000 170 2056 199 vu

279 251 558 289 conservata
604 250 700 300 est;
724 239 773 286 id
799 240 936 304 quod
981 241 1086 289 fieri
1125 261 1226 290 non
1273 245 1434 309 potuit
1463 246 1509 291 in
1537 246 1741 305 Timaeo,
1784 247 1923 311 cujus
1969 248 2058 295 fra-

278 333 499 387 gmenta,
542 339 598 369 ex
650 323 890 369 Vaticanis
926 323 1113 387 Polybii
1159 328 1400 391 excerptis
1461 345 1750 393 magnopere
1796 340 1958 389 aucta,
1997 331 2060 377 ita

277 405 536 453 ordinandi
591 405 863 470 periculum
923 405 1124 461 fecimus
1143 442 1156 466 ‚
1204 419 1258 455 ut
1320 427 1427 473 quae
1486 412 1626 459 suerit
1683 413 1834 459 totius
1901 414 2060 477 operis

276 490 551 536 oeconomia
599 490 907 552 intelligatur.
967 493 1021 536 In
1066 490 1263 554 Ephoro
1312 503 1359 539 et
1395 494 1714 560 Theopompo
1754 495 1981 543 ordinem
2035 513 2060 543 a

274 573 444 635 primis
471 589 641 620 eorum
660 571 930 619 editoribus
950 572 1117 619 datum
1157 590 1255 620 non
1282 578 1598 638 mutavimus,
1642 579 1702 626 de
1752 580 1933 643 quibus
1975 581 2061 626 ali-

275 665 347 700 ter
379 654 695 702 statuendum
720 654 864 703 nobis
899 654 1154 702 videbatur
1169 673 1258 703 suo
1297 656 1406 704 loco
1440 659 1490 704 in
1526 661 1655 707 notis
1693 672 1962 709 monentes.
1984 662 2062 708 Uti

276 737 498 801 Ephorus
525 737 848 802 locupletatus
876 748 950 784 est
981 737 1275 801 fragmentis,
1297 756 1404 802 quae
1435 742 1708 789 Marxiusin
1728 744 1977 792 Addendis
1997 745 2060 807 (v.

273 819 500 866 Seebodii
535 819 732 866 Miscell.
766 820 903 878 crit.,
935 820 1030 867 vol.
1064 823 1135 879 II,
1196 832 1319 885 part.
1359 826 1453 882 lV,
1485 840 1532 887 p.
1577 823 1692 889 754)
1729 826 1912 890 publici
1940 827 2063 890 juris

275 903 405 958 fecit,
445 904 515 950 sic
545 903 607 949 ad
632 902 975 967 Theopompea
1004 920 1205 967 quoque
1252 904 1391 968 plura
1424 922 1551 952 nova
1584 920 1890 955 accesserunt
1917 927 1942 956 a
1964 911 2064 957 Wi-

273 984 487 1043 chersio,
515 1000 623 1047 quae
652 994 723 1030 est
753 984 845 1030 viri
877 983 1011 1030 docti
1040 984 1345 1045 humanitas,
1379 987 1590 1034 Firmino
1619 988 1768 1034 Didot
1794 1006 1880 1053 per
1903 991 2062 1038 literas

272 1067 646 1114 communicata.
673 1065 968 1130 Phylarchus
992 1084 1148 1131 quum
1170 1070 1345 1115 eodem
1372 1069 1470 1116 fere
1497 1079 1717 1134 tempore
1738 1081 1785 1118 et
1805 1072 2062 1119 Luchtium

271 1159 319 1196 et
342 1149 676 1196 Brucknerum
712 1148 923 1196 editores
951 1161 1121 1197 nactus
1141 1162 1282 1211 esset,
1302 1169 1409 1216 quae
1429 1163 1635 1217 uterque
1662 1155 1710 1200 in
1744 1153 1840 1201 hoc
1867 1165 2065 1202 auctore

273 1233 474 1278 seorsim
510 1232 736 1296 praestitit
761 1233 810 1279 in
840 1249 995 1279 unum
1017 1233 1379 1296 conjunximus.
1400 1235 1547 1292 Quod
1567 1236 1628 1283 ad
1657 1236 1913 1284 Atthidum
1959 1240 2067 1285 scri-

271 1324 452 1378 ptores,
483 1324 588 1361 tum
610 1315 670 1371 ,in
702 1315 874 1361 ceteris
904 1314 1046 1380 plura
1074 1316 1212 1362 aliter
1234 1333 1289 1363 ac
1317 1316 1533 1364 fecerunt
1562 1320 1765 1367 Lenzius
1793 1330 1840 1366 et
1865 1320 2067 1367 Siebelis

272 1396 506 1460 disposita
528 1407 665 1455 sunt,
695 1407 800 1443 tum
824 1398 1066 1462 praecipue
1091 1399 1140 1445 in
1167 1398 1450 1447 Philochori
1472 1400 1776 1464 fragmentis,
1795 1419 1925 1466 quae,
1950 1420 2068 1466 prae-

271 1489 419 1526 eunte
442 1480 670 1527 Boeckhio
691 1481 761 1544 (in
780 1481 950 1527 Annal.
970 1482 1188 1528 Univers.
1207 1484 1414 1530 Berolin.
1444 1483 1610 1547 1832),
1631 1484 1690 1531 ad
1712 1485 1885 1547 integri
1907 1487 2068 1550 operis
2087 1537 2090 1539 ,

271 1563 678 1609 constitutionem
701 1562 982 1610 studuimus
1006 1563 1313 1612 distribuere.

335 1647 446 1691 Haec
470 1653 587 1690 sunt
617 1660 727 1707 quae
758 1643 819 1690 de
854 1645 1067 1704 ratione,
1096 1662 1245 1709 quam
1283 1648 1333 1693 in
1368 1647 1750 1710 fragmentorum
1777 1653 2065 1699 tractatione

270 1726 423 1774 secuti
448 1742 644 1786 sumus,
668 1726 718 1772 in
745 1726 1030 1773 universum
1056 1727 1303 1775 monenda
1326 1728 1579 1777 habemus.
1605 1734 1675 1778 De
1702 1732 1903 1796 singulis
1929 1750 2063 1781 accu-

270 1810 419 1856 ratius
440 1810 626 1873 egimus
653 1810 703 1855 in
721 1810 1138 1856 commentatione
1181 1827 1291 1874 quae
1317 1810 1379 1857 de
1402 1812 1513 1859 vitis
1536 1822 1582 1859 et
1603 1814 1792 1877 scriptis
1813 1824 2064 1862 auctorum

271 1903 552 1939 nostrorum
582 1891 854 1956 praefationi
877 1892 996 1939 huic
1025 1903 1096 1939 est
1123 1892 1399 1956 subjuncta.

334 2011 683 2058 Historicorum
714 2011 931 2075 reliquiis
962 2013 1011 2058 in
1045 2013 1173 2059 calce
1203 2013 1469 2059 voluminis
1507 2014 1819 2077 adjunximus
1861 2015 2065 2063 Chroni-

269 2112 362 2142 con
384 2095 576 2141 Parium
595 2105 639 2141 et
658 2095 1033 2159 Inscriptionem
1054 2112 1254 2159 graecam
1276 2095 1451 2160 lapidis
1489 2097 1617 2143 illius
1633 2133 1644 2155 ‚
1675 2098 1759 2161 qui
1787 2115 1843 2144 ex
1869 2101 2064 2146 Rosetta

269 2175 391 2222 urbe
443 2175 666 2240 AEgyptia
709 2176 759 2222 in
804 2176 1099 2222 Britanniam
1141 2186 1214 2222 est
1257 2177 1532 2223 translatus.
1582 2179 1701 2234 Quae
1750 2191 2067 2227 monumenta

269 2275 425 2322 quum
452 2259 580 2305 inter
614 2268 769 2304 cetera
803 2258 879 2304 sui
909 2259 1097 2321 generis
1134 2257 1271 2305 facile
1305 2258 1548 2323 principia
1587 2260 1712 2318 sint,
1743 2277 2068 2326 magnumque

271 2341 318 2388 in
348 2341 561 2389 historiae
595 2341 926 2404 cognitionem
954 2341 1294 2404 adjumentum
1323 2341 1554 2401 afferant3
1583 2359 1685 2389 rem
1721 2360 1880 2408 neque
1917 2346 2066 2392 inuti-

268 2424 363 2472 lem
386 2441 546 2488 neque
571 2423 892 2488 injucundam
921 2425 1164 2471 Firminus
1191 2424 1341 2471 Didot
1371 2426 1643 2489 suscepisse
1674 2426 1769 2473 sibi
1802 2428 1931 2474 visus
1966 2439 2035 2474 est
2054 2464 2065 2486 ,

268 2508 308 2554 si
342 2525 396 2555 ea
427 2507 592 2555 denuo
636 2508 762 2572 typis
801 2524 974 2554 excusa
1020 2525 1115 2554 una
1157 2525 1269 2555 cum
1314 2508 1660 2555 historicorum
1699 2509 1974 2573 fragmentis
2015 2513 2063 2557 in

267 2591 522 2657 publicum
549 2591 740 2639 edenda
771 2602 973 2639 curaret.
1001 2594 1055 2638 In
1083 2591 1404 2639 adornatione
1427 2602 1474 2639 et
1499 2593 1818 2656 explicatione
1838 2593 2062 2641 Chronici

266 2675 388 2722 Parii
425 2675 476 2721 in
513 2674 757 2739 plerisque
802 2674 980 2722 ducem
1023 2675 1178 2722 secuti
1229 2691 1398 2722 sumus
1450 2674 1766 2733 Boeckhium,
1814 2677 2064 2724 Marmoris

268 2758 581 2822 interpretem
616 2757 760 2821 longe
797 2757 1154 2804 doctissimum.
1196 2758 1572 2822 Inscriptionem
1607 2774 1721 2803 vero
1756 2760 2063 2806 Rosettanam

268 2842 588 2900 LETRoNNms,
612 2841 686 2887 vir
705 2840 1026 2899 Clarissimus,
1057 2851 1159 2887 tum
1186 2840 1237 2886 in
1259 2857 1533 2887 sermonem
1561 2839 1874 2887 vernaculum
1901 2843 2058 2898 vertit,

268 2934 372 2970 tum
424 2925 778 2971 commentario
827 2924 1079 2987 exquisitae
1125 2923 1359 2970 doctrinae
1409 2922 1589 2969 divitiis
1643 2922 1790 2986 pleno
1842 2923 1908 2969 ita
1951 2923 2059 2970 illu-

267 3007 458 3065 stravit,
498 3017 551 3053 ut
586 3007 823 3071 plurima,
877 3023 986 3070 quae
1055 3007 1103 3053 in
1146 3006 1243 3053 hoc
1306 3005 1501 3052 decreto
1549 3003 1853 3051 sacerdotum
1909 3007 2057 3070 spissa

266 3089 522 3154 hucusque
562 3089 765 3153 caligine
815 3089 1028 3137 obducta
1074 3089 1339 3145 latuerant,
1385 3087 1510 3133 clara
1544 3086 1644 3147 jam
1701 3087 1810 3133 luce
1849 3089 2055 3135 circum-

268 3173 370 3219 fusa
396 3171 810 3236 exsplendescant.

321 3283 450 3317 Parisiis
458 3309 468 3325 ,
488 3291 600 3316 mense
614 3283 802 3324 Februario,
814 3284 1042 3316 MDCCCXLI.

1315 3346 1535 3391 Cinoms
1554 3347 1853 3393 MUELLER.
