2320 3684
141 230 144 233 ψ
171 183 243 216 152

165 266 260 316 βοῦν,
278 262 340 310 τὴν
359 261 460 317 δορὰν
477 261 704 316 περιέρραψε,
719 262 782 301 καὶ
806 263 875 307 θεὶς
892 265 927 302 ἐν
945 257 1041 317 ᾧπερ
1058 264 1187 304 εἴθιστο

163 326 181 360 ὃ
197 325 322 375 ταῦρος
338 323 485 372 λειμῶνι
510 319 716 394 βόσκεσθαι,
733 320 797 368 τὴν
817 322 1009 395 Πασιφάην
1028 322 1189 362 ἐνεὸίὸα-

163 395 233 418 σεν.
262 378 398 418 Ἐλθὼν
426 378 461 416 δὲ
481 382 498 416 ὁ
523 382 668 432 ταῦρος,
696 380 742 422 ὥς
768 380 915 432 ἀληθινῇ
939 376 1187 432 βοισυνῆλθεν.

163 438 192 464 3
196 440 228 477 H
247 437 283 476 δὲ
300 436 471 489 Ἀστέριον
496 435 659 487 ἐγέννησε
680 436 739 475 τὸν
757 436 930 485 κληθέντα
947 439 1187 493 Μινώταυρον.

163 492 274 540 Οὗτος
304 500 377 548 εἶχε
402 494 530 548 ταύρου
556 494 765 549 πρόσωπον,
795 495 840 535 τὰ
856 496 893 535 δὲ
921 497 1028 536 λοιπὰ
1054 497 1187 552 ἀνδρός·

162 556 283 598 Μίνως
303 554 338 592 δὲ
356 556 390 591 ἐν
417 570 468 607 τῳ
487 553 686 608 λαὸυρίνθῳ
701 555 794 594 κατά
811 572 907 599 τινας
928 556 1111 611 χρησμους
1126 572 1190 595 κα-

161 614 344 656 τακλείσας
366 612 469 651 αὐτὸν
495 612 698 666 ἐφύλαττεν·
716 615 733 639 4
741 607 812 652 Ἢν
837 614 906 653 δὲε
893 632 911 653 ο
926 615 1129 669 λαὸύρινθος
1151 615 1188 654 ὃν

161 672 333 714 Δαίδαλος
350 670 621 720 κατεσκεύασεν,
636 671 769 723 οἴκημα
785 678 944 724 καμπαῖς
956 672 1190 718 πολυπλόκοις

161 733 303 770 πλανῶν
319 729 383 777 τὴν
414 730 540 775 ἔξοδον.
559 730 645 770 5Τὰ
673 730 736 782 μὲν
762 735 821 770 οὖν
855 732 933 786 περι
957 731 1189 786 Μινωταύρου

161 790 220 842 καὶ
239 788 427 843 Ἀνδρόγεω
443 789 502 828 καὶ
521 790 682 843 Φαίδρας
700 789 760 828 καὶ
777 790 958 844 Ἀριάδνης
973 792 1008 829 ἐν
1022 796 1092 835 τοῖς
1109 791 1188 845 περὶ

161 848 311 898 Θησέως
333 848 475 903 ὕστερον
497 851 655 903 ἐροῦμεν.

517 965 766 998 ΚΕΦΑΔΑΙΟΝ
787 966 834 998 B'.

215 1020 269 1074 (1)
289 1019 457 1076 Κατρέως
474 1020 509 1061 δὲ
530 1025 591 1062 τοῦ
609 1022 749 1068 Μίνωος
769 1021 915 1078 Ἀερόπη
941 1023 1000 1062 καὶ
1019 1023 1188 1075 Κλυμένη

160 1081 219 1120 καὶ
255 1081 483 1133 Ἀπημοσύνη
497 1113 507 1131 ,
552 1081 612 1121 καὶ
641 1081 856 1134 Ἀλθημένης
889 1082 959 1127 ὓιὸς
974 1114 984 1131 ,
1021 1082 1187 1134 γίνονται.

160 1139 369 1195 2Χρωμένῳ
391 1140 428 1180 δὲ
449 1144 582 1194 Κατρεῖ
606 1141 686 1194 περὶ
708 1145 950 1195 καταστροφῆς
973 1146 1032 1179 τοῦ
1057 1141 1189 1193 βίου,ὃ

92 1213 101 1218 ’
160 1199 271 1244 θεὸς”
252 1216 331 1261 εφη,
350 1199 418 1239 ὑπὸ
433 1200 507 1244 ἑνὸς
520 1203 590 1239 τῶν
608 1201 742 1239 παίδων
758 1200 992 1247 τεθνήξεσθαι.
1007 1198 1190 1253 3Κατρευς

161 1257 224 1310 μὲν
250 1262 309 1297 οὖν
336 1258 552 1313 ἀπεκρύὸετο
580 1259 662 1303 τους
685 1259 888 1312 χρησμούς,
914 1257 1127 1309 Ἀλθημένης
1152 1258 1188 1296 δὲ

159 1316 332 1367 ἀκούσας,
358 1318 417 1357 καὶ
437 1318 552 1361 δείσας
579 1317 627 1368 μὴ
650 1318 769 1372 φονευς
786 1317 930 1368 γένηται
956 1333 1017 1355 του
1044 1317 1187 1371 πατρὸς,

160 1375 246 1430 ἄρας
280 1379 320 1415 ἐκ
353 1377 496 1431 Κρήτης
531 1376 620 1428 μετὰ
650 1379 712 1423 τῆς
745 1378 895 1430 ἀδελφῆς
931 1375 1187 1427 Ἀπημοσύνης,

158 1434 345 1488 προσίσχει
362 1434 430 1473 τινὶ
446 1433 542 1488 τόπῳ
559 1438 621 1481 τῆς
638 1434 763 1474 Ῥόδου
776 1466 785 1482 ,
810 1435 869 1472 καὶ
887 1433 1076 1486 κατασχὼν
1093 1436 1190 1487 Κρη-

725 1493 910 1508 22222

158 1551 327 1604 λούμενον
348 1552 443 1606 ὅρος,
473 1551 642 1591 ἐθεάσατο
659 1551 721 1596 τὰς
739 1551 839 1606 πέριξ
864 1551 999 1598 νήσους.
1022 1550 1187 1590 Κατιδὼν

159 1610 196 1650 δὲ
216 1611 275 1649 καὶ
295 1611 440 1665 Κρήτην
452 1642 461 1659 ,
485 1610 545 1649 καὶ
560 1614 630 1649 τῶν
647 1609 820 1665 πατρῴων
840 1610 1073 1662 ὑπομνησθεὶς
1089 1612 1187 1658 θεῶν,

158 1669 294 1724 ἱδρύετο
313 1670 431 1722 βωμὸν
446 1669 648 1724 Ἀταὸυρίου
669 1669 761 1714 Διός.
783 1670 888 1708 5Μετ’
905 1672 942 1707 οὐ
963 1668 1052 1707 πολὺ
1070 1669 1106 1707 δὲ
1128 1672 1190 1715 τῆς

160 1730 311 1783 ἀδελφῆς
325 1728 488 1783 αὐτόχειρ
503 1728 804 1782 ἐγένετο.»Ἱ<]ρμῆς
817 1728 883 1782 γὰρ
898 1729 1005 1774 αὐτῆς
1020 1727 1187 1782 ἐρασθεὶς,

159 1790 204 1831 ὡς
223 1787 417 1842 φεύγουσαν
442 1786 550 1835 αὐτὴν
568 1787 782 1826 καταλαὸεῖν
801 1789 864 1825 οὐκ
885 1786 1036 1833 ἠδύνατο
1052 1789 1187 1840 (περιῆν

159 1845 226 1900 γὰρ
243 1848 347 1885 αὐτοῦ
363 1850 413 1900 τῷ
429 1846 531 1898 τάχει
541 1849 610 1885 τῶν
630 1846 763 1897 ποδῶν)
781 1846 873 1884 κατὰ
889 1848 951 1892 τῆς
967 1846 1046 1883 ὁδοῦ
1062 1844 1190 1898 βύρσας

160 1905 364 1959 ὑπέστρωσε
381 1906 579 1959 νεοδάρτας·
604 1905 656 1958 ἐφ’
675 1904 714 1948 ἃς
730 1904 966 1952 ὀλισθήσασα,
986 1903 1106 1954 [ἡνίκα
1120 1903 1189 1942 ἀπὸ

158 1967 222 2011 τῆς
255 1964 396 2017 Κρήτης
423 1963 566 2016 ἐπανῄει
582 1966 614 2014 ,]
645 1963 845 2017 φθείρεται,
877 1962 937 2001 καὶ
967 1965 1017 2016 τῷ
1050 1963 1189 2016 ἀδελφῷ

161 2020 286 2074 μηνύει
307 2022 348 2060 τὸ
366 2021 517 2073 γεγονός.
542 2021 587 2061 ‘O
608 2021 667 2070 δὲ,
692 2023 820 2075 σκῆψιν
847 2021 991 2071 νομίσας
1016 2014 1105 2058 εἶναι
1130 2020 1188 2059 τὸν

160 2081 235 2120 θεὸν
251 2112 261 2130 ,
293 2080 356 2126 λὰξ
381 2080 529 2135 ἐνθορὼν
557 2079 772 2126 ἀπέκτεινεν.
801 2081 856 2132 (2)
879 2079 1044 2133 Ἀερόπην
1072 2077 1107 2117 δὲ
1130 2079 1189 2118 καὶ

162 2139 350 2191 Κλυμένην
377 2139 534 2193 Κατρεὺς
557 2139 730 2192 Ναυπλίῳ
755 2139 893 2182 δίδωσιν
921 2140 967 2181 εἷς
990 2137 1190 2182 ἀλλοδαπὰς

160 2199 323 2252 ἠπείρους
350 2201 614 2250 ἀπεμπολῆσαι.
633 2197 795 2238 ”-’Τούτων
811 2196 977 2251 Ἀερόπην
999 2195 1061 2247 μὲν
1080 2196 1190 2250 ἔγημε

162 2257 395 2306 Πλεισθένης,
419 2260 478 2296 καὶ
497 2258 622 2300 παῖδας
647 2255 891 2308 Ἀγαμέμνονα
919 2255 978 2294 καὶ
1009 2254 1188 2294 Μενέλαον

161 2315 268 2355 ἔτεκε.
289 2315 477 2368 Κλυμένην
499 2315 535 2354 δὲ
550 2321 657 2367 γαμεῖ
675 2315 856 2358 Ναύπλιος
868 2346 878 2363 ,
894 2314 953 2352 καὶ
970 2313 1100 2353 τέκνων
1116 2330 1189 2352 πα-

161 2375 228 2430 τὴρ
244 2375 377 2428 γίνεται
392 2375 524 2418 Οἴακος
543 2375 602 2413 καὶ
618 2374 868 2425 Παλαμήδους.

215 2434 395 2488 3Κατρεὺς
415 2434 450 2472 δὲ
469 2434 610 2488 ὕστερον
627 2433 719 2486 γήρᾳ
735 2431 985 2485 κατεχόμενος,
997 2430 1112 2472 ἐπόθει
1125 2431 1188 2478 τὴν

164 2493 344 2546 βασιλείαν
365 2492 569 2544 Ἀλθημένει
591 2495 642 2530 τῶ
669 2492 769 2530 παιδὶ
792 2492 1027 2565 παραδοῦναι,
1054 2490 1114 2528 καὶ
1132 2489 1189 2528 διὰ

160 2569 263 2597 τουτο
279 2547 383 2601 ηλθεν
403 2554 450 2596 εἷς
467 2550 601 2591 Ῥόδον.
619 2533 635 2576 4
647 2551 796 2594 Ἀποὸὰς
813 2550 849 2588 δὲ
862 2554 923 2597 τῆς
938 2549 1022 2593 νεὼς
1041 2549 1102 2587 συν
1119 2556 1189 2593 τοῖς

161 2612 274 2667 ἥρωσι
291 2611 383 2651 κατά
398 2627 476 2649 τινα
494 2613 556 2658 τῆς
581 2609 688 2657 νήσου
713 2609 820 2653 τόπον
841 2608 993 2661 ἔρημον,
1019 2606 1189 2654 ἠλαύνετο

162 2672 229 2711 ὑπὸ
248 2674 317 2710 τῶν
338 2669 537 2723 βουκόλων,
559 2668 691 2722 λῃστὰς
710 2667 966 2720 ἐμὸεὸληκέναι
983 2666 1187 2708 δοκούντων.

165 2731 258 2770 5Και
278 2731 326 2781 μὴ
345 2728 579 2781 δυναμένων’
561 2743 708 2766 ακουσαι
721 2727 759 2765 λέ
746 2742 878 2778 εγοντος
898 2728 1002 2764 αὐτου
1022 2724 1085 2772 τὴν
1105 2724 1190 2772 ἀλή-

161 2794 254 2830 θειαν
276 2791 333 2830 διὰ
350 2790 413 2839 τὴν
434 2788 589 2845 κραυγὴν
613 2791 681 2827 τῶν
710 2790 844 2836 κυνῶν,
873 2785 963 2830 ἀλλὰ
991 2784 1188 2838 βαλλόντων

162 2855 330 2899 κάκεῖνον,
350 2851 630 2906 παραγενόμενος
650 2848 878 2901 Ἀλθημένης,
901 2847 1083 2892 ἀκοντίσας
1101 2846 1189 2884 ἀπέ-

163 2927 292 2950 κτεινεν
316 2913 450 2962 ἀγνοῶν
471 2908 625 2963 Κατρέα.
651 2908 783 2949 Μαθὼν
805 2907 841 2946 δὲ
861 2906 1001 2959 ὕστερον
1021 2906 1060 2944 τὸ
1083 2920 1185 2956 γεγο-

163 2971 230 3020 νὸς,
249 2969 452 3021 εὐξάμενος,
472 2968 539 3007 ὑπὸ
558 2968 742 3021 χάσματος
761 2966 904 3021 ἐκρύὸη.

634 3043 724 3051 —-

515 3076 764 3110 ΚΕΦΑΛΑΙΟΝ,
788 3073 828 3106 Γ.

219 3134 272 3185 (1)
290 3134 504 3177 Δευκαλίωνι
521 3133 557 3172 δὲ
568 3133 725 3185 ἐγένοντο
736 3130 927 3183 Ἰδομενεύς
937 3146 975 3169 τε
993 3130 1051 3169 καὶ
1065 3129 1188 3183 Κρήτη

167 3191 224 3229 καὶ
245 3191 340 3235 νόθος
359 3192 418 3230 καὶ
440 3192 569 3236 Μόλος.

220 3250 396 3293 2Γλαῦκος
407 3250 456 3298 δὲ,
467 3250 516 3288 ἔτι
532 3250 652 3297 νήπιος
671 3249 854 3302 ὑπάρχων,
871 3255 974 3299 μυῖαν
992 3247 1127 3286 διώκων
1145 3249 1191 3291 εἰς

167 3307 306 3358 μέλιτος
324 3307 421 3345 πίθον
442 3308 557 3346 πεσὼν
577 3307 758 3346 ἀπέθανεν.
779 3309 945 3362 Ἀφανοῦς
962 3306 996 3344 δὲ
1015 3307 1111 3349 ὄντος
1130 3307 1191 3344 αὐ-

166 3370 247 3416 τοῦ,
275 3365 393 3410 Μίνως
422 3366 554 3413 πολλὴν
576 3366 718 3414 ζήτησιν
742 3366 1001 3417 ποιησάμενος,
1028 3366 1106 3419 περὶ
1128 3368 1188 3412 τῆς

696 177 1083 228 [ΑΠΟΛΛΟΔΩΡΟΥ
1110 180 1459 222 ΒΙΒΛΙΟΘΗΚΗΣ
1487 183 1530 232 Γ,
1557 181 1603 234 β’,
1627 179 1676 233 γ’,
1697 181 1739 221 δ’.

1247 275 1341 309 bovis
1375 278 1455 319 pelle
1489 288 1599 312 recens
1614 280 1784 312 excoriatae
1805 280 2052 321 circumsutam,
2084 281 2271 317 intromissa

1248 329 1416 370 Pasiphae,
1433 330 1467 362 in
1484 334 1589 373 prato,
1606 332 1661 363 ubi
1676 333 1790 364 taurus
1805 332 1977 373 depascere
1992 337 2214 376 consueverat,
2228 335 2271 369 lo-

1248 381 1341 414 cavit.
1358 381 1407 414 Ad
1420 391 1515 423 quam
1530 385 1642 416 taurus
1655 393 1837 426 accurrens,
1847 385 1938 418 velut
1952 386 2129 418 naturalem
2139 395 2271 421 vaccam

1248 433 1351 465 inivit.
1366 439 1380 457 ²
1397 436 1444 466 Ac
1457 435 1616 476 Pasiphae
1635 437 1796 468 Asterium
1823 437 1945 478 peperit
1983 441 2197 479 cognomento
2209 441 2271 474 Mi-

1248 486 1432 524 notaurum,
1448 485 1505 526 qui
1522 487 1649 518 vultum
1666 487 1803 520 habebat
1819 488 1992 528 taurinum,
2008 491 2112 522 cetera
2127 491 2272 524 membra

1248 536 1392 577 corporis
1407 537 1553 569 humani.
1568 541 1662 570 Hunc
1681 540 1786 572 Minos
1802 540 1939 573 oraculis
1954 541 2150 581 quibusdam
2168 544 2272 576 moni-

1247 589 1302 620 tus
1317 588 1350 620 in
1361 589 1562 630 Labyrintho
1577 591 1766 622 conclusum
1788 592 1886 632 jussit
1929 593 2100 626 custodiri.
2140 598 2155 618 ⁴
2170 595 2272 637 Laby-

1248 639 1374 672 rinthus
1387 649 1465 673 vero
1481 650 1499 673 a
1515 642 1646 674 Daedalo
1660 644 1860 674 exstructum
1877 643 2074 676 domicilium
2091 649 2171 686 erat,
2185 646 2274 687 quod

1248 691 1291 723 ob
1305 692 1497 734 multiplices
1510 694 1637 726 viarum
1650 694 1798 735 ambages
1811 695 1935 726 exitum
1946 696 2108 728 difficilem
2121 697 2275 730 reddebat

1247 745 1281 776 et
1293 744 1460 777 incertum.
1481 746 1557 778 ³Sed
1578 755 1650 787 quae
1671 746 1711 778 de
1725 746 1909 778 Minotauro
1927 750 1960 779 et
1975 747 2154 789 Androgeo,
2170 749 2274 790 deque

1248 796 1383 829 leedra
1401 799 1433 829 et
1453 798 1591 830 Ariadna
1604 800 1788 838 narrantur,
1802 801 1924 840 postea,
1945 799 2000 832 ubi
2015 800 2056 833 de
2069 801 2192 834 Theseo
2207 809 2275 843 age-

1248 850 1314 890 tur,
1333 849 1578 890 explicabimus.

1660 978 1798 1015 CAPUT
1819 979 1861 1011 IL

1289 1040 1332 1079 (1)
1348 1040 1463 1072 Gatreo
1479 1039 1597 1073 Minois
1613 1040 1677 1073 filio
1686 1044 1770 1074 natae
1785 1045 1860 1074 sunt
1874 1042 1948 1074 tiliae
1963 1044 2099 1084 Aerope,
2107 1040 2273 1084 Clymene,

1247 1102 1462 1142 Apemosyne,
1470 1101 1555 1134 filius
1565 1102 1778 1136 Althemenes.
1787 1104 1985 1137 2sciscitanti
1992 1104 2032 1137 de
2038 1104 2115 1137 vitae
2123 1104 2213 1137 exitu
2219 1105 2278 1138 Ga-

1248 1166 1316 1197 treo
1330 1165 1409 1197 deus
1421 1166 1588 1207 respondit
1606 1167 1646 1199 ab
1662 1177 1727 1200 uno
1739 1168 1880 1200 tiliorum
1896 1168 1958 1201 sibi
1973 1169 2176 1202 moriendum
2190 1177 2274 1201 esse.

1248 1232 1262 1251 ⁵
1279 1230 1415 1261 Catreus
1431 1230 1530 1271 igitur
1547 1231 1714 1263 oraculum
1722 1231 1856 1272 celabat;
1868 1232 1994 1264 audivit
2000 1235 2106 1265 tamen
2117 1233 2275 1266 Altheme-

1248 1301 1316 1329 nes,
1330 1294 1385 1334 qui
1394 1296 1517 1327 veritus
1524 1305 1564 1327 ne
1574 1296 1655 1328 foret
1660 1297 1761 1337 patris
1770 1297 1968 1337 interfector,
1981 1297 2088 1329 relicta
2098 1300 2194 1330 Creta
2200 1306 2276 1330 cum

1248 1361 1451 1399 Apemosyne
1465 1368 1575 1392 sorore
1588 1361 1621 1391 in
1635 1361 1741 1393 Rhodi
1751 1361 1868 1393 insulae
1883 1361 1990 1393 locum
2002 1360 2163 1402 quendam
2177 1370 2276 1403 appu·
2315 1402 2318 1403 ⁷

1248 1422 1297 1463 lit,
1313 1431 1450 1463 eumque
1465 1426 1660 1465 occupatum
1679 1425 1860 1457 nominavit
1873 1425 2087 1458 Creteniam.⁴
2098 1426 2159 1458 Hic
2173 1435 2276 1467 quum

1248 1488 1288 1519 ab
1301 1488 1455 1529 Atabyrio
1470 1492 1580 1521 monte
1593 1490 1856 1531 circumjacentes
1868 1489 1992 1522 insulas
2008 1492 2178 1532 spectaret,
2194 1490 2277 1523 inter

1248 1563 1366 1594 easque
1379 1556 1507 1586 Cretam
1521 1563 1649 1595 quoque
1663 1555 1874 1596 conspiceret,
1887 1555 2065 1596 patriorum
2077 1555 2213 1587 deorum
2230 1563 2277 1587 re-

1247 1619 1399 1651 cordatus
1415 1628 1503 1651 aram
1511 1621 1672 1652 exstruxit
1684 1620 1758 1652 Jovi
1769 1620 1932 1662 Atabyrio.
1946 1622 2087 1652 ¹⁵Verum
2100 1628 2165 1651 non
2174 1620 2278 1653 multo

1249 1685 1322 1724 post
1343 1693 1436 1715 suam
1458 1684 1526 1725 ipse
1542 1693 1686 1716 sororem
1711 1684 1883 1716 interemit.
1902 1686 1983 1716 Nam
2003 1685 2183 1717 Mercurius
2206 1684 2276 1725 ejus

1248 1758 1357 1780 amore
1380 1751 1556 1790 correptus,
1578 1749 1665 1789 quod
1691 1749 1864 1790 fugientem
1893 1749 2022 1790 assequi
2053 1758 2118 1781 non
2148 1751 2274 1790 poterat

1250 1812 1391 1852 (quippe
1405 1820 1479 1852 quae
1492 1812 1584 1843 illum
1597 1811 1716 1852 pedum
1729 1810 1917 1852 pernicitate
1929 1812 2129 1852 superaret),
2148 1812 2278 1844 recenti-

1248 1877 1309 1908 bus
1325 1877 1506 1917 tergoribus
1519 1877 1606 1908 viam
1626 1876 1815 1916 substravit,
1830 1876 1863 1907 in
1878 1876 1998 1917 quibus
2015 1875 2146 1917 delapsa
2163 1875 2278 1917 [quum
2315 1873 2320 1898 ἶ

1248 1950 1266 1972 e
1282 1943 1378 1982 Creta
1396 1940 1547 1982 redibat‚]
1566 1940 1679 1972 vitiata
1697 1943 1758 1972 est.
1782 1942 1861 1972 Rem
1882 1940 2005 1972 indicat
2022 1940 2126 1972 fratri.
2147 1941 2179 1971 ls
2195 1948 2274 1971 vero
2315 1947 2320 1955 ⁸

1249 2004 1299 2036 dei
1316 2013 1433 2036 nomen
1447 2004 1549 2045 culpae
1556 2006 1749 2044 praetextum
1764 2012 1835 2035 esse
1844 2003 2020 2035 arbitratus
2030 2002 2172 2034 calcibus
2179 2002 2278 2043 impe-
2313 1995 2320 2034 ‚³

1249 2069 1340 2101 titan]
1349 2069 1525 2109 occidit.(2)
1537 2072 1682 2110 Aer-open
1688 2069 1720 2100 et
1730 2068 1904 2108 Clymenen
1910 2070 2047 2100 Catreus
2057 2067 2189 2100 tradidit
2197 2069 2278 2099 Nau·
2314 2066 2320 2109 ’ζ

1248 2135 1312 2176 plio
1327 2135 1382 2175 qui
1402 2134 1434 2166 in
1447 2134 1637 2175 longinquas
1654 2136 1754 2165 terras
1770 2133 1926 2165 abductas
1944 2132 2108 2165 venderet.
2128 2138 2142 2156 ²
2156 2134 2280 2165 Harum
2307 2141 2320 2145 ’-

1249 2202 1393 2240 Aeropen
1404 2208 1537 2231 uxorem
1547 2199 1642 2231 duxit
1648 2199 1839 2238 PlistheneS,
1854 2207 1892 2230 ex
1900 2206 2000 2238 eaque
2007 2200 2278 2238 Agamemnonem
2315 2195 2320 2220 ;

1248 2267 1280 2297 et
1292 2264 1471 2296 Menelaum
1486 2263 1678 2305 procreavit.
1693 2263 1870 2304 Clymenen
1884 2263 1919 2294 in
1935 2262 2178 2294 matrimonium
2195 2269 2279 2294 sum·
2315 2275 2318 2295 ¹:

1249 2330 1292 2362 sit
1306 2329 1475 2370 Nauplius,
1494 2328 1548 2360 cui
1563 2328 1621 2359 filii
1636 2327 1705 2360 nati
1720 2329 1796 2360 sunt
1809 2327 1891 2360 Oiax
1906 2329 1939 2359 et
1953 2326 2150 2359 Palamedes.
2315 2311 2317 2313 Ι

1294 2436 1426 2466 ⁵Postea
1441 2435 1576 2466 Catreus
1590 2433 1680 2465 senio
1693 2432 1859 2464 confectus
1874 2430 2129 2464 Althemenifilio
2146 2438 2278 2471 regnum
2310 2416 2320 2467 ζ

1248 2493 1373 2527 tradere
1379 2492 1539 2534 cupiebat,
1546 2493 1578 2523 et
1585 2493 1750 2532 propterea
1758 2491 1921 2531 profectus
1928 2490 2015 2522 estin
2023 2489 2182 2521 Rhodum.
2189 2490 2278 2520 ⁴Jam
2303 2483 2320 2522 k

1248 2558 1325 2581 vero
1343 2549 1397 2581 ubi
1413 2558 1430 2581 e
1446 2557 1528 2580 nave
1545 2556 1620 2579 cum
1637 2547 1790 2579 heroibus
1812 2547 1846 2578 in
1869 2546 2032 2578 desertum
2052 2545 2215 2586 quendam
2229 2546 2276 2577 in·

1249 2608 1329 2640 sulae
1346 2608 1451 2639 locum
1466 2606 1695 2645 descenderat,
1723 2615 1741 2637 a
1760 2605 1927 2644 bubulcis,
1958 2604 2097 2636 latrones
2111 2604 2274 2644 ingruisse
2301 2602 2320 2633 ΞΣ·

1248 2668 1338 2707 ratis‚
1354 2666 1531 2698 arcebatur.
1545 2668 1606 2697 ⁵Et
1622 2674 1723 2706 quum
1739 2673 1812 2705 quae
1826 2673 1876 2695 res
1885 2663 2136 2696 essetdicentem
2147 2663 2278 2703 propter
2304 2654 2316 2702 ξ,

1249 2735 1365 2758 canum
1385 2726 1536 2757 latratum
1565 2734 1628 2755 uon
1645 2726 1778 2765 possent
1792 2723 1923 2762 audire,
1940 2722 1995 2754 sed
2009 2721 2104 2763 jactis
2116 2720 2320 2762 lapidibus

1249 2794 1322 2818 eum
1341 2784 1632 2826 persequerentur,
1656 2782 1862 2814 Althemenes
1882 2780 2112 2821 superveniens
2129 2780 2279 2811 contorto
2296 2790 2320 2840 3

1248 2845 1597 2885 te101gnarusp1trem
1626 2842 1796 2874 interfecit.
1815 2841 1878 2879 Qui
1900 2840 1956 2872 ubi
1982 2840 2087 2872 scelus
2113 2840 2276 2881 patratum
2298 2849 2320 2884 3

1250 2904 1411 2945 cognovit,
1429 2903 1506 2934 deos
1523 2903 1682 2942 precatus,
1698 2902 1793 2932 terrae
1809 2900 1899 2932 hiatu
1911 2899 2120 2931 absconditus
2132 2899 2191 2930 est.

1717 3040 1806 3048 -——·.

1655 3073 1790 3104 CAPUT
1812 3073 1868 3102 111.

1292 3139 1338 3179 (l)
1362 3137 1567 3170 Deucalionis
1589 3136 1682 3167 liberi
1696 3137 1788 3167 eraut
1800 3135 1993 3167 Idomeneus
2014 3135 2047 3165 et
2064 3133 2158 3165 Crete
2171 3133 2204 3164 et
2219 3139 2273 3162 no·
2295 3142 2302 3183 ·’

1250 3197 1326 3230 thus
1341 3196 1483 3237 (AEtlwn
1495 3197 1525 3237 Ρ)
1542 3197 1575 3227 et
1587 3194 1704 3226 Molus.
2247 3181 2251 3183 ’
2271 3192 2320 3202 ‘

1290 3261 1305 3279 ²
1332 3255 1497 3294 Glaucus,
1534 3254 1639 3285 infans
1676 3252 1806 3290 adbuc,
1837 3259 1981 3282 muscam
2026 3250 2205 3290 insequens
2239 3247 2272 3279 in
2297 3275 2299 3280 .

1250 3314 1373 3347 dolium
1418 3311 1512 3343 melle
1547 3310 1676 3351 plenum
1716 3308 1864 3349 delapsus
1911 3307 2016 3348 periit.
2055 3308 2127 3343 Quo
2156 3313 2175 3337 e
2200 3312 2272 3335 con·

1250 3374 1361 3414 spectu
1392 3370 1518 3403 sublato
1530 3393 1538 3409 ,
1566 3369 1670 3401 Minos
1688 3368 1858 3409 postquam
1874 3365 2011 3398 multum
2028 3373 2102 3397 eum
2118 3361 2271 3404 quaesive-
