2320 3684
761 117 1063 159 PHYLARCHI
1089 116 1425 160 FRAGMENTA.

43 211 261 255 Emendatt.
274 225 314 260 v,
335 210 373 259 8,
396 207 598 261 legendum
618 214 757 259 putant
772 204 909 249 Θιὸιεῖς
925 206 984 244 vel
1001 205 1075 245 Θί-

43 272 124 312 6ιοι.
157 270 416 311 Posteriorem
451 267 702 319 scripturam,
740 277 857 317 quam
881 273 921 302 et
943 264 1076 303 Luch—

46 332 121 370 tius
154 329 328 383 praefert,
362 325 608 380 probabilem
637 323 808 363 reddunt
830 323 978 361 Plinius
1001 323 1026 361 l.
1049 323 1075 360 l.

44 398 84 429 et
96 389 316 441 Stephanus
333 400 364 425 s,
381 400 420 426 v.
440 383 564 432 Θίὸιςς
579 383 647 422 ubi
664 383 759 421 dicit
776 397 785 420 z
800 381 905 426 Θίὸις
908 410 972 420 .....
987 383 1006 420 ὁ
1021 397 1077 421 το-

44 448 149 495 πίτης
167 446 306 495 Θίὸιος,
317 454 391 484 etc.
402 442 617 494 Hesychius
636 441 754 480 habet
770 455 779 478 ε
800 439 936 489 Θιὸεἶς,
954 438 1077 492 γόητές

45 521 145 550 τινες.
218 502 379 556 Μιγάδας
410 510 469 541 est
495 501 639 541 Valesii
668 499 894 551 conjectura
920 511 994 551 pro
1014 513 1080 549 μι-

51 565 160 618 γάδες.

527 612 594 653 69.

100 669 295 710 Zenobius
319 666 507 708 Proverb.
534 668 641 705 Cent.
666 669 744 715 VI,
772 666 817 704 13
834 679 843 702 ε
861 664 938 709 Τὰς
968 665 1004 703 ἐν
1035 665 1080 716 τῇ

48 729 206 785 φαρέτρα
230 727 394 782 ψηφίδας.
419 723 613 780 Φύλαρχός
638 740 725 779 φησι
747 723 825 768 τοὺς
845 722 984 768 Σκύθας
999 722 1083 775 μέλ-

49 792 175 833 λοντας
193 786 372 826 καθεύδειν
389 784 485 837 ἄγειν
501 784 565 832 τὴν
583 784 773 839 φαρέτραν,
793 782 854 822 καὶ
870 784 900 822 εἷ
918 781 981 835 μὲν
999 781 1085 821 ἀλύ-

50 865 124 894 πως
149 846 289 901 τύχοιεν
307 845 372 894 τὴν
389 843 525 899 ἡμέραν
555 843 691 892 ἐκείνην
716 844 906 895 διάγοντες,
926 841 1084 881 καθιέναι

50 910 98 953 εἷς
114 906 178 955 τὴν
199 905 374 961 φαρέτραν
392 903 528 959 ψηφίδα
547 902 689 952 λευκὴν,
708 904 738 941 εἷ
764 901 801 941 δὲ
817 903 992 956 ὀχληρῶς,
1017 900 1085 953 με’-

49 969 187 1007 λαιναν.
207 964 294 1005 Ἐπὶ
312 964 427 1004 τοίνυν
447 965 516 1002 τῶν
535 960 828 1010 ἀποθνησκόντων
847 959 1005 1014 ἐκφέρειν
1022 958 1086 1005 τὰς

51 1026 225 1080 φαρέτρας
241 1024 301 1063 καὶ
322 1025 481 1078 ἀριθμεῖν
498 1021 562 1067 τὰς
583 1021 733 1076 ψήφους,
759 1019 820 1060 καὶ
845 1021 875 1059 εἰ
903 1019 1087 1074 εὖρηθείη-

52 1100 116 1124 σαν
136 1084 277 1128 πλείους
297 1085 334 1122 αἱ
348 1081 492 1130 λευκαὶ,
511 1080 762 1133 εὐδαιμονίζειν
787 1079 846 1119 τὸν
863 1078 1086 1131 ἀπογενόμε-

51 1159 129 1183 νον·
155 1142 231 1182 ὅθεν
258 1142 560 1197 παροιμιασθῆναι
578 1139 643 1187 τὴν
672 1137 806 1192 ἀγαθὴν
825 1141 928 1191 ἡμῶν
950 1137 1087 1193 ἡμέραν

53 1201 224 1254 λεγόντων
249 1203 290 1241 ἐκ
305 1203 369 1248 τῆς
397 1192 693 1254 φαρέτραςεῖναι.
716 1198 790 1240 Καὶ
818 1198 1022 1252 Μένανδρος
1050 1197 1089 1236 δέ

54 1276 158 1314 φησιν
188 1262 223 1300 ἐν
250 1259 452 1313 Λευκαδίᾳ,
471 1257 536 1306 τὴν
556 1256 692 1312 ἀγαθὴν
711 1256 850 1311 ἡμέραν
868 1255 998 1305 λευκὴν
1017 1272 1085 1296 κα-

54 1322 202 1360 λεῖσθαι.

107 1379 254 1418 Eadem
270 1378 350 1417 fere
365 1377 470 1429 apud
487 1377 645 1416 Suidam
665 1390 695 1415 s.
717 1389 754 1415 v.
774 1374 892 1423 Λευκὴ
917 1372 1035 1429 ἡμέρα
1053 1383 1091 1414 et

55 1439 139 1479 Τῶν
156 1439 204 1482 εἷς
221 1436 397 1492 φαρέτραν
411 1443 576 1475 exstant.

108 1555 420 1607 Etymologicum
445 1557 502 1593 M.
529 1568 559 1593 s.
583 1568 623 1593 v.
653 1551 862 1607 Βόσποροςε
888 1552 1090 1607 Βόσπορος,

57 1614 160 1655 οἱονεὶ
179 1614 257 1667 βοὸς
272 1613 398 1667 πόρος·
414 1611 621 1664 ὠνόμασται
646 1612 714 1664 γὰρ
732 1611 803 1651 ἀπὸ
832 1614 894 1659 τῆς
923 1612 1012 1656 Ἰοῦς
1028 1615 1092 1660 τῆς

58 1673 226 1728 θυγατρὸς
259 1671 424 1724 Κάδμου·
453 1671 565 1725 ταύτῃ
597 1670 665 1725 γὰρ
684 1674 707 1719 ἡ
736 1670 836 1725 Ἥρα
864 1670 957 1710 κατὰ
986 1673 1090 1718 ζῆλον

58 1726 195 1787 οἶστρον
211 1731 366 1785 ἔπεμψεν
378 1747 387 1756 ·
409 1729 485 1778 ἥτις
501 1729 718 1783 ἐλαυνομένη
737 1729 857 1785 ὥσπερ
869 1730 992 1785 πόρτις
1005 1735 1090 1771 τοῦ-

58 1808 117 1832 τον
144 1792 304 1845 παρῆλθε
330 1789 389 1829 τὸν
420 1789 541 1839 τόπον,
571 1789 618 1836 ὥς
644 1805 731 1845 φησι
758 1789 957 1835 Διονύσιος·
975 1793 1039 1844 Τῷ
1059 1790 1091 1830 δ’

60 1851 118 1891 ἐπὶ
141 1849 316 1904 Θρηϊκίου
335 1848 450 1902 στόμα
478 1849 679 1904 Βοσπόρου,
700 1848 737 1888 ὃν
765 1848 876 1904 πάρος
894 1849 955 1888 Ἰὼ
973 1848 1091 1904 ’Ἤρης

61 1909 250 1962 ἐννεσίῃσιν
269 1908 414 1956 ἐνήξατο
429 1908 551 1963 πόρτις
568 1910 684 1948 ἐοῦσα.
763 1907 956 1963 Φύλαρχος
974 1909 1023 1959 δὲ,
1038 1909 1091 1949 ὅτι

61 1971 92 2008 οἱ
111 1969 206 2013 ἐντὸς
223 1972 284 2008 τοῦ
303 1967 467 2014 Εὗξείνου
486 1967 615 2008 πόντου
631 1962 721 2016 ἦσαν
743 1966 881 2022 ἄπειροι
899 1969 1090 2023 γεωργίας,

61 2030 92 2068 οἳ
122 2027 158 2067 δὲ
183 2028 299 2075 ἐκτὸς,
328 2026 507 2082 ἔμπειροι·
540 2027 593 2066 διὸ
622 2027 683 2066 καὶ
711 2026 893 2081 Βόσπορος
919 2029 1032 2068 ἐκεῖνο
1050 2029 1091 2068 τὸ

63 2087 165 2142 μέρος
179 2087 338 2126 ἐκαλεῖτο
356 2090 418 2125 τοῦ
436 2086 622 2138 πελάγους,
641 2085 694 2125 ὅτι
710 2086 900 2140 ἐσπείρετο.
918 2086 1021 2132 Τινὲς
1035 2087 1091 2138 δὲ,

61 2145 140 2192 τοὺς
167 2144 306 2190 στενοὺς
325 2144 503 2199 πορθμοὺς
522 2145 724 2200 Βοσπόρους
743 2147 920 2200 εἷρῆσθαι·
940 2145 962 2194 ἢ
983 2146 1092 2186 ὅτιτὸ

62 2204 226 2253 παλαιὸν,
247 2203 379 2244 εἴποτέ
397 2220 487 2250 τινες
506 2204 630 2252 ἤθελον
645 2207 692 2249 εἷς
708 2204 749 2244 τὸ
769 2203 880 2259 πέραν
904 2206 1068 2253 διαὸἧναι
1080 2237 1090 2255 ,

63 2264 203 2317 σχεδίας
219 2263 413 2315 πηγνύντες
429 2263 489 2302 καὶ
508 2267 587 2317 βοῦς
604 2263 851 2310 ὑποζεύξαντες
877 2265 935 2304 ἐπὶ
959 2265 1091 2305 τούτων

62 2323 338 2377 διεπεραιοῦντο·
356 2322 431 2362 ὅθεν
449 2325 472 2370 ἡ
490 2323 687 2375 ἐπωνυμία.

546 2438 609 2471 69.

105 2490 256 2524 calculos
277 2490 311 2522 in
335 2489 510 2532 pharetra]
525 2492 647 2523 Auctor
667 2491 718 2523 est
737 2490 940 2532 Phylarchus
959 2491 1096 2532 Scythas

66 2537 211 2571 cubitum
227 2537 331 2570 ituros
349 2537 534 2579 pharetram
558 2537 685 2577 afferre,
702 2540 734 2570 et
750 2538 778 2571 si
792 2538 928 2571 feliciter
940 2538 1010 2571 dies
1023 2546 1096 2580 pro·

65 2584 232 2625 cessisset,
250 2584 359 2617 album
373 2584 549 2617 immittere
573 2585 735 2617 calculum
750 2585 887 2626 solitos:
911 2585 963 2618 sin
985 2594 1094 2626 secuS‚

67 2630 270 2674 infaustaque
289 2632 501 2673 accidissent,
515 2632 656 2674 nigrum.
681 2633 746 2666 Ubi
767 2642 847 2666 vero
862 2633 932 2666 vita
955 2633 1030 2675 quis
1045 2633 1097 2666 de-

68 2683 218 2720 cesserat,
253 2680 438 2721 pharetram
472 2680 691 2722 proferebant,
716 2681 922 2723 calculosque
953 2691 1098 2714 numera-

68 2728 155 2759 bant.
173 2729 321 2765 Quorum
337 2727 365 2759 si
390 2727 520 2760 candidi
544 2727 654 2769 plures
676 2730 786 2761 essent
807 2729 948 2770 reperti,
972 2729 1095 2762 felicem

69 2773 289 2815 praedicabant
311 2777 489 2806 mortuum.
517 2775 662 2816 Indeque
684 2778 798 2807 natum
822 2776 1028 2817 proverbium
1058 2777 1098 2809 de

69 2820 153 2854 felici
165 2821 228 2861 die,
238 2831 256 2854 e
262 2822 439 2863 pharetra
453 2825 629 2856 exsistere.
642 2824 817 2856 Menander
829 2825 1000 2865 quoquein
1015 2826 1096 2858 Leu-

70 2868 160 2901 cadia
175 2869 302 2902 felicem
316 2869 402 2902 diem
422 2870 615 2902 candidum
630 2871 835 2903 nominatum
853 2871 909 2903 ait.

111 2974 272 3015 Bosporus
285 2975 377 3016 quasi
392 2975 487 3007 bovis
501 2976 653 3017 trajectus
670 2986 678 3007 ε
692 2976 872 3018 appellatus
891 2979 940 3009 est
955 2976 1042 3008 enim
1056 2975 1098 3008 ab

70 3022 106 3053 10
118 3021 232 3054 cadmi
256 3022 333 3054 filia.
358 3024 447 3055 Juno
462 3022 548 3055 enim
565 3022 723 3064 zelotypia
749 3023 890 3065 impulsa
915 3026 1051 3055 oestrum
1069 3023 1099 3055 ei

70 3066 216 3108 immisit;
223 3069 292 3101 haec
302 3078 378 3101 vero
385 3069 587 3102 instimulata
597 3071 633 3103 ut
642 3070 746 3103 vitula
759 3070 798 3102 ad
809 3069 899 3102 illum
910 3070 1018 3103 locum
1032 3079 1100 3112 per-

69 3114 169 3155 venit,
183 3117 221 3147 ut
232 3116 277 3148 ait
291 3116 466 3158 Dionysius
481 3116 547 3149 :Ad
559 3117 692 3159 Bospori
711 3117 838 3150 Thracii
855 3117 987 3157 ostium,
1001 3126 1099 3159 quem

72 3161 147 3194 olim
160 3164 195 3195 Io
206 3171 247 3195 ex
261 3165 281 3196 J
284 3163 400 3196 unonis
419 3163 555 3197 consilio
565 3164 706 3197 tranavit
723 3166 758 3196 ut
770 3164 883 3197 vitula.
899 3164 1101 3206 Phylarchus

71 3209 178 3240 autem
190 3209 252 3242 ait:
273 3210 360 3248 «Qui
373 3212 463 3243 trans
470 3212 610 3244 Pontum
621 3212 788 3244 Euxinum
797 3211 994 3250 habitabant,
1008 3212 1101 3243 erant

71 3254 274 3295 agriculturae
286 3257 440 3299 impeniti‚
456 3258 512 3299 qui
529 3267 606 3291 vero
618 3259 701 3291 citra
713 3259 908 3299 incolebant,
924 3259 993 3299 ejus
1006 3257 1100 3299 periti

71 3303 178 3341 erant5
194 3311 295 3343 quare
308 3304 378 3336 haec
387 3313 462 3345 pars
475 3305 696 3347 appellabatur
720 3308 894 3347 Bosporus,
909 3305 998 3346 quod
1015 3306 1046 3336 in
1062 3312 1101 3336 ea

0 3398 5 3405 ‚
73 3351 225 3385 sementis
233 3352 338 3385 tiebat.
345 3366 359 3382 υ
368 3354 520 3387 Nonnulli
533 3354 614 3388 freta
627 3357 763 3396 angusta
772 3356 933 3396 Bosporos
945 3353 1097 3395 appellari

2086 125 2161 158 355

1184 206 1331 245 Eadem
1363 204 1574 255 Dionysius
1605 204 1792 256 Perieget.
1821 210 1915 253 140,
1936 203 2004 242 ubi
2023 219 2094 256 pro
2113 207 2164 259 τῷ

1132 263 1163 302 δ”
1179 263 1237 303 ἐπὶ
1255 264 1398 317 legitur
1414 265 1459 316 effi
1478 263 1508 302 δ’
1532 261 1602 302 ἐπί.

1616 321 1680 360 71.

1188 381 1415 420 Plutarchus
1432 384 1491 419 De
1509 380 1621 419 Alex.
1645 383 1697 419 M.
1715 394 1746 419 s.
1763 380 1852 419 virt.
1868 394 1898 419 s.
1920 380 2009 420 fort.
2035 395 2092 420 or.
2113 385 2166 431 II,

1140 453 1182 477 11
1205 453 1213 476 :
1233 438 1302 479 Ἐκ
1316 438 1440 478 τούτου
1466 438 1638 478 διέὸαινεν
1663 440 1698 490 (ὁ
1714 438 1933 494 Ἀλέξανδρος
1958 441 2006 484 εἷς
2023 439 2169 494 Ἀσίαν),

1137 499 1184 541 ὥς
1215 497 1279 549 μὲν
1311 497 1504 552 Φύλαρχός
1535 513 1654 551 φησιν,
1689 501 1832 552 ἡμερῶν
1864 498 2050 553 τριάκοντα
2075 499 2169 553 ἔχων

1136 554 1287 610 ἐφόδιον,
1307 559 1352 601 ὡς
1369 557 1399 595 δ’
1419 557 1704 611 Ἀριστόὸουλος,
1726 557 1970 610 ἑὸδομήκοντα
1998 558 2169 600 τάλαντα.

1192 615 1336 654 Eadem
1372 616 1601 655 Plutarchus
1627 617 1667 655 in
1696 617 1784 656 Vita
1815 618 1926 656 Alex.
1961 621 2012 657 M.
2052 619 2097 657 15
2124 633 2173 657 ex

1137 675 1287 713 Duride
1311 675 1440 714 Samio
1465 675 1594 714 refert.

1195 785 1403 837 Phrynichi
1425 787 1556 838 Eclog.
1584 801 1623 839 p.
1649 788 1724 833 425
1747 788 1804 826 ed.
1821 787 2013 827 Lobeck.:
2035 789 2174 833 Καθώς·

1141 844 1248 890 Γάϊός
1275 861 1328 890 τις
1357 846 1571 900 Ἀρεθούσιος
1599 848 1845 901 γραμματικὸς
1873 848 2004 904 ἔφασκε
2033 849 2175 902 δόκιμον

1142 897 1231 943 εἶναι
1251 904 1423 956 τοῦνομα·
1443 908 1638 959 κεχρῆσθαι
1665 905 1734 959 γὰρ
1754 908 1850 960 αὐτῷ
1869 907 2072 962 Φύλαρχον.
2091 913 2177 948 Vo-

1142 983 1226 1008 cem
1244 968 1361 1015 καθώς
1376 969 1563 1008 habemus
1585 971 1630 1009 fr.
1649 974 1688 1009 II
1703 980 1742 1009 et
1757 974 1930 1010 XXXII.

1197 1088 1421 1126 Ammonius
1440 1091 1498 1127 De
1516 1088 1618 1127 affin.
1638 1088 1747 1127 verb.
1766 1088 1890 1127 differ.
1911 1103 1940 1128 s.
1960 1104 1998 1128 v.
2014 1091 2180 1142 Χλαμύςτ

1144 1145 1295 1198 Χλαμὺς
1306 1146 1366 1186 καὶ
1385 1148 1516 1199 χλαῖνα
1535 1146 1711 1202 διαφέρει,
1734 1147 1821 1186 καθὸ
1841 1148 1898 1186 διὰ
1925 1150 2066 1188 πολλῶν
2087 1148 2180 1188 ἀπέ-

1146 1204 1233 1251 δειξε
1250 1205 1402 1258 Δίδυμος
1416 1208 1451 1245 ἐν
1469 1206 1702 1258 ὑπομνήμασι
1716 1206 2023 1260 δευτέρῳἸλιάδος
2034 1223 2067 1247 κ.
2081 1225 2111 1248 τ.
2120 1210 2181 1247 λ...

1145 1264 1363 1319 προσάγεται
1382 1265 1640 1319 Ἀριστοτέλην,
1658 1265 1867 1321 Φύλαρχον,
1890 1265 2113 1318 Πολέμωνα,
2130 1267 2183 1306 ὅτι

1145 1323 1236 1363 πολὺ
1257 1323 1470 1379 διαφέρουσι.
1636 1378 1684 1416 74

1200 1437 1361 1476 Photius
1393 1438 1522 1476 Lexic.
1546 1451 1586 1489 p.
1617 1444 1693 1486 274
1722 1439 1828 1490 Lips.
1862 1453 1871 1476 :
1899 1437 2066 1491 Οἴκουριν
2089 1437 2185 1492 ὄφιν·

1146 1495 1205 1535 τὸν
1222 1498 1284 1543 τῆς
1313 1496 1479 1540 πολιάδος
1499 1495 1657 1550 φύλακα·
1685 1496 1745 1535 καὶ
1771 1495 1974 1542 Ἡρόδοτος·
1995 1496 2188 1552 Φύλαρχος

1147 1553 1184 1593 δὲ
1198 1555 1304 1593 αὐτοῦ
1325 1553 1397 1594 δύο.

1199 1617 1335 1654 Mutila
1354 1617 1432 1654 haec
1453 1616 1603 1655 res-titul
1622 1625 1785 1668 possunt
1804 1629 1853 1653 ex
1875 1616 2072 1666 Hesychio
2095 1618 2133 1655 h.
2147 1630 2184 1658 vs

1148 1674 1214 1727 (ΙΙ,
1232 1689 1271 1726 p.
1290 1676 1397 1726 726),
1415 1675 1483 1714 ubi
1504 1675 1621 1713 dicit:
1642 1674 1715 1713 Καὶ
1734 1676 1765 1713 οἳ
1784 1674 1846 1726 μὲν
1864 1673 1925 1713 ἕνα
1944 1674 2048 1729 φασὶν
2068 1673 2188 1729 (ὄφιν),

1147 1735 1179 1772 οἱ
1205 1732 1241 1772 δὲ
1262 1732 1335 1772 δύο.
1358 1738 1495 1785 Itaque
1516 1734 1647 1773 Photii
1672 1735 1781 1773 locus
1811 1747 1899 1772 cum
1924 1736 2115 1773 Creuzero
2141 1734 2190 1773 ad

1147 1793 1335 1832 Herodot.
1358 1794 1469 1845 VIIlfl,
1493 1800 1538 1839 41
1570 1794 1680 1843 (tom.
1699 1797 1775 1840 III,
1801 1807 1839 1844 p.
1865 1793 1934 1840 55,
1961 1793 2018 1832 ed.
2052 1792 2189 1844 Baehr.)

1147 1853 1201 1891 ita
1220 1853 1294 1891 erit
1313 1853 1526 1904 explendus
1545 1868 1552 1891 :
1569 1852 1640 1892 Καὶ
1655 1851 1842 1904 Ἡρόδοτος
1863 1850 1925 1903 μὲν
1945 1850 2006 1890 ἕνα
2027 1852 2132 1905 φησὶν
2153 1854 2188 1891 ἐν

1147 1913 1198 1950 τῶ
1226 1913 1320 1965 ἱερῷ.
1350 1910 1543 1965 Φύλαρχος
1574 1910 1610 1950 δὲ
1630 1914 1735 1950 αὐτοῦ
1771 1910 1843 1949 δύο.
1864 1912 1921 1950 Cf.
1938 1911 2188 1964 Aristophan.

1147 1971 1308 2021 Lysistr.
1330 1972 1419 2020 760,
1430 1971 1765 2010 Plutarchffhem.
1778 1984 1838 2015 10,
1851 1971 2071 2008 Philostrat.
2083 1974 2187 2009 Icon.

1148 2034 1204 2079 ΙΙ,
1219 2044 1278 2078 17,
1292 2044 1330 2081 p.
1344 2031 1395 2068 80
1411 2030 1761 2081 Jacobs.,Eustath.
1784 2030 1832 2068 ad
1853 2029 1990 2080 Odys5.
2013 2043 2051 2080 p.
2074 2032 2173 2074 1423

1151 2104 1187 2137 7,
1202 2089 1338 2128 Odofr.
1351 2090 1501 2130 Miiller.
1511 2093 1570 2128 De
1583 2089 1758 2128 Minerva
1774 2088 1921 2127 Poliad.
1942 2102 1979 2140 p.
1997 2090 2060 2136 23,
2076 2091 2191 2127 Creu-

1149 2162 1213 2187 zer
1241 2148 1413 2199 Symbol.
1436 2152 1495 2197 ΙΙ,
1512 2163 1551 2200 p.
1578 2162 1651 2196 727
1682 2161 1779 2198 sqq„
1821 2147 1912 2196 744,
1934 2161 2031 2198 quos
2062 2147 2192 2186 laudat

1149 2208 1271 2247 Baehr.
1296 2207 1346 2246 ad
1370 2208 1517 2247 Herod.
1543 2208 1567 2245 l.
1584 2208 1609 2245 l.
1632 2210 1812 2246 Ceterum
1841 2207 1979 2246 Lucht.
1998 2206 2061 2244 hic
2087 2206 2192 2257 Phy-

1149 2267 1322 2304 larchum
1359 2281 1432 2318 pro
1459 2267 1691 2305 Philochoro
1715 2266 1884 2317 positum
1911 2278 1993 2303 esse
2017 2265 2192 2305 susnica-

1150 2333 1225 2363 tur.
1252 2326 1340 2364 Sine
1362 2325 1499 2364 idonea
1517 2338 1662 2363 caussa.

1154 2432 1287 2472 dicunt;
1301 2432 1354 2464 vel
1371 2432 1460 2473 quod
1477 2431 1555 2464 olim
1571 2431 1628 2472 qui
1645 2431 1679 2463 in
1695 2431 1800 2472 ripam
1816 2430 2002 2463 ulteriorem
2019 2430 2187 2462 transvehi

1154 2479 1320 2517 volebant,
1337 2481 1424 2512 rates
1444 2479 1622 2519 struebant,
1641 2478 1748 2519 iisque
1764 2478 1865 2511 boves
1879 2477 2068 2519 iungebant.

1196 2580 1256 2613 His
1273 2579 1411 2621 peractis
1427 2579 1524 2612 rebus
1545 2578 1727 2612 Alexander
1739 2580 1784 2611 M.
1806 2577 1928 2618 trajecit
1941 2577 1974 2608 in
1989 2577 2110 2616 Asiam,
2125 2576 2191 2608 via-

1154 2627 1220 2661 tico
1234 2627 1425 2667 instructus,
1451 2628 1489 2658 ut
1506 2627 1706 2667 Phylarchus
1721 2625 1885 2666 prodidit,
1905 2623 2036 2664 triginta
2050 2623 2188 2663 dierum,

1155 2676 1193 2707 ut
1209 2683 1288 2707 vero
1303 2673 1519 2714 Aristobulus,
1538 2674 1741 2714 septuaginta
1757 2671 1896 2704 talentis.

1198 2775 1312 2812 Καθώς
1332 2774 1466 2815 (stcut);
1482 2774 1582 2805 Gaius
1598 2772 1735 2813 quidam
1753 2769 1946 2803 Arethusius
1959 2768 2191 2810 grammaticus

1158 2821 1240 2854 dicit
1258 2822 1345 2854 hanc
1370 2830 1484 2854 vocem
1509 2829 1580 2853 esse
1604 2819 1796 2861 probatam:
1813 2826 1852 2850 ea
1875 2816 1963 2849 enim
1988 2816 2036 2848 uti
2058 2816 2190 2857 Phylar-

1156 2870 1266 2901 chum.

1641 2915 1660 2946 7
1669 2915 1688 2946 3
1696 2938 1704 2946 .

1204 2963 1367 3002 chlamys
1382 2963 1415 2994 et
1430 2961 1569 2993 chlaena
1582 2959 1752 2998 disserunt,
1763 2959 1800 2991 ut
1814 2956 1945 2990 abunde
1954 2955 2190 2991 demonstravit

1157 3010 1319 3052 Didymus
1331 3010 1364 3041 in
1381 3007 1631 3042 Commentariis
1641 3006 1683 3039 ad
1693 3006 1811 3038 librum
1828 3004 2009 3037 secundum
2023 3004 2188 3045 Iliadis...,

1158 3058 1215 3090 ubi
1229 3057 1361 3090 adducit
1376 3055 1591 3094 Aristotelem,
1603 3054 1829 3095 Phylarchum,
1843 3052 2049 3085 Polemonem
2062 3052 2101 3085 ad
2117 3062 2189 3095 pro-

1157 3104 1314 3145 bandum,
1328 3111 1425 3135 voces
1443 3102 1521 3134 istas
1538 3101 1678 3133 multum
1693 3099 1833 3133 differre.

1200 3212 1385 3251 Serpentem
1410 3207 1545 3241 OEcurin
1564 3207 1718 3248 (domum
1732 3204 1990 3245 custodientem)
2008 3214 2016 3236 :
2034 3204 2189 3238 Minervae

1157 3256 1296 3289 Poliadis
1321 3255 1508 3294 custodem,
1530 3256 1562 3286 et
1586 3253 1770 3286 Herodotus
1783 3251 1914 3293 quidem
1944 3259 2047 3283 unum
2063 3259 2189 3292 serpen-

1157 3306 1223 3336 tem
1241 3304 1271 3335 in
1288 3303 1343 3335 illo
1356 3302 1496 3334 sacrario
1517 3310 1589 3335 esse
1611 3302 1743 3341 narrat;
1769 3299 1970 3342 Phylarchus
2001 3307 2079 3332 vero
2105 3300 2188 3331 duos

1156 3350 1276 3383 ibidem
1293 3358 1364 3383 esse
1380 3349 1488 3382 tradit.

1991 3404 2042 3436 23.
