2320 3684
753 108 1065 150 PHANODEMI
1092 107 1424 150 FRAGMENTA.

45 204 260 259 ὀγδοήκοντα
267 205 350 246 ναῦς
362 199 556 242 Φοινίσσας
564 196 633 236 ἀπὸ
646 195 791 250 Κύπρου
800 195 1075 249 προσπλεούσας.

46 263 188 307 Ταύτας
207 265 334 316 φθῆναι
360 257 568 313 βουλόμενος
591 258 610 294 ὃ
636 254 763 306 Κίμων
781 252 938 306 ἀνήχθη,
960 252 1079 306 βιάζε-

49 325 130 362 σθαι
155 315 504 375 παρεσκευασμένος,
528 314 569 352 ἂν
599 312 737 357 ἑκόντες
761 310 811 364 μὴ
834 313 1077 363 ναυμαχῶσιν.

46 382 93 420 Οἱ
113 378 150 419 δὲ
167 381 305 431 πρῶτον
324 374 402 428 μὲν,
418 376 465 418 ὣς
485 371 535 425 μὴ
555 374 741 424 βιασθεῖεν,
769 372 818 414 εἷς
840 369 899 408 τὸν
919 369 1078 420 ποταμὸν

50 437 320 491 εἰσωρμίσαντο,
362 429 655 487 προσφερομένων
695 427 732 467 δὲ
768 430 837 467 τῶν
876 426 1079 476 Ἀθηναίων,

49 494 337 541 ἀντεξέπλευσαν,
373 493 420 533 ὡς
455 491 586 543 ἱστορεῖ
619 486 852 538 Φανόδημος,
886 484 1082 531 ἑξακοσίαις

48 554 186 603 ναυσὶν,
227 554 273 596 ὡς
307 550 336 589 δ’
370 548 542 602 Ἔφορος,
581 546 800 594 πεντήκοντα
842 545 902 584 καὶ
936 559 1081 599 τριακο-

50 611 150 656 σίαις.

538 671 597 710 18.

104 740 295 781 Plutarch.
305 740 451 777 Cimon.
464 752 496 776 c.
511 751 618 789 19,p.
633 742 722 787 491,
737 741 785 773 A:
800 736 938 774 Cimon
951 735 1083 773 deces-

50 802 98 840 sit
131 801 171 839 in
202 799 403 838 obsidione
435 797 544 836 Citii:
560 797 744 836 Τελευτῶν
765 793 843 839 τοὺς
872 793 953 847 περὶ
981 793 1083 832 αὑτὸν

51 858 229 899 ἐκέλευσεν
244 857 342 902 εὐθὺς
362 858 546 905 ἀποπλεῖν,
567 853 881 909 ἀποκρυψαμένους
898 853 956 892 τὸν
974 852 1085 892 θάνα-

50 934 108 958 τον
123 919 241 956 αὐτοῦ.
261 915 332 956 Καὶ
350 915 480 963 συνέὸη
490 946 500 964 ,
515 914 605 966 μήτε
620 916 690 952 τῶν
703 912 895 965 πολεμίων,
913 911 1003 964 μήτε
1015 913 1085 949 τῶν

2083 109 2158 142 369

1618 190 1679 230 22.

1188 275 1445 327 Harpocratio
1469 291 1477 312 ε
1499 274 1678 320 Χαλκεῖα,
1700 269 1890 324 Ὑπερίδης
1920 271 1955 308 ἐν
1986 270 2037 322 τῷ
2072 267 2163 307 κατὰ

1136 333 1277 384 Δημέου
1293 333 1416 379 ξενίας.
1449 332 1508 372 Τὰ
1536 333 1694 371 Χαλκεῖα
1729 329 1830 384 ἑορτὴ
1865 328 1947 383 παρ’
1974 327 2165 375 Ἀθηναίοις

1138 391 1294 443 ἀγομένη
1315 394 1564 446 Πυανεψιῶνος
1584 389 1644 443 ἕνῃ
1659 388 1720 428 καὶ
1739 388 1820 443 νέα,
1839 386 2027 442 χειρώναξι
2045 385 2167 435 κοινὴ,

1139 449 1296 501 μάλιστα
1310 450 1346 489 δὲ
1362 452 1567 503 χαλκεῦσιν,
1580 448 1626 493 ὥς
1640 464 1744 501 φησιν
1760 446 1990 490 Ἀπολλώνιος
2005 449 2023 484 ὁ
2037 446 2168 499 Ἀχαρ-

1139 508 1227 552 νεύς.
1258 509 1474 560 Φανόδημος
1507 507 1543 546 δὲ
1579 510 1641 546 οὖκ
1664 507 1791 560 Ἀθηνᾷ
1811 521 1916 561 φησιν
1943 505 2086 556 ἄγεσθαι
2105 504 2169 552 τὴν

1140 565 1277 620 ἑορτὴν,
1300 566 1390 605 ἀλλὰ
1415 566 1611 620 Ἡφαίστῳ.
1634 567 1682 604 Et
1701 566 1921 614 Phavorim,
1953 565 2021 603 ubi
2038 563 2171 602 eadem

1137 626 1330 676 leguntur,
1341 629 1467 675 Etym.
1485 626 1697 673 M.,Pollux
1711 628 1799 673 Vll,
1822 625 1909 662 105.
1924 627 1969 662 V.
1983 623 2171 662 Welcker.

1140 685 1188 722 dc
1207 685 1373 734 AEschyl.
1393 685 1538 735 Trilog.
1560 698 1595 735 p.
1617 699 1705 733 290.

1630 765 1691 802 23.

1197 845 1384 896 Hesych.:
1403 844 1552 893 Γαλεοὶ,
1570 844 1710 896 μάντεις
1724 860 1731 867 ·
1752 838 1846 882 οὗτοι
1872 843 1964 882 κατὰ
1980 842 2045 890 τὴν
2065 845 2175 883 Σικεκ

1143 903 1222 943 λίαν
1243 903 1401 959 ᾤκησαν,
1420 903 1482 942 καὶ
1513 902 1610 953 γένος
1629 903 1682 950 τὶ,
1709 901 1755 946 ὥς
1780 918 1866 956 φησι
1886 902 2100 954 Φανόδημος
2118 901 2178 940 καὶ

52 975 253 1028 συμμάχων
279 972 509 1026 αἰσθομένων,
530 975 696 1027 ἀσφαλῶς
710 971 833 1015 αὐτοὺς
848 973 1088 1023 ἀνακομισθῆ-
1145 963 1293 1003 Ῥίνθων
1314 966 1347 1003 T
1350 968 1537 1016 αραντῖνῦῑ-

52 1050 128 1087 ναι,
149 1031 472 1088 στρατηγουμένους
497 1031 566 1070 ὑπὸ
584 1030 771 1083 Κίμωνος,
796 1030 843 1074 ὥς
864 1046 951 1086 φησι
967 1030 1088 1069 Φανό-

55 1094 165 1145 δημος
175 1124 186 1142 ,
203 1092 407 1141 τεθνηκότος
421 1091 475 1146 ἐφ’
490 1090 624 1145 ἡμέρας
643 1090 844 1145 τριάκοντα.

546 1161 606 1200 19.

109 1227 249 1265 Athen.
265 1229 298 1274 Ι,
322 1239 383 1274 ¹7,
404 1240 443 1278 p.
475 1239 538 1274 20,
559 1229 611 1274 A,
633 1234 838 1276 postquam
855 1226 986 1276 plures
1003 1227 1091 1262 θαυ-

58 1285 243 1337 ματοποιοὶ
261 1294 299 1323 et
317 1284 543 1337 γελωτοποιοὶ
559 1285 762 1323 memorati
781 1293 882 1329 sunt,
892 1285 966 1322 hoc
982 1284 1093 1322 addi-

59 1343 339 1391 ῐυΓτΔιοπείθης
359 1342 395 1382 δὲ
427 1347 445 1383 ὁ
470 1343 626 1397 Λοκρὸς,
659 1343 706 1389 ὥς
737 1359 824 1398 φησι
855 1346 1092 1392 Φανόδημος,

58 1402 341 1457 παραγενόμενος
367 1404 413 1446 εἷς
444 1401 587 1450 Θήὸας,
612 1401 673 1441 καὶ
698 1401 982 1453 ὑποζωννύμενος
999 1397 1093 1440 οἴνου

1198 1022 1377 1061 Editores
1397 1030 1499 1060 recte
1513 1022 1753 1072 scripserunt
1772 1022 1988 1074 Ταραντῖνος
2011 1034 2082 1071 pro
2101 1022 2181 1058 Τα-

1146 1087 1309 1136 ραντῖνοι.
1343 1081 1584 1119 phavorinus
1622 1081 1702 1117 haec
1740 1080 1933 1130 repetivit,
1965 1080 2038 1116 nisi
2076 1079 2183 1130 quod

1145 1141 1275 1179 omisit
1289 1139 1349 1178 καὶ
1370 1139 1518 1179 Ῥίνθων
1538 1140 1761 1192 Ταραντῖνοι.
1786 1142 1844 1176 De
1863 1137 2017 1175 vatibus
2034 1138 2118 1176 istis
2136 1137 2181 1174 cf.

1147 1200 1223 1238 Cic.
1240 1204 1296 1238 De
1309 1199 1428 1238 divin.
1444 1202 1476 1247 Ι,
1498 1212 1560 1245 20,
1578 1198 1715 1235 AElian.
1734 1201 1781 1234 V.
1796 1199 1844 1233 H.
1859 1199 1947 1243 XII,
1966 1197 2030 1242 46,
2047 1196 2182 1246 Steph.

1147 1260 1190 1297 B.
1209 1273 1247 1296 v.
1267 1259 1464 1297 Γαλεῶται.

1642 1331 1704 1368 24.

1117 1358 1124 1446 ί
1207 1409 1418 1458 Hesychius
1445 1421 1476 1445 s.
1498 1420 1535 1444 v.
1551 1408 1690 1459 Ταῦρος
1713 1420 1720 1442 :
1823 1402 2039 1454 Φανόδημος
2075 1403 2188 1456 (φησὶ)

59 1461 198 1506 κύστεις
217 1461 346 1513 μεστὰς
359 1461 419 1500 καὶ
440 1461 615 1513 γάλακτος
627 1492 637 1510 ,
651 1461 711 1500 καὶ
728 1460 858 1505 ταύτας
877 1459 1095 1512 ἀποθλίὸων,
1119 1471 1124 1517 Ι
1158 1468 1218 1524 ρὰς
1233 1465 1352 1519 κριθὰς
1369 1466 1690 1522 προσαγορεύεσθαι
1705 1470 1847 1519 ταῦρον,
1869 1464 1922 1503 ὅτι
1953 1464 2055 1519 χέρας
2083 1463 2190 1517 ἔχου-

46 1523 190 1575 ’ἀνιμᾷν
203 1519 319 1574 ἔλεγεν
337 1522 377 1559 ἐκ
394 1524 456 1559 τοῦ
474 1520 662 1572 στόματος,

551 1589 613 1627 20.

115 1660 240 1700 schol.
260 1660 418 1698 Hesiod.
433 1660 482 1698 ad
496 1661 642 1711 Theog.
659 1675 703 1711 91
714 1662 799 1712 3‚p.
819 1662 907 1708 303,
920 1662 968 1700 de
982 1671 1096 1714 raptu
1121 1644 1126 1694 Ῑ

62 1720 330 1771 Proserpinae:
350 1718 557 1772 Ἣρπάσθαι
589 1718 626 1758 δὲ
659 1719 768 1766 αὐτήν
797 1735 902 1773 φασιν
922 1722 952 1759 οἱ
973 1720 1037 1772 μὲν
1058 1723 1097 1760 ἐκ
1122 1713 1126 1766 ί
1156 1741 1195 1779 Φ

63 1776 227 1821 Σικελίας
241 1808 251 1826 ,
272 1776 495 1830 Βακχυλίδης
511 1776 548 1816 δὲ
566 1779 606 1816 ἐκ
624 1777 785 1832 Κρήτης,
803 1778 952 1832 Ὀρφεὺς
973 1781 1013 1818 ἐκ
1028 1781 1097 1818 τῶν
1123 1774 1127 1812 ἶ

63 1836 144 1890 περὶ
168 1835 226 1875 τὸν
245 1835 397 1875 ὠκεανὸν
414 1835 544 1882 τόπων,
563 1836 778 1888 Φανόδημος
797 1835 834 1875 δὲ
853 1836 923 1876 ἀπὸ
937 1841 999 1885 τῆς
1017 1838 1098 1878 Ἀτ-

63 1897 181 1944 τικῆς,
198 1894 371 1946 Δημάδης
389 1893 425 1933 δὲ
443 1896 477 1934 ἐν
497 1893 637 1939 νάπαις.

549 1966 614 2005 21.

119 2030 294 2068 Eustath.
315 2030 363 2069 ad
383 2031 490 2070 Iliad.
506 2035 550 2083 Ζ,
565 2045 605 2083 Ρ.
621 2032 713 2081 648,
737 2034 785 2071 38
809 2049 817 2071 :
835 2032 990 2078 Φαύλως
1003 2028 1060 2072 οἶν
1080 2036 1098 2072 ὁ

67 2086 281 2139 Φανόδημος
308 2087 512 2143 Ἀφροδίτην
538 2089 672 2141 νομίζει
695 2090 759 2139 τὴν
779 2092 931 2146 Δάειραν
951 2092 1011 2131 καὶ
1034 2092 1098 2141 τὴν

67 2145 175 2194 αὐτὴν
188 2149 233 2200 τῇ
250 2146 416 2202 Δήμητρι
433 2147 542 2200 λέγει.

66 2286 156 2329 ginta
187 2296 288 2321 naves
319 2290 505 2323 Phoenissas
520 2299 561 2323 ex
583 2293 693 2333 cypro
709 2292 922 2326 adventantes
937 2294 1103 2335 praestola-

68 2336 139 2366 tum
172 2343 254 2367 esse.
281 2336 332 2369 Ad
352 2337 410 2368 has
434 2338 674 2378 praevertendas
699 2339 815 2371 Cimon
848 2340 881 2371 in
903 2341 1007 2373 altum
1031 2351 1092 2383 pro

66 2382 181 2413 vectus
202 2383 268 2421 est,
293 2382 322 2415 si
346 2382 560 2417 detrectarent
579 2386 741 2418 certamen
754 2409 763 2425 ,
790 2385 823 2418 vi
842 2394 898 2418 eos
917 2387 1102 2422 adacturus.

67 2427 119 2460 llli
134 2428 256 2469 primo,
271 2438 312 2462 ne
325 2430 396 2471 cogi
413 2433 562 2472 possent,
577 2441 705 2464 amnem
735 2432 915 2466 subierunt.
933 2425 1104 2475 ceterum,

68 2473 126 2507 ubi
142 2474 332 2515 ingruerunt
347 2477 575 2519 Athenienses,
593 2480 755 2512 sexcentis
768 2480 906 2512 navibus
915 2504 924 2520 ,
942 2483 979 2512 ut
991 2482 1105 2515 scribit

69 2521 314 2602 ξὲιᾶῃῖᾱοιηυε,
333 2525 370 2556 ut
387 2525 538 2565 Ephorus
549 2549 559 2566 ‚
577 2526 730 2559 trecentis
745 2526 979 2569 quinquaginta
994 2537 1106 2561 occur-

105 2578 166 2602 run
199 2578 241 2602 ei.

113 2681 229 2715 cimon
253 2683 395 2717 moriens
410 2685 539 2717 monuit
555 2694 632 2718 suos
648 2687 687 2719 ut
701 2686 863 2728 extemplo
881 2687 1106 2729 discederent,

72 2731 105 2762 et
132 2733 269 2764 mortem
301 2740 394 2763 suam
427 2734 580 2774 tegerent.
603 2734 745 2775 Contigit
777 2738 904 2776 autem,
925 2737 962 2768 ut
981 2736 1109 2768 nemine

72 2777 230 2830 sentiente
242 2787 347 2820 neque
359 2779 503 2812 hostium
515 2789 620 2822 neque
636 2782 811 2823 sociorum,
820 2782 865 2815 illi
873 2785 1109 2816 reverterentur

73 2824 252 2859 incolumes
281 2826 381 2859 ductu
419 2827 638 2870 auspiciisque
675 2829 843 2870 Cimonis,
870 2832 906 2863 ut
945 2831 1110 2864 Phanode-

75 2878 149 2905 mus
173 2871 218 2905 ait
229 2896 238 2914 ,
257 2872 326 2906 dies
341 2875 410 2915 jam
425 2874 556 2916 triginta
572 2876 728 2909 defuncti,

115 2982 281 3025 Diopithes
302 2987 426 3018 Locrus
438 3012 447 3027 ‚
464 2989 502 3019 ut
523 2987 569 3020 ait
584 2988 834 3030 Phanodemus‚
863 2991 985 3024 Thebis
1011 3000 1107 3033 1uum

74 3029 218 3072 adesset,
250 3033 436 3067 succinctus
468 3035 593 3068 vesicas
619 3037 736 3078 partim
767 3037 845 3070 vino
878 3038 996 3079 partim
1027 3039 1110 3072 lacte

75 3076 229 3157 ffifflgtvais,
249 3079 300 3111 his
322 3082 534 3122 compressis,
559 3091 600 3115 ex
615 3092 670 3116 ore
686 3092 722 3116 se
743 3084 903 3125 liquorem
925 3085 1052 3119 haurire
1069 3086 1109 3118 si-

561 3184 623 3216 20.

96 3274 104 3282 '
120 3229 346 3270 Proserpinam
355 3231 533 3266 aliidicunt
549 3236 674 3275 raptam
687 3244 758 3268 esse
771 3246 811 3270 ex
829 3237 948 3277 Sicilia,
968 3238 1111 3278 Bacchy-

81 3273 163 3307 hdes
177 3284 253 3308 vero
266 3285 307 3309 ex
322 3280 429 3319 creta,
445 3281 592 3322 Orpheus
605 3290 644 3314 ex
660 3282 731 3314 loco
745 3292 844 3325 prope
854 3286 1018 3317 Oceanum
1035 3284 1110 3324 sito,

81 3321 305 3355 Phanodemus
323 3333 363 3357 ex
376 3326 494 3366 Attica,
515 3329 673 3361 Demades
689 3329 723 3361 in
741 3330 888 3363 saltibus.

238 3382 433 3416 Famam*
454 3385 703 3419 Hlsromconuu.

1119 1537 1125 1599 Ι
1157 1547 1225 1571 σιν.

1644 1604 1706 1642 25.

1206 1681 1443 1730 Hesychius:
1469 1679 1618 1732 Ἀχάνας
1648 1676 1738 1721 τινὲς
1767 1677 1829 1727 μὲν
1870 1676 2030 1730 Περσικὰ
2067 1675 2193 1730 μέτρα,

1198 1739 1371 1791 ανόδημος
1395 1737 1430 1776 δὲ
1453 1739 1594 1787 κίστας,
1614 1739 1662 1781 εἷς
1678 1736 1718 1781 ἃς
1735 1736 1955 1775 κατετίθεντο
1980 1734 2060 1779 τοὺς
2077 1737 2195 1773 ἐπισι-

1155 1797 1301 1849 τισμοὺς
1325 1800 1356 1837 οἱ
1377 1797 1436 1836 ἐπὶ
1455 1796 1599 1851 θεωρίας
1623 1795 1749 1844 ἰόντες,
1784 1798 1814 1833 οἱ
1844 1797 1892 1839 εἷς
1925 1794 2020 1838 θεοὺς
2047 1793 2196 1833 στελλό-

1156 1873 1253 1909 μενοι
1286 1857 1424 1908 (codex
1441 1855 1668 1908 τιλλόμενοι).

1210 1917 1337 1955 Schol.
1370 1916 1419 1954 ad
1457 1916 1658 1967 Aristoph.
1696 1915 1864 1953 Acharn.
1902 1927 1995 1962 109,
2036 1913 2172 1951 Suidas
2186 1942 2196 1960 ‚

1157 1976 1400 2015 Phavorinus
1413 1975 1452 2014 h.
1471 1989 1506 2013 v.
1524 1983 1562 2013 et
1576 1974 1751 2012 Eustath.
1774 1973 1821 2011 ad
1842 1975 2016 2020 Homer.,
2040 1986 2077 2025 p.
2098 1973 2198 2016 1446

1158 2043 1196 2073 et
1217 2036 1313 2076 1854
1330 2038 1446 2075 Rom.
1471 2034 1606 2072 eadem
1621 2034 1702 2071 fere
1718 2031 1876 2080 habent,
1904 2031 1970 2069 sed
1993 2030 2199 2068 Phanode-

1159 2108 1266 2132 mum
1299 2107 1377 2132 non
1394 2094 1610 2131 nominant.
1628 2091 1756 2130 Verba
1773 2092 1805 2130 οἱ
1826 2092 1873 2134 εἷς
1892 2088 1988 2133 θεοὺς
2006 2087 2200 2139 στελλόμε-

1159 2168 1212 2191 νοι
1229 2153 1419 2204 glossema
1431 2166 1513 2191 esse
1527 2159 1667 2203 sponte
1687 2150 1928 2200 intelligitur.

1653 2298 1717 2332 21.

1208 2353 1293 2386 Male
1311 2352 1538 2385 Phanodemus
1556 2351 1688 2383 Dairam
1712 2359 1783 2383 esse
1799 2352 1961 2382 Venerem
1985 2349 2112 2382 censet,
2130 2356 2202 2379 ean-

1165 2401 1303 2442 demque
1320 2409 1385 2432 non
1403 2399 1534 2432 differre
1550 2408 1568 2430 a
1591 2400 1720 2431 Cerere.

1207 2513 1348 2545 Χαλκεῖα
1362 2535 1370 2551 ,
1401 2510 1582 2552 Hyperides
1602 2510 1635 2542 in
1663 2509 1810 2541 oratione
1835 2509 1950 2540 contra
1984 2509 2136 2539 Demeam
2163 2505 2203 2537 de

1165 2558 1405 2600 peregrinitate.
1419 2558 1467 2589 Τὰ
1477 2558 1627 2596 Χαλκεῖα,
1643 2557 1731 2599 apud
1748 2555 1957 2588 Athenienses
1971 2554 2101 2593 festum,
2114 2552 2202 2594 quod

1165 2605 1322 2638 Minervae
1338 2604 1561 2637 celebrabatur
1576 2604 1741 2645 trigesimo
1755 2603 1808 2635 die
1823 2602 1944 2634 mensis
1958 2600 2200 2641 Pyanepsionis,

1166 2662 1186 2685 a
1205 2652 1383 2685 manuariis
1409 2652 1588 2684 artificibus
1604 2650 1768 2683 universis
1783 2674 1792 2689 ‚
1810 2649 1951 2681 maxime
1966 2656 2043 2679 vero
2062 2656 2081 2679 a
2101 2647 2202 2679 fabris

1166 2701 1291 2734 aerariis
1305 2725 1314 2741 ‚
1330 2703 1368 2732 ut
1388 2700 1435 2733 ait
1451 2699 1641 2741 Apollonius
1658 2697 1885 2730 Acharnensis.
1910 2697 2065 2727 Ceterum
2077 2695 2202 2727 Phano-

1167 2749 1282 2781 demus
1301 2748 1334 2780 in
1364 2748 1523 2779 honorem
1549 2746 1712 2785 Vulcani,
1733 2754 1797 2777 non
1827 2744 2003 2781 Minervae,
2031 2742 2065 2774 id
2081 2743 2202 2775 festum

1162 2795 1281 2836 agitari
1296 2797 1446 2828 testatur.

1651 2852 1713 2883 23.

1209 2907 1321 2947 Galei,
1349 2907 1460 2945 vates;
1483 2904 1515 2936 hi
1535 2904 1568 2935 in
1586 2903 1693 2935 Sicilia
1718 2900 1927 2938 habitabant,
1949 2900 1982 2931 et
2006 2899 2140 2940 quidem
2163 2903 2199 2933 ut

1166 2963 1256 2996 gens,
1273 2953 1462 2985 auctoribus
1478 2950 1685 2983 Phanodemo
1702 2950 1734 2980 et
1747 2947 1934 2980 Rhinthone
1949 2947 2135 2979 Tarentino.

1209 3074 1347 3104 Taurus.
1374 3068 1601 3102 Phanodemus
1619 3015 1856 3106 ait2,4hordeum
1873 3064 2025 3105 appellari
2042 3065 2174 3096 taurum
2186 3088 2198 3106 ,

1167 3118 1255 3159 quod
1274 3116 1390 3149 habeat
1403 3124 1515 3148 cornu.

1653 3173 1716 3206 25.

1210 3235 1358 3267 Achanas
1370 3233 1517 3265 nonnulli
1532 3241 1604 3264 esse
1619 3233 1737 3274 putant
1758 3239 1928 3263 mensuras
1942 3231 2100 3264 Persicas.
2119 3229 2198 3262 Pha-

1169 3282 1330 3314 nodemus
1344 3289 1420 3312 vero
1439 3280 1554 3319 cistas,
1584 3279 1616 3310 in
1638 3278 1758 3320 quibus
1775 3277 1894 3310 cibaria
1911 3276 2128 3319 reponebant,
2143 3280 2197 3319 qui

1168 3329 1344 3370 legationes
1359 3336 1468 3360 sacras
1486 3327 1633 3359 obibant.

2031 3383 2064 3409 24
