2320 3684
173 195 249 228 416

227 334 385 374 Suidas:
405 328 724 383 Ἐγγαστρίμυθος·
749 328 1058 383 ἐγγαστρίμαντις·
1083 328 1120 368 ὃν
1142 332 1202 369 νῦν

174 410 262 438 τινες
279 391 443 438 πύθωνα,
467 389 663 442 Σοφοκλῆς,
689 387 725 426 δὲ
743 387 991 441 στερνόμαντιν
1009 387 1161 428 Πλάτων
1182 391 1201 428 ὁ

174 451 358 505 φιλόσοφος
374 447 577 501 Εὐρυκλέα,
596 446 666 486 ἀπὸ
694 446 912 501 Εὐρυκλέους
937 446 1091 486 τοιούτου
1111 446 1204 498 μάν-

173 526 270 555 τεως.
345 506 543 561 Φιλόχορος
557 506 594 544 δὲ
613 507 648 544 ἐν
665 503 703 558 γ’
718 506 798 560 περὶ
822 508 993 558 μαντικῆς
1010 505 1069 545 καὶ
1087 511 1204 556 γυναῖ-

173 585 237 612 κας
253 564 558 620 ἐγγαστριμύθους.
575 559 759 608 Αῧταιτὰς
772 566 842 604 τῶν
858 563 1074 612 τεθνηκότων
1090 564 1204 618 ψυχὰς

174 627 409 672 ἐξεκαλοῦντο.

227 685 370 724 Eadem
405 685 585 734 leguntur
614 682 719 734 apud
756 683 880 722 Schol.
916 683 1120 721 Ruhnken.
1156 683 1204 721 ad

175 745 321 785 Platon.
347 757 384 795 p.
406 744 454 780 36
470 750 508 780 et
524 742 767 793 Apostolium
787 756 824 792 7,
846 742 907 787 48.

226 869 360 907 Athen.
378 870 485 918 XIV,
505 881 541 915 7,
560 880 599 917 p.
620 866 712 916 648,
729 869 787 905 D:
807 863 1006 919 Φιλόχορος
1026 863 1063 903 δὲ
1082 865 1117 904 ἐν
1137 871 1207 910 τοῖς

176 927 252 982 περὶ
270 929 440 979 μαντικῆς
466 923 679 970 Ἀξιόπιστον
716 924 775 964 τὸν
805 923 875 963 εἴτε
894 923 1028 978 Λοκρὸν
1057 922 1155 975 γένος
1183 923 1205 971 ἢ

176 985 383 1037 Σικυώνιον,
402 984 461 1024 τὸν
483 982 625 1023 Κανόνα
650 983 712 1022 καὶ
729 982 790 1027 τὰς
809 981 959 1034 Γνώμας
977 981 1207 1030 πεποιηκέναι

175 1045 279 1100 φησίν
296 1060 304 1069 ·
322 1043 450 1096 ὁμοίως
465 1043 502 1082 δὲ
518 1045 649 1097 ἱστορεῖ
670 1043 731 1082 καὶ
750 1041 1020 1094 Ἀπολλόδωρος.

226 1162 399 1214 Heynius
412 1162 452 1199 in
471 1161 668 1212 Supplem.
680 1169 719 1199 et
734 1160 896 1200 Emend.
909 1162 1154 1201 Homer.vol.
1172 1162 1207 1211 5,

174 1238 212 1275 p.
231 1224 320 1271 716,
338 1221 386 1260 ad
404 1220 513 1259 Iliad.
533 1221 570 1267 6,
589 1221 675 1258 136.

226 1284 356 1322 Schol.
377 1285 424 1320 V.
445 1285 487 1319 L.
508 1295 517 1319 ε
537 1277 589 1318 Ἢ
608 1278 662 1318 ὅτι
679 1279 842 1333 χρησμὸς
859 1279 960 1327 ἐδόθη
973 1310 983 1329 ,
1015 1278 1142 1319 ἁλιέων
1173 1281 1207 1318 ἐν

173 1341 271 1397 τόπῳ
285 1340 452 1381 Διόνυσον
473 1338 580 1389 ιῖιλιέαι
593 1338 794 1392 βαπτίζοιτε
809 1354 817 1362 ·
837 1340 884 1383 ὡς
901 1338 1113 1392 Φιλόχορος.

227 1405 366 1441 Sensus
382 1399 496 1451 hujus
531 1399 679 1438 oraculi
702 1398 847 1436 Siebeli
872 1399 935 1436 hic
971 1412 1054 1436 esse
1093 1398 1208 1436 vide-

175 1471 239 1500 tur
259 1476 267 1498 ε
285 1462 488 1506 Bacchum,
527 1462 590 1508 qui
618 1471 741 1508 aquas
765 1457 875 1506 ferre
898 1467 1034 1507 potest,
1059 1461 1210 1508 mergite

173 1523 328 1559 marinis
345 1522 463 1568 aquis.
485 1515 561 1555 Sed
590 1516 673 1554 haec
693 1517 879 1554 sententia
902 1516 1041 1554 mirum
1061 1517 1100 1554 in
1127 1530 1210 1554 mo-

174 1580 267 1618 dum
290 1590 471 1629 expressa
490 1584 602 1614 esset.
631 1575 838 1614 Probanda
854 1589 937 1614 esse
955 1575 1111 1613 videtur
1131 1579 1210 1614 Lo-

172 1637 298 1677 beckii
316 1635 532 1674 emendatio
551 1634 613 1687 (ad
629 1635 748 1686 Soph.
767 1634 871 1686 Ajac.
894 1633 1007 1685 804):
1023 1633 1086 1673 Ἔν
1106 1632 1209 1672 δέπαϊ

172 1696 340 1737 Διόνυσον
363 1693 481 1734 ἁλωέα
506 1692 718 1747 βαπτίζοιτε.

651 1751 737 1789 195.

225 1813 417 1854 Plutarch.
434 1815 491 1850 De
506 1812 618 1862 Pyth.
637 1824 743 1850 orac.
765 1819 791 1848 t.
814 1824 848 1858 7,
869 1824 907 1862 p.
929 1810 1004 1848 588
1018 1810 1158 1858 Reisk.,
1177 1824 1206 1848 5.

174 1878 272 1913 Mor.
293 1886 332 1924 p.
353 1873 443 1919 403,
460 1875 510 1919 Ε,
531 1871 629 1909 Frf.:
647 1868 802 1923 Ἀλυρίου
838 1868 898 1907 καὶ
933 1867 1122 1922 Ἡροδότου
1148 1868 1206 1906 καὶ

174 1931 375 1985 Φιλοχόρου
394 1929 454 1967 καὶ
474 1928 633 1981 Ἴστρου,
653 1930 722 1967 τῶν
757 1928 912 1979 μάλιστα
934 1925 996 1971 τὰς
1015 1925 1209 1979 ἐμμέτρους

175 1990 339 2043 μαντείας
371 1988 669 2043 φιλοτιμηθέντων
707 1993 927 2039 συναγαγεῖν,
962 1986 1042 2025 ἄνευ
1079 1986 1206 2040 μέτρου

172 2049 354 2104 χρησμοὺς
389 2047 626 2102 γεγραφότων,
661 2045 874 2097 Θεόπομπος
888 2077 898 2095 ,
932 2045 1069 2089 οὐδενὸς
1102 2040 1205 2092 ἧττον

175 2108 367 2163 ἀνθρώπων
395 2105 620 2149 ἐσπουδακὼς
644 2105 724 2159 περὶ
749 2104 789 2144 τὸ
808 2104 1036 2159 χρηστήριον,
1055 2106 1221 2158 ἰσχυρῶς

174 2167 400 2219 ἐπιτετίμηκε
432 2171 503 2210 τοῖς
520 2164 569 2217 μὴ
593 2164 773 2216 νομίζουσι
799 2163 891 2203 κατὰ
909 2162 967 2202 τὸν
986 2162 1065 2202 τότε
1082 2163 1205 2218 χρόνον

175 2226 333 2279 ἔμμετρα
348 2224 411 2272 τὴν
427 2223 564 2264 Πυθίαν
585 2223 771 2268 θεσπίζειν.

214 2387 458 2428 ventriloquus,
472 2386 666 2418 vaticinator
682 2395 699 2417 e
714 2385 828 2417 ventre
838 2408 848 2424 ‚
862 2393 959 2426 quem
982 2383 1129 2416 nonnulli
1144 2386 1204 2425 Py-

173 2436 307 2468 thonem
332 2434 509 2476 appellant,
549 2431 723 2473 Sophocles
745 2440 823 2463 vero
851 2430 1069 2473 στερνὸμαντιν
1097 2431 1206 2472 (quasi

173 2485 284 2516 vatem
300 2490 342 2514 ex
361 2480 529 2523 pectore),
549 2479 640 2512 Plato
657 2479 867 2520 philosophus
885 2479 1057 2519 Euryclem
1078 2478 1120 2510 ab
1146 2481 1207 2511 Eu-

174 2529 278 2570 rycle‚
297 2527 355 2569 qui
387 2527 462 2559 talis
491 2528 582 2558 vates
601 2525 673 2557 fuit.
698 2524 910 2556 Philochorus
933 2524 1016 2556 libro
1044 2524 1136 2556 tertio
1166 2524 1206 2557 de

177 2576 382 2608 Divinatione
397 2575 494 2607 etiam
509 2573 660 2605 mulieres
678 2572 900 2612 ventriloquas
917 2571 1018 2603 fuisse
1032 2571 1112 2604 dicit
1129 2580 1137 2602 ε
1155 2572 1206 2604 1133

174 2623 376 2655 mortuorum
401 2621 525 2653 animas
554 2618 745 2652 evocabant.

215 2729 420 2770 Axiopistum
431 2751 441 2767 ‚
452 2728 594 2759 Locrum
607 2733 721 2766 genere
742 2724 799 2756 aut
813 2723 999 2765 Sicyonium
1011 2746 1020 2762 ‚
1039 2724 1203 2755 canonem

176 2776 345 2817 scripsisse
372 2778 405 2808 et
428 2773 609 2807 sententias
633 2771 848 2804 Philochorus
873 2770 919 2802 ait
942 2770 978 2802 in
994 2769 1077 2801 libro
1095 2769 1136 2802 de
1151 2770 1204 2802 Di-

174 2822 350 2856 vinatione.
366 2821 490 2854 Eadem
504 2818 717 2862 Apollodorus
732 2818 842 2850 tradit.

215 2944 257 2951 -
270 2923 322 2956 vel
337 2921 425 2964 quod
440 2921 607 2953 oraculum
619 2919 732 2951 datum
748 2920 798 2951 est
814 2927 822 2950 :
837 2920 879 2950 In
890 2918 1111 2959 piscatorum
1129 2916 1202 2949 loco

175 2972 351 3006 Bacchum
368 2973 577 3012 piscatorem
590 2970 749 3010 merqice,
768 2968 806 3000 ut
823 2966 920 2999 tradit
934 2965 1159 2999 Philochorus.

644 3022 729 3055 195.

215 3080 324 3116 Quum
342 3076 472 3118 Alyrius
483 3099 493 3116 ,
509 3074 710 3113 Herodotus,
726 3072 957 3111 Philochorus,
976 3071 1009 3103 et
1024 3073 1107 3103 Ister
1117 3093 1127 3110 ,
1146 3070 1202 3111 qui

174 3125 316 3157 maxime
328 3124 362 3156 in
377 3123 408 3155 id
426 3122 646 3155 incubuerunt
656 3144 664 3160 ,
679 3123 716 3152 ut
730 3119 872 3152 carmine
884 3118 971 3151 dicta
985 3117 1115 3150 oracula
1127 3126 1201 3149 con-

175 3172 360 3211 scriberent,
381 3170 511 3203 oracula
523 3170 620 3202 etiam
636 3176 748 3210 prorsa
763 3167 910 3199 oratione
919 3166 1007 3199 edita
1019 3165 1200 3204 retulerint,

174 3218 412 3258 Theopompus,
427 3225 492 3257 quo
505 3225 600 3248 nemo
615 3215 784 3247 hominum
807 3213 992 3254 diligentius
1008 3211 1132 3244 oraculi
1146 3211 1202 3243 1111-

174 3265 224 3305 jus
240 3273 290 3296 res
304 3265 466 3295 scrutatus
482 3265 542 3303 est,
557 3263 763 3294 vehementer
775 3269 830 3293 eos
843 3259 1057 3301 reprehendit,
1073 3259 1129 3300 qui
1146 3267 1202 3300 pu-

176 3312 278 3344 tarent
293 3311 364 3343 istis
375 3309 574 3350 temporibus
584 3309 734 3350 Pythiam
748 3307 889 3340 carmine
904 3316 968 3339 non
982 3305 1199 3348 respondisse.

644 3363 729 3396 196.

213 3415 423 3450 Philochorus
438 3414 553 3453 refert,
571 3415 637 3446 tres
653 3413 837 3454 Nymphas,
859 3411 1013 3452 Apollinis
1030 3411 1175 3444 nutrices
1189 3434 1198 3451 ‚
1225 3417 1231 3428 '

882 180 1199 222 PHILOCHORI
1227 184 1561 226 FRAGMENTA.

1307 277 1382 311 Pro
1400 274 1558 328 Ἀλυρίου
1575 277 1751 315 Reiskius
1768 277 1844 328 legi
1861 278 1943 315 vult
1959 277 2143 328 Ἀλυπίου,
2177 289 2282 319 ratus

1256 330 1429 371 hocloco
1448 347 1661 374 sermonem
1690 349 1770 374 esse
1798 336 1846 374 de
1868 337 2009 387 Alypio
2037 337 2284 388 Andronico,

1257 404 1372 441 quem
1392 393 1650 444 Hieronymus
1669 396 1709 433 in
1730 395 1832 446 praef.
1854 394 1901 432 ad
1910 395 2060 434 Daniel.
2079 395 2220 434 laudat.

1310 509 1500 549 Zenobius
1523 453 1828 550 Proverb.1c2iit.
1847 515 1893 560 V,
1909 511 1958 559 75
1975 511 2195 567 εΦιλόχορός
2216 530 2288 570 φη-

1258 583 1325 616 σιν,
1340 566 1392 606 ὅτι
1405 568 1539 623 νύμφαι
1552 577 1714 623 κατεῖχον
1725 571 1783 610 τὸν
1799 572 2021 626 Παρνασσὸν,
2036 573 2155 626 τροφοὶ
2166 574 2290 614 Ἀπόλ-

1257 627 1366 670 λωνος
1377 657 1386 675 ,
1404 634 1515 682 τρεῖς,
1538 630 1752 682 καλούμεναι
1770 631 1877 685 Θριαὶ
1892 662 1903 681 ,
1921 631 1979 685 ἀφ’
1997 626 2045 670 ὧν
2066 633 2102 670 αἱ
2122 633 2289 684 μαντικαὶ

1258 688 1367 740 ψῆφοι
1383 687 1474 741 θριαὶ
1497 690 1694 729 καλοῦνται.

1313 805 1441 844 Schol.
1473 807 1590 857 Soph.
1625 749 1741 849 OEd,1
1752 748 1853 858 S''Il7y1n
1886 822 1931 846 21
1947 822 1955 845 :
1973 806 2079 847 Ἔστι
2111 807 2208 863 παρὰ
2239 809 2291 862 τῷ

1261 863 1416 918 Ἰσμηνῷ
1433 863 1649 909 Ἀπόλλωνος
1665 865 1754 920 ἱερόν
1768 882 1776 890 ·
1793 865 1846 904 διό
1859 882 1944 920 φησι
1966 867 2177 920 (Σοφοκλῆς)
2196 882 2291 919 μαν-

1259 921 1334 976 τείᾳ
1353 923 1492 977 σποδῷ·
1514 927 1615 962 τοῦτο
1649 923 1683 962 δὲ
1714 925 1792 964 ἀντὶ
1823 929 1885 963 τοῦ
1917 928 2046 979 βωμῷ,
2074 924 2128 965 ὅτι
2147 925 2204 964 διὰ
2220 927 2290 965 τῶν

1261 980 1425 1035 ἐμπόρων
1451 981 1679 1034 ἐμαντεύοντο
1697 985 1728 1023 οἱ
1747 985 1869 1037 ἱερεῖς,
1886 983 1933 1028 ὥς
1949 999 2035 1039 φησι
2054 983 2264 1040 Φιλόχορος.

1316 1099 1439 1138 Schol.
1457 1099 1566 1139 Pind.
1587 1101 1644 1138 Ol.
1672 1043 1866 1149 Χ11ῗ81οε
1889 1099 2087 1156 Φιλόχορος
2113 1101 2149 1140 δὲ
2167 1101 2230 1146 τὰς
2254 1102 2295 1141 ἐκ

1263 1156 1382 1210 φήμης
1404 1157 1587 1209 μαντείας,
1603 1157 1763 1198 τουτέστι
1776 1159 1947 1207 κληδόνας
1968 1160 2027 1199 καὶ
2044 1159 2247 1215 πταρμοὺς,
2269 1160 2294 1208 ἢ

1263 1215 1400 1270 φωνὰς,
1418 1215 1441 1264 ἢ
1459 1217 1595 1271 φήμας,
1615 1216 1638 1264 ἢ
1662 1217 1872 1265 ἀπαντήσεις
1892 1218 2055 1270 σύμὸολά
2080 1235 2166 1274 φησι
2190 1219 2296 1272 λέγε-

1263 1279 1365 1314 σθαι·
1399 1278 1444 1320 ὡς
1474 1276 1697 1330 Ἀρχίλοχος·
1737 1295 1752 1313 «
1765 1277 1998 1330 Μετέρχομαί
2027 1294 2066 1317 σε
2080 1309 2091 1328 ,
2118 1278 2294 1331 σύμὸολον

1262 1334 1494 1387 ποιουμένη.»
1528 1335 1740 1388 Χρήσασθαι
1775 1335 1812 1374 δὲ
1843 1338 1958 1380 αὐτοῖς
1992 1336 2135 1390 πρώτην
2163 1337 2296 1390 Δήμη-

1263 1410 1284 1431 τ
1307 1409 1359 1432 αν.

1287 1409 1304 1448 ρ
1318 1452 1462 1491 Eadem
1478 1453 1557 1492 fere
1572 1453 1689 1492 habet
1700 1454 1916 1504 Hesychius
1935 1469 1963 1494 5.
1978 1469 2015 1493 v.
2036 1453 2254 1507 Συμὸόλους.

1734 1516 1748 1550 l
1813 1544 1822 1553 .

1317 1570 1446 1609 Schol.
1469 1571 1586 1609 Arist.
1617 1574 1690 1610 Av.
1718 1514 1819 1619 72919:
1841 1570 2028 1623 Ξύμὸολον
2052 1571 2144 1626 ὄρνιν
2177 1571 2295 1626 φασὶν,

1263 1628 1339 1667 ἐπεὶ
1358 1628 1553 1680 συμὸόλους
1569 1628 1706 1668 ἐποίουν
1723 1628 1802 1674 τοὺς
1818 1632 1942 1682 πρῶτα
1962 1628 2199 1675 ξυναντῶντας
2211 1661 2221 1679 ,
2235 1630 2296 1670 καὶ

1263 1686 1297 1733 ἐξ
1316 1687 1544 1735 ἀπαντήσεώς
1562 1703 1597 1725 τι
1620 1688 1936 1741 προσημαίνοντας.
1956 1688 2164 1740 Ξυμὸόλους
2183 1687 2219 1728 δὲ
2235 1688 2295 1728 καὶ

1261 1746 1340 1790 τοὺς
1356 1745 1412 1785 διὰ
1436 1748 1504 1785 τῶν
1521 1750 1693 1800 πταρμῶν
1714 1746 1921 1799 οἰωνισμοὺς
1946 1747 2083 1799 ἔλεγον·
2103 1747 2296 1787 ἀνετίθεντο

1262 1804 1298 1844 δὲ
1312 1799 1406 1844 οὗτοι
1424 1805 1610 1860 Δήμητρι,
1628 1804 1675 1850 ὥς
1693 1821 1779 1859 φησι
1793 1804 2000 1860 Φιλόχορος.

1315 1929 1442 1968 Schol.
1472 1931 1581 1967 Arist.
1608 1934 1704 1968 Ran.
1731 1871 1847 1967 {33}-
1863 1928 1937 1968 Τὸν
1968 1931 2148 1968 Μουσαῖον
2182 1929 2295 1968 παῖδα

1261 1986 1418 2035 Σελήνης
1445 1987 1507 2026 καὶ
1534 1986 1725 2039 Εὐμόλπου
1751 1986 1948 2042 Φιλόχορός
1977 2003 2102 2040 φησιν·
2131 1976 2230 2033 οἶτος
2257 1987 2294 2028 δὲ

1261 2046 1471 2100 παραλύσεις
1496 2047 1556 2085 καὶ
1581 2045 1721 2091 τελετὰς
1748 2047 1808 2085 καὶ
1835 2045 2036 2100 καθαρμοὺς
2064 2046 2290 2087 συντέθεικεν.

1262 2104 1307 2145 Ὁ
1324 2105 1360 2143 δὲ
1378 2107 1560 2159 Σοφοκλῆς
1575 2105 1821 2160 χρησμολόγον
1839 2105 1941 2144 αὐτόν
1962 2120 2063 2160 φησι.

1314 2224 1572 2262 Tertullianus
1600 2227 1659 2263 De
1684 2166 1824 2262 3111213111.
1842 2237 1926 2276 cap.
1962 2230 2010 2272 47
2033 2239 2042 2261 ε
2075 2240 2091 2258 (ι
2114 2225 2291 2262 Ceterum

1265 2334 1463 2365 Parnassum
1485 2333 1681 2373 incoluisse,
1695 2342 1770 2374 quae
1787 2333 1895 2366 Thriae
1907 2332 2116 2372 dicebantur;
2133 2331 2175 2365 ab
2189 2333 2291 2374 iisque

1264 2382 1367 2413 sortes
1381 2403 1391 2420 ,
1406 2389 1446 2413 ex
1464 2381 1584 2422 quibus
1599 2383 1691 2414 vates
1705 2381 1922 2413 vaticinantur
1933 2405 1943 2421 ,
1959 2379 2159 2422 appellantur
2175 2379 2288 2414 thrioe.

1306 2488 1365 2519 Est
1377 2487 1463 2528 apud
1475 2489 1641 2520 Ismenum
1654 2487 1811 2528 templum
1823 2486 1992 2528 Apollinis,
2003 2493 2102 2527 quare
2114 2483 2289 2526 sophocles

1263 2533 1344 2567 dicit
1371 2535 1499 2576 μαντείᾳ
1524 2536 1645 2576 σποδῷ,
1673 2535 1761 2576 (111οᾱ
1780 2533 1924 2575 positum
1939 2534 1989 2565 est
2003 2541 2062 2573 pro
2078 2533 2196 2574 βωμῷ,
2214 2529 2299 2573 quia'

1262 2590 1303 2613 ex
1318 2581 1431 2622 signis,
1445 2590 1520 2622 quae
1532 2581 1663 2614 flamma
1675 2581 1883 2614 victimarum
1895 2580 1930 2612 in
1945 2588 2001 2612 ara
2015 2579 2289 2611 concrematarum

1262 2628 1380 2669 dabat,
1396 2628 1659 2662 vaticinabantur
1674 2628 1867 2668 sacerdotes,
1883 2630 1920 2660 ut
1936 2626 2034 2659 tradit
2050 2626 2271 2659 Philochorus.

1302 2734 1515 2767 Philochorus
1532 2734 1630 2774 dicit,
1649 2734 1759 2766 omina
1774 2743 1814 2767 ex
1825 2742 1905 2765 sono
1921 2734 2041 2773 sumta,
2062 2731 2083 2764 i.
2103 2740 2132 2764 e.
2150 2740 2170 2764 a
2181 2739 2288 2764 rumo-

1260 2780 1362 2820 ribus,
1378 2781 1651 2821 sternutamentis,
1670 2780 1760 2812 sonis
1777 2780 1885 2812 subito
1900 2778 2008 2819 editis,
2028 2778 2137 2810 verbis
2149 2784 2288 2819 pronun·

1259 2827 1360 2866 fiatis,
1375 2836 1512 2859 occursu
1528 2828 1669 2860 hominis
1684 2828 1736 2860 vel
1752 2826 1928 2859 animantis
1943 2825 2053 2857 vocari
2068 2824 2236 2866 symbola;
2250 2825 2294 2857 ut·

1260 2874 1472 2906 Archilochus
1499 2875 1544 2907 ait
1559 2884 1567 2906 ε
1585 2888 1601 2902 «
1612 2875 1801 2915 Symbolum
1818 2875 1941 2907 faciens
1953 2873 1995 2906 ad
2007 2875 2038 2905 te
2053 2872 2212 2906 accedo.»
2228 2870 2289 2916 His

1259 2921 1398 2962 primam
1414 2929 1508 2953 usam
1525 2930 1596 2954 esse
1612 2923 1775 2954 Cererem.

1300 3029 1402 3059 Avem
1418 3026 1530 3059 dicunt
1545 3027 1700 3067 σύμὸολον
1712 3050 1721 3066 ,
1739 3027 1816 3067 (11113
1828 3026 2001 3067 συμὸόλους
2013 3033 2069 3057 305
2083 3033 2156 3057 esse
2167 3022 2286 3065 judica-

1258 3073 1338 3106 bant
1348 3097 1357 3113 ,
1373 3073 1429 3114 qui
1447 3073 1590 3114 primum
1615 3073 1695 3113 ipsis
1709 3072 1840 3104 obviam
1856 3072 1932 3104 facti
1951 3080 1990 3103 ex
2005 3071 2067 3103 hoc
2079 3079 2217 3103 occursu
2233 3067 2289 3102 ali·

1259 3121 1336 3162 quid
1365 3119 1598 3162 praedicerent3
1625 3120 1722 3152 etiam
1737 3120 1847 3152 omnia
1860 3128 1899 3151 ex
1914 3118 2179 3150 sternutamentis
2191 3116 2283 3157 capta

1258 3167 1409 3200 dicebant
1424 3166 1576 3208 σύμὸολα.
1595 3168 1677 3199 Haec
1692 3165 1915 3198 tribuebantur
1929 3165 2049 3204 Cereri,
2062 3166 2100 3195 ut
2116 3161 2289 3205 Philochog

1259 3223 1314 3247 rus
1329 3214 1439 3247 tradit.
2274 3223 2283 3228 ·-

1723 3261 1814 3293 200.

1299 3316 1457 3347 Musaeum
1469 3313 1684 3345 Philochorus
1700 3312 1778 3344 dicit
1791 3314 1891 3344 Lunae
1904 3312 1937 3343 et
1951 3310 2102 3351 Eumolpi
2119 3309 2234 3340 filium.
2246 3307 2279 3339 1⁸

1258 3362 1452 3400 solutiones,
1467 3360 1677 3401 Expiationes
1694 3361 1726 3391 et
1740 3359 1950 3400 Purgationes
1972 3357 2148 3398 suscripsit.
2164 3353 2278 3396 sopho·

1257 3409 1322 3442 cles
1335 3417 1408 3441 eum
1424 3408 1563 3450 appellat
1580 3408 1701 3439 vatem.
