2320 3684
151 214 225 248 ⁴24

632 289 652 327 4
664 290 695 327 1.

205 352 386 404 Stephan.
422 354 510 402 Byz.
543 364 551 387 :
584 347 739 391 Ὤλενος.
839 345 1021 394 Κέκληται
1053 346 1083 386 δ’
1117 346 1180 383 ἀπ’

153 412 301 452 Ὠλένου
321 414 381 449 τοῦ
395 408 523 457 Διὸς,
506 424 552 451 ως
567 406 703 460 Ἴστρος
720 407 755 445 ἐν
770 405 973 458 Αἰγυπτίων
991 404 1179 447 ἀποικίαις

154 473 267 510 «Τῶν
292 468 327 508 δὲ
347 468 529 507 Δαναϊδῶν
547 465 709 510 Ἀναξιθέ
694 482 751 510 εας
766 464 826 504 καὶ
843 463 924 509 Διὸς
942 460 1094 503 Ὤλενον
1117 477 1181 514 γε-

152 530 271 568 νέσθαι
290 528 348 567 τὸν
370 526 521 579 ἄρξαντα
537 527 606 563 τῶν
628 524 846 565 Ὠλενίων.»

207 589 262 626 Cf.
299 586 472 624 Eustath.
514 585 563 623 ad
599 587 758 624 Homer.
796 597 838 635 p.
869 584 947 621 883
993 585 1107 621 Rom.
1145 588 1184 618 et

154 648 316 686 Phavor.
331 659 368 682 v.
384 644 504 682 Ὠλεν.
523 643 649 697 πέτρα.

638 703 703 741 42.

206 765 388 816 Stephan.
409 766 500 814 Byz.
523 778 532 801 z
555 761 738 814 Αἰγιαλὸς,
769 760 897 812 μεταξὺ
918 762 1096 804 Σικυῶνος
1123 758 1185 797 κοιλ1

153 828 214 863 τοῦ
245 823 468 876 Βουπρασίου
498 821 711 874 καλούμενος
740 821 856 869 τόπος,
888 819 957 859 ἀπὸ
989 817 1186 871 Αἰγιαλέως

153 886 213 921 τοῦ
234 882 386 935 Ἰνάχου,
404 882 451 924 ὡς
468 879 604 935 Ἴστρος
623 881 659 919 ἐν
679 879 854 923 ἀποικίαις
872 881 936 926 τῆς
955 877 1151 929 Αἰγύπτου.

531 1017 805 1055 ΑΡΓΟΛΙΚΑ.

642 1075 707 1113 43.

209 1137 349 1175 Athen.
362 1138 468 1184 XIV,
489 1150 528 1188 p.
547 1135 635 1183 650,
651 1138 703 1173 B:
721 1133 797 1173 Ἀπ’
818 1132 931 1172 ἀπίων
949 1132 1009 1172 καὶ
1025 1134 1048 1179 ἠ
1066 1132 1183 1171 Πελο-

157 1195 326 1244 πόννησος
356 1195 459 1235 Ἀπία
490 1194 643 1244 ἐκλήθη,
690 1193 747 1232 διὰ
783 1192 824 1232 τὸ
864 1190 1124 1245 ἐπιδαψιλεύειν
1152 1191 1187 1228 ἐν

157 1257 244 1308 αὐτῇ
263 1255 304 1294 τὸ
323 1255 443 1309 φυτὸν,
464 1254 569 1309 φησὶν
587 1253 725 1306 Ἴστρος
742 1254 776 1291 ἐν
794 1258 865 1296 τοῖς
881 1253 1106 1306 Ἀργολικοῖς.

210 1368 392 1419 Stephan.
414 1370 503 1417 Byz.
521 1382 530 1405 ι
550 1365 676 1414 Ἀπία,
693 1363 801 1408 οὕτως
818 1366 850 1403 οἱ
870 1363 1032 1416 νεώτεροι
1047 1363 1087 1402 τὸ
1102 1361 1190 1417 Ἄρ-

157 1442 217 1478 γος
306 1425 406 1474 Φησὶ
437 1425 475 1464 δὲ
502 1426 563 1464 καὶ
597 1424 660 1468 τὰς
692 1422 849 1477 ἀχράδας
884 1423 946 1466 τὰς
971 1425 1007 1461 ἐν
1038 1425 1125 1477 αὐτῇ
1143 1426 1187 1476 τῇ

157 1485 260 1539 χώρᾳ
275 1484 482 1537 γιγνομένας
499 1484 637 1537 Ἴστρος
655 1483 777 1527 ἀπίους
794 1481 864 1521 ἀπὸ
882 1482 1014 1531 ταύτης
1034 1483 1102 1522 ὑπὸ
1119 1486 1188 1522 τῶν

158 1545 281 1590 ἔξωθεν
299 1546 479 1596 λεχθῆναι.

564 1672 773 1710 ΗΛΙΑΚΑ.

647 1731 711 1770 45.

215 1792 347 1843 steph.
367 1795 456 1842 Byz.
474 1806 482 1829 :
500 1789 669 1835 Φύτειον,
689 1788 790 1833 πόλις
813 1788 960 1835 ’Ἤλιδος
977 1792 1040 1837 τῆς
1059 1790 1189 1838 κοίλης·

161 1851 231 1890 ἀπὸ
261 1850 409 1895 Φυτέως
436 1850 548 1902 λέγων
578 1849 686 1897 αὐτὴν
723 1848 926 1904 ὠνρμάσθαι
955 1848 1091 1903 Ἴστρος
1133 1865 1191 1888 τε-

160 1912 279 1965 τάρτῳ
299 1911 489 1950 Ἠλιακῶν.

649 1971 712 2008 46.

215 2034 340 2074 Schol.
353 2034 393 2071 in
422 2034 567 2071 Platon.
592 2047 630 2084 p.
647 2034 722 2071 380
742 2034 856 2072 Bekk.
873 2048 881 2071 :
903 2033 999 2087 Πρὸς
1015 2033 1074 2072 δύο
1090 2032 1162 2072 οὐδ’
1175 2035 1194 2072 ὁ

203 2203 338 2235 Olenus.
425 2204 550 2235 vocata
564 2211 642 2235 vero
662 2202 725 2235 suit
741 2202 782 2235 ab
803 2202 923 2243 Olen0‚
946 2203 1039 2235 Jovis
1055 2202 1138 2244 filio,
1160 2203 1196 2236 ut

161 2252 243 2283 Ister
260 2250 294 2281 in
314 2250 538 2291 AEgyptiorum
560 2250 696 2282 coloniis
719 2259 728 2282 ε
755 2262 771 2278 τι
793 2250 856 2282 Sed
874 2258 914 2282 ex
936 2249 1116 2282 Anaxithea
1135 2252 1196 2282 Da-

162 2298 296 2331 naidum
321 2307 384 2330 una
404 2299 438 2330 et
460 2299 543 2330 Jove
558 2321 567 2336 ‚
589 2298 729 2330 Olenum
743 2321 752 2338 ‚
775 2297 833 2339 qui
857 2297 980 2330 Oleniis
1001 2297 1195 2338 imperavit,

163 2348 277 2378 natum
299 2345 411 2377 fuisse.
432 2358 446 2373 υ

649 2400 712 2432 42.

204 2450 368 2492 AEgialus‚
388 2450 478 2482 locus
499 2451 549 2483 est
568 2451 653 2483 inter
676 2452 847 2492 Sicyonem
863 2452 895 2482 et
918 2450 1130 2491 Buprasium,
1151 2449 1197 2482 ita

164 2499 278 2578 dictusl
288 2497 328 2530 ab
337 2497 478 2550 AEgialeo
488 2498 600 2530 Inachi
616 2498 682 2530 filio
693 2521 702 2537 ,
721 2498 768 2530 uti
785 2498 881 2530 refert
898 2499 980 2530 Ister
996 2498 1030 2529 in
1039 2497 1198 2538 AEgyptia-

166 2555 212 2578 cis
228 2555 266 2578 co
279 2554 375 2578 onus.

569 2602 788 2616 ——QGOOQ—

540 2657 818 2696 ARGOLICA.

650 2722 714 2755 43.

208 2776 257 2808 Ab
273 2776 404 2808 illorum
416 2777 582 2816 pirorum
600 2776 714 2807 Graeco
730 2774 861 2806 nomine
879 2773 890 2814 ζ
904 2773 1008 2814 ἅπια)
1027 2773 1125 2805 etiam
1143 2775 1198 2805 Pe-

168 2824 364 2865 loponnesus
384 2823 471 2863 Apta
485 2822 653 2854 nominata
667 2823 735 2862 est,
753 2820 841 2862 quod
858 2821 919 2852 hoc
934 2820 1042 2852 fructu
1057 2819 1199 2851 abunda-

169 2869 242 2911 bat,
258 2872 295 2902 ut
309 2870 354 2901 ait
369 2871 451 2902 Ister
467 2869 501 2900 in
517 2868 684 2910 Argolicis.

653 2927 716 2961 44.

212 2980 303 3021 Apia.
385 2983 467 3014 Ister
489 2982 674 3022 pyrastrum
691 2979 725 3011 in
746 2979 828 3020 Apia
850 2978 979 3019 regione
995 2978 1199 3016 nascentem,

171 3029 293 3067 apium
308 3027 348 3059 ab
364 3029 475 3061 eadem
491 3027 578 3069 apud
593 3029 722 3059 exteros
736 3025 895 3058 nominari
910 3025 1020 3057 tradit.

590 3096 800 3110 4990.»-

588 3146 787 3184 ELIACA.

215 3266 392 3306 Phyteum,
422 3267 501 3298 urbs
523 3267 625 3299 Elidis
641 3216 730 3299 (ἔξω
754 3276 761 3298 :
787 3276 805 3299 a
825 3267 949 3308 Phyteo
965 3267 1044 3299 dicit
1059 3275 1129 3299 eam
1147 3275 1201 3298 no-

175 3313 290 3345 minari
310 3315 392 3345 Ister
407 3316 521 3354 quarto
543 3314 740 3346 Eliacorum.

659 3368 721 3400 46.

212 3422 275 3453 Gon
282 3423 338 3453 tra
351 3419 436 3452 duos
446 3428 486 3451 ne
495 3420 658 3451 Hercules
666 3419 817 3460 quidem.
834 3444 867 3451 ...
879 3419 990 3452 Tradit
998 3418 1199 3460 Echephylli-

958 199 1096 240 ISTRI
1124 197 1457 239 FRAGMENTA.

1237 284 1432 338 Ἡρακλῆς]
1451 285 1709 340 Ἐχεφυλλίδας
1727 285 1776 334 δὲ,
1793 285 1895 326 αὐτὸν
1907 286 1979 338 (τὸν
1992 285 2188 342 (Ηρακλέα)
2199 287 2268 328 ὑπὸ

1242 350 1402 390 Κτεάτου
1412 349 1471 389 καὶ
1482 349 1640 404 Εὐρύτου
1652 354 1721 390 τῶν
1733 352 1951 390 Μολιονιδῶν
1962 354 2158 401 ἡττηθῆναι
2174 351 2269 392 κατὰ

1237 408 1300 456 τὴν
1316 409 1370 448 ἐπ’
1380 408 1520 462 Αὐγέαν
1535 410 1731 463 στρατείαν·
1747 409 1939 463 διωχθέντα
1953 410 1990 449 δὲ
2009 410 2093 465 ἄχρι
2110 414 2174 458 τῆς
2182 413 2272 451 Βου-

1238 467 1424 520 πράσιδος,
1443 467 1504 506 καὶ
1521 469 1839 524 περιὸλεψάμενον,
1857 471 1904 513 ὡς
1921 469 2032 512 οὐδεὶς
2051 468 2180 514 ἐξίκετο
2198 471 2269 508 τῶν

1239 526 1431 600 πολεμίων,
1453 527 1626 581 ἀναψῦξαί
1641 543 1699 576 τε,
1716 527 1811 567 καὶ’
1797 543 1836 566 εκ
1857 543 1918 566 του
1931 527 2190 582 παραρρέοντος
2203 543 2271 568 πο-

1239 589 1353 637 ταμοῦ
1367 585 1492 625 πιόντα
1509 590 1806 640 προσαγορεῦσαι·
1825 588 1941 626 Τουτο
1953 586 2019 634 ἡδυ
2034 587 2136 640 ὕδωρ.
2146 585 2194 626 Ὃ
2209 591 2270 626 ν’ὕν

1241 644 1414 683 δείκνυται
1433 644 1586 684 ἷόντων’
1572 661 1611 684 εκ
1628 645 1752 696 Δύμης
1768 647 1817 689 εἷς
1834 639 1955 692 ς’,Ηλιν
1969 644 2184 697 καλουμενον
2204 646 2273 685 ὑπὸ

1240 705 1310 741 τῶν
1342 703 1522 758 ἐγχωρίων
1555 703 1641 757 βαδυ
1680 703 1784 758 ὕδωρ.
1820 704 1879 743 Τὰ
1911 704 1946 743 δὲ
1972 703 2061 743 αὐτὰ
2078 704 2140 743 καὶ
2159 706 2273 758 Φερε-

1241 761 1348 810 κύδης
1375 763 1434 802 καὶ
1460 763 1662 817 Κώμαρχος
1684 763 1744 802 καὶ
1764 746 1916 817 Ἴστρος
1925 765 1960 802 ἐν
1995 769 2067 808 τοῖς
2093 763 2274 808 Ἦλιακοῖς

1241 823 1429 875 ἱστοροῦσι.
1464 821 1536 861 Καὶ
1568 822 1625 861 διὰ
1653 826 1754 862 τοῦτο
1783 821 1932 877 θεωρους
1955 821 2033 866 τους
2063 822 2275 866 Μολιονίδας

1243 879 1358 924 ἰόντας
1391 882 1438 924 εἷς
1469 880 1638 935 Κόρινθον
1666 881 1870 934 λοχησαντα
1902 897 1960 920 τον
1983 880 2163 935 Ἡρακλέα
2194 881 2275 935 περὶ

1243 938 1436 984 Κλεωνὰς’
1417 946 1632 979 αποκτεῖναι.
1640 939 1750 980 “Ὀθεν
1764 940 1948 984 ’maim’
1929 939 2116 992 απώμοτον
2128 933 2218 979 εἶναι
2229 938 2276 978 τὰ

1246 997 1391 1050 Ἴσθμια
1410 998 1658 1051 ἀγωνίζεσθαι,
1677 997 1731 1037 ότι
1751 997 1898 1053 θεωρους
1916 998 2138 1051 πεμφθέντας
2157 999 2206 1043 εἷς
2216 997 2275 1037 τὸν

1244 1057 1383 1109 Ἰσθμὸν
1405 1057 1485 1101 τους
1505 1058 1718 1102 Μολιονίδας
1745 1058 1833 1097 ἑλὼν
1852 1058 2069 1112 ἹᾸΙρακλίῆςε
2055 1057 2123 1098 υπὸ
2142 1060 2276 1111 Κοριν-

1247 1115 1329 1155 θίων
1350 1115 1490 1168 ἐδέχθη.

1299 1176 1355 1214 Cf.
1376 1175 1548 1214 Philoch.
1571 1175 1616 1213 fr.
1636 1177 1698 1214 36.

1275 1307 1308 1344 H
1337 1305 1604 1345 ΣΥΝΑΓΩΓΗ
1627 1305 1726 1344 ΤΩΝ
1756 1306 2018 1345 ΚΡΗΤΙΚΩΝ
2045 1306 2248 1346 ΘΥΣΙΩΝ.

1734 1369 1797 1407 47.

1301 1438 1490 1478 Eusebius
1515 1442 1682 1490 Praepar.
1720 1451 1852 1490 evang.
1887 1441 1955 1487 IV,
1987 1440 2033 1476 16
2057 1452 2097 1490 p.
2123 1438 2196 1476 156
2220 1436 2280 1476 ed.

1247 1499 1383 1538 colon.
1402 1498 1500 1535 1688
1514 1512 1522 1534 :
1537 1493 1674 1551 Ἴστρος
1691 1498 1726 1536 ἐν
1744 1499 1787 1550 τῇ
1798 1499 1995 1550 Συναγωγῇ
2012 1499 2082 1536 τῶν
2093 1498 2280 1550 Κρητικῶν

1248 1559 1374 1595 θυσιῶν
1402 1555 1510 1610 φησὶ,
1536 1554 1618 1599 τσὺς
1646 1555 1834 1610 Κούρητας
1859 1555 1899 1595 τὸ
1918 1555 2068 1595 παλαιὸν
2087 1558 2138 1610 τῷ
2157 1554 2282 1610 Κρόνῳ

1249 1615 1340 1654 θύειν
1357 1616 1498 1660 παῖδας.

1304 1675 1450 1713 Eadem
1465 1683 1554 1713 sunt
1569 1687 1631 1726 ap.
1649 1675 1841 1727 Porphyr.
1858 1678 1917 1713 De
1935 1674 2073 1713 abstin.
2091 1678 2142 1713 11.

1679 1755 1867 1770 mu*-

1446 1798 1570 1837 ΠΕΡΙ
1598 1798 1877 1837 ΙΔΙΟΤΗΤΟΣ
1899 1798 2085 1837 ΑΘΛΩΝ.

1304 1915 1476 1954 Clemens
1498 1915 1605 1954 Alex.
1621 1856 1848 1964 St=·om4.81l1,
1865 1929 1904 1966 p.
1926 1922 2016 1963 447,
2031 1918 2075 1964 C,
2093 1915 2141 1954 de
2156 1915 2282 1954 athle-

1253 1976 1301 2014 tis
1320 1989 1450 2027 agens,
1468 1976 1535 2027 qui
1550 1990 1572 2014 a
1593 1979 1741 2014 Venere
1760 1976 2050 2025 abstinuerunt,
2073 1976 2187 2014 etiam
2209 1976 2283 2014 hoc

1252 2036 1367 2073 affert
1385 2050 1394 2072 ε
1412 2033 1464 2074 “O
1492 2050 1530 2073 τε
1547 2036 1743 2088 Κυρηναῖος
1759 2033 2001 2088 Ἀριστοτέλης
2016 2030 2133 2073 Λαΐδα
2146 2036 2282 2089 ἐρῶσαν

1251 2144 1322 2185 das,
1330 2145 1499 2178 Herculem
1507 2154 1526 2177 a
1532 2146 1646 2178 Cteato
1653 2147 1686 2177 et
1692 2147 1816 2186 Euryto
1822 2144 2021 2180 Molionidis‚
2028 2145 2062 2176 in
2071 2145 2284 2186 expeditione.

1252 2201 1352 2233 quam
1369 2193 1483 2225 contra
1503 2194 1648 2233 Augeam
1669 2191 1765 2233 fecit,
1786 2191 1952 2224 devictum
1971 2200 2064 2231 esse;
2086 2200 2188 2232 quum
2208 2200 2284 2224 vero

1253 2247 1356 2280 usque
1376 2238 1418 2271 ad
1439 2239 1631 2280 Buprasiam
1653 2238 1790 2279 fugisset
1808 2237 2034 2278 neminemque
2054 2237 2198 2270 hostium
2219 2237 2283 2270 ani-

1252 2286 1497 2326 madvertisset,
1521 2294 1556 2318 se
1575 2285 1724 2318 refecisse
1738 2286 1770 2317 et
1785 2285 1922 2317 fluvium
1938 2283 2228 2325 praeterssuentem,
2244 2293 2283 2317 ex

1252 2342 1318 2374 quo
1339 2334 1453 2375 potum
1475 2333 1639 2373 hauserit,
1662 2333 1709 2365 ita
1729 2333 1934 2373 alloquutum
1955 2340 2027 2364 esse
2049 2340 2059 2363 ε
2080 2331 2192 2364 Dulcis
2215 2332 2284 2366 haec

1253 2390 1346 2422 aqua.
1376 2383 1455 2413 Hoec
1479 2381 1720 2413 demonstratur
1751 2379 1791 2412 iis
1819 2379 1877 2420 qui
1908 2380 2013 2419 Dyma
2040 2377 2288 2419 proficiscuntur

1253 2428 1345 2468 Elin,
1363 2428 1524 2469 appellata
1540 2427 1581 2459 ab
1598 2427 1713 2459 incolis
1734 2426 1855 2460 Dulcis
1877 2427 1986 2466 Aqua.
2008 2424 2130 2456 Eadem
2145 2425 2285 2460 referunt

1255 2475 1473 2516 Pherecydes,
1495 2475 1696 2507 Comarchus
1718 2475 1751 2507 et
1771 2475 1854 2506 Ister
1871 2473 1907 2504 in
1927 2471 2058 2504 Eliacis.
2080 2473 2186 2513 Atque
2203 2473 2284 2504 hanc

1254 2522 1296 2555 ob
1312 2531 1381 2555 rem
1404 2517 1592 2562 Herculem,
1611 2522 1744 2554 structis
1765 2520 1905 2560 insidiis,
1924 2519 2082 2552 occidisse
2094 2519 2285 2553 Molionidas

1254 2579 1354 2612 prope
1369 2570 1524 2610 Cleonas,
1540 2578 1642 2610 quum
1659 2578 1783 2601 sacram
1799 2567 1990 2609 legationem
2003 2566 2160 2599 obeuntes
2177 2567 2285 2600 Corin-

1254 2618 1346 2649 thum
1376 2616 1665 2659 proficiscerentur.
1699 2618 1746 2647 Ea
1773 2624 1814 2647 ex
1841 2622 1956 2646 caussa
1970 2613 2055 2645 Eleis
2083 2613 2288 2647 interdictum

1254 2673 1326 2696 esse
1340 2688 1349 2704 ,
1373 2672 1414 2695 ne
1435 2663 1530 2695 ludos
1556 2662 1708 2695 Isthmius
1732 2661 1996 2703 frequentarent,
2018 2659 2106 2700 quod
2132 2660 2289 2693 Hercules

1254 2719 1356 2752 quum
1386 2709 1579 2742 Molionidas
1608 2718 1709 2742 sacrae
1737 2708 1905 2750 legationis
1933 2706 2091 2739 obeundae
2117 2715 2233 2739 caussa
2246 2707 2288 2740 ad

1254 2757 1415 2790 Isthmum
1439 2756 1559 2788 missos
1577 2757 1763 2797 occidisset,
1784 2765 1804 2787 a
1820 2752 1998 2788 Corinthiis
2016 2755 2102 2786 esset
2120 2755 2286 2794 exceptus.

1332 2879 1618 2919 COLLECTIO
1648 2875 2062 2916 SACRIFICIORUM
2091 2875 2212 2914 CRE-

1645 2934 1894 2974 TICORUM.

1736 3006 1799 3037 47.

1298 3063 1379 3094 Ister
1394 3060 1492 3092 etiam
1513 3062 1625 3091 auctor
1646 3061 1715 3097 est,
1736 3058 1768 3089 in
1788 3065 1826 3089 eo
1848 3056 1934 3097 quod
1953 3056 1993 3088 de
2014 3056 2219 3089 Cretensium
2239 3064 2276 3088 sa

1256 3108 1384 3140 crificiis
1403 3104 1505 3139 edidit
1524 3106 1704 3145 volumine,
1727 3112 1844 3146 pueros
1866 3103 1943 3135 olim
1965 3105 2105 3136 Saturno
2125 3102 2284 3136 immolari

1257 3164 1276 3187 a
1297 3154 1472 3188 Curetibus
1488 3153 1601 3186 solitos
1617 3153 1729 3184 fuisse.

1351 3284 1418 3323 DE
1445 3281 1806 3321 PROPRlETATE
1834 3279 2193 3320 CERTAMINUM.

1741 3358 1804 3391 48.

1301 3417 1487 3450 Aristoteles
1503 3417 1678 3457 Cyrenaeus
1695 3415 1857 3447 amantem
1873 3413 2006 3447 Laidem
2022 3413 2111 3446 solus
2126 3410 2280 3453 despexit.
