2320 3684
657 127 992 168 APOLLODORI
1017 129 1376 173 BlBLIOTHECAE
1396 135 1429 186 Ι,
1452 142 1489 186 3,
1510 142 1547 175 4.

71 213 303 269 Προμηθέως,
323 214 365 265 ἢ,
385 214 543 269 καθάπερ
571 213 672 254 ἄλλοι
697 214 872 266 λέγουσιν,
893 214 1103 270 Ἡφαίστου,

69 275 110 312 ἐκ
137 277 291 329 κορυφῆς
321 274 407 327 [ἐπὶ
440 277 602 326 ποταμοῦ
635 272 844 327 Τρίτωνος]
876 274 1007 322 Ἀθηνᾶ
1039 273 1102 313 σὺν

68 331 189 378 ὅπλοις
205 332 358 388 ἀνέθορε.

539 478 629 487 μ...-

419 552 674 585 ΚΕΦΑΑΑΙΟΝ
696 554 722 584 Δ
729 577 736 584 .

121 645 172 697 (1)
201 646 283 685 Τῶν
302 643 339 683 δὲ
358 644 466 684 Κοίου
486 644 686 701 θυγατέρων
703 646 866 701 Ἀστερία
880 646 957 700 μὲν,
975 651 1105 700 ὁμοιω-

66 705 165 742 θεῖσα
183 703 303 758 ὄρτυγι
311 734 322 753 ,
350 703 477 752 ἑαυτὴν
498 707 546 750 εἷς
567 706 747 746 θάλασσαν
775 706 907 762 ἔρῥιψε,
928 707 1103 763 φεύγουσα

64 761 130 810 τὴν
149 762 235 816 πρὸς
245 762 315 802 Δία
326 763 525 804 συνουσίαν.
543 765 615 804 Καὶ
633 765 733 810 πόλις
748 766 809 805 ἀπ’
827 767 960 815 ἐκείνης
979 767 1105 807 Ἀστε-

66 821 123 876 ρία
158 825 295 876 πρῶτον
314 824 504 874 κληθεῖσα,
525 823 668 879 ὕστερον
695 825 731 864 δὲ
748 827 874 874 Δῆλος.
896 828 913 852 2
933 826 1042 876 Λητὼ
1066 828 1103 867 δὲ

65 882 278 920 συνελθοῦσα
289 881 360 931 Διὶ,
372 882 464 921 κατὰ
476 882 541 931 τὴν
551 887 618 937 γῆν
630 884 772 924 ἅπασαν
792 885 848 940 ὑφ’
861 884 914 925 “H
918 902 978 941 ρας
987 886 1103 934 ἠλαύ-

64 954 154 978 νετο·
201 938 348 994 μέχρις,
387 942 436 985 εἷς
462 943 578 990 Δῆλον
612 944 780 993 ἐλθοῦσα,
816 950 921 998 γεννᾷ
957 945 1102 1000 πρώτην

63 997 242 1053 Ἄρτεμιν·
282 1000 340 1054 ὑφ’
373 994 416 1048 ἧς
452 1004 647 1053 μαιωθεῖσα
659 1034 670 1052 ,
707 1002 851 1058 ὕστερον
890 1004 1103 1045 Ἀπόλλωνα

64 1056 262 1110 ἐγέννησεν.

117 1117 134 1143 ³
152 1114 317 1171 Ἄρτεμις
329 1116 393 1170 μὲν
405 1112 464 1158 οῧν
475 1118 521 1158 τὰ
529 1120 610 1174 περὶ
622 1120 731 1176 θήραν
746 1121 949 1173 ἀσκήσασα,
967 1122 1102 1178 παρθέ-

63 1190 120 1220 νος
136 1175 294 1227 ἔμεινεν·
312 1176 496 1218 Ἀπόλλων
521 1178 558 1218 δὲ
579 1179 644 1228 τὴν
672 1181 844 1233 μαντικὴν
866 1181 987 1234 μαθὼν
1006 1182 1104 1238 παρὰ

62 1239 124 1274 τοῦ
145 1235 263 1280 Πανὸς
277 1240 338 1275 τοῦ
357 1237 439 1283 Διὸς
457 1238 518 1277 καὶ
536 1239 746 1296 Θύμὸρεως,
762 1236 847 1289 ἧκεν
866 1244 914 1286 εἷς
929 1243 1103 1298 Δελφοὺς,

63 1294 347 1350 χρησμῳδούσης
377 1295 456 1336 τότε
488 1298 653 1351 Θέμιδος·
689 1303 736 1344 ὡς
762 1300 798 1339 δὲ
824 1305 843 1340 ὃ
876 1306 1034 1358 φρουρῶν
1063 1303 1104 1343 τὸ

65 1361 227 1406 μαντεῖον
261 1354 387 1395 Πύθων
420 1356 497 1411 ὄφις
519 1358 670 1398 ἐκώλυεν
701 1360 804 1399 αὐτὸν
833 1363 1018 1415 παρελθεῖν
1045 1362 1103 1401 ἐπὶ

63 1413 104 1453 τὸ
123 1414 270 1467 χάσμα,
284 1418 407 1455 τοῦτον
422 1415 568 1467 ἀνελὼν,
583 1417 623 1457 τὸ
637 1425 799 1471 μαντεῖον
817 1421 1102 1474 παραλαμὸάνει.

62 1476 81 1501 4
101 1473 239 1513 Κτείνει
258 1473 295 1513 δὲ
316 1473 395 1526 μετ’
418 1476 458 1514 οὗ
476 1476 566 1515 πολὺ
585 1477 645 1516 καὶ
657 1478 800 1529 Τιτυὸν,
821 1479 857 1523 ὃς
870 1474 913 1527 ῆν
934 1480 1016 1525 Διὸς
1032 1481 1103 1527 υἱὸς

62 1532 122 1571 καὶ
157 1536 220 1581 τῆς
253 1533 476 1588 Ὀρχομενοῦ
513 1536 681 1591 θυγατρὸς
715 1538 890 1594 Ἔλάρης,
926 1538 968 1586 ἣν
1002 1539 1102 1591 Ζεὺς,

63 1590 183 1639 ἐπειδὴ
205 1594 374 1642 συνῆλθε,
403 1593 519 1639 δείσας
537 1593 656 1651 εἮραν
670 1627 680 1645 ,
707 1596 775 1635 ὑπὸ
793 1600 858 1649 γῆν
878 1597 1020 1653 ἔκρυψε,
1041 1599 1102 1638 καὶ

62 1649 121 1690 τὸν
145 1651 408 1705 κυοφορηθέντα
426 1653 538 1692 παῖδα
558 1654 688 1693 Τιτυὸν
717 1655 937 1710 ὑπερμεγέθη
960 1659 1008 1702 εἷς
1031 1661 1103 1714 φῶς

64 1708 250 1761 ἀνήγαγεν.
272 1714 288 1738 5
308 1705 422 1755 Οῧτος
432 1711 620 1766 ἐρχόμενος
638 1714 684 1758 εἷς
699 1714 821 1764 Πυθὼ,
840 1716 950 1763 Λητὼ
965 1717 1101 1772 θεωρή-

62 1783 145 1818 σας,
166 1769 263 1822 πόθῳ
280 1771 511 1823 κατασχεθεὶς
530 1773 735 1812 ἐπισπᾶται.
757 1773 804 1814 ‘H
821 1774 858 1813 δὲ
876 1774 956 1819 τοὺς
973 1778 1101 1823 παῖδας

62 1829 281 1867 ἐπικαλεῖται
305 1829 365 1868 καὶ
391 1829 682 1876 κατατοξεύουσιν
707 1832 824 1872 αὐτόν.
848 1834 1044 1880 Κολάζεται
1065 1835 1102 1874 δὲ

62 1886 124 1925 καὶ
148 1887 238 1939 μετὰ
267 1887 428 1928 θάνατον·
455 1893 562 1942 γῦπες
581 1889 649 1945 γὰρ
676 1893 782 1931 αὐτοῦ
804 1891 868 1941 τὴν
891 1893 1038 1948 καρδίαν
1065 1896 1101 1934 ἐν

61 1946 175 2004 ’ᾈδου
194 1949 379 1989 ἐσθίουσιν.

116 2007 166 2059 (2)
185 2008 383 2048 Ἀπέκτεινε
399 2009 436 2048 δὲ
451 2009 630 2051 Ἀπόλλων
642 2012 703 2051 καὶ
718 2012 778 2052 τὸν
792 2012 977 2066 Ὀλύμπου
990 2016 1102 2054 παῖδα

61 2065 248 2120 Μαρσύαν.
286 2062 400 2113 Οἷτος
435 2069 502 2124 γὰρ
537 2069 645 2124 εὑρὼν
680 2071 809 2116 αὐλοὺς
823 2104 833 2122 ,
870 2072 928 2118 οὒς
963 2073 1100 2129 ἔρριψεν

62 2125 191 2174 Ἀθηνᾶ
208 2127 265 2166 διὰ
289 2128 330 2167 τὸ
357 2128 421 2177 τὴν
447 2130 525 2185 ὄψιν
544 2133 651 2180 αὐτῆς
668 2139 779 2172 ποιεῖν
801 2133 972 2189 ἄμορφον,
995 2129 1100 2183 ’ἦλθεν

61 2186 107 2230 εἷς
124 2185 195 2240 ἔριν
206 2186 287 2241 περὶ
299 2191 470 2239 μουσικῆς
487 2189 694 2231 Ἀπόλλωνι.
706 2194 723 2218 2
742 2193 973 2245 Συνθεμένων
985 2193 1022 2232 δὲ
1034 2196 1102 2233 αὖ-

60 2246 144 2295 τῶν,
161 2244 220 2284 ἵνα
240 2250 258 2285 ὃ
276 2247 436 2297 νικήσας,
450 2248 469 2287 ὃ
485 2249 667 2302 βούλεται,
686 2251 790 2306 διαθῇ
810 2252 869 2291 τὸν
888 2252 1101 2305 ἡττημένον,

60 2306 123 2351 τῆς
142 2304 289 2359 κρίσεως
308 2307 510 2359 γενομένης,
538 2308 602 2357 τὴν
631 2310 778 2364 κιθάραν
798 2311 950 2367 στρέψας
966 2313 1101 2365 ἠγωνί-

62 2363 139 2407 ζετο
156 2366 175 2402 ὃ
195 2364 390 2416 Ἀπόλλων,
410 2367 469 2406 καὶ
487 2368 594 2407 ταύτὸ
612 2375 723 2408 ποιεῖν
743 2369 903 2409 ἐκέλευσε
919 2371 978 2410 τὸν
999 2374 1102 2427 Μαρ-

62 2420 161 2460 σύαν·
205 2427 266 2462 τοῦ
305 2423 342 2463 δὲ
385 2427 656 2479 ἀδυνατοῦντος,
695 2431 843 2484 εὑρεθεὶς
877 2431 1049 2486 κρείσσων
1082 2436 1101 2472 ὁ

62 2479 254 2532 Ἀπόλλων,
275 2485 456 2539 κρεμάσας
485 2486 544 2526 τὸν
572 2488 746 2543 Μαρσύαν
771 2488 811 2528 ἔκ
838 2507 931 2535 τινος
950 2493 1100 2547 ὑπερτε-

60 2544 137 2586 νοῦς
153 2542 287 2593 πίτυος,
309 2545 472 2598 ἐκταμὼν
491 2547 531 2586 τὸ
550 2547 675 2603 δέρμα,
692 2549 784 2589 οὕτω
801 2549 1003 2606 διέφθειρεν.

115 2602 165 2653 (3)
180 2602 340 2657 Ὠρίωνα
358 2604 394 2644 δὲ
408 2605 570 2661 Ἄρτεμις
589 2608 791 2649 ἀπέκτεινεν
814 2612 849 2649 ἐν
868 2610 988 2665 Δήλῳ.
1007 2613 1101 2651 Τοῦ-

60 2675 119 2699 τον
138 2665 269 2713 γηγενῆ
289 2663 450 2716 λέγουσιν
468 2667 687 2721 ὑπερμεγέθη
701 2669 742 2708 τὸ
760 2672 878 2722 σῶμα·
894 2670 1102 2725 Φερεκύδης

61 2717 98 2756 δὲ
117 2720 219 2759 αὐτὸν
241 2723 461 2767 Ποσειδῶνος
470 2725 530 2764 καὶ
543 2728 731 2781 Εὐρυάλης
748 2728 855 2781 λέγει.
869 2730 1100 2785 Ἐδωρήσατο

61 2777 98 2817 δὲ
122 2781 215 2829 αὐτῷ
237 2782 419 2822 Ποσειδῶν
441 2784 630 2825 διαόαίνειν
648 2786 711 2835 τὴν
737 2788 930 2828 θάλασσαν.
950 2790 967 2815 ²
987 2784 1102 2835 Οῧτος

61 2837 124 2890 μὲν
143 2838 253 2892 ἔγημε
277 2841 402 2892 Σίδην,
431 2843 474 2890 ἣν
502 2843 639 2899 ἔρριψεν
668 2848 715 2891 εἷς
739 2846 845 2905 ᾍδου
864 2847 944 2903 περὶ
965 2852 1101 2903 μορφῆς

61 2897 226 2951 ἐρίσασαν
246 2899 354 2955 Ἥρα.
375 2903 392 2928 3
414 2897 519 2948 Αὖθις
538 2903 575 2942 δὲ
595 2904 704 2944 ἐλθὼν
723 2908 770 2951 εἷς
796 2907 898 2957 Χίον,
928 2907 1099 2962 Μερόπην

60 2960 122 3004 τὴν
147 2960 364 3005 Οἰνοπίωνος
393 2963 669 3013 ἐμνηστεύσατο·
691 2965 844 3018 μεθύσας
861 2966 897 3006 δὲ
921 2969 1099 3008 Οἰνοπίων

62 3016 177 3066 αὐτὸν,
212 3020 432 3072 κοιμώμενον
454 3022 654 3077 ἐτύφλωσε,
675 3025 735 3064 καὶ
764 3026 862 3080 παρὰ
886 3033 958 3071 τοῖς
980 3029 1100 3080 αἰγια-

60 3075 132 3120 λοῖς
149 3075 300 3132 ἔῤῥιψεν.
320 3081 336 3105 4
358 3080 402 3120 eO
415 3080 451 3120 δὲ
463 3082 519 3121 ἐπὶ
534 3083 573 3122 τὸ
590 3086 756 3137 χαλκεῖον
771 3085 895 3136 ἐλθὼν,
907 3086 967 3126 καὶ
986 3088 1102 3142 ἁρπά-

61 3148 123 3179 σας
141 3138 250 3176 παῖδα
279 3138 353 3189 ἕνα,
381 3142 439 3181 ἐπὶ
465 3145 535 3183 τῶν
563 3145 672 3198 ὤμων
700 3148 915 3201 ἐπιθέμενος,
939 3151 1101 3191 ἐκέλευσε

60 3195 223 3245 ποδηγεῖν
238 3198 323 3252 πρὸς
341 3201 404 3245 τὰς
423 3204 606 3249 ἀνατολάς.
626 3206 725 3246 Ἐκεῖ
745 3207 782 3246 δὲ
806 3210 1100 3265 παραγενόμενος,

61 3252 263 3309 ἄνέὸλεψεν,
283 3259 420 3305 ἐκκαεὶς
440 3262 508 3301 ὕπὸ
527 3266 589 3311 τῆς
612 3267 762 3314 ἡλιακῆς
789 3270 939 3318 ἀκτῖνος,
957 3270 1017 3309 καὶ
1045 3271 1101 3309 διὰ

59 3312 197 3365 ταχέων
227 3316 285 3355 ἐπὶ
312 3317 370 3357 τὸν
398 3322 602 3362 Οἰνοπίωνα
628 3324 806 3366 ἔσπευδεν.
826 3328 935 3367 Ἀλλὰ
955 3328 1006 3379 τῷ
1030 3330 1097 3380 μὲν

2114 144 2186 179 107

1160 227 1221 268 nit,
1233 231 1458 274 Prometheus,
1472 233 1552 279 sive,
1567 235 1605 266 ut
1616 233 1671 267 alii
1679 234 1825 277 tradunt,
1838 236 2006 270 Vulcanus
2014 242 2111 281 caput
2120 247 2192 282 ejus

1160 288 1265 320 secun·
1277 291 1448 332 percussit,
1457 291 1562 334 deque
1571 292 1657 327 illius
1666 294 1785 328 vertice
1798 295 1853 338 [ad
1865 296 2030 330 Tritonem
2037 297 2190 343 fluvium]

1161 349 1285 380 armata
1300 349 1405 382 Pallas
1420 351 1576 385 exsilivit.

1568 563 1705 596 CAPUT
1726 565 1783 598 lv.

1205 643 1253 685 (1)
1270 647 1318 677 Ex
1338 646 1408 679 Coei
1424 646 1552 681 filiabus
1568 652 1694 684 Asteria
1706 653 1741 685 in
1755 653 1955 688 coturnicem
1970 657 2107 697 mutata,
2125 666 2192 699 quo

1162 702 1254 765 ngis
1271 704 1477 745 complexum
1494 706 1628 749 fugeret,
1646 718 1681 743 se
1702 711 1807 752 ipsam
1826 713 1860 745 in
1879 723 1969 747 mare
1990 714 2116 757 dejecit.
2136 718 2190 749 At·

1161 770 1225 802 que
1238 762 1356 803 insula,
1372 764 1514 805 primum
1528 766 1569 799 ab
1584 767 1639 800 illa
1647 771 1782 804 Asteriae
1796 781 1915 805 nomen
1931 774 2065 815 accepit,
2081 777 2193 817 postea

1161 823 1318 865 appellata
1331 826 1381 857 est
1400 825 1512 858 Delus.
1531 830 1681 861 2Latona
1696 839 1774 863 vero
1791 841 1810 864 a
1825 835 1907 866 Jove
1929 843 2116 875 compressa
2135 844 2192 877 per

1161 882 1354 916 universum
1368 885 1481 918 orbem
1494 889 1655 920 terrarum
1670 898 1689 921 a
1708 891 1728 922 J
1731 899 1749 921 u
1755 899 1837 923 none
1853 895 1924 924 acta
1937 895 1997 933 est,
2015 894 2120 926 donec
2132 896 2191 927 De·

1161 941 1231 974 lum
1246 944 1394 984 pervenit
1408 968 1418 985 ,
1434 944 1491 977 ubi
1507 946 1651 987 primum
1666 949 1791 989 peperit
1820 950 1975 990 Dianam,
2003 961 2068 992 qua
2087 952 2192 986 obste-
2236 933 2245 945 ς

1160 1001 1241 1034 trice
1259 1002 1371 1044 adJ‘uta
1388 1003 1540 1046 deinceps
1559 1005 1663 1038 edidit
1677 1007 1871 1049 Apollinem.

1204 1125 1271 1156 ³Et
1292 1124 1395 1156 Diana
1413 1124 1565 1166 quidem,
1585 1126 1768 1160 venationis
1784 1128 1894 1160 studio
1911 1128 2079 1170 delectata,
2101 1131 2193 1172 virgo

1161 1183 1356 1225 permansit;
1374 1184 1490 1226 Apollo
1505 1187 1614 1218 autem
1629 1185 1827 1220 vaticinandi
1839 1190 1941 1220 artem
1955 1198 1974 1221 a
1986 1191 2084 1226 Pane,
2101 1191 2194 1223 Jovis

1162 1242 1195 1274 et
1210 1242 1421 1284 Thymbridis
1435 1243 1513 1284 filio,
1532 1245 1679 1286 edoctus,
1698 1246 1853 1287 Delphos,
1873 1256 1939 1288 quo
1951 1248 2096 1289 tempore
2114 1249 2194 1281 The-

1162 1303 1226 1335 mis
1248 1302 1314 1335 illic
1331 1303 1463 1336 oracula
1478 1304 1577 1338 dabat
1592 1329 1602 1345 ,
1631 1314 1703 1338 sese
1717 1306 1868 1339 contulit.
1887 1309 1930 1339 At
1945 1316 2049 1348 quum
2073 1308 2195 1340 oraculi

1162 1364 1274 1395 custos
1287 1363 1392 1404 Pytho
1406 1372 1538 1406 serpens
1551 1364 1592 1397 ab
1606 1365 1714 1398 hiatus
1727 1365 1818 1399 aditu
1833 1375 1907 1399 eum
1924 1366 2120 1408 prohiberet,
2134 1367 2196 1400 hoc

1161 1430 1180 1453 e
1203 1422 1313 1454 medio
1332 1422 1460 1455 sublato
1481 1424 1601 1456 oraculi
1624 1423 1733 1457 locum
1747 1427 1954 1467 occupavit.⁴
1967 1427 2080 1467 Neque
2101 1426 2196 1468 longo

1162 1483 1237 1522 post
1251 1483 1397 1523 tempore
1412 1482 1545 1524 Tityum
1565 1493 1696 1525 quoque
1712 1484 1890 1526 interfecit,
1911 1486 2006 1518 Jovis
2023 1489 2137 1519 natum
2156 1496 2196 1519 ex

1161 1541 1268 1582 Elara,
1285 1542 1480 1575 orchomeni
1502 1543 1576 1585 filia,
1593 1553 1692 1585 quam
1709 1545 1848 1586 Jupiter,
1869 1548 2043 1587 postquam
2062 1555 2137 1578 cum
2160 1554 2197 1578 ea

1161 1601 1392 1643 concubuerat,
1407 1602 1547 1635 Junonis
1560 1606 1649 1636 metu
1662 1603 1725 1636 sub
1740 1606 1859 1637 terram
1876 1605 2031 1646 occuluit,
2047 1607 2080 1637 et
2097 1614 2196 1646 quem

1161 1663 1253 1694 utero
1267 1664 1447 1703 gestaverat
1460 1663 1625 1696 inusitatae
1637 1663 1873 1705 magnitudinis
1890 1663 1992 1697 tilium
2009 1665 2142 1706 Tityum
2162 1665 2196 1697 in

1160 1722 1267 1755 lucem
1274 1722 1440 1764 produxit.
1452 1727 1466 1745 ¹⁵
1475 1722 1536 1755 Hic
1547 1723 1729 1764 Pythonem
1737 1724 1949 1764 contendens,
1957 1725 2114 1757 Latonam
2123 1734 2197 1757 con-

1161 1781 1305 1822 spicatus
1324 1783 1459 1822 eJusque
1484 1781 1644 1814 desiderio
1662 1782 1814 1815 detentus
1830 1784 1922 1816 veste
1942 1784 2113 1825 prehensae
2128 1784 2197 1816 vim

1160 1839 1278 1872 inferre
1304 1840 1443 1881 paravit.
1467 1841 1591 1873 Verum
1617 1840 1688 1873 haec
1708 1840 1792 1874 filios
1811 1841 1933 1874 auxilio
1955 1842 2117 1882 advocat,
2140 1843 2198 1884 qui

1160 1899 1295 1940 Tityum
1309 1899 1434 1940 sagittis
1446 1898 1635 1932 conficiunt.
1654 1899 1715 1932 Sed
1731 1900 1827 1932 etiam
1843 1901 1994 1933 mortuus
2009 1902 2195 1942 cruciatur;

1161 1958 1310 1990 vultures
1328 1958 1415 1990 enim
1432 1958 1517 1999 apud
1536 1958 1659 1991 inferos
1676 1968 1732 1991 cor
1751 1960 1821 2001 ejus
1836 1960 2027 2002 depascunt.

1204 2017 1252 2056 (2)
1273 2016 1387 2056 Apollo
1409 2016 1507 2048 etiam
1531 2017 1683 2057 Marsyan
1700 2017 1831 2058 Olympi
1859 2017 1960 2050 filium
1986 2018 2117 2051 occidit.
2135 2018 2198 2051 Hic

1161 2073 1260 2113 enim,
1277 2083 1378 2114 quum
1395 2073 1491 2106 tibias
1514 2074 1704 2114 invenisset,
1720 2084 1803 2116 quas
1823 2075 1980 2116 Minerva,
1998 2076 2086 2117 quod
2100 2076 2196 2108 insor-

1161 2142 1247 2166 mem
1259 2133 1387 2165 vultum
1401 2133 1575 2174 efficerent,
1593 2133 1764 2176 abjecerat,
1780 2135 1960 2176 Apollinem
1978 2135 2018 2167 ad
2034 2137 2195 2168 certamen

1160 2191 1323 2224 musicum
1336 2193 1539 2234 provocavit.
1549 2197 1563 2217 2
1576 2193 1738 2226 convenit
1753 2196 1862 2226 autem
1876 2195 1960 2227 inter
1972 2204 2039 2235 eos,
2050 2196 2197 2227 utvictor

1161 2250 1320 2283 arbitratu
1337 2259 1396 2283 suo
1404 2251 1572 2284 devictum
1580 2250 1731 2285 afficeret.
1740 2252 1826 2285 Inito
1840 2253 1937 2294 igitur
1951 2254 2136 2294 certamine,
2152 2253 2196 2286 in-

1160 2319 1255 2342 versa
1270 2310 1395 2342 cithara
1419 2310 1556 2343 certavit
1571 2311 1703 2352 Apollo‘,
1726 2311 1878 2353 idemque
1894 2314 1930 2345 ut
1946 2315 2092 2354 Marsyas
2115 2313 2196 2345 sace-

1160 2371 1209 2402 ret
1220 2369 1336 2411 jussit;
1347 2370 1434 2410 quod
1449 2379 1550 2411 quum
1564 2370 1617 2403 ille
1629 2379 1695 2403 non
1709 2374 1830 2412 posset,
1849 2372 1974 2413 Apollo,
1990 2372 2195 2413 praestantior

1159 2430 1324 2471 inventus,
1348 2431 1485 2471 Marsyae
1500 2438 1538 2462 ex
1562 2430 1626 2462 alta
1640 2430 1718 2472 pinu
1736 2439 1894 2472 suspenso
1909 2431 2023 2473 pellem
2043 2430 2192 2471 detraxit,

1159 2489 1296 2530 ideoque
1308 2497 1383 2522 eum
1401 2489 1541 2522 necavit.

1201 2609 1246 2650 (3)
1260 2611 1383 2642 Verum
1399 2609 1542 2641 Dianain
1551 2609 1632 2641 Delo
1648 2607 1808 2641 interfecit
1821 2609 1985 2647 Orionem,
1999 2617 2096 2649 quem
2110 2610 2194 2641 terra

1157 2669 1274 2699 natum
1297 2667 1443 2708 corporis
1459 2667 1683 2708 magnitudine
1699 2666 1889 2699 excelluisse
1911 2668 2053 2697 narrant.
2077 2666 2194 2698 Phere-

1159 2727 1257 2768 cydes
1273 2735 1350 2759 eum
1366 2726 1506 2767 Neptuni
1523 2726 1601 2758 dicit
1619 2735 1660 2758 ex
1676 2725 1825 2766 Euryale.
1844 2725 1927 2756 Huic
1943 2734 1961 2756 a
1976 2726 2128 2766 Neptuno
2142 2725 2193 2758 da-

1159 2787 1229 2817 tum
1249 2787 1338 2826 erat,
1365 2788 1402 2817 ut
1417 2794 1473 2827 per
1490 2794 1578 2817 mare
1593 2786 1701 2825 posset
1717 2784 1875 2815 incedere.
1896 2785 2063 2816 2Ux0rem
2080 2784 2195 2819 habuit

1160 2845 1269 2886 Siden,
1285 2854 1386 2886 quam
1398 2847 1485 2877 Juno
1501 2853 1612 2876 secum
1630 2843 1670 2875 de
1686 2842 1789 2874 forma
1811 2843 1934 2875 certare
1947 2851 2059 2875 ausam
2082 2843 2116 2875 in
2135 2846 2194 2876 Or-

1159 2907 1235 2930 cum
1252 2897 1402 2930 detrusit.
1422 2902 1435 2920 ³
1449 2898 1566 2928 Postea
1582 2895 1700 2928 Chium
1726 2894 1890 2936 profectus
1918 2895 2018 2927 Orion
2037 2897 2192 2937 Meropen

1160 2951 1358 2992 OEnopionis
1390 2950 1487 2981 filiam
1517 2948 1549 2979 in
1582 2946 1783 2979 connubium
1814 2947 2004 2988 postulavit.
2025 2949 2192 2991 OEnopion

1159 3015 1238 3039 vero
1250 3015 1307 3047 per
1322 3004 1512 3037 ebrietatem
1527 3003 1643 3034 somno
1658 3004 1828 3042 gravatum
1841 3003 2017 3035 excaecavit
2031 3006 2064 3036 et
2079 3005 2119 3037 ad
2139 3005 2193 3037 lit-

1160 3068 1212 3098 tus
1226 3064 1371 3106 projecit.
1388 3063 1452 3094 *At
1468 3061 1567 3094 Orion
1577 3063 1738 3093 Lemnum
1751 3062 1885 3094 veniens
1894 3062 1927 3094 in
1941 3062 2104 3096 officinam
2117 3064 2193 3097 Vul-

1161 3119 1245 3157 cani,
1262 3127 1302 3151 ex
1320 3126 1358 3150 ea
1373 3117 1503 3157 raptum
1521 3123 1658 3156 puerum
1675 3115 1944 3157 (Cephalionem)
1964 3117 2108 3150 humeris
2123 3118 2192 3151 suis

1160 3171 1328 3213 imposuit,
1345 3170 1401 3211 qui
1417 3178 1515 3201 suum
1530 3177 1646 3201 versus
1658 3169 1768 3201 ortum
1782 3168 1844 3201 iter
1855 3170 1988 3210 regeret.
2004 3171 2076 3208 Quo
2088 3180 2191 3212 quum

1161 3233 1322 3270 venisset,
1339 3229 1417 3262 solis
1437 3229 1540 3261 radiis
1556 3231 1690 3261 sanatus
1709 3228 1881 3270 pristinam
1896 3230 2066 3261 oculorum
2085 3230 2191 3263 lucem

1161 3285 1375 3328 recuperavit,
1399 3287 1431 3317 et
1456 3284 1571 3317 deinde
1598 3283 1770 3316 confestim
1800 3283 1957 3316 adversus
1972 3284 2190 3326 OEnopionem

1160 3340 1337 3373 contendit.
1364 3339 1449 3372 Huic
1478 3341 1584 3371 autem
1604 3339 1773 3380 Neptunus
1790 3337 1925 3378 (Chim)
1943 3337 2189 3370 subterraneum
