2320 3684
889 105 941 144 IN
971 101 1198 143 MARMOR
1225 97 1443 139 PARIUM.

2130 96 2205 129 565

112 209 225 252 taque
247 198 361 238 fuerit
382 196 595 235 fabularum
613 201 906 242 temporumque
924 187 1099 226 confusio
1115 215 1126 234 ‚
1190 189 1263 228 lius
1286 188 1404 227 Palm.
1431 183 1594 235 conjecit
1615 197 1622 220 :
1646 180 1780 234 ἐγένετο
1798 178 1951 234 [φόν]ου,
1974 178 2078 230 quod
2099 179 2210 217 dedi..

111 273 160 297 ex
184 271 231 296 eo
255 258 400 308 optime
423 253 660 302 intelligitur,
688 248 793 300 quod
821 256 986 292 veteres,
1017 253 1059 283 ut
1083 257 1131 282 ex

112 317 170 354 his
194 316 297 353 tricis
315 327 396 352 sese
415 313 672 362 elaquearent‚
687 309 816 359 plures
827 307 1037 355 Eumolpos
1054 312 1130 342 sta-

114 382 298 422 tuerunt,
330 384 496 422 quorum
527 369 675 420 primus
709 365 757 403 ab
791 365 926 401 ultimo
961 363 1132 413 quinque

113 430 426 483 generationibus
454 436 511 466 est
535 426 738 477 sejunctus.
768 422 892 461 Schol.
920 421 969 458 ad
993 420 1131 470 OEdip.

114 490 195 529 Col.
222 489 318 526 1053
336 503 344 525 :
368 484 615 538 Ἀκεστόδωρος
640 482 677 521 δὲ
698 481 857 533 πέμπτον
876 478 945 518 ἀπὸ
962 483 1021 516 τοῦ
1040 477 1134 529 πρώ-

113 563 173 587 του
193 546 384 598 Εὐμόλπου
405 540 492 582 εἶναι
520 542 577 581 τὸν
605 540 666 585 τὰς
695 538 832 582 τελετὰς
861 536 1134 582 καταδείξαντα,

115 605 238 659 γράφει
252 603 360 648 οὕτως
374 619 382 627 ·
400 604 608 647 κατοικῆσαι
625 600 661 638 δὲ
677 598 738 645 τὴν
758 599 944 636 Ἐλευσῖνα
960 596 1135 647 ἱστοροῦσι

115 665 250 716 πρῶτον
271 660 332 713 μὲν
351 659 429 703 τοὺς
449 658 674 710 αὒτόχθονας,
699 650 775 695 εἶτα
791 657 935 708 Θρᾷκας
954 652 1030 695 τοὺς
1050 651 1137 702 μετὰ

117 720 310 772 Εὐμόλπου
340 716 641 772 παραγενομένους
671 714 755 768 πρὸς
781 713 940 766 βοήθειαν
967 708 1058 750 κατὰ
1078 708 1137 747 τὸν

115 779 200 833 πρὸς
223 777 395 832 Ἐρεχθέα
422 775 575 827 πόλεμον
590 790 599 799 ·
618 772 706 817 τινὲς
737 771 775 812 δέ
802 787 888 825 φασι
911 769 972 808 καὶ
994 768 1050 806 τὸν
1070 766 1137 806 E&-

118 839 250 889 μολπον
284 838 394 891 εὑρεῖν
423 834 485 881 τὴν
522 833 648 886 μύησιν
673 831 735 879 τὴν
762 827 1034 878 συντελουμένην
1060 826 1137 864 κατ’

118 894 271 935 ἐνιαυτὸν
298 896 332 934 ἐν
361 893 538 933 Ἐλευσῖνι
557 890 723 945 Δήμητρι
751 888 811 928 καὶ
842 887 948 941 Κόρῃ.
986 885 1138 938 Ἄνδρων

119 954 182 1006 μὲν
205 949 263 993 οῧν
281 953 406 1007 γράφει
421 953 459 990 οὐ
481 949 538 990 τὸν
558 948 747 1001 Εὔμολπον
773 949 881 1001 εὑρεῖν
907 944 971 992 τὴν
999 943 1140 995 μύησιν,

118 1012 195 1052 ἀλλ’
215 1012 284 1051 ἀπὸ
309 1011 429 1051 τούτου
457 1009 647 1062 Εὔμολπον
674 1007 834 1059 πέμπτον
860 1002 1040 1057 γεγονότα.
1067 1003 1142 1040 Εὖ-

121 1070 257 1122 μόλπου
290 1068 356 1123 γὰρ
385 1068 543 1121 γενέσθαι
576 1066 745 1132 Κήρυκα,
773 1068 833 1103 τοῦ
862 1063 900 1103 δὲ
931 1061 1139 1114 Εὔμολπον·

277 1123 287 1137 2

120 1128 181 1164 του
213 1123 248 1161 δὲ
281 1122 482 1175 Αντίφημον
500 1136 509 1145 ·
539 1123 600 1159 τοῦ
621 1121 657 1158 δε
675 1120 853 1157 Μουσαῖον
885 1115 943 1155 τὸν
978 1113 1141 1161 ποιητὴν,

120 1181 179 1215 τοῦ
203 1175 240 1214 δὲ
263 1174 450 1226 Εὔμολπον
477 1173 536 1212 τὸν
561 1170 813 1216 καταδείξαντα
832 1168 896 1216 τὴν
920 1167 1062 1219 μύησιν,
1083 1165 1153 1213 καὶι

121 1236 328 1287 ἱεροφάντην
349 1231 526 1285 γεγονότα.

176 1297 271 1340 Quae
291 1306 409 1343 quum
426 1293 477 1329 ita
495 1291 589 1338 sint,
606 1290 671 1327 vix
688 1288 837 1326 definiri
855 1294 982 1339 potest
995 1285 1144 1322 cuinam

124 1350 323 1389 Erechthei
336 1363 436 1387 anno
456 1348 657 1387 Marmoris
675 1355 807 1384 auctor
826 1360 887 1397 ep.
914 1346 958 1382 15
985 1342 1145 1381 Eumol-

124 1423 215 1460 pum
229 1439 238 1456 ,
280 1408 551 1458 mysteriorum
599 1406 851 1452 conditorem,
883 1401 1144 1452 assignaverit.

124 1468 276 1506 Etenim
293 1479 474 1504 numerus
493 1466 533 1502 in
552 1464 679 1515 lapide
699 1464 852 1501 mutilus
872 1470 939 1500 est.
965 1460 1147 1510 Suspicor

124 1528 308 1563 Nostrum
334 1525 506 1575 posuisse
525 1522 758 1572 Eumolpum
777 1521 912 1559 eodem
935 1532 1048 1565 anno,
1069 1530 1147 1568 quo

127 1585 310 1622 Tatianus
326 1583 457 1635 posuit
476 1581 694 1632 Orpheum,
716 1580 815 1617 sicut
831 1577 967 1616 Euseb.
987 1577 1147 1614 Eumol-

127 1655 221 1694 pum
239 1650 426 1680 memorat
447 1640 581 1678 eodem
603 1648 775 1688 tempore
789 1668 800 1686 ,
821 1651 897 1688 quo
919 1638 1057 1675 Noster
1076 1637 1149 1672 Or—

127 1701 285 1752 pheum.
310 1700 402 1738 Inde
424 1706 647 1750 sequeretur
668 1697 901 1747 Eumolpum
927 1693 1149 1746 ponendum

127 1773 209 1798 esse
240 1767 328 1810 post
346 1773 379 1797 a.
402 1760 450 1808 39
472 1756 692 1800 Erechthei;
717 1755 763 1792 ad
799 1755 998 1792 minimum
1021 1758 1064 1796 14
1086 1766 1150 1790 an-

131 1831 200 1856 nos
220 1825 309 1869 post
329 1817 467 1869 epoch.
492 1823 551 1861 14.

414 1884 553 1933 Epoch.
577 1882 634 1920 15.
657 1895 713 1919 vs.
736 1880 875 1928 27-28.

185 1948 368 1985 Seldenus
384 1961 504 1999 quum
522 1947 560 1984 in
577 1946 702 1997 lapide
722 1946 867 1995 legeret
885 1944 1014 1981 literas
1037 1943 1151 1990 NOY,

131 2007 352 2057 supplevit:
372 2007 431 2059 ἀφ’
448 1999 488 2043 οὗ
510 2002 661 2044 Καύκων
683 2005 701 2041 ὃ
725 2003 915 2049 Κελαινοῦ,
936 2003 1042 2039 nisus
1067 2002 1152 2039 loco

130 2068 327 2103 Pausaniae
345 2064 423 2116 (IV,
446 2078 478 2111 1,
495 2065 544 2114 4),
562 2063 629 2100 ubi
644 2063 743 2101 haec:
758 2063 901 2113 Πρῶτοι
914 2059 1153 2112 βασιλεύουσιν

132 2125 167 2162 ἐν
185 2125 228 2175 τῇ
243 2121 341 2175 χώρα
360 2121 469 2174 ταύτῃ
492 2122 546 2174 (in
568 2119 772 2170 Messenia)
794 2117 988 2156 Πολυκάων
1005 2120 1023 2156 ὃ
1042 2117 1155 2157 Λέλε-

132 2197 190 2234 γος
205 2181 264 2220 καὶ
281 2181 450 2228 Μεσσήνη
471 2179 555 2232 γυνὴ
573 2183 632 2219 τοῦ
649 2177 882 2220 Πολυκάονος.
902 2175 1007 2229 Παρὰ
1024 2175 1154 2223 ταύτην

132 2239 196 2287 τὴν
219 2239 408 2286 Μεσσήνην
427 2238 471 2276 τὰ
491 2238 592 2292 ὄργια
611 2237 763 2288 κομίζων
787 2238 855 2273 τῶν
881 2235 1042 2286 μεγάλων
1070 2237 1155 2272 θεῶν

134 2297 285 2337 Καύκων
303 2292 406 2345 ἦλθεν
426 2296 460 2342 ἐξ
480 2297 679 2339 Ἐλευσῖνος
691 2326 700 2344 ,
719 2298 737 2333 ὁ
757 2296 926 2333 Κελαινοῦ
944 2297 1005 2331 τοῦ
1023 2294 1156 2331 (muoz.

135 2357 282 2395 Deinde
312 2356 404 2407 legit
432 2359 492 2393 τοῦ
523 2356 688 2403 [παλαιοῦ
718 2352 925 2403 Μ]ουσαίου.
947 2352 1020 2389 Sed
1040 2365 1157 2402 quum

134 2416 174 2453 in
202 2416 333 2466 aprico
365 2415 433 2461 sit,
462 2423 594 2451 nostra
618 2412 767 2465 epocha
800 2411 847 2449 de
877 2411 1158 2449 Eleusiniorum

136 2474 403 2523 mysteriorum
434 2472 634 2509 conditore
664 2471 745 2522 agi,
777 2477 878 2508 recte
911 2469 1160 2506 Prideauxius

137 2531 362 2569 observavit
391 2530 593 2569 Seldenum
624 2529 726 2567 sacili
761 2541 891 2565 errore
913 2527 1006 2566 ΝοΥ
1026 2527 1161 2577 legisse

137 2602 210 2640 pro
243 2589 386 2635 A101‘3
410 2589 508 2626 idem
539 2588 664 2625 locum
681 2587 735 2624 sic
755 2586 952 2634 restituit,
977 2585 1034 2622 uti
1062 2598 1162 2622 nunc

138 2648 289 2699 legitur.

189 2709 248 2744 De
271 2709 414 2744 Musaeo
436 2719 469 2743 v.
489 2708 641 2743 Passov.
661 2702 875 2742 Introduct.
896 2703 935 2740 in
960 2704 1160 2739 Musaeum.

138 2767 198 2803 De
234 2765 426 2815 Eumolpo
471 2764 519 2801 cf.
571 2763 735 2812 Hesych.
771 2770 809 2799 et
847 2761 971 2798 Photii
1022 2761 1162 2798 Lexica

139 2835 168 2860 s·
185 2837 218 2861 v.
235 2821 470 2874 Εὐμολπίδαι.
484 2843 538 2850 -—
551 2824 609 2859 De
625 2821 715 2859 anni
732 2833 894 2858 numero
903 2833 938 2857 v.
957 2819 1005 2857 ad
1022 2833 1082 2870 ep.
1104 2827 1161 2864 14.

417 2893 553 2942 Epoclz.
583 2892 638 2928 16.
664 2904 719 2928 vs.
749 2891 885 2940 29-30.

193 2956 395 2995 Boeckhius
411 2970 419 2992 ε
436 2973 451 2989 «
467 2955 566 2993 Seld.
582 2954 743 3005 putabat
757 2954 803 2991 de
815 2953 1042 2991 lustratione
1057 2952 1163 2991 urbis

141 3016 201 3065 agi
228 3015 279 3052 ob
296 3013 489 3064 Androgei
511 3012 654 3050 caedem
678 3012 851 3049 instituta
866 3041 875 3059 ‚
903 3024 988 3061 quae
1010 3024 1071 3048 res
1090 3024 1163 3048 no—

142 3082 246 3111 tante
266 3074 456 3111 Palmerio
473 3073 603 3122 potius
626 3072 672 3109 ad
700 3084 761 3121 ep.
784 3085 829 3121 ¹9
846 3070 1023 3122 pertinet.
1055 3069 1162 3106 Nihi-

142 3133 309 3170 lominus
337 3132 454 3179 Prid.,
483 3145 597 3181 quem
623 3130 826 3168 Chandler.
856 3128 1040 3178 sequitur,
1065 3128 1163 3164 scri-

143 3192 241 3240 psit:
273 3188 450 3242 καθαρμὸς
476 3191 613 3243 πρῶτον
635 3186 770 3239 ἐγένετο
797 3185 869 3238 [διὰ
890 3185 1029 3240 φόν]ου,
1059 3186 1163 3223 urbis

143 3250 317 3286 lustratio
331 3248 433 3285 caede
442 3250 687 3297 piacularium
701 3247 886 3283 hominum
903 3242 1164 3296 (καθαρμάτων)

145 3307 323 3358 perfecta.
344 3306 508 3356 Reliqua
527 3306 668 3343 intacta
685 3305 874 3354 reliquere
895 3302 1054 3353 priores.
1076 3306 1163 3340 Me-

1191 261 1285 285 mus.
1324 245 1463 295 Agitur
1494 243 1541 281 de
1573 242 1698 293 prima
1738 240 1930 277 homicidae
1968 238 2207 275 lustratione.

1190 321 1286 355 Tum
1320 303 1655 357 ΠΡΩΤΩΙᾹΟΝ
1688 324 1804 349 manu
1828 309 1935 347 ducit
1955 308 2001 345 ad
2029 307 2210 361 πρώτω[ν]

1193 374 1396 424 Ἀθηναίων,
1418 380 1456 411 et
1475 373 1611 411 EANT
1638 370 1685 408 ad
1711 366 1933 420 καθηράντων
1955 381 1963 403 :
1984 379 2070 416 quae
2093 379 2211 420 quum

1193 433 1287 470 mihi
1320 431 1470 469 viderer
1500 437 1602 467 recte
1640 428 1853 475 invenisse,
1887 425 2019 463 addidi
2054 425 2213 474 insuper

1193 489 1385 542 Ἡρακλέα.
1405 490 1623 527 Deserimur
1643 489 1745 525 enim
1761 485 1839 535 jam
1859 485 1898 522 in
1917 484 2093 526 Herculis
2115 492 2210 521 aeta-

1197 557 1294 596 tem3
1321 549 1571 597 Herculisque
1603 547 1643 584 in
1674 546 1832 596 gratiam
1864 544 2034 581 instituta
2066 544 2213 580 minora

1195 607 1402 654 Eleusinia,
1422 607 1563 657 quibus
1583 606 1755 643 initiatus
1775 612 1832 641 est
1847 611 1885 640 et
1904 603 2016 640 simul
2040 601 2090 640 ob
2110 605 2212 640 Cen-

1197 672 1394 702 taurorum
1413 665 1553 703 caedem
1578 665 1770 701 lustratus.
1792 662 1955 699 Diodor.
1974 664 2039 710 1V,
2064 667 2106 706 14
2130 661 2215 711 (ubi

1196 722 1282 760 vide
1296 723 1431 772 Wess.)
1447 737 1456 760 ε
1477 721 1650 773 Δημήτηρ
1666 720 1751 774 πρὸς
1768 720 1825 758 τὸν
1842 717 2020 773 καθαρμὸν
2036 721 2104 757 τῶν
2126 722 2217 758 Κεν-

1197 780 1331 835 ταύρων
1357 781 1459 834 φόνου
1486 780 1530 819 τὰ
1555 780 1664 835 μικρὰ
1695 779 1870 832 μυστήρια
1898 779 2134 826 συνεστήσατο
2158 779 2216 817 τὸν

1197 838 1378 892 Ἡρακλέα
1399 843 1551 891 τιμῶσα.
1577 839 1800 890 Apollodor.
1823 842 1878 885 11,
1902 839 1946 885 5,
1973 851 2030 875 12.
2047 855 2062 872 υ

1251 903 1302 937 At
1345 900 1464 937 literae
1495 899 1681 950 suppletae
1714 911 1791 936 non
1827 898 2061 935 conveniunt
2094 897 2219 949 spatio

1200 959 1420 997 lacunarum
1446 958 1511 1006 (v.
1540 957 1816 1008 autograpli.);
1851 956 1991 994 deinde
2026 956 2221 994 offendere

1199 1017 1332 1066 debet,
1366 1017 1471 1068 quod
1503 1030 1551 1055 ex
1579 1016 1746 1054 Boeckliii
1774 1016 1924 1053 ratione
1954 1016 2129 1054 Herculis
2157 1015 2220 1052 lu-

1201 1078 1334 1116 stratio
1363 1077 1534 1115 omnium
1569 1075 1692 1127 prima
1729 1075 1844 1111 fuisse
1879 1074 2094 1122 diceretur;
2119 1078 2222 1111 certe

1201 1151 1278 1174 nou
1303 1137 1456 1174 memini
1471 1136 1545 1173 hoe
1573 1134 1722 1184 uspiam
1747 1134 1787 1170 in
1805 1141 1895 1171 vett.
1921 1133 2060 1171 sabulis
2081 1134 2222 1171 elatum

1202 1209 1283 1234 esse
1300 1211 1309 1240 ;
1325 1196 1443 1233 immo
1459 1195 1580 1245 prima
1599 1192 1712 1230 caedis
1728 1193 1903 1229 lustratio
1921 1192 2036 1230 fuisse
2050 1201 2226 1230 narratur

1203 1255 1267 1292 illa
1301 1255 1464 1300 Ixionis,
1499 1252 1672 1290 Antionis
1721 1251 1778 1287 vel
1813 1251 1972 1288 Leontei
2003 1251 2082 1289 filii.
2117 1253 2226 1296 Qua-

1205 1322 1366 1364 propter
1382 1325 1451 1363 ego
1467 1325 1515 1349 ex
1532 1311 1674 1348 relictis
1689 1310 1885 1347 literarum
1901 1309 2071 1358 vestigiis
2088 1310 2227 1347 ΙΛΙΟΝ

1206 1371 1419 1409 eruendum
1441 1383 1579 1408 censeo
1601 1382 1740 1406 nomen
1767 1367 1978 1405 ῙΞΙΟΝΟΣ
1997 1374 2035 1404 et
2062 1367 2101 1403 in
2126 1367 2226 1404 EAN

1206 1431 1322 1467 latere
1346 1430 1407 1467 vel
1424 1427 1698 1468 ΑΕΟΝΤΕΩΣ
1722 1426 1782 1464 vel
1805 1426 2077 1464 ΑΝΤΙΩΝΟΣ.
2098 1429 2230 1475 Itaque

1207 1488 1413 1526 scriberem
1427 1487 1505 1524 fere
1521 1487 1574 1523 sic
1590 1500 1597 1522 :
1614 1484 1673 1538 ἀφ’
1689 1478 1726 1523 οῧ
1746 1483 1924 1536 καθαρμὸς
1941 1485 2078 1535 πρῶτον
2096 1482 2230 1534 ἐγένετο

1209 1546 1359 1598 [φόν]ου,
1379 1544 1549 1598 πρώτο[υ]
1563 1541 1748 1598 Ἰ[ξ]ίον[ος
1760 1570 1769 1587 ,
1787 1540 2012 1592 Λ]εοντ[έως,
2035 1541 2111 1593 (vel
2130 1539 2232 1585 Ἰξίο-

1209 1620 1282 1653 νος,
1303 1603 1500 1653 Ἀντίωνος)
1532 1601 1696 1655 ἐμφύλιον
1720 1600 1829 1652 ἄνδρα
1853 1600 2057 1647 κτανόντος,
2082 1600 2142 1637 vel
2164 1599 2232 1638 ὑπὸ

1209 1663 1288 1706 Διὸς
1305 1660 1534 1714 ἁγνισθέντος,
1555 1660 1613 1696 vel
1633 1660 1706 1697 tale
1727 1659 1833 1709 quid.

1262 1726 1319 1759 De
1352 1722 1488 1760 Ixione
1507 1719 1595 1757 vide
1617 1719 1743 1756 Schol.
1767 1716 1946 1768 Apollon.
1968 1716 2039 1754 Rh.
2064 1718 2142 1762 ΙΙΙ,
2163 1718 2232 1764 62,

1211 1782 1336 1820 Schol.
1367 1781 1518 1818 Pindar.
1548 1779 1658 1829 Pyth.
1689 1779 1745 1823 ΙΙ,
1778 1781 1840 1826 39,
1873 1775 2034 1814 Diodor.
2069 1780 2134 1823 IV,
2168 1779 2231 1827 69,

1211 1840 1433 1892 Apollodor.
1452 1842 1490 1886 1,
1516 1839 1558 1886 8,
1581 1851 1617 1886 2,
1643 1837 1783 1887 Hygin.
1819 1834 1910 1874 Fab.
1959 1835 2045 1872 155.
2092 1835 2149 1874 Cf.
2183 1839 2232 1873 O.

1211 1900 1365 1938 Miiller.
1413 1897 1595 1936 orcham.
1630 1909 1666 1946 p.
1704 1895 1790 1945 195,
1845 1893 2046 1932 Eumenid.
2076 1907 2112 1944 p.
2150 1895 2235 1942 137,

1211 1958 1398 1997 Welcker.
1429 1956 1573 2005 Trilog.
1594 1967 1631 2005 p.
1652 1954 1724 2000 547
1747 1967 1829 2003 sqq.

1264 2019 1468 2062 Numerus,
1485 2013 1593 2064 cujus
1612 2013 1651 2049 in
1668 2024 1856 2049 marmore
1870 2023 1946 2048 non
1958 2011 2028 2048 nisi
2045 2019 2235 2061 postrema

1214 2088 1303 2126 pars
1323 2074 1416 2124 (ΔΠ)
1445 2079 1619 2123 superest
1634 2101 1644 2118 ,
1672 2078 1829 2107 notante
1851 2070 2012 2119 Lydiato
2040 2083 2118 2107 non
2138 2070 2234 2107 alius

1214 2147 1294 2171 esse
1313 2140 1440 2183 potest
1454 2131 1529 2168 nisi
1550 2131 1659 2167 1062.

1507 2224 1644 2273 Epoclt.
1659 2237 1670 2259 1
1683 2236 1715 2268 7.
1730 2235 1785 2258 vs.
1810 2223 1944 2259 30-32.

1270 2314 1421 2350 Priores
1435 2312 1599 2349 editores
1618 2311 1657 2347 in
1678 2311 1752 2347 fine
1773 2323 1904 2347 versus
1920 2312 1967 2347 30
1987 2323 2125 2347 novam
2147 2323 2240 2360 epo-

1218 2372 1328 2409 cham
1347 2371 1517 2421 incipere
1539 2368 1796 2407 crediderunt.
1814 2368 1886 2406 Sed
1913 2369 2120 2406 rectissime
2136 2372 2240 2406 Boec-

1219 2431 1329 2468 khius
1352 2438 1482 2467 monet
1497 2429 1622 2480 spatio
1646 2428 1780 2465 relicto
1791 2441 1867 2464 non
1882 2428 2043 2478 posseid
2054 2428 2238 2478 suppleri,

1220 2503 1298 2539 quo
1319 2502 1417 2539 opus
1438 2496 1535 2525 esset
1559 2487 1589 2524 si
1614 2485 1664 2524 ibi
1686 2487 1856 2523 finiretur
1875 2486 2031 2537 epocha.
2057 2504 2070 2518 «
2086 2486 2238 2532 ΑΦΟΥ,

1222 2548 1361 2598 inquit,
1385 2545 1502 2584 debet
1522 2554 1747 2596 corruptum
1762 2545 1922 2590 censeri,
1946 2552 1983 2581 et
1999 2545 2038 2581 in
2057 2552 2240 2595 promptu

1221 2614 1279 2644 est
1305 2601 1600 2658 Κ]ΑΙΦ[ΥΣΙΑ.
1617 2607 1792 2653 Lycaon,
1819 2603 1885 2652 qui
1909 2602 2089 2652 deinceps
2109 2606 2241 2652 Lycaea

1222 2664 1364 2702 dicitur
1384 2663 1615 2710 instituisse,
1646 2661 1798 2699 infamis
1827 2669 1883 2697 est
1911 2661 2068 2697 scelesto
2089 2660 2242 2699 infantis

1221 2721 1446 2761 immolandi
1459 2721 1646 2765 instituto,
1661 2719 1725 2756 diu
1739 2719 1812 2755 isto
1829 2726 1993 2765 reten103
2009 2726 2168 2768 utraque
2183 2733 2242 2757 res

1221 2781 1346 2819 eidem
1359 2779 1530 2829 Lycaoni
1548 2779 1688 2816 diserte
1709 2776 1892 2814 tribuitur
1909 2777 2126 2814 aPausania
2136 2780 2241 2822 VIII,

1225 2853 1260 2877 2.
1293 2843 1340 2875 At
1372 2838 1422 2884 is,
1448 2850 1563 2887 quem
1589 2836 1792 2873 Pausanias
1812 2834 2008 2884 intelligit,
2034 2836 2197 2885 Cecropi
2225 2839 2243 2873 I

1223 2897 1378 2948 aequalis
1402 2896 1540 2941 sertui-3
1562 2898 1701 2932 Noster
1725 2891 1949 2943 Lycaeorum
1978 2901 2170 2931 auctorem
2194 2895 2242 2932 ad

1223 2969 1286 3006 ep.
1307 2969 1351 3002 17
1372 2955 1517 2991 rettulit
1536 2966 1544 2991 :
1563 2961 1858 2991 consentaneum
1875 2959 1950 2999 est,
1966 2964 2083 3001 quum
2103 2952 2140 2989 in
2166 2955 2239 3003 by-

1223 3013 1310 3051 caeis
1328 3012 1545 3050 immolatus
1564 3012 1687 3048 infans
1709 3011 1769 3058 sit,
1783 3009 1904 3047 eidem
1918 3010 2085 3059 Lycaoni
2099 3010 2243 3048 eidem-

1223 3085 1297 3122 que
1322 3071 1423 3108 aetati
1448 3083 1468 3106 a
1491 3073 1633 3107 Nostro
1659 3069 1772 3106 etiam
1793 3067 1907 3118 hujus
1931 3069 2104 3106 sacrificii
2123 3070 2243 3121 origi-

1222 3142 1309 3166 nem
1330 3127 1462 3165 tribui.
1480 3127 1539 3164 Ad
1560 3127 1659 3163 hanc
1677 3128 1901 3164 sententiam
1922 3127 2130 3165 Palmerius
2151 3142 2245 3179 quo-

1224 3201 1299 3238 que
1338 3186 1479 3223 direxit
1514 3185 1821 3236 supplementum
1855 3201 1863 3222 :
1902 3185 1959 3239 ἀφ’
1976 3179 2016 3223 oi]
2050 3183 2245 3239 [ἀνθρωπο-

1225 3243 1357 3299 eosqui
1386 3242 1476 3304 [uqi]
1501 3252 1571 3282 ete.
1598 3243 1671 3282 Sed
1694 3257 1763 3281 nos
1783 3243 1887 3294 quod
1909 3257 1988 3281 non
2007 3246 2244 3295 agnoscimus

1224 3303 1319 3340 illud
1341 3302 1400 3355 ἀφ’
1417 3305 1468 3349 οὑ,
1487 3302 1533 3339 ad
1556 3315 1687 3340 vocem
1707 3301 1822 3354 θυσία,
1841 3315 1954 3353 quam
1971 3303 2181 3353 posuimus,
2198 3317 2245 3341 ex
