2294 3704
32 199 73 239 ‚U
88 191 166 230 duo
184 189 325 229 habeas
341 189 518 241 exempla
532 201 581 227 ex
597 187 765 226 diversis
778 189 946 227 Hecataei
963 189 1060 229 locis

31 249 207 302 repetita,
221 262 388 299 quorum
405 249 574 300 primum
589 246 638 285 ad
653 247 800 286 incolas
814 246 922 287 urbis
940 248 1061 287 Cher-

31 308 156 353 sonesi
178 315 344 359 spectat;
371 308 491 346 altero
509 320 605 345 vero
631 306 680 345 de
708 307 841 346 Sestiis
857 320 987 345 sermo
1003 316 1062 347 est

31 368 226 409 communi
259 367 615 407 Chersonesitarum
646 366 801 405 nomine
833 366 1060 418 designatis;

31 435 146 480 atque
163 426 235 465 hos
252 426 498 478 posteriores,
518 425 626 464 addit
637 425 825 477 Stephani
839 435 1060 478 excerptor,

31 490 228 528 Hecataeus
250 486 365 524 etiam
390 484 664 525 Chersonesios
684 485 789 524 dicit.
811 485 1062 536 Simplicissi-

30 561 132 588 mam
148 548 245 586 hanc
265 544 624 596 interpretationem
641 545 818 596 quisque,
837 557 967 595 spero,
981 558 1060 582 am-

30 609 286 660 plecteretur,
305 604 378 643 nisi
395 612 588 655 postrema
604 617 690 655 quae
706 618 754 642 ex
770 608 950 643 Hecataeo
969 607 1059 643 Ste-

30 666 180 719 phanus
199 664 349 712 laudat,
376 663 510 702 iisdem
539 664 653 716 plane
681 663 808 703 verbis
841 665 1062 715 legerentur

30 725 133 779 apud
153 724 338 764 Herodot.
356 726 433 772 IX,
467 724 560 770 118,
588 737 703 775 quem
723 724 820 762 vide.
839 728 924 763 Jam
943 724 1062 775 igitur

31 785 159 828 locum
175 783 324 835 abipso
338 787 595 835 epitomatore
604 813 615 832 ,
632 783 785 821 diversa
800 783 1062 822 confundente

30 852 144 896 atque
153 842 289 882 deinde
299 841 430 881 verbis
439 840 580 899 τούτους
588 841 648 880 καὶ
657 843 765 896 Χερσ.
778 841 874 894 λέγει
884 843 1061 893 seipsum

30 904 264 955 corrigente,
297 902 434 940 misere
466 900 722 953 depravatum
739 915 822 940 esse
847 902 982 940 dicunt
1012 901 1060 952 (v.

30 971 160 1003 notam
176 961 394 1010 Clausenii).
415 965 513 1000 Rem
528 959 741 1012 dijudicare
755 961 866 1008 nolo,
887 960 1061 1012 quamvis

33 1021 352 1063 verisimillimum
381 1020 430 1058 sit
453 1020 536 1058 haec
564 1019 685 1070 petita
704 1033 786 1059 esse
806 1033 854 1057 ex
874 1019 969 1058 falso
987 1019 1061 1056 isto

31 1084 220 1129 Hecataeo,
235 1079 302 1131 qui
313 1079 532 1118 historiolas
548 1078 596 1117 de
609 1078 792 1117 OEobazo
805 1107 815 1126 ,
835 1077 1061 1128 Apsinthio-

32 1153 120 1179 rum
134 1140 206 1180 deo
221 1139 387 1178 Plistoro
407 1137 628 1187 immolam,
656 1137 781 1189 deque
804 1140 988 1188 Actaycte
1010 1136 1062 1175 ob

31 1199 267 1250 impietatem
288 1199 330 1237 in
355 1211 508 1236 crucem
530 1196 610 1235 fixo
636 1210 685 1235 ex
713 1196 914 1235 Herodoto
958 1195 1060 1233 aliis-

31 1268 106 1310 que
122 1258 162 1297 in
185 1272 284 1310 opus
300 1270 413 1296 suum
426 1257 601 1309 recipere
616 1256 798 1308 potuerit.
819 1259 916 1294 Utut
933 1263 1003 1302 est,
1023 1254 1063 1292 id

31 1325 132 1358 certe
149 1318 268 1357 teneri
282 1318 412 1362 velim,
427 1317 686 1369 fragmentum
706 1316 877 1367 quod-ex
892 1315 1062 1354 Crameri

31 1376 234 1416 Anecdotis
268 1376 437 1423 laudavi,
462 1376 658 1427 aptissime
688 1375 825 1413 referri
861 1374 910 1412 ad
938 1377 1063 1412 Heca-

32 1446 160 1486 taeum,
182 1451 297 1489 quem
322 1437 581 1476 Callimachus
598 1445 637 1475 et
655 1436 896 1488 Porphyrius
916 1435 1061 1486 indigi—

33 1505 126 1537 tant.
145 1497 279 1536 Eidem
299 1497 570 1548 assignandum
597 1505 656 1535 est
681 1497 778 1535 illud
804 1496 910 1548 apud
927 1495 1061 1533 Arria—

33 1552 140 1606 num,
157 1565 196 1595 et
209 1557 340 1608 ipsum
356 1557 525 1595 auctoris
545 1557 604 1594 sui
616 1556 874 1608 integritatem
893 1553 1058 1594 addubi-

34 1623 196 1665 tantem‚
216 1617 285 1655 ubi
308 1620 502 1669 AEgyptus
525 1616 714 1654 Herodoti
741 1615 870 1654 verbis
899 1622 1062 1652 vocatur

84 1689 142 1729 ρον
170 1678 232 1714 τοῦ
258 1679 432 1727 ποταμοῦ.
454 1674 595 1714 Eidem
621 1674 901 1713 vindicaverim
923 1674 1058 1724 fragm.

39 1735 110 1785 187
132 1735 180 1774 de
194 1736 357 1775 Phaside
373 1736 412 1774 iu
425 1738 624 1774 Oceanum
641 1742 820 1782 exeunte,
841 1743 879 1772 et
897 1734 1058 1773 fortasse

46 1794 127 1834 llud
138 1795 185 1834 de
195 1796 282 1834 Nilo
295 1809 343 1834 ex
353 1798 509 1834 Oceano
523 1795 755 1846 profluente.
769 1798 828 1832 De
842 1795 888 1832 iis
903 1807 1060 1845 quoque

58 1854 209 1894 ubitare
235 1855 326 1893 licet
356 1868 442 1906 quae
466 1854 515 1893 de
544 1863 702 1893 natante
731 1854 896 1892 Chemni
934 1853 1060 1892 insula

62 1915 256 1966 tephanus
279 1923 477 1966 tamquam
508 1927 554 1952 ex
573 1913 712 1952 Milesii
732 1914 922 1965 Periegesi
947 1914 1061 1951 affert

47 1973 92 2013 fr.
110 1974 214 2025 284).
237 1977 332 2012 Nam
347 1973 590 2012 Herodotum
604 1973 670 2026 (11,
691 1972 781 2023 156)
798 1973 847 2011 ad
863 1973 966 2011 hunc
980 1976 1060 2011 He-

51 2033 135 2072 ataei
151 2034 278 2072 locum
298 2034 534 2086 respexisse,
561 2047 609 2072 ex
634 2031 812 2072 κινέεσθαι
840 2045 958 2081 voce,
982 2046 1059 2083 qua

0 2129 3 2139 ,
57 2100 190 2144 terque
203 2093 338 2142 utitur,
348 2106 427 2131 non
437 2101 565 2144 potest
574 2092 773 2140 concludi;
789 2092 908 2130 immo
937 2091 1060 2130 diser—

48 2151 56 2159 '
90 2138 450 2190 ver'bisHerodotus
465 2152 506 2189 id
519 2151 624 2203 quod
637 2152 719 2203 ipse
733 2151 828 2189 vidit
853 2165 933 2189 non
961 2151 1057 2189 scri-

59 2210 151 2248 toris
162 2209 324 2261 alicujus
338 2211 555 2258 sententiae,
576 2211 643 2248 sed
656 2211 831 2262 ipsorum
851 2211 1058 2262 AEgyptio—

52 2282 117 2307 um
133 2269 181 2308 de
195 2270 268 2307 hac
288 2270 413 2307 insula
427 2268 567 2307 fabulis
582 2269 760 2320 opponit.

78 2328 267 2367 Videntur
285 2329 404 2380 igitur
428 2329 773 2368 Alexandrinorum
795 2337 907 2367 aetate
927 2337 964 2366 et
987 2341 1057 2379 ge-

56 2387 146 2426 uina
179 2388 371 2426 exstitisse
408 2396 447 2425 et
480 2388 683 2439 supposita
719 2388 889 2425 Hecataei
928 2388 1057 2438 operis

53 2446 215 2499 xempla.
244 2447 380 2486 Priora
412 2455 632 2500 temporum
661 2447 829 2485 decursu
856 2446 1057 2498 aliquoties

45 2507 259 2558 nterpolata
272 2520 354 2545 esse
373 2515 469 2558 puto
486 2506 586 2545 etad
620 2515 850 2559 praesentem
876 2515 966 2544 tunc
990 2520 1055 2544 re—

78 2578 114 2602 m
127 2573 268 2604 statum
292 2574 330 2604 et
349 2565 455 2604 orbis
476 2574 663 2604 terrarum
695 2567 953 2617 cognitionem
981 2566 1054 2604 ad—

53 2632 180 2676 ptata;
210 2639 343 2664 verum
372 2627 588 2677 posteriora
618 2635 758 2678 praeter
791 2641 934 2665 nomen
967 2640 1055 2664 cnm

68 2691 172 2722 ostro
192 2685 245 2722 nil
261 2699 466 2723 commune
479 2685 657 2724 habuisse
671 2701 719 2725 ex
735 2687 936 2725 Herodoto
953 2687 1056 2724 aliis-

83 2756 104 2781 e
135 2744 174 2781 in
206 2744 377 2783 fraudem
399 2745 600 2784 hominum
625 2746 862 2798 conscripta3
890 2747 1056 2798 Stepha-

55 2814 120 2840 um
151 2802 340 2855 denique,
377 2818 497 2855 quum
532 2805 616 2857 ipse
650 2806 787 2844 Milesii
844 2820 944 2857 opus
987 2807 1054 2844 vix

43 2862 248 2914 nspexerit,
262 2864 490 2915 plerumque
501 2865 655 2916 quidem
669 2866 751 2904 veri
770 2866 936 2904 Hecataei
954 2867 1054 2904 testi-

67 2922 155 2961 onia
189 2922 339 2972 afferre,
359 2924 551 2962 interdum
591 2934 718 2964 tamen
752 2938 800 2963 ex
830 2925 1053 2964 auctoribus

0 3029 9 3037 '¹
59 2982 204 3020 ausisse
221 2983 426 3034 supposito
445 2985 556 3035 operi
573 2984 747 3024 addictis.

79 3040 252 3081 Alterum
281 3044 449 3081 Hecataei
479 3057 577 3095 opus
613 3046 853 3095 Genealogice
884 3045 1050 3083 fuerunt.

54 3099 88 3138 ic
101 3101 181 3152 ipse
199 3110 353 3151 auctor,
375 3117 397 3141 e
418 3118 524 3143 more
548 3106 891 3157 logographorum,
909 3105 1050 3144 librum

69 3160 262 3212 scripsisse
275 3162 428 3202 videtur
440 3193 450 3211 ,
477 3165 599 3215 quiin
613 3178 661 3203 eo
676 3166 842 3204 maxime
865 3165 1050 3204 versaba-

0 3218 14 3273 ᾗ
70 3232 111 3267 r,
133 3228 175 3258 ut
188 3231 390 3273 poetarum
409 3223 557 3262 fabulas
581 3238 629 3262 ex
650 3225 786 3263 ordine
806 3226 1051 3276 genealogico

0 3292 15 3332 ῃ·
70 3277 149 3317 luta
161 3281 334 3320 oratione
349 3292 562 3334 exponeret
592 3284 661 3337 (1).
687 3288 872 3323 Historias
885 3298 907 3322 a
926 3288 1053 3323 Gene-

0 3363 14 3391 ῃ
69 3346 112 3389 (ί)
132 3351 246 3383 Strabo
262 3353 293 3391 1,
308 3362 340 3394 p.
365 3355 403 3385 34
422 3363 430 3384 :
448 3355 604 3392 Λύσαντες
620 3355 655 3387 τὸ
672 3356 780 3399 μέτρον
799 3356 895 3389 τᾶλλα
914 3357 946 3388 δὲ
962 3355 1053 3397 φυλά-

898 102 967 145 DE
995 103 1265 147 HECATAEO.

2095 130 2149 159 XV

1119 193 1254 244 alogiis
1272 208 1351 233 non
1374 195 1490 235 fuisse
1511 196 1702 247 diversas,
1721 207 1825 238 recte
1838 210 1970 239 monet
1989 203 2148 242 Clause-

1120 251 1220 300 nius;
1242 254 1347 304 quod
1365 269 1458 294 vero
1472 256 1576 295 hunc
1590 257 1638 296 iis
1653 258 1806 297 titulum
1821 273 1843 297 a
1857 261 2070 301 serioribus
2090 264 2149 301 in-

1121 310 1244 350 ditum
1271 314 1324 351 ait
1354 324 1582 367 propterea,
1604 317 1709 368 quod
1729 318 1777 356 ad
1799 320 1941 358 criticae
1977 321 2149 361 historiae

1120 370 1332 410 scribendae
1357 382 1477 413 artem
1498 375 1580 426 jam
1604 377 1765 428 propius
1786 378 2015 418 accederent
2034 380 2085 433 (v.
2103 382 2148 419 fr.

1123 423 1229 474 332),
1258 425 1296 462 id
1332 439 1481 476 vereor,
1514 443 1562 467 ne
1595 429 1775 469 subtilius
1795 445 1913 483 quam
1928 435 2058 472 verius
2076 434 2151 472 dis-

1121 491 1296 532 putatum
1324 486 1384 524 sit.
1422 487 1562 526 Libros
1594 491 1844 530 continebant
1867 492 1916 531 ad
1946 493 2150 533 minimum

1120 550 1326 591 quattuor,
1353 552 1412 582 tot
1425 546 1528 583 enim
1542 547 1580 584 in
1596 548 1823 600 fragmentis
1837 564 2149 591 commemoran—

1121 607 1195 638 tnr.
1227 604 1377 641 Exorsa
1401 614 1460 642 est
1485 607 1655 645 narratio
1678 622 1700 646 a
1720 611 1956 649 Deucalione
1989 611 2151 664 ejusque

1121 662 1316 710 progenie.
1334 662 1409 700 Sed
1428 665 1560 715 accipe
1574 666 1767 706 Clausenii
1786 670 1932 718 verbis,
1953 684 2069 722 quem
2089 671 2150 710 fa—

1120 718 1298 759 bularum
1322 722 1500 760 ordinem
1520 737 1565 761 ex
1587 725 1758 776 reliquiis
1777 729 1833 766 vir
1853 729 1992 768 doctus
2009 745 2150 770 eruen-

1122 779 1214 818 dum
1229 794 1310 819 esse
1323 791 1488 821 censeat.
1519 785 1718 822 «Primum
1732 789 1955 839 progeniem
1969 791 2150 838 HelleniS,

1122 847 1161 878 et
1179 840 1220 878 in
1237 854 1281 879 ea
1297 841 1465 892 primum
1484 843 1632 893 prolem
1650 846 1759 892 Dori,
1774 847 2021 886 Doriensium
2035 863 2151 900 expe—

1123 900 1309 946 ditiones,
1339 900 1478 939 deinde
1498 902 1661 953 stirpem
1678 904 1780 942 AEoli
1793 934 1804 952 ,
1825 906 1918 943 etin
1933 907 2004 945 hac
2027 909 2151 948 Atha-

1123 960 1262 998 mantis
1278 960 1398 998 filium
1410 960 1609 1010 Phrixum,
1623 963 1776 1001 Crethei
1789 967 1984 1014 AEsonem,
1999 969 2152 1006 AEsonis

1121 1023 1295 1058 Iasonem
1317 1034 1405 1058 cum
1419 1022 1654 1073 Argonautis
1666 1051 1675 1069 ,
1701 1022 1841 1060 deinde
1859 1025 2014 1064 Crethei
2028 1030 2151 1077 Amy-

1123 1079 1326 1127 thaonem,
1352 1080 1659 1131 Melampodem,
1687 1083 1992 1133 Amphiaraum:
2017 1094 2153 1136 postea

1122 1139 1240 1176 alium
1272 1139 1519 1178 Deucalionis
1534 1140 1654 1179 filium
1680 1142 1930 1191 Orestheum,
1957 1144 2153 1194 Phytium‚

1122 1199 1299 1236 OEneum
1312 1227 1324 1246 ,
1346 1197 1523 1248 Tydeum
1542 1199 1738 1238 exhibitos
1759 1200 1874 1239 fuisse
1894 1202 2074 1241 arbitror.
2095 1204 2153 1242 Ad

1125 1256 1333 1296 secundum
1357 1257 1499 1296 librum
1518 1259 1723 1297 Herculem
1744 1273 1831 1297 cum
1851 1261 2068 1300 Heraclidis
2087 1276 2152 1300 re—

1124 1316 1222 1367 fero,
1236 1330 1404 1368 quorum
1422 1318 1544 1356 multa
1563 1318 1662 1356 facta
1677 1318 1727 1357 ab
1743 1333 1790 1357 eo
1810 1328 1970 1359 tractata
1989 1322 2151 1360 scimus:

1122 1389 1208 1427 quae
1224 1376 1278 1414 ita
1296 1376 1489 1428 disposui,
1519 1385 1563 1415 ut
1583 1378 1752 1429 primum
1769 1392 1828 1417 res
1845 1381 2154 1431 Peloponnesia-

1123 1450 1200 1484 cas,
1222 1449 1363 1488 aprum
1380 1437 1690 1486 Erymanthium,
1707 1441 1859 1489 Augen,
1882 1439 2092 1478 Cerberum
2113 1441 2154 1478 in

1122 1498 1300 1543 Taenaro,
1323 1495 1484 1546 hydram
1501 1500 1715 1544 Lernaeam,
1734 1502 1921 1549 Augeam,
1943 1499 2083 1538 deinde
2096 1514 2156 1538 re-

1122 1555 1247 1606 liquas
1262 1558 1426 1601 Graecas,
1451 1559 1670 1607 Geryonem
1686 1565 1723 1595 et
1733 1558 1968 1602 OEchaliam,
1985 1559 2153 1610 denique

1120 1623 1290 1662 exteras,
1320 1618 1550 1663 Amazones,
1568 1613 1766 1666 postremo
1779 1618 2003 1656 Heraclidas
2021 1631 2154 1656 recen-

1121 1673 1278 1711 suerim.
1309 1677 1368 1712 Ex
1397 1674 1499 1712 libro
1532 1675 1647 1714 tertio
1678 1688 1757 1713 non
1780 1676 1852 1714 nisi
1876 1690 1936 1714 res
1960 1677 2154 1716 Arcadum

1121 1733 1299 1771 citantur.
1334 1734 1453 1784 Atqui
1479 1747 1601 1784 quum
1634 1735 1770 1772 multas
1809 1744 1992 1786 praeterea
2024 1750 2153 1775 rerum

1120 1792 1392 1844 Argolicarum
1424 1793 1640 1832 mentiones
1664 1793 1875 1834 habeamus
1887 1825 1898 1844 ,
1929 1809 2061 1834 omnes
2091 1810 2153 1834 res

1120 1852 1484 1903 Peloponnesiacas,
1506 1866 1668 1903 quarum
1685 1853 1822 1893 heroes
1842 1868 1969 1906 neque
1986 1855 2034 1893 ab
2049 1858 2152 1894 Her—

1120 1912 1207 1949 cule
1221 1924 1348 1962 neque
1361 1924 1384 1949 a
1395 1912 1633 1950 Deucalione
1646 1911 1882 1960 derivantur,
1903 1914 1957 1952 ibi
1972 1923 2152 1953 tractatas

1120 1971 1274 2022 putavi,
1309 1971 1418 2009 velut
1443 1974 1655 2023 AEgyptum
1685 1980 1722 2009 et
1748 1975 1948 2020 Danaum,
1978 1976 2151 2022 Danaen,

1119 2035 1285 2069 Proetum
1302 2038 1341 2069 et
1357 2030 1565 2082 Cyclopes,
1590 2031 1757 2082 denique
1783 2036 1983 2081 Perseum,
2014 2042 2150 2084 postea

1119 2091 1214 2129 alios
1228 2091 1267 2128 in
1282 2090 1429 2142 reliqua
1442 2091 1591 2128 Graecia
1603 2090 1652 2128 ab
1665 2091 1799 2130 eadem
1815 2093 1934 2143 stirpe
1947 2093 2150 2140 oriundos,

1118 2151 1224 2188 velut
1239 2149 1440 2188 Cadmum.
1460 2151 1519 2188 De
1532 2149 1634 2188 libro
1650 2159 1789 2201 quarto
1803 2152 1855 2189 nil
1871 2153 2034 2190 scimus:
2050 2166 2151 2189 non-

1117 2211 1191 2248 nisi
1208 2210 1329 2249 Cariae
1352 2217 1390 2247 et
1415 2210 1544 2260 Lyci'ae
1568 2210 1803 2248 mentionem
1827 2210 2037 2249 habemus:
2056 2224 2150 2262 pro—

1118 2268 1247 2307 babile
1261 2277 1340 2317 est,
1358 2268 1414 2307 ibi
1430 2268 1579 2306 fabulas
1596 2269 1644 2306 ad
1664 2270 1793 2307 Asiam
1814 2270 2002 2308 minorem
2027 2271 2149 2322 perti-

1117 2337 1252 2366 nentes
1261 2328 1376 2366 fuisse
1385 2336 1569 2374 narratas,
1579 2341 1746 2379 quarum
1761 2329 1897 2367 multas
1911 2329 2014 2367 haud
2029 2329 2147 2367 dubie

1117 2387 1226 2425 novit
1252 2390 1463 2425 Hecataeus,
1479 2405 1493 2421 «
1517 2387 1575 2425 Cf.
1595 2387 1702 2425 Idem
1719 2387 1767 2425 ad
1785 2388 1830 2425 fr.
1849 2389 1937 2437 334,
1954 2390 2043 2437 344,
2057 2391 2145 2427 361.

1171 2446 1286 2495 Quod
1304 2447 1352 2485 ad
1373 2447 1539 2485 Hecataei
1554 2460 1675 2498 genus
1692 2447 1846 2485 dicendi
1861 2448 2015 2496 attinet,
2035 2451 2145 2486 Stra—

1116 2505 1229 2545 bonis
1260 2507 1386 2545 locum
1419 2507 1471 2558 (v.
1497 2514 1576 2544 not.
1609 2507 1688 2557 13),
1712 2506 1782 2544 ubi
1810 2507 1983 2558 prosaria
2012 2507 2145 2545 Nostri

1115 2565 1239 2603 oratio
1260 2565 1309 2603 ad
1329 2578 1492 2617 poeseos
1511 2565 1680 2603 indolem
1697 2566 1875 2616 proxime
1888 2565 2069 2603 accedere
2086 2565 2143 2602 ‹li-

1115 2625 1235 2673 citur,
1255 2624 1414 2663 uberius
1446 2625 1608 2676 exponit
1634 2628 1894 2676 Hermogenes
1916 2624 1997 2676 (2):
2030 2641 2044 2658 «
2060 2627 2142 2661 He—

1114 2735 1216 2773 ξαντες
1231 2735 1270 2767 τὰ
1285 2735 1433 2775 ποιητικὰ
1454 2735 1642 2778 συνέγραφον
1660 2736 1689 2766 οἱ
1708 2734 1776 2776 περὶ
1793 2733 1919 2774 Κάδμον
1940 2734 1992 2765 καὶ
2010 2734 2142 2776 Φερεκύ-

1114 2782 1169 2821 δην
1187 2783 1239 2814 καὶ
1259 2783 1436 2814 Ἑκαταῖον.

1157 2829 1202 2871 (2)
1219 2831 1268 2862 De
1293 2838 1401 2870 gener.
1432 2829 1561 2862 dicendi
1577 2831 1625 2868 11,
1645 2831 1681 2860 12
1697 2838 1705 2858 t
1722 2828 1884 2864 Ἑκαταῖος
1900 2828 1933 2859 δὲ
1945 2829 1962 2859 ὁ
1977 2829 2140 2869 Μιλήσιος,

1113 2878 1186 2920 παρ’
1204 2877 1241 2910 οὗ
1257 2879 1294 2916 δὴ
1309 2877 1443 2919 μάλιστα
1457 2878 1609 2918 ὠφέληται
1626 2877 1642 2907 ὁ
1658 2875 1821 2917 Ἡρόδοτος
1833 2899 1842 2914 ,
1859 2875 1991 2917 καθαρὸς
2008 2876 2062 2916 μέν
2075 2876 2141 2908 ἐστι

1113 2927 1166 2958 καὶ
1184 2926 1282 2967 σαφὴς
1293 2949 1302 2964 ,
1324 2925 1355 2957 ἐν
1371 2926 1405 2957 δέ
1420 2936 1483 2957 τισι
1501 2925 1554 2956 καὶ
1572 2924 1645 2962 ἡδὺς
1661 2924 1696 2954 οὐ
1714 2922 1854 2964 μετρίως.
1876 2924 1922 2964 Τῇ
1939 2923 2089 2965 διαλέκτῳ
2108 2924 2142 2955 δὲ

1113 2973 1237 3016 ἀκράτῳ
1253 2973 1326 3005 Ἰάδι
1355 2974 1408 3005 καὶ
1428 2973 1465 3004 οὐ
1482 2971 1652 3013 μεμιγμένῃ
1669 2969 1861 3011 χρησάμενος
1889 2970 1961 3003 οὐδὲ
1984 2970 2065 3002 κατὰ
2088 2971 2141 3003 τὸν

1112 3021 1278 3062 Ἡρόδοτον
1296 3021 1421 3060 ποικίλῃ
1435 3045 1443 3059 ,
1463 3018 1554 3058 ἠττόν
1577 3018 1660 3049 ἐστιν
1677 3016 1766 3048 ἕνεκά
1787 3028 1823 3058 γε
1840 3017 1947 3054 λέξεως
1966 3018 2138 3056 ποιητικός.

1112 3069 1174 3100 Καὶ
1196 3070 1215 3107 ἡ
1233 3068 1391 3109 ἐπιμέλεια
1407 3068 1439 3099 δὲ
1455 3067 1539 3107 αὐτῷ
1564 3066 1600 3097 οὐ
1622 3065 1747 3103 τοιαύτη
1757 3089 1766 3105 ,
1783 3065 1853 3097 οὐδὲ
1869 3065 1974 3106 ὅμοιος
1990 3066 2007 3097 ὁ
2022 3064 2140 3107 κόσμος

1111 3117 1129 3147 ὁ
1144 3116 1212 3157 περὶ
1229 3115 1335 3152 αὐτήν.
1363 3114 1419 3145 Διὸ
1443 3113 1496 3143 καὶ
1515 3114 1580 3147 ταῖς
1606 3111 1729 3149 ἡδοναῖς
1757 3111 1934 3144 ἐλαττοῦται
1959 3113 2064 3154 πολλῷ
2082 3117 2139 3145 τοῦ

1110 3162 1279 3205 Ἡροδότου
1291 3186 1300 3201 ,
1317 3161 1394 3192 ἀλλὰ
1420 3159 1500 3191 πάνυ
1524 3159 1648 3199 πολλῷ,
1674 3158 1776 3190 καίτοι
1791 3170 1828 3199 γε
1844 3159 1956 3200 μύθους
1977 3160 2016 3191 τὰ
2037 3160 2139 3192 πάντα

1111 3211 1222 3252 σχεδὸν
1250 3210 1303 3241 καὶ
1322 3208 1465 3245 τοιαύτην
1482 3206 1549 3238 τινὰ
1567 3206 1703 3249 ἱστορίαν
1723 3206 1989 3249 συγγραψάμενος.
2009 3207 2084 3240 Ἀλλ’
2101 3209 2138 3240 οὐ

1112 3260 1204 3301 μόνον
1217 3260 1236 3297 ἡ
1254 3258 1355 3290 ἔννοια
1372 3257 1461 3295 ἱκανὴ
1477 3255 1580 3296 λόγιον
1596 3255 1675 3292 εἶδος
1685 3256 1787 3287 ὁτιοῦν
1800 3255 2039 3298 ἐξεργάσασθαι,
2058 3256 2137 3288 πολὺ

1111 3308 1143 3339 δὲ
1160 3307 1223 3348 ἔχει
1242 3306 1295 3337 καὶ
1313 3306 1332 3342 ἦ
1353 3304 1427 3341 λέξις
1454 3304 1507 3336 καὶ
1527 3303 1565 3335 τὰ
1581 3304 1650 3347 περὶ
1673 3304 1729 3342 τὴν
1756 3303 1854 3344 λέξιν,
1883 3304 1948 3335 οἷον
1972 3304 2136 3345 σχήματα,

1111 3355 1215 3393 κῶλα,
1233 3353 1403 3391 συνθῆκαι,
1419 3352 1546 3393 ῥυθμοὶ,
1562 3350 1750 3387 ἀναπαύσεις
1760 3375 1769 3390 ,
1786 3351 1861 3392 πρὸς
1876 3351 1911 3382 τὸ
1924 3351 2033 3389 ἡδονὰς
2048 3354 2137 3389 ποιῆ-
