2320 3684
166 201 238 276 i
404 207 786 525 ῗῗι
804 209 2260 547 Εῖῗῗῗίῗῗῶῌὲ

859 678 1582 773 FRAGMENTA.

1093 865 1348 883 W

475 962 630 1002 LIBER
660 962 866 1004 PRIMUS.

207 1042 550 1088 Argumentum.—
558 1041 789 1090 Theogonia.
800 1041 895 1079 Coeli
906 1049 944 1080 et
957 1045 1085 1080 Terrae
1098 1056 1190 1093 pro-

155 1097 286 1146 genies
303 1111 312 1134 :
330 1097 566 1144 Centimani;
587 1099 792 1149 Cyclopes,
814 1099 863 1137 ad
893 1113 991 1150 quos
1016 1104 1186 1147 Aorten‚

156 1156 201 1192 sr.
223 1157 271 1192 26
295 1165 570 1202 memoratum,
595 1158 737 1195 referre
767 1159 908 1208 possis,
932 1161 1106 1209 quamvis
1122 1174 1189 1198 ve·-

153 1214 350 1252 risimilius
371 1215 420 1252 sit
440 1228 529 1252 eum
547 1223 614 1253 aut
633 1216 681 1254 ad
699 1230 764 1254 eos
780 1218 994 1268 pertinere,
1013 1219 1080 1268 qui
1098 1232 1186 1256 curn

154 1276 292 1310 Perseo
311 1278 432 1324 Argos
449 1283 722 1312 concesserunt
733 1303 744 1322 ,
764 1284 852 1325 aut,
875 1290 961 1327 quae
974 1285 1031 1314 est
1046 1277 1187 1315 Sturzii

155 1332 363 1378 sententia,
384 1332 433 1369 ad
450 1333 638 1383 Cyclopes
650 1334 895 1381 Homericos;
911 1335 1078 1373 Titanes.
1095 1338 1187 1374 Cro-

153 1390 192 1427 ni
219 1402 393 1440 regnum.
425 1389 518 1440 Ejus
550 1405 598 1429 ex
629 1392 738 1429 Rhea
768 1392 868 1430 filius
887 1394 1049 1444 Jupiter,
1070 1407 1184 1445 quem

153 1460 272 1497 quum
290 1449 467 1486 nonnulli
479 1449 519 1486 in
533 1450 698 1488 Arcadia
718 1458 850 1488 natum
867 1450 1009 1499 dicant,
1022 1451 1069 1489 ad
1081 1452 1185 1490 hunc

152 1506 296 1543 referre
319 1506 409 1544 licet
428 1507 474 1544 fr.
500 1521 514 1544 1
541 1508 588 1545 de
605 1509 724 1559 Hysia
759 1510 918 1560 oppido.
940 1513 998 1548 Ex
1029 1510 1184 1558 Philyra

153 1568 303 1603 Cronus
335 1566 505 1617 suscepit
538 1567 745 1606 Chironem
769 1567 835 1620 (2).
850 1591 901 1598 -—-
920 1569 1072 1620 Jupiter
1097 1583 1183 1607 cum

152 1622 334 1662 fratribus
345 1637 505 1675 regnum
516 1626 695 1677 partitur.
704 1629 805 1664 lovis
813 1630 1031 1678 progenies:
1043 1629 1184 1679 Apolio

150 1690 190 1719 et
214 1682 361 1733 Diana,
393 1684 460 1733 qui
490 1684 678 1722 Orionem
701 1693 739 1722 et
762 1686 917 1736 Tityum
949 1687 1184 1724 interficiunt

151 1740 204 1792 (3,
227 1746 263 1786 4,
284 1739 333 1792 5).
359 1744 416 1779 Ex
435 1742 617 1792 Apolline
644 1743 725 1782 nati
753 1752 843 1781 sunt
871 1744 1110 1795 Corybantes
1130 1747 1182 1797 (63

151 1799 310 1850 adjunxi
341 1799 389 1837 de
417 1801 587 1851 Dactylis
620 1801 906 1853 fragmentum),
939 1804 1182 1854 AEsculapius

153 1857 221 1909 (8),
235 1858 419 1895 Aristaeus
443 1858 512 1910 (9),
529 1859 638 1911 cujus
662 1860 739 1898 filia
755 1869 813 1898 est
825 1863 968 1900 Hecate
983 1861 1181 1913 (1‹1).Haec

151 1916 258 1954 ducit
283 1916 331 1953 ad
357 1918 566 1956 Plutonem.
588 1922 739 1970 Raptus
763 1920 1013 1971 Proserpinae.
1048 1923 1180 1969 Ceres,

149 1989 237 2013 cum
264 1989 341 2026 qua
363 1984 469 2014 arcte
491 1977 696 2028 conjuncta
716 1987 772 2016 est
791 1979 909 2016 Daira
937 1979 1034 2031 (11),
1065 1980 1180 2017 filiam

149 2047 325 2084 quaerens
344 2035 445 2071 venit
461 2035 510 2072 ad
528 2037 810 2087 Triptolemum
830 2037 924 2088 (12).
941 2065 994 2072 -.
1013 2040 1178 2076 ΕΧνῑΝε,

146 2097 259 2141 ptum·
278 2093 462 2143 progenie
483 2103 720 2133 memoratur
737 2096 925 2147 Nauplius
939 2095 1034 2148 (13).
1051 2118 1104 2126 —
1117 2097 1180 2135 Gi-

150 2152 441 2202 gantomachia3
459 2153 599 2204 Typho
621 2153 714 2206 (14).

200 2210 270 2247 His
297 2211 416 2260 igitur
435 2224 479 2248 ea
500 2213 903 2263 comprehenduntur,
932 2227 1018 2264 quae
1047 2213 1179 2263 lib,.,1‚

148 2283 180 2306 c.
220 2271 318 2306 1—6
356 2270 537 2320 exposuit
570 2267 855 2322 Apollodorus,
895 2274 981 2323 qui,
1004 2274 1178 2323 quamvis

148 2327 241 2365 alias
261 2329 501 2379 genealogias
512 2339 666 2368 secutus
683 2331 811 2369 multis
830 2332 870 2369 in
889 2331 1021 2378 rebus,
1043 2332 1179 2382 praeci-

147 2399 224 2437 pue
242 2398 335 2423 vero
364 2386 404 2423 in
440 2387 506 2434 iis,
540 2401 625 2438 quae
653 2389 850 2439 pertinent
878 2390 927 2428 ad
958 2389 1178 2440 Apollinem

146 2444 380 2494 Pherecydi,
401 2446 628 2496 Pythagorae
652 2447 864 2498 discipulo,
882 2448 1064 2498 singulari
1085 2462 1180 2499 quo-

147 2504 237 2540 dam
253 2515 384 2542 amore
412 2512 450 2541 et
468 2504 597 2542 studio
616 2505 777 2553 elatum,
798 2520 820 2544 a
842 2515 975 2544 nostro
997 2507 1177 2554 recedat,

146 2562 186 2598 in
199 2561 424 2599 universum
438 2570 566 2600 tamen
586 2562 634 2600 ad
654 2563 886 2614 Pherecydis
906 2565 1071 2602 maxime
1089 2578 1179 2602 nar-

148 2621 334 2658 rationem
351 2622 478 2672 operis
491 2623 549 2660 sui
560 2623 853 2674 dispositionem
868 2624 1178 2662 accommodasse

145 2679 312 2717 videtur.
345 2680 418 2718 Sed
466 2689 554 2731 post
599 2689 790 2719 narratam
822 2682 1176 2732 Gigantomachiam

144 2739 410 2788 Apollodorus
431 2740 561 2790 paullo
572 2739 776 2791 abruptius
791 2741 838 2778 ad
853 2741 1073 2782 Promethei
1087 2754 1178 2790 sup-

145 2797 304 2846 plicium
334 2799 629 2850 transgreditur,
660 2799 819 2842 deinde,
855 2799 922 2837 ubi
952 2800 991 2836 in
1019 2812 1177 2836 enume-

146 2856 265 2892 randa
289 2857 405 2907 hujus
438 2859 623 2909 progenie
651 2859 698 2896 ad
724 2859 931 2896 Hellenicae
956 2858 1087 2909 stirpis
1103 2871 1151 2895 au

145 2921 269 2951 ctores
292 2924 523 2965 perventum
555 2924 632 2967 est,
663 2917 704 2954 in
730 2917 843 2954 AEolo
863 2916 1074 2954 subsistens
1097 2928 1172 2952 nu—

147 2984 333 3010 merosam
369 2973 451 3024 ejus
483 2976 747 3025 posteritatem
782 2989 852 3026 per
873 2975 1060 3025 reliquam
1084 2973 1173 3010 libri

146 3030 260 3078 primi
291 3040 440 3081 partem
466 3035 724 3085 persequitur.
754 3035 876 3072 Aliter
902 3047 982 3072 rem
1009 3033 1176 3070 instituit

442 3152 806 3196 HISTORIARU
814 3153 859 3195 M

463 3230 612 3269 LIBER
641 3231 846 3271 PRIMUS.

641 3296 674 3327 1.

186 3342 301 3381 Hysia,
325 3344 477 3383 oppidum
511 3346 662 3384 Boeotia»,
687 3347 742 3378 sed
759 3348 855 3378 ctiam
877 3347 1040 3386 Arcadiae,
1068 3348 1102 3378 ut
1124 3346 1170 3377 ait

145 3387 342 3429 Pherecydes
358 3390 388 3420 in
406 3390 486 3421 libro
503 3391 615 3430 primo.

1246 972 1503 1024 Pherecydes,
1520 991 1633 1028 quem
1650 981 1699 1018 ad
1709 983 1816 1020 AEaci
1831 984 1989 1035 stirpem
2010 1000 2093 1026 sese
2111 1003 2265 1030 conver-

1247 1031 1334 1069 tisse
1354 1047 1402 1071 ex
1428 1035 1474 1072 fr.
1509 1038 1554 1073 16
1575 1046 1614 1075 et
1637 1041 1686 1077 28
1705 1041 1797 1078 satis
1816 1042 2053 1093 luculenter,
2079 1056 2123 1085 ut
2152 1058 2270 1099 puto,

1246 1101 1417 1141 apparet.
1443 1095 1565 1144 Igitur
1584 1110 1702 1146 quum
1723 1099 1886 1140 deorum
1915 1104 2189 1155 Olympiorum
2209 1122 2274 1148 re-

1245 1162 1362 1199 gnum
1383 1152 1694 1202 gigantomachia
1712 1160 1982 1199 confirmatum
2002 1173 2119 1212 esset,
2136 1166 2184 1204 ad
2204 1170 2274 1205 Jo-

1245 1220 1351 1254 vem,
1370 1211 1463 1248 novi
1482 1225 1612 1251 rerum
1629 1215 1775 1254 ordinis
1795 1226 2001 1268 rectorem,
2021 1223 2173 1262 rediens
2193 1238 2273 1276 prae

1245 1267 1381 1304 ceteris
1407 1282 1583 1309 narrasse
1603 1272 1759 1311 videtur
1779 1285 1935 1326 raptum
1962 1281 2110 1330 AEginae
2134 1282 2198 1333 (cf.
2223 1283 2270 1322 fr.

1246 1323 1324 1374 78),
1340 1325 1449 1376 cujus
1464 1341 1511 1365 ex
1528 1332 1625 1367 Jove
1644 1333 1909 1381 posteritatem
1930 1349 2052 1387 usque
2079 1340 2128 1377 ad
2146 1340 2272 1379 histo-

1243 1383 1322 1420 rica
1338 1392 1511 1436 tempora
1527 1386 1701 1427 deduxit.
1715 1394 1844 1438 Quare
1857 1393 1933 1430 huc
1947 1395 2148 1436 referenda
2168 1408 2271 1448 sunt,

1245 1455 1330 1491 quae
1347 1443 1530 1482 dicuntur
1551 1446 1600 1485 de
1622 1449 1828 1488 Telamone
1847 1451 1942 1504 (15),
1967 1453 2016 1491 de
2038 1456 2154 1494 Peleo
2171 1457 2270 1510 (16),

1244 1499 1292 1537 de
1314 1502 1507 1553 Polydora
1535 1505 1613 1556 (17,
1646 1506 1725 1558 18),
1752 1508 1800 1546 de
1835 1512 2030 1558 Patroclo,
2050 1514 2271 1567 Clesonymi

1242 1559 1489 1600 interfectore
1503 1563 1598 1614 (19),
1621 1564 1669 1602 de
1689 1566 1902 1617 majoribus
1921 1571 2216 1624 Miltiadigffio).

1294 1619 1439 1658 Eadem
1449 1622 1709 1672 Apollodorus
1721 1627 1898 1664 tractavit
1910 1627 1974 1667 lib.
1990 1631 2060 1681 111,
2071 1644 2102 1668 c.
2122 1645 2137 1668 1
2146 1645 2180 1679 2,
2192 1647 2269 1680 7·—

1246 1679 1306 1723 13,
1329 1679 1364 1726 8,
1388 1692 1473 1730 quae
1509 1689 1638 1720 tamen
1670 1696 1757 1721 cum
1788 1687 2037 1726 antecedente
2072 1689 2121 1727 de
2154 1691 2270 1730 rebus

1241 1737 1389 1775 Troicis
1411 1739 1630 1779 narratione
1661 1749 1698 1779 et
1718 1756 1805 1780 cum
1828 1745 1986 1792 Atticis,
2018 1760 2104 1797 quae
2132 1749 2269 1788 subse-

1240 1805 1426 1845 quuntur,
1444 1797 1582 1836 fabulis
1596 1807 1668 1837 tam
1686 1801 1783 1839 male
1798 1803 2145 1851 cohaerent,immo
2160 1809 2268 1847 omni

1241 1855 1395 1893 vinculo
1410 1864 1609 1907 tantopere
1624 1867 1714 1896 sunt
1733 1860 1936 1907 destituta,
1949 1871 1993 1900 ut
2015 1878 2103 1902 cum
2114 1868 2268 1916 Heynio

1239 1914 1486 1952 statuendum
1504 1916 1552 1953 sit
1572 1916 1684 1966 plura
1699 1918 1950 1958 intercidisse.
1973 1925 2109 1973 Itaque
2129 1925 2268 1963 admo-

1239 1973 1329 2011 dum
1350 1973 1534 2025 proclivis
1553 1983 1610 2017 est
1629 1977 1814 2027 suspicio,
1831 1979 2111 2029 Apollodorum
2129 1984 2266 2022 eodem

1238 2032 1318 2069 fere
1336 2045 1414 2082 quo
1429 2032 1663 2084 Pherecydes
1678 2035 1793 2073 modo
1805 2035 2048 2077 AEacidarum
2066 2040 2267 2081 historiam

1237 2103 1409 2128 narrasse
1421 2119 1430 2135 ,
1449 2091 1534 2139 sed,
1552 2106 1669 2143 quum
1685 2107 1728 2131 ea
1741 2095 1845 2132 sati&->
1849 2092 2034 2135 idoneum
2053 2099 2100 2136 ad
2112 2101 2267 2150 ›tticas

1238 2147 1388 2187 fabulas
1424 2151 1626 2189 transitum
1652 2152 1862 2203 praeberet,
1882 2154 1922 2192 in
1958 2164 2196 2206 [mstremum
2219 2159 2267 2198 lif

1237 2207 1351 2245 hrum
1371 2210 1672 2259 transposuisse,
1695 2211 1762 2249 illa
1786 2212 1870 2262 ipsa
1898 2227 1990 2251 vero
2013 2229 2100 2266 quae
2118 2217 2265 2256 aditum
2287 2240 2290 2242 v

1238 2276 1417 2317 pararent
1435 2268 1483 2305 ad
1518 2269 1663 2307 Atticas
1684 2270 1843 2319 fabulas,
1872 2280 2097 2325 temporum
2123 2276 2266 2327 injuria

1237 2326 1438 2376 interiisse,
1455 2327 1518 2365 vel
1537 2342 1559 2366 a
1573 2329 1810 2373 seriorisoevi
1823 2330 2000 2379 homine,
2025 2334 2093 2384 qui
2127 2347 2150 2372 a
2178 2346 2265 2386 my*

1238 2384 1410 2436 thologia
1430 2399 1474 2424 ea
1490 2392 1644 2437 putaret
1664 2389 1799 2438 aliena,
1813 2398 2064 2430 resectaesse.

1735 2460 1749 2494 l

1290 2525 1423 2576 steph.
1444 2529 1550 2579 Byz.:
1571 2524 1689 2574 Ὑσία,
1710 2526 1810 2571 πόλις
1826 2528 2005 2572 Βοιωτίας.
2075 2527 2183 2569 Ἔστι
2200 2531 2261 2570 καὶ

1236 2581 1420 2635 Ἀρκαδίας
1443 2581 1542 2627 πόλις
1554 2614 1564 2633 ,
1582 2586 1628 2628 ὡς
1647 2585 1850 2638 Φερεκύδης
1870 2586 2010 2640 πρώτῳ.

1731 2655 1754 2691 2

1288 2723 1415 2761 Schol.
1431 2724 1606 2774 Apollon.
1628 2728 1678 2772 ΙΙ,
1697 2726 1795 2764 1235
1818 2739 1828 2764 z
1849 2724 2052 2778 Φερεκύδης
2071 2726 2187 2778 φησὶν,
2207 2726 2258 2766 ὅτι

1236 2781 1369 2835 Κρόνος
1385 2782 1609 2831 ἀπεικασθεὶς
1627 2782 1726 2836 ἵππῳ
1747 2783 1851 2835 ἐμίγη
1866 2783 2059 2837 Φιλύρᾳῆ
2075 2784 2260 2841 Ὠκψοῖῐ,

1233 2840 1292 2879 καὶ
1316 2839 1372 2878 διὰ
1387 2843 1488 2878 τοῦτο
1508 2839 1628 2893 διφυὴς
1650 2844 1668 2879 ὃ
1683 2842 1846 2904 Xez'pum.³
2172 2838 2187 2848 l

1725 2913 1760 2950 3.

1287 2975 1469 3026 Apollod.
1493 2977 1532 3021 1,
1561 2981 1596 3021 4,
1620 2977 1666 3012 3:
1691 2975 1849 3028 Ὠρίωνα
1868 2975 2029 3029 Ἄρτεμις
2056 2976 2256 3015 ἀπέκτεινεν

1234 3035 1269 3071 ἐν
1293 3033 1410 3085 Δήλῳ·
1442 3036 1562 3070 τοῦτον
1599 3035 1730 3083 γηγενῆ
1767 3034 1925 3084 λέγουσιν
1962 3034 2179 3089 ὕπερμεγέῼη
2218 3036 2257 3074 τὸ

1722 3150 1758 3181 2.

1273 3203 1401 3233 Cronus
1420 3200 1453 3232 in
1470 3209 1590 3240 equum
1603 3208 1781 3232 conversus
1795 3207 1869 3231 cum
1883 3200 2030 3241 Philyra,
2045 3203 2164 3234 Oceani
2179 3202 2253 3243 filia,

1230 3247 1416 3286 concubuit,
1432 3249 1463 3279 et
1486 3249 1654 3288 propterea
1675 3247 1794 3279 Chiron
1813 3246 1976 3288 duplicem
1997 3249 2071 3289 equi
2091 3251 2188 3290 atque
2203 3250 2255 3283 ho·

1229 3294 1327 3326 minis
1339 3297 1487 3326 naturam
1503 3293 1609 3326 habet.
1721 3343 1740 3374 3

1266 3379 1373 3424 Γ1)ἰαιιει
1402 3393 1553 3425 Orionem
1583 3392 1614 3423 in
1648 3392 1725 3424 Delo
1763 3393 1889 3425 necavit
1941 3395 2032 3425 Hunc
2076 3395 2160 3426 terra
2184 3402 2241 3426 na-
