2320 3684
669 132 1003 173 APOLLODORI
1030 132 1390 175 BIBLIOTHECAE
1419 135 1498 187 111,
1531 142 1591 175 10.

74 240 183 264 νωσεν
198 223 314 264 αὐτόν.
323 225 340 251 2
349 223 422 265 Καὶ
436 224 493 262 διὰ
504 225 607 262 τοῦτο
616 219 786 276 ὀργισθεὶς
802 218 995 270 Ἀπόλλων,
1011 220 1104 260 κτεί-

2117 146 2189 180 167

1126 223 1138 295 Ῐ
1162 236 1178 257 ²
1195 234 1303 272 Quare
1328 235 1430 268 iratus
1458 236 1572 278 Apollo
1594 236 1715 271 occidit
1750 237 1930 280 cyclopes,
1959 238 2095 272 fulmina
2115 241 2192 272 Jovi
2257 233 2263 238 ”

74 299 126 322 νει
143 283 344 328 Κύκλωπας
355 314 365 333 ,
384 281 463 325 τοὺς
479 281 539 320 τὸν
555 279 722 334 κεραυνὸν
742 279 800 318 All·
817 278 1105 318 κατασχευᾶσαν-
1162 293 1368 329 fabricantes.
1383 301 1397 320 ³
1408 298 1483 330 =lam
1499 306 1578 330 vero
1592 298 1720 340 Jupiter
1734 299 1768 331 in
1781 300 1950 332 Tartarum
1966 308 2041 333 eum
2055 300 2193 342 dejectu·

74 359 147 387 τας.
169 344 185 370 3
202 342 290 387 Ζεὺς
312 340 348 380 δὲ
369 339 542 393 ἐμέλλησε
562 338 694 392 ῥίπτειν
715 338 819 378 αὗτὸν
831 339 878 382 εἷς
894 337 1081 392 Τάρταρον
1095 352 1103 361 ·

76 401 255 449 δεηθείσης
270 399 306 439 δὲ
323 402 482 447 Λητοῦς,
500 396 680 437 ἐκέλευσεν
706 397 810 436 αὐτὸν
829 396 984 436 ἐνιαυτὸν
1005 395 1104 450 ἀνδρὶ

75 462 253 507 θητεῦσαι.
263 458 334 498 4‘0
342 456 378 496 δὲ
390 454 673 512 παραγενόμενος
680 457 728 500 εἷς
743 454 864 509 Φερὰς
878 456 963 510 πρὸς
972 452 1106 507 Ἄδμη-

74 534 134 558 τον
150 518 209 558 τὸν
230 517 410 571 Φέρητος,
423 514 537 569 τούτῳ
553 514 730 569 λατρεύων
750 514 946 566 ἐποίμαινε,
963 514 1023 553 καὶ
1044 513 1106 558 τὰς

75 577 214 626 θηλείας
233 576 314 630 βόας
333 575 448 619 πάσας
465 573 717 626 διδυματόκους
735 573 911 622 ἐποίησεν.

129 646 146 671 ⁵
157 635 238 676 Εἰσὶ
256 634 293 674 δὲ
310 636 342 674 οἱ
360 633 520 686 λέγοντες
536 632 689 687 Ἀφαρέα
705 632 768 685 μὲν
785 633 845 672 καὶ
857 631 1058 673 Λεύκιππον
1067 633 1106 671 ἐκ

75 694 272 750 Περιήρους
289 693 450 746 γενέσθαι
471 696 532 732 τοῦ
550 690 680 732 Αἰόλου
692 708 700 716 ·
721 690 900 746 Κυνόρτου
915 691 951 731 δὲ
968 690 1106 745 Περιή-

76 768 158 807 ρην·
172 755 233 792 τοῦ
252 751 312 801 δὲ,
330 750 501 791 Οἴὸαλον·
519 749 679 790 Οἷὸάλου
698 748 734 788 δὲ
751 749 810 789 καὶ
827 746 958 798 Νηίδος
969 748 1107 804 νύμφης

74 812 223 856 Βατείας
234 843 244 861 ,
266 810 490 866 Τυνδάρεων,
508 808 772 859 Ἱπποκόωντα,
790 808 990 863 Ἰκαρίωνα.

129 871 186 924 (5)
205 868 461 914 Ἱπποκόωντος
495 868 559 921 μὲν
586 863 646 908 οῧν
667 867 826 920 ἐγένοντο
845 868 965 911 παῖδες
991 869 1107 921 Δορυ-

74 929 198 980 κλεὺς,
227 931 379 978 Σκαῖος,
398 926 671 983 Ἔναραιφόρος,
703 927 884 980 Εὖτύχης,
913 926 1106 975 Βουκόλος,

75 989 215 1038 Λύκων,
229 987 383 1043 Τέὸρος,
398 987 602 1036 Ἱππόθοος,
621 985 778 1039 Εὔρυτος
789 1017 799 1036 ,
817 985 1105 1040 Ἱπποκορυστὴς,

75 1047 272 1097 Ἀλκίνους,
292 1044 440 1086 Ἄλκων.
462 1045 616 1090 Τούτους
632 1044 828 1084 Ἱπποκόων
849 1044 940 1098 ἔχων
966 1046 1106 1094 παῖδας,

76 1106 260 1160 Ἰκαρίωνα
279 1105 340 1144 καὶ
357 1105 567 1160 Τυνδάρεων
584 1103 727 1150 ἐξέὸαλε
747 1104 1021 1156 Λακεδαίμονος.
1034 1105 1106 1143 2Οἱ

76 1164 113 1204 δὲ
132 1164 296 1219 φεύγουσι
323 1163 409 1219 πρὸς
429 1163 594 1212 Θέστιον,
627 1163 688 1202 καὶ
726 1167 976 1216 συμμαχοῦσιν
1012 1164 1107 1216 αὐτῷ

74 1223 161 1279 πρὸς
178 1223 258 1268 τοὺς
270 1223 417 1278 ὁμόρους
435 1222 589 1275 πόλεμον
607 1221 738 1275 ἔχοντι.
759 1222 830 1261 Καὶ
841 1228 945 1274 γαμεῖ
962 1222 1107 1261 Τυνδά-

76 1299 160 1337 ρεως
179 1282 330 1323 Θεστίου
349 1281 522 1335 θυγατέρα
540 1281 673 1330 Λήδαν.
694 1282 711 1306 3
726 1276 833 1325 Αῧθις
850 1280 899 1330 δὲ,
917 1280 974 1319 ὅτε
991 1280 1107 1335 Ἥρα-

75 1343 162 1388 κλῆς
180 1339 424 1380 Ἱπποκόωντα
440 1340 499 1379 καὶ
515 1340 594 1384 τοὺς
611 1340 734 1379 τούτου
760 1341 887 1384 παῖδας
906 1339 1107 1389 ἀπέκτεινε,

74 1398 286 1454 κατέρχεται
311 1399 371 1438 καὶ
395 1398 670 1454 παραλαμὸάνει
687 1398 896 1452 Τυνδάρεως
916 1397 980 1446 τὴν
1003 1401 1108 1452 βασι-

74 1458 182 1498 λείαν.

129 1518 186 1569 (6)
203 1516 354 1571 Ἰκαρίου
378 1515 442 1569 μὲν
461 1510 520 1555 οῧν
538 1516 600 1555 καὶ
615 1516 805 1571 Περιὸοίας
822 1515 960 1570 νύμφης
979 1514 1108 1563 Νηίδος

74 1574 190 1626 Θόας,
207 1575 463 1627 Δαμάσιππος,
482 1573 701 1626 Ἰμεύσιμος,
720 1573 868 1622 Ἀλήτης
882 1605 892 1623 ,
910 1573 1106 1628 Περίλεως,

73 1634 134 1674 καὶ
154 1634 310 1688 θυγάτηρ
330 1633 544 1682 Πηνελόπη,
561 1632 603 1680 ἣν
623 1632 754 1685 ἔγημεν
769 1633 972 1677 Ὀδυσσεύς.

126 1696 145 1720 ²
161 1693 351 1748 Τυνδάρεω
371 1691 407 1731 δὲ
432 1692 492 1731 καὶ
510 1692 630 1739 Λήδας
651 1691 839 1746 Τιμάνδρα
851 1723 861 1741 ,
887 1691 930 1739 ἣν
948 1691 1108 1744 Ἔχεμος

19 1770 22 1772 “
74 1751 206 1805 ἔγημε,
227 1752 288 1791 καὶ
306 1750 607 1806 Κλυταιμνήστρα
620 1782 630 1800 ,
650 1751 692 1799 ἣν
712 1750 842 1803 ἔγημεν
863 1749 1106 1803 Ἀγαμέμνων·

75 1810 127 1850 ἔτι
158 1827 197 1850 τε
233 1809 392 1858 Φιλονόη
403 1842 414 1860 ,
455 1810 499 1858 ἣν
532 1809 695 1864 Ἄρτεμις
739 1809 910 1849 ἀθάνατον
950 1809 1106 1858 ἐποίησε.

75 1871 131 1923 (7)
151 1870 232 1914 Διὸς
261 1869 297 1909 δὲ
330 1869 433 1924 Λήδᾳ
462 1868 684 1914 συνελθόντος
715 1868 944 1921 ὁμοιωθέντος
971 1869 1106 1922 κύκνῳ,

73 1928 132 1968 καὶ
143 1930 235 1968 κατὰ
244 1928 308 1977 τὴν
323 1927 431 1976 αὐτὴν
448 1928 555 1967 νύκτα
565 1927 771 1983 Τυνδάρεω,
783 1929 823 1966 ἐκ
840 1927 920 1972 Διὸς
931 1926 995 1979 μὲν
1013 1929 1109 1980 ἐγεν-

73 1987 161 2036 νήθη
179 1988 405 2035 Πολυδεύκης
422 1987 482 2026 καὶ
499 1986 650 2036 Ἑλένη,
671 1986 863 2041 Τυνδάρεω
881 1985 918 2025 δὲ
938 1986 1105 2042 Κάστωρ.

73 2052 91 2078 2
104 2045 258 2099 Λέγουσι
281 2046 317 2086 δὲ
336 2045 420 2086 ἔνιοι
447 2045 636 2098 Νεμέσεως
654 2045 804 2093 Ἑλένην
823 2039 912 2084 εἶναι
938 2045 998 2084 καὶ
1012 2045 1105 2090 Διός.

74 2105 218 2154 Ταύτην
235 2104 320 2160 γὰρ,
339 2105 403 2153 τὴν
427 2105 507 2150 Διὸς
521 2104 713 2159 φεύγουσαν
735 2104 934 2154 συνουσίαν,
948 2106 996 2148 εἷς
1012 2108 1106 2158 χῆνα

72 2164 137 2213 τὴν
158 2163 295 2219 μορφὴν
323 2164 533 2216 μεταὸαλεῑν
545 2180 553 2188 ·
581 2162 798 2215 ὁμοιωθέντα
814 2162 850 2202 δὲ
868 2164 928 2202 καὶ
944 2163 1013 2203 Δία
1042 2164 1106 2203 κύ·-

73 2239 158 2278 κνῳ,
170 2225 345 2262 συνελθεῖν
359 2239 368 2247 ·
386 2221 477 2270 3τὴν
495 2222 532 2261 δὲ
548 2222 616 2277 ᾠὸν
636 2224 676 2261 ἐκ
692 2225 756 2270 τῆς
772 2222 955 2267 συνουσίας
974 2225 1106 2262 ἀποτε-

73 2288 158 2321 κεῖν.
178 2285 295 2322 Τοῦτο
315 2281 351 2320 δὲ
367 2283 403 2320 ἐν
419 2287 490 2325 τοῖς
505 2281 646 2320 ἄλσεσιν
668 2279 812 2335 εὑρόντα
830 2280 910 2320 τινὰ
925 2280 1080 2333 ποιμένα
1092 2313 1103 2331 ,

72 2340 175 2396 Λήδᾳ
210 2341 407 2393 κομίσαντα
442 2341 571 2379 δοῦναι.
593 2339 671 2388 Τὴν
706 2339 763 2390 δὲ,
787 2339 1029 2392 καταθεμένην
1058 2343 1106 2386 εἷς

35 2397 38 2400 ’
72 2399 233 2454 λάρνακα
245 2431 255 2449 ,
276 2399 480 2454 φυλάσσειν,
499 2398 559 2437 καὶ
576 2399 692 2453 χρόνῳ
715 2398 906 2446 καθήκοντι
924 2402 1105 2451 γεννηθεῖ-

74 2474 138 2498 σαν
155 2457 320 2507 Ἑλένην,
337 2461 383 2502 ὡς
400 2457 434 2503 ἐξ
448 2459 556 2505 αὐτῆς
569 2457 763 2512 θυγατέρα,
781 2456 933 2512 τρέφειν.

124 2518 140 2544 ⁴
153 2516 350 2569 Γενομένην
370 2515 407 2555 δὲ
426 2515 534 2564 αὐτὴν
553 2516 675 2556 κάλλει
694 2519 869 2570 διαπρεπῆ
889 2515 1030 2564 Θησεὺς
1043 2517 1105 2571 ἁρ-

72 2574 188 2619 πάσας
207 2577 254 2619 εἷς
273 2575 432 2629 Ἀφίδνας
448 2573 604 2626 ἐκόμισε.
626 2573 853 2622 Πολυδεύκης
878 2573 914 2612 δὲ
939 2574 999 2613 καὶ
1024 2576 1103 2614 Κά-

73 2649 166 2689 στωρ
183 2636 230 2678 εἷς
244 2633 404 2688 Ἀφίδνας
415 2633 761 2688 ἐπιστρατεύσαντες,
775 2635 811 2672 ἐν
824 2632 937 2691 ”ᾼδου
954 2633 1105 2682 Θησέως

72 2693 185 2742 ὄντος,
200 2695 336 2747 αἱροῦσι
351 2691 415 2740 τὴν
432 2692 548 2742 πόλιν,
565 2693 624 2731 καὶ
642 2692 706 2740 τὴν
723 2691 873 2740 Ἑλένην
894 2692 1103 2744 λαμὸάνου-

73 2766 127 2801 σι,
146 2752 206 2790 καὶ
225 2751 289 2799 τὴν
309 2751 459 2799 Θησέως
476 2751 612 2804 μητέρα
638 2751 771 2806 Αἴθραν
802 2750 943 2803 ἄγουσιν
965 2752 1103 2804 αἰχμά-

73 2812 196 2850 λωτον.
221 2812 271 2862 (8)
284 2809 527 2865 Παρεγένοντο
545 2811 581 2849 δὲ
599 2813 645 2855 εἷς
659 2810 829 2864 Σπάρτην
848 2810 905 2849 ἐπὶ
924 2810 983 2849 τὸν
995 2810 1104 2851 Ἑλέ-

73 2881 135 2917 νης
166 2869 280 2921 γάμον
309 2871 341 2908 οἱ
379 2869 618 2922 βασιλεύοντες
654 2869 837 2913 Ἑλλάδος.
854 2863 972 2908 ’Ἦσαν
1002 2868 1039 2908 δὲ
1071 2873 1103 2909 οἱ

75 2927 349 2980 μνηστευόμενοι
376 2927 459 2967 οἵδε·
490 2928 683 2974 Ὀδυσσεὺς
721 2927 899 2982 Λαέρτου,
924 2928 1103 2980 Διομήδης

73 2985 215 3030 Τυδέως
227 3018 237 3036 ,
256 2986 455 3039 Ἀντίλοχος
474 2986 667 3041 Νέστορος,
685 2987 896 3041 Ἀγαπήνωρ
916 2987 1101 3039 Ἀγκαίου,

74 3044 241 3090 Σθένελος
260 3044 474 3094 Καπανέως,
495 3046 718 3100 Ἀμφίμαχος
744 3046 922 3096 Κτεάτου,
942 3046 1105 3091 Θάλπιος

75 3101 253 3157 Εὐρύτου,
286 3103 410 3155 Μέγης
438 3103 606 3155 Φυλέως,
634 3104 843 3158 Ἀμφίλοχος
866 3104 1102 3159 Ἀμφιαράου,

77 3162 271 3206 Μενεσθεὺς
285 3162 408 3203 Πετεὼ
421 3194 431 3213 ,
451 3163 598 3216 Σχέδιος
618 3163 874 3218 Ἐπιστρόφου,
897 3165 984 3216 (leg.
1005 3167 1102 3216 Σχε-

76 3219 145 3264 δίος
161 3221 221 3259 καὶ
239 3221 472 3276 Ἐπίστροφος
491 3222 637 3276 Ἰφίτου)
653 3222 846 3268 Πολύξενος
865 3222 1101 3274 Ἀγασθένους,

78 3277 263 3326 Πηνέλεως
291 3277 423 3327 Ληίτου
460 3282 545 3333 (leg.
574 3281 762 3329 Πηνέλεως
778 3281 1014 3333 Ἱππαλκίμου
1042 3281 1102 3319 καὶ

78 3337 205 3385 Λήϊτος
222 3338 492 3392 Ἀλεκτρύονος),
514 3340 600 3384 Αἴας
618 3340 780 3390 Ὀϊλέως,
802 3340 1023 3393 Ἀσκάλαφος
1041 3339 1100 3378 καὶ

1163 360 1220 384 rus
1238 354 1318 394 erat,
1334 354 1390 387 sed
1404 357 1536 389 Latonae
1551 356 1702 398 precibus
1713 358 1865 390 exoratus
1873 357 1971 400 iussit
1982 366 2058 391 eum
2070 368 2126 400 per
2139 367 2193 391 an-

1163 418 1243 441 num
1259 411 1381 444 servire
1391 413 1462 445 viro
1474 414 1613 447 mortali.
1627 419 1642 439 ⁴
1654 415 1769 458 Apollo
1787 416 1883 458 igitur
1894 416 2014 450 Pheras
2026 417 2067 450 ad
2078 417 2195 450 Adme-

1162 470 1246 509 tum,
1258 469 1402 503 Pheretis
1412 470 1526 512 filium,
1536 481 1607 506 sese
1621 474 1771 516 contulit,
1788 475 1875 517 apud
1889 484 1986 517 quem
2003 476 2194 510 servitutem

1163 528 1308 561 serviens
1323 530 1474 570 pascebat
1492 536 1634 566 armenta
1645 556 1654 574 ‚
1669 536 1702 567 et
1719 534 1821 567 boves
1845 535 1982 568 feminas
2005 545 2118 569 omnes
2144 545 2194 578 ge-

1163 586 1346 629 melliparas
1359 588 1444 621 fecit.

1205 651 1221 671 ὓ
1233 647 1316 679 Sunt
1335 656 1412 680 vero
1424 648 1481 689 qui
1505 650 1691 690 Aphareum
1714 655 1747 685 et
1769 653 1970 695 Leucippum
1992 663 2032 687 ex
2045 654 2170 687 Periere
2184 677 2194 694 ‚

1164 705 1249 738 AEoli
1263 705 1341 745 filio,
1354 707 1448 738 natos
1463 706 1585 748 dicant,
1602 710 1754 750 cynortae
1774 720 1852 744 vero
1868 711 1972 744 filium
1989 713 2148 754 Perieren,
2163 714 2196 745 et

1165 763 1264 806 hujus
1278 763 1434 797 OEbalum
1445 789 1455 805 ,
1472 765 1582 798 OEbali
1596 769 1713 806 ,autem
1728 771 1760 801 et
1777 770 1886 803 Bateae
1905 770 2025 804 Naidos
2041 771 2196 814 nymphae

1165 822 1384 864 Tyndareum,
1402 823 1673 865 Hippocoontem,
1690 827 1880 861 Icarionem.

1208 880 1254 923 (5)
1276 882 1510 923 Hippocoontis
1524 882 1582 915 filii
1596 883 1728 916 fuerunt
1744 887 1922 927 Doryeleus
1935 911 1944 928 ,
1965 889 2094 930 Scaeus‚
2112 890 2195 921 Ena-

1166 952 1346 994 raephorus,
1355 953 1532 994 Eutyches,
1541 953 1695 994 Bucolus,
1702 956 1826 996 Lycon,
1834 957 1967 998 Tebros,
1975 958 2195 1001 HippothouS,

1166 1024 1323 1065 Eurytus,
1337 1024 1605 1066 Hippocorystes‚
1621 1025 1788 1067 Alcinous,
1804 1027 1917 1060 Alcon.
1935 1028 1993 1061 His
2006 1028 2195 1071 Hippocoon

1166 1092 1296 1134 adjutus
1306 1092 1382 1126 filiis
1393 1094 1572 1127 Icarionem
1587 1097 1620 1127 et
1632 1095 1839 1136 Tyndareum
1849 1096 2080 1129 Lacedaemone
2091 1097 2194 1138 eJecit.

1167 1166 1181 1185 2
1193 1163 1418 1205 confugerunt
1430 1164 1475 1196 illi
1487 1164 1529 1196 ad
1537 1164 1718 1204 Thestium,
1735 1164 1788 1196 cui
1798 1164 1954 1197 adversus
1966 1165 2122 1198 finitimos
2137 1166 2199 1198 bel-

1166 1232 1235 1264 lum
1252 1233 1374 1274 gerenti
1394 1232 1544 1275 opitulati
1565 1234 1654 1265 sunt.
1679 1236 1725 1265 Ac
1743 1233 1933 1274 Tyndareus
1955 1233 2079 1267 Thestii
2099 1233 2196 1266 filiam

1167 1300 1289 1333 Ledam
1301 1300 1396 1333 duxit
1408 1309 1554 1333 uxorem.
1568 1305 1583 1324 ³
1592 1302 1709 1333 Postea
1719 1309 1821 1342 quum
1831 1300 1986 1334 Hercules
1996 1301 2199 1343 Hippocoon-

1167 1372 1233 1402 tem
1248 1369 1383 1411 ejusque
1401 1369 1483 1402 filios
1499 1370 1725 1411 interfecisset,
1742 1370 1775 1405 in
1791 1370 1927 1412 patriam
1942 1370 2107 1404 redierunt
2117 1394 2126 1412 ,
2143 1371 2199 1403 ubi

1167 1440 1357 1480 Tyndareus
1368 1449 1502 1482 regnum
1516 1440 1669 1482 suscepit.

1210 1521 1256 1563 (6)
1277 1521 1381 1554 Icario
1403 1522 1435 1554 et
1449 1521 1596 1554 Periboea
1608 1521 1710 1554 Naide
1724 1522 1869 1563 nympha
1883 1521 1951 1554 nati
1974 1524 2052 1554 sunt
2073 1522 2198 1562 Thoas,

1167 1580 1396 1622 Damasippus,
1410 1580 1615 1616 Imeusimus,
1626 1579 1746 1622 Aletes,
1757 1580 1901 1613 Perilaus
1911 1584 1944 1613 et
1955 1580 2019 1613 filia
2030 1581 2198 1623 Penelope,

1167 1647 1267 1679 quam
1277 1638 1371 1670 duxit
1383 1638 1529 1679 Ulysses.

1208 1699 1223 1719 2
1232 1696 1401 1738 Tyndareo
1411 1699 1443 1729 et
1452 1695 1538 1729 Leda
1552 1698 1637 1729 natae
1647 1697 1725 1729 sunt
1734 1695 1919 1732 Timandra,
1929 1704 2028 1737 quam
2037 1696 2200 1729 Echemus

1167 1755 1262 1788 duxit
1275 1780 1284 1797 ,
1311 1758 1343 1788 et
1364 1756 1636 1798 Clytaemnestra,
1664 1764 1763 1797 quam
1785 1755 1881 1788 duxit
1901 1758 2142 1796 Agamemnon,
2167 1757 2200 1788 et

1165 1817 1283 1858 praeter
1306 1816 1365 1849 has
1379 1815 1546 1855 Philome,
1564 1824 1663 1857 quam
1684 1815 1788 1848 Diana
1809 1815 2026 1848 immortalem
2045 1814 2197 1847 reddidit.

1167 1874 1214 1916 (7)
1236 1877 1320 1908 Jove
1335 1883 1413 1907 vero
1435 1874 1497 1907 suh
1518 1874 1612 1916 cygni
1635 1874 1740 1906 forma
1765 1882 1840 1906 cum
1856 1874 1945 1907 Leda
1964 1864 2137 1915 congresso
2150 1882 2200 1906 ea-

1166 1933 1306 1975 demque
1315 1936 1410 1966 nocte
1423 1933 1604 1975 Tyndareo,
1619 1941 1661 1966 ex
1674 1934 1758 1966 Jove
1769 1933 1901 1974 quidem
1913 1932 1981 1964 nati
1994 1934 2071 1965 sunt
2083 1932 2197 1965 Pollux

1165 1995 1200 2025 et
1208 1993 1338 2033 Helena,
1346 2001 1388 2026 ex
1396 1992 1566 2034 Tyndareo
1576 1994 1686 2024 autem
1696 1993 1823 2025 Castor.
1832 1995 1846 2015 ²
1855 1991 1919 2024 Sed
1926 2000 2015 2023 nonu
2021 1991 2075 2023 ulli
2087 1991 2199 2023 dicunt

1166 2052 1321 2085 Helenam
1334 2053 1354 2084 J
1357 2052 1429 2084 ovis
1444 2060 1515 2084 esse
1531 2060 1572 2084 ex
1587 2050 1729 2084 Nemesi.
1747 2051 1840 2084 Hanc
1853 2050 1952 2090 enim,
1966 2059 2032 2092 quo
2045 2051 2064 2082 J
2066 2049 2138 2081 ovis
2154 2049 2200 2081 fu-

1165 2115 1254 2155 geret
1269 2113 1455 2155 amplexus,
1478 2113 1513 2145 in
1534 2121 1679 2145 anserem
1704 2121 1775 2146 sese
1797 2112 2065 2151 transformasse,
2081 2113 2199 2144 Jovem

1165 2181 1243 2205 vero
1253 2172 1288 2204 in
1298 2181 1438 2214 cygnum
1449 2173 1687 2205 commutatum
1694 2180 1771 2204 cum
1781 2180 1819 2204 ea
1828 2171 1955 2212 coiisse;
1967 2170 2070 2203 ⁵illam
2083 2169 2199 2203 deinde

1165 2240 1206 2264 ex
1223 2232 1288 2265 hoc
1303 2231 1480 2264 concubitu
1493 2230 1655 2272 peperisse
1669 2238 1781 2271 ovum,
1795 2230 1882 2271 quod
1897 2232 2060 2272 repertum
2075 2230 2108 2262 in
2125 2230 2199 2262 luco

1166 2290 1409 2332 (Rhamnusia)
1428 2291 1539 2332 pastor
1556 2289 1690 2332 quidam
1712 2289 1840 2322 tulisset
1854 2289 1895 2321 ad
1914 2288 2047 2321 Ledam.
2069 2291 2150 2321 Eam
2165 2289 2198 2321 in

1164 2359 1239 2383 arca
1260 2350 1295 2383 id
1310 2349 1489 2392 repositum
1517 2348 1698 2382 servavisse
1712 2372 1721 2388 ‚
1743 2350 1776 2381 et
1797 2357 1858 2381 suo
1880 2347 2032 2389 deinceps
2056 2350 2198 2389 tempore

1163 2411 1273 2442 natam
1286 2418 1326 2442 ex
1344 2418 1382 2441 eo
1398 2408 1565 2450 Helenam,
1580 2407 1713 2450 perinde
1729 2416 1767 2440 ac
1783 2407 1811 2440 si
1826 2416 1885 2440 sua
1900 2407 2015 2439 fuisset
2030 2406 2107 2446 filia,
2121 2405 2196 2438 edu-

1163 2477 1265 2502 casse.

1204 2532 1219 2552 ⁴
1231 2529 1312 2566 Quae
1325 2536 1428 2569 quum
1441 2527 1555 2560 formae
1567 2525 1784 2568 pulcritudine
1801 2525 1982 2564 excelleret,
1995 2525 2135 2557 Theseus
2148 2533 2196 2555 ra-

1165 2603 1256 2645 ptam
1281 2601 1450 2644 Aphidnas
1476 2601 1626 2634 abduxit.
1652 2600 1713 2633 Sed
1741 2601 1857 2633 castor
1887 2601 1919 2631 et
1942 2598 2056 2630 Pollux
2084 2599 2196 2629 contra

1162 2679 1329 2722 Aphidnas
1344 2679 1378 2711 in
1397 2678 1518 2711 bellum
1535 2677 1690 2719 profecti,
1713 2676 1791 2709 duni
1808 2675 1895 2716 apud
1910 2674 2030 2706 inferos
2053 2674 2195 2706 Theseus

1161 2755 1362 2795 versabatur,
1377 2753 1491 2786 urbem
1507 2752 1650 2794 capiunt,
1662 2751 1817 2784 Helenam
1828 2749 2032 2790 recuperant,
2046 2749 2193 2781 AEthram

1161 2831 1277 2864 Thesei
1294 2833 1430 2863 matrem
1446 2829 1610 2871 captivam
1631 2827 1807 2860 abducunt.
1826 2825 1872 2867 (8)
1893 2826 2061 2858 Venerunt
2076 2824 2195 2858 deinde

1162 2903 1322 2944 Spartam,
1341 2900 1397 2942 qui
1411 2900 1540 2934 Helenae
1553 2897 1684 2939 nuptias
1697 2898 1854 2938 peterent,
1869 2895 2004 2928 Graeciae
2018 2895 2192 2937 principes,

1161 2979 1262 3010 Erant
1272 2985 1348 3008 vero
1355 2974 1445 3017 proci
1456 2973 1490 3005 hi
1499 2983 1506 3004 :
1518 2972 1651 3013 Ulysses
1658 2971 1792 3011 Laertae,
1801 2970 1975 3003 Diomedes
1981 2970 2094 3012 Tydei,
2105 2971 2194 3003 Anti-

1161 3050 1275 3082 lochus
1285 3047 1441 3086 Nestoris,
1458 3049 1626 3086 Agapenoi·
1636 3044 1759 3084 Ancaei,
1775 3043 1943 3077 Sthenelus
1953 3045 2107 3086 Capanei,
2117 3047 2192 3078 Am-

1161 3123 1354 3166 phimachus
1369 3120 1483 3162 Cteati,
1497 3119 1651 3161 Thalpius
1660 3119 1787 3160 Euryti,
1802 3119 1909 3160 Meges
1926 3117 2049 3160 Phylei,
2060 3118 2192 3160 Amphi-

1161 3199 1276 3231 lochus
1285 3195 1484 3238 Amphiarai,
1494 3195 1700 3228 Menestheus
1713 3193 1813 3234 Petei,
1826 3193 1984 3227 Schedius
1999 3194 2033 3226 et
2056 3194 2193 3236 Epistro-

1162 3273 1245 3313 phus
1264 3270 1362 3312 Iphiti
1376 3294 1385 3310 ‚
1401 3270 1588 3310 Polyxenus
1604 3268 1806 3310 Agasthenis,
1826 3267 1979 3301 Peneleos
1995 3268 2189 3310 Hippalcimi

1163 3351 1194 3381 et
1210 3348 1321 3380 Leitus
1338 3345 1552 3387 Alectryonis,
1567 3346 1647 3387 Ajax
1661 3344 1741 3378 Oilei
1755 3344 1972 3387 ‚Ascalaphus
1982 3346 2014 3377 et
2027 3344 2190 3377 Ialmenus
