2320 3684
165 176 239 210 216
287 177 291 179 ’

947 172 1113 212 TlMAEl
1141 174 1476 215 FRAGMENTA.

157 254 226 294 Καὶ
245 253 311 308 γὰρ
331 254 478 302 ἐτησίων
495 253 578 291 ποτὲ
595 251 1184 307 σφοδρῶςπνευσᾶντων,ὥστετοὺς
1239 254 1397 305 Dionys.
1417 256 1502 296 Hal.
1523 257 1609 294 loco
1636 269 1759 307 supra
1792 257 1869 306 cit„
1900 256 2090 296 Plutarch.
2119 259 2195 297 vit.
2221 263 2260 298 X
2292 250 2299 255 '

156 311 309 366 καρποὺς
317 315 483 363 λυμῆναι,
494 310 659 354 κελεύσας
672 310 768 354 ὄνους
781 311 1048 364 ἐκδαρῆναι,καὶ
1057 311 1184 355 ἀσκοὺς
1240 322 1334 351 orat.
1356 314 1438 351 init.

156 374 321 419 ποιῆσαι,
335 370 419 424 πρὸς
432 369 512 413 τοὺς
528 370 652 422 λόφους
667 368 727 406 καὶ
745 367 805 412 τὰς
819 369 1010 424 ἀκρωρείας
1027 369 1181 419 διέτεινε,

155 430 239 483 πρὸς
263 429 303 467 τὸ
335 428 519 466 συλλαὸεῖν
539 427 578 465 τὸ
605 431 762 478 πνεῦμα·
785 426 951 474 λήξαντος
973 426 1029 477 δὲ,
1050 430 1181 467 Κωλυ-

156 487 310 539 σανέμαν
331 489 514 532 κληθῆναι.

210 546 325 594 Quod
354 545 553 595 Agrigenti
587 545 726 582 factum
758 558 840 582 esse
868 545 1118 595 intelligimus
1134 559 1182 583 ex

157 606 277 642 Clem.
300 605 409 641 Alex.
432 606 573 640 Sti-om.
594 607 665 650 VI,
686 617 723 654 p.
741 605 830 648 630,
857 607 908 651 C,
928 613 965 641 et
1000 603 1119 642 Suida·
1146 618 1181 641 v.

156 663 414 714 Ἐμπεδοκλῆς.
434 661 737 700 Probabiliorem
769 663 817 700 de
834 662 905 700 hac
929 676 970 700 re
999 663 1184 700 narratio-

156 735 241 759 nem
270 720 386 759 habet
413 721 607 758 Plutarch.
634 724 692 759 De
705 721 858 769 curios„
876 722 1010 772 prino,
1031 735 1068 773 p.
1093 721 1181 760 515.

157 780 300 818 volum.
322 782 439 824 VIII,
472 792 510 829 p.
541 785 601 827 47.
622 780 729 818 Idem
749 779 843 818 Adv.
859 780 982 819 Colot.
1012 794 1049 831 p.
1071 781 1182 817 1126.

158 842 336 877 Ceterum
357 851 393 876 v.
423 841 578 889 Menag.
613 838 776 877 Observ.
802 838 850 876 ad
886 841 1011 876 Laert.
1047 839 1071 877 l.
1095 839 1118 876 l.
1144 852 1181 889 p.

159 900 245 945 380,
266 906 303 934 et
327 900 492 934 Karsten
511 900 568 935 De
585 897 807 947 Empedocl.
830 910 866 947 p.
887 911 949 934 21.
971 901 1028 935 Ex
1049 897 1181 935 eodem

156 956 299 993 Timaeo
316 985 326 1003 ‚
346 969 470 1006 neque
490 969 536 993 ex
569 956 781 1003 Heraclide,
818 957 1022 993 Karstenio
1056 970 1092 1007 p.
1117 963 1182 1003 24,

156 1023 237 1052 not.
272 1015 322 1052 58
341 1043 352 1061 ‚
384 1015 578 1064 Diogenes
604 1015 726 1065 (VIII,
748 1016 812 1061 61,
843 1014 907 1064 67)
939 1015 1107 1052 hausisse
1126 1016 1183 1052 vi-

157 1074 268 1110 detur
304 1086 390 1123 quae
422 1081 626 1110 narrantur
657 1072 736 1125 περὶ
754 1071 817 1120 τὴν
839 1071 990 1121 ἄπνουν,
1019 1073 1043 1110 i.
1065 1087 1098 1111 e.
1137 1073 1185 1111 de

157 1132 315 1170 muliere
331 1132 582 1183 respiratione
597 1132 757 1183 privata.

547 1204 796 1219 &Off——

344 1248 603 1286 ΕΛΛΗΝΙΚΑ
631 1248 716 1285 ΚΑΙ
746 1248 998 1286 ΣΙΚΕΛΙΚΑ.

487 1316 640 1355 LIBER
669 1317 687 1353 I
717 1316 853 1366 (XXI).

638 1380 701 1417 95.

211 1440 369 1488 Dionys.
389 1438 471 1475 Hal.
487 1442 544 1475 De
564 1438 772 1488 Lysiajncl.
794 1453 826 1476 c.
851 1440 871 1476 3
886 1454 894 1475 :
911 1437 1055 1491 “Ἠψατο
1072 1438 1108 1477 δὲ
1127 1441 1186 1478 καὶ

158 1499 227 1534 τῶν
260 1495 424 1543 Ἀθήνησι
459 1494 614 1547 ῥητόρων
638 1499 660 1543 ἡ
679 1496 845 1543 ποιητική
877 1513 915 1535 τε
943 1497 1003 1535 καὶ
1037 1498 1184 1551 τροπικὴ

164 1554 308 1608 φράσις,
338 1556 383 1597 ὡς
414 1553 475 1605 μὲν
503 1553 654 1604 Τίμαιός
684 1569 787 1608 φησι,
826 1555 972 1609 Γοργίου
1001 1555 1186 1609 ἄρξαντος,

161 1613 265 1660 ἡνίκα
287 1612 449 1659 Ἀθήναζε
467 1612 668 1666 πρεσὸεύων
689 1613 931 1660 κατεπλήξατο
950 1613 1029 1658 τοὺς
1045 1615 1187 1655 ἀκούον-

159 1688 221 1716 τας
237 1674 271 1710 ἐν
289 1675 333 1724 τῇ
353 1671 562 1726 δημηγορίᾳ.
583 1673 638 1710 Cf.
659 1673 819 1710 Diodor.
841 1677 932 1724 XII,
953 1675 1013 1712 53.

213 1791 289 1827 Cic.
314 1794 420 1828 Brut.
441 1805 472 1828 c.
497 1791 563 1826 16:
587 1791 736 1827 Catonis
759 1800 882 1828 autem
918 1797 1098 1829 orationes
1113 1806 1185 1829 non

158 1854 277 1887 minus
291 1852 419 1885 nealtoe
431 1863 534 1886 vera?
546 1858 643 1894 sant,
664 1863 774 1898 quam
790 1853 903 1886 Attici
920 1854 1042 1899 Lysioe
1057 1866 1068 1886 .·
1085 1857 1188 1899 cnjus

158 1908 315 1944 arbitror
318 1911 501 1956 plurimas
519 1921 607 1945 esse.
635 1910 705 1945 Est
719 1913 816 1945 enim
835 1911 871 1944 A
874 1914 992 1954 tticus,
1013 1914 1184 1958 quoniam

159 1975 255 2003 certe
272 1966 428 2002 Athenis
444 1975 500 2002 est
525 1975 563 2002 et
585 1975 694 2003 natus
721 1976 759 2003 et
784 1977 957 2012 mortuus,
979 1976 1017 2004 et
1032 1966 1187 2016 functus

159 2029 259 2062 omni
292 2028 416 2060 caium
446 2038 626 2061 munere:
645 2039 857 2074 quanquam
897 2028 1056 2062 Timoeus
1085 2040 1181 2072 eum,

159 2098 262 2133 quast
278 2086 419 2120 Licinia
438 2093 476 2120 et
492 2086 622 2120 ΑΙαι-ἱα
651 2087 708 2120 lea
682 2098 739 2134 ge,
762 2089 895 2133 repetit
908 2086 1135 2132 Syracusas:
1151 2095 1189 2122 et

159 2143 422 2191 quodammodo
447 2151 503 2178 est
529 2145 708 2178 nonnulla
728 2146 764 2178 in
782 2147 824 2178 iis
839 2147 948 2179 etiam
983 2147 1080 2179 inter
1094 2147 1187 2192 ipsos

158 2203 377 2244 similitud03
410 2204 509 2236 acuti
537 2209 635 2245 sunt,
669 2203 862 2250 elegantes,
876 2205 1006 2249 jacea,
1055 2201 1184 2239 breves.

158 2261 235 2296 Sed
247 2262 307 2295 ille
323 2261 473 2295 Groecus
490 2259 536 2295 ab
552 2264 651 2295 omni
667 2261 776 2296 laude
785 2259 946 2308 felicior.

213 2318 364 2356 Scilicet
380 2326 554 2368 parentes
570 2319 692 2368 Lysiae
706 2320 938 2365 Syracusani
957 2320 1126 2365 fuerunt3
1146 2333 1182 2355 v.

161 2433 231 2455 rum
246 2426 360 2456 auctor
375 2426 435 2455 est.
453 2425 599 2465 Namque
612 2424 720 2456 etesiis
735 2424 908 2464 aliquando
927 2424 1065 2464 graviter
1081 2424 1187 2456 ssanti-

160 2471 233 2510 bus,
249 2470 328 2502 adeo
342 2473 378 2501 ut
392 2470 498 2510 fruges
515 2470 726 2510 tabescerent,
745 2471 853 2502 asinos
867 2471 1024 2502 excoriari
1036 2471 1146 2511 jussit,
1156 2474 1188 2503 et

161 2521 249 2549 utres
273 2526 313 2549 ex
334 2526 444 2549 eorum
467 2517 605 2558 pellibus
628 2518 792 2549 confectos
814 2517 898 2549 circa
920 2518 1017 2550 colles
1039 2519 1072 2550 et
1094 2527 1188 2558 rupes

161 2563 314 2604 expandi,
330 2563 387 2604 qui
400 2564 513 2596 flatum
523 2563 715 2604 exciperent.
725 2566 772 2595 Ita
784 2565 888 2596 ventis
898 2564 1100 2596 cessantibus
1113 2573 1187 2596 eum

161 2611 393 2651 Κωλυσανέμαν
415 2610 450 2651 (i.
472 2618 501 2642 e.
527 2613 644 2643 ventos
661 2610 805 2643 arcendi
827 2610 974 2651 artifex)
993 2611 1187 2652 appellatum

160 2666 242 2690 esse.

324 2758 656 2804 HELLENICA
692 2759 764 2801 ET
800 2758 1022 2802 SICULA.

488 2831 641 2870 LIBER
668 2833 687 2869 1
716 2831 864 2882 (xxi).

203 2938 248 2969 Ut
261 2937 403 2968 Timaeus
419 2936 509 2976 dicit,
526 2935 652 2977 poetica
663 2937 696 2968 et
710 2937 834 2977 tropica
843 2935 971 2968 dicendi
989 2936 1090 2967 forma
1102 2936 1186 2967 inter

163 2984 285 3015 Atticos
317 2986 460 3015 oratores
483 2984 613 3015 auctore
647 2983 764 3023 Gorgia
797 2983 925 3024 irrepsit
939 3006 948 3022 ‚
979 2983 1036 3024 qui
1064 2983 1186 3023 legatus

163 3030 303 3062 Athenas
315 3029 436 3061 missus
450 3029 483 3061 in
499 3029 653 3061 concione
669 3029 803 3070 perculit
830 3029 1002 3061 auditores.

205 3131 311 3168 Atque
339 3131 375 3160 ut
389 3129 583 3160 sententiam
605 3128 644 3159 de
666 3128 788 3160 Timaeo
804 3131 946 3160 nostram
960 3128 1186 3160 confirmemus

163 3174 240 3205 etin
257 3174 306 3205 bis
323 3176 356 3206 et
371 3175 411 3206 de
431 3175 558 3206 inscitia
573 3175 642 3215 ejus
659 3177 691 3207 et
704 3175 744 3207 de
759 3184 797 3208 eo
810 3176 895 3216 quod
914 3175 999 3208 ultro
1016 3175 1098 3207 falsa
1110 3175 1186 3206 scri-

164 3220 274 3260 pserit,
290 3228 392 3259 pauca
407 3221 576 3252 asseremus
591 3231 631 3253 ex
646 3221 685 3253 iis
693 3222 903 3261 orationibus,
916 3230 989 3262 quae
998 3221 1186 3253 nominatim

164 3266 193 3297 ei
210 3266 405 3298 tribuuntur.
440 3270 519 3299 Nam
548 3277 649 3308 quum
677 3269 823 3300 omnium
840 3270 896 3309 qui
914 3269 945 3299 in
963 3268 1070 3300 Sicilia
1086 3267 1186 3299 domi-

167 3312 232 3344 nati
255 3315 332 3344 sunt
353 3313 566 3352 peritissimos
589 3315 665 3355 reip.
689 3315 788 3346 fnisse
812 3315 1028 3355 acceperimus
1057 3317 1187 3346 Hermo-

165 3360 298 3399 cratem,
316 3360 560 3392 Timoleonteum
580 3362 801 3402 Pyrrhumque
817 3362 993 3403 Epirotam,
1013 3362 1061 3393 his
1088 3370 1185 3402 quam

1292 441 1425 490 Polyb.
1445 445 1544 489 XII,
1570 443 1642 490 25,
1659 455 1683 479 o
1702 457 1710 479 :
1731 441 1810 480 Ἵνα
1835 441 1871 480 δὲ
1897 442 1956 480 καὶ
1975 443 2055 496 περὶ
2073 446 2182 482 ταῦτα
2200 446 2261 496 βε-

1241 500 1474 552 6αιωσώμεθα
1493 501 1555 548 τὴν
1573 501 1746 555 ἀπόφασιν
1772 501 1834 547 τὴν
1854 501 1938 554 ὑπὲρ
1958 502 2132 553 Τιμαίου,
2153 504 2263 544 καθά-

1239 574 1305 612 περ
1330 559 1389 598 καὶ
1421 559 1485 607 τὴν
1506 559 1593 613 ὑπὲρ
1619 563 1682 607 τῆς
1709 559 1865 610 ἀγνοίας,
1896 559 1947 598 ἔτι
1967 559 2002 599 δὲ
2021 564 2083 608 τῆς
2105 562 2264 608 ἑκουσίας

1239 618 1512 672 ψευδογραφίας,
1539 618 1673 673 βραχέα
1702 618 1959 672 προσοισόμεθα
1977 622 2046 658 τῶν
2069 622 2262 673 ὁμολογου-

1241 676 1354 727 μένων
1374 678 1479 715 αὗτοῦ
1498 676 1610 728 λόγων
1641 677 1696 715 ἐπ’
1729 675 1906 728 ὀνόματος.
1939 676 2026 717 ‘'Ox-t
2058 681 2127 718 τῶν
2160 680 2262 719 δεδυ-

1239 734 1478 774 ναστευκότων
1498 737 1532 774 ἐν
1561 735 1707 789 Σικελία
1739 738 1828 787 μετὰ
1849 735 1992 774 Γελωνα
2010 752 2266 791 πραγματικω-

1239 793 1363 837 τάτους
1378 793 1504 848 ἄνδρας
1519 794 1785 848 παρειλήφαμεν
1798 794 2061 871 Ἑρμοκράτην,
2075 796 2266 847 Τιμολέον-

1239 869 1302 902 τα,
1319 851 1458 906 Πύρρον
1476 853 1533 892 τὸν
1553 852 1797 926 Ἠπειρώτην·
1820 856 1870 895 οἷς
1895 852 2011 899 ἥκιστ’
2035 852 2075 892 ἂν
2097 853 2167 893 δέοι
2196 870 2265 894 πε-

1242 911 1397 965 ριαπτειν
1434 911 1672 964 μειρακιώδεις
1703 911 1762 949 και
1796 911 2028 965 διατριὸικους
2071 911 2215 964 λόγους·
2247 917 2267 953 ὃ

1241 971 1276 1008 δε
1295 970 1398 1024 φησὶν
1417 971 1451 1008 ἐν
1469 973 1513 1022 τῇ
1529 976 1594 1023 μιᾷ
1608 969 1666 1007 καὶ
1684 971 1822 1022 εἰκοστῇ
1843 969 1974 1023 βίὸλῳ,
1994 971 2071 1009 καθ’
2090 970 2127 1010 ὃν
2145 971 2266 1026 καιρὸν

1242 1027 1453 1081 Εὐρυμέδων
1467 1027 1746 1082 παραγενόμενος
1757 1044 1802 1072 εις
1821 1028 1984 1067 Σικελίαν
1999 1029 2191 1084 παρεκάλει
2206 1029 2268 1075 τὰς

1241 1086 1361 1130 πόλεις
1387 1089 1434 1130 εἷς
1451 1086 1510 1125 τὸν
1528 1086 1620 1124 κατὰ
1638 1088 1707 1125 τῶν
1728 1087 1976 1140 Συρακουσίων
1994 1086 2161 1139 πόλεμον,
2189 1088 2268 1128 τότε

1241 1143 1320 1188 τους
1354 1138 1512 1197 Γελώους
1548 1144 1745 1195 κάμνοντας
1763 1161 1812 1196 τῳ
1828 1144 1974 1198 πολέμῳ
2003 1145 2268 1198 διαπέμψασθαι

1241 1203 1327 1256 πρὸς
1383 1202 1462 1246 τοὺς
1511 1202 1771 1256 Καμαριναίους
1809 1202 1895 1256 ὑπὲρ
1933 1205 2089 1256 ἀνοχῶν·
2121 1207 2190 1244 τῶν
2232 1204 2269 1243 δὲ

1242 1261 1429 1315 προθύμως
1447 1260 1656 1311 δεξαμένων,
1676 1259 1764 1311 μετὰ
1791 1265 1904 1299 ταῦτα
1921 1262 2124 1316 πρεσὸεύειν
2143 1263 2269 1303 ἑκατέ-

1245 1335 1322 1373 ρους
1349 1320 1434 1373 πρὸς
1464 1319 1542 1363 τοὺς
1574 1321 1706 1358 ἑαυτῶν
1741 1319 1949 1372 συμμάχους
1968 1321 2029 1359 καὶ
2053 1323 2268 1376 παρακαλεῖν

1244 1377 1370 1431 ἄνδρας
1388 1377 1567 1430 ἐκπέμψαι
1592 1376 1754 1428 πιστοὺς,
1774 1377 1896 1422 οἵτινες
1916 1378 2124 1424 εἰσελθόντες
2139 1382 2186 1424 εἷς
2199 1379 2270 1419 Γέ-

1243 1438 1308 1475 λαν
1329 1435 1552 1489 βουλεύονται
1580 1435 1659 1490 περὶ
1678 1434 1867 1480 διαλύσεως
1892 1437 1951 1475 καὶ
1970 1439 2039 1476 τῶν
2059 1441 2156 1491 κοινῇ
2175 1454 2269 1491 συμ-

1244 1494 1435 1549 φερόντων·
1470 1493 1764 1549 παραγενομένων
1802 1494 1838 1532 δὲ
1874 1495 1959 1548 πρὸς
1995 1495 2182 1550 συνέδριον,
2210 1497 2270 1535 καὶ

1245 1554 1443 1592 διαὸουλίου
1469 1552 1692 1608 προτεθέντος
1715 1552 1879 1597 τοιούτοις
1897 1554 1967 1592 τισὶ
1993 1554 2174 1608 χρώμενον
2194 1557 2269 1594 εἷσ-

1245 1613 1321 1665 άγει
1337 1612 1450 1664 λόγοις
1466 1612 1524 1651 τὸν
1539 1611 1801 1665 Ἑρμοκράτην.

1296 1671 1352 1709 Ib.
1377 1672 1439 1719 25,
1466 1685 1526 1722 p.:
1548 1669 1761 1713 Ἐπαινέσας
1776 1669 1843 1723 γὰρ
1875 1673 1894 1709 ὁ
1913 1670 2162 1725 προειρημένος
2183 1670 2271 1725 ἀνὴρ

1243 1729 1322 1774 τοὺς
1353 1729 1510 1783 Γελῴους
1543 1729 1602 1767 καὶ
1625 1728 1704 1772 τοὺς
1724 1729 2007 1782 Καμαριναίους,
2038 1733 2175 1784 πρῶτον
2206 1730 2269 1781 μὲν

1245 1792 1291 1833 ὡς
1308 1791 1422 1827 αὐτῶν
1442 1788 1664 1835 ποιησάντων
1684 1786 1746 1831 τὰς
1760 1787 1905 1839 ἀνοχάς·
1927 1787 2082 1842 δεύτερον
2107 1787 2160 1827 ὅτι
2192 1787 2272 1834 τοὺς

1245 1847 1348 1901 [ὑπὲρ
1359 1847 1494 1886 ἰδίων...
1508 1847 1638 1897 ἕπι]γεν
1645 1844 1743 1884 ε’σθαι
1759 1845 1880 1897 λόγους
1900 1846 2004 1884 αἴτιοι
2019 1846 2270 1894 καθεστήκασι·

1243 1906 1356 1960 τρίτον
1368 1905 1421 1944 ὅτι
1434 1907 1651 1959 προνοηθεῖεν
1669 1908 1730 1942 τοῦ
1752 1903 1800 1955 μὴ
1817 1903 2039 1957 βουλεύεσθαι
2057 1906 2101 1943 τὰ
2118 1905 2150 1922 *¹⁸
2165 1905 2271 1957 [κατὰ

1244 1963 1465 2015 διῙαλύσεων,
1486 1964 1576 2002 ἀλλὰ
1595 1965 1630 1981 **
1646 1962 1707 2006 τὰς
1725 1966 1793 2002 τῶν
1817 1965 1969 2002 πολιτῶν
1984 1963 2020 1980 “
2035 1965 2126 2015 [καὶ]
2147 1965 2270 2019 σαφῶς

1243 2022 1374 2067 εἰδότας
1391 2023 1469 2062 τίνα
1507 2021 1672 2076 διαφορὰν
1705 2021 1778 2075 ἔχει
1794 2025 1812 2060 ὁ
1831 2021 1982 2073 πολεμος
2021 2025 2082 2069 τῆς
2114 2022 2269 2076 εἰρήνης·

1244 2082 1333 2134 μετὰ
1367 2082 1402 2121 δὲ
1439 2084 1582 2132 [ταῧ]τα
1616 2081 1676 2119 δύο
1705 2080 1727 2128 ἢ
1765 2081 1844 2135 τρία
1870 2080 1989 2119 λαὸὼν
2012 2081 2270 2134 ἐπιχειρήματα

1243 2141 1491 2195 πραγματικὰ,
1513 2139 1632 2178 λοιπὸν
1653 2139 1750 2194 [ἔφη]
1773 2139 1894 2183 αὐτοὺς
1915 2139 2171 2187 ἐπιστήσαντας
2196 2156 2269 2191 μα-

1244 2203 1326 2249 θεῖν,
1344 2200 1471 2247 ἡλίκην
1498 2202 1516 2238 b
1540 2198 1692 2250 πόλεμος
1720 2197 1888 2252 διαφορὰν
1923 2198 1997 2251 ἔχει
2023 2201 2087 2245 τῆς
2113 2198 2269 2252 εἰρήνης,

1245 2262 1359 2313 μικρῷ
1377 2259 1543 2312 πρότερον
1574 2257 1720 2312 εἰρηκὼς
1739 2258 1792 2297 ὅτι
1817 2257 1908 2297 κατὰ
1917 2259 1953 2275 *¹*
1970 2258 2073 2312 χάριν
2101 2257 2176 2311 ἔχει
2199 2263 2270 2302 τοῖς
2306 2250 2317 2262 ᾗ

1245 2316 1396 2371 Γελῴοις
1414 2322 1473 2356 τοῦ
1491 2317 1647 2368 γίνεσθαι
1670 2316 1749 2361 τοὺς
1773 2316 1895 2368 λόγους
1910 2316 2090 2368 ἐ[κείνους]
2110 2318 2144 2355 ἐν
2165 2331 2268 2355 συνε-
2314 2315 2317 2337 3

1247 2424 1380 2456 minime
1391 2424 1482 2456 decet
1497 2423 1634 2464 pueriles
1650 2422 1922 2476 scholasticasque
1932 2423 2093 2455 orationes
2107 2422 2266 2463 affingere.
2308 2407 2318 2435 Τ

1251 2472 1344 2502 Nunc
1374 2479 1448 2502 ecce
1470 2470 1611 2502 Timaeus
1642 2469 1797 2510 vigesimo
1828 2469 1932 2509 primo
1945 2468 2025 2500 libro
2039 2468 2096 2508 ait,
2113 2477 2179 2509 quo
2190 2470 2267 2500 tem·
2304 2470 2320 2506 ζ

1245 2526 1322 2557 pore
1344 2516 1550 2557 Eurymedon
1578 2516 1609 2547 in
1631 2516 1773 2548 Siciliam
1787 2515 1911 2547 delatus
1924 2515 2071 2547 civitates
2087 2515 2268 2548 concitabat

1245 2563 1286 2594 ad
1298 2563 1499 2594 inserendum
1521 2562 1732 2603 Syracusanis
1750 2562 1888 2602 bellum,
1905 2564 1985 2594 tunc
2001 2562 2089 2594 Gelae
2107 2563 2195 2594 cives
2212 2561 2267 2594 ad·

1245 2619 1338 2642 versa
1360 2610 1490 2641 fortuna
1514 2609 1648 2641 asssictos
1671 2609 1860 2649 legationem
1882 2609 1923 2641 ad
1946 2609 2192 2642 Camarinenses
2210 2617 2268 2650 pro

1246 2658 1384 2690 induciis
1417 2658 1626 2698 impetrandis
1665 2658 1812 2695 misisse,
1849 2657 1905 2698 qui
1925 2666 2028 2698 quum
2053 2666 2163 2689 eorum
2182 2656 2268 2689 votis

1245 2705 1391 2737 alacriter
1401 2705 1600 2744 annuissent,
1615 2714 1689 2736 mox
1703 2681 1857 2745 populilm
1874 2707 2047 2744 utrumque
2059 2703 2188 2736 misisse
2199 2712 2267 2736 oro-

1245 2752 1330 2782 tores
1345 2751 1386 2782 ad
1400 2750 1504 2782 socios
1523 2759 1611 2790 suos,
1630 2758 1750 2790 eosque
1766 2759 1894 2790 rogasse
1909 2751 1945 2781 ut
1965 2749 2076 2781 fideles
2095 2749 2180 2780 viros
2193 2748 2304 2781 deli·
2289 2747 2320 2793 ³2.

1244 2801 1354 2837 gerent
1368 2821 1377 2836 ,
1395 2797 1451 2837 qui
1468 2797 1579 2828 Gelam
1597 2797 1744 2828 venirent
1761 2799 1857 2837 atque
1872 2797 1911 2828 de
1926 2805 2004 2837 pace
2025 2797 2058 2828 et
2071 2795 2112 2828 de
2125 2803 2266 2828 commu·
2286 2795 2315 2847 ξ

1244 2844 1340 2875 nibus
1346 2843 1525 2875 commodis
1539 2843 1673 2875 consilia
1688 2844 1875 2875 conferrent.
1886 2843 1949 2881 Qui
1961 2851 2062 2884 quum
2071 2843 2105 2874 in
2119 2844 2266 2875 senatum
2294 2849 2314 2885 ².

1244 2890 1425 2929 venissent,
1441 2899 1555 2930 resque
1575 2890 1617 2921 ad
1639 2890 1881 2922 deliberandum
1904 2892 1988 2922 esset
2009 2889 2194 2930 proposita,
2215 2887 2267 2922 his
2294 2889 2320 2923 ξ’

1244 2937 1308 2969 fere
1322 2937 1429 2969 verbis
1444 2937 1626 2977 loquentem
1640 2936 1780 2968 Timaeus
1797 2938 2037 2968 Hermocratem
2054 2936 2139 2968 facit.

2304 2530 2317 2547 ι)

2297 2602 2320 2661 i

2294 2648 2320 2692 ᾗ

2301 2706 2308 2727 l

1286 2983 1344 3015 Hic
1379 2992 1473 3023 er,go
1500 2983 1689 3014 collaudatis
1721 2983 1808 3014 Gclae
1836 2982 1964 3014 civibus
1995 2984 2028 3013 et
2057 2981 2266 3014 Camarinen—
2286 2967 2307 3026 ’ᾖξ’

1245 3030 1350 3069 sibus,
1373 3033 1477 3070 primo
1509 3029 1594 3070 quod
1629 3029 1777 3061 inducias
1813 3029 1996 3068 fecissent,
2029 3028 2146 3060 deinde
2176 3025 2303 3069 quod

1244 3077 1306 3109 sibi
1324 3077 1421 3109 verba
1438 3076 1574 3108 faciendi
1597 3085 1694 3107 causa
1717 3076 1877 3114 fuissent,
1893 3075 1988 3107 tertio
2010 3075 2095 3115 quod
2118 3073 2296 3107 consulto

1244 3124 1406 3155 cavissent
1426 3132 1489 3155 ne.
1508 3122 1609 3162 .quia
1628 3122 1782 3153 nimirum
1811 3121 1910 3162 probe
1936 3123 2166 3162 cognoscerent
2187 3119 2265 3161 quid

1244 3171 1326 3202 inter
1339 3179 1450 3211 pacem
1465 3146 1648 3210 bellumque
1675 3169 1818 3208 intersit
1847 3168 1962 3200 deinde
1977 3168 2105 3200 duobus
2119 3166 2290 3200 tribusve

1244 3217 1381 3259 politicis
1394 3216 1561 3248 sententiis
1588 3215 1771 3255 interjectis,
1800 3215 2003 3256 «Reliquum
2020 3219 2076 3250 est,
2092 3214 2208 3255 inquit,
2224 3205 2300 3245 utT.

1244 3267 1364 3298 attente
1378 3262 1575 3303 cognoscatis
1590 3265 1786 3303 quantopere
1797 3262 1915 3294 bellum
1930 3271 1948 3293 a
1964 3271 2041 3302 pace
2048 3261 2193 3300 ditserat3
2203 3273 2219 3288 ι»
2229 3257 2260 3291 id

1244 3311 1330 3353 quod
1346 3311 1443 3342 modo
1473 3309 1593 3341 scilicet
1609 3309 1734 3341 dixerat
1747 3318 1802 3340 eos
1821 3309 1926 3349 probe
1941 3311 2051 3340 scire..
2055 3284 2213 3347 ‚gratinin
2229 3312 2263 3338 se

1245 3358 1360 3390 habere
1376 3357 1420 3389 ait
1435 3355 1555 3395 Gelois‚
1573 3355 1658 3396 quod
1674 3364 1837 3387 sermones
1848 3355 1916 3386 ini·
1909 3364 1940 3386 in
1956 3357 2067 3387 senatu
2083 3353 2262 3386 habeantur
