2320 3684
773 155 1076 196 THEOPOMPI
1103 149 1438 194 FRAGMENTA.

1112 242 1210 831 γ,

441 249 592 286 LIBER
620 246 703 284 XL.

529 321 617 359 211.

110 388 336 429 Plutarchus
351 387 467 425 Dion.
488 399 527 436 p.
547 385 638 434 968,
659 398 691 421 c.
717 389 789 428 24:
813 381 961 433 Λέγεται
978 379 1015 418 δὲ
1030 380 1090 418 καὶ

55 450 107 502 τῷ
125 446 298 499 Διονυσίῳ
313 443 428 483 πολλὰ
444 442 623 497 τερατώδη
643 440 740 495 παρὰ
758 444 819 480 τοῦ
837 438 1017 491 δαιμονίου
1032 453 1093 491 γε-

57 489 177 546 νέσθαι
191 510 346 575 Νσημεῖα.
380 502 492 546 Ἀετὸς
520 501 583 553 μὲν
613 499 701 555 γὰρ,
730 499 892 553 ἁρπάσας
933 497 1091 551 δοράτιον

57 565 149 608 τινὸς
166 566 235 602 τῶν
255 560 466 634 δορυφόρων,
486 560 658 614 ἀράμενος
680 561 767 613 ὕψου
786 558 844 597 καὶ
866 557 979 612 φέρων
1003 558 1095 609 ἀφῆ-

58 639 117 663 κεν
135 625 181 666 εἷς
198 622 256 661 τὸν
276 619 389 674 βυθόν.
410 619 456 658 Ἥ
472 619 508 658 δὲ
521 618 788 674 προσκλύζουσα
804 617 890 671 πρὸς
902 616 966 664 τὴν
986 614 1095 688 ἀκρό-

58 683 160 721 πολιν
179 680 341 719 θάλασσα
355 678 438 731 μίαν
458 677 595 732 ἡμέραν
613 677 653 715 τὸ
673 676 766 730 ὕδωρ
786 675 896 728 γλυκυ
918 674 977 713 καὶ
995 673 1096 712 πότι-

60 757 125 793 μον
162 738 356 792 παρέσχεν,
396 737 487 776 ὥστε
519 735 768 812 γευσαμένοιςν
774 742 862 774 πᾶσι
893 734 1094 782 κατάδηλον

60 793 161 838 εἶναι.
179 800 303 851 Χοῖροι
323 797 352 835 δ’
373 796 567 856 ἐτέχθησαν
586 797 706 848 αὐτῷ,
721 797 791 834 τῶν
810 794 874 847 μὲν
898 794 1013 832 ἄλλων
1035 794 1095 831 οὖ-

61 857 154 901 δενὸς
176 857 301 901 ἐνδεεῖς
316 855 460 909 μορίων,
479 848 595 893 ὠταδ’
609 856 672 894 οὔκ
689 853 807 906 ἔχοντε
809 870 835 897 ς.
851 852 1097 907 Ἀπεφαίνοντο

61 916 92 954 δ’
111 918 144 955 οἱ
173 914 336 967 μάντεις,
367 928 470 953 τουτο
493 913 557 965 μὲν
578 912 807 955 ἀποστάσεως
834 911 895 951 καὶ
923 909 1099 954 ἀπειθείας

62 968 153 1013 εἶναι
176 979 335 1026 σημεῖον,
353 975 400 1016 ὡς
420 973 484 1010 οὐκ
503 970 555 1010 ἔτι
580 974 649 1010 τῶν
673 973 826 1011 πολιτῶν
851 969 1098 1021 ἀκουσομένων

62 1036 123 1081 τῆς
143 1032 361 1087 τυραννίδος·
385 1031 449 1078 τὴν
471 1029 506 1068 δὲ
525 1030 729 1083 γλυκύτητα
746 1034 809 1078 τῆς
836 1029 1015 1077 θαλάσσης
1038 1044 1100 1079 με-

62 1091 217 1140 ταὸολὴν
242 1094 373 1145 καιρῶν
395 1093 548 1145 ἀνιαρῶν
566 1090 625 1130 καὶ
642 1092 805 1144 πονηρῶν
833 1092 880 1133 εἷς
905 1089 1100 1143 πράγματα

64 1151 205 1207 χρηστὰ
245 1150 360 1206 φέρειν
393 1150 655 1205 Συρακουσίοις.
690 1150 807 1194 Ἀετὸς
838 1149 900 1198 δὲ,
940 1149 1099 1203 θεράπων

65 1211 167 1256 Διός·
186 1209 322 1285 λόγχη
323 1210 358 1249 δὲ
368 1241 378 1259 ,
411 1209 625 1265 παράσημον
647 1211 758 1264 ἄρχης
789 1209 849 1248 καὶ
877 1209 1099 1252 δυναστείας·

66 1270 264 1324 ἀφανισμὸν
283 1274 341 1309 οὖν
362 1270 422 1309 και
444 1269 635 1308 κατάλυσιν
658 1272 701 1322 τῇ
728 1269 904 1331 τυραννίδι
927 1269 1100 1322 βουλεύειν

65 1330 124 1369 τὸν
152 1333 222 1369 τῶν
249 1332 334 1368 θεῶν
363 1328 539 1381 μέγιστον.
574 1331 700 1369 Ταυτα
726 1327 787 1380 μὲν
808 1332 867 1367 οὐν
890 1327 1103 1380 Θεόπομπος

66 1389 245 1444 ἱστόρηκε.

544 1446 635 1486 212.

121 1511 372 1562 Stephanus:
391 1509 538 1562 Δύμη...
557 1509 781 1584 ’Θεόπομπος
802 1507 844 1561 μ’
863 1527 871 1534 ·
898 1528 913 1544 «
932 1512 1103 1566 Προστά-

67 1587 126 1610 ται
144 1570 180 1609 δὲ
198 1587 261 1618 της
276 1565 448 1614 πόλεως’
425 1587 514 1618 ησαν
533 1573 602 1609 τῶν
621 1569 683 1622 μὲν
698 1572 948 1624 Συρακουσίων
967 1571 1106 1620 Ἄθηνις

68 1630 130 1670 καὶ
160 1629 413 1685 εΗρακλείδης,
444 1647 514 1669 των
551 1629 587 1669 δὲ
619 1630 840 1684 μισθοφόρων
877 1631 1063 1685 Αρχέλαος
1089 1636 1107 1671 ὁ

4 1703 6 1705 ’
70 1692 236 1742 Δυμαῖος.
257 1708 273 1724 υ

125 1749 323 1788 «Pertinet
340 1748 501 1787 fortasse
519 1749 593 1787 hoc
608 1749 863 1801 fragmentum
880 1750 929 1788 ad
946 1763 1106 1789 enarra-

71 1809 216 1848 tionem
230 1809 321 1847 belli
328 1813 657 1859 Syracusanorum
670 1810 851 1848 adversus
863 1811 1107 1861 Dionysium,

71 1869 112 1907 in
129 1882 208 1920 quo
226 1869 290 1906 hic
309 1869 435 1907 victus
453 1868 580 1920 fugam
598 1870 639 1907 in
654 1870 804 1908 Italiam
821 1871 1026 1922 capessivit
1057 1873 1107 1910 ol.

77 1928 164 1975 106,
184 1941 215 1965 1.
237 1927 376 1965 Justin.
397 1930 516 1975 XXI,
539 1942 574 1965 2.
598 1931 682 1966 Hoc
698 1929 799 1966 enim
822 1929 964 1968 bellum
985 1934 1110 1969 Hera-

73 1985 191 2023 clides
229 1986 444 2024 navarchus
481 1986 774 2026 administravit.
801 1989 965 2027 Diodor.
998 1992 1109 2039 XVI,

79 2045 138 2093 163
157 2045 256 2083 Plut.
276 2045 392 2083 Dion.
420 2059 452 2082 c.
477 2045 538 2084 35.
551 2062 567 2079 υ
590 2047 768 2083 Wiclzers.

549 2116 639 2153 213.

128 2180 334 2218 Athenaeus
353 2183 405 2229 X,
420 2194 456 2231 p.
480 2181 567 2228 435,
591 2185 639 2218 E:
660 2179 790 2219 Ἔπινε
813 2180 849 2219 δὲ
869 2183 1032 2221 πλεῖστον
1051 2182 1111 2221 καὶ

461 2289 614 2327 LIBER
645 2290 725 2327 XL.

121 2394 241 2425 Ferunt
254 2392 344 2432 item,
359 2393 463 2426 multa
477 2393 635 2434 Dionysio
649 2395 838 2435 portentosa
853 2394 1000 2436 prodigia
1010 2394 1110 2428 fuisse

79 2449 100 2472 a
112 2439 174 2472 deo
186 2439 304 2472 oblata.
323 2440 440 2481 Aquila
453 2443 578 2481 raptam
595 2441 742 2473 satellitis
756 2441 900 2479 lanceam
917 2442 949 2473 in
969 2442 1111 2475 sublime

79 2487 167 2528 tulit,
179 2487 255 2519 inde
265 2488 395 2520 demisit
408 2488 440 2520 in
459 2488 669 2529 profundum.
684 2491 785 2528 Mare,
802 2498 867 2530 qua
883 2489 974 2521 alluit
988 2498 1108 2527 arcem,

81 2543 200 2576 aquam
217 2542 273 2575 per
290 2543 391 2567 unum
406 2534 497 2567 diem
510 2535 638 2568 dulcem
656 2537 690 2568 et
700 2536 877 2577 potabilem
898 2537 1052 2578 praebuit:
1065 2537 1112 2569 id-

81 2590 145 2623 que
164 2581 351 2623 quicunque
377 2583 608 2623 gustaverunt,
622 2592 804 2625 percepere.
831 2585 967 2617 Porcelli
983 2585 1013 2617 ei
1034 2585 1112 2618 editi

81 2631 158 2662 sunt
172 2628 305 2669 reliquis
321 2628 476 2662 membris
491 2630 618 2671 integri,
634 2633 763 2663 tantum
782 2632 888 2663 mutili
913 2632 1058 2665 auribus.
1076 2633 1113 2665 Id

85 2678 174 2708 vates
202 2677 422 2717 exposuerunt
448 2677 637 2710 desectionis
669 2680 702 2711 et
732 2679 915 2711 rebellionis
947 2682 1113 2713 ostentum

83 2732 176 2756 esse:
194 2724 282 2764 quod
302 2723 389 2756 cives
405 2733 471 2756 non
486 2724 571 2756 ultra
587 2725 750 2765 tyrannidi
769 2726 871 2758 futuri
894 2728 1004 2759 essent
1026 2727 1113 2759 dicto

84 2771 261 2803 audientes.
283 2771 380 2803 Maris
406 2771 613 2804 dulcedinem
636 2772 778 2804 tristium
804 2776 836 2804 et
850 2782 1013 2805 saevorum
1037 2776 1115 2806 tem-

84 2827 197 2860 porum
211 2819 242 2850 iu
266 2818 397 2850 meliora
412 2819 624 2859 Syracusanis
637 2820 895 2852 vicissitudinem
913 2820 1038 2853 afferre.
1057 2822 1114 2853 Mi-

84 2866 224 2898 nistrum
240 2865 380 2906 denique
392 2874 463 2898 esse
473 2866 615 2906 aquilam
632 2867 738 2906 Jovis,
756 2867 896 2899 lanceam
914 2868 1115 2909 principatus

85 2914 118 2944 et
130 2911 319 2944 dominatus
332 2911 477 2952 insigne:
498 2912 597 2953 igitur
612 2914 813 2946 eversionem
835 2915 869 2946 et
886 2915 1049 2946 excidium
1066 2919 1114 2956 ty-

85 2958 228 2990 rannidis
255 2959 362 2990 moliri
390 2959 525 2992 deorum
552 2960 742 3002 principem.
775 2964 855 2994 Haec
884 2961 1115 3005 Theopompus

83 3005 206 3046 scripta
222 3005 363 3046 reliquit.

127 3100 284 3140 Dyma...
301 3100 530 3142 Theopompus
558 3101 641 3134 libro
684 3103 932 3144 quadragesimo
975 3104 1087 3136 scribit
1106 3114 1113 3135 :

90 3157 106 3173 u
116 3146 273 3179 Praesides
289 3149 381 3180 erant
396 3148 537 3180 civitatis
547 3157 587 3181 ex
603 3151 814 3191 Syracusanis
828 3151 960 3191 quidem
978 3151 1115 3183 Athanis

87 3194 121 3226 et
133 3194 326 3234 Heraclides,
338 3203 376 3227 ex
388 3196 592 3227 mercenariis
602 3205 680 3228 vero
691 3197 867 3229 Archelaus
875 3199 1061 3238 Dymaeus.»

1120 832 1168 1452 l

1128 1457 1182 2233 l

1135 2295 1145 2768 ι

2099 157 2174 190 313

1145 243 1320 289 Νυσαῖος,
1347 243 1365 278 ὁ
1389 238 1605 293 τυραννήσας
1630 237 1912 311 Συρακουσίων,
1919 236 1979 276 καὶ
2006 236 2176 276 Ἀπολλο-

1143 316 1286 353 κρατης.
1318 298 1500 339 Διονυσίου
1530 297 1565 336 δὲ
1584 301 1646 336 τοῦ
1674 297 1844 351 προτέρου
1873 301 1968 337 οὗτοι
1985 296 2074 346 υἱοὶ,
2094 298 2156 340 ὡς
2150 299 2181 335 ὁ

1146 357 1392 410 Θεόποιιπος“
1385 364 1514 411 ιστορεῖ
1548 359 1583 396 ἐν
1597 360 1641 410 τῇ
1664 359 1925 411 τετταρακοστῇ
1948 358 2015 395 κάν
2037 358 2082 409 τῇ
2103 355 2181 403 ἑξης

1145 434 1214 457 των
1235 417 1422 471 Ἱστορίων.
1445 417 1579 471 Γράφει
1601 415 1638 456 δὲ
1669 416 1776 461 οὕτως
1800 432 1880 470 περι
1903 421 1965 455 τοῦ
2003 415 2182 455 Νυσαίου·

1155 477 1341 524 Νυσαῖος,
1358 479 1376 514 ὃ
1394 475 1611 530 τυραννήσας
1626 475 1768 530 ὕστερον
1784 474 2047 529 Συρακουσίων,
2062 473 2182 529 ὥσπερ

1150 534 1208 572 ἐπὶ
1233 535 1372 587 θανάτῳ
1405 535 1699 586 συνειλημμένος,
1721 535 1780 574 καὶ
1798 534 1967 589 προειδὼς
1990 533 2043 573 ὅτι
2070 537 2185 586 μῆνας

1148 592 1284 644 ὀλίγους
1303 591 1437 643 ἤμελλε
1459 592 1659 644 βιώσεσθαι,
1685 592 1955 647 γαστριζόμενος
1969 593 2029 632 καὶ
2046 593 2183 646 μεθύων

1150 653 1278 702 δι’ῆγεν.
1292 670 1306 685 »
1330 651 1387 689 Cf.
1405 652 1503 690 Plut.
1522 653 1624 690 Tim.
1647 667 1678 691 c.
1706 668 1738 700 1;
1756 655 1896 693 AElian.
1914 657 1960 692 V.
1982 656 2030 691 H.
2050 657 2101 702 ΙΙ,
2121 659 2184 702 4Ῑ;

1149 711 1374 762 Wesseling.
1396 710 1444 748 ad
1463 710 1623 749 Diodor.
1637 715 1746 761 XVI,
1765 714 1800 750 6.

1625 771 1715 808 214.

1205 829 1445 880 Stephanus:
1462 827 1643 882 Ταλαρία,
1667 828 1767 873 πόλις
1795 828 2056 883 Συρακουσίων.
2091 827 2186 869 Θεό-

1151 903 1293 940 πομπος
1310 903 1348 925 τε
1333 901 1595 940 σσαρακοστῳ,

1625 945 1692 984 21
1681 956 1715 983 o.

1207 1004 1400 1044 Plutarch.
1421 1004 1560 1042 Timol.
1581 1018 1618 1055 p.
1641 1006 1732 1051 237,
1764 1019 1795 1043 c
1816 1010 1859 1048 4;
1880 1004 2130 1057 Ἀπωσαμένου
2161 1005 2191 1044 δ’

1154 1063 1285 1103 ἐκείνου
1301 1079 1360 1102 και
1375 1062 1717 1116 καταφρονήσαντος,
1728 1061 1818 1100 οὕτω
1839 1063 2056 1116 παραλαὸων
2074 1065 2104 1115 (ὃ
2121 1066 2190 1103 Τι-

1155 1121 1306 1174 μολέων)
1325 1137 1395 1160 των
1415 1120 1476 1173 μὲν
1496 1120 1632 1159 οἰκείων
1651 1119 1843 1173 Αἰσχύλον,
1862 1121 2047 1175 ἀδελφὸν”
2027 1138 2111 1161 οντα
2130 1138 2192 1169 της

1155 1181 1380 1235 Ιιμοφάνους
1410 1179 1592 1231 γυναικὸς,
1620 1181 1690 1218 τῶν
1725 1179 1759 1217 δὲ
1783 1179 1891 1232 φίλων
1917 1180 1979 1219 τὸν
1999 1181 2135 1255 μάντιν,
2155 1180 2192 1220 ὃν

1157 1240 1317 1292 Σάτυρον
1347 1239 1408 1290 μὲν
1447 1238 1710 1291 Θεόπομπος,
1705 1237 1860 1292 ’Ἔφορος
1884 1238 1919 1278 δὲ
1955 1239 2015 1278 καὶ
2043 1240 2195 1291 Τίμαιος

1157 1298 1373 1353 Ὀρθαγόραν
1393 1298 1633 1349 ὀνομάζουσιν.

1211 1361 1269 1397 Ex
1280 1358 1341 1395 his
1360 1357 1609 1408 corrigendus
1626 1357 1780 1395 videtur
1792 1357 1911 1396 Clem.
1932 1358 2040 1396 Alex.
2056 1360 2196 1396 Strom.

1158 1422 1190 1465 Ι,
1212 1431 1250 1468 p.
1274 1423 1372 1462 400:
1393 1414 1608 1467 Θεόπομπος
1633 1415 1670 1454 δὲ
1697 1415 1758 1454 καὶ
1777 1414 1930 1469 ’Ἔφορος
1953 1416 2013 1454 καὶ
2047 1414 2199 1467 Ἰίμαιος

1160 1474 1379 1530 Ὀρθαγόραν
1398 1473 1476 1513 τινὰ
1497 1474 1621 1526 μάντιν
1640 1474 1912 1529 ἀναγράφουσιν.

1639 1534 1727 1572 216.

1214 1593 1397 1644 Polybius
1416 1593 1484 1631 lib.
1496 1596 1586 1641 XII,
1597 1599 1617 1638 4
1634 1607 1673 1642 a,
1682 1593 1776 1631 edit.
1785 1593 1926 1630 Paris:
1936 1590 2024 1631 Οτι
2036 1590 2201 1646 διασυρας

1161 1657 1179 1692 ὁ
1194 1651 1368 1696 Πολύὸιος
1383 1651 1441 1691 τὸν
1454 1651 1607 1703 Τίμαιον
1620 1654 1655 1691 ἐν
1667 1653 1825 1701 πολλοῖς,
1843 1651 1939 1695 αὖθίς
1958 1667 2062 1726 φησι·
2078 1649 2178 1696 Τίς*
2160 1666 2201 1689 αν

1162 1728 1214 1751 ετι
1227 1711 1303 1759 δοίη
1322 1710 1534 1763 συγγνώμην
1554 1717 1625 1755 τοῖς
1645 1709 1811 1754 τοιούτοις
1832 1710 2102 1762 ἁμαρτήμασιν,
2133 1709 2208 1756 ἄλ-,

1162 1772 1232 1815 λως
1247 1786 1286 1809 τε
1308 1770 1368 1809 καὶ
1387 1772 1438 1823 τῷ
1461 1769 1606 1823 Τιμαίῳ
1633 1786 1683 1822 τῳ
1705 1769 1961 1843 προσφυομένῳ
1990 1775 2060 1813 τοῖς
2085 1768 2203 1813 ἄλλοις

1163 1828 1249 1884 πρὸς
1276 1827 1337 1873 τὰς
1365 1827 1530 1872 τοιαύτας
1545 1828 1792 1882 παρωνυχίας;
1814 1828 1878 1867 Ἔν
1913 1832 1968 1872 αἱς
1983 1827 2203 1879 Θεοπόμπου

1165 1888 1227 1940 μὲν
1242 1893 1443 1962 κατηγρρεῑ,
1460 1889 1561 1935 διότι,
1579 1888 1762 1927 Διονυσίου
1782 1886 2024 1939 ποιησαμένου
2038 1885 2102 1934 τὴν
2123 1888 2202 1924 ἀνα-

1163 1946 1312 1999 κομιδὴν
1349 1949 1389 1986 ἐκ
1418 1947 1583 1991 Σικελίας
1620 1948 1666 1990 εἷς
1703 1946 1872 2001 Κόρινθον
1902 1948 1937 1985 ἐν
1973 1953 2093 1999 μακρᾷ
2123 1961 2204 1994 νηι,

1164 2005 1379 2058 Θεόπομπός
1412 2022 1517 2060 φησιν
1553 2023 1588 2045 εν
1624 2021 1720 2059 στρο
1718 2005 1821 2059 (γύλῃ
1857 2005 2116 2061 παραγενέσθαι
2145 2004 2203 2043 τὸν

1165 2064 1359 2104 Διονύσιον.

1218 2125 1517 2176 Theopompum
1547 2133 1700 2162 secutus
1730 2137 1811 2161 esse
1836 2124 1992 2161 videtur
2011 2123 2205 2161 Diodorus

1166 2188 1272 2233 XVI,
1291 2199 1363 2231 70:
1378 2184 1450 2224 Τὸν
1471 2183 1507 2222 δε
1527 2184 1612 2223 ἴδιον
1636 2184 1709 2237 βίον
1728 2200 1789 2222 και
1807 2183 1871 2231 τὴν
1901 2182 2140 2236 μεταὸολὴν”
2122 2198 2205 2234 εσχε

1169 2291 1416 2332 quadragesimo
1443 2293 1476 2323 et
1500 2293 1665 2332 sequente.
1684 2291 1801 2323 Scribit
1831 2293 1940 2322 autem
1965 2290 2005 2322 de
2030 2292 2147 2331 Nysaeo
2172 2290 2207 2322 in

1167 2339 1256 2371 hunc
1268 2339 1427 2371 modum:
1447 2340 1627 2379 «Nysaeus,
1644 2338 1701 2379 qui
1716 2340 1790 2379 post
1805 2338 1876 2370 haec
1891 2337 2097 2379 tyrannidem
2113 2346 2207 2369 occu-

1168 2386 1260 2427 pavit
1277 2386 1537 2439 Syracusiorum‚
1555 2386 1650 2426 quasi
1662 2385 1794 2426 quidam
1807 2385 1923 2426 capitis
1938 2394 2011 2417 reus
2024 2386 2056 2416 in
2073 2385 2205 2416 vincula

1169 2433 1360 2473 conjectus,
1378 2435 1434 2464 aut
1458 2433 1514 2474 qui
1540 2432 1637 2464 sciret
1664 2441 1786 2474 paucos
1806 2433 1866 2465 sibi
1890 2441 2023 2464 menses
2039 2440 2206 2472 superesse

1169 2480 1290 2521 quibus
1308 2480 1410 2512 vitam
1426 2481 1651 2521 protracturus
1670 2482 1773 2520 esset,
1798 2479 1940 2521 crapulae
1955 2487 1993 2510 ac
2013 2479 2089 2510 vino
2105 2478 2208 2510 indul·

1169 2535 1247 2568 gens
1263 2527 1366 2559 vitam
1379 2526 1596 2568 peragebat.»

1212 2621 1354 2660 Talaria,
1371 2621 1448 2653 urbs
1465 2598 1760 2662 Syracusanorum,
1787 2620 2041 2661 Theopompus
2034 2629 2066 2651 in
2082 2619 2199 2660 Philip-

1171 2668 1319 2709 picorum
1332 2668 1594 2709 quadragesimo.

1642 2715 1730 2748 215.

1215 2771 1288 2806 Quo
1305 2768 1478 2810 repellente
1492 2769 1524 2800 et
1543 2768 1733 2809 repudiante
1747 2766 1958 2798 monitionem
1974 2774 2080 2805 suam,
2098 2765 2198 2798 adsci-

1172 2815 1233 2847 scit
1248 2816 1380 2848 tandem
1393 2815 1455 2847 sibi
1478 2815 1671 2855 (Timoleon)
1686 2823 1725 2846 ex
1741 2813 1930 2845 necessariis
1946 2812 2076 2844 fiatrem
2094 2815 2205 2845 uxoris

1173 2862 1383 2903 Timophanis
1406 2862 1611 2902 AEschylum,
1635 2863 1730 2901 atque
1755 2869 1793 2891 ex
1818 2859 1929 2890 amicis
1948 2859 2078 2898 vatem,
2105 2867 2204 2899 quem

1174 2911 1325 2950 Satyrum
1341 2910 1569 2949 Theopompus
1583 2931 1593 2947 ‚
1620 2908 1768 2948 Ephorus
1790 2909 1822 2938 et
1835 2906 1977 2938 Timaeus
1992 2906 2204 2947 Orthagoram

1173 2958 1303 2988 vocant.

1215 3003 1463 3043 Theopompus,
1494 3001 1643 3042 Ephorus
1662 3001 1694 3032 et
1728 3000 1870 3032 Timaens
1883 2999 2095 3041 orthagoram
2111 3008 2207 3040 quen-

1174 3050 1250 3082 dam
1269 3052 1378 3082 vatem
1392 3051 1583 3080 memorant.

1643 3095 1732 3128 216.

1216 3149 1371 3190 Polybius
1387 3150 1557 3189 postquam
1572 3147 1733 3179 Timaeum
1754 3155 1840 3189 saepe
1853 3147 2074 3189 vituperavit,
2091 3155 2205 3180 rursus

1174 3196 1219 3228 ait
1236 3206 1243 3227 z
1264 3196 1344 3234 Quis
1358 3195 1481 3227 Timaeo
1501 3194 1678 3235 praesertim
1693 3194 1725 3226 in
1743 3194 1901 3235 ejusmodi
1924 3194 2063 3236 peccatis
2082 3198 2206 3235 parcat,

1174 3243 1229 3283 qui
1246 3245 1427 3275 ceterorum
1441 3242 1669 3273 historicorum
1685 3242 1753 3273 tam
1768 3241 1953 3283 importune
1967 3240 2132 3273 reduviam
2149 3250 2206 3272 cu-

129 3287 312 3320 Plurimum
325 3297 402 3321 vero
415 3289 513 3321 etiam
528 3289 661 3323 bibebat
672 3293 820 3332 Nysaeus,
839 3292 1116 3331 Syracusanorum
1174 3293 1238 3322 rat?
1251 3292 1283 3322 Is
1295 3290 1380 3321 enim
1392 3290 1637 3330 Theopompum
1654 3290 1796 3328 accusat,
1813 3291 1902 3330 quia,
1913 3297 2014 3330 quum
2028 3287 2205 3329 Dionysius

89 3335 263 3375 tyrannus,
283 3338 316 3367 et
337 3335 554 3376 Apollocrates
575 3347 585 3367 ε
604 3339 697 3370 erant
715 3339 823 3370 autem
845 3338 879 3369 hi
899 3336 1047 3377 Dionysii
1065 3345 1116 3367 su-

1175 3337 1314 3368 reditum
1331 3345 1348 3368 e
1362 3336 1469 3368 Sicilia
1484 3336 1677 3368 Corinthum
1691 3335 1784 3377 longa
1795 3337 1870 3368 navi
1885 3335 2007 3375 fecerit,
2022 3336 2205 3376 Theopom-

90 3381 223 3421 perioris
244 3382 324 3422 filii,
348 3385 386 3414 ut
415 3383 644 3425 Theopompus
671 3385 765 3417 docet
794 3385 1010 3417 Historiarum
1035 3384 1116 3416 libro
1175 3392 1235 3424 pus
1251 3383 1297 3415 ait
1316 3383 1454 3415 rotunda
1470 3392 1544 3415 eum
1565 3383 1748 3415 advenisse.
