2320 3684
745 144 1087 202 ‘APOLLODORI
1124 163 1459 204 FRAGMENTA.

62 263 136 295 κεν,
159 246 289 294 ἥκιστα
315 245 442 298 λέγοιτ’
471 245 525 284 ἄν.
543 245 707 285 Ἐπαινεῖ
733 245 801 300 γὰρ
822 246 1092 300 Ἐρατοσθένους

62 305 252 360 ἀπόφασιν,
270 307 323 344 ὅτι
340 304 445 358 φησὶν
462 306 590 348 ἐκεῖνος
607 304 667 343 καὶ
686 303 852 358 εΌμηρον
865 306 926 344 καὶ
943 306 1018 350 τοὺς
1035 307 1093 346 ἄλ-

0 413 3 415 ,
62 366 142 410 λους
156 364 235 408 τοὺς
251 363 421 408 παλαιοὺς
436 362 479 402 τὰ
498 363 559 415 μὲν
579 363 773 411 Ἑλληνικὰ
796 363 943 413 εἰδέναι,
966 369 1035 404 τῶν
1055 366 1091 405 δὲ

62 423 182 478 πόῤῥω
210 422 344 471 πολλὴν
371 422 464 475 ἔχειν
488 422 664 476 ἀπειρίαν,
681 422 842 477 ἀπείρους
859 422 922 475 μὲν
945 428 1088 479 μακρῶν

62 483 150 522 ὁδῶν
175 482 291 532 ὄντας,
317 481 478 536 ἀπείρους
499 480 536 520 δὲ
563 485 624 520 τοῦ
654 481 909 531 ναυτίλλεσθαι.
932 484 1090 535 Συνηγο-

0 538 2 569 Ϊ
63 543 131 595 ρῶν
149 540 187 580 δὲ
209 540 354 587 τούτοις,
372 539 538 595 εὈμηρόν
559 556 645 595 φησι
659 539 723 588 τὴν
739 539 803 592 μὲν
818 541 955 581 Αὐλίδα
972 544 1090 582 καλεῖν

61 599 293 654 πετρήεσσαν,
328 599 448 654 ὥσπερ
481 599 540 641 καὶ
579 599 670 639 ἔστι·
704 599 928 652 πολύκνημον
957 600 994 640 δὲ
1027 601 1091 649 τὴν

62 659 246 708 Ἐτεωνὸν,
265 658 518 713 πολυτρήρωνα
539 657 575 697 δὲ
595 658 658 706 τὴν
688 658 842 708 Θίσὸην,
870 659 1037 712 ποιήεντα
1054 660 1091 699 δὲ

0 742 2 745 v
60 716 119 756 τὸν
149 717 346 771 Ἁλίαρτον·
363 716 406 755 τὰ
434 717 466 756 δ’
492 717 628 756 ἄπωθεν
646 717 718 756 οὔτ’
735 717 838 756 αὐτὸν
863 717 990 757 εἰδέναι
1013 718 1091 757 οὔτε

0 771 4 801 f
60 775 140 820 τοὺς
159 776 294 820 ἄλλους.
315 779 495 828 Ποταμῶν
511 780 593 828 γοῦν
613 776 693 830 περὶ
712 777 972 830 τετταράκοντα
990 778 1090 831 ῥεόν-

59 837 200 881 τωνέἶς
216 836 274 875 τὸν
294 835 442 883 Πόντον,
470 835 559 886 μηδὲ
587 837 657 874 τῶν
687 835 920 881 ἐνδοξοτάτων
945 837 1091 888 μηδενὸς

0 891 5 915 ⁸¹
61 898 280 947 μεμνῆσθαι,
322 890 393 934 οἷον
421 892 560 948 Ἴστρου
575 925 584 942 ,
617 894 806 943 Τανάϊδος,
837 895 1089 948 Βορυσθένους,

59 953 227 997 Ὑπάνιος
241 985 251 1003 ‚
283 954 453 1003 Φάσιδος,
490 952 762 1007 Θερμώδοντος,
788 953 939 998 σΑλυος·
973 954 1024 993 ἔτι
1054 955 1090 994 δὲ

59 1014 206 1052 Σκυθῶν
224 1011 287 1064 μὲν
303 1012 352 1064 μὴ
369 1015 583 1065 μεμνῆσθαι,
596 1012 731 1056 πάντας
745 1013 924 1064 (πλάττειν
937 1017 1090 1066 Comes)

59 1071 97 1110 δὲ
123 1071 272 1124 ἀγαυοὺς
298 1073 394 1117 τινὰς
421 1071 683 1124 Ἱππημολγοὺς
707 1072 766 1111 καὶ
795 1073 1092 1127 Γαλακτοφάγους

58 1129 193 1175 Ἀὅίους
213 1148 262 1170 τε.
284 1130 521 1185 Παφλαγόνας
539 1147 577 1170 τε
596 1130 674 1176 τοὺς
691 1131 786 1183 [μὲν]
805 1133 840 1170 ἐν
857 1135 900 1185 τῇ
919 1133 1091 1186 μεσογαίᾳ

0 1233 3 1239 .
57 1190 280 1244 ἱστορηκέναι
308 1190 405 1245 παρὰ
430 1193 497 1229 τῶν
523 1192 611 1243 πεζῇ
631 1196 702 1234 τοῖς
723 1190 842 1234 τόποις
864 1192 1090 1238 πλησιασάν-

4 1251 6 1254 ’
57 1264 148 1297 των,
180 1248 243 1296 τὴν
280 1249 456 1303 παραλίαν
485 1248 520 1288 δὲ
540 1251 692 1300 ἀγνοεῖν·
719 1249 778 1288 καὶ
802 1249 943 1294 εἰκότως
961 1266 1012 1302 γε.
1031 1250 1092 1289 Ἄ-

56 1307 166 1345 πλουν
181 1307 248 1360 γὰρ
265 1301 353 1345 εἶναι
369 1306 448 1346 τότε
464 1306 527 1355 τὴν
550 1307 725 1346 θάλατταν
745 1307 876 1356 ταύτην
895 1308 954 1346 καὶ
972 1310 1091 1347 καλεῖ-

57 1369 138 1404 σθαι
155 1365 292 1411 ’Άξενον
321 1365 378 1404 διὰ
400 1365 440 1404 τὸ
461 1366 690 1419 δυσχείμερον
720 1366 780 1405 καὶ
808 1366 871 1414 τὴν
899 1367 1090 1419 ἀγριότητα

55 1427 126 1464 τῶν
147 1425 416 1478 περιοικούντων
435 1427 555 1475 ἐθνῶν,
573 1425 633 1464 καὶ
649 1426 805 1478 μάλιστα
821 1428 891 1464 τῶν
906 1427 1089 1465 Σκυθικῶν

56 1483 326 1530 ξενοθυτούντων
347 1485 408 1524 καὶ
429 1485 744 1539 σαρκοφαγούντων
765 1485 826 1524 καὶ
849 1492 919 1530 τοῖς
937 1487 1090 1539 κρανίοις

55 1542 243 1594 ἐκπώμασι
260 1543 471 1597 χρωμένων·
486 1543 629 1598 ὕστερον
650 1545 680 1583 δ’
697 1544 858 1589 Εὔξεινον
876 1547 1088 1594 κεκλῆσθαι,

54 1604 124 1641 τῶν
143 1602 272 1642 Ἰώνων
290 1604 324 1641 ἐν
343 1606 387 1656 τῇ
404 1603 564 1657 παραλίᾳ
580 1603 698 1647 πόλεις
711 1603 919 1642 κτισάντων.
935 1603 1090 1655 Ὁμοίως

54 1661 84 1699 δ’
102 1664 236 1712 ἀγνοεῖν
254 1662 313 1700 καὶ
329 1662 374 1700 τὰ
391 1662 470 1716 περὶ
485 1662 664 1713 Αἴγυπτον
684 1662 744 1701 καὶ
764 1662 901 1710 Λιὸύην
911 1692 921 1710 ,
938 1658 1009 1701 οἷον
1027 1661 1089 1706 τὰς

54 1720 245 1764 ἀναδάσεις
263 1725 325 1760 τοῦ
347 1720 476 1761 Νείλου
496 1720 555 1759 καὶ
572 1720 792 1774 προσχώσεις
813 1725 875 1760 τοῦ
897 1722 1087 1773 πελάγους·

55 1773 103 1818 ῶν
123 1774 278 1832 οὐδαμοῦ
297 1782 516 1832 μεμνῆσθαι,
541 1780 619 1818 οὐδὲ
637 1784 699 1818 τοῦ
727 1782 853 1832 ἰσθμοῦ
875 1784 936 1820 τοῦ
960 1780 1088 1832 μεταξὺ

53 1841 116 1885 τῆς
133 1837 306 1892 Ἐρυθρᾶς
332 1839 391 1878 καὶ
409 1842 470 1886 τῆς
484 1839 680 1890 Αἰγυπτίας
699 1839 890 1887 θαλάσσης,
919 1839 997 1878 οὐδὲ
1019 1842 1088 1879 τῶν

53 1896 145 1936 κατὰ
163 1897 226 1945 τὴν
251 1897 415 1952 Ἆραὸίαν
436 1897 495 1937 καὶ
518 1898 704 1937 Αἰθιοπίαν
732 1898 791 1936 καὶ
811 1898 869 1937 τὸν
897 1899 1087 1938 Ὠκεανόν·

54 1958 84 1995 εἷ
101 1955 152 2009 μὴ
168 1957 307 2004 Ζήνωνι
324 1959 374 2010 τῷ
391 1956 570 2011 φιλοσόφῳ
588 1955 800 2010 προσεκτέον
819 1957 1006 2011 γράφοντι·

52 2101 186 2135 tentiam
219 2102 462 2143 Eratosthenis,
494 2103 552 2143 qui
576 2105 753 2135 Homerum
784 2103 930 2144 aliosque
960 2105 1087 2136 veteres

53 2149 99 2182 ait
120 2151 309 2182 Graecarum
330 2150 461 2190 quidem
479 2150 644 2191 regionum
662 2150 776 2182 notitia
796 2151 968 2191 praeditos,
985 2159 1088 2182 remo-

53 2197 173 2229 tiorum
194 2199 300 2229 autem
324 2197 503 2229 admodum
525 2206 596 2229 esse
618 2197 764 2237 ignaros,
787 2198 905 2239 quippe
927 2201 959 2230 et
981 2199 1087 2239 longo-

55 2252 128 2276 rum
153 2244 307 2276 itinerum
331 2244 498 2285 imperitos
522 2246 554 2276 et
579 2244 805 2285 navigationis.
832 2245 958 2282 Quibus
980 2246 1088 2278 verbis

53 2293 106 2325 ille
132 2291 339 2334 patrocinans
354 2315 362 2331 ,
394 2293 573 2323 Homerum
596 2291 641 2323 ait
669 2292 778 2323 Aulidi
800 2301 926 2325 saxosae
954 2293 1085 2325 titulum

54 2341 141 2373 recte
168 2338 347 2378 tribuisse,
377 2337 454 2378 quia
480 2337 554 2370 talis
583 2338 717 2370 omnino
748 2339 792 2371 sit
823 2350 831 2371 :
864 2339 1015 2380 idemque
1046 2341 1086 2373 de

53 2389 177 2419 Eteono
198 2385 337 2425 callosa,
360 2386 392 2416 et
419 2384 539 2416 Thisba
560 2385 719 2417 columbis
743 2385 949 2426 abundante,
973 2387 1084 2419 herbo·

55 2442 154 2474 saque
190 2432 334 2465 Haliarto
355 2432 558 2463 sentiendum
582 2441 653 2464 esse
673 2442 681 2464 :
699 2434 872 2465 remotiora
895 2443 999 2475 neque
1019 2434 1080 2473 illi,

53 2489 160 2521 neque
176 2479 308 2520 reliquis
324 2481 400 2511 nota
413 2478 524 2511 fuisse.
539 2481 621 2511 Nam
638 2489 740 2521 quum
757 2481 788 2512 in
806 2483 948 2523 Pontum
958 2482 1086 2515 circiter

53 2527 266 2568 quadraginta
285 2526 422 2558 influant
443 2534 574 2566 amnes,
594 2535 634 2558 ne
656 2527 932 2559 nobilissimorum
953 2529 1084 2569 quidem

53 2574 152 2607 ullius
169 2574 366 2607 mentionem
382 2582 457 2605 eum
477 2573 580 2606 facere
597 2584 606 2605 :
627 2574 701 2606 Istri
717 2575 816 2615 puta,
833 2577 890 2607 aut
909 2576 1082 2616 Tauaidis,

53 2621 264 2663 Borysthenis
276 2644 285 2660 ,
301 2620 464 2662 Hypanis,
482 2620 648 2660 Phasidis,
666 2622 931 2661 Thermodontis,
949 2622 1082 2663 Halyos.

54 2671 136 2702 Tum
156 2669 348 2710 Scytharum
363 2676 438 2700 eum
456 2677 519 2699 non
533 2668 720 2701 meminisse
737 2679 745 2699 :
762 2669 881 2710 tingere
895 2678 972 2701 vero
988 2679 1083 2710 quos-

54 2717 130 2749 dam
153 2716 324 2758 praeclaros
346 2715 578 2756 Equimulgos‚
603 2715 811 2756 Lactivoros,
836 2718 869 2748 et
890 2716 1001 2748 Abios.
1028 2719 1085 2749 Pa-

53 2763 229 2805 phlagonas
259 2771 390 2804 quoque
424 2762 678 2795 mediterraneos
711 2772 787 2795 eum
819 2764 1011 2804 cognovisse
1044 2773 1083 2797 ex

54 2811 237 2843 narratione
257 2818 391 2849 eorum,
414 2809 471 2850 qui
492 2810 635 2842 terrestri
658 2810 771 2842 itinere
792 2810 834 2842 ad
855 2819 910 2842 eos
933 2812 1084 2844 accessis·

54 2859 145 2897 sent,
164 2857 358 2889 maritimam
378 2859 486 2889 autem
507 2857 757 2898 Paphlagoniam
776 2858 940 2898 ignorasse
958 2868 966 2889 :
987 2859 1085 2899 idque

54 2905 175 2938 remita
183 2905 315 2937 tulisse:
332 2904 411 2935 illud
423 2905 510 2936 enim
519 2913 607 2936 mare
620 2907 691 2935 tum
705 2904 885 2945 navigabile
892 2914 956 2937 non
966 2905 1082 2938 fuisse:

54 2950 112 2984 sed
134 2954 302 2991 Axenum,
319 2951 353 2983 id
368 2952 419 2983 est
432 2951 644 2992 inhospitale,
670 2951 884 2992 appellatum,
900 2952 942 2984 ob
959 2953 1084 2994 frigoris

55 2998 146 3030 nimii
167 2998 389 3030 difficultatem
419 3000 451 3029 et
490 2998 650 3030 saevitiam
673 2998 886 3030 accolentium
910 2999 954 3031 ibi
982 3009 1084 3041 popu-

54 3045 180 3087 lorum,
205 3045 346 3077 maxime
374 3045 567 3085 Scytharum
594 3045 738 3086 hospites
779 3046 1018 3078 immolantium
1053 3049 1085 3079 et

55 3093 206 3125 carnibus
233 3101 344 3124 eorum
389 3092 592 3124 vescentium
635 3101 672 3124 ac
702 3092 861 3133 capitibus
893 3093 1084 3133 poculorum

54 3139 126 3172 loco
142 3140 302 3172 utentium
322 3149 329 3170 :
348 3142 460 3181 postea
479 3140 634 3180 temporis
657 3140 822 3172 Euxinum
834 3163 843 3179 ‚
861 3140 891 3171 id
912 3143 961 3172 est
979 3140 1084 3181 hospi-

55 3187 118 3219 tale
129 3211 137 3226 ,
155 3187 195 3219 ab
211 3186 345 3219 Ionibus
363 3186 461 3219 fuisse
476 3187 671 3228 appellatum
683 3211 692 3227 ‚
709 3187 766 3228 qui
781 3188 814 3219 in
831 3196 887 3219 ora
903 3187 972 3227 ejus
988 3187 1084 3219 urbes

56 3234 287 3266 condidissent.
306 3233 460 3266 Similiter
472 3243 546 3266 eum
560 3234 680 3275 fugisse
693 3243 744 3266 res
760 3234 888 3275 AEgypti
902 3236 935 3266 et
949 3234 1082 3273 Africae,

56 3282 94 3312 ut
114 3281 177 3313 Nili
193 3281 427 3314 exundationes
439 3305 447 3320 ,
467 3283 499 3313 et
514 3290 665 3321 aggerum
683 3281 716 3312 in
732 3290 821 3313 mare
837 3281 1061 3320 congestiones
1073 3304 1081 3319 ,

58 3335 196 3367 quorum
217 3337 378 3368 nusquam
403 3327 586 3360 meminerit
607 3339 616 3368 ;
641 3328 726 3360 sicut
746 3336 850 3368 neque
870 3327 982 3359 isthmi
1001 3327 1084 3358 inter

59 3373 203 3406 Rubrum
218 3376 250 3407 et
274 3375 458 3416 AEgyptium
475 3383 582 3414 mare,
600 3383 705 3415 neque
721 3382 832 3407 eorum
855 3381 929 3414 qnae
949 3373 981 3404 in
1005 3376 1082 3404 Ara·
1113 3400 1116 3408 ,

2107 175 2183 207 455

1277 252 1425 289 Αἰθίοπάς
1447 253 1473 285 θ’
1490 253 1601 295 ἱκόμην
1617 258 1669 286 καὶ
1689 253 1842 291 Σιδονίους
1858 254 1987 297 Ἄραὸάς
2001 267 2045 288 τε.

1154 309 1213 361 (V.
1231 310 1358 349 Strab.
1383 314 1415 359 Ι,
1448 325 1485 363 p.
1511 324 1572 359 70,
1589 315 1635 359 A,
1663 312 1718 362 Β.)
1738 313 1792 351 Οὐ
1814 312 2015 363 θαυμαστὸν
2033 314 2062 352 δ’
2095 308 2183 354 εἶναι

1153 367 1231 420 περὶ
1254 367 1432 422 Ὁμήρου·
1459 369 1518 408 καὶ
1547 368 1615 424 γὰρ
1652 369 1731 414 τοὺς
1759 369 1811 409 ἔτι
1840 370 2028 425 νεωτέρους
2052 374 2183 413 ἐκείνου

1155 424 1272 464 πολλὰ
1300 428 1434 478 ἀγνοεῖν
1451 428 1512 467 καὶ
1531 430 1788 482 τερατολογεῖν·
1809 428 1972 469 Ἡσίοδον
1993 429 2057 483 μὲν
2076 431 2186 485 Ἡμί-

1153 499 1259 528 κυνας
1277 484 1425 538 λέγοντα
1443 487 1504 525 καὶ
1529 488 1848 540 Μεγαλοκεφάλους
1871 490 1931 528 καὶ
1959 491 2183 543 Πυγμαίους·

1154 541 1338 594 Ἀλκμᾶνα
1368 543 1404 582 δὲ
1424 545 1705 597 Στεγανόποδας·
1725 547 1905 600 Αἰσχύλον
1926 548 1963 587 δὲ
1979 550 2186 605 Κυνοκεφά-

1152 601 1231 644 λους
1247 601 1307 640 καὶ
1325 604 1636 658 Στερνοφθάλμους
1652 606 1711 645 καὶ
1732 607 1995 659 Μονομμάτους
2011 609 2071 648 καὶ
2092 610 2184 649 ἄλλα

1153 660 1272 713 μυρία.
1292 661 1377 700 Ἀπὸ
1403 662 1439 700 δὲ
1459 663 1590 703 τούτων
1616 665 1673 704 ἐπὶ
1694 665 1773 710 τοὺς
1801 666 2024 721 συγγραφέας
2052 669 2185 721 βαδίζει

1152 719 1301 759 Ῥιπαῖα
1321 722 1384 776 ὅρη
1409 722 1592 775 λέγοντας,
1612 727 1672 765 καὶ
1693 726 1733 765 τὸ
1751 726 1920 779 Ὦγύγιον
1938 728 2027 782 ὄρος,
2044 729 2103 768 καὶ
2119 730 2183 778 τὴν

1152 780 1221 817 τῶν
1251 780 1433 833 Γοργόνων
1466 783 1525 821 καὶ
1552 782 1773 838 Ἑσπερίδων
1806 786 2003 838 κατοικίαν,
2030 788 2089 826 καὶ
2120 788 2183 836 τὴν

1150 837 1248 892 παρὰ
1277 840 1485 894 Θεοπόμπῳ
1512 843 1696 895 Μεροπίδα
1735 847 1801 896 γῆν
1832 846 1883 897 (v.
1906 847 1952 885 fr.
1980 847 2066 898 76),
2099 848 2183 902 παρ’

1152 895 1334 951 Ἑκαταίῳ
1355 898 1392 937 δὲ
1419 901 1623 953 Κιμμερίδα
1643 901 1743 940 πόλιν
1768 904 1818 955 (v.
1837 905 1881 942 fr.
1905 906 1956 956 2),
1973 906 2056 959 παρ’
2082 907 2183 953 Εὔη-

1153 955 1250 1009 μέρῳ
1273 955 1310 995 δὲ
1328 956 1391 1004 τὴν
1411 958 1605 1010 Παγχαίαν
1623 963 1703 1012 γῆν,
1719 962 1805 1015 παρ’
1819 962 2049 1016 Ἀριστοτέλει
2066 963 2103 1002 δὲ
2121 981 2183 1004 πο-

1151 1014 1298 1066 ταμίους
1316 1015 1431 1060 λίθους
1447 1016 1481 1061 ἐξ
1500 1016 1639 1068 ἄμμου,
1660 1020 1700 1057 ἐκ
1717 1018 1754 1057 δὲ
1773 1022 1841 1058 τῶν
1859 1020 2001 1075 ὄμὸρων
2018 1022 2185 1070 τήκεσθαι

1154 1074 1203 1125 (v.
1221 1075 1473 1126 Theophrast.
1493 1076 1582 1130 Περὶ
1605 1076 1672 1115 λίθ.
1701 1092 1739 1128 p.
1768 1079 1871 1131 394),
1891 1081 1925 1118 ἐν
1948 1079 1984 1118 δὲ
2009 1084 2052 1134 τῇ
2069 1082 2183 1135 Λιὸύῃ

1151 1132 1319 1172 Διονύσου
1341 1133 1444 1172 πόλιν
1475 1128 1584 1182 εἶναι,
1611 1135 1743 1183 ταύτην
1767 1137 1796 1175 δ’
1819 1139 1882 1177 οὐκ
1912 1138 2115 1192 ἐνδέχεσθαι
2134 1142 2185 1185 δὶς

1150 1191 1209 1230 τὸν
1238 1192 1340 1231 αὐτὸν
1370 1192 1530 1247 ἐξευρεῖν.
1550 1193 1736 1233 Ἐπιτείνει
1766 1195 1942 1247 (Casaub.
1968 1198 2128 1253 ἐπιτιμᾷ)
2149 1199 2184 1237 δὲ

1150 1250 1210 1289 καὶ
1219 1257 1289 1295 τοῖς
1296 1251 1375 1305 περὶ
1385 1252 1550 1291 Σικελίαν
1565 1251 1628 1299 τὴν
1637 1253 1774 1301 πλάνην
1786 1253 1926 1305 λέγουσι
1940 1256 2016 1293 καθ’
2023 1255 2184 1311 “Ομ·ηρον

1150 1308 1214 1357 τὴν
1227 1309 1444 1354 Ὀδυσσέως·
1459 1312 1489 1349 εἰ
1502 1310 1568 1365 γὰρ
1589 1306 1632 1350 αὖ
1645 1314 1774 1366 χρῆναι
1789 1312 1962 1364 (fortasse
1973 1319 2101 1368 χρῆναι
2129 1316 2185 1367 ἂν)

1149 1367 1213 1416 τὴν
1227 1367 1291 1420 μὲν
1308 1369 1446 1416 πλάνην
1458 1371 1529 1408 ἐκεῖ
1540 1370 1719 1422 γεγονέναι
1733 1372 1893 1424 φάσκειν,
1906 1371 1965 1410 τὸν
1981 1372 2018 1411 δὲ
2035 1375 2184 1422 ποιητὴν

1151 1427 1425 1489 εέξωκεανικέναιΝ
1442 1429 1650 1481 μυθολογίας
1662 1429 1779 1484 χάριν.
1797 1430 1868 1470 Καὶ
1893 1437 1963 1476 τοῖς
1987 1431 2048 1483 μὲν
2070 1432 2186 1477 ἄλλοις

1139 1484 1362 1538 ’συγγνώμην
1393 1490 1500 1536 εἶναι,
1531 1488 1760 1542 Καλλιμάχῳ
1789 1489 1825 1527 δὲ
1853 1488 1902 1540 μὴ
1936 1492 2041 1538 πάνυ,
2071 1508 2185 1542 μετα-

1149 1543 1349 1598 ποιουμένῳ
1384 1561 1423 1597 γε
1458 1550 1729 1600 γραμματικῆς,
1766 1547 1802 1591 ὃς
1834 1547 1897 1596 τὴν
1947 1548 2011 1601 μὲν
2051 1552 2080 1589 Γ
2083 1552 2184 1589 αῦδον

1150 1603 1289 1655 (Heyn.
1311 1604 1465 1657 Γαῦλον)
1481 1606 1668 1659 Καλυψοῦς
1694 1608 1799 1653 νῆσον
1821 1607 1931 1660 φησὶ,
1958 1607 2021 1655 τὴν
2041 1607 2077 1646 δὲ
2094 1609 2186 1662 Κόρ-

1153 1678 1262 1715 κυραν
1283 1663 1456 1716 Σχερίαν·
1486 1664 1610 1709 ἄλλους
1635 1664 1671 1703 δὲ
1701 1667 1856 1704 αἰτιᾶται
1883 1665 2076 1720 ψεύσασθαι
2105 1669 2185 1722 περὶ

1151 1721 1326 1775 Γερήνων,
1344 1722 1404 1760 καὶ
1425 1726 1486 1761 τοῦ
1508 1723 1739 1774 Ἀκακησίου,
1760 1724 1819 1763 καὶ
1845 1725 1970 1777 Δήμου
1994 1728 2029 1765 ἐν
2049 1726 2184 1780 Ἰθάκῃ,

1151 1781 1382 1834 Πελεθρονίου
1393 1797 1432 1820 τε
1445 1783 1480 1820 ἐν
1495 1783 1636 1837 Πηλίῳ,
1651 1784 1885 1823 Γλαυκωπίου
1901 1801 1939 1823 τε
1954 1788 1988 1824 ἐν
2006 1784 2183 1834 Ἀθήναις.

1150 1839 1300 1884 Τούτοις
1318 1839 1355 1878 δὲ
1381 1839 1490 1895 μικρὰ
1515 1841 1594 1880 τινὰ
1609 1843 1771 1895 προσθεὶς
1789 1847 1935 1882 τοιαῦτα
1960 1843 2124 1894 παύεται,
2141 1846 2185 1884 τὰ

1149 1901 1300 1938 πλεῖστα
1322 1898 1532 1951 μετενέγκας
1551 1900 1648 1954 παρὰ
1671 1905 1732 1940 τοῦ
1752 1902 2022 1956 Ἐρατοσθένους
2033 1934 2043 1952 ,
2064 1905 2110 1947 ὡς
2125 1905 2185 1942 καὶ

1149 1958 1316 2011 πρότερον
1345 1958 1586 2011 ἐμνήσθημεν,
1612 1962 1674 1998 οὐκ
1698 1954 1736 1998 εὖ
1763 1961 1941 2014 εἰρημένα.
1961 1962 2014 2001 Τὸ
2037 1961 2101 2013 μὲν
2119 1962 2184 2017 γὰρ

1148 2104 1202 2136 bia
1217 2106 1250 2137 et
1274 2105 1438 2147 AEthiopia
1454 2107 1531 2138 sunt
1548 2108 1645 2147 atque
1670 2110 1799 2139 Oceano
1817 2117 1824 2139 ε
1843 2108 1906 2140 nisi
1922 2109 1950 2140 si
1971 2110 2090 2141 Zenoni
2113 2110 2180 2150 phi·

1147 2151 1284 2193 Iosopho
1308 2153 1350 2184 sit
1367 2153 1611 2186 assentiendum
1623 2177 1632 2193 ‚
1650 2154 1696 2185 sic
1713 2155 1866 2187 scribenti
1888 2155 2095 2188 Homericum
2113 2165 2178 2189 ver·

1148 2208 1222 2231 sum
1240 2209 1248 2230 ἓ

1231 2243 1309 2270 Veni
1327 2248 1357 2270 et
1373 2241 1411 2271 nd
1428 2243 1590 2282 AEthiopes
1604 2266 1612 2281 ‚
1631 2250 1661 2272 et
1678 2243 1822 2272 Sidonios
1835 2267 1844 2281 ,
1865 2244 2053 2283 Arabesque,

1145 2289 1256 2328 Neque
1269 2297 1346 2320 vero
1362 2288 1394 2320 id
1409 2288 1450 2321 de
1466 2291 1608 2321 Homero
1624 2291 1742 2321 mirum
1758 2299 1830 2322 esse
1846 2299 1853 2320 ε
1870 2299 1971 2330 quum
1986 2290 2084 2323 etiam
2107 2292 2180 2333 ipso

1145 2335 1340 2376 posteriores
1366 2336 1470 2368 multa
1495 2339 1527 2368 et
1551 2337 1788 2377 ignoraverint,
1815 2338 1848 2369 et
1873 2337 2055 2378 prodigiose
2081 2339 2180 2372 finxe-

1145 2383 1208 2414 rint
1232 2392 1239 2413 :
1265 2383 1300 2415 ut
1327 2383 1505 2415 Hesiodum
1525 2384 1730 2424 Semicanes,
1763 2385 1935 2425 capitones
1953 2408 1961 2423 ‚
1985 2387 2181 2426 Pygmae0s;

1145 2430 1336 2462 Alcmanem
1367 2431 1606 2472 Steganopodes
1624 2431 1740 2472 (quasi
1755 2432 1835 2473 pede
1859 2431 2031 2472 praeditos,
2051 2442 2180 2473 quo-*su-

1144 2477 1213 2517 pini
1230 2486 1264 2509 se
1278 2479 1424 2518 tegerent
1439 2479 1471 2517 );
1491 2478 1678 2519 AEschylum
1706 2479 1919 2519 canicipites,
1940 2480 2179 2520 Sternophthal-

1145 2533 1216 2557 mos
1249 2524 1386 2564 (oculos
1418 2525 1451 2556 in
1483 2527 1613 2566 pectore
1628 2528 1819 2566 gerentes),
1856 2526 2038 2566 Unoculos‚
2058 2527 2091 2558 et
2118 2525 2179 2558 alia

1143 2571 1277 2603 infinita.
1322 2571 1372 2603 Ab
1407 2571 1460 2603 his
1495 2581 1530 2604 se
1563 2573 1724 2605 convertit
1773 2573 1946 2605 adversum
1983 2572 2154 2613 scriptores
2166 2597 2174 2612 ‚

1143 2618 1199 2659 qui
1216 2618 1367 2660 Rhipaeos
1383 2621 1511 2651 montes
1522 2643 1530 2654 ,
1547 2622 1579 2652 et
1592 2621 1752 2661 Ogygium
1769 2623 1912 2651 montem
1925 2643 1934 2658 ‚
1951 2621 2175 2659 etGorgonum

1145 2674 1183 2697 ac
1205 2667 1420 2708 Hesperidum
1445 2666 1647 2699 domicilium
1670 2666 1870 2698 tradiderunt
1894 2676 1901 2697 :
1925 2668 1958 2697 et
1978 2665 2019 2697 ad
2040 2666 2176 2705 Meropi-

1144 2713 1219 2745 dem
1242 2715 1444 2756 Theopompi
1468 2718 1604 2752 terram,
1627 2713 1855 2746 Cimmeridem
1878 2712 2017 2744 Hecataei
2039 2712 2169 2752 urbem,

1144 2762 1319 2795 Euhemeri
1341 2763 1534 2794 Panchaeam
1555 2763 1694 2800 terram,
1718 2762 1750 2792 et
1772 2758 1950 2791 Aristotelis
1973 2759 2094 2800 lapides
2117 2759 2173 2790 ssu-

1143 2809 1244 2841 viales
1261 2818 1414 2841 arenosos
1426 2833 1435 2849 ,
1457 2810 1512 2850 qui
1532 2808 1690 2840 imbribus
1710 2807 1888 2847 liquescant
1907 2815 1915 2836 ε
1933 2805 2110 2847 urbemque
2131 2807 2172 2838 ab

1143 2865 1181 2888 eo
1205 2857 1357 2888 traditam
1381 2856 1497 2888 Bacchi
1520 2856 1554 2887 in
1579 2855 1706 2894 Africa,
1730 2862 1826 2894 quam
1848 2853 1933 2885 idem
1956 2852 2006 2885 bis
2026 2853 2172 2886 invenire

1143 2911 1207 2934 non
1228 2902 1342 2943 possit.
1360 2903 1447 2940 Quin
1467 2905 1499 2934 et
1517 2911 1572 2934 eos
1592 2902 1780 2940 insectatur,
1801 2900 1857 2940 qui
1872 2899 1912 2931 de
1932 2900 2091 2932 sententia
2111 2902 2174 2933 Ho-

1145 2949 1226 2980 meri
1249 2949 1400 2989 Ulyssem
1423 2949 1508 2980 circa
1530 2948 1670 2980 Siciliam
1691 2948 1842 2987 vagatum
1863 2946 1964 2978 fuisse
1984 2946 2145 2979 affirmant
2164 2958 2172 2979 τ

1143 2997 1200 3027 aut
1216 2998 1302 3027 certe
1321 2996 1495 3028 dicendum
1513 2995 1634 3033 fuisse,
1657 2994 1802 3034 Ulyssem
1821 2992 1952 3034 quidem
1969 3002 2008 3025 eo
2027 2994 2170 3026 locorum

1143 3043 1306 3075 erroribus
1328 3046 1456 3082 actum,
1481 3042 1538 3074 sed
1559 3043 1686 3082 poetam
1710 3041 1892 3073 fabularum
1913 3040 2169 3074 inducendarum

1143 3090 1244 3130 gratia
1260 3091 1294 3121 in
1313 3092 1479 3121 Oceanum
1498 3098 1553 3120 eos
1573 3089 1744 3120 amovisse.
1769 3090 1815 3120 Ac
1832 3089 1955 3120 ceteros
1974 3088 2105 3129 quidem
2122 3097 2174 3122 ve-

1142 3137 1197 3168 nia
1218 3136 1384 3176 dignatur,
1400 3138 1536 3176 excepto
1558 3135 1756 3168 Callimacho
1774 3135 1850 3176 :qui
1873 3135 2119 3176 grammaticum
2140 3145 2175 3168 se

1142 3184 1326 3224 professus,
1350 3183 1501 3215 Gaudum
1523 3186 1631 3214 tamen
1657 3182 1816 3224 Calypsus
1837 3181 1978 3214 insulam
2000 3182 2118 3220 saciat,
2141 3185 2174 3214 et

1142 3231 1182 3262 de
1204 3232 1346 3270 Corcyra
1364 3230 1538 3262 Scheriam.
1561 3229 1650 3261 Alios
1666 3229 1742 3262 item
1758 3230 1887 3271 culpat,
1905 3229 1961 3270 qui
1977 3229 2018 3261 de
2039 3229 2173 3262 Gereuis

1142 3279 1173 3309 et
1190 3277 1353 3317 Acacesio,
1369 3277 1409 3308 de
1425 3277 1544 3308 Ithacae
1562 3278 1675 3315 Demo,
1695 3276 1898 3309 Pelethronio
1911 3276 1945 3308 in
1961 3277 2058 3316 Pelio,
2077 3275 2173 3309 Glau·

1142 3325 1234 3364 copio
1251 3323 1384 3355 Athenis
1401 3323 1481 3355 salsa
1496 3323 1693 3364 scripserint.
1717 3326 1823 3365 Atque
1837 3324 1908 3356 aliis
1923 3323 1955 3356 id
1975 3332 2078 3364 genus
2095 3331 2172 3364 pau-

1142 3372 1189 3402 cis
1217 3370 1336 3402 additis
1362 3370 1457 3402 finem
1486 3370 1562 3403 tacit.
1577 3394 1585 3409 ,
1601 3379 1701 3411 quum
1719 3371 1870 3412 pleraque
1895 3370 1935 3403 de
1962 3370 2174 3403 Eratosthene
