2320 3684
763 142 1081 182 PHILOCHORI
1110 143 1441 184 FRAGMENTA.

439 233 591 274 LIBER
620 232 686 271 VI.

106 300 225 340 Libro
253 307 364 337 sexto
408 297 646 343 tribuuntur,
679 308 767 346 quae
795 307 817 332 a
847 295 1079 333 Philochoro

55 366 208 397 narrata
244 364 335 395 sunt
359 356 407 394 de
436 353 651 406 symmoriis
675 352 903 391 trierarchiae
926 353 1078 404 Olymp.

2082 149 2157 183 405

1185 232 1319 271 Suidas
1336 232 1559 271 Philochori
1573 245 1712 270 nomen
1726 228 1864 270 omisit.

1187 363 1375 412 Harpocr.
1400 375 1434 399 v,
1454 360 1546 414 Ἱερὰ
1556 302 1704 415 ἰ-Ῑρῗνῖρνῖις
1713 376 1721 398 :
1741 359 1967 412 Δημοσθένης
1984 360 2019 399 ἐν
2040 358 2070 399 δ’
2089 362 2160 400 Φι-

54 420 130 466 CV,
160 418 181 455 3
204 415 388 454 institutis
420 413 478 464 (fr.
505 413 617 463 129),
642 412 690 450 de
710 424 815 450 sacra
843 411 949 449 trieri
980 411 1082 449 circa
1133 420 1322 457 λιππιχῶν-
1356 419 1463 459 «Καὶ
1498 418 1562 466 τὴν
1595 418 1690 473 ἱερὰν
1724 418 1793 458 ἀπὸ
1817 421 1879 466 τῆς
1903 418 2022 472 χώρας
2047 417 2161 473 ᾤχετο

55 477 207 527 Olymp.
227 478 342 515 CVIa
356 474 537 525 Philippo
552 471 848 511 Atheniensibus
868 478 1001 524 erepta
1020 471 1080 523 (fr.

60 536 148 583 130)
165 564 176 583 ,
216 533 264 572 de
296 533 399 572 bello
440 531 671 583 Olynthiaco
706 531 860 582 Olymp.
903 532 1024 577 CVII,
1059 535 1081 574 ί.

57 601 235 644 suscepto
278 591 347 643 (fr.
392 592 463 630 132
484 590 496 642 )
514 617 527 636 ‚
572 590 620 628 de
670 590 812 628 civium
861 588 1083 626 recensione

56 651 200 690 Archia
232 650 436 698 archonte,
471 649 626 700 Olymp.
665 652 805 696 CVIII,
833 649 854 686 3
888 647 987 686 facta
1018 647 1082 699 (fr.

61 711 134 748 133
149 709 163 761 )
179 737 191 756 ,
238 709 286 747 de
328 708 443 746 rebus
489 707 604 759 gestis
622 736 633 754 ,
683 721 770 758 quae
820 706 996 744 incidunt
1044 706 1085 743 in

58 768 214 819 Olymp.
242 770 333 819 CX,
352 781 367 804 1
392 775 431 805 et
468 769 557 815 CX,
596 779 618 803 2
643 765 719 819 (fr.
756 764 884 814 135),
907 765 955 802 de
984 764 1085 802 ludis

59 826 251 878 Chytrinis
277 839 300 864 a
338 830 516 877 Lycurgo
547 833 701 863 oratore
735 824 956 863 instauratis
986 824 1086 862 inter

59 891 214 942 Olymp.
253 893 350 938 CX,
386 892 407 928 3
440 898 479 928 et
508 893 634 938 CXII,
667 891 688 927 3
717 889 783 940 (fr.
815 888 922 940 137).
956 888 1087 927 Theo-

60 950 113 987 ris
135 957 260 998 vates,
276 949 325 987 de
353 962 430 1000 qua
455 949 710 988 Philochorus
740 949 815 986 hoc
839 948 879 985 in
903 946 1005 985 libro
1028 948 1088 985 lo-

61 1017 204 1059 quutus
248 1016 306 1046 est
347 1008 420 1060 (fr.
459 1008 586 1061 136),
627 1021 705 1059 quo
738 1020 838 1044 anno
882 1019 905 1044 a
938 1008 1087 1044 Demo-

62 1067 196 1105 sthene
222 1075 397 1105 accusata
417 1067 487 1116 sit,
504 1080 584 1105 non
606 1066 792 1104 habemus
820 1074 1062 1116 compertum
1077 1095 1087 1114 ,

66 1126 133 1164 sed
168 1139 217 1164 ex
231 1126 403 1164 Boeckhii
417 1126 605 1164 sententia
622 1138 700 1163 non
717 1133 775 1163 est
788 1153 797 1169 ‚
818 1138 887 1162 cur
905 1124 979 1162 hoc
1001 1132 1090 1175 post

62 1185 237 1236 proelium
260 1185 513 1224 Chaeronense
542 1185 684 1223 factum
714 1197 797 1222 esse
817 1184 1088 1222 existimemus

63 1243 172 1282 Nihil
186 1245 304 1295 igitur
323 1243 471 1292 obstat,
498 1244 593 1295 quin
613 1251 839 1292 statuamus,
863 1242 964 1281 libro
981 1251 1090 1281 sexto

61 1302 262 1341 historiam
295 1303 461 1342 Atticam
493 1302 542 1341 ab
571 1303 727 1353 Olymp.
747 1304 823 1350 CV,
851 1316 866 1339 1
889 1315 1011 1352 usque
1042 1302 1091 1340 ad

63 1375 152 1399 eum
194 1375 359 1411 annum,
394 1375 472 1413 quo
504 1360 720 1400 Alexander
750 1361 956 1412 imperium
985 1361 1091 1409 iniit,

66 1420 219 1472 Olymp.
236 1423 344 1466 CXI,
369 1435 384 1457 1
408 1421 725 1471 comprehensam
748 1432 852 1467 esse3
878 1419 945 1457 sed
971 1419 1003 1456 si
1027 1432 1090 1457 re-

65 1487 267 1529 putemus,
283 1479 553 1517 Philochorum
573 1479 613 1517 in
642 1478 742 1516 libro
770 1478 958 1529 peculiari
974 1477 1093 1529 egisse

64 1536 113 1575 de
126 1537 374 1575 archontibus
387 1537 435 1575 ab
451 1538 600 1589 Olymp.
622 1540 691 1585 CI,
707 1538 728 1574 3
746 1550 866 1587 usque
879 1536 928 1574 ad
941 1537 1091 1588 Olymp.

64 1599 179 1647 CXV,
198 1612 240 1648 2,
259 1599 283 1636 i.
306 1612 338 1637 e.
358 1612 481 1649 usque
500 1599 549 1636 ad
569 1606 739 1650 tempus,
764 1611 841 1648 quo
857 1598 939 1649 ipse
955 1598 1093 1636 florere

65 1657 195 1708 coepit,
215 1671 333 1709 porro
361 1657 451 1695 inde
468 1670 491 1695 a
509 1658 673 1708 septimo
688 1656 858 1695 Atthidis
885 1656 986 1695 libro
1005 1671 1093 1695 eum

64 1729 142 1754 suae
158 1716 350 1755 memoriae
373 1716 569 1754 historiam
583 1716 732 1767 prolixe
752 1723 955 1763 tractasse,
979 1715 1091 1754 deni—

64 1790 140 1829 que
158 1789 226 1814 sex
243 1775 394 1827 priores
416 1775 585 1813 Atthidis
602 1774 721 1812 libros
741 1775 948 1827 separatim
967 1774 1093 1813 editos

64 1849 146 1875 esse
163 1834 306 1882 videri,
327 1834 527 1882 Boeckhio,
551 1834 618 1885 qui
648 1834 707 1871 his
726 1833 774 1872 de
797 1833 914 1871 rebus
931 1834 1093 1884 sagacis·

65 1894 158 1933 sime
169 1892 393 1944 disputavit,
408 1892 565 1930 credere
578 1892 767 1942 cogimur,
784 1892 926 1930 librum
942 1900 1090 1929 sextum

65 1952 236 1991 Atthidis
259 1951 394 1989 eodem
417 1951 533 1989 modo
557 1964 600 1989 ac
613 1950 754 1988 librum
779 1951 827 1988 de
844 1950 1092 1988 archontibus

66 2011 294 2063 pertinuisse
307 2023 433 2061 usque
450 2009 498 2048 ad
514 2010 670 2061 Olymp.
686 2012 800 2057 CXV,
816 2023 851 2055 2,
863 2022 886 2046 a
905 2022 982 2059 quo
1001 2018 1094 2047 tem—

65 2082 158 2121 pore
169 2083 242 2108 suae
260 2070 378 2107 aetatis
397 2068 594 2107 historiam
615 2067 782 2106 tradidit.
801 2068 943 2118 Incipit
962 2076 1092 2105 autem

67 2128 140 2166 hoc
160 2142 259 2166 anno
280 2128 484 2167 Cassandri
502 2127 720 2178 imperium,
740 2140 817 2177 quo
840 2139 930 2163 mox
949 2126 1093 2177 gravis-

66 2187 159 2225 sima
172 2187 396 2238 reipublicae
412 2186 705 2225 Atheniensium
723 2186 820 2223 facta
838 2193 894 2223 est
913 2186 1090 2223 mutatio.

342 2250 429 2288 129.
459 2250 630 2302 [Olymp.
663 2253 739 2297 CV,
765 2251 819 2300 3.]

119 2308 464 2360 Harpocrationis:
500 2308 618 2347 Χίλιοι
644 2306 834 2357 διακόσιοι,
867 2307 1094 2347 οἱπλουσιώ-

66 2381 164 2406 τατοι
196 2365 385 2413 Ἀθηναίων
408 2366 517 2418 χίλιοι
550 2366 610 2405 καὶ
639 2365 809 2405 διακόσιοι
840 2362 944 2416 ἦσαν,
971 2366 1004 2404 οἳ
1034 2365 1094 2404 καὶ

66 2425 318 2479 ἐλειτούργουν.
344 2424 615 2477 Μνημονεύουσι
634 2426 664 2463 δ’
684 2428 797 2464 αὐτῶν
825 2426 885 2464 καὶ
912 2425 1013 2464 ἄλλοι
1030 2425 1095 2479 ῥή-

65 2498 161 2538 τορες
179 2483 239 2522 καὶ
252 2483 449 2538 Φιλόχορος
468 2485 503 2522 ἐν
519 2486 563 2536 τῇ
582 2482 676 2537 ἕκτῃ.

456 2595 607 2635 LIBER
634 2596 702 2635 VI.

540 2661 626 2694 129.

108 2709 268 2742 Ditissimi
293 2710 540 2743 Atheniensium
565 2712 651 2744 mille
665 2712 798 2745 ducenti
814 2712 945 2744 ruerunt
960 2736 970 2752 ,
991 2711 1046 2752 qui
1062 2711 1095 2742 et

69 2756 178 2788 munia
190 2756 322 2789 obibant
337 2757 480 2799 publica.
502 2760 628 2791 Horum
642 2768 717 2792 cum
733 2759 786 2791 alii
801 2759 946 2792 rhetores
960 2758 1094 2792 mentio—

69 2810 143 2835 nem
159 2802 295 2843 faciunt,
309 2803 381 2836 tum
396 2803 608 2837 Philochorus
623 2805 708 2838 libro
723 2808 827 2838 sexto.

109 2919 338 2957 Demosthenes
365 2920 399 2952 in
427 2870 849 2964 quartladghiilippicarum:
886 2924 1026 2964 «Atque
1053 2932 1093 2955 ex

70 2964 154 2996 terra
168 2965 330 3006 profectus
349 2968 398 2998 est
414 2975 538 2999 sacram
551 2967 674 3001 hahens
689 2969 830 3001 trierem.
846 2982 862 2997 »
881 2969 1030 3001 Paralum
1048 2969 1093 3001 di-

70 3018 142 3042 cere
163 3011 302 3052 videtur,
314 3014 351 3044 ut
365 3021 557 3054 cognoscere
570 3015 644 3047 licet
659 3024 734 3048 cum
750 3025 790 3048 ex
806 3017 1005 3057 Philochori,
1023 3019 1092 3048 tum

71 3055 216 3089 similiter
230 3067 270 3090 ex
295 3059 502 3093 Androtionis
515 3061 598 3094 libro
614 3065 718 3095 sexto.

111 3168 243 3200 Par-alus
258 3170 291 3201 et
306 3171 489 3213 Salaminia.
507 3174 641 3206 Paralus
661 3174 702 3206 ab
718 3175 815 3208 heroe
828 3176 970 3216 quodam
988 3175 1092 3216 patrio

68 3220 188 3246 nomen
204 3216 344 3257 accepit;
363 3218 467 3250 Parali
491 3221 523 3251 et
537 3220 718 3254 Salaminiae
741 3222 946 3263 Thucydides
962 3222 1092 3255 mentio-

72 3267 144 3292 nem
162 3260 238 3294 facit
251 3262 332 3295 libro
346 3265 453 3305 tertio,
471 3267 504 3298 et
519 3267 749 3309 Aristophanes
767 3269 798 3300 in
816 3269 950 3301 Avibus.
969 3269 1090 3300 Aristo-

72 3306 149 3340 teles
156 3309 359 3342 Amoriadem
369 3313 400 3343 et
414 3313 560 3346 Paralum
575 3317 743 3355 memorat,
755 3316 898 3357 itemque
908 3317 1088 3349 Dinarchus

1135 477 1226 530 ἔχων
1244 479 1382 533 τριήρη.
1397 498 1412 514 »
1433 478 1541 532 Λέγοι
1574 479 1615 519 ἂν
1634 479 1698 528 τὴν
1719 479 1907 533 Πάραλον,
1944 481 1991 524 ὡς
2014 481 2162 520 συνιδεῖν

1136 536 1228 576 ἔστιν
1252 537 1293 576 ἔκ
1326 555 1363 577 τε
1388 541 1449 586 τ’ἤς
1475 538 1675 594 Φιλοχόρου
1704 538 1764 578 καὶ
1784 541 1823 578 ἐκ
1842 541 1903 586 τῆς
1922 538 2162 593 Ἀνδροτίωνος

1137 596 1264 648 ὁμοίως
1278 595 1391 644 ἕκτης.
1477 601 1482 606 ’

1182 681 1184 683 v
1586 657 1657 694 130
1684 656 1723 694 b.

1189 717 1291 765 App.
1311 714 1439 752 Photii
1466 718 1624 753 Porson.
1642 729 1678 766 p.
1707 715 1798 763 676,
1827 729 1862 762 7,
1895 729 1922 754 s.
1943 729 1980 753 v.
2000 715 2167 770 Πάραλος

1137 773 1196 812 καὶ
1208 773 1410 825 Σαλαμινία
1422 788 1430 810 :
1490 772 1535 812 Ἡ
1553 772 1589 811 δὲ
1606 774 1770 828 Πάραλος
1787 773 1847 812 καὶ
1866 773 1936 813 ἀπό
1953 790 2044 819 τινος
2055 774 2168 828 ἥρωος

1139 831 1328 885 ἐπιχωρίου
1349 831 1478 878 ἐκλήθη
1492 848 1500 856 ·
1521 834 1582 878 τῆς
1602 831 1665 883 μὲν
1687 832 1856 884 Παράλου
1872 833 1930 871 καὶ
1947 833 2169 885 Σαλαμινίας

1140 892 1174 929 ἐν
1200 889 1300 943 τρίτῃ
1330 889 1542 942 μνημονεύει
1562 890 1801 938 Θουκυδίδης,
1834 891 1894 928 καὶ
1921 891 2170 946 Ἀριστοφάνης

1141 950 1175 987 ἐν
1199 948 1374 1002 Ὄρνισιν.
1394 948 1638 1004 Ἀριστοτέλης
1656 947 1692 987 δὲ
1713 949 1901 1002 Ἀμοριάδα
1919 950 1980 988 καὶ
2000 950 2169 1004 Πάραλον

1140 1000 1228 1046 οἶδε·
1248 1007 1309 1046 καὶ
1328 1007 1518 1062 Δείναρχος
1538 1009 1573 1046 ἐν
1594 1010 1644 1060 τῷ
1674 1006 1766 1046 κατὰ
1788 1009 2030 1062 Τιμοκράτους
2044 1025 2052 1033 ·
2076 1011 2171 1057 Στη-

1142 1066 1281 1120 σίχορος
1308 1065 1344 1105 δὲ
1382 1068 1417 1105 ἐν
1437 1070 1481 1120 τῇ
1514 1066 1547 1112 ς’
1565 1065 1732 1119 τέτταρας
1767 1065 1873 1110 αὐτὰς
1904 1060 1974 1105 οἶδε
1989 1098 1999 1116 ,
2030 1066 2172 1122 πρώτας

1143 1125 1205 1179 μὲν
1238 1125 1316 1175 δύο,
1339 1126 1529 1181 Ἀμοριάδα
1561 1125 1619 1164 καὶ
1639 1124 1820 1178 Πάραλον,
1839 1125 2116 1178 πρυσγενομένας
2135 1125 2172 1164 δὲ

1143 1185 1375 1240 Δημητριάδα
1389 1186 1450 1225 καὶ
1471 1183 1694 1225 Ἀντιδονίδα.

1197 1250 1272 1285 Pro
1309 1245 1526 1300 Στησίχορος
1558 1244 1760 1296 legendum
1790 1257 1872 1282 esse
1898 1244 2095 1298 Φιλόχορος
2127 1259 2174 1283 ex

1144 1306 1458 1357 Harpocrationis
1474 1305 1561 1344 loco
1580 1304 1696 1341 modo
1716 1302 1894 1347 laudato,
1910 1302 1949 1339 in
1970 1316 2047 1353 quo
2073 1303 2174 1341 idem

1144 1364 1243 1402 liber
1261 1365 1415 1412 citatur,
1429 1372 1544 1415 patet.
1558 1361 1769 1401 Ἀντιδονίδα
1791 1361 2019 1399 mutandum
2041 1362 2080 1398 in
2098 1361 2173 1400 Ἀν-

1145 1422 1311 1474 τιγονίδα.

1417 1481 1503 1518 131.
1534 1480 1704 1532 [Olymp.
1720 1482 1842 1526 CVII,
1862 1476 1908 1532 1.]

1199 1546 1361 1595 Dionys.
1382 1545 1503 1583 Halic.
1523 1553 1550 1583 t.
1573 1557 1608 1592 2,
1630 1558 1668 1594 p.
1685 1544 1786 1591 218,
1815 1548 1863 1587 40
1894 1541 1998 1592 Sylb.
2022 1543 2094 1581 :Oi
2113 1541 2175 1593 μὲν

1147 1606 1193 1648 εἷς
1210 1603 1334 1654 Σάμον
1353 1601 1607 1646 ἀποσταλέντες
1632 1603 1841 1655 κληροῦχοι,
1864 1599 1957 1638 κατὰ
1980 1604 2100 1639 τοῦτον
2117 1600 2176 1639 τὸν

1147 1662 1301 1717 ἄρχοντα
1323 1661 1601 1717 (Ἀριστόδημον)
1623 1660 1890 1709 ἀπεστάλησαν,
1917 1661 1964 1703 ὥς
1980 1658 2178 1714 Φιλόχορος

1146 1723 1181 1761 ἓν
1197 1727 1272 1765 ταῖς
1285 1720 1451 1774 ἱστορίαις
1460 1720 1565 1772 λέγει.

1423 1779 1508 1817 132.
1541 1780 1711 1830 [olymp.
1735 1780 1854 1825 (ΝΠ,
1878 1779 1932 1827 4.]

1199 1845 1361 1895 Dionys,
1386 1845 1472 1883 Hal.
1497 1852 1524 1881 t.
1548 1857 1585 1892 2,
1610 1857 1650 1893 p.
1682 1855 1771 1889 122,
1789 1843 1836 1879 32
1861 1842 1964 1892 Sylb.
1989 1836 2129 1885 εΟἷτος
2146 1842 2178 1894 (ὁ

1147 1902 1374 1946 Ὀλυνθιακὸς
1397 1901 1564 1953 πόλεμος)
1600 1900 1658 1939 ἐπὶ
1687 1900 1870 1951 Καλλιμώ
1887 1916 1925 1938 ου
1954 1899 2094 1951 γέγονεν
2114 1900 2178 1954 ἄρ-

1146 1971 1267 2009 χοντος
1278 1986 1288 2004 ,
1307 1958 1354 1999 ὡς
1373 1956 1471 2003 δηλοῖ
1485 1954 1683 2008 Φιλόχορος
1700 1955 1734 1991 ἐν
1755 1952 1787 1999 ς’
1809 1916 1920 2006 aldio
1939 1956 2002 2000 τῆς
2014 1953 2178 2003 Ἀτθίδος,

1144 2014 1236 2054 κατὰ
1251 2013 1341 2059 λέξιν
1356 2013 1447 2053 οὕτω
1466 2013 1609 2067 γράφων
1624 2029 1632 2036 ·
1654 2030 1668 2046 «
1683 2011 1913 2064 Καλλίμαχος
1928 2014 2155 2065 Περγασῆθεν
2166 2029 2175 2037 ·

1146 2073 1204 2113 ἐπὶ
1229 2073 1352 2112 τούτου
1379 2071 1569 2115 Ὀλυνθίοις
1587 2069 1862 2122 πολεμουμένοις
1891 2069 1958 2108 ὑπὸ
1974 2070 2177 2119 Φιλίππου,

1145 2132 1205 2172 καὶ
1223 2132 1386 2187 πρέσὸεις
1403 2131 1567 2178 Ἀθήναζε
1581 2129 1762 2182 πέμψασιν
1786 2131 1817 2167 οἱ
1836 2129 2010 2176 Ἀθηναῖοι
2029 2145 2178 2181 συμμα-

1146 2191 1227 2245 χίαν
1251 2206 1284 2229 τε
1308 2188 1518 2236 ἐποιήσαντο
1534 2188 1594 2227 καὶ
1609 2187 1768 2241 βοήθειαν
1790 2186 1965 2241 ἔπεμψαν,
1981 2186 2178 2232 πελταστὰς

1148 2249 1210 2301 μὲν
1230 2247 1439 2301 δισχιλίους,
1459 2246 1609 2300 τριήρεις
1625 2244 1661 2284 δὲ
1674 2245 1861 2299 τριάκοντα
1877 2245 1938 2289 τὰς
1955 2245 2043 2297 μετὰ
2056 2246 2179 2300 Χάρη-

1146 2323 1203 2351 τος
1216 2338 1227 2356 ,
1245 2306 1284 2350 ἃς
1299 2305 1358 2344 καὶ
1379 2304 1666 2358 συνεπλήρωσαν.
1691 2302 1867 2343 «Quem
1883 2303 2060 2349 διεξελθὼν
2077 2304 2178 2356 ὀλίγα

1147 2365 1191 2405 τὰ
1209 2364 1336 2417 μεταξὺ
1362 2362 1550 2415 γενόμενα,
1572 2362 1690 2410 τίθησι
1705 2362 1819 2401 ταυτί·
1830 2380 1846 2396 »
1871 2362 1960 2417 Περὶ
1984 2363 2020 2401 δὲ
2033 2363 2092 2402 τὸν
2111 2365 2178 2401 αὐ-

1147 2424 1205 2463 τὸν
1230 2423 1354 2478 χρόνον
1383 2421 1590 2462 Χαλκιδέων
1616 2423 1685 2460 τῶν
1706 2421 1762 2460 ἐπὶ
1792 2421 1938 2475 Θρᾴκης
1962 2421 2175 2472 θλιὸομένων

1149 2485 1200 2536 τῷ
1219 2481 1384 2535 πολέμῳ,
1411 2480 1471 2519 καὶ
1495 2479 1810 2535 πρεσὸευσαμένων
1845 2479 2030 2529 Ἀθήναζε,
2063 2479 2177 2533 Χαρί-

1154 2601 1231 2624 vero
1246 2591 1329 2623 libro
1354 2592 1446 2623 sexto
1468 2591 1609 2631 quatuor
1625 2591 1806 2628 memorat,
1829 2589 1910 2621 duas
1933 2589 2004 2620 illas
2028 2589 2150 2630 priores
2165 2613 2174 2629 ‚

1155 2639 1361 2672 Amoriadem
1390 2640 1423 2670 et
1437 2637 1598 2677 Paralum,
1613 2638 1729 2679 praeter
1748 2644 1866 2676 easque
1891 2636 2127 2668 Demetriadem
2143 2639 2177 2670 et

1154 2685 1389 2726 Antigenidem.

1195 2791 1320 2831 Coloni,
1337 2791 1393 2831 qui
1408 2790 1440 2821 in
1460 2791 1592 2822 Samum
1605 2737 1735 2820 (1163110.ῐί
1751 2788 1839 2827 sunt,
1853 2787 1916 2819 hoc
1931 2788 2084 2821 archonte
2097 2791 2176 2827 (Ari-

1154 2840 1312 2876 stodemo)
1332 2837 1424 2869 missi
1440 2839 1529 2876 sunt,
1545 2838 1583 2868 ut
1596 2836 1630 2867 in
1646 2834 1795 2867 Historiis
1809 2834 1908 2866 tradit
1920 2835 2144 2870 Philochorus.

1627 2890 1712 2922 132.

1195 2946 1264 2976 Hoc
1292 2942 1412 2974 bellum
1428 2939 1682 2982 (Olynthiacum)
1708 2940 1834 2980 gestum
1869 2946 1940 2971 esse
1977 2940 2175 2975 Callimacho

1153 2991 1286 3023 Athenis
1301 2990 1455 3021 archonte
1472 2988 1683 3020 Philochorus
1699 2988 1835 3018 testatur
1850 2986 1933 3018 libro
1946 2989 2039 3019 sexto
2054 2990 2174 3022 Rerum

1138 3038 1345 3074 ¹Atticarum,
1363 3036 1410 3067 sic
1425 3035 1570 3067 scribens
1589 3044 1596 3065 :
1617 3046 1633 3061 (ι
1654 3033 1872 3065 Callimachus
1893 3034 2090 3074 Pergasaeus.
2108 3036 2175 3068 Sub

1153 3084 1214 3115 hoc
1228 3091 1301 3114 cum
1319 3081 1479 3122 Olynthiis
1496 3081 1578 3113 bello
1593 3080 1714 3121 pressis
1728 3088 1747 3111 a
1762 3079 1919 3121 Philippo,
1934 3087 2037 3120 quum
2052 3077 2175 3118 legatos

1151 3130 1316 3162 misissent
1338 3129 1501 3167 Athenas,
1531 3127 1742 3159 Athenienses
1766 3126 1951 3159 societatem
1965 3125 2126 3165 inierunt,
2143 3127 2175 3157 et

1151 3176 1272 3208 auxilio
1293 3175 1450 3206 miserunt
1462 3173 1584 3215 pedites
1597 3173 1648 3205 bis
1663 3173 1762 3212 mille,
1780 3172 1924 3205 tn‘remes
1939 3181 2017 3204 vero
2031 3172 2173 3212 triginta,

1151 3231 1224 3263 quae
1239 3221 1370 3253 Chareti
1388 3221 1543 3261 parebant
1554 3243 1563 3259 ,
1579 3228 1661 3261 quas
1676 3222 1708 3252 et
1727 3219 1944 3260 impleverunt
1965 3218 2130 3251 militibus.
2155 3231 2171 3247 ιι

1150 3269 1229 3300 Post
1243 3276 1319 3300 vero
1335 3267 1458 3308 paucis,
1474 3275 1548 3307 quae
1560 3267 1682 3298 interea
1695 3268 1786 3307 gesta
1801 3269 1889 3307 sunt,
1903 3266 2088 3308 interjectis,
2105 3267 2174 3298 haec

1151 3314 1259 3346 addit:
1278 3326 1293 3341 «
1311 3313 1434 3345 Eodem
1451 3313 1522 3353 ipso
1534 3315 1679 3354 tempore
1698 3313 1965 3346 Chalcidensibus
1990 3314 2024 3346 in
2040 3314 2173 3347 Thracia

71 3353 253 3389 inoratione
266 3359 376 3390 contra
389 3359 613 3393 Timocratem.
625 3363 827 3395 Stesichorus
836 3363 1078 3401 (Philochorus)
1116 3363 1123 3389 Ι
1149 3362 1232 3394 bello
1242 3362 1416 3402 oppressis,
1430 3368 1531 3401 quum
1544 3360 1707 3393 misissent
1722 3361 1862 3394 Athenas
1871 3360 2003 3402 legatos,
2017 3360 2174 3394 miserunt
