2294 3704
934 141 999 179 DE
1028 142 1356 184 THEOPOMPO.

102 227 263 267 fortasse
280 230 485 281 conjuncta
500 236 609 266 erant
621 227 816 278 paradoxa
832 227 893 265 illa
911 227 957 265 de
970 228 1121 275 Bacide,

103 294 187 324 vate
205 289 351 326 Boeotio
371 287 433 340 (ir.
454 286 532 336 81).

153 348 254 383 Dum
268 347 348 384 haec
366 347 406 384 in
428 344 622 383 Thessalia
644 351 848 394 geruntur,
872 343 1122 384 Athenienses

101 409 208 442 omni
217 405 342 443 studio
354 403 587 450 nitebantur,
600 410 642 439 ut
654 402 799 440 bellum
814 410 947 439 contra
960 401 1121 439 rebelles

101 463 226 500 socios
259 475 389 514 pugna
422 461 549 499 navali
585 460 634 498 ad
673 461 819 498 exitum
853 460 1120 510 perducerent.

101 521 257 559 Chareti
283 521 546 572 adjunguntur
576 521 790 571 Iphicrates
821 528 860 557 et
898 520 1121 557 Timotheus

99 591 199 616 nova
217 592 305 616 cum
320 580 438 616 classe
451 586 490 615 et
503 587 655 628 aequato
670 578 836 628 imperio
849 591 859 623 ;
878 591 1014 615 verum
1030 590 1122 615 mox

99 637 259 685 Chares,
282 637 398 674 homo
425 636 690 685 turbulentus,
711 636 946 688 proditionis
972 637 1121 674 incusat

98 695 281 745 collegas,
293 709 390 746 quos
407 712 423 729 «
435 696 603 746 populus
622 709 722 743 acer,
736 695 934 746 suspicax,
952 695 1120 743 mobilis,

98 753 339 791 adversarius
355 754 510 792 invidus
532 754 647 791 etiam
664 755 846 805 potentiae
861 771 877 787 »
901 754 968 804 (sic
988 757 1120 804 Nepos

97 811 394 863 Theopompino
408 813 621 850 orationem
634 814 762 850 colore
774 811 951 863 induens)
962 812 1120 849 domum

99 879 266 917 revocat,
278 871 327 908 ab
350 884 509 909 munere
529 880 704 910 removet
724 880 762 909 et
793 880 952 922 argento
971 872 1118 909 multat.

98 929 248 967 Deinde
276 928 448 980 ejusdem
472 931 644 969 Charetis
669 930 930 981 imprudentia
953 929 1118 967 Artaba-

98 1003 184 1028 zum
223 998 357 1028 contra
386 1004 515 1042 regem
553 994 757 1029 Persarum
803 1004 890 1028 cum
929 990 1120 1028 universis

98 1048 220 1099 copiis
248 1048 439 1099 juvantis,
469 1049 720 1087 Athenienses
753 1049 1018 1096 adducuntur,
1051 1058 1118 1097 ut,

98 1107 213 1144 misso
231 1106 333 1144 bello
355 1109 508 1154 sociali,
526 1109 819 1159 ignominiosam
836 1122 924 1146 cum
945 1108 1118 1146 defecto-

97 1164 204 1203 ribus
233 1179 367 1216 pacem
399 1176 632 1218 componant
659 1168 734 1218 (Ol.
769 1168 863 1215 106,
896 1181 931 1205 2.
958 1167 1118 1206 Diodor.

97 1226 211 1272 XVI,
234 1237 304 1272 21,
336 1225 411 1275 29).
440 1229 497 1264 De
527 1226 587 1264 his
618 1226 713 1264 nihil
736 1226 889 1277 quidem
923 1227 963 1264 in
989 1227 1120 1264 Theo—

97 1283 233 1334 pompi
264 1283 484 1334 fragmentis
511 1285 695 1335 legimus,
729 1286 796 1324 sed
833 1286 923 1324 inde
957 1286 1119 1337 intelligi

96 1349 241 1391 potest,
273 1342 339 1392 qui
376 1343 519 1381 factum
540 1344 612 1391 sit,
647 1352 691 1381 ut
715 1344 808 1382 liber
830 1347 991 1383 decimus
1018 1353 1120 1383 totus

98 1401 201 1451 fere,
232 1409 275 1438 ut
313 1401 468 1439 videtur
481 1432 491 1450 ,
527 1411 748 1440 versaretur
781 1403 822 1440 in
859 1403 1120 1442 describendis

99 1459 274 1497 moribus
297 1468 336 1498 et
356 1460 486 1498 indole
510 1461 701 1509 virorum,
722 1463 789 1513 qui
808 1462 899 1500 inde
923 1477 944 1502 a
962 1463 1120 1501 Medicis

99 1518 336 1568 temporibus
362 1519 654 1557 Atheniensium
681 1520 961 1571 rempublicam
992 1522 1119 1559 admi-

95 1577 367 1616 nistraverunt.
388 1578 491 1615 lnter
503 1591 569 1616 eos
588 1579 823 1630 antiquiores
839 1580 944 1629 illos,
964 1589 1005 1618 ut
1020 1580 1122 1618 The-

98 1638 309 1675 mistoclem
338 1643 378 1675 et
411 1636 633 1684 Cimonem,
668 1637 826 1676 brevius
855 1639 1118 1686 recensuisse,

97 1696 216 1733 fusius
234 1704 362 1734 autem
379 1705 417 1734 et
431 1695 513 1735 sine
533 1695 654 1735 dubio
674 1697 794 1735 multa
808 1711 896 1736 cum
911 1698 1120 1736 acerbitate

97 1755 318 1805 exposuisse
335 1755 491 1794 videtur
505 1756 553 1794 de
572 1754 794 1808 demagogis
806 1757 960 1795 Eubulo
970 1787 981 1805 ,
1002 1757 1119 1796 Calli-

96 1820 239 1863 strato,
260 1813 420 1860 Cleone,
441 1814 684 1865 Hyperbole,
708 1815 813 1863 aliis;
845 1816 899 1854 ita
924 1825 967 1854 ut
988 1816 1119 1855 Schol.

97 1875 190 1910 Luc.
222 1872 284 1924 (fr.
318 1872 407 1923 102)
437 1873 540 1911 hunc
577 1873 722 1912 librum
757 1875 958 1926 designare
991 1884 1121 1927 posset

98 1930 226 1968 verbis
246 1945 254 1968 :
277 1932 312 1968 ἐν
333 1933 384 1984 τῷ
400 1931 480 1984 περὶ
501 1931 734 1984 δημαγωγῶν.

148 1991 260 2028 Libro
299 1993 488 2028 andecimo
526 1993 671 2030 mentio
714 1992 884 2043 injicitur
917 1993 1119 2040 Amadoci,

99 2050 198 2100 regis
219 2050 405 2088 Thraciae.
433 2051 608 2089 Redierit
629 2051 749 2102 igitur
768 2052 1047 2103 Theopompus
1071 2052 1119 2090 ad

98 2108 334 2159 Philippum,
344 2110 671 2160 conspirationem
688 2110 805 2159 illam,
820 2119 860 2148 ut
873 2120 968 2161 puto
979 2140 989 2159 ,
1002 2125 1120 2163 expo-

99 2180 214 2214 nens,
238 2180 352 2217 quam
378 2168 576 2207 Diodorus
608 2171 742 2220 (XVI,
773 2168 839 2221 22)
869 2171 997 2208 statim
1033 2179 1121 2221 post

101 2226 213 2263 linem
230 2225 321 2263 belli
337 2226 487 2264 socialis
502 2229 644 2278 posuit.
659 2232 870 2279 Quousque
886 2229 986 2267 liber
998 2231 1122 2280 perti—

100 2285 238 2332 nuerit,
258 2298 303 2322 ex
318 2285 412 2336 ipsis
431 2286 652 2336 fragmentis
672 2288 827 2338 quidem
846 2290 1024 2339 cognosci
1042 2303 1121 2327 non

101 2352 249 2393 potest;
282 2357 420 2381 verum
453 2359 574 2395 quum
606 2345 695 2383 libri
729 2355 952 2397 sequentes,
983 2348 1072 2386 inde
1101 2362 1123 2387 a

103 2402 334 2440 duodecimo
352 2417 474 2454 usque
500 2405 548 2442 ad
569 2405 760 2444 decimum
791 2415 970 2444 octavum
984 2434 994 2452 ‚
1017 2408 1123 2446 aliud

103 2461 215 2510 plane
232 2470 499 2512 argumentum
520 2463 705 2511 habeant,
725 2474 841 2516 atque
859 2465 959 2503 libro
974 2465 1123 2505 decimo

102 2532 224 2568 nono,
245 2521 314 2558 ubi
349 2521 398 2558 ad
429 2522 652 2574 Philippum
684 2524 913 2571 revertitur,
944 2538 1005 2562 res
1032 2540 1124 2564 nar-

105 2587 238 2616 rentur
253 2579 301 2617 ad
329 2581 389 2618 Ol.
422 2594 514 2629 107,
538 2595 559 2618 2
592 2595 672 2633 sqq.
700 2583 935 2634 pertinentes
966 2598 1040 2622 :ex
1065 2585 1125 2623 his

105 2637 244 2689 colligo
273 2638 374 2676 libro
410 2639 615 2678 undecimo
648 2654 709 2678 res
746 2642 917 2693 Philippi
954 2652 1125 2682 narratas

105 2708 186 2734 esse
205 2710 327 2747 usque
348 2697 397 2735 ad
413 2711 555 2735 annum
568 2728 579 2746 ‚
596 2713 674 2749 quo
693 2713 763 2751 per
786 2701 1066 2753 Thermopylas
1085 2704 1125 2741 in

107 2755 288 2793 Graeciam
309 2755 526 2807 irrumpere
548 2758 692 2805 voluit,
718 2759 788 2796 sed
817 2762 1024 2810 quominus
1053 2762 1127 2799 hoc

106 2812 140 2849 ei
165 2814 407 2861 successerit,
435 2813 484 2852 ab
515 2816 810 2855 Atheniensibus
837 2818 1047 2869 impeditus
1071 2828 1128 2858 est

108 2870 188 2920 (Ol.
211 2885 297 2919 107,
319 2872 367 2924 1).
384 2873 562 2922 Accedit,
588 2875 694 2925 quod
716 2875 787 2913 hac
813 2877 962 2915 ratione
980 2878 1126 2916 intelli-

107 2931 209 2981 gitur
230 2932 426 2982 quomodo
450 2934 498 2972 ad
520 2935 765 2985 sequentium
787 2936 977 2975 librorum
1007 2952 1126 2989 argu—

109 2997 279 3027 mentum
324 2991 599 3043 Theopompus
634 2994 839 3033 transierit.
881 2997 1032 3033 Etenim
1065 2998 1127 3036 Ol.

115 3060 202 3094 107,
222 3061 244 3085 2
262 3058 470 3088 renovatur
485 3050 628 3088 bellum
648 3055 847 3090 Persarum
868 3054 908 3090 in
930 3056 1129 3105 AEgyptios

111 3104 161 3142 ob
182 3106 383 3145 Phoeniciae
407 3108 676 3147 defectionem.
694 3112 775 3148 Hae
792 3111 907 3161 igitur
929 3113 1129 3151 occasione

112 3177 220 3211 usus,
265 3166 378 3205 libris
412 3171 651 3207 XII-XVIII
683 3170 814 3220 priora
847 3185 1000 3222 quoque
1030 3171 1130 3209 bella

111 3226 309 3262 Persarum
323 3235 456 3264 contra
471 3230 652 3277 Cyprum,
663 3228 857 3267 Phoenices
878 3238 916 3267 et
931 3231 1130 3281 AEgyptios

113 3291 296 3321 narravit.

166 3343 300 3390 {taque
334 3341 423 3378 libro
446 3345 652 3381 duodecimo
674 3344 841 3394 primum
865 3346 1023 3396 exponit
1047 3345 1130 3383 bel-

2098 156 2195 183 Lxxl

1181 230 1260 267 lum
1280 233 1483 281 Evagorae,
1504 243 1629 281 eoque
1645 231 1731 267 loco
1749 229 1789 266 in
1808 229 2064 279 antiquiorem
2081 231 2198 280 Cypri

1181 287 1313 325 insulae
1322 289 1522 326 historiam
1559 288 1782 340 digreditur;
1805 286 1943 324 deinde
1971 287 2117 325 accedit
2150 288 2198 326 ad

1181 344 1336 391 bellum,
1354 348 1456 397 quod
1466 348 1616 395 AcoriS,
1631 361 1698 385 rex
1711 346 1991 397 AEgypfiorum,
2006 346 2129 383 Persis
2144 346 2200 382 in-

1182 403 1268 450 fert,
1291 405 1399 454 cujus
1420 406 1554 444 ducem
1575 407 1663 444 fecit
1697 405 1904 444 Chabriam
1930 404 2198 442 Atheniensem

1181 462 1258 507 (Ol.
1283 475 1370 507 100,
1389 467 1437 510 4).
1453 465 1588 502 Acoris
1608 477 1728 514 quum
1746 463 1891 502 Pisidas
1911 463 1950 500 in
1970 462 2060 500 belli
2079 463 2198 500 socie-

1182 526 1297 557 tatem
1316 520 1539 570 advocaret,
1557 536 1658 560 nova
1680 523 1778 560 facta
1797 522 2051 573 digressione,
2068 521 2198 559 Theo-

1181 589 1349 628 pompus
1363 591 1441 615 non
1457 580 1581 617 solum
1596 581 1642 618 de
1654 581 1794 618 horum
1810 580 1968 630 regione
1981 609 1991 627 ,
2006 579 2071 617 sed
2084 580 2199 617 etiam

1181 635 1229 673 de
1242 637 1324 674 aliis
1338 637 1466 674 multis
1476 667 1485 685 ,
1501 651 1586 688 quae
1602 640 1649 676 ad
1665 640 1762 677 hanc
1772 640 1867 677 Asiae
1877 639 2036 677 Minoris
2051 647 2198 689 partem

1180 703 1381 745 spectant,
1405 696 1454 733 ad
1477 698 1741 747 antiquissima
1760 712 1863 749 saepe
1886 698 2094 736 ascendens
2120 711 2199 735 ser-

1180 765 1335 791 monem
1354 754 1520 791 instituit
1542 754 1594 802 (v.
1616 756 1663 793 fr.
1692 770 1706 791 1
1719 770 1732 792 1
1745 756 1791 805 x).
1814 756 1923 793 Libro
1941 758 2078 793 decimo
2098 761 2198 793 tertio

1180 811 1271 850 belli
1282 816 1485 850 Persarum
1501 821 1636 850 contra
1651 816 1790 851 Aeorin
1810 815 1979 852 narratio
1993 815 2199 852 resumitur

1182 871 1258 922 (Ol.
1285 885 1372 918 101,
1390 873 1424 909 3.
1446 871 1608 909 Diodor.
1623 874 1708 918 XV,
1727 885 1789 920 29,
1805 886 1839 909 ν.
1861 874 1908 910 fr.
1934 887 1947 908 1
1961 887 2003 920 17
2028 873 2075 912 de
2098 874 2199 912 Cha-

1180 929 1287 978 bria,
1309 930 1580 981 AEgyptiorum
1602 930 1712 967 classi
1731 931 1950 980 praefectus3
1976 932 2022 969 sr.
2052 933 2123 969 118
2153 932 2199 969 de

1180 990 1394 1040 Iphicrate,
1411 990 1652 1027 Persicarum
1677 990 1875 1039 copiarum
1901 990 2027 1040 duce).
2052 991 2199 1028 Eodem

1180 1047 1282 1085 libro
1298 1057 1475 1086 narratur
1491 1049 1652 1085 alterum
1669 1049 1887 1084 Artaxerxis
1905 1047 2045 1085 bellum
2066 1058 2200 1087 contra

1181 1106 1352 1144 Tachum
1370 1106 1442 1158 (01.
1470 1111 1555 1154 104,
1583 1107 1617 1143 3.
1640 1105 1802 1143 Diodor.
1818 1106 1902 1154 XV,
1920 1119 1969 1154 9o
1992 1120 2047 1156 sq.
2072 1120 2124 1155 v.,
2152 1109 2197 1145 sr.

1186 1178 1280 1214 119,
1314 1177 1386 1202 ι2ο
1418 1164 1466 1202 de
1489 1164 1695 1215 Agesilao).
1711 1185 1762 1192 —
1777 1163 1887 1200 Libro
1912 1166 2049 1200 decimo
2073 1175 2200 1214 quarto

1181 1223 1356 1273 sequitur
1376 1223 1595 1260 Artaxerxis
1609 1223 1710 1260 Ochi
1726 1222 1922 1273 expeditio
1939 1231 2071 1260 contra
2089 1224 2201 1261 Phoe-

1181 1282 1285 1320 uices
1318 1281 1397 1333 (01.
1430 1296 1499 1329 107
1511 1311 1522 1329 ,
1554 1281 1614 1332 2),
1649 1295 1764 1332 quam
1798 1281 1913 1318 etiam
1943 1281 2033 1318 libri
2065 1281 2201 1319 decimi

1182 1339 1308 1390 quinti
1334 1349 1483 1390 partem
1499 1340 1733 1378 absumsisse
1756 1340 1870 1377 docet
1890 1339 1935 1377 sr.
1959 1342 2046 1390 126,
2070 1339 2137 1377 ubi
2154 1341 2202 1378 de

1182 1398 1379 1449 opulentia
1404 1400 1611 1447 stratonis,
1646 1400 1745 1450 regis
1778 1399 2035 1438 Sidoniorum.
2057 1399 2202 1437 Eodem

1184 1456 1283 1495 libro
1302 1458 1380 1507 egit
1399 1457 1446 1495 de
1467 1457 1590 1505 bello,
1609 1458 1714 1509 quod
1728 1459 1767 1496 in
1782 1461 1909 1509 Cypro
1924 1466 2058 1495 eontra
2075 1471 2202 1509 regem

1182 1520 1381 1556 Persarum
1399 1519 1605 1556 conflatum
1622 1527 1690 1556 est.
1702 1519 1877 1570 (Diodor.
1892 1521 2002 1565 XVI,
2019 1518 2094 1569 42.)
2111 1522 2203 1568 Quae

1184 1577 1233 1615 de
1260 1579 1509 1617 Sidoniorum
1539 1580 1656 1626 luxu,
1684 1579 1919 1627 rebellione,
1949 1578 2203 1618 submissione

1184 1636 1300 1684 dixit,
1319 1650 1382 1683 ea,
1398 1638 1471 1675 nisi
1487 1638 1583 1675 fallit
1600 1651 1660 1675 me
1686 1637 1927 1688 conjectura,
1948 1651 2077 1675 ansam
2101 1651 2204 1688 prae—

1183 1693 1350 1733 buerunt
1366 1696 1531 1747 copiosae
1550 1697 1801 1747 disputationi
1821 1697 1868 1734 de
1884 1697 1968 1735 aliis
1983 1696 2204 1734 civitatibus

1183 1754 1344 1792 mollitie
1367 1764 1404 1792 et
1423 1756 1517 1792 luxu
1542 1754 1766 1805 deperditis.
1789 1755 1851 1792 Sic
1872 1754 2126 1805 Colophoniis
2141 1754 2201 1804 (fr.

1189 1814 1275 1864 129)
1293 1814 1446 1852 luxuria
1464 1814 1610 1851 exstitit
1631 1826 1763 1851 caussa
1784 1814 2017 1863 tyrannidis,
2044 1814 2204 1851 seditio-

1184 1888 1294 1922 num,
1311 1875 1445 1925 patriae
1461 1874 1651 1912 interitus.
1674 1874 1737 1912 Ad
1757 1874 1916 1912 similem
1933 1888 2015 1912 rem
2038 1875 2204 1925 pertinet

1184 1947 1302 1972 unum
1323 1934 1428 1985 quod
1442 1948 1490 1972 ex
1509 1933 1610 1971 libro
1638 1933 1785 1971 decimo
1805 1942 1912 1971 sexto
1929 1933 2112 1971 habemus
2132 1934 2204 1970 fra-

1185 2002 1384 2044 gmentum
1403 1993 1451 2030 de
1467 1993 1721 2043 Hegesilocho
1741 1992 1913 2038 Rhodio,
1933 1992 2086 2030 homine
2115 1991 2204 2029 libi-

1185 2054 1342 2102 dinoso,
1361 2054 1427 2104 qui
1443 2067 1529 2092 cum
1553 2052 1747 2091 sodalibus
1762 2052 2007 2103 oligarchiam
2026 2052 2202 2089 instituit.

1185 2115 1271 2151 Huc
1289 2113 1456 2164 denique
1472 2113 1616 2150 referre
1629 2112 1718 2150 licet
1733 2112 1778 2148 fr.
1795 2112 1864 2156 134
1878 2125 1926 2148 ex
1941 2111 2041 2148 libro
2056 2111 2203 2149 decimo

1185 2172 1349 2222 septimo
1364 2200 1375 2219 ,
1405 2171 1453 2209 de
1472 2172 1592 2209 servis
1622 2170 1820 2208 Chiorum.
1850 2192 1900 2199 —
1925 2169 2034 2206 Libm
2069 2173 2204 2207 decmzo

1184 2240 1305 2269 octavo
1331 2231 1475 2269 bellum
1503 2230 1729 2269 Artaxerxis
1757 2229 1856 2268 Ochi
1880 2238 2013 2267 contra
2045 2229 2204 2267 rebelles

1184 2291 1388 2341 AEgyptios
1407 2290 1481 2342 (Ol.
1514 2303 1601 2338 107,
1635 2288 1673 2340 3)
1696 2297 1891 2327 narratum
1910 2302 1992 2326 esse
2019 2289 2206 2326 indicatur

1186 2350 1230 2388 fr.
1259 2350 1330 2388 135
1361 2350 1409 2387 de
1439 2349 1679 2397 Nicostrato„
1707 2361 1823 2398 quem
1853 2348 2045 2386 exercitus
2069 2348 2203 2385 ducem

1186 2423 1254 2447 rex
1272 2408 1320 2446 ab
1338 2409 1489 2459 Argivis
1505 2407 1579 2445 sibi
1598 2407 1825 2457 expetierat.

1237 2468 1349 2505 Libro
1375 2469 1513 2504 decimo
1529 2480 1623 2503 nono
1637 2466 1736 2503 redit
1750 2465 1796 2503 ad
1810 2478 1869 2502 res
1884 2465 2065 2515 Philippi.
2076 2467 2203 2502 Unum

1186 2527 1292 2578 quod
1311 2540 1358 2564 ex
1378 2539 1425 2564 eo
1442 2527 1697 2576 fragmentum
1717 2533 1908 2562 servatum
1932 2532 2012 2569 est,
2035 2523 2083 2560 ad
2109 2523 2203 2560 illud

1187 2595 1338 2636 tempus
1358 2592 1525 2636 spectat,
1557 2597 1635 2634 quo
1658 2584 1880 2634 Philippus,
1905 2590 2107 2632 postquam
2137 2595 2205 2631 per

1186 2643 1465 2695 Thermopylas
1483 2643 1524 2680 in
1545 2642 1730 2681 Graeciam
1750 2649 1949 2691 penetrare
1975 2648 2203 2688 tentaverat,

1186 2703 1284 2741 male
1299 2701 1436 2740 habuit
1454 2701 1656 2739 Thessalos
1683 2708 1720 2737 et
1738 2699 1927 2736 hostiliter
1950 2699 2136 2736 tractavit.
2152 2721 2205 2727 —-

1188 2779 1204 2794 «
1219 2761 1313 2798 Inde
1343 2760 1379 2810 (a
1397 2758 1605 2808 Thessalia)
1634 2759 1673 2796 in
1699 2756 1939 2795 Chalcidicen
1963 2755 2118 2805 trajicit,
2138 2757 2205 2794 ubi

1186 2820 1288 2858 bello
1297 2820 1382 2871 pari
1402 2819 1562 2870 perfidia
1579 2826 1704 2867 gesto,
1723 2816 1920 2866 captisque
1939 2828 2008 2865 per
2022 2815 2152 2853 dolum
2168 2825 2206 2854 et

1188 2880 1322 2917 occisis
1342 2877 1514 2915 finitimis
1535 2876 1707 2926 regibus,
1730 2875 1947 2911 universam
1968 2875 2205 2924 provinciam

1187 2938 1350 2989 imperio
1378 2935 1609 2974 Macedoniae
1642 2933 1823 2983 adjungit.
1841 2949 1856 2966 υ
1879 2933 2016 2970 Justin.
2035 2935 2146 2984 Vltl,
2168 2936 2203 2971 3.

1187 2999 1278 3034 Haec
1314 2995 1405 3032 libro
1433 2998 1603 3030 vicesimo
1633 2999 1785 3028 narrata
1809 3004 1890 3028 esse
1914 2991 2128 3029 declaratur
2157 2993 2204 3031 fr.

1193 3057 1265 3103 139
1286 3062 1324 3091 et
1346 3053 1436 3096 138,
1456 3050 1523 3088 ubi
1552 3050 1684 3088 Sirrha
1702 3049 1794 3087 urbs
1811 3058 2056 3096 memoratur,
2071 3051 2205 3088 eadem

1188 3114 1322 3163 procul
1352 3110 1490 3157 dubio,
1509 3122 1623 3159 quam
1649 3109 1679 3147 Γ
1681 3108 1774 3161 είραν
1791 3109 1993 3147 nominans
2012 3112 2207 3148 Diodorus

1191 3172 1320 3222 (XVI,
1342 3167 1406 3219 52)
1426 3182 1448 3205 a
1466 3167 1647 3218 Philippo
1675 3166 1750 3218 (Ol.
1782 3181 1866 3216 107,
1888 3168 1926 3219 l.)
1956 3177 2106 3219 captam
2126 3183 2207 3207 esse

1190 3230 1292 3267 dicit.
1473 3249 1477 3252 -

1241 3287 1352 3323 Libro
1376 3290 1546 3323 viceszmo
1551 3289 1675 3335 primo
1692 3297 1713 3322 e
1731 3285 1890 3322 Thracia
1908 3294 2064 3336 repente
2086 3293 2207 3323 trans-

1190 3347 1372 3383 fretamur
1385 3345 1425 3382 in
1440 3344 1601 3382 Italiam.
1623 3347 1717 3392 Res,
1737 3344 1808 3381 nisi
1832 3344 1953 3391 fallor,
1977 3345 2030 3382 ita
2055 3344 2207 3382 confor-
