2320 3684
157 179 232 213 396

156 257 406 309 Ἀκαμαντίδος
433 258 650 309 Κεραμεῖς..
657 252 799 300 ..Φησὶ
814 250 850 290 δὲ
871 250 1106 305 Φιλόχορος’
1091 266 1126 289 εν
1142 252 1186 303 τῇ

154 317 256 371 τρίτῃ
269 348 278 366 ,
298 314 476 367 εἰληφέναι
495 313 635 356 τούτους
657 311 811 364 τοῦνομα
833 311 904 350 ἀπὸ
920 314 982 358 τῆς
996 313 1188 365 κεραμικῆς

156 376 284 430 τέχνης
298 407 308 425 ,
328 375 387 414 καὶ
406 377 467 412 τοῦ
485 372 576 411 θύειν
599 371 757 425 Κεράμῳ
780 370 848 409 τινὶ
870 369 973 424 ἥρωϊ.

639 435 701 474 73.

211 504 439 550 Harpocrat.
476 511 513 534 v.
535 494 789 538 Κολωναίταςε

159 557 386 599 Κολωναίτας
403 554 597 607 ὠνόμαζον,
629 553 750 601 ἐπειδὴ
770 554 867 607 παρὰ
893 569 944 606 τῳ
964 554 1118 592 Κολωνῶ
1139 555 1191 590 εἳ-

158 617 352 664 στήκασαν,
365 614 402 659 ὅς
413 616 487 653 ἐστι
507 612 656 661 πλησίον
667 616 730 665 τῆς
743 614 892 666 ἀγορᾶς,
915 611 996 650 ἔνθα
1008 628 1048 651 το
1063 593 1192 666 “Ηφαί-

158 690 268 715 στειον
290 674 350 712 καὶ
369 673 408 712 τὸ
433 671 617 726 Εὗρυσάκε
623 671 670 710 ιόν
688 673 794 711 ἐστιν.
820 671 1006 711 Ἐκαλεῖτο
1022 670 1059 710 δὲ
1075 674 1094 710 ὁ
1119 673 1195 710 Κο-

158 733 267 777 λωνὸς
299 737 396 776 οὗτος
428 734 601 785 ἀγοραῖος.
630 724 702 771 ῗΗν
732 730 769 769 δὲ
800 730 858 769 καὶ
883 729 996 784 ἔτερος
1033 729 1195 773 Κολωνὸς

158 792 244 846 πρὸς
259 791 298 830 τὸ
311 807 372 830 του
398 792 617 835 Ποσειδῶνος
633 789 779 845 ἱερόν...
783 789 910 843 ,Περι
930 792 999 828 τῶν
1020 790 1194 828 Κολωνῶν

160 850 334 903 Διόδωρός
352 866 389 888 τε
407 853 424 889 δ
440 849 656 902 περιηγητὴς
673 849 732 888 καὶ
752 819 986 903 Φιλόχορος’
970 864 1005 888 εν
1027 850 1071 901 τῇ
1096 847 1194 902 τρίτῃ

161 909 312 953 Ἀτθίδος
333 908 520 957 διεξῆλθεν.

644 962 708 1001 74.

216 1025 406 1072 Harpocr.
426 1036 464 1060 v.
493 1020 650 1068 Μελίτης
734 1019 854 1072 Δῆμός
875 1021 949 1058 ἐστι
972 1022 1035 1067 τῆς
1064 1020 1198 1072 Κεκρο-

163 1079 283 1123 πίδος·
309 1081 502 1127 κεκλῆσθαι
533 1078 575 1118 δέ
609 1095 695 1134 φησι
720 1078 778 1118 τὸν
810 1079 921 1130 δῆμον
943 1076 1142 1131 Φιλόχορος
1161 1078 1196 1114 ἐν

161 1138 262 1192 τρίτῃ
296 1138 366 1176 ἀπὸ
397 1138 552 1185 Μελίτης
576 1137 765 1192 θυγατρὸς,
804 1136 896 1176 κατὰ
922 1135 986 1189 μὲν
1020 1136 1197 1185 Ἡσίοδον,

163 1196 384 1251 Μύρμηκος,
413 1197 507 1238 κατὰ
534 1197 571 1235 δὲ
596 1199 789 1245 Μουσαῖον,
818 1195 903 1235 Δίου
929 1199 988 1234 τοῦ
1014 1194 1195 1234 Ἀπόλλω-

163 1276 232 1304 νος.

655 1309 717 1347 75.

220 1377 412 1424 Harpocr.
436 1384 474 1408 v.
511 1368 660 1416 Οἴηθενε
741 1369 862 1418 Δῆμος
885 1368 948 1413 τῆς
975 1364 1201 1409 Πανδιονίδος

165 1435 187 1478 ἡ
213 1430 305 1480 Οἴη,
335 1433 382 1474 ὡς
410 1428 604 1481 Διόδωρος,
699 1425 899 1478 Φιλόχορος
926 1425 956 1463 δ’
979 1426 1014 1463 ἐν
1033 1427 1077 1478 τῇ
1100 1424 1199 1478 τρίτῃ

164 1489 228 1537 τὴν
245 1489 336 1537 Οἴην
351 1488 515 1543 Κεφάλου
536 1485 598 1538 μὲν
617 1483 807 1538 θυγατέρα,
822 1484 986 1538 Χάροπος
1003 1482 1040 1522 δὲ
1053 1489 1201 1535 γυναῖκα

164 1551 304 1603 ἱστορεῖ.

218 1608 356 1647 Suidas
374 1607 409 1646 h.
430 1621 467 1645 v.
487 1605 698 1644 etPhotius
715 1607 808 1642 Lex.
824 1617 863 1654 p.
887 1605 963 1641 232
985 1603 1067 1641 haec
1087 1617 1201 1654 repe-

167 1676 273 1705 tunt:
299 1668 364 1705 sed
383 1680 456 1718 pro
477 1662 640 1718 Χαρόπος
663 1664 728 1701 ille
749 1663 904 1701 exhibet
918 1661 1121 1716 Χαρίππου,
1140 1663 1202 1701 hic

166 1725 346 1780 Χαρόπου,

656 1782 719 1821 76.

219 1852 409 1900 Harpocr.
429 1862 468 1887 v.
493 1840 599 1887 Οἰονε
656 1845 909 1898 ,Δῆμοίεῖσιν
932 1845 967 1883 ἐν
996 1847 1052 1905 τῇ
1060 1844 1200 1897 Ἀττικῇ

166 1908 273 1946 διττοὶ
294 1906 479 1961 οὐδετέρως
499 1905 708 1957 λεγόμενοι,
725 1905 917 1942 καλουνται
940 1902 978 1941 δὲ
1002 1896 1102 1942 Οἰον,
1129 1905 1202 1941 Κε-

166 1966 318 2013 κλῆσθαί
336 1981 439 2019 φησιν
460 1964 552 2003 οὕτω
577 1964 774 2018 Φιλόχορος
805 1965 839 2001 ἐν
866 1965 908 2015 τῇ
932 1961 1199 2014 τρισκαιδεκάτῃ

167 2026 224 2064 διὰ
242 2041 282 2063 το
305 2026 478 2076 μηδαμῶς
499 2024 678 2071 εὗοίκητον
702 2022 808 2061 τόπον
832 2021 943 2074 ἔχειν,
968 2019 1059 2059 ἀλλὰ
1086 2035 1201 2072 μεμο-

166 2086 308 2122 νῶσθαι.
325 2083 378 2123 Τὸ
394 2082 461 2137 γὰρ
481 2081 583 2133 μόνον
608 2085 679 2120 οἷον
704 2081 850 2120 ἐκάλουν
865 2082 929 2118 οἱ
911 2085 1065 2134 αρχαῖοι.

221 2148 296 2182 Pro
313 2141 584 2197 τρισκαιδεκάτῃ
600 2141 804 2192 legendum
822 2140 979 2178 videtur
993 2138 1109 2192 τρίτῃ.

167 2298 225 2321 rus
241 2297 318 2320 vero
334 2289 447 2319 auctor
462 2287 495 2318 in
508 2286 616 2326 tertio,
633 2294 688 2318 eos
700 2293 819 2317 nornen
835 2284 960 2325 cepisse
983 2283 1024 2316 ab
1040 2285 1108 2317 arte
1123 2283 1199 2325 ligu-

167 2336 245 2376 lina,
263 2337 296 2367 et
310 2334 399 2376 quod
431 2342 522 2366 sacra
535 2333 654 2366 faciant
670 2335 808 2366 ceramo
825 2332 954 2370 cuidam
967 2331 1067 2364 heroi.

210 2445 426 2479 Mercenarios
441 2445 606 2478 vocabant
613 2444 808 2483 colonaetas,
822 2443 976 2484 quoniam
990 2443 1032 2475 ad
1039 2443 1199 2475 Colonum

167 2494 298 2526 stabant
306 2493 400 2534 juxta
415 2493 543 2532 sorum,
564 2492 621 2524 ubi
636 2491 775 2524 Vulcani
795 2491 954 2532 templum
981 2492 1031 2522 est
1054 2492 1087 2522 et
1099 2493 1200 2530 Eury-

167 2541 263 2580 sacis,
282 2540 399 2581 hicque
415 2540 559 2573 colonus
573 2539 680 2571 dictus
696 2538 852 2580 ἀγοραῖος.
871 2537 946 2569 Fuit
967 2537 1054 2568 enim
1069 2539 1101 2569 et
1119 2537 1200 2568 alter

168 2587 211 2619 ad
223 2587 336 2619 fanum
358 2586 511 2627 Neptuni.
532 2588 579 2618 De
607 2585 740 2619 colonis
762 2585 879 2624 praeter
895 2583 1075 2615 Diodorum
1097 2583 1200 2615 Perie-

167 2638 273 2676 getam
287 2635 498 2667 Philochorus
513 2634 578 2675 egit
592 2634 627 2665 in
644 2632 789 2666 Atthidis
804 2631 886 2663 libro
898 2631 1006 2663 tertio.

211 2746 340 2779 Melite.
416 2747 474 2778 Est
487 2744 677 2786 Cecropidis
694 2743 799 2776 tribus
815 2742 966 2784 populus,
982 2751 1080 2783 quem
1096 2742 1200 2775 Philo-

170 2794 290 2825 chorus
305 2793 388 2825 libro
410 2793 506 2825 tertio
518 2801 639 2824 nomen
655 2791 817 2832 accepisse
833 2789 945 2822 scribit
960 2799 980 2822 a
994 2789 1104 2822 Melite
1119 2791 1201 2830 Myr-

169 2839 269 2871 mecis
285 2839 361 2879 filia,
377 2839 559 2872 secundum
574 2839 766 2878 Hesiodum,
783 2837 857 2878 vel,
879 2839 917 2869 ut
931 2838 1075 2870 Musaeus
1090 2835 1198 2877 tradit,

171 2887 236 2927 Dii,
252 2887 410 2928 Apollinis
423 2886 491 2919 filii.

658 2946 720 2979 75.

218 3001 289 3038 OEe,
314 2998 454 3039 populus
482 2997 691 3031 Pandionidis
709 2997 825 3036 tribus,
844 2998 974 3028 auctore
988 2995 1138 3028 Diodoro.

172 3045 384 3078 Philochorus
407 3046 489 3077 libro
515 3046 611 3078 tertio
632 3047 716 3078 OEen
738 3043 873 3085 Cephali
893 3043 1014 3082 filiam,
1042 3043 1202 3084 Charopis

173 3093 342 3132 conJugem
358 3093 459 3126 tuisse
472 3097 640 3126 memorat.

659 3154 678 3185 7
685 3152 706 3184 6
712 3177 720 3186 .

220 3203 334 3233 OEum.
408 3205 480 3235 Duo
497 3206 574 3237 sunt
586 3205 620 3236 in
635 3205 742 3236 Attica
755 3204 864 3245 populi
879 3203 995 3235 neutro
1002 3211 1116 3243 genere
1124 3202 1202 3237 dicti

173 3250 273 3280 OEuni
286 3260 294 3286 ;
312 3257 367 3280 eos
383 3249 429 3281 sic
440 3253 572 3283 vocatos
581 3260 652 3283 esse
664 3251 778 3283 scribit
790 3250 1000 3283 Philochorus
1013 3249 1095 3281 libro
1107 3251 1203 3282 tertio

173 3292 336 3334 [decimo],
348 3295 433 3334 quod
443 3297 590 3328 essentin
602 3297 672 3328 loco
686 3297 724 3329 ad
741 3295 987 3329 inhabitandum
1000 3303 1203 3336 nequaquam

172 3341 355 3380 commodo,
373 3342 429 3372 sed
454 3343 595 3383 deserto;
622 3344 741 3385 quippe
762 3345 827 3376 οἷον
850 3342 1012 3376 veteribus
1028 3342 1115 3375 idem
1135 3346 1204 3375 erat

173 3386 259 3428 quod
276 3387 381 3428 μόνον,
405 3389 528 3421 solum.

875 164 1195 205 PHILOCHORI
1229 163 1558 206 FRAGMENTA.

1733 251 1796 290 77.

1300 305 1431 356 Steph.
1462 308 1552 355 Byz.
1582 319 1617 342 v.
1645 303 1792 352 Ξυπέτη
1816 319 1825 341 :
1921 306 2041 357 Δῆμος
2062 307 2279 361 Κεκροπίδος

1246 363 1366 416 φυλῆς.
1386 362 1432 404 ‘O
1455 363 1608 415 δημότης
1625 362 1826 410 Ξυπετεών,
1837 365 1883 408 ὡς
1900 364 2087 408 Μακεδών.
2106 367 2160 407 Τὸ
2175 384 2280 408 τοπι-

1247 420 1330 469 κὸν,
1362 421 1457 459 ἐκ“““
1426 421 1675 460 ὴυπετεώνων.
1696 421 1945 477 ...Φιλόχορος
1981 422 2018 462 δὲ
2049 425 2279 466 Ξυπετέωνον

835 492 957 537 .Τους
999 492 1192 546 μισθωτους
1247 479 1306 518 τὸν
1333 479 1443 531 δῆμόν
1468 495 1553 534 φησι
1577 479 1634 518 διὰ
1659 485 1718 519 τοῦ
1734 496 1763 518 ω
1786 481 1845 519 καὶ
1861 485 1921 520 τοῦ
1946 497 1964 520 ο
1981 488 2106 537 μικροῦ
2121 486 2155 523 ἐν
2174 483 2279 524 τέλει.

1304 586 1488 637 Stephan.
1504 590 1615 637 Byz.:
1635 564 1867 638 Σημαχίδαι,
1889 588 1998 639 δῆμος
2025 588 2177 634 Ἀττικὸς
2212 590 2283 630 ἀπὸ

1252 644 1446 720 Σημάχου,
1473 638 1502 698 ᾧ
1526 645 1586 683 καὶ
1611 651 1686 689 ταῖς
1706 644 1913 699 θυγατράσιν
1943 646 2134 696 ἐπεξενώθη
2156 648 2284 688 Διόνυ-

1252 719 1321 750 σος,
1339 703 1400 757 ἀφ’
1418 697 1466 742 ων
1491 706 1526 742 αἱ
1545 706 1666 758 ἱερεῖαι
1687 706 1804 742 αὐτοῦ.
1826 703 1934 744 ''Eo-rr.
1948 705 1984 744 δὲ
2005 709 2068 754 τῆς
2079 707 2285 760 Ἀντιοχίδος

1252 764 1374 816 φυλῆς.
1411 761 1611 817 Φιλόχορος
1633 762 1670 800 δὲ
1697 765 1759 810 τῆς
1787 763 1986 818 Ἐπακρίας
2013 765 2098 819 φησὶ
2125 765 2184 805 τὸν
2213 766 2282 814 δῆ-

1254 837 1330 872 μον.

1718 874 1766 912 79
1795 889 1827 913 a.

1308 928 1432 966 Photii
1450 932 1543 967 Lex.
1565 927 1614 966 ab
1640 931 1769 966 Herm.
1790 929 1849 967 ed.
1869 943 1907 980 p.
1930 932 1997 968 131
2015 945 2022 967 :
2044 930 2206 984 Κρηπὶς,
2225 930 2289 970 τό-

1255 1002 1317 1029 πος
1333 986 1515 1033 Ἀθήνησιν
1531 1003 1538 1010 ·
1555 985 1646 1024 οὕτω
1663 985 1871 1041 Φιλόχορος.

1309 1046 1458 1083 Bastius
1475 1047 1512 1083 in
1535 1048 1747 1084 Comment.
1769 1047 2030 1098 palaeograph.
2059 1048 2108 1086 ad
2128 1050 2288 1100 Gregor.

1256 1106 1428 1144 Corinth.
1450 1118 1489 1155 p.
1509 1105 1585 1142 828
1606 1118 1654 1142 ex
1671 1105 1836 1154 Etymol.
1874 1106 1994 1145 Paris.
2025 1107 2127 1144 2630
2165 1119 2290 1157 gram·

1255 1164 1434 1202 maticum
1455 1163 1526 1200 hoc
1546 1163 1799 1213 fragmentum
1814 1164 1999 1213 protulit:
2018 1163 2212 1219 Ἀστεμφὴς
2230 1165 2292 1204 καὶ

1257 1220 1480 1275 ἀστεμφέως,
1502 1219 1784 1271 ἀμετακινήτως,
1805 1222 1980 1274 ἰσχυρῶς,
1980 1221 2100 1295 ωπαρὰ
2115 1223 2156 1262 τὸ
2175 1223 2291 1276 στέμ-

1257 1280 1332 1329 Gon,
1353 1279 1371 1318 ὃ
1391 1279 1557 1330 σημαίνει
1578 1279 1618 1317 τὸ
1642 1285 1749 1317 κινεῖν
1767 1295 1938 1331 συνεχως·
1962 1284 2002 1319 οὓ
2029 1281 2207 1334 μέμνηται
2225 1285 2292 1322 Αἷ-

1257 1338 1407 1392 σχύλος·
1429 1332 1659 1390 ἀστεμὸὴς
1620 1342 1678 1376 οὖν
1695 1340 1746 1376 δ’
1727 1338 1886 1386 ακίνητος
1900 1338 1959 1377 και
1975 1340 2167 1395 ἀστεμφής,
2185 1340 2293 1382 Οὕτω

1257 1397 1466 1450 Φιλόχορος.

1722 1450 1772 1488 79
1800 1450 1838 1488 b.

1312 1503 1492 1556 Append.
1526 1503 1653 1542 Photii
1682 1507 1841 1542 Porson.
1863 1517 1902 1555 p.
1927 1505 2016 1555 675,
2044 1519 2110 1544 12:
2133 1505 2290 1559 Φιλόχο-

1261 1626 1315 1665 ρος
1335 1609 1507 1649 ἐκτίθεται
1523 1609 1581 1648 τὸν
1603 1609 1837 1663 ὀστρακισμὸν
1858 1611 1893 1648 ἐν
1911 1612 1954 1662 τῇ
1976 1573 2168 1663 γίηγράφων
2187 1611 2291 1651 οὕτω·

1260 1687 1274 1703 «
1292 1671 1560 1722 Προχειροτονεῖ
1577 1667 1638 1719 μὲν
1663 1671 1682 1707 ὁ
1702 1669 1811 1719 δῆμος
1827 1667 1896 1722 πρὸ
1912 1671 1974 1715 τῆς
1991 1667 2027 1717 η’
2037 1669 2246 1723 πρυτανείας
2263 1673 2293 1709 εἷ

1260 1730 1353 1766 δοκεῖ
1369 1728 1408 1766 τὸ
1427 1727 1597 1781 ὄστρακον
1612 1729 1706 1781 εἷσφε
1699 1727 1802 1780 ’ρειν·
1826 1726 1884 1766 ὅτε
1907 1726 1943 1765 δὲ
1971 1728 2064 1766 δοκεῖ
2073 1728 2293 1782 ,ἐφράσσετο

1260 1786 1394 1824 σανίσιν
1413 1789 1435 1833 ἡ
1454 1785 1564 1838 ἀγορὰ
1598 1785 1657 1823 καὶ
1692 1785 1939 1824 κατελείποντο
1964 1785 2090 1824 εἴσοδοι
2119 1786 2222 1836 δέκα,
2248 1789 2293 1826 δι’

1258 1848 1307 1883 ὡν
1348 1843 1509 1888 εἰσιόντες
1550 1843 1642 1882 κατὰ
1670 1843 1780 1897 φυλὰς
1831 1843 1987 1883 ἐτίθεσαν
2021 1843 2066 1882 τὰ
2110 1844 2266 1898 ὄστρακα
2281 1877 2291 1895 ,

1259 1902 1462 1957 στρέφοντες
1480 1902 1578 1950 τὴν’
1563 1902 1771 1957 επιγραφήν
1791 1902 2031 1942 Ἐπεστάτουν
2049 1901 2085 1942 δὲ
2098 1902 2134 1942 οι
2144 1920 2183 1943 τε
2193 1904 2292 1944 ἐννέα

1259 1962 1424 2015 ἄρχοντες
1442 1978 1502 2000 και
1516 1965 1538 2009 ἡ
1558 1961 1666 2014 βουλή
1679 1978 1687 1985 ·
1707 1961 2002 2016 διαριθμηθέντων
2019 1961 2056 2000 δὲ
2073 1961 2130 2001 ὅτε
2143 1965 2292 2003 πλεῖστα

1258 2021 1394 2073 γένοιτο
1407 2021 1466 2059 καὶ
1487 2020 1536 2074 μὴ
1560 2020 1697 2059 ἐλάττω
1716 2020 1976 2073 ἑξακισχιλίων,
2014 2025 2137 2060 τοῦτον
2157 2021 2226 2060 ἔδει
2247 2021 2292 2061 τὰ

1260 2055 1378 2118 δίκαια
1400 2078 1503 2118 δόντα
1522 2079 1582 2117 καὶ
1607 2077 1761 2117 λαὸόντα
1782 2078 1870 2132 ὑπὲρ
1899 2082 1967 2118 τῶν
1999 2079 2094 2118 ἰδίων
2113 2081 2291 2119 συναλλα-

1258 2138 1403 2191 γμάτων
1432 2139 1466 2176 ἐν
1491 2138 1576 2176 δέκα
1591 2137 1739 2192 ἡμέραις
1760 2141 1976 2189 μεταστῆναι
1994 2141 2056 2186 τῆς
2079 2139 2214 2184 πολεως
2229 2138 2290 2188 ἔτη

1747 2292 1791 2324 77

1303 2355 1442 2395 Xypete.
1515 2353 1660 2394 Populus
1678 2353 1868 2395 cecropidis
1886 2353 2004 2387 trihus.
2021 2354 2170 2394 Gentile,
2187 2356 2292 2396 Xype-

1258 2402 1327 2441 teo,
1346 2403 1383 2433 ut
1392 2401 1544 2440 Macedo;
1567 2400 1680 2439 locale,
1699 2409 1739 2433 ex
1755 2402 1981 2442 Xypeteonum
1998 2400 2127 2442 populo.
2138 2401 2291 2434 —Philo-

1258 2448 1385 2526 51¹3?ss
1394 2449 1696 2527 {lei-Egypeteonon
1729 2450 1825 2480 vocat
1843 2447 1999 2489 populum
2011 2456 2068 2489 per
2082 2456 2103 2480 o
2117 2455 2209 2488 mega
2225 2450 2257 2481 et
2270 2456 2290 2480 ο
2309 2507 2312 2510 ⁴

1741 2548 1802 2580 78.

1300 2613 1524 2645 Semachidae.
1589 2612 1730 2653 populus
1743 2611 1886 2651 Atticus,
1905 2620 1926 2645 a
1940 2611 2095 2645 Semacho
2106 2634 2116 2651 ,
2134 2611 2191 2653 qui
2212 2619 2290 2644 cum
2318 2647 2320 2650 ,

1259 2657 1387 2690 filiabus
1405 2659 1584 2699 Dionysum
1595 2658 1734 2699 hospitio
1749 2667 1922 2698 excepere,
1933 2667 2032 2699 quare
2055 2657 2106 2690 hae
2123 2657 2223 2699 ipsius
2241 2666 2290 2690 sa-

1259 2704 1416 2736 cerdotes.
1430 2706 1490 2736 Est
1502 2713 1578 2736 vero
1591 2704 1730 2745 populus
1743 2704 1943 2736 Antiochidis
1955 2704 2069 2736 tribus.
2077 2705 2291 2738 Philochorus

1258 2751 1404 2792 Epacriae
1419 2751 1464 2783 ait
1479 2751 1566 2783 hunc
1581 2759 1651 2784 esse
1665 2751 1833 2792 populum.
2300 2758 2310 2770 ἐ

1715 2815 1765 2848 79
1795 2821 1830 2848 θ..

1304 2886 1440 2926 Crepis,
1453 2885 1545 2917 locus
1561 2884 1595 2916 in
1613 2884 1812 2917 Athenarum
1828 2883 1919 2924 urbe,
1936 2888 1972 2916 ut
1990 2884 2211 2917 Philochorus.

1712 2949 1760 2981 79
1784 2943 1823 2982 b.

1301 3012 1515 3045 Philochorus
1528 3011 1660 3052 exponit
1675 3010 1716 3043 de
1731 3011 1921 3043 ostracismo
1936 3011 2019 3043 libro
2031 3011 2136 3051 tertio,
2151 3011 2197 3043 ita
2210 3010 2287 3043 scri·

1260 3059 1354 3092 bens:
1363 3071 1379 3087 «
1388 3061 1470 3091 Ante
1485 3061 1633 3090 octavam
1646 3058 1826 3099 prytauiam
1834 3059 1973 3099 populus
1981 3057 2139 3099 suffragiis
2154 3056 2287 3090 latisdo·

1260 3108 1380 3147 cernit,
1394 3107 1422 3139 si
1439 3106 1666 3138 ostracismum
1684 3114 1831 3138 exercere
1852 3106 1930 3137 velit
1946 3115 1954 3137 :
1971 3105 2058 3146 quod
2077 3105 2105 3137 si
2128 3106 2287 3137 statutum

1261 3156 1358 3194 esset,
1372 3154 1479 3186 sorum
1489 3153 1637 3185 cancellis
1647 3153 1955 3194 circumsepiebatur
1967 3155 2000 3185 et
2012 3152 2123 3184 decem
2133 3151 2286 3192 relinque-

1260 3201 1377 3234 bantur
1391 3201 1515 3239 aditus,
1530 3209 1586 3241 per
1602 3209 1685 3241 quos
1701 3200 1850 3232 tributim
1865 3200 2080 3241 ingredientes
2097 3195 2295 3231 testularum‘
2314 3207 2315 3211 ¹

1262 3247 1578 3290 suffragiaserehant,
1593 3255 1712 3279 nomen
1722 3247 1914 3288 inscriptum
1923 3248 2114 3279 avertentes.
2125 3245 2286 3281 Praeerant

1261 3297 1337 3329 huic
1343 3295 1469 3337 negotio
1475 3303 1592 3327 novem
1600 3294 1769 3326 archontes
1777 3296 1809 3326 et
1824 3297 1974 3334 senatus;
1983 3293 2111 3326 testulis
2124 3290 2294 3334 computa·v

1261 3344 1303 3375 tis
1319 3343 1347 3375 is
1359 3351 1457 3384 quem
1473 3342 1622 3383 pleraque
1630 3340 1784 3381 suffragia
1798 3340 1974 3382 etquidem
1987 3349 2051 3372 nou
2065 3339 2216 3381 pauciora
2226 3344 2284 3369 sex
2303 3338 2307 3341 “

1262 3390 1405 3423 millibus
1421 3389 1656 3430 designassent,
1679 3387 1815 3421 debebat
1828 3389 1914 3421 intra
1929 3387 2089 3420 decimum
2106 3386 2190 3419 diem
2204 3383 2298 3419 urbe.
