2320 3684
861 159 1059 198 XANTffl
1088 159 1418 198 FRAGMENTA.
2145 164 2194 199 39

91 252 361 306 γαστρίμαργον·
383 253 502 288 τοῦτον
518 242 576 286 οῧν
593 261 678 284 ποτε
692 244 812 288 νυκτὸς
830 244 894 291 τὴν
913 247 1038 283 ἑαυτοῦ
1057 261 1114 296 γυ-

90 315 194 348 ναῖκα
210 307 583 362 κατακρεουργήσαντα
601 309 827 357 καταφαγεῖν·
847 302 966 341 ἔπειτα
990 299 1084 355 πρωῒ
1103 333 1113 350 ,

91 370 234 424 εὑρόντα
249 369 313 417 τὴν
325 374 427 422 χεῖρα
445 370 507 413 τ’ῆς
521 363 682 417 γυναικὸς
701 365 843 402 ἐνοῦσαν
860 362 895 401 ἐν
911 365 962 416 τῷ
978 362 1114 413 στόμα-

89 445 136 477 τι,
165 427 286 467 ἑαυτὸν
308 423 507 479 ἀποσφάξαι
525 421 735 477 περιὸοήτου
753 424 815 468 τῆς
833 419 990 475 πράξεως
1010 435 1110 471 γενο-

91 486 207 538 μένης-

143 548 256 584 «Haec
287 543 419 582 eadem
431 542 634 592 exscripsit
652 540 833 579 Nicolaus
857 542 1116 578 Damascenus

89 618 128 655 p.
161 604 211 642 36
240 603 372 648 Orell.‚
409 601 550 639 additis
572 609 700 638 tamen
721 597 930 649 nonnullis,
961 611 1047 649 quae
1067 598 1115 635 ab

89 662 278 700 Athenaeo
301 660 662 711 praetermittuntur.
690 657 867 696 Hominis
897 669 1038 694 nomen
1061 655 1115 693 ibi

88 728 146 758 est
161 717 382 769 Καμὸλίτας.
400 718 574 756 AElianus
605 718 666 770 (V.
686 720 733 755 H.
754 720 784 763 Ι,
798 715 877 767 27),
895 715 961 766 qui
982 715 1114 752 eadem

87 779 127 816 in
166 776 382 831 ἀδδηφαγίας
418 777 605 827 exemplis
638 776 783 828 posuit,
819 774 983 814 eundem
1022 774 1115 811 dicit

89 835 284 887 Κάμὸητα,
318 849 435 886 quam
474 844 598 873 tamen
635 835 840 873 lectionem
871 833 911 871 in
944 833 1115 870 Athenaei

90 893 292 946 Κάμὸλητα
314 893 592 931 emendandam
618 907 700 932 esse
729 901 859 931 censet
878 892 1112 930 Perizonius.

86 956 144 992 Ex
161 953 296 992 eodem
317 953 421 990 fonte
435 966 504 990 sua
517 952 645 990 hausit
658 952 884 990 Eustathius
903 951 951 988 ad
976 951 1113 1001 Odyss.

91 1024 150 1057 10,
163 1025 200 1063 p.
214 1012 303 1050 356.
321 1014 364 1048 V.
382 1011 598 1062 Schweigh.
627 1019 707 1049 not.
728 1011 776 1048 ad
796 1010 935 1048 Athen.
954 1010 978 1047 l.
998 1009 1112 1048 l.»Cr.

575 1086 633 1123 13.

139 1156 335 1195 Parthenii
350 1157 494 1194 Erotio.
512 1170 544 1194 c.
562 1158 622 1194 33:
637 1155 818 1210 Διαφόρως
834 1155 871 1193 δὲ
880 1155 1016 1198 καὶτοῖς
1029 1156 1113 1192 πολ-

85 1217 157 1258 λοῖς
174 1215 362 1269 ἱστορεῖται
381 1213 441 1252 καὶ
458 1212 502 1252 τὰ
517 1214 659 1262 Νιόὸης·
675 1212 714 1252 οὗ
728 1213 793 1268 γὰρ
807 1213 993 1253 Ταντάλου
1010 1212 1113 1267 φασὶν

87 1273 258 1326 (illorum
279 1274 514 1324 scriptorum
535 1276 691 1311 nomina
712 1274 823 1311 initio
843 1274 980 1324 capitis
1000 1286 1115 1323 repo-

86 1333 163 1370 suit
179 1332 419 1383 Parthenius)
441 1331 549 1379 αὖτὴν
569 1331 739 1384 γενέσθαι,
754 1331 830 1369 ἀλλ’
849 1330 1032 1374 Ἀσσάονος
1049 1329 1112 1382 μὲν

86 1389 270 1442 θυγατέρα,
289 1388 466 1430 Φιλόττου
487 1389 522 1428 δὲ
541 1396 702 1441 γυναῖκα·
722 1392 769 1434 εἷς
789 1389 859 1443 ἔριν
882 1389 919 1428 δὲ
938 1389 1112 1443 ἀφικομέ-

89 1464 148 1496 νην
168 1450 280 1496 Λητοῖ
295 1448 374 1501 περὶ
394 1449 655 1498 καλλιτεκνίας,
673 1452 839 1502 ὑποσχεῖν
855 1448 945 1486 τίσιν
964 1448 1111 1486 τοιάνδε·

85 1508 144 1546 τὸν
159 1507 223 1559 μὲν
238 1507 411 1547 Φίλοττον
431 1509 466 1546 ἐν
487 1507 637 1561 κυνηγίᾳ
657 1509 899 1561 διαφθαρῆναι·
916 1506 974 1545 τὸν
990 1506 1026 1544 δὲ
1040 1505 1114 1545 Ἀσ-

86 1565 210 1618 σάονα,
240 1569 303 1613 τῆς
324 1565 491 1619 θυγατρὸς
528 1565 625 1619 πόθῳ
657 1566 838 1619 σχόμενον,
874 1565 982 1613 αὐτὴν
1018 1566 1113 1618 αὐτῷ

87 1624 277 1676 (Legrand
300 1626 518 1676 suspicatur
536 1625 724 1663 excidisse
745 1623 891 1670 ἀξιῶσαι
911 1625 971 1662 vel
991 1625 1112 1663 simile

85 1684 195 1734 quid,
218 1691 285 1722 aut
309 1683 512 1734 legendum
532 1682 743 1734 μνήσασθαι.
759 1683 852 1722 Cod.
868 1691 993 1721 autem
1010 1684 1113 1721 Pari-

86 1741 220 1780 siensis
234 1755 255 1779 a
269 1742 400 1780 Bastio
422 1741 598 1788 collatus,
623 1742 781 1779 exhibet
799 1739 908 1788 αὐτὴν
930 1742 1025 1794 αὑτῷ
1045 1741 1111 1792 γή-

85 1798 235 1852 μασθαι)
254 1798 448 1850 γήμασθαι·
474 1797 523 1850 μὴ
549 1798 747 1846 ἐνδιδούσης
783 1797 819 1836 δὲ
862 1801 925 1845 τῆς
961 1798 1109 1846 Νιόὸης,

83 1856 162 1901 τοὺς
178 1858 305 1901 παῖδας
320 1859 427 1905 αὐτῆς
453 1859 500 1901 εἷς
515 1857 662 1910 εὐωχίαν
673 1856 871 1896 καλέσαντα
886 1860 1111 1911 καταπρῆσαι

83 1915 240 1968 (excidit
259 1915 323 1963 τὴν
343 1916 466 1955 οἰκίαν.
496 1920 656 1967 Heyne)·
682 1916 742 1955 καὶ
766 1915 830 1963 τὴν
854 1915 917 1967 μὲν
945 1915 1001 1954 διὰ
1026 1915 1112 1955 ταῦ-

82 1990 144 2021 την
167 1974 230 2022 τὴν
273 1974 454 2029 συμφορὰν
479 1974 550 2014 ἀπὸ
578 1974 707 2029 πέτρας
747 1975 967 2028 ὑψηλοτάτης
1003 1975 1111 2023 αὑτὴν

84 2034 194 2086 ῥῖψαι·
202 2032 344 2075 ἔννοιαν
378 2033 415 2072 δὲ
431 2033 586 2072 λαὸόντα
601 2036 671 2072 τῶν
685 2033 859 2087 σφετέρων
897 2033 1111 2088 ἁμαρτημά-

82 2107 165 2139 των,
203 2091 462 2146 διαχρήσασθαι
495 2092 554 2131 τὸν
590 2092 760 2132 Ἀσσάονα
785 2092 920 2131 ἑαυτόν.

139 2153 222 2188 Jam
261 2159 473 2202 sequuntur
498 2165 552 2189 eae
585 2152 733 2190 Xanthi
770 2152 940 2202 reliquiae
970 2152 1112 2204 quibus

82 2208 182 2256 libri,
201 2209 305 2247 unde
323 2211 452 2260 petitae
475 2219 575 2261 sunt,
596 2219 688 2248 nota
709 2211 839 2248 addita
857 2218 925 2248 est.

83 2353 178 2384 Hunc
192 2351 289 2392 igitur
302 2376 312 2392 ,
342 2351 409 2392 ait,
438 2355 536 2384 noctu
551 2352 723 2393 aliquando
741 2353 906 2394 propriam
918 2363 1052 2387 uxorem
1072 2355 1103 2387 in

82 2397 185 2429 nasta
206 2398 376 2430 dissectam
403 2398 576 2431 devorasse
593 2409 601 2430 :
625 2399 699 2431 dein
720 2408 831 2440 mane,
849 2408 952 2440 quum
972 2410 1105 2434 manum

83 2444 194 2476 uxoris
209 2444 243 2476 in
261 2453 317 2477 ore
332 2445 440 2477 adhuc
455 2445 630 2478 haerentem
646 2447 828 2487 reperisset,
846 2455 974 2479 rumore
991 2447 1108 2480 facino-

83 2491 126 2523 ris
138 2491 171 2523 in
187 2491 301 2532 vulgus
316 2500 440 2533 sparso,
463 2501 498 2526 se
513 2493 620 2534 ipsum
634 2493 808 2534 jugulasse.

563 2558 624 2591 13.

123 2612 255 2645 Diverse
267 2613 378 2645 multis
387 2615 535 2645 narratur
547 2614 643 2647 etiam
650 2614 762 2649 Niobae
772 2615 916 2648 historia.
937 2617 1007 2648 Non
1018 2617 1104 2648 enim

83 2659 207 2691 Tantali
223 2659 335 2692 dicunt
349 2668 420 2692 eam
433 2684 442 2700 ‚
466 2661 524 2693 sed
536 2661 690 2694 Assaonis
705 2661 806 2694 fuisse
823 2662 922 2694 filiam
936 2687 946 2703 ‚
970 2663 1103 2697 Philotti

85 2713 158 2737 vero
172 2714 306 2738 uxorem
320 2729 330 2746 ,
346 2715 420 2747 quae
434 2708 511 2748 quia
525 2716 600 2740 cum
617 2710 742 2740 Latona
757 2708 798 2741 de
813 2709 913 2750 prolis
928 2710 1104 2751 pulchritu-

84 2750 158 2783 dine
169 2752 399 2793 contendisset,
417 2753 500 2785 hanc
509 2754 649 2787 subiisse
660 2763 800 2796 poenam.
824 2756 1003 2788 Philottum
1016 2757 1103 2789 enim

83 2797 115 2829 in
129 2798 298 2832 venatione
313 2799 522 2832 dilaceratum
537 2810 619 2842 esse,
636 2805 781 2834 Assaona
798 2811 887 2843 vero,
907 2802 981 2835 filiae
997 2812 1106 2836 amore

83 2846 225 2885 captum,
238 2847 400 2879 connubio
409 2847 556 2880 voluisse
571 2857 642 2881 eam
658 2849 718 2881 sibi
728 2850 872 2890 jungere.
897 2851 968 2882 Non
984 2850 1105 2882 obtem-

87 2894 217 2931 perante-
232 2894 340 2925 autem
355 2893 468 2935 Nioba,
482 2895 566 2927 lilios
581 2896 651 2937 ejus
663 2896 697 2928 in
710 2896 897 2928 convivium
910 2906 1107 2931 convocasse

84 2935 280 2979 domumque
295 2939 488 2973 incendisse.
513 2944 619 2982 Atque
634 2941 721 2975 illam
737 2941 870 2983 quidem
886 2942 928 2974 ob
944 2942 1045 2974 hance
1055 2951 1103 2974 ca-

84 2982 259 3017 lamitatem
284 2989 325 3019 de
346 2996 424 3028 rupe
441 2987 597 3020 altissima
612 2989 812 3030 praecipitem
828 2998 863 3021 se
877 2989 1021 3029 dedisse,
1048 2992 1105 3022 As·

83 3038 182 3063 saona
196 3040 286 3073 vero,
303 3034 420 3067 scelere
438 3043 499 3067 suo
512 3035 651 3076 cognito,
670 3044 739 3068 sese
754 3038 861 3077 ipsum
877 3035 1085 3069 interfecisse.

527 3116 672 3128 ψ

408 3161 555 3201 LIBER
582 3162 783 3202 PRIMUS.

565 3256 625 3290 14.

127 3310 226 3350 Lydia
243 3313 335 3343 teri-a.
359 3312 507 3345 Xanthus
520 3313 602 3345 libro
616 3314 954 3356 primoLydiacorum.
976 3314 1104 3347 Gentilc

87 3358 196 3397 Lydus
211 3363 243 3389 et
257 3357 412 3397 Lydoeus.

1492 247 1642 286 LIBER
1670 245 1874 286 PRIMUS.

1228 361 1409 411 Stephan.
1436 365 1551 411 Byz.:
1572 308 1730 408 Λυδίίκ4ἦ
1758 359 1869 414 χώρα.
1905 359 2040 404 Ξάνθος
2061 361 2096 398 ἐν
2121 362 2197 399 Λυ-

1176 417 1304 456 διακῶν
1320 418 1461 472 πρώτῳ·
1479 419 1519 458 τὸ
1538 419 1670 458 ἐθνικὸν
1687 419 1798 463 Λυδὸς
1816 418 1875 457 καὶ
1895 419 2054 462 Λυδαῖος.

1230 528 1414 578 Stephan.
1437 533 1526 580 Byz.
1543 546 1550 568 :
1567 479 1768 577 Λυκοισὸθένη
1781 560 1792 578 ,
1817 529 1916 573 πόλις
1936 529 2076 575 Λυδίας.
2096 530 2197 569 Ξάν-

1176 587 1231 629 θος
1248 585 1371 639 πρώτῃ
1398 589 1594 627 Λυδιακῶν·
1611 589 1652 636 ἣν
1676 589 1735 627 καὶ
1763 588 2013 628 Λυκοσθένειαν
2028 589 2200 633 Νικόλαός

1176 658 1292 696 φησιν·
1317 648 1336 683 ὃ
1355 645 1500 693 πολίτης
1529 647 1779 695 Λυκοσθενεὶις,
1799 650 1844 692 ὡς
1864 647 2074 701 Βερενικεύς·
2102 648 2198 702 παρὰ

1175 702 1212 740 δὲ
1232 703 1355 746 Λυδοῖς
1368 705 1637 754 Λυκοσθενίτης,
1660 708 1706 750 ὡς
1723 707 1986 760 Δικαιαρχίτης.

1227 815 1372 853 Plinius
1389 818 1435 853 H.
1462 819 1508 855 N.
1524 815 1592 853 lib.
1607 766 1731 864 Χῖιζὸν,
1749 831 1831 868 cap.
1853 822 1899 864 V,
1919 833 2002 870 pag.
2033 821 2108 857 360
2137 820 2196 857 ed.

1173 873 1376 911 Harduin.:

1227 950 1243 965 α
1253 933 1432 971 Xanthus
1452 933 1699 970 historiarum
1719 942 1852 971 auctor
1869 935 1907 971 in
1928 936 2052 984 primo
2067 950 2196 974 earum

1175 992 1303 1041 tradit,
1324 994 1493 1031 occisum
1519 993 1697 1031 draconis
1721 995 1887 1031 catulum
1909 1005 2129 1034 revocatum
2149 998 2198 1036 ad

1176 1050 1292 1088 vitam
1317 1064 1338 1087 a
1358 1060 1530 1102 parente,
1557 1051 1678 1089 herba
1713 1065 1826 1102 quam
1866 1051 1970 1090 balin
2001 1055 2196 1093 nominat:

1173 1108 1306 1146 eadem
1326 1109 1553 1159 Thylonem,
1568 1123 1683 1161 quem
1705 1110 1823 1147 draco
1853 1111 2061 1158 occiderat,
2082 1114 2195 1151 resti—

1175 1175 1298 1205 tutum
1318 1168 1444 1206 saluti.
1465 1186 1479 1202 »

1226 1229 1283 1264 De
1308 1226 1428 1265 herba
1445 1227 1510 1264 illa
1523 1227 1612 1266 vide
1629 1241 1716 1278 quae
1735 1227 1852 1265 habet
1875 1230 1999 1277 Etym.
2028 1232 2080 1266 Μ.
2108 1244 2135 1266 s.
2162 1243 2196 1267 v.

1174 1283 1323 1330 Βάλλις,
1345 1299 1365 1323 e
1384 1286 1544 1324 Xantho
1561 1286 1722 1325 fortasse
1741 1287 1870 1338 petita.

1576 1365 1794 1380 ἤσκει--

1410 1417 1417 1427 ¹
1457 1403 1612 1442 LIBER
1640 1403 1915 1443 SECUNDUS.

1225 1518 1406 1569 Stephan.
1427 1522 1539 1568 Byz.:
1558 1518 1741 1572 Ἀρδύνιον,
1760 1518 1860 1563 πόλις
1878 1521 1913 1557 ἐν
1937 1519 2062 1567 Θήὸης
2077 1520 2197 1574 πεδίῳ,

1171 1577 1218 1619 ὡς
1234 1576 1368 1620 Ξάνθος
1388 1579 1423 1615 ἐν
1443 1579 1628 1617 Λυδιακῶν
1655 1577 1815 1632 δευτέρῳ·
1842 1578 1882 1617 τὸ
1914 1578 2046 1617 ἓθνικὸν
2073 1579 2198 1632 Ἀρδύ-

1171 1650 1250 1679 νιος.

1662 1691 1718 1727 18.

1224 1748 1406 1798 Stephan.
1436 1752 1545 1799 Byz.:
1566 1747 1773 1802 Στρόγωλα,
1789 1747 1889 1792 πόλις
1904 1748 2044 1792 Λυδίας·
2064 1748 2198 1791 Ξάνθος

1171 1805 1206 1842 ἐν
1229 1805 1413 1844 Λυδιακῶν
1433 1806 1593 1861 δευτέρῳ·
1610 1806 1650 1845 τὸ
1668 1806 1799 1845 ἐθνικὸν
1819 1807 2052 1860 Στρογωλεύς.

1227 1917 1427 1956 Athenaeus
1453 1922 1543 1966 XII,
1567 1933 1600 1956 c.
1632 1867 1749 1969 iiii-p.
1777 1919 1866 1965 515,
1886 1922 1945 1956 D:
1966 1919 2070 1956 Λυδοὶ
2085 1917 2120 1956 δὲ
2152 1921 2197 1962 εἰς

1170 1978 1334 2012 τοσοῦτον
1353 1969 1457 2022 ἦλθον
1477 1980 1628 2031 τρυφῆς,
1648 1979 1693 2019 ὥς
1716 1976 1777 2014 καὶ
1799 1978 1932 2029 πρῶτοι
1951 1983 2117 2028 γυναῖκας
2141 1979 2197 2015 εὐ-

1170 2033 1342 2084 νουχίσαι,
1356 2036 1401 2077 ὡς
1414 2036 1543 2089 ἱστορεῖ
1559 2035 1694 2079 Ξάνθος
1708 2038 1726 2073 ὃ
1745 2035 1872 2083 Λυδὸς,
1887 2035 1910 2081 ἢ
1924 2039 1942 2073 ὁ
1958 2037 2003 2079 εἷς
2018 2035 2120 2074 αὐτὸν
2136 2035 2197 2079 τὰς

1171 2093 1427 2145 ἀναφερομένας
1437 2094 1590 2147 ἱστορίας
1606 2094 1871 2148 συγγεγραφὼς,
1885 2093 2062 2137 Διονύσιος
2076 2097 2094 2134 ὃ
2105 2097 2195 2134 Σκυ-

1170 2149 1380 2203 τοὸραχίων,
1400 2154 1446 2196 ὡς
1467 2152 1641 2206 Ἀρτέμων
1661 2155 1765 2206 φησὶν
1785 2156 1803 2191 ὃ
1830 2153 2072 2206 Κασανδρεὺς,
2091 2155 2125 2191 ἐν
2146 2155 2196 2205 τῷ

1171 2209 1250 2261 περὶ
1268 2214 1472 2262 συναγωγῆς
1484 2211 1696 2265 (ἀναγωγῆς)
1709 2211 1863 2263 βιὸλίων·
1877 2214 2008 2264 ἀγνοῶν
2023 2211 2075 2250 ὅτι
2089 2212 2196 2263 ’Ἐφο-

1654 2370 1714 2403 15.

1209 2431 1429 2472 Lycosthene,
1448 2431 1526 2463 urbs
1541 2432 1672 2473 Lydiae,
1690 2433 1730 2465 de
1745 2441 1810 2473 qua
1825 2434 1862 2464 X.
1884 2432 2027 2464 Eandem
2041 2430 2190 2463 Nicolaus

1168 2477 1417 2516 Lycostheniam
1433 2478 1582 2520 appellat.
1607 2479 1714 2519 Civis,
1731 2479 2002 2520 Lycosthenensis
2014 2503 2022 2518 ‚
2040 2478 2088 2508 uti
2102 2478 2191 2508 Bere-

1166 2523 1306 2556 nicensis
1322 2534 1329 2556 :
1350 2525 1435 2566 apud
1445 2526 1554 2566 Lydos
1567 2534 1644 2558 vero
1652 2526 1892 2567 Lyeosthenita‚
1913 2523 2188 2557 utiDicaearchita.

1601 2597 1771 2610 *⁴0*-

1448 2657 1603 2696 LIBER
1631 2655 1907 2695 SECUNDUS.

1648 2738 1707 2770 17.

1208 2795 1387 2836 Ardynium
1401 2819 1410 2835 ,
1437 2795 1515 2828 urbs
1533 2796 1567 2827 in
1584 2803 1698 2835 campo
1711 2793 1862 2826 Thebano
1874 2815 1882 2831 ‚
1899 2794 2029 2824 auctore
2044 2794 2083 2824 X.
2107 2793 2188 2825 Gen·

1167 2841 1232 2882 tile,
1249 2843 1423 2883 Ardynius.

1296 2907 1303 2912 ·
1650 2894 1706 2926 18.

1207 2957 1362 2998 Strogola‚
1376 2957 1452 2988 urbs
1467 2956 1595 2997 Lydiae,
1614 2956 1653 2986 X.
1683 2953 1808 2986 Gentile
1825 2953 2019 2995 Strogoleus.

1645 3019 1706 3052 19.

1206 3079 1288 3120 Lydi
1308 3088 1384 3110 vero
1399 3087 1437 3110 eo
1459 3075 1606 3109 mollitiei
1624 3075 1784 3116 progressi
1799 3078 1894 3116 sunt,
1917 3078 1955 3108 ut
1982 3075 2079 3108 etiam
2098 3075 2186 3108 semi-

1165 3135 1223 3157 nas
1242 3127 1436 3163 castrarent3
1454 3123 1540 3164 quod
1557 3122 1655 3154 tradit
1669 3123 1817 3155 xanthus
1831 3122 1966 3163 Lydius,
1982 3121 2052 3154 sive
2063 3121 2121 3163 qui
2133 3122 2187 3154 Hi-

1165 3172 1278 3204 storias
1290 3171 1480 3212 conscripsit
1487 3178 1560 3210 quae
1572 3169 1618 3201 illi
1628 3169 1827 3210 tribuuntur,
1835 3169 2012 3210 Dionysius
2019 3167 2185 3209 Scytohra-

1165 3219 1258 3251 chion
1275 3242 1283 3257 ‚
1307 3220 1342 3249 ut
1354 3219 1398 3249 ait
1411 3219 1563 3249 Artemon
1578 3216 1828 3249 Cassandrensis
1845 3217 1877 3248 in
1892 3217 2123 3249 commentario
2137 3217 2184 3247 De

1165 3265 1318 3296 librorum
1337 3263 1523 3295 collectione
1542 3262 1629 3303 (quo
1664 3262 1736 3295 libri
1756 3263 1875 3304 quique
1890 3263 1930 3295 ad
1945 3271 2022 3295 suos
2036 3263 2183 3294 auctores

1166 3311 1356 3350 referuntur)
1372 3322 1382 3350 ;
1400 3311 1527 3343 nescius
1541 3310 1675 3350 scilicet,
1692 3310 1859 3351 Ephorum
1888 3309 2094 3342 historiarum
2109 3308 2182 3341 scri-

1166 3361 1288 3399 ptorem
1305 3357 1391 3389 illius
1409 3360 1572 3398 tamquam
1587 3357 1773 3390 vetustioris
1790 3356 1993 3397 meminisse,
2009 3356 2064 3397 qni
2080 3355 2186 3390 etiam.
