2320 3684
874 149 1009 189 ISTRI
1038 146 1373 188 FRAGMENTA.

2101 149 2179 183 425

65 244 247 299 ὖπερεῶρα
272 243 384 295 μόνος.
401 238 620 292 Ὀμωμοκὼς
637 231 697 277 οῧν
725 239 769 290 τῇ
799 236 942 290 ἑταίρα,
968 230 992 284 ἧ
1022 235 1091 288 μὴν
1158 234 1411 290 μαχαιροποιὸς
1428 233 1492 283 τὴν
1516 231 1698 288 ἐργασίαν·
1725 229 1832 284 τυχὸν
1852 230 1889 270 δὲ
1907 230 2074 279 ἐκέκτητο
2101 231 2181 271 δού-

66 303 210 349 ἀπάξειν
231 301 339 350 αὐτὴν
358 301 406 345 εἷς
425 299 489 347 τὴν
505 297 682 352 πατρίδα,
700 298 730 335 εἷ
744 296 976 350 συμπράξειεν
1000 297 1094 349 αὐτῷ
1153 293 1233 336 λους
1261 294 1405 345 χαλκεῖς
1430 291 1489 331 καὶ
1512 290 1691 334 τέκτονας·
1712 292 1751 329 οὖ
1766 290 1833 344 γὰρ
1857 289 1948 333 εἰκὸς
1963 288 2022 328 τὸν
2051 290 2092 328 ἐκ
2119 290 2183 328 τοῦ

66 378 145 401 τινα
180 361 267 415 πρὸς
303 358 381 403 τοὺς
409 357 687 410 ἀνταγωνιστὰς,
722 353 843 402 ἐπειδὴ
875 353 1095 407 διεπράξατο,
1153 350 1313 390 τοιούτου
1342 350 1524 403 γενόμενον
1557 349 1770 404 στρατηγίας
1802 347 1991 395 ἀξιωθῆναι
2016 347 2079 387 σὺν
2105 350 2183 388 Πε-

67 419 256 475 ,ςαριέντως
273 419 423 458 ἐκτελῶν
450 417 509 456 τὸν
533 415 648 470 ὅρκον,
675 413 900 468 γραψάμενος
925 413 1032 459 αὐτῆς
1047 414 1096 456 ὣς

66 479 119 518 ὅτι
137 478 294 531 μάλιστα
313 476 522 529 ὁμοιοτάτην
541 473 657 514 εἰκόνα
668 503 678 522 ,
699 472 888 520 ἀνέστησεν
905 473 953 515 εἷς
969 470 1095 525 Κυρή-

67 554 145 589 νην,
161 540 208 583 ὡς
223 539 354 592 ἱστορεῖ
369 533 506 589 Ἴστρος
522 536 557 573 ἐν
575 536 626 587 τῷ
643 532 723 585 περὶ
737 531 908 579 ἰδιότητος
924 530 1051 569 ἄθλων.

479 602 691 618 m*-

432 634 733 675 MEAonfflol.

123 744 251 784 schol.
276 742 473 794 Aristoph.
501 687 615 780 Nullil
641 753 714 790 971
739 753 748 776 ε
768 736 815 778 Ὁ
844 739 978 792 Φρῦνις
1002 739 1102 775 κιθα-

71 803 178 858 ρῳδὸς
193 803 440 850 Μυτιληναῖος.
452 794 567 844 oiim-oq
580 797 618 837 δὲ
636 799 730 838 δοκεῖ
742 800 879 852 πρῶτος
897 796 995 853 παρὰ
1005 797 1103 845 Ἀθη-

69 862 178 906 ναίοις
197 861 412 936 κιθξρῳδικῇ
431 861 575 907 νικῆσαι
588 857 850 904 Παναθηναίοις
869 857 927 896 ἐπὶ
946 856 1102 896 Καλλίου

72 919 252 974 ἄρχοντος.
282 921 335 959 Ην
350 918 387 957 δὲ
402 915 678 971 Ἀριστοκλείδου
699 915 871 968 μαθητής.
891 915 937 956 Ὁ
957 914 994 954 δὲ
1012 915 1104 971 Ἀρι-

73 978 277 1025 στοκλείδης
296 975 487 1032 κιθαρῳδὸς
516 970 560 1024 ἦν
590 974 730 1029 ἄριστος
746 989 755 999 ·
784 974 825 1013 τὸ
847 973 944 1026 γένος
969 969 1011 1022 ἦν
1035 974 1104 1014 ἀπὸ

73 1037 317 1092 Τερπάνδρου.
334 1033 504 1089 Ἤκμασε
523 1035 553 1074 δ’
571 1036 606 1074 ἐν
628 1037 672 1087 τῇ
690 1033 839 1074 Ἑλλάδι
854 1033 946 1073 κατὰ
957 1033 1002 1073 τὰ
1015 1038 1105 1082 Mn-

74 1095 167 1136 δικά.
188 1094 418 1149 Παραλαὸὼν
438 1094 476 1133 δὲ
501 1093 560 1133 τὸν
580 1095 715 1148 Φρῦνιν
733 1094 957 1147 αὖλῳδοῦντα
969 1124 980 1143 ,
1005 1096 1106 1132 κιθα-

78 1155 182 1209 ρίζειν
209 1153 373 1200 ἐδίδαξεν.
396 1153 440 1194 Ὁ
466 1152 503 1192 δὲ
524 1151 659 1207 Ἴστρος
683 1151 842 1207 Ἱέρωνος
880 1151 984 1191 αὐτόν
1020 1168 1107 1208 φησι

77 1212 244 1268 μάγειρον
265 1213 350 1252 ὄντα
371 1212 433 1252 σὺν
458 1212 578 1257 ἄλλοις
603 1213 746 1259 δοθῆναι
763 1213 814 1265 τῷ
837 1211 1106 1264 Ἀριστοκλείδῃ.

75 1275 204 1313 Ταῦτα
218 1270 254 1311 δὲ
270 1272 457 1325 σχεδιάσαι
468 1271 591 1311 ἔοικεν.
611 1273 657 1311 Εἰ
675 1269 743 1325 γὰρ
757 1264 799 1318 ἦν
819 1270 970 1323 γεγονὼς
989 1273 1107 1316 δοῦλος

76 1331 137 1371 καὶ
156 1331 321 1386 μάγειρος
340 1331 510 1386 Ἱέρωνος,
527 1332 590 1370 οὖκ
610 1329 652 1368 ἂν
673 1329 878 1384 ἀπέκρυψαν
898 1332 929 1369 οῖ
943 1331 1107 1382 κωμικοὶ,

76 1389 246 1434 πολλάκις
285 1392 391 1430 αὐτοῦ
425 1388 643 1443 μεμνημένοι
689 1388 742 1443 ἐφ’
783 1383 832 1433 οἷς
860 1388 1109 1444 ἐκαινούργησε

76 1449 212 1493 κλάσας
234 1449 299 1497 τὴν
325 1449 419 1504 ᾠδὴν
446 1448 544 1503 παρὰ
559 1448 612 1540 ‘gib
619 1450 765 1502 ἀρχαῖον
785 1446 871 1493 ἔθος.

131 1556 267 1596 Suidas
296 1570 330 1594 v.
353 1557 488 1609 Φρῦνις
515 1555 647 1594 eadem
674 1555 752 1592 haec
770 1555 908 1604 habet,
933 1555 999 1594 sed
1023 1564 1111 1607 post

78 1629 163 1655 voc.
183 1613 335 1660 ἐδίδαξεν
358 1615 432 1653 hoc
448 1614 666 1666 peculiare:
686 1611 824 1668 Ἴστρος
842 1613 872 1652 δ’
888 1615 923 1652 ἐν
940 1620 1012 1658 τοῖς
1029 1616 1110 1653 ἐπι-

78 1672 311 1728 γραφομένοις
336 1674 548 1717 Μελοποιοῖς
573 1671 633 1711 τὸν
665 1674 801 1726 Φρῦνιν
824 1671 976 1712 Λέσὸιόν
1005 1689 1110 1727 φησι,

81 1732 254 1777 Κάνωπος
270 1731 355 1771 υἱόν.
372 1734 506 1773 Τοῦτον
533 1731 570 1770 δὲ
595 1730 752 1786 Ἱέρωνος
767 1735 828 1770 τοῦ
846 1731 1016 1786 τυράννου
1041 1732 1111 1784 μά-

80 1796 194 1846 γειρον
212 1807 247 1830 κ.
262 1807 293 1830 τ.
307 1793 342 1831 λ.

135 1902 271 1937 Graeca
297 1897 500 1950 Sophoclis
517 1844 613 1936 Viffal
658 1898 841 1950 Σοφοκλῆς
868 1897 908 1937 τὸ
928 1897 992 1950 μὲν
1018 1897 1116 1950 γένος

81 1950 125 2005 ἦν
154 1957 346 2006 Ἀθηναῖος,
366 1955 437 2000 υἱὸς
461 1956 498 1994 δὲ
528 1956 696 2008 Σοφίλου,
726 1955 764 2000 ὃς
786 1956 878 2009 οὔτε,
897 1959 944 2002 ὡς
963 1957 1116 2011 Ἀριστό-

82 2014 176 2061 ξενός
194 2031 301 2071 φησι,
320 2014 454 2054 τέκτων
472 2014 495 2062 ἢ
517 2014 670 2068 χαλκεὺς
687 2008 748 2062 ἦν·
766 2014 865 2066 οὔτε,
895 2020 943 2060 ὼς
965 2016 1116 2071 Ἴστρος,

84 2131 195 2167 Quum
213 2127 374 2160 meretrici
398 2127 505 2168 itaque
519 2127 671 2168 iurasset,
682 2135 717 2159 se
738 2135 810 2159 eam
831 2135 904 2160 esse
924 2128 959 2160 in
979 2130 1119 2170 patriam

84 2175 320 2213 abducturum,
341 2174 369 2207 si
389 2174 419 2207 ei
440 2174 597 2207 adversus
618 2174 819 2207 decertantes
840 2175 1043 2209 adversarios
1065 2178 1121 2210 ali-

84 2231 183 2264 quam
199 2231 294 2264 opem
311 2222 456 2262 tulisset,
479 2223 652 2263 postquam
672 2221 708 2253 id
728 2222 879 2263 perfecit,
897 2222 1003 2264 lepide
1020 2224 1121 2266 jusju-

85 2269 224 2302 randum
250 2278 432 2310 exsequens
448 2292 457 2308 ,
488 2269 557 2309 ejus
573 2278 671 2310 quam
698 2269 896 2302 simillimam
910 2270 1015 2311 pinxit
1042 2271 1120 2304 ima-

86 2316 192 2358 ginem
214 2325 352 2357 eamque
380 2318 524 2357 Cyrenas
549 2316 753 2356 transvexit,
780 2318 816 2348 ut
839 2317 953 2350 scribit
979 2320 1061 2351 Ister
1086 2319 1121 2351 in

87 2362 170 2395 libro
185 2363 226 2396 de
248 2363 445 2403 Proprietate
461 2363 687 2395 certaminum.

471 2437 738 2504 MfiLOPOEi.

131 2564 270 2609 Phrynis
298 2567 497 2600 citharoedus
529 2567 745 2609 Mytilenaeus.
777 2570 839 2602 Hic
869 2570 970 2603 fertur
997 2571 1122 2612 primus

90 2616 178 2658 apud
185 2615 396 2648 Athenienses
407 2618 475 2647 arte
488 2615 694 2647 citharoedica
707 2616 824 2649 vicisse
837 2618 871 2649 in
886 2618 1121 2659 Panathenaeis,

90 2663 198 2698 Callia,
214 2663 376 2695 archonte.
392 2664 470 2694 Erat
484 2662 685 2695 Aristoclidae
697 2663 887 2706 discipulus.
901 2665 1123 2706 Aristoclides,

91 2710 380 2752 przmtantissimus
398 2709 596 2742 citharoedus
610 2733 619 2749 ‚
646 2711 702 2751 qui
718 2720 819 2751 genus
835 2711 931 2744 duxit
947 2721 966 2743 a
986 2714 1124 2753 Terpan-

92 2757 170 2798 dro,
184 2756 294 2789 floruit
311 2757 345 2788 in
361 2757 486 2790 Graecia
507 2757 583 2789 belli
599 2758 720 2790 Persici
742 2760 897 2800 tempore.
920 2761 952 2792 Is
965 2759 1122 2800 Phrynin‚

93 2813 191 2846 quem
203 2804 244 2836 ad
257 2813 293 2837 se
305 2806 434 2845 recepit,
442 2804 609 2837 callentem
622 2804 711 2837 tibiis
722 2806 855 2838 canendi
870 2808 986 2846 artem,
1002 2807 1126 2839 cithara

94 2860 210 2884 canere
221 2851 344 2883 docuit.
359 2853 442 2883 Ister
459 2860 535 2883 vero
549 2851 605 2891 ait,
618 2860 693 2884 eum
708 2853 855 2885 Hieronis
869 2862 1009 2894 coquum
1026 2853 1126 2886 fuisse

94 2900 128 2932 et
138 2898 178 2930 ab
189 2899 252 2930 hoc
267 2907 342 2930 cum
360 2898 431 2931 aliis
444 2898 648 2931 Aristoclidae
658 2900 815 2932 traditum
832 2909 918 2932 esse:
933 2900 1002 2932 haec
1018 2903 1126 2933 tamen

95 2945 292 2987 negligenter
315 2946 484 2986 scripsisse
499 2946 645 2986 videtur;
669 2946 695 2978 si
711 2947 798 2979 enim
820 2956 935 2980 servus
950 2950 982 2980 et
1002 2956 1127 2988 coquus

96 2992 246 3026 Hieronis
263 2992 396 3031 fuisset,
416 2992 448 3024 id
471 3002 536 3025 non
551 2993 709 3026 celassent
727 2994 862 3034 comici,
881 2994 938 3035 qui
955 3003 1040 3035 saepe
1059 2995 1128 3034 eJus

97 3039 219 3072 faciunt
234 3039 430 3071 mentionem
450 3042 579 3081 propter
594 3049 649 3079 ea,
671 3050 746 3081 quae
760 3041 913 3080 novavit;
931 3041 1027 3082 fregit
1042 3041 1128 3073 enim

98 3086 167 3118 vim
184 3088 315 3125 cantus,
331 3086 442 3119 relicto
463 3095 553 3119 more
568 3087 711 3128 antiquo.

141 3186 223 3218 Ister
243 3186 276 3217 in
298 3195 337 3219 eo
362 3195 476 3228 opere,
507 3142 763 3228 quodfflllrlelopoei
795 3188 998 3226 inscribitur,
1032 3188 1129 3227 Phry-

101 3232 159 3264 nin
181 3233 332 3265 Lesbium
362 3234 459 3266 fuisse
481 3234 578 3274 dicit,
601 3236 743 3277 canopis
764 3236 886 3275 filium;
909 3234 986 3276 qui,
1025 3243 1127 3275 quum

103 3280 188 3312 esset
207 3280 355 3314 Hie-*onis
370 3281 498 3322 tyranni
513 3290 654 3323 coquus,
669 3285 731 3314 etc.

148 3373 320 3413 Sophocles
340 3383 453 3414 genere
470 3359 539 3407 erat
559 3331 780 3416 Αῗίιιέῃίοηείε,
800 3376 885 3408 silius
906 3375 1043 3417 Sophili,
1067 3375 1125 3415 qui

1137 1474 1150 2054 x

1142 2141 1153 2844 l

1148 2846 1157 3405 J

1158 411 1267 462 ρικλεῖ
1310 409 1369 447 καὶ
1401 408 1623 462 Θουκυδίδῃ,
1652 413 1724 452 τοῖς
1754 405 1906 462 πρώτοις
1934 409 1997 455 τῆς
2027 406 2182 450 πόλεως·

1157 468 1234 506 ἀλλ’
1255 468 1325 506 οὐδ’
1345 466 1385 506 ἂν
1406 468 1474 506 ὑπὸ
1495 469 1565 506 τῶν
1585 468 1767 521 κωμῳδῶν
1789 466 1939 514 ἄδηκτος
1957 466 2095 520 ἀφείθη,
2113 468 2184 504 τῶν

1157 524 1236 564 οὐδὲ
1272 525 1553 577 Θεμιστοκλέους
1584 524 1854 579 ἀπεσχημένων.
1892 523 2118 573 Ἀπιστητέον
2149 523 2187 563 δὲ

1158 583 1217 623 καὶ
1237 587 1287 638 τῷ
1303 583 1446 639 Ἴστρῳ,
1467 584 1637 638 φάσκοντι
1655 584 1759 623 αὐτὸν
1785 585 1848 623 οὐκ
1870 583 2064 633 Ἀθηναῖον,
2096 581 2189 622 ἀλλὰ

1159 643 1334 682 Φλιάσιον
1355 639 1457 682 εἶναι.
1481 645 1527 682 Ei
1548 642 1585 682 δὲ
1612 644 1672 682 καὶ
1691 643 1732 682 τὸ
1757 643 1922 682 ἀνέκαθεν
1939 642 2113 687 Φλιάσιος
2131 637 2189 690 ἦν,

1160 702 1252 741 ἀλλὰ
1282 702 1375 751 πλὴν
1400 702 1554 757 Ἴστρου,
1577 704 1660 757 παρ’
1685 703 1795 743 οὐδενὶ
1827 702 1933 757 ἑτέρῳ
1961 702 2064 742 τοῦτό
2095 704 2189 741 ἐστιν

1162 762 1287 815 εὑρεῖν.
1359 760 1557 808 Διεπονήθη
1576 761 1612 800 δὲ
1625 763 1661 800 ἐν
1677 762 1778 801 παισὶ
1793 761 1854 800 καὶ
1869 761 1950 816 περὶ
1968 763 2189 814 παλαῖστραν

1162 819 1222 858 καὶ
1242 818 1428 871 μουσικὴν,
1454 818 1489 864 ἐξ
1505 813 1553 858 ὧν
1573 820 1779 874 ἀμφοτέρων
1794 818 2039 874 ἐστεφανώθη,
2056 819 2103 864 ὥς
2119 834 2192 873 φη·-

1163 894 1217 918 σιν
1240 877 1387 932 Ἴστρος.
1465 879 1566 926 Φησὶ
1589 878 1626 917 δὲ
1641 880 1702 918 καὶ
1717 879 1867 933 Ἴστρος,
1885 879 1946 923 τὰς
1963 878 2092 923 λευκὰς
2108 894 2193 932 κρη-

1163 936 1266 982 πῖδας
1284 937 1388 977 αὔτὸν
1409 937 1648 992 ἐξευρηκέναι,
1680 937 1718 982 ἃς
1746 939 1955 977 ὑποδοῦνται
1987 936 2022 976 οἵ
2043 953 2081 976 τε
2101 940 2193 976 ὓπο-

1164 997 1280 1052 κριταὶ
1307 996 1370 1035 καὶΙ
1393 997 1425 1035 οἱ
1442 996 1626 1050 χορευταί·
1646 996 1707 1034 καὶ
1732 996 1818 1050 πρὸς
1846 995 1908 1040 τὰς
1935 995 2053 1049 φύσεις
2079 997 2194 1034 αὐτῶν

1165 1056 1302 1110 γράψαι
1319 1054 1364 1094 τὰ
1384 1055 1568 1110 δράματα·
1588 1061 1663 1098 ταῖς
1681 1054 1718 1094 δὲ
1742 1054 1901 1099 Μούσαις
1919 1055 2036 1094 θίασον
2061 1056 2100 1093 ἐκ
2125 1057 2195 1093 τῶν

1166 1113 1454 1166 πεπαιδευμένων
1480 1120 1700 1166 συναγαγεῖν.
1781 1114 2001 1161 Τελευτῆσαι
2030 1114 2065 1152 δὲ
2093 1113 2196 1152 αὐτὸν

1165 1174 1302 1228 Ἴστρος
1318 1173 1379 1212 καὶ
1395 1173 1554 1221 Νεάνθης
1583 1173 1668 1228 φασὶ
1693 1177 1813 1212 τοῦτον
1836 1172 1894 1210 τὸν
1925 1172 2072 1227 τρόπον·
2093 1174 2197 1212 Καλ-

1166 1233 1336 1281 λιππίδην
1382 1231 1573 1287 ὑποκριτὴν
1610 1231 1680 1271 ἀπὸ
1722 1230 1886 1285 ἐργασίας
1925 1230 1960 1276 ἐξ
2005 1231 2200 1275 Ὀποῦντος

1168 1292 1300 1340 ἥκοντα
1324 1290 1422 1346 παρὰ
1455 1290 1535 1336 τοὺς
1564 1290 1680 1343 Χόας,
1704 1290 1844 1344 πέμψαι
1872 1291 1967 1343 αὐτῷ
1999 1289 2201 1343 σταφυλήν·

1168 1350 1226 1390 τὸν
1248 1351 1284 1389 δὲ
1302 1349 1486 1404 Σοφοκλέα
1507 1350 1664 1389 λαὸόντα
1674 1381 1684 1399 ,
1705 1350 1780 1401 [καὶ
1794 1350 1961 1402 βαλόντα]
1975 1350 2023 1394 εἷς
2035 1349 2076 1387 τὸ
2088 1349 2202 1399 στόμα

1174 1414 1264 1464 ῥᾶγα
1295 1409 1347 1448 ἔτι
1375 1409 1651 1463 ὀμφακίζουσαν,
1670 1409 1737 1448 ὑπὸ
1763 1413 1823 1448 τοῦ
1851 1409 1938 1461 ἄγαν
1966 1407 2082 1462 γήρως
2110 1409 2203 1446 ἀπο-

1170 1468 1340 1522 πνιγέντα
1363 1470 1582 1516 τελευτῆσαι.
1651 1469 1789 1523 Ἴστρος
1807 1467 1845 1507 δέ
1861 1483 1982 1521 φησιν,
2005 1467 2205 1514 Ἀθηναίους

1172 1528 1230 1569 διὰ
1249 1528 1312 1576 τὴν
1329 1533 1389 1568 τοῦ
1408 1529 1529 1583 ἀνδρὸς
1548 1527 1674 1582 ἀρετὴν
1693 1528 1754 1567 καὶ
1772 1527 1940 1581 ψήφισμα
1959 1526 2204 1577 πεποιηκέναι,

1171 1589 1250 1628 κατ’
1271 1587 1346 1632 ἔτος
1363 1587 1542 1640 [ἕκαστον]
1565 1589 1660 1641 αὐτῷ
1684 1585 1789 1626 θύειν.

1227 1651 1285 1686 De
1303 1648 1494 1699 Sophocle
1510 1651 1607 1685 Ister
1626 1653 1861 1698 exposuerat
1880 1645 2008 1683 forsan
2026 1645 2068 1682 in
2087 1658 2205 1696 opere

1174 1705 1369 1745 Μελοποιοὶ
1399 1705 1599 1756 inscripto,
1625 1705 1732 1758 quod
1752 1704 1972 1743 confirmari
1989 1704 2144 1743 videtur
2169 1711 2208 1742 et

1174 1765 1258 1803 aliis
1276 1764 1317 1802 in
1335 1764 1407 1802 hac
1426 1764 1629 1815 Sophoclis
1648 1765 1739 1802 Vita
1758 1762 1934 1802 narratis.

1594 1825 1807 1840 ⁴00-—

1506 1849 1880 1942 THOMlggMATA'

1228 1959 1422 1998 Plutarch.
1432 1961 1706 2008 QuaestGraec.‚
1723 1971 1761 2008 p.
1773 1959 1844 1995 301
1863 1957 2040 1996 Francof.
2054 1970 2088 1996 s.
2125 1965 2154 1994 t.
2171 1971 2208 2006 7,

1179 2033 1218 2071 p.
1234 2022 1308 2058 203
1326 2020 1456 2058 Reisk.
1474 2034 1482 2056 ε
1501 2017 1615 2059 Πόθεν
1629 2021 1652 2066 ἠ
1670 2020 1739 2056 τῶν
1754 2017 1962 2066 Ἰθακησίων
1978 2017 2210 2062 πόλιςἈλαλ-

1178 2139 1282 2172 neque
1303 2130 1412 2170 faber,
1437 2134 1474 2163 ut
1495 2130 1540 2162 ait
1564 2130 1798 2169 Aristoxenus,
1829 2130 1984 2171 lignarius
2003 2138 2108 2171 neque
2130 2138 2208 2162 aera-

1176 2178 1245 2210 rius
1262 2180 1347 2218 erat,
1379 2188 1485 2221 neque
1505 2177 1686 2210 cultrorum
1697 2177 1806 2219 opifex
1817 2200 1826 2217 ,
1843 2178 1881 2209 ut
1896 2178 2011 2210 statuit
2024 2179 2106 2210 Ister
2124 2187 2132 2209 :
2154 2177 2210 2210 sed

1178 2225 1314 2258 sortasse
1346 2226 1535 2268 possidebat
1562 2233 1692 2264 servos,
1727 2224 1783 2266 qui
1815 2224 1898 2256 fabri
1933 2224 2037 2257 aerarii
2060 2227 2151 2257 erant
2179 2226 2212 2257 et

1177 2272 1328 2314 lignarii;
1373 2274 1428 2306 vix
1458 2273 1546 2306 enim
1568 2272 1720 2304 credibile
1757 2274 1821 2309 est,
1845 2271 1919 2303 talis
1946 2272 2089 2304 hominis
2109 2272 2211 2304 filium

1177 2320 1312 2361 dignum
1334 2321 1481 2354 habitum
1503 2328 1574 2352 esse
1588 2344 1596 2360 ‚
1620 2319 1675 2360 qui
1698 2328 1773 2350 cum
1799 2318 1919 2350 Pericle
1940 2321 1973 2350 et
1998 2318 2186 2359 Thucydide
2200 2344 2209 2359 ,

1178 2368 1300 2399 civium
1326 2368 1563 2406 nobilissimis,
1585 2366 1741 2399 exercitui
1765 2366 1991 2407 praeficeretur.
2023 2368 2132 2406 Neque
2160 2374 2211 2397 co-

1179 2415 1355 2447 micixeum
1379 2415 1586 2456 reliquissent
1610 2413 1768 2446 intactum
1783 2437 1792 2453 ‚
1818 2413 1874 2454 qui
1899 2414 1970 2454 ipso
1995 2413 2212 2445 Themistocle

1178 2470 1244 2493 non
1270 2461 1518 2502 abstinuerunt;
1549 2469 1654 2501 neque
1680 2460 1808 2492 credere
1829 2455 1903 2491 licet
1930 2460 2037 2497 Istro,
2062 2458 2089 2490 si
2111 2458 2208 2497 dicit,

1178 2516 1252 2540 eum
1275 2517 1340 2540 non
1360 2517 1432 2541 esse
1453 2508 1698 2546 Atheniensem,
1722 2507 1778 2539 sed
1801 2506 1990 2538 Phliasium.
2015 2504 2125 2536 Possis
2148 2506 2210 2536 sta-

1178 2556 1271 2587 tuere
1286 2556 1356 2596 ejus
1378 2565 1481 2597 genus
1504 2555 1685 2596 antiquitus
1701 2563 1771 2586 esse
1793 2554 1970 2586 Phliasium
1994 2562 2001 2583 ε
2019 2551 2076 2583 sed
2096 2559 2208 2590 nemo,

1179 2606 1313 2643 excepto
1340 2605 1425 2635 Istro
1440 2627 1449 2642 ,
1473 2603 1535 2635 hoc
1560 2604 1728 2634 memorat.
1823 2603 1909 2632 Inter
1936 2607 2053 2640 pueros
2078 2606 2209 2638 operam

1180 2649 1278 2681 dabat
1301 2650 1494 2691 palaestricae
1516 2651 1548 2682 et
1569 2649 1715 2688 musicae,
1742 2649 1838 2688 atque
1860 2647 1892 2678 in
1905 2648 2042 2686 utraque
2068 2649 2136 2676 arte
2160 2653 2210 2676 co-

1180 2705 1292 2728 ronam
1309 2697 1445 2738 adeptus
1466 2698 1533 2736 est,
1550 2699 1586 2727 ut
1610 2698 1692 2728 Ister
1713 2695 1822 2726 tradit.
1847 2694 1937 2725 Idem
1957 2691 2051 2730 dicit,
2069 2700 2143 2723 eum
2165 2692 2210 2723 in-

1180 2745 1310 2776 venisse
1325 2744 1416 2776 albos
1432 2744 1629 2782 cothurnos,
1645 2751 1727 2783 quos
1746 2744 1870 2773 actores
1886 2742 1918 2771 et
1934 2740 2096 2771 Choreutae
2113 2738 2210 2770 subli-

1180 2793 1280 2832 gant,
1308 2794 1405 2832 atque
1421 2791 1545 2822 fabulas
1568 2789 1828 2822 accommodasse
1856 2789 2002 2818 actorum
2030 2785 2153 2825 indoli,
2169 2795 2209 2818 ex

1182 2838 1296 2879 hisque
1311 2842 1379 2870 arte
1391 2837 1472 2870 bene
1485 2837 1644 2869 institutis
1652 2839 1820 2868 Musarum
1828 2833 1994 2874 collegisse
2009 2833 2208 2865 sodalitium.

1243 2885 1371 2917 obiisse
1392 2894 1467 2916 eum
1494 2886 1577 2916 Ister
1597 2885 1630 2915 et
1656 2883 1815 2915 Neanthes
1844 2881 1974 2913 tradunt
1995 2880 2058 2911 hoc
2078 2879 2176 2911 modo
2200 2890 2208 2911 :

1182 2931 1373 2972 callipidem
1386 2940 1488 2972 quum
1503 2931 1645 2962 venisset
1661 2930 1790 2969 Opunte
1803 2927 1844 2960 ad
1860 2928 1966 2960 Choes
1981 2927 2189 2959 celebrandos
2199 2950 2210 2967 ‚

1183 2978 1309 3010 misisse
1324 2978 1353 3009 ei
1370 2986 1485 3016 uvam,
1508 2977 1600 3017 quus
1615 2976 1744 3008 acinum
1763 2975 1870 3007 adhuc
1891 2973 2102 3005 immaturum
2124 2974 2157 3005 in
2172 2982 2210 3006 os

1183 3024 1378 3064 injicientem
1408 3022 1617 3064 Sophoclem,
1650 3023 1779 3062 propter
1815 3028 1976 3052 summam
2010 3021 2208 3052 senectutem

1185 3071 1379 3103 suffocatum
1394 3079 1464 3102 esse
1479 3069 1614 3109 ideoque
1627 3069 1727 3100 vitam
1746 3067 1878 3099 finiisse.
1942 3067 2025 3099 Ister
2040 3065 2102 3106 ait,
2115 3067 2209 3099 Athe-

1184 3119 1312 3150 nienses
1340 3118 1437 3158 hujus
1464 3117 1525 3149 viri
1550 3116 1670 3149 virtute
1695 3117 1876 3148 commotos
1903 3114 2105 3154 decrevisse,
2132 3123 2209 3156 quo-

1184 3165 1291 3197 tannis
1304 3164 1333 3196 ei
1351 3173 1478 3196 sacrum
1495 3163 1607 3196 tacere.

1586 3219 1803 3235 ⁴000-—

1507 3262 1882 3304 COMMENTARII.

1222 3374 1315 3407 Unde
1342 3374 1421 3406 urbs
1447 3328 1911 3407 Ithacensium53lalcomenae
1937 3372 2140 3414 appellatur?
