2294 3704
64 167 204 196 xxvnl

64 255 143 294 que
171 241 289 280 modo
320 241 561 282 Heraclidem
599 241 634 278 ἐν
665 241 709 290 τῇ
735 239 924 288 συναγωγῇ
951 238 1021 274 τῶν
1049 237 1083 275 ἐν

67 302 218 352 μουσικῇ
243 300 449 352 (Plutarch.
463 303 520 337 De
541 299 711 345 Musica,
731 305 823 333 tom.
841 299 892 342 II,
909 309 948 346 p.
971 294 1086 347 1181)

71 368 244 410 tempora
260 359 478 396 distinxisse
491 357 641 395 scimus.
662 355 737 394 Sed
753 354 928 405 quamvis
948 367 1086 404 genea-

68 417 255 468 logiarum
274 425 312 454 et
329 416 543 454 fabularum
562 423 599 452 et
618 414 782 451 aliorum
800 413 960 450 fortasse
980 421 1087 451 cata-

68 477 242 526 logorum
276 475 561 526 comparatione
598 473 716 510 multa
761 471 809 509 ad
847 471 1088 509 sacerdotum

67 547 188 572 annos
204 533 454 579 revocaverit,
468 532 540 568 alia
554 531 674 568 multa
686 543 734 567 ne
754 530 814 567 his
830 530 986 580 quidem
1001 529 1091 567 sub—

68 593 173 631 sidiis
197 599 371 630 accurate
394 589 575 627 constitui
593 597 818 640 potuerunt.
851 591 980 635 Quare
998 589 1090 626 vul—-

67 663 198 702 garem
224 650 331 687 illum
351 647 558 686 secundum
579 648 843 698 generationes
862 647 1091 686 numerandi

68 721 214 747 morem
227 721 302 744 non
316 719 473 757 prorsus
493 706 648 757 reliquit
663 706 713 758 (v.
726 718 760 745 e.
775 718 811 757 g.
827 706 871 743 fr.
889 705 981 757 83);
997 705 1092 756 quid

68 767 174 818 quod
195 765 385 804 interdum
410 772 612 815 utramque
629 764 879 815 computandi
901 765 1091 802 rationem

69 824 270 875 conjunxit
306 824 366 874 (fr.
413 823 493 875 53).
524 825 679 862 Mireris
727 823 848 875 igitur
897 823 1093 874 quomodo

68 883 290 922 Hellanicus
305 883 366 930 (fr.
385 883 449 933 62)
471 882 519 920 ad
537 897 682 920 annum
703 884 947 934 exputaverit
968 884 1090 934 spati—

67 955 133 979 um
168 943 269 979 inter
301 944 472 993 Ogygem
498 951 615 992 atque
643 943 805 994 primam
826 943 1094 992 Olympiadem

67 1002 261 1051 elapsum3
287 1015 424 1039 verum
455 1002 549 1039 tales
568 1002 875 1053 computationes
898 1000 980 1051 jam
1006 1010 1094 1039 ante

66 1060 255 1098 Hellanici
273 1068 423 1097 aetatem
440 1060 558 1098 factas
577 1073 658 1098 esse
673 1060 901 1111 intelligitur
915 1074 963 1097 ex
976 1062 1095 1098 Hero—

67 1119 160 1157 doto
178 1119 253 1168 (ΙΙ,
282 1120 390 1170 145);
423 1129 538 1171 atque
569 1122 659 1159 satis
688 1122 790 1159 facili
816 1122 973 1171 negotio
992 1121 1095 1159 hunc

67 1191 271 1217 numerum
300 1192 445 1230 ponere
467 1181 617 1230 potuit,
638 1181 784 1232 quippe
805 1181 890 1231 qui,
921 1181 1095 1231 quamvis

68 1239 181 1277 nobis
201 1241 509 1278 accuratissimus
531 1254 613 1279 esse
631 1241 824 1292 videatur,
849 1242 1003 1279 nonnisi
1024 1255 1096 1279 ma-

64 1299 190 1349 jorem
207 1299 400 1350 quandam
429 1301 615 1352 epocham
635 1302 818 1348 involvat,
840 1302 1006 1352 ideoque
1024 1315 1094 1352 pro

67 1359 249 1405 rotundo,
262 1366 306 1395 ut
321 1359 442 1407 aiunt,
454 1359 653 1398 habendus
670 1360 719 1397 sit
727 1374 738 1406 ;
757 1360 796 1398 id
815 1361 918 1410 quod
936 1361 1095 1398 fortasse

68 1417 143 1454 alio
164 1417 251 1453 loco
274 1416 559 1455 demonstrabo.

120 1475 371 1514 Sacerdotum
387 1489 485 1526 opus
499 1477 794 1527 intelligendum
807 1490 889 1515 esse
903 1491 1039 1515 censeo
1056 1477 1095 1515 in

67 1534 220 1572 duobus
236 1535 308 1572 illis
318 1534 540 1584 fragmentis
558 1536 609 1586 (3,
624 1535 705 1586 96),
721 1535 860 1586 quibus
877 1537 1096 1575 Hellanicus

68 1593 103 1629 ἐν
130 1591 313 1645 Ἱστορίαις
333 1593 484 1630 citatur.
512 1594 684 1631 Alterum
702 1608 836 1632 eorum
855 1609 903 1632 ex
923 1597 1095 1634 Herculis

68 1651 228 1689 historia
247 1651 424 1702 petitum,
447 1652 494 1689 ad
512 1652 752 1703 eandemque
767 1663 916 1704 spectat
934 1655 1095 1693 alterum

67 1711 115 1747 de
135 1710 411 1760 Hyperboreis·
440 1712 615 1749 Herculis
637 1725 698 1749 res
731 1722 894 1751 narratae
924 1722 1032 1752 erant
1055 1715 1094 1752 in

68 1768 314 1815 Phoronide;
333 1769 410 1806 haec
430 1783 524 1807 vero
545 1770 593 1808 ab
616 1772 796 1810 Historiis
814 1786 995 1823 expresse
1012 1773 1092 1811 dis-

67 1827 270 1878 tinguitur.
303 1829 348 1866 In
385 1828 544 1866 Atthide
577 1843 696 1880 porro
731 1832 907 1869 Herculis
934 1832 1095 1870 historia

27 1899 29 1901 ·
68 1886 223 1923 tractari
239 1899 317 1923 non
332 1887 480 1937 potuit3
501 1887 542 1924 in
560 1888 835 1927 Sacerdotibus
865 1898 993 1927 autem
1013 1890 1094 1941 ejus

67 1943 239 1982 facinora
285 1945 497 1982 secundum
553 1946 729 1984 ordinem
776 1948 1095 2000 chronologicum

67 2003 244 2054 exposita
263 2016 345 2040 esse
365 2017 438 2054 pro
455 2013 562 2043 certo
583 2005 865 2044 affirmaverim.
884 2011 971 2055 Quo
990 2021 1095 2046 acce-

67 2067 125 2104 dit
143 2067 247 2118 quod
264 2068 384 2105 hocce
397 2082 510 2118 opus,
530 2069 675 2120 quippe
686 2070 791 2120 quod
802 2085 881 2108 non
893 2072 1017 2109 solum
1034 2086 1094 2111 res

66 2127 243 2176 Graeciae,
271 2127 338 2164 sed
364 2128 477 2165 etiam
497 2142 582 2179 quae
604 2129 644 2166 in
665 2131 755 2167 Asia
776 2131 938 2181 minori,
970 2132 1093 2179 Italia,

59 2170 196 2223 'Sicilia
214 2195 428 2224 memoratu
448 2187 563 2237 digna
581 2197 801 2237 evenerant,
824 2191 1095 2241 complectere-

67 2253 152 2293 tur,
180 2258 261 2295 prae
289 2246 424 2283 ceteris
447 2248 676 2297 generaliori
699 2249 957 2286 Historiarum
982 2250 1093 2288 titulo

67 2303 261 2353 designari
278 2304 418 2354 potuit,
439 2305 652 2357 eodemque
669 2316 771 2344 certe
781 2307 869 2357 jure
891 2321 969 2358 quo
984 2308 1091 2346 Cha-

66 2363 172 2400 ronis
186 2361 381 2417 Πρυτάνεις
393 2365 682 2416 Λακεδαιμονίων
696 2367 911 2417 appellatos
925 2367 1093 2406 vidimus

66 2419 274 2469 Ἑλληνικά.
295 2445 348 2451 --
362 2422 493 2461 Verbo
517 2424 683 2475 denique
700 2438 962 2463 commemoro
983 2428 1093 2464 Stur-

65 2481 112 2518 zii
145 2482 391 2532 opinionem,
426 2483 493 2532 qui
531 2491 738 2534 propterea
768 2484 873 2534 quod
905 2484 1092 2524 Callithoe

66 2539 246 2577 sacerdos
278 2540 352 2577 fuit
389 2554 410 2578 e
437 2541 628 2579 Phoronei
663 2543 848 2593 posteris,
875 2544 1092 2594 suspicatur

65 2611 164 2648 opus
180 2598 275 2636 illud
290 2599 537 2637 Sacerdotum
554 2601 669 2638 fuisse
684 2610 832 2652 partem
851 2602 1090 2641 Phoronidis.

119 2656 227 2694 Libri
238 2657 486 2695 Sacerdotum
502 2659 707 2697 laudantur
721 2668 809 2709 tres,
827 2673 951 2710 neque
962 2662 1091 2712 plures

66 2714 254 2752 desidero.
281 2715 399 2754 Libro
422 2717 550 2766 primo
571 2731 631 2756 res
647 2718 822 2756 deductae
839 2727 948 2756 erant
968 2733 1090 2771 usque

66 2774 115 2810 ad
135 2787 295 2824 regnum
315 2776 451 2814 Thesei
470 2785 507 2814 et
527 2778 703 2816 Herculis
729 2778 958 2830 apotheosin
972 2807 982 2824 ‚
1004 2794 1089 2830 quae

67 2845 202 2882 magna
219 2842 300 2870 erat
322 2834 519 2873 veteribus
540 2837 847 2888 chronographis
868 2845 1087 2888 temporum

66 2891 274 2937 distinctio,
289 2906 479 2944 quamque
493 2898 663 2933 Marmor
677 2897 955 2934 Farnesianum
972 2897 1089 2934 refert

66 2949 113 2986 ad
140 2963 281 2987 annum
310 2953 666 3003 quinquagesimum
692 2963 873 2992 octavum
891 2954 1086 2994 Admetae:

67 3008 204 3046 ΗΡΑΣ
243 3010 460 3049 ΑΡΓΕΙΑΣ
489 3012 661 3050 IEPEIA
690 3013 896 3051 ΑΔΜΑΤΑ
931 3013 1086 3053 ΕΥΡΥ-

70 3066 243 3105 ΣΘΕΩΣ
263 3068 349 3105 ΚΑΙ
367 3069 610 3108 ΑΔΜΑΤΑΣ
628 3072 730 3110 ΤΑΣ
753 3071 1084 3111 ΑΜΦΙΔΑΜΑΝ-

66 3137 169 3175 ΤΟΣ
187 3137 289 3176 ΕΤΗ
308 3138 389 3175 ΝΗ.
409 3140 498 3175 Haee
506 3151 598 3176 vero
607 3140 782 3177 Herculis
794 3140 1032 3178 consecratio
1046 3142 1084 3179 in

65 3195 230 3232 eundem
245 3195 322 3232 fere
332 3208 475 3232 annum
483 3196 597 3242 cadit,
613 3210 690 3246 quo
701 3198 870 3236 Theseus
882 3199 920 3235 in
934 3201 1084 3237 Cretam

67 3253 265 3305 profectus
279 3262 336 3291 est
357 3253 406 3305 (v.
421 3254 551 3291 Freret
566 3255 604 3291 in
617 3257 734 3293 Me'm.
746 3259 791 3292 de
809 3259 947 3294 l'Acad
955 3287 964 3295 .
978 3260 1083 3306 XIV,

65 3323 106 3363 p.
128 3311 233 3363 273).
264 3315 349 3350 Jam
385 3311 511 3349 Nisaea
539 3325 560 3349 a
581 3312 691 3361 Niso,
719 3314 834 3352 fratre
857 3316 987 3366 AEgei,
1016 3317 1083 3367 qui

67 3380 177 3421 pater
206 3380 288 3410 erat
304 3371 461 3418 Thesei,
484 3371 680 3409 nominata
718 3386 799 3410 esse
836 3384 1013 3413 narratur
1033 3389 1082 3414 ex

917 151 984 189 DE
1012 149 1320 190 HELLANICO.

1147 236 1250 275 libro
1263 237 1390 288 primo
1408 238 1469 290 (fr.
1487 238 1566 290 47),
1580 252 1715 277 verum
1727 240 1900 277 Minoem
1915 245 2020 287 (nam
2035 240 2082 278 de
2097 241 2171 279 hoc
2223 253 2226 256 ·

1147 308 1275 333 sermo
1306 310 1388 334 esse
1418 296 1548 349 debet)
1581 301 1615 336 N
1618 298 1746 336 isaeam
1775 299 1922 349 cepisse
1953 306 1991 337 et
2021 298 2172 347 Nisum,

1149 354 1368 401 Pandionis,
1384 355 1543 393 affertur
1556 370 1604 394 ex
1617 356 1799 394 secundo.
1822 356 1936 395 Unde
1950 364 2057 408 patet
2076 357 2173 397 illud

1149 412 1187 450 in
1204 413 1278 451 fine
1297 413 1387 451 libri
1404 415 1520 465 primi
1539 424 1736 454 narratum
1753 429 1848 462 esse,
1870 416 1945 453 hoc
1959 416 2070 453 initio
2084 415 2175 455 libri

1150 471 1319 510 secundi.
1348 475 1443 510 Cum
1469 473 1540 510 hac
1561 487 1602 511 re
1621 473 1806 524 quadrat,
1827 474 1932 525 quod
1953 475 2175 513 Hellanicus

1149 531 1459 582 Theseum,non,
1473 533 1585 570 sicuti
1604 533 1871 580 Philochorus,
1886 547 1961 571 una
1978 547 2066 571 cum
2080 536 2176 572 Her-

1150 589 1255 636 cule,
1278 589 1366 637 sed,
1391 598 1432 627 ut
1462 590 1699 641 Pherecydes
1723 599 1762 628 et
1785 591 2024 640 Herodorus,
2051 593 2177 631 solum

1151 655 1242 698 post
1277 648 1481 686 Herculem
1505 657 1639 686 contra
1657 652 1871 688 Amazonas
1889 651 2176 701 expeditionem

1152 706 1366 756 suscepisse
1401 705 1505 744 dicit.
1543 708 1667 758 Igitur
1701 707 1800 745 liber
1818 708 2008 746 secundus
2035 718 2178 760 praeter

1154 777 1315 815 regnum
1350 765 1490 803 Thesei
1521 766 1702 816 persequi
1741 765 1876 804 debuit
1913 780 1974 804 res
2006 768 2177 818 Troicas,

1154 826 1348 877 praecipue
1359 825 1528 864 colonias
1539 829 1763 864 Graecorum
1775 835 1814 864 et
1825 826 2080 877 Trojanorum
2091 836 2180 879 post

1155 885 1217 923 Ilii
1227 884 1419 922 excidium
1431 885 1470 922 in
1481 885 1628 923 Italiam
1643 885 1825 924 deductas
1834 887 1950 936 (inter
1960 900 2054 938 quas
2064 888 2180 926 etiam
2222 891 2223 894 ’

1154 947 1288 981 Romae
1321 944 1556 982 mentionem
1588 944 1767 995 injectam
1799 945 1973 984 videmus
2017 945 2064 985 fr.
2098 946 2177 997 53).

1155 1005 1284 1048 Quare
1299 1003 1374 1040 huc
1386 1003 1512 1041 refero
1529 1011 1567 1041 et
1575 1004 1707 1054 fragm.
1724 1009 1787 1052 74,
1806 1002 1873 1041 ubi
1885 1004 2052 1042 Theseus
2069 1004 2181 1054 quin-

1155 1062 1338 1112 quaginta
1357 1076 1477 1100 annos
1498 1071 1609 1101 natus
1623 1063 1808 1101 Helenam
1826 1072 1971 1114 septem
1989 1077 2179 1101 annorum

1155 1121 1323 1170 puellam
1342 1122 1516 1172 rapuisse
1538 1122 1703 1170 dicitur,
1729 1131 1767 1159 et
1790 1123 1923 1173 fragm.
1951 1128 2023 1168 144
2047 1123 2096 1161 de
2118 1123 2181 1161 die

1156 1192 1235 1229 quo
1261 1188 1373 1230 capta
1393 1181 1443 1217 sit
1464 1180 1595 1231 Troja.
1618 1183 1828 1231 Quousque
1852 1181 1914 1218 hic
1937 1181 2036 1219 liber
2055 1182 2180 1232 perti-

1155 1239 1308 1286 nuerit,
1326 1248 1504 1278 accurate
1537 1240 1613 1277 dici
1641 1241 1796 1290 nequit;
1817 1240 1885 1278 sed
1914 1254 2032 1291 quum
2065 1254 2112 1279 ex
2132 1254 2180 1279 eo

1155 1297 1463 1336 Chalcidensium
1481 1307 1520 1336 et
1531 1299 1743 1336 Naxiorum
1759 1299 1918 1337 coloniae
1933 1299 2035 1337 circa
2049 1312 2084 1338 a.
2103 1300 2180 1347 736

1156 1370 1189 1394 a.
1212 1356 1299 1394 Chr.
1331 1357 1372 1394 in
1401 1358 1568 1395 Siciliam
1609 1357 1782 1395 deductae
1816 1366 2180 1407 commemorentur,

1155 1413 1409 1464 probabiliter
1423 1428 1544 1466 usque
1563 1414 1612 1453 ad
1626 1414 1724 1452 bella
1738 1416 1886 1454 Medica
1900 1416 2098 1454 descendit
2109 1416 2179 1468 (2).

1155 1473 1271 1511 Liber
1302 1475 1437 1512 tertius
1469 1475 1662 1526 reliquum
1691 1483 1840 1526 tempus
1867 1477 2091 1527 complexus
2111 1485 2179 1514 est.

1157 1535 1285 1570 Unum
1308 1533 1413 1583 quod
1429 1543 1605 1585 superest
1621 1547 1667 1572 ex
1687 1548 1734 1572 eo
1751 1536 2005 1586 fragmentum
2024 1535 2108 1588 (52)
2131 1536 2181 1574 ad

1154 1590 1297 1628 bellum
1321 1593 1693 1643 Peloponnesiacum
1713 1596 1923 1632 retulerim.

1208 1651 1354 1699 Quodsi
1375 1652 1493 1702 igitur
1508 1653 1590 1690 haec
1605 1662 1709 1690 recte
1729 1654 1935 1705 disputavi,
1955 1655 2180 1693 Sacerdotes

1154 1720 1263 1749 erant
1282 1713 1474 1762 peculiare
1499 1727 1598 1764 opus
1626 1722 1664 1752 et
1688 1714 1738 1752 ab
1774 1715 1931 1753 Atthide
1970 1715 2178 1765 diversum,

1154 1782 1407 1820 quamquam,
1435 1785 1484 1808 ne
1513 1772 1607 1822 quid
1633 1772 1886 1824 dissimulem,
1921 1782 2009 1811 sunt
2035 1788 2119 1825 quae
2139 1775 2181 1812 in

1154 1828 1312 1865 alteram
1363 1830 1589 1868 sententiam
1627 1832 1750 1882 possis
1788 1833 1992 1871 adducere.
2027 1835 2179 1872 Etenim

1154 1886 1248 1938 frag.
1275 1893 1347 1932 144
1366 1891 1519 1926 Tzetzes
1553 1890 1607 1928 ait
1631 1890 1961 1943 Trojam'captam
1998 1906 2080 1931 esse
2100 1907 2180 1944 quo

1155 1953 1329 1997 tempore
1355 1947 1546 1986 Καλλιστὼ
1572 1948 1681 2003 ἱέρεια
1704 1951 1855 1993 κλειναῖς
1878 1944 1921 1997 ἦν
1947 1952 1982 1989 ἐν
2005 1950 2177 1999 Ἀθήναις.

1153 2009 1275 2043 Porro
1292 2007 1506 2057 Hesychius
1531 2008 1582 2058 (v.
1599 2006 1671 2059 Ἰώ)
1691 2011 1843 2055 Ionem,
1861 2023 1947 2060 quae
1962 2011 2088 2061 prima
2105 2011 2179 2048 fuit

1154 2065 1329 2103 sacerdos
1338 2069 1358 2104 J
1363 2067 1499 2104 unonis
1513 2066 1678 2116 Argivae,
1694 2067 1928 2105 sacerdotem
1939 2068 2033 2106 dicit
2040 2069 2180 2107 Miner-

1153 2135 1221 2160 vae.
1238 2125 1477 2175 Utrumque,
1496 2124 1570 2162 nisi
1586 2125 1720 2174 fallor,
1735 2129 1795 2163 'ex
1814 2127 1976 2165 Atthide
1992 2128 2177 2166 Hellanici

1154 2183 1318 2233 petitum
1339 2192 1418 2231 est,
1447 2184 1513 2235 qui
1543 2198 1663 2234 quum
1688 2186 1915 2236 simpliciter
1936 2187 2079 2226 diceret
2097 2201 2179 2226 rem

1154 2241 1320 2292 aliquam
1331 2242 1512 2280 accidisse
1525 2243 1599 2280 sub
1616 2244 1689 2281 hac
1699 2245 1757 2282 vel
1771 2245 1835 2282 illa
1845 2246 2056 2294 sacerdote,
2068 2247 2178 2285 facile

1153 2310 1209 2339 est
1221 2302 1436 2349 intellectu,
1467 2303 1664 2354 quomodo
1694 2306 1819 2343 minus
1835 2307 1971 2344 attenti
1987 2310 2178 2346 Junonem

1154 2374 1240 2398 cum
1256 2361 1326 2400 dea
1333 2362 1621 2400 Atheniensium
1630 2364 1887 2403 confuderint.
1903 2369 2038 2417 Neque
2050 2375 2176 2404 tamen

1153 2419 1234 2456 haec
1250 2420 1464 2472 sufficiunt,
1494 2430 1534 2459 ut
1549 2422 1747 2460 Atthidem
1764 2431 1802 2460 et
1814 2424 2038 2462 Sacerdotes
2055 2438 2176 2462 unum

1151 2476 1332 2528 idemque
1349 2492 1446 2529 opus
1462 2480 1579 2517 fuisse
1593 2480 1806 2518 credamus.
1822 2480 1926 2520 Urbs
1939 2485 1968 2518 T
1969 2483 2053 2533 roja
2065 2492 2177 2533 capta

1151 2545 1209 2573 est
1230 2537 1364 2575 eodem
1388 2551 1510 2586 ann0,
1536 2552 1615 2588 quo
1630 2539 1863 2589 Demophon
1877 2553 1946 2577 rex
1963 2541 2177 2579 Athenien-

1152 2594 1248 2632 sium
1263 2595 1473 2647 imperium
1490 2597 1660 2647 suscepit
1683 2598 1732 2648 (v.
1751 2598 1797 2635 fr.
1816 2599 1918 2649 143),
1934 2612 1978 2636 ac
1998 2609 2175 2652 propter-

1150 2666 1194 2690 ea
1217 2662 1306 2704 apte
1327 2655 1456 2704 potuit
1481 2655 1562 2693 haec
1585 2669 1646 2694 res
1665 2657 1869 2694 memorari
1886 2657 1925 2694 in
1945 2658 2117 2705 Atthide,
2134 2660 2173 2696 in

1192 2775 1237 2816 (2)
1255 2778 1292 2808 In
1320 2777 1434 2818 fragm.
1459 2779 1501 2811 49
1525 2778 1624 2810 verba
1647 2779 1764 2811 mutila
1784 2780 1935 2818 Ἀθηναῖοι
2010 2781 2090 2813 εἷλον
2107 2790 2172 2813 non

1149 2825 1227 2855 sunt
1253 2823 1426 2864 Hellanici,
1444 2827 1481 2856 ut
1505 2825 1653 2858 doceto.
1675 2826 1799 2858 Muller.
1827 2827 1859 2858 in
1881 2827 1963 2858 libro
1989 2828 2029 2860 de
2051 2828 2173 2868 Minyis

1147 2879 1180 2911 p.
1202 2873 1274 2911 416,
1291 2871 1349 2903 ubi
1362 2872 1460 2904 simul
1475 2872 1563 2904 hunc
1580 2872 1613 2904 in
1628 2873 1761 2905 modum
1779 2875 1948 2906 emendata
1969 2877 2047 2906 sunt
2064 2885 2071 2906 :
2089 2875 2170 2914 Ἀθη,-

1147 2920 1227 2949 ναῖοι
1239 2919 1293 2950 καὶ
1309 2921 1338 2950 οἱ
1363 2920 1429 2959 μετ’
1443 2920 1545 2950 αὐτῶν
1562 2920 1611 2951 ἐπὶ
1627 2921 1697 2956 τοὺς
1712 2921 1981 2962 Ὀρχομενίζοντας
1997 2924 2059 2952 τῶν
2075 2923 2171 2954 Boun-

1146 2967 1208 2995 τῶν
1227 2965 1435 3007 ἐφορμώμενοι
1459 2966 1649 3008 Χαιρώνειαν
1670 2967 1749 2999 εἷλον
1769 2967 1857 2999 πόλιν
1875 2968 2095 3009 Ὀρχομενίων.
2111 2970 2170 3001 Re-

1147 3011 1276 3043 ferenda
1291 3012 1377 3044 enim
1399 3012 1440 3044 ad
1456 3012 1634 3045 Tolmidem
1651 3013 1784 3045 Tolmaei
1807 3014 1831 3045 f.
1855 3023 1930 3046 eum
1949 3015 2033 3046 haud
2054 3015 2170 3056 exigua

1146 3066 1242 3090 manu
1254 3059 1497 3091 Atheniensium
1511 3060 1691 3101 profectum
1709 3063 1820 3093 contra
1831 3063 2017 3094 Boeotorum
2033 3063 2168 3103 optima-

1147 3108 1211 3145 tes,
1232 3106 1288 3146 qui
1309 3107 1568 3147 Orchomenum,
1597 3108 1824 3149 Chaeroneam,
1856 3109 1954 3150 inque
1976 3110 2054 3142 alias
2079 3110 2168 3143 hisce

1145 3153 1267 3185 vicinas
1285 3153 1381 3185 urbes
1400 3162 1471 3185 sese
1486 3157 1680 3195 receperant.
1708 3156 1824 3187 Procul
1848 3155 1948 3188 dubio
1974 3157 2041 3188 haec
2066 3157 2167 3197 petita

1144 3203 1220 3232 sunt
1235 3209 1276 3232 ex
1291 3201 1479 3233 Hellanicis
1501 3201 1713 3243 Theopompi,
1741 3211 1815 3243 quae
1840 3203 1924 3244 apud
1940 3203 2078 3236 eundem
2098 3206 2163 3238 Ste-

1144 3247 1285 3287 phanum
1308 3255 1340 3278 ν.
1367 3247 1512 3289 Ὤρωπος
1531 3247 1565 3279 in
1591 3248 1745 3280 Hellanici
1768 3258 1886 3281 nomen
1912 3249 2070 3283 abierunt.
2091 3253 2164 3289 Quo

1143 3295 1316 3326 commisso
1333 3302 1457 3334 errore,
1480 3303 1582 3335 quum
1602 3295 1786 3327 Hellanicus
1801 3295 1867 3335 jam
1895 3299 1987 3329 antea
2010 3297 2162 3330 laudatus

1142 3344 1244 3379 esset,
1260 3340 1358 3372 verba
1380 3340 1500 3380 quibus
1522 3341 1706 3382 Θεόπομπος
1730 3341 1918 3380 Ἑλληνικοῖς
1937 3344 2054 3376 citatus
2073 3346 2159 3385 erat,

1141 3387 1182 3420 ab
1197 3386 1259 3420 alio
1275 3388 1394 3420 omissa
1409 3395 1478 3420 esse
1493 3387 1653 3421 videntur.
