<?xml version="1.0" encoding="UTF-8"?>
<!DOCTYPE html PUBLIC "-//W3C//DTD XHTML 1.0 Transitional//EN"
    "http://www.w3.org/TR/xhtml1/DTD/xhtml1-transitional.dtd">
<html xmlns="http://www.w3.org/1999/xhtml" xml:lang="en" lang="en">
 <head>
  <title>
</title>
<meta http-equiv="Content-Type" content="text/html;charset=utf-8" />
  <meta name='ocr-system' content='tesseract 3.04.00' />
  <meta name='ocr-capabilities' content='ocr_page ocr_carea ocr_par ocr_line ocrx_word'/>
</head>
<body>
  <div class='ocr_page' id='page_1' title='image "./fragmentahistori01mueluoft_0467.png"; bbox 0 0 2320 3684; ppageno 0'>
   <div class='ocr_carea' id='block_1_1' title="bbox 784 102 1431 147">
    <p class='ocr_par' dir='ltr' id='par_1_1' title="bbox 784 102 1431 147">
     <span class='ocr_line' id='line_1_1' title="bbox 784 102 1431 147; baseline -0.003 -1"><span class='ocrx_word' id='word_1_1' title='bbox 784 105 1068 147; x_wconf 87' lang='lat' dir='ltr'><strong>CLITODEMI</strong></span> <span class='ocrx_word' id='word_1_2' title='bbox 1095 102 1431 146; x_wconf 83' lang='lat' dir='ltr'>FRAGMENTA.</span> 
     </span>
    </p>
   </div>
   <div class='ocr_carea' id='block_1_2' title="bbox 51 186 1085 488">
    <p class='ocr_par' dir='ltr' id='par_1_2' title="bbox 51 186 1083 430">
     <span class='ocr_line' id='line_1_2' title="bbox 51 186 1080 251; baseline -0.011 -10"><span class='ocrx_word' id='word_1_3' title='bbox 51 200 210 241; x_wconf 84' lang='grc' dir='ltr'>λεύουσιν</span> <span class='ocrx_word' id='word_1_4' title='bbox 229 201 262 238; x_wconf 82' lang='grc' dir='ltr'>οἱ</span> <span class='ocrx_word' id='word_1_5' title='bbox 282 198 346 251; x_wconf 79' lang='grc' dir='ltr'>μὲν</span> <span class='ocrx_word' id='word_1_6' title='bbox 364 195 537 239; x_wconf 81' lang='grc' dir='ltr'>Πλειάδος</span> <span class='ocrx_word' id='word_1_7' title='bbox 548 211 557 220; x_wconf 86' lang='grc'>·</span> <span class='ocrx_word' id='word_1_8' title='bbox 575 193 680 249; x_wconf 81' lang='grc' dir='ltr'>ξηρὰν</span> <span class='ocrx_word' id='word_1_9' title='bbox 699 193 768 248; x_wconf 85' lang='grc' dir='ltr'>γὰρ</span> <span class='ocrx_word' id='word_1_10' title='bbox 786 191 933 245; x_wconf 79' lang='grc' dir='ltr'>ἄνικμόν</span> <span class='ocrx_word' id='word_1_11' title='bbox 954 208 993 231; x_wconf 82' lang='grc' dir='ltr'>τε</span> <span class='ocrx_word' id='word_1_12' title='bbox 1017 186 1080 231; x_wconf 76' lang='grc' dir='ltr'>οὗ-</span> 
     </span>
     <span class='ocr_line' id='line_1_3' title="bbox 52 250 1081 313; baseline -0.012 -13"><span class='ocrx_word' id='word_1_13' title='bbox 52 276 117 300; x_wconf 88' lang='grc' dir='ltr'>σαν</span> <span class='ocrx_word' id='word_1_14' title='bbox 157 258 399 313; x_wconf 72' lang='grc' dir='ltr'>διαφυλάττειν</span> <span class='ocrx_word' id='word_1_15' title='bbox 435 255 476 295; x_wconf 83' lang='grc' dir='ltr'>τὸ</span> <span class='ocrx_word' id='word_1_16' title='bbox 513 253 656 308; x_wconf 81' lang='grc' dir='ltr'>σπέρμα</span> <span class='ocrx_word' id='word_1_17' title='bbox 691 251 757 300; x_wconf 81' lang='grc' dir='ltr'>τὴν</span> <span class='ocrx_word' id='word_1_18' title='bbox 784 253 869 303; x_wconf 72' lang='grc' dir='ltr'>γῆν·</span> <span class='ocrx_word' id='word_1_19' title='bbox 897 252 930 290; x_wconf 78' lang='grc' dir='ltr'>οἱ</span> <span class='ocrx_word' id='word_1_20' title='bbox 955 250 986 289; x_wconf 88' lang='grc' dir='ltr'>δ’</span> <span class='ocrx_word' id='word_1_21' title='bbox 1005 251 1081 302; x_wconf 83' lang='grc' dir='ltr'>ἅμα</span> 
     </span>
     <span class='ocr_line' id='line_1_4' title="bbox 51 309 1083 367; baseline -0.011 -9"><span class='ocrx_word' id='word_1_22' title='bbox 51 318 204 358; x_wconf 87' lang='grc' dir='ltr'>Πλειάσι</span> <span class='ocrx_word' id='word_1_23' title='bbox 222 315 426 367; x_wconf 81' lang='grc' dir='ltr'>δυομέναις,</span> <span class='ocrx_word' id='word_1_24' title='bbox 459 313 578 367; x_wconf 80' lang='grc' dir='ltr'>ὥσπερ</span> <span class='ocrx_word' id='word_1_25' title='bbox 600 311 661 351; x_wconf 72' lang='grc' dir='ltr'>καὶ</span> <span class='ocrx_word' id='word_1_26' title='bbox 681 309 902 363; x_wconf 81' lang='grc' dir='ltr'>Κλείδημος·</span> <span class='ocrx_word' id='word_1_27' title='bbox 933 309 1083 362; x_wconf 83' lang='grc' dir='ltr'>ἐπιγίνε-</span> 
     </span>
     <span class='ocr_line' id='line_1_5' title="bbox 53 367 1080 430; baseline -0.01 -14"><span class='ocrx_word' id='word_1_28' title='bbox 53 380 132 416; x_wconf 78' lang='grc' dir='ltr'>σθαι</span> <span class='ocrx_word' id='word_1_29' title='bbox 147 375 215 430; x_wconf 80' lang='grc' dir='ltr'>γὰρ</span> <span class='ocrx_word' id='word_1_30' title='bbox 231 374 340 414; x_wconf 81' lang='grc' dir='ltr'>ὕδατα</span> <span class='ocrx_word' id='word_1_31' title='bbox 358 372 418 412; x_wconf 78' lang='grc' dir='ltr'>καὶ</span> <span class='ocrx_word' id='word_1_32' title='bbox 434 371 550 411; x_wconf 82' lang='grc' dir='ltr'>πολλὰ</span> <span class='ocrx_word' id='word_1_33' title='bbox 565 373 610 425; x_wconf 81' lang='grc' dir='ltr'>τῇ</span> <span class='ocrx_word' id='word_1_34' title='bbox 629 369 763 423; x_wconf 76' lang='grc' dir='ltr'>ἑὸδόμῃ</span> <span class='ocrx_word' id='word_1_35' title='bbox 780 368 871 421; x_wconf 83' lang='grc' dir='ltr'>μετὰ</span> <span class='ocrx_word' id='word_1_36' title='bbox 888 367 952 417; x_wconf 81' lang='grc' dir='ltr'>τὴν</span> <span class='ocrx_word' id='word_1_37' title='bbox 971 367 1080 407; x_wconf 87' lang='grc' dir='ltr'>δύσιν.</span> 
     </span>
    </p>

    <p class='ocr_par' dir='ltr' id='par_1_3' title="bbox 105 427 1085 488">
     <span class='ocr_line' id='line_1_6' title="bbox 105 427 1085 488; baseline -0.009 -14"><span class='ocrx_word' id='word_1_38' title='bbox 105 439 180 475; x_wconf 86' lang='lat' dir='ltr'>Pro</span> <span class='ocrx_word' id='word_1_39' title='bbox 199 435 350 488; x_wconf 75' lang='grc' dir='ltr'>ἐπιῤῥεῖν</span> <span class='ocrx_word' id='word_1_40' title='bbox 382 431 631 471; x_wconf 80' lang='lat' dir='ltr'><strong>scribendum</strong></span> <span class='ocrx_word' id='word_1_41' title='bbox 657 442 739 469; x_wconf 89' lang='lat' dir='ltr'><strong>esse</strong></span> <span class='ocrx_word' id='word_1_42' title='bbox 766 427 919 482; x_wconf 85' lang='grc' dir='ltr'>σπείρειν</span> <span class='ocrx_word' id='word_1_43' title='bbox 952 435 1085 466; x_wconf 85' lang='lat' dir='ltr'><strong>monet</strong></span> 
     </span>
    </p>
   </div>
   <div class='ocr_carea' id='block_1_3' title="bbox 52 493 618 582">
    <p class='ocr_par' dir='ltr' id='par_1_4' title="bbox 52 493 618 582">
     <span class='ocr_line' id='line_1_7' title="bbox 52 493 227 535; baseline -0.017 0"><span class='ocrx_word' id='word_1_44' title='bbox 52 493 227 535; x_wconf 87' lang='lat' dir='ltr'><strong>Siebelis.</strong></span> 
     </span>
     <span class='ocr_line' id='line_1_8' title="bbox 535 542 618 582; baseline 0 -2"><span class='ocrx_word' id='word_1_45' title='bbox 535 542 600 582; x_wconf 82' lang='lat'>29.</span> <span class='ocrx_word' id='word_1_46' title='bbox 616 578 618 580; x_wconf 87' lang='lat'>.</span> 
     </span>
    </p>
   </div>
   <div class='ocr_carea' id='block_1_4' title="bbox 53 597 1087 834">
    <p class='ocr_par' dir='ltr' id='par_1_5' title="bbox 53 597 1087 834">
     <span class='ocr_line' id='line_1_9' title="bbox 105 597 1086 656; baseline -0.007 -12"><span class='ocrx_word' id='word_1_47' title='bbox 105 604 356 656; x_wconf 77' lang='lat' dir='ltr'><strong>Theophrast.</strong></span> <span class='ocrx_word' id='word_1_48' title='bbox 369 606 428 642; x_wconf 89' lang='lat' dir='ltr'><strong>De</strong></span> <span class='ocrx_word' id='word_1_49' title='bbox 444 615 547 642; x_wconf 82' lang='lat' dir='ltr'><strong>cauS.</strong></span> <span class='ocrx_word' id='word_1_50' title='bbox 563 601 681 653; x_wconf 89' lang='lat' dir='ltr'><strong>plant.</strong></span> <span class='ocrx_word' id='word_1_51' title='bbox 700 599 738 649; x_wconf 81' lang='lat'>5,</span> <span class='ocrx_word' id='word_1_52' title='bbox 759 613 805 638; x_wconf 83' lang='lat'>12</span> <span class='ocrx_word' id='word_1_53' title='bbox 819 598 907 643; x_wconf 70' lang='grc' dir='ltr'>εὩς</span> <span class='ocrx_word' id='word_1_54' title='bbox 922 598 979 638; x_wconf 82' lang='grc' dir='ltr'>ἐπὶ</span> <span class='ocrx_word' id='word_1_55' title='bbox 996 597 1086 638; x_wconf 78' lang='grc' dir='ltr'>πολὺ</span> 
     </span>
     <span class='ocr_line' id='line_1_10' title="bbox 53 657 1087 712; baseline -0.005 -11"><span class='ocrx_word' id='word_1_56' title='bbox 53 663 84 702; x_wconf 88' lang='grc' dir='ltr'>δ’</span> <span class='ocrx_word' id='word_1_57' title='bbox 100 663 141 701; x_wconf 80' lang='grc' dir='ltr'>ἐκ</span> <span class='ocrx_word' id='word_1_58' title='bbox 152 663 222 701; x_wconf 84' lang='grc' dir='ltr'>τῶν</span> <span class='ocrx_word' id='word_1_59' title='bbox 238 660 404 700; x_wconf 85' lang='grc' dir='ltr'>τοιούτων</span> <span class='ocrx_word' id='word_1_60' title='bbox 421 659 608 712; x_wconf 78' lang='grc' dir='ltr'>συμὸαίνει</span> <span class='ocrx_word' id='word_1_61' title='bbox 624 660 714 711; x_wconf 83' lang='grc' dir='ltr'>συκῇ</span> <span class='ocrx_word' id='word_1_62' title='bbox 737 657 802 710; x_wconf 83' lang='grc' dir='ltr'>μὲν</span> <span class='ocrx_word' id='word_1_63' title='bbox 813 659 965 712; x_wconf 77' lang='grc' dir='ltr'>ψωριᾷν,</span> <span class='ocrx_word' id='word_1_64' title='bbox 984 657 1087 712; x_wconf 70' lang='grc' dir='ltr'>ἐλαία</span> 
     </span>
     <span class='ocr_line' id='line_1_11' title="bbox 53 716 1087 794; baseline -0.004 -35"><span class='ocrx_word' id='word_1_65' title='bbox 53 720 304 794; x_wconf 39' lang='grc' dir='ltr'>δὲ’λειχηνιᾷν,</span> <span class='ocrx_word' id='word_1_66' title='bbox 324 718 475 773; x_wconf 80' lang='grc' dir='ltr'>ἀμπέλῳ</span> <span class='ocrx_word' id='word_1_67' title='bbox 495 717 532 757; x_wconf 79' lang='grc' dir='ltr'>δὲ</span> <span class='ocrx_word' id='word_1_68' title='bbox 558 720 642 772; x_wconf 79' lang='grc' dir='ltr'>ῥεῖν,</span> <span class='ocrx_word' id='word_1_69' title='bbox 676 716 796 771; x_wconf 81' lang='grc' dir='ltr'>ὥσπερ</span> <span class='ocrx_word' id='word_1_70' title='bbox 830 716 890 756; x_wconf 81' lang='grc' dir='ltr'>καὶ</span> <span class='ocrx_word' id='word_1_71' title='bbox 930 716 1087 764; x_wconf 88' lang='grc' dir='ltr'>Κλείδη-</span> 
     </span>
     <span class='ocr_line' id='line_1_12' title="bbox 55 795 228 834; baseline -0.006 -15"><span class='ocrx_word' id='word_1_72' title='bbox 55 795 119 832; x_wconf 86' lang='grc' dir='ltr'>μος</span> <span class='ocrx_word' id='word_1_73' title='bbox 131 795 228 834; x_wconf 86' lang='grc' dir='ltr'>φησι.</span> 
     </span>
    </p>
   </div>
   <div class='ocr_carea' id='block_1_5' title="bbox 2085 110 2162 146">
    <p class='ocr_par' dir='ltr' id='par_1_6' title="bbox 2085 110 2162 146">
     <span class='ocr_line' id='line_1_13' title="bbox 2085 110 2162 146; baseline 0.013 -1"><span class='ocrx_word' id='word_1_74' title='bbox 2085 110 2162 146; x_wconf 75' lang='grc'>366</span> 
     </span>
    </p>
   </div>
   <div class='ocr_carea' id='block_1_6' title="bbox 1138 248 2175 715">
    <p class='ocr_par' dir='ltr' id='par_1_7' title="bbox 1138 248 2174 658">
     <span class='ocr_line' id='line_1_14' title="bbox 1191 248 2164 301; baseline 0.002 -13"><span class='ocrx_word' id='word_1_75' title='bbox 1191 251 1388 289; x_wconf 86' lang='lat' dir='ltr'><strong>Aristotel.</strong></span> <span class='ocrx_word' id='word_1_76' title='bbox 1412 251 1616 290; x_wconf 83' lang='lat' dir='ltr'><strong>Meteorol.</strong></span> <span class='ocrx_word' id='word_1_77' title='bbox 1633 264 1671 301; x_wconf 82' lang='lat'>2,</span> <span class='ocrx_word' id='word_1_78' title='bbox 1686 263 1735 300; x_wconf 84' lang='lat'>9:</span> <span class='ocrx_word' id='word_1_79' title='bbox 1750 248 1834 290; x_wconf 77' lang='grc' dir='ltr'>Εἰσὶ</span> <span class='ocrx_word' id='word_1_80' title='bbox 1857 248 1896 288; x_wconf 82' lang='grc' dir='ltr'>δέ</span> <span class='ocrx_word' id='word_1_81' title='bbox 1917 263 2026 300; x_wconf 80' lang='grc' dir='ltr'>τινες,</span> <span class='ocrx_word' id='word_1_82' title='bbox 2042 249 2076 289; x_wconf 84' lang='grc' dir='ltr'>οἳ</span> <span class='ocrx_word' id='word_1_83' title='bbox 2100 251 2164 300; x_wconf 71' lang='grc' dir='ltr'>τὴν</span> 
     </span>
     <span class='ocr_line' id='line_1_15' title="bbox 1138 301 2167 364; baseline 0.003 -18"><span class='ocrx_word' id='word_1_84' title='bbox 1138 307 1337 363; x_wconf 82' lang='grc' dir='ltr'>ἀστραπὴν,</span> <span class='ocrx_word' id='word_1_85' title='bbox 1354 308 1474 363; x_wconf 82' lang='grc' dir='ltr'>ὥσπερ</span> <span class='ocrx_word' id='word_1_86' title='bbox 1504 308 1564 348; x_wconf 77' lang='grc' dir='ltr'>καὶ</span> <span class='ocrx_word' id='word_1_87' title='bbox 1596 308 1814 361; x_wconf 83' lang='grc' dir='ltr'>Κλείδημος,</span> <span class='ocrx_word' id='word_1_88' title='bbox 1847 310 1911 348; x_wconf 80' lang='grc' dir='ltr'>οὔκ</span> <span class='ocrx_word' id='word_1_89' title='bbox 1940 301 2029 348; x_wconf 73' lang='grc' dir='ltr'>εἶναί</span> <span class='ocrx_word' id='word_1_90' title='bbox 2048 325 2167 364; x_wconf 72' lang='grc' dir='ltr'>φασιν,</span> 
     </span>
     <span class='ocr_line' id='line_1_16' title="bbox 1140 366 2168 423; baseline 0.004 -18"><span class='ocrx_word' id='word_1_91' title='bbox 1140 366 1232 406; x_wconf 83' lang='grc' dir='ltr'>ἀλλὰ</span> <span class='ocrx_word' id='word_1_92' title='bbox 1268 367 1474 421; x_wconf 85' lang='grc' dir='ltr'>φαίνεσθαι,</span> <span class='ocrx_word' id='word_1_93' title='bbox 1500 368 1766 423; x_wconf 81' lang='grc' dir='ltr'>παρεικάζοντες</span> <span class='ocrx_word' id='word_1_94' title='bbox 1788 369 1836 412; x_wconf 81' lang='grc' dir='ltr'>ὥς</span> <span class='ocrx_word' id='word_1_95' title='bbox 1854 367 1895 407; x_wconf 82' lang='grc' dir='ltr'>τὸ</span> <span class='ocrx_word' id='word_1_96' title='bbox 1914 367 2023 414; x_wconf 82' lang='grc' dir='ltr'>πάθος</span> <span class='ocrx_word' id='word_1_97' title='bbox 2049 368 2168 421; x_wconf 82' lang='grc' dir='ltr'>ὅμοιον</span> 
     </span>
     <span class='ocr_line' id='line_1_17' title="bbox 1140 423 2173 482; baseline 0.005 -20"><span class='ocrx_word' id='word_1_98' title='bbox 1140 423 1192 474; x_wconf 81' lang='grc' dir='ltr'>ὃν,</span> <span class='ocrx_word' id='word_1_99' title='bbox 1219 424 1279 463; x_wconf 83' lang='grc' dir='ltr'>καὶ</span> <span class='ocrx_word' id='word_1_100' title='bbox 1295 423 1377 464; x_wconf 71' lang='grc' dir='ltr'>ὅταν</span> <span class='ocrx_word' id='word_1_101' title='bbox 1397 426 1461 474; x_wconf 68' lang='grc' dir='ltr'>τὴν</span> <span class='ocrx_word' id='word_1_102' title='bbox 1481 425 1656 466; x_wconf 84' lang='grc' dir='ltr'>θάλαττάν</span> <span class='ocrx_word' id='word_1_103' title='bbox 1675 442 1727 470; x_wconf 84' lang='grc' dir='ltr'>τις</span> <span class='ocrx_word' id='word_1_104' title='bbox 1749 426 1869 481; x_wconf 75' lang='grc' dir='ltr'>ῥάὸδῳ</span> <span class='ocrx_word' id='word_1_105' title='bbox 1895 425 2029 481; x_wconf 79' lang='grc' dir='ltr'>τύπτῃ·</span> <span class='ocrx_word' id='word_1_106' title='bbox 2053 428 2173 482; x_wconf 84' lang='grc' dir='ltr'>φαίνε-</span> 
     </span>
     <span class='ocr_line' id='line_1_18' title="bbox 1140 483 2171 540; baseline 0.006 -19"><span class='ocrx_word' id='word_1_107' title='bbox 1140 499 1200 522; x_wconf 85' lang='grc' dir='ltr'>ται</span> <span class='ocrx_word' id='word_1_108' title='bbox 1214 483 1284 536; x_wconf 85' lang='grc' dir='ltr'>γὰρ</span> <span class='ocrx_word' id='word_1_109' title='bbox 1298 483 1339 523; x_wconf 81' lang='grc' dir='ltr'>τὸ</span> <span class='ocrx_word' id='word_1_110' title='bbox 1354 483 1447 539; x_wconf 77' lang='grc' dir='ltr'>ὕδωρ</span> <span class='ocrx_word' id='word_1_111' title='bbox 1467 485 1678 525; x_wconf 76' lang='grc' dir='ltr'>ἃποστίλὸον</span> <span class='ocrx_word' id='word_1_112' title='bbox 1698 488 1761 534; x_wconf 76' lang='grc' dir='ltr'>τῆς</span> <span class='ocrx_word' id='word_1_113' title='bbox 1791 485 1924 531; x_wconf 82' lang='grc' dir='ltr'>νυκτός·</span> <span class='ocrx_word' id='word_1_114' title='bbox 1943 486 2053 531; x_wconf 77' lang='grc' dir='ltr'>οὕτως</span> <span class='ocrx_word' id='word_1_115' title='bbox 2071 489 2107 527; x_wconf 80' lang='grc' dir='ltr'>ἐν</span> <span class='ocrx_word' id='word_1_116' title='bbox 2127 490 2171 540; x_wconf 78' lang='grc' dir='ltr'>τῇ</span> 
     </span>
     <span class='ocr_line' id='line_1_19' title="bbox 1142 540 2174 601; baseline 0.007 -21"><span class='ocrx_word' id='word_1_117' title='bbox 1142 540 1291 596; x_wconf 69' lang='grc' dir='ltr'>νεφέλῃ,</span> <span class='ocrx_word' id='word_1_118' title='bbox 1313 542 1545 596; x_wconf 76' lang='grc' dir='ltr'>ῥαπιζομένου</span> <span class='ocrx_word' id='word_1_119' title='bbox 1561 548 1622 583; x_wconf 85' lang='grc' dir='ltr'>τοῦ</span> <span class='ocrx_word' id='word_1_120' title='bbox 1651 547 1777 599; x_wconf 71' lang='grc' dir='ltr'>ὑγροῦ,</span> <span class='ocrx_word' id='word_1_121' title='bbox 1804 544 1869 595; x_wconf 75' lang='grc' dir='ltr'>τὴν</span> <span class='ocrx_word' id='word_1_122' title='bbox 1901 546 2095 601; x_wconf 83' lang='grc' dir='ltr'>φαντασίαν</span> <span class='ocrx_word' id='word_1_123' title='bbox 2110 549 2174 594; x_wconf 71' lang='grc' dir='ltr'>τῆς</span> 
     </span>
     <span class='ocr_line' id='line_1_20' title="bbox 1142 595 1784 658; baseline 0.006 -18"><span class='ocrx_word' id='word_1_124' title='bbox 1142 599 1391 654; x_wconf 85' lang='grc' dir='ltr'>λαμπρότητος</span> <span class='ocrx_word' id='word_1_125' title='bbox 1408 595 1497 641; x_wconf 70' lang='grc' dir='ltr'>εἶναι</span> <span class='ocrx_word' id='word_1_126' title='bbox 1511 602 1574 651; x_wconf 87' lang='grc' dir='ltr'>τὴν</span> <span class='ocrx_word' id='word_1_127' title='bbox 1587 603 1784 658; x_wconf 82' lang='grc' dir='ltr'>ἀστραπήν.</span> 
     </span>
    </p>

    <p class='ocr_par' dir='ltr' id='par_1_8' title="bbox 1197 656 2175 715">
     <span class='ocr_line' id='line_1_21' title="bbox 1197 656 2175 715; baseline 0.007 -18"><span class='ocrx_word' id='word_1_128' title='bbox 1197 659 1340 698; x_wconf 87' lang='lat' dir='ltr'><strong>Eadem</strong></span> <span class='ocrx_word' id='word_1_129' title='bbox 1366 669 1517 698; x_wconf 83' lang='lat' dir='ltr'><strong>exstant</strong></span> <span class='ocrx_word' id='word_1_130' title='bbox 1542 662 1584 700; x_wconf 89' lang='lat' dir='ltr'><strong>in</strong></span> <span class='ocrx_word' id='word_1_131' title='bbox 1614 663 1822 702; x_wconf 86' lang='lat' dir='ltr'><strong>Alexandri</strong></span> <span class='ocrx_word' id='word_1_132' title='bbox 1854 656 2063 715; x_wconf 77' lang='lat' dir='ltr'><strong>Aphrodis.</strong></span> <span class='ocrx_word' id='word_1_133' title='bbox 2090 667 2175 715; x_wconf 86' lang='lat' dir='ltr'>Hy-</span> 
     </span>
    </p>
   </div>
   <div class='ocr_carea' id='block_1_7' title="bbox 1144 719 2175 827">
    <p class='ocr_par' dir='ltr' id='par_1_9' title="bbox 1144 719 2175 827">
     <span class='ocr_line' id='line_1_22' title="bbox 1145 719 2175 776; baseline 0.006 -20"><span class='ocrx_word' id='word_1_134' title='bbox 1145 731 1279 770; x_wconf 91' lang='lat' dir='ltr'><strong>pomn.</strong></span> <span class='ocrx_word' id='word_1_135' title='bbox 1313 720 1361 763; x_wconf 84' lang='grc' dir='ltr'>εἷς</span> <span class='ocrx_word' id='word_1_136' title='bbox 1378 719 1467 758; x_wconf 86' lang='grc' dir='ltr'>δευτ.</span> <span class='ocrx_word' id='word_1_137' title='bbox 1482 721 1552 759; x_wconf 82' lang='grc' dir='ltr'>τῶν</span> <span class='ocrx_word' id='word_1_138' title='bbox 1572 722 1732 776; x_wconf 86' lang='grc' dir='ltr'>Μετεωρ.</span> <span class='ocrx_word' id='word_1_139' title='bbox 1754 722 1963 776; x_wconf 82' lang='grc' dir='ltr'>Ἀριστοτελ.</span> <span class='ocrx_word' id='word_1_140' title='bbox 1981 737 2020 775; x_wconf 87' lang='lat' dir='ltr'>p.</span> <span class='ocrx_word' id='word_1_141' title='bbox 2039 737 2055 761; x_wconf 91' lang='lat'>1</span> <span class='ocrx_word' id='word_1_142' title='bbox 2066 736 2127 771; x_wconf 84' lang='lat'>12,</span> <span class='ocrx_word' id='word_1_143' title='bbox 2140 736 2175 771; x_wconf 86' lang='lat' dir='ltr'>a,</span> 
     </span>
     <span class='ocr_line' id='line_1_23' title="bbox 1144 776 1462 827; baseline 0.006 -12"><span class='ocrx_word' id='word_1_144' title='bbox 1144 776 1184 815; x_wconf 88' lang='lat' dir='ltr'>b.</span> <span class='ocrx_word' id='word_1_145' title='bbox 1199 780 1330 816; x_wconf 89' lang='lat' dir='ltr'><strong>Venet.</strong></span> <span class='ocrx_word' id='word_1_146' title='bbox 1350 778 1462 827; x_wconf 85' lang='lat'>1527.</span> 
     </span>
    </p>
   </div>
   <div class='ocr_carea' id='block_1_8' title="bbox 55 854 2159 928">
    <p class='ocr_par' dir='ltr' id='par_1_10' title="bbox 55 854 2159 928">
     <span class='ocr_line' id='line_1_24' title="bbox 65 854 2159 869; baseline -0.003 0"><span class='ocrx_word' id='word_1_147' title='bbox 65 854 2159 869; x_wconf 48' lang='grc' dir='ltr'>,μμ-Μ</span> 
     </span>
     <span class='ocr_line' id='line_1_25' title="bbox 55 884 1086 928; baseline -0.006 -4"><span class='ocrx_word' id='word_1_148' title='bbox 55 890 145 924; x_wconf 86' lang='lat' dir='ltr'><strong>mina</strong></span> <span class='ocrx_word' id='word_1_149' title='bbox 156 889 278 923; x_wconf 83' lang='lat' dir='ltr'><strong>servari</strong></span> <span class='ocrx_word' id='word_1_150' title='bbox 295 890 330 922; x_wconf 89' lang='lat' dir='ltr'><strong>in</strong></span> <span class='ocrx_word' id='word_1_151' title='bbox 344 889 429 922; x_wconf 84' lang='lat' dir='ltr'><strong>terra</strong></span> <span class='ocrx_word' id='word_1_152' title='bbox 444 887 531 920; x_wconf 82' lang='lat' dir='ltr'><strong>sicea</strong></span> <span class='ocrx_word' id='word_1_153' title='bbox 540 911 550 928; x_wconf 91' lang='lat'><em>‚</em></span> <span class='ocrx_word' id='word_1_154' title='bbox 564 888 599 921; x_wconf 88' lang='lat' dir='ltr'><strong>et</strong></span> <span class='ocrx_word' id='word_1_155' title='bbox 613 884 683 920; x_wconf 81' lang='lat' dir='ltr'><strong>sine</strong></span> <span class='ocrx_word' id='word_1_156' title='bbox 697 887 765 919; x_wconf 90' lang='lat' dir='ltr'><strong>ullo</strong></span> <span class='ocrx_word' id='word_1_157' title='bbox 780 887 916 919; x_wconf 90' lang='lat' dir='ltr'><strong>humore</strong></span> <span class='ocrx_word' id='word_1_158' title='bbox 933 896 942 918; x_wconf 89' lang='lat'>:</span> <span class='ocrx_word' id='word_1_159' title='bbox 965 886 1020 919; x_wconf 82' lang='lat' dir='ltr'><strong>alii</strong></span> <span class='ocrx_word' id='word_1_160' title='bbox 1035 895 1086 919; x_wconf 90' lang='lat' dir='ltr'>oc-</span> 
     </span>
    </p>
   </div>
   <div class='ocr_carea' id='block_1_9' title="bbox 55 933 1091 1207">
    <p class='ocr_par' dir='ltr' id='par_1_11' title="bbox 55 933 1084 1026">
     <span class='ocr_line' id='line_1_26' title="bbox 56 933 1084 978; baseline -0.003 -8"><span class='ocrx_word' id='word_1_161' title='bbox 56 937 252 978; x_wconf 85' lang='lat' dir='ltr'><strong>cidentibus,</strong></span> <span class='ocrx_word' id='word_1_162' title='bbox 269 939 307 969; x_wconf 90' lang='lat' dir='ltr'>ut</span> <span class='ocrx_word' id='word_1_163' title='bbox 320 936 417 969; x_wconf 79' lang='lat' dir='ltr'><strong>etiam</strong></span> <span class='ocrx_word' id='word_1_164' title='bbox 440 935 621 976; x_wconf 79' lang='lat' dir='ltr'>Clidemus,</span> <span class='ocrx_word' id='word_1_165' title='bbox 640 934 730 976; x_wconf 83' lang='lat' dir='ltr'><strong>quod</strong></span> <span class='ocrx_word' id='word_1_166' title='bbox 745 934 867 967; x_wconf 82' lang='lat' dir='ltr'>imbres</span> <span class='ocrx_word' id='word_1_167' title='bbox 880 933 933 968; x_wconf 86' lang='lat' dir='ltr'><strong>die</strong></span> <span class='ocrx_word' id='word_1_168' title='bbox 946 934 1084 977; x_wconf 89' lang='lat' dir='ltr'><strong>septimo</strong></span> 
     </span>
     <span class='ocr_line' id='line_1_27' title="bbox 55 984 460 1026; baseline -0.012 -7"><span class='ocrx_word' id='word_1_169' title='bbox 55 985 97 1018; x_wconf 87' lang='lat' dir='ltr'>ab</span> <span class='ocrx_word' id='word_1_170' title='bbox 109 993 227 1019; x_wconf 76' lang='lat' dir='ltr'><strong>occasu</strong></span> <span class='ocrx_word' id='word_1_171' title='bbox 239 984 460 1026; x_wconf 82' lang='lat' dir='ltr'><strong>insequantur.</strong></span> 
     </span>
    </p>

    <p class='ocr_par' dir='ltr' id='par_1_12' title="bbox 57 1030 1091 1207">
     <span class='ocr_line' id='line_1_28' title="bbox 105 1030 1090 1120; baseline -0.004 -8"><span class='ocrx_word' id='word_1_172' title='bbox 105 1082 152 1112; x_wconf 83' lang='lat' dir='ltr'>Ex</span> <span class='ocrx_word' id='word_1_173' title='bbox 179 1078 368 1120; x_wconf 87' lang='lat' dir='ltr'><strong>hujusmodi</strong></span> <span class='ocrx_word' id='word_1_174' title='bbox 383 1087 482 1112; x_wconf 84' lang='lat' dir='ltr'><strong>causa</strong></span> <span class='ocrx_word' id='word_1_175' title='bbox 501 1030 691 1119; x_wconf 40' lang='lat' dir='ltr'><strong>pigramque</strong></span> <span class='ocrx_word' id='word_1_176' title='bbox 717 1075 799 1109; x_wconf 83' lang='lat' dir='ltr'><strong>fieus</strong></span> <span class='ocrx_word' id='word_1_177' title='bbox 823 1075 966 1109; x_wconf 82' lang='lat' dir='ltr'><strong>scabiem</strong></span> <span class='ocrx_word' id='word_1_178' title='bbox 988 1099 998 1116; x_wconf 92' lang='lat'>‚</span> <span class='ocrx_word' id='word_1_179' title='bbox 1019 1075 1090 1109; x_wconf 82' lang='lat' dir='ltr'><strong>olea</strong></span> 
     </span>
     <span class='ocr_line' id='line_1_29' title="bbox 57 1123 1091 1207; baseline -0.003 -47"><span class='ocrx_word' id='word_1_180' title='bbox 57 1125 328 1207; x_wconf 53' lang='grc' dir='ltr'>ξεὲξέιιρὲἰνῆἰε</span> <span class='ocrx_word' id='word_1_181' title='bbox 373 1125 509 1160; x_wconf 81' lang='lat' dir='ltr'><strong>fluorem</strong></span> <span class='ocrx_word' id='word_1_182' title='bbox 536 1124 675 1167; x_wconf 82' lang='lat' dir='ltr'><strong>patitur,</strong></span> <span class='ocrx_word' id='word_1_183' title='bbox 703 1125 740 1157; x_wconf 87' lang='lat' dir='ltr'>ut</span> <span class='ocrx_word' id='word_1_184' title='bbox 767 1123 935 1158; x_wconf 82' lang='lat' dir='ltr'>Clidemus</span> <span class='ocrx_word' id='word_1_185' title='bbox 960 1133 1091 1166; x_wconf 85' lang='lat' dir='ltr'><strong>quoque</strong></span> 
     </span>
    </p>
   </div>
   <div class='ocr_carea' id='block_1_10' title="bbox 1634 897 1698 930">
    <p class='ocr_par' dir='ltr' id='par_1_13' title="bbox 1634 897 1698 930">
     <span class='ocr_line' id='line_1_30' title="bbox 1634 897 1698 930; baseline -0.031 0"><span class='ocrx_word' id='word_1_186' title='bbox 1634 897 1698 930; x_wconf 84' lang='lat'>30.</span> 
     </span>
    </p>
   </div>
   <div class='ocr_carea' id='block_1_11' title="bbox 1150 965 2182 1198">
    <p class='ocr_par' dir='ltr' id='par_1_14' title="bbox 1150 965 2182 1198">
     <span class='ocr_line' id='line_1_31' title="bbox 1190 965 2178 1008; baseline 0.003 -10"><span class='ocrx_word' id='word_1_187' title='bbox 1190 965 1273 997; x_wconf 88' lang='lat' dir='ltr'><strong>Sunt</strong></span> <span class='ocrx_word' id='word_1_188' title='bbox 1288 967 1346 1007; x_wconf 89' lang='lat' dir='ltr'>qui</span> <span class='ocrx_word' id='word_1_189' title='bbox 1365 966 1473 1008; x_wconf 81' lang='lat' dir='ltr'><strong>fulgur</strong></span> <span class='ocrx_word' id='word_1_190' title='bbox 1486 989 1497 1007; x_wconf 91' lang='lat'>‚</span> <span class='ocrx_word' id='word_1_191' title='bbox 1518 966 1796 1008; x_wconf 81' lang='lat' dir='ltr'><strong>quemadmodum</strong></span> <span class='ocrx_word' id='word_1_192' title='bbox 1819 968 1852 999; x_wconf 83' lang='lat' dir='ltr'><strong>et</strong></span> <span class='ocrx_word' id='word_1_193' title='bbox 1875 966 2044 1000; x_wconf 81' lang='lat' dir='ltr'><strong>Clidemus</strong></span> <span class='ocrx_word' id='word_1_194' title='bbox 2056 991 2067 1008; x_wconf 93' lang='lat'>‚</span> <span class='ocrx_word' id='word_1_195' title='bbox 2091 968 2178 1001; x_wconf 84' lang='lat' dir='ltr'><strong>haud</strong></span> 
     </span>
     <span class='ocr_line' id='line_1_32' title="bbox 1150 1012 2182 1056; baseline 0.005 -12"><span class='ocrx_word' id='word_1_196' title='bbox 1150 1020 1222 1045; x_wconf 86' lang='lat' dir='ltr'><strong>esse</strong></span> <span class='ocrx_word' id='word_1_197' title='bbox 1237 1012 1349 1045; x_wconf 83' lang='lat' dir='ltr'><strong>dicant</strong></span> <span class='ocrx_word' id='word_1_198' title='bbox 1366 1038 1376 1055; x_wconf 92' lang='lat'>‚</span> <span class='ocrx_word' id='word_1_199' title='bbox 1397 1014 1453 1046; x_wconf 88' lang='lat' dir='ltr'><strong>sed</strong></span> <span class='ocrx_word' id='word_1_200' title='bbox 1468 1023 1634 1056; x_wconf 82' lang='lat' dir='ltr'><strong>apparere,</strong></span> <span class='ocrx_word' id='word_1_201' title='bbox 1647 1016 1871 1055; x_wconf 81' lang='lat' dir='ltr'><strong>comparantes</strong></span> <span class='ocrx_word' id='word_1_202' title='bbox 1890 1015 1928 1047; x_wconf 88' lang='lat' dir='ltr'>ut</span> <span class='ocrx_word' id='word_1_203' title='bbox 1952 1014 2092 1048; x_wconf 80' lang='lat' dir='ltr'><strong>similem</strong></span> <span class='ocrx_word' id='word_1_204' title='bbox 2106 1015 2182 1049; x_wconf 80' lang='lat' dir='ltr'><strong>affe·</strong></span> 
     </span>
     <span class='ocr_line' id='line_1_33' title="bbox 1151 1059 2180 1102; baseline 0.004 -11"><span class='ocrx_word' id='word_1_205' title='bbox 1151 1059 1308 1101; x_wconf 88' lang='lat' dir='ltr'><strong>ctionem,</strong></span> <span class='ocrx_word' id='word_1_206' title='bbox 1323 1060 1352 1093; x_wconf 89' lang='lat' dir='ltr'>si</span> <span class='ocrx_word' id='word_1_207' title='bbox 1365 1069 1455 1093; x_wconf 81' lang='lat' dir='ltr'><strong>mare</strong></span> <span class='ocrx_word' id='word_1_208' title='bbox 1469 1060 1560 1102; x_wconf 85' lang='lat' dir='ltr'><strong>virga</strong></span> <span class='ocrx_word' id='word_1_209' title='bbox 1583 1060 1781 1102; x_wconf 83' lang='lat' dir='ltr'><strong>percutiatur</strong></span> <span class='ocrx_word' id='word_1_210' title='bbox 1803 1060 1899 1101; x_wconf 85' lang='lat' dir='ltr'><strong>(aqua</strong></span> <span class='ocrx_word' id='word_1_211' title='bbox 1916 1061 2004 1093; x_wconf 89' lang='lat' dir='ltr'><strong>enim</strong></span> <span class='ocrx_word' id='word_1_212' title='bbox 2018 1064 2118 1094; x_wconf 81' lang='lat' dir='ltr'><strong>noctu</strong></span> <span class='ocrx_word' id='word_1_213' title='bbox 2132 1071 2180 1095; x_wconf 85' lang='lat' dir='ltr'><strong>re-</strong></span> 
     </span>
     <span class='ocr_line' id='line_1_34' title="bbox 1151 1107 2181 1150; baseline 0.002 -10"><span class='ocrx_word' id='word_1_214' title='bbox 1151 1107 1319 1149; x_wconf 86' lang='lat' dir='ltr'><strong>splendere</strong></span> <span class='ocrx_word' id='word_1_215' title='bbox 1327 1108 1484 1150; x_wconf 80' lang='lat' dir='ltr'><strong>videtur);</strong></span> <span class='ocrx_word' id='word_1_216' title='bbox 1499 1108 1558 1148; x_wconf 87' lang='lat' dir='ltr'><strong>sie,</strong></span> <span class='ocrx_word' id='word_1_217' title='bbox 1566 1116 1669 1150; x_wconf 93' lang='lat' dir='ltr'><strong>quum</strong></span> <span class='ocrx_word' id='word_1_218' title='bbox 1680 1107 1799 1139; x_wconf 90' lang='lat' dir='ltr'><strong>humor</strong></span> <span class='ocrx_word' id='word_1_219' title='bbox 1809 1107 1844 1140; x_wconf 91' lang='lat' dir='ltr'><strong>in</strong></span> <span class='ocrx_word' id='word_1_220' title='bbox 1850 1107 1966 1140; x_wconf 84' lang='lat' dir='ltr'><strong>nebula</strong></span> <span class='ocrx_word' id='word_1_221' title='bbox 1973 1108 2181 1150; x_wconf 82' lang='lat' dir='ltr'><strong>percutiatur,</strong></span> 
     </span>
     <span class='ocr_line' id='line_1_35' title="bbox 1152 1154 1788 1198; baseline -0.002 -11"><span class='ocrx_word' id='word_1_222' title='bbox 1152 1155 1334 1197; x_wconf 87' lang='lat' dir='ltr'><strong>splendoris</strong></span> <span class='ocrx_word' id='word_1_223' title='bbox 1350 1155 1570 1198; x_wconf 83' lang='lat' dir='ltr'><strong>apparentiam</strong></span> <span class='ocrx_word' id='word_1_224' title='bbox 1583 1163 1655 1189; x_wconf 86' lang='lat' dir='ltr'><strong>esse</strong></span> <span class='ocrx_word' id='word_1_225' title='bbox 1669 1154 1788 1196; x_wconf 79' lang='lat' dir='ltr'><strong>fulgur.</strong></span> 
     </span>
    </p>
   </div>
  </div>
 </body>
</html>
