2320 3684
855 136 911 175 lN
941 133 1172 175 MARMOR
1200 133 1415 174 PARIUM.

57 238 267 272 memorata
286 229 582 268 tribulturanno
601 225 846 275 Cephisodori,
863 236 930 275 qul
941 221 1086 261 archon

56 292 130 330 fuit
153 290 310 340 Olymp.
338 288 426 334 103,
457 286 504 335 3,-
538 284 724 336 templum
753 295 849 321 vero
873 281 1085 320 secundum

53 349 272 389 Diodorum
287 359 310 384 a
323 342 583 384 Phocensibus
599 350 756 394 captum
772 341 913 380 dicitur
930 340 1083 391 Olymp.

57 410 154 457 105,
173 414 210 455 4.
228 410 364 458 Itaque
381 407 550 451 Noster,
577 403 609 440 si
634 402 681 440 de
715 402 860 453 templo
890 408 1084 451 occupato

53 469 278 521 cogitasset,
306 464 471 503 multum
499 475 522 500 a
544 474 636 500 vero
656 461 880 499 aberrasset.
900 459 976 499 Sed
1004 459 1084 497 haec

53 527 202 568 Frereti
232 526 333 563 ratio
360 530 524 575 propter
553 534 690 559 vocem
717 519 790 574 ἱρὸν
817 519 900 571 jam
931 518 1083 557 admitti

52 585 201 638 nequit.
223 587 351 632 Quare
380 582 471 633 quia
501 580 657 631 Olymp.
686 579 781 626 105,
800 580 821 617 3
848 577 994 616 archon
1012 576 1085 613 fuit

56 646 344 697 Cephisodotus,
369 640 554 692 Lydiatus
569 669 580 689 ,
609 638 827 686 Prideaux.,
857 636 1083 685 Chandler.,

53 706 208 746 Clinton
228 704 284 756 (F.
303 704 353 740 H.
373 714 411 751 p.
434 698 524 751 124)
550 712 638 737 cum
669 698 793 750 iisque
805 696 1008 736 Boeckhius
1019 696 1083 747 ju-

58 765 236 804 dicarunt
263 761 368 799 hunc
386 759 613 798 archontem
635 771 657 796 a
678 757 791 796 Pario
812 756 997 805 indicari,
1017 755 1085 806 qui

51 826 182 876 itaque
201 835 279 861 uno
295 828 445 859 tantum
461 831 563 856 anno
582 831 605 856 a
622 817 786 856 Diodori
807 823 992 867 computo
1019 827 1085 852 re-

53 884 219 923 cederet.
238 879 391 920 Etenim
411 877 639 916 archontum
657 875 859 914 nominum
873 873 1084 912 similitudo

53 954 188 982 caussa
212 940 330 978 fuisse
346 936 501 975 videtur
520 935 683 982 erroris,
705 934 904 985 possitque
922 933 1084 970 sortasse

53 1015 126 1054 pro
143 995 398 1053 Κηφισοδώρου
430 994 571 1046 corrigi
587 991 841 1047 Κηφισοδότου.
861 991 1084 1032 Secundum

52 1061 135 1099 haec
150 1059 267 1111 igitur
286 1054 565 1108 suppleverunt
583 1065 787 1091 numerum
803 1057 869 1101 94,
889 1051 969 1102 qui,
989 1051 1020 1089 si
1037 1050 1084 1089 ad

53 1117 360 1172 cephisodorum
377 1112 600 1162 referretur,
621 1125 704 1150 esse
722 1110 881 1150 deberet
901 1123 985 1148 102.

104 1182 252 1216 Verum
268 1175 466 1214 enimvero
480 1184 715 1225 quamquam
731 1170 803 1208 hac
817 1169 966 1207 ratione
979 1171 1087 1206 Mar-

55 1237 175 1276 moris
184 1235 353 1274 calculus
368 1233 417 1272 ad
432 1233 635 1272 veritatem
649 1229 866 1278 adducitur,
878 1229 1087 1267 vehemen-

56 1305 116 1335 ter
149 1303 277 1333 tamen
305 1291 469 1340 dubito,
497 1303 591 1329 num
623 1302 759 1327 revera
787 1291 928 1326 Noster
955 1300 1087 1326 veram

55 1356 155 1395 hanc
170 1352 502 1403 computationem
523 1356 676 1387 secutus
696 1347 755 1386 sit.
773 1348 833 1385 Sic
856 1346 957 1384 enim
979 1346 1087 1397 cogi-

59 1428 159 1461 mur,
185 1421 230 1451 ut
245 1424 331 1463 quae
348 1409 532 1460 deinceps
552 1415 818 1446 memorantur
832 1419 906 1454 res,
923 1413 1089 1444 mortem

54 1471 279 1519 Timothei,
303 1469 458 1509 initium
486 1468 596 1520 regni
611 1467 780 1518 Philippi
795 1496 807 1516 ,
835 1473 1001 1504 mortem
1019 1468 1090 1503 Ar-

56 1533 239 1582 taxerxis,
255 1529 459 1568 victoriam
475 1528 642 1579 denique
655 1526 788 1565 nescio
804 1526 1006 1577 cujusnam
1020 1524 1089 1563 du-

57 1595 112 1633 cis
126 1593 187 1632 vel
205 1598 346 1644 poetae,
362 1589 402 1627 in
416 1601 494 1626 una
511 1587 724 1639 eademque
738 1585 886 1638 epocha
900 1597 1090 1636 ponamus

55 1666 178 1704 eaque
205 1649 335 1688 omnia
363 1647 579 1686 tribuamus
610 1660 712 1685 anno
739 1644 988 1696 Agathoclis,
1023 1645 1091 1696 qui

56 1719 236 1774 proxime
268 1714 442 1766 sequitur
472 1711 778 1764 Cephisodotum
802 1711 971 1762 (Olymp.
994 1711 1065 1749 105
1080 1740 1092 1760 ,

57 1783 107 1834 4).
130 1775 247 1828 Quod
265 1782 429 1827 propter
448 1773 609 1826 epochae
634 1771 918 1823 longitudinem
945 1780 985 1810 et
1003 1784 1094 1823 pro-

54 1851 145 1897 pter
161 1848 341 1888 tempora
362 1847 494 1873 rerum
517 1846 540 1872 a
559 1846 653 1871 vero
673 1832 871 1872 abhorret.
894 1834 991 1870 Nam
1006 1831 1096 1871 Phi-

54 1905 188 1956 lippus
216 1912 297 1938 non
315 1895 475 1945 Olymp.
498 1894 586 1942 105,
605 1899 627 1938 4
649 1905 812 1945 regnum
837 1892 1001 1943 adeptus
1023 1902 1093 1941 est,

55 1962 125 2002 sed
147 1960 306 2009 Olymp.
332 1954 422 2003 105,
448 1969 481 1993 1.
502 1957 548 1992 111
575 1953 740 1992 eundem
759 1965 901 1991 annum
925 1965 1000 1991 sec.
1021 1957 1095 1993 Ca-

56 2033 198 2062 nonem
218 2016 416 2057 Ptolemaei
434 2014 538 2053 cadit
555 2013 708 2051 initium
732 2013 841 2063 regni
868 2013 1094 2051 Artaxerxis

56 2081 168 2121 Ochi.
190 2075 410 2118 Versssimile
439 2082 498 2114 est
522 2073 641 2125 igitur
673 2085 753 2110 non
778 2086 892 2111 unam
923 2073 990 2110 sed
1019 2082 1094 2110 tres

59 2138 286 2180 statuendas
307 2135 474 2188 epochas
493 2146 574 2171 esse
582 2147 593 2180 ;
615 2133 740 2184 prima
758 2132 910 2170 notavit
929 2140 1095 2170 mortem

56 2204 269 2252 Timothei,
288 2204 328 2241 in
350 2214 474 2252 eaque
490 2199 613 2237 literae
636 2190 720 2240 ΕΤ
746 2206 836 2250 post
870 2196 1095 2245 ἐτελεύτησεν

57 2265 232 2305 indicant
248 2260 507 2314 supplendum
532 2271 615 2297 esse
631 2257 713 2307 ἔτη;
733 2258 853 2295 altera
877 2265 1027 2308 spectat
1046 2257 1094 2295 ad

57 2338 175 2376 regna
194 2322 368 2374 Philippi
389 2327 429 2358 et
449 2317 576 2367 Ochi,
596 2317 709 2356 tertia
732 2317 782 2355 ad
802 2316 1006 2355 victoriam
1026 2329 1096 2354 ne-

60 2385 141 2423 scio
158 2396 288 2435 quam.

113 2447 210 2491 Quae
226 2440 358 2480 omnia
376 2450 610 2490 quamquam
628 2449 708 2474 non
722 2434 904 2486 sugerunt
926 2433 1096 2472 Boeckhii

60 2503 307 2555 sagacitatem
322 2529 333 2548 ‚
357 2498 610 2537 nihilominus
636 2496 700 2533 vir
727 2494 973 2532 doctissimus
995 2507 1094 2545 epo-

59 2564 173 2602 cham
195 2561 245 2611 75
262 2558 400 2599 referri
416 2557 501 2597 vult
522 2556 572 2595 ad
590 2555 746 2606 Olymp.
770 2553 857 2601 105,
878 2555 913 2592 3.
932 2570 947 2587 «
962 2554 1096 2604 Suspi-

59 2623 171 2671 ceris,
197 2621 265 2667 ait,
288 2633 343 2658 vs.
365 2632 416 2669 90
445 2625 616 2656 erratum
634 2628 655 2652 a
673 2612 842 2665 lapicida
864 2625 967 2663 esse,
987 2612 1096 2663 cujus

60 2683 331 2736 negligentiam
356 2679 561 2731 aliquoties
581 2676 819 2725 notavimus,
847 2682 886 2712 et
917 2673 1097 2713 debuisse

60 2745 168 2783 illum
191 2756 264 2794 pro
284 2739 496 2792 Agathocle
515 2737 632 2776 alium
653 2736 910 2787 posteriorem
929 2734 1097 2772 archon-

63 2813 137 2842 tem
154 2813 314 2854 ponere,
328 2799 476 2851 quippe
491 2797 670 2847 Elpinem
687 2795 841 2846 Olymp.
865 2794 953 2838 106,
977 2807 1010 2842 1,
1030 2794 1098 2844 qui

62 2863 170 2902 solus
187 2867 368 2911 superest
391 2867 479 2896 ante
499 2856 760 2896 Callistratum
777 2853 936 2904 Olymp.
961 2852 1055 2900 106,
1074 2865 1095 2889 2

61 2924 133 2976 (vs,
155 2920 233 2972 91).
254 2919 315 2956 Sic
331 2916 528 2957 Timothei
549 2915 702 2953 obitum
721 2927 759 2951 v.
781 2913 830 2950 88
849 2912 1035 2962 scriptum
1060 2919 1098 2948 et

64 2983 223 3032 reliqua,
241 2993 326 3029 quae
341 2991 385 3015 ea
399 2977 548 3029 epocha
564 2972 874 3026 comprehendit,
890 2970 1099 3021 signaverit

66 3041 292 3094 Agathocles
310 3039 465 3089 Olymp.
493 3037 579 3081 105,
599 3041 635 3084 4,
655 3034 756 3072 inter
784 3031 974 3084 epocham
995 3030 1099 3068 Pho-

64 3103 137 3141 cici
157 3099 291 3151 templi
312 3097 492 3148 occupati
510 3096 669 3146 Olymp.
694 3093 781 3141 105,
800 3094 822 3129 3
843 3099 883 3130 et
905 3090 1098 3141 Elpenum

65 3160 291 3198 archontem
317 3158 472 3209 Olymp.
492 3157 579 3205 106,
601 3169 618 3193 1
638 3152 878 3204 interjectus,
894 3158 933 3188 et
949 3147 1099 3200 Elpinis

67 3233 167 3258 anno
186 3219 324 3258 vicerit
339 3218 423 3266 ille,
441 3216 488 3255 de
505 3230 584 3268 quo
602 3229 660 3254 vs.
684 3226 734 3264 90
754 3212 903 3250 dictum
928 3217 1010 3248 erat
1027 3206 1099 3246 ἐνί-

67 3299 188 3331 κησεν.
206 3282 309 3332 Quid
326 3281 431 3334 quod
447 3295 503 3322 vs.
522 3294 572 3330 90
587 3293 670 3317 non
695 3266 964 3320 ΡΔΔΔΔΙ
979 3266 1011 3316 ΙΙ
1034 3273 1099 3311 sed

70 3345 363 3397 ΡΔΔΔΔΙΙ
383 3348 423 3386 in
443 3346 571 3398 lapide
587 3359 668 3386 esse
689 3346 854 3384 affirmat
869 3342 1100 3382 Forsterus?

2092 144 2168 178 589

1146 224 1195 261 Et
1207 236 1390 264 numerus
1405 237 1454 275 9²
1470 231 1602 263 exacte
1618 223 1784 276 quadrat
1795 224 1836 263 in
1848 224 1998 277 Elpinis
2014 238 2173 275 annum,

1145 282 1251 320 nullo
1274 283 1390 322 modo
1416 284 1458 322 in
1482 283 1715 335 Agathoclis.
1729 301 1746 318 11
1766 287 1818 323 At
1836 297 1977 323 vereor
2002 293 2046 323 ut
2065 299 2175 325 error

1144 341 1218 379 iste
1231 342 1407 393 lapicidae
1422 342 1553 380 multis
1567 341 1781 393 probabilis
1796 342 1998 391 videatur3
2015 351 2053 382 et
2067 344 2176 395 quod

1144 415 1350 440 numerum
1369 402 1659 441 Forsterianum
1690 400 1772 453 (92)
1794 402 1953 451 attinet,
1973 403 2176 441 Boeckhius

1145 460 1186 498 in
1215 460 1392 499 lectionis
1413 461 1600 499 varietate
1631 460 1715 511 ipse
1744 460 1928 499 concedit·
1953 460 2178 500 credibilius

1145 523 1275 562 essein
1284 527 1480 563 Marmore
1488 525 1605 564 fuisse
1625 517 1635 566 l
1649 517 1659 566 Ι
1673 516 1701 569 Ι,
1712 524 1818 575 quod
1825 524 1977 564 Selden.
1986 533 2025 563 et
2035 525 2180 565 Chand-

1143 583 1245 622 lerus
1265 583 1461 621 communi
1485 597 1675 622 consensu
1699 583 1915 634 dederunt,
1939 597 2073 623 verum
2098 594 2181 622 ter-

1147 650 1241 687 tium
1264 639 1278 689 l
1296 648 1495 699 paullatim
1505 650 1720 698 evanuisse,
1730 649 1784 687 ita
1792 657 1834 687 ut
1847 653 2015 688 Forster.
2027 650 2181 688 nonnisi

1150 711 1184 762 ll
1208 719 1379 758 vidisset.
1399 720 1547 758 Deinde
1576 733 1670 759 vero
1699 727 1743 758 ut
1767 719 1969 758 credamus
1990 723 2179 759 Nostrum

1144 781 1331 832 epocham
1368 781 1416 829 75
1460 780 1554 819 salso
1589 780 1637 818 ad
1663 779 1920 831 Cephisodori
1940 793 2083 818 annum
2099 779 2180 831 (01.

1149 844 1236 890 103,
1255 841 1291 892 3)
1344 840 1532 889 retulisse,
1564 853 1610 878 eo
1628 840 1777 878 facilius
1813 839 2053 891 largiendum
2075 847 2174 888 est,

1144 900 1235 951 quia
1253 900 1329 938 alia
1346 900 1467 937 multa
1481 899 1523 937 111
1537 899 1652 950 hujus
1670 899 1854 951 temporis
1874 899 2131 938 archontibus
2156 913 2179 938 a

1143 959 1339 998 veteribus
1370 957 1527 997 turbata
1546 971 1630 996 esse
1653 958 1884 997 debuerunt.
1905 961 2005 998 Nam
2034 959 2179 997 scimus

1144 1019 1416 1058 Philochorum
1434 1018 1669 1069 singularem
1689 1018 1833 1056 librum
1851 1019 2116 1070 composuisse
2137 1018 2185 1057 de

1146 1078 1410 1127 archontibus,
1427 1078 1496 1129 qui
1517 1078 1783 1128 magistratum
1813 1077 1998 1116 tenebant
2017 1078 2108 1115 inde
2131 1077 2182 1116 ab

1145 1139 1298 1190 Olymp.
1319 1151 1408 1185 101,
1431 1139 1453 1175 3
1473 1150 1597 1188 usque
1612 1135 1660 1173 ad
1688 1136 1846 1187 Olymp.
1883 1135 1979 1182 115,
2002 1149 2037 1174 2.
2060 1139 2116 1173 Ac
2153 1136 2186 1174 si

1147 1212 1261 1250 quem
1281 1211 1384 1235 1111110
1404 1196 1590 1235 habemus
1606 1204 1643 1233 et
1661 1196 1860 1247 sequimur
1873 1195 2104 1233 archontum
2121 1208 2184 1233 ca-

1147 1259 1317 1309 talogum
1328 1258 1389 1296 vel
1397 1256 1527 1295 obiter
1534 1255 1842 1308 perlustraveris,
1851 1255 1965 1306 plura
1977 1255 2185 1306 reperiun-

1149 1327 1225 1368 tur,
1242 1331 1325 1369 quae
1344 1317 1474 1356 nescio
1494 1330 1542 1354 an
1565 1329 1614 1354 ex
1637 1315 1786 1354 vitiosis
1811 1314 2040 1365 anagraphis
2059 1314 2185 1352 fluxe-

1147 1378 1237 1416 rint.
1259 1378 1382 1416 Sicuti
1404 1385 1563 1415 octavus
1588 1374 1732 1414 archon
1759 1382 1847 1426 post
1875 1373 2185 1425 cephis-odorum

1148 1446 1206 1476 est
1220 1436 1506 1489 Cephisodotus
1519 1465 1529 1484 ,
1544 1435 1600 1473 sic
1614 1442 1775 1472 octavus
1792 1442 1881 1485 post
1903 1433 2183 1473 Phrasiclidem

1149 1507 1207 1537 est
1226 1496 1485 1544 Chariclides3
1501 1508 1621 1547 porro
1636 1494 1824 1546 septimus
1844 1508 1866 1532 a
1883 1495 2109 1545 Pythodoto
2124 1502 2184 1532 est

1150 1557 1411 1608 Pythodemus
1426 1586 1436 1605 ‚
1455 1555 1643 1606 septimus
1670 1567 1692 1592 a
1717 1553 2007 1605 Cephisodonte
2025 1562 2083 1592 est
2103 1557 2182 1593 Ce-

1150 1616 1395 1669 phisodorus,
1411 1622 1485 1654 etc.
1504 1617 1602 1661 Quae
1619 1613 1781 1657 sortasse
1798 1622 1887 1651 sunt
1906 1612 2078 1660 fortuita,
2099 1612 2191 1650 sor—

1154 1690 1253 1720 tasse
1268 1690 1317 1715 ex
1336 1674 1548 1727 ἀναγραφῶν
1563 1672 1791 1711 confusione
1816 1672 2066 1723 explicanda3
2082 1680 2192 1710 certe

1151 1737 1270 1789 longe
1290 1735 1426 1774 absum
1453 1732 1503 1772 ab
1523 1746 1659 1771 eorum
1682 1731 1894 1779 sententia,
1919 1731 1987 1782 qui
2014 1739 2192 1771 nostrum

1151 1798 1383 1836 archontum
1412 1794 1634 1844 catalogum
1677 1805 1751 1844 pro
1779 1791 1996 1829 certissimo
2031 1790 2190 1830 habent.

1153 1861 1289 1908 Itaque
1304 1855 1413 1893 facile
1430 1853 1513 1892 fieri
1525 1851 1710 1904 potuerit,
1725 1859 1769 1888 ut
1786 1852 1930 1889 Noster
1941 1849 2005 1888 hic
2020 1863 2193 1889 errorem

1154 1914 1391 1954 commiserit
1410 1912 1572 1951 similem
1602 1910 1704 1948 illius
1717 1939 1728 1958 ,
1748 1922 1799 1947 ex
1820 1921 1901 1960 quo
1932 1907 1996 1946 alii
2015 1908 2063 1946 ad
2084 1908 2193 1946 Phae-

1154 1975 1297 2013 donem
1315 1973 1529 2011 retulerunt
1542 1982 1628 2020 quae
1645 1967 1848 2006 referenda
1867 1975 1978 2005 erant
1999 1966 2045 2004 ad
2064 1971 2194 2019 Apse-

1155 2035 1339 2087 phionem
1351 2048 1362 2082 ;
1382 2032 1450 2083 qui
1469 2028 1626 2082 quidem
1660 2041 1770 2066 error
1788 2027 1884 2066 alios
1912 2027 2057 2064 multos
2079 2040 2192 2065 crea-

1154 2095 1222 2142 vit,
1235 2094 1290 2132 ita
1303 2101 1348 2132 ut
1366 2092 1414 2130 de
1431 2088 1707 2129 Themistoclis
1735 2095 1774 2125 et
1792 2085 1973 2124 Aristidis
2002 2085 2090 2124 fatis
2110 2100 2190 2137 po-

1154 2153 1307 2192 stremis
1349 2151 1545 2202 duplicem
1604 2147 1815 2186 habeamus
1873 2145 2184 2197 chronologiam.

1154 2212 1279 2252 Simili
1306 2212 1536 2250 archontum
1563 2206 1764 2247 Theodori
1792 2213 1831 2243 et
1860 2204 2076 2254 Pythodori
2097 2204 2191 2258 (qui

1155 2271 1341 2322 septimus
1371 2278 1428 2308 est
1453 2282 1475 2306 a
1499 2264 1724 2316 Theodoro)
1753 2263 1981 2303 confusione
2010 2262 2192 2302 laborant

1155 2349 1238 2387 quae
1266 2333 1314 2371 de
1344 2329 1481 2369 Phidia
1521 2333 1729 2365 narrantur
1755 2337 1805 2362 ex
1845 2322 2081 2361 Philochoro
2136 2323 2191 2375 (v.

1156 2398 1202 2434 fr.
1224 2395 1302 2446 97).
1964 2441 1972 2450 ·
2147 2442 2154 2450 .
2185 2443 2192 2451 .

1210 2452 1323 2492 Aliud
1360 2462 1430 2489 cur
1459 2455 1594 2500 putem
1621 2447 1810 2484 Nostrum
1841 2442 1976 2494 templi
2013 2442 2196 2493 Delphici

1156 2510 1452 2564 occupationem
1467 2520 1486 2554 7
1502 2506 1564 2544 vel
1580 2506 1603 2543 8
1620 2503 1731 2542 annis
1737 2501 1846 2554 justo
1861 2501 2032 2553 priorem
2046 2500 2195 2549 fecisse,

1156 2572 1253 2618 illud
1273 2579 1331 2610 est
1350 2565 1457 2620 quod
1481 2565 1618 2604 Parius
1642 2561 1852 2602 Timotheo
1871 2588 1881 2605 ‚
1916 2573 2031 2610 quem
2063 2560 2195 2598 statim

1156 2642 1245 2687 post
1258 2635 1462 2675 memorat,
1480 2638 1601 2663 annos
1618 2622 1756 2661 tribuit
1775 2627 1839 2669 40,
1860 2619 1998 2659 Suidas
2020 2632 2115 2657 vero
2129 2625 2194 2667 47.

1157 2691 1272 2743 Quod
1288 2686 1477 2740 explicari
1491 2691 1621 2736 potest
1637 2683 1668 2720 si
1687 2680 1819 2719 obitus
1833 2687 1957 2731 poetae
1969 2678 2088 2728 vulgo
2104 2691 2196 2716 con-

1152 2750 1391 2805 jungebatur
1422 2758 1512 2784 eum
1542 2741 1677 2793 templi
1704 2739 1886 2790 Delphici
1913 2737 2194 2788 occupatione,

1157 2825 1274 2864 quam
1300 2812 1441 2848 Noster
1461 2803 1593 2842 retulit
1610 2800 1658 2838 ad
1685 2796 1941 2850 Cephisodori
1956 2826 1967 2844 ,
1986 2795 2124 2834 Suidas
2144 2797 2195 2835 ad

1157 2866 1409 2923 Cephisodoti
1425 2876 1580 2903 annum.
1597 2863 1740 2899 Noster
1755 2858 1876 2909 igitur
1895 2855 2088 2894 Timothei
2104 2855 2194 2894 obi-

1158 2941 1241 2970 tum
1262 2942 1338 2969 uno
1355 2939 1456 2964 anno
1482 2920 1659 2974 posuerit
1684 2926 1774 2970 post
1800 2915 1935 2967 templi
1966 2915 2195 2966 occupatio-

1158 3005 1259 3030 nem,
1288 2992 1421 3038 Neque
1437 2982 1649 3035 quidquam
1676 2978 1757 3029 jam
1779 2974 1944 3027 impedit
1973 2974 2068 3027 quin
2095 2974 2192 3012 Phi-

1158 3051 1255 3103 lippi
1269 3058 1307 3087 et
1319 3046 1419 3087 Ochi
1431 3054 1546 3094 regna
1563 3039 1641 3078 suis
1657 3035 1910 3088 assignaverit
1931 3033 2189 3084 temporibus.

1213 3108 1331 3161 Apud
1351 3103 1492 3145 Euseb.
1513 3104 1621 3139 Arm.
1641 3101 1875 3136 Artaxerxes
1894 3096 2082 3131 Mnemon
2106 3092 2190 3131 obit

1159 3171 1217 3210 Ol.
1239 3169 1311 3207 103
1328 3195 1338 3214 ,
1357 3180 1378 3203 2
1393 3193 1406 3211 ‚
1435 3160 1542 3214 quod
1559 3173 1580 3197 a
1600 3171 1693 3195 vero
1721 3154 1868 3193 calculo
1897 3152 2035 3191 eodem
2062 3153 2190 3203 spatio

1160 3230 1275 3268 distat
1293 3256 1303 3275 ,
1352 3237 1432 3276 quo
1490 3216 1781 3271 Cephisodorus
1829 3227 1851 3251 a
1910 3210 2187 3264 Cephisodot0.

1160 3285 1387 3327 Communis
1430 3282 1571 3319 horum
1620 3274 1793 3315 omnium
1844 3273 1931 3311 fons
1984 3271 2188 3310 confusio-

1160 3348 1233 3386 nis.
