2320 3684
805 145 1144 188 APOLLODORI
1168 148 1503 191 FRAGMENTA.

90 236 146 277 Cf.
165 234 330 286 Etymol.
351 235 402 271 M.
419 247 429 271 ε
449 230 583 276 Κύὸος·
603 234 622 271 ὃ
648 230 826 270 κύκλωθεν
855 231 955 285 βάσιν
977 232 1121 305 ἔχων,Νῆ

87 301 187 335 πᾶσα
222 291 438 346 τετράγωνος
463 292 587 345 ψῆφος.
615 289 873 345 Ἀπολλόδωρος
902 291 940 331 δὲ
964 292 1035 332 ἀπὸ
1060 309 1124 340 της

92 352 292 408 κυφότητος.
314 350 374 392 Τὰ
387 351 456 404 γὰρ
473 350 531 389 ἐπὶ
546 348 702 404 κεφαλὴν
722 349 883 405 κύψαντα
901 353 1122 402 κυλισθῆναι,

90 412 299 459 κυὸιστῆσαι
331 409 462 462 ἔλεγον.
504 409 577 450 Καὶ
608 409 790 463 κυὸιστᾷν,
818 409 859 448 τὸ
884 409 942 449 ἐπὶ
971 412 1125 465 κεφαλης

90 472 216 525 πηδᾷν.
234 469 359 517 Κύὸην
375 467 443 523 γὰρ
463 467 581 521 ἔλεγον
598 467 662 516 τὴν
676 469 846 521 κεφαλήν.
875 468 981 522 Παρὰ
1000 469 1041 508 τὸ
1059 469 1124 508 κύ-

89 546 167 569 πτω
180 559 189 576 ,
205 528 307 583 κύψω
318 559 330 578 ,
348 527 481 580 γίνεται
506 526 621 572 κύὸος.
641 527 705 572 Ἐξ
724 528 830 566 αὐτοῦ
858 527 1045 577 κυὸιστὴς,
1064 528 1125 567 καὶ

89 587 260 642 κυὸιστὴρ
274 591 292 627 ὃ
310 585 550 638 κολυμὸητής.

145 706 296 744 suidas:
316 704 462 759 Λαρινοὶ
486 703 573 758 βόες.
642 702 901 759 Ἀπολλόδωρος
919 703 956 743 δὲ
979 699 1024 744 αὖ
1048 704 1128 749 τους

92 767 291 820 εὐτραφεῖς,
313 764 487 818 λαρινούς.
511 762 715 818 Λαρινεύειν
733 762 802 818 γὰρ
821 763 862 802 τὸ
876 763 1034 803 σιτεύειν.
1055 768 1129 803 Ea-

92 825 179 864 dem
202 825 323 862 schol.
342 824 457 863 Arist.
474 827 559 862 Pac.
581 829 678 874 924;
693 823 802 861 Phot.
817 826 909 862 Lex.
924 823 982 862 Cf.
998 823 1127 862 Schol.

92 884 205 922 Arist.
221 887 292 922 Av.
314 882 405 931 465,
418 882 601 933 Hesych.,
619 886 760 933 Etym.‚
781 882 1046 933 Apostol.XI,
1066 883 1127 929 76.

92 942 267 981 Eustath.
289 955 327 993 p.
353 947 470 988 1244,
493 955 506 978 1
520 955 553 989 1,
574 941 694 979 schol.
711 940 820 979 Pind.
851 941 960 980 Nem.
981 944 1048 989 IV,
1064 942 1129 989 82,

92 1002 230 1040 AElian.
246 1004 292 1039 H.
312 1003 356 1039 A.
370 1003 467 1049 XII,
491 1014 506 1037 1
519 1014 533 1037 1
549 1029 560 1048 ,
581 1000 721 1039 Athen.
737 1003 818 1050 IX,
839 1014 877 1051 p.
899 1001 988 1049 376,
1008 1003 1048 1038 B.

577 1064 670 1102 231.

145 1131 254 1170 Idem
265 1129 408 1176 εῬάξαι
420 1143 428 1152 ·
451 1129 529 1169 ἀντὶ
545 1134 607 1169 τοῦ
623 1129 985 1174 καταὸαλεῖν.οὕτως
999 1129 1130 1168 Ἀπολ-

92 1189 258 1244 λόδωρος.
277 1190 424 1229 Eadem
445 1190 605 1228 Photius
621 1190 661 1228 in
682 1190 835 1228 Lexico.

147 1308 256 1347 Idem
277 1323 286 1346 ε
313 1308 494 1361 Φροῗὶδος’
525 1306 594 1361 πρὸ
607 1307 686 1346 ὁδοῦ
699 1337 709 1355 ,
746 1306 850 1346 οἱονεὶ
892 1306 1131 1356 ἀπεληλυθώς,

95 1366 257 1419 ἔκδημος.
286 1364 566 1419 Ἀπολλόδωρος·
593 1383 608 1400 «
629 1366 788 1420 Φροῦδος
822 1363 885 1418 μὲν
907 1368 926 1404 ὃ
944 1364 1012 1419 πρὸ
1029 1366 1130 1415 ὁδοῦ,

95 1425 215 1480 φησὶν,
230 1424 252 1472 ἢ
269 1424 337 1472 ἤδη
350 1423 416 1469 ἔξω
429 1423 489 1463 ὤν.
501 1442 516 1459 n
531 1425 593 1463 Sic
607 1425 814 1477 legendum
827 1437 910 1462 esse
927 1432 1032 1462 recte
1045 1438 1133 1462 cen-

95 1493 152 1523 set
170 1486 323 1523 Kuster.
347 1483 494 1523 Similia
523 1484 605 1521 sine
632 1483 857 1535 Apollodori
877 1483 1034 1521 nomine
1062 1483 1134 1520 ha-

95 1543 189 1582 bent
205 1543 292 1592 alii,
309 1551 353 1581 ut
369 1542 535 1592 Etymol.
553 1542 594 1580 in
615 1542 784 1596 Φροῦδοι,
800 1541 981 1592 Hesych.,
1006 1540 1075 1579 ubi
1092 1555 1131 1581 v.

94 1606 229 1654 Intpp.
571 1659 647 1697 233

150 1719 327 1759 Eustath.
344 1718 389 1758 Il.
409 1721 459 1767 E,
478 1732 517 1770 p.
555 1718 630 1763 524
642 1748 653 1767 ,
672 1717 742 1756 ubi
768 1718 816 1756 de
834 1718 1103 1769 aspiratione
1093 1732 1134 1756 m

97 1779 233 1818 mediis
246 1778 448 1817 vocabulis
467 1778 566 1829 agit:
639 1776 711 1816 Καὶ
731 1775 784 1815 ὅτι
813 1779 932 1820 κακῶς
949 1776 1135 1816 δασύνουσί

95 1853 187 1883 τινες
202 1841 263 1877 τοῦ
278 1835 394 1877 Ἐνυὼ
412 1836 453 1875 τὸ
469 1853 501 1875 υ.
515 1836 677 1888 Ἄμεινον
696 1835 764 1889 γάρ
781 1850 869 1889 φησι
883 1835 952 1888 (sc.
968 1834 1135 1890 Τρύφων)

97 1897 261 1950 ψιλοῧν..
267 1895 313 1943 ,ἢ
330 1895 390 1934 καὶ
408 1893 534 1934 διότι’
515 1895 585 1934 απὸ
604 1898 666 1934 τοῦ
695 1894 828 1933 ἐναύειν
864 1895 922 1946 (L.
951 1894 1133 1932 Dindorf.

97 1957 138 1995 in
150 1959 242 1996 HSt.
263 1955 412 1994 emend.
425 1953 576 2006 ἐναυειν)
595 1953 728 2006 γίνεται
744 1952 836 1992 κατὰ
859 1946 1134 2006 Απολλόδωρον,

98 2014 148 2053 δ’
133 2030 226 2053 εστιν
244 2015 428 2069 ἐμφωνεῖν.
439 2014 570 2053 Schol.
577 2016 692 2052 Hom.
707 2013 756 2051 ad
767 2014 813 2051 Il.
823 2015 868 2060 E,
882 2014 975 2050 333:
988 2016 1001 2058 (
1003 2010 1137 2062 Ἐνυὼ)

98 2073 198 2127 παρὰ
214 2073 254 2112 τὸ
268 2072 415 2123 ἐναύειν,
435 2072 453 2112 ὃ
473 2089 683 2125 σημαινεται
695 2088 735 2111 το
750 2070 931 2126 ἐκφώνειν,
954 2071 1061 2122 quod
1099 2072 1138 2108 in

99 2134 275 2173 Eustath.
290 2147 447 2185 quoque
467 2132 732 2185 reponendum
750 2131 905 2169 videtur
923 2144 997 2182 pro
1018 2132 1137 2184 ἐμφω-

101 2198 184 2231 νεῖν.
198 2197 244 2232 V.
265 2194 357 2231 Hst.
371 2206 408 2230 v.
425 2189 554 2231 Ἐνυώ.

144 2396 272 2439 Λαρινοὶ
300 2394 379 2437 βόες.
409 2341 710 2436 ΑροΙΙοᾱοὲυἶοΙιοο
730 2393 862 2425 nomine
882 2391 962 2426 dicit
982 2392 1136 2434 appellari

102 2445 204 2477 boves
220 2444 303 2476 bene
316 2443 490 2484 saginatos
511 2441 690 2484 Λαρινεύειν
702 2440 790 2473 enim
804 2440 951 2481 saginare
965 2440 1135 2481 siguificat

145 2560 264 2600 ’,Ράξαι
287 2558 443 2600 dejicere,
458 2505 672 2600 prosterffije.
691 2557 743 2589 Sic.
763 2556 989 2598 Apollodorus

573 2618 663 2650 232.

147 2672 303 2714 Φροῦδος,
318 2671 412 2712 quasi
428 2669 519 2702 dicas
534 2670 595 2712 πρὸ
611 2670 706 2709 ὁδοῦ,
731 2668 772 2702 de
789 2670 874 2706 via,
907 2668 965 2710 qui
992 2669 1139 2710 procula

103 2719 198 2752 nohis
213 2721 284 2759 est,
309 2718 366 2760 qui
382 2717 473 2750 abiit.
493 2716 722 2759 Apollodorus

147 2829 230 2862 Male
245 2828 403 2870 quosdam
419 2828 573 2882 Tryphon
589 2828 669 2860 dicit
689 2827 815 2861 literam
831 2839 850 2860 u
866 2828 900 2860 in
921 2828 1022 2860 Ἐνυὼ
1041 2830 1053 2868 (
1066 2828 1140 2861 Bel-

105 2876 209 2918 lona)
224 2877 341 2918 spiritu
357 2885 470 2917 aspero
487 2876 630 2917 signare;
647 2875 762 2908 melius
775 2875 863 2907 enim
876 2875 992 2916 spiritu
1008 2876 1071 2908 leni
1087 2885 1140 2908 no-

104 2923 194 2956 tari.
214 2924 291 2956 .vel
312 2926 500 2965 propterea,
516 2923 605 2964 quod
624 2923 820 2956 vocabulum
842 2923 1022 2955 secundum
1045 2924 1139 2965 Apol-

105 2970 197 3002 lod01
200 2980 255 3003 um
277 2970 443 3003 descendit
465 2970 506 3003 ab
522 2971 639 3003 ἑναυειν
661 2971 684 3003 i
710 2979 739 3003 e.
764 2979 846 3003 voce
872 2970 1139 3011 (fortitudinem)

105 3017 297 3058 accendere,
314 3018 468 3058 incitalqe
485 3027 602 3059 augere
619 3018 696 3060 (vel
712 3018 927 3059 simpliciter
944 3018 1139 3057 inclamare,

109 3064 228 3097 ἐναύειν
239 3064 263 3106 ).

578 3114 669 3147 234.

149 3164 356 3198 Aristarchus
370 3174 474 3198 unum
489 3165 685 3198 vocabulum
703 3165 818 3198 statuit
834 3165 988 3206 ἐπιμείλια
1002 3172 1088 3204 esse,
1105 3164 1141 3196 ut

108 3210 275 3254 ἐπιφέρνια,
289 3212 504 3254 Apollodorus
516 3221 594 3245 vero
606 3212 764 3254 disJungit
779 3213 830 3245 ἐπὶ
847 3213 950 3253 μείλια
965 3212 1071 3249 δώσω,
1090 3220 1141 3251 po-

108 3257 209 3290 situm
229 3258 338 3291 dicens
359 3268 418 3300 pro
439 3259 586 3291 ἐπιδώσω
607 3260 726 3300 μείλια,
750 3258 1024 3315 quemadmodum
1044 3257 1140 3289 etiam

107 3304 141 3336 in
163 3305 310 3346 proxime
330 3305 604 3348 subsequentibus
614 3308 710 3339 Hom.
725 3306 817 3346 dicit,
834 3306 930 3338 ”Ὀσσ
944 3305 1032 3336 οὔπω
1044 3315 1088 3340 τις
1105 3305 1139 3344 ἑῇ

109 3351 246 3385 ἐπέδωκε
262 3353 400 3395 θυγατρί.

2138 161 2221 194 467-

1235 288 1343 327 Idem
1359 290 1405 328 Il.
1431 293 1468 339 Ῑ,
1492 297 1640 343 147,p
1613 305 1651 343 p.
1692 298 1780 339 742,
1801 292 1849 330 ad
1882 292 2002 331 verba
2030 296 2217 333 Homeri:

1182 346 1300 395 Φίλην
1323 347 1486 388 ἀνάεδνον
1521 348 1658 401 ἀγέσθω
1686 350 1782 403 Πρὸς
1797 354 1891 390 οἰκον
1910 353 2073 399 Πηληος·
2103 353 2171 405 ἐγὼ
2189 357 2220 392 δ’

1182 405 1239 444 ἐπὶ
1258 405 1376 457 μείλια
1391 406 1509 459 δώσω]
1528 406 1640 447 ΗΕτι
1632 408 1743 448 ιστέον
1763 409 1824 448 καὶ
1842 408 1896 448 ὅτι
1910 410 2137 486 Ἀρίσταρχος
2155 412 2220 464 μὲν

1183 462 1218 501 ἓν
1238 462 1342 518 μέρος
1368 464 1473 517 λόγου
1496 467 1673 518 λαμὸάνει
1689 484 1730 506 το
1742 469 1972 521 ,ἐπιμείλια,
1991 471 2039 515 ὣς
2071 469 2113 509 τὸ
2144 473 2222 510 ἐπι-

1183 520 1318 574 φέρνια.
1336 522 1597 579 Ἀπολλόδωρος
1626 525 1664 566 δὲ
1694 499 1853 577 διαλύει,
1888 526 2024 579 λέγων·
2056 529 2221 569 ἐπιδώσω

1186 580 1313 631 μείλια·
1330 583 1377 625 ὡς
1392 582 1451 621 καὶ
1468 584 1658 639 κατωτέρω
1671 585 1769 630 εὐθυς
1782 586 1920 639 ἐπάγει,
1931 586 2041 627 ‘occ'
2056 587 2155 627 οὔπω
2170 605 2223 633 τις

1185 640 1225 691 ἑῇ
1245 638 1400 679 ἐπέδωκε
1416 642 1571 696 θυγατρί.

1241 744 1349 783 Idem
1385 747 1524 798 Odyss.
1552 749 1595 796 Γ,
1629 756 1719 799 444,
1748 765 1786 802 p
1825 752 1940 801 1476,
1979 753 2042 801 38,
2078 753 2146 792 ubi
2174 754 2222 792 de

1188 801 1324 853 ἄμνιον,
1345 805 1449 855 quod
1463 807 1632 845 Porsilus
1646 809 1924 861 Hierapytnius
1938 783 2042 862 apud
2057 813 2223 864 popula-

1187 875 1247 901 res
1268 876 1358 900 suos
1377 864 1502 903 adhuc
1520 864 1657 917 αἵμνιον
1676 870 1921 919 pronuntiari
1940 870 2107 919 dixerat,
2099 870 2225 948 παρα

1187 920 1228 960 τὸ
1243 924 1345 972 αἷμα.
1368 923 1469 970 Φησὶ
1488 924 1524 962 δὲ
1543 925 1603 963 καὶ
1624 926 1934 1000 Ἀπρλλόδωρος,“
1916 946 1963 974 ως
1993 930 2082 974 εἰκὸς
2097 925 2140 978 ην
2164 930 2225 969 καὶ

1188 978 1287 1034 παρὰ
1307 982 1358 1034 τῷ
1371 985 1501 1035 ποιητῇ
1527 983 1636 1027 οὕτως
1659 985 1742 1024 αὐτὸ
1766 987 2018 1041 προφέρεσθαι·
2045 1004 2226 1043 περιαιρε-

1189 1041 1292 1086 θηναι
1314 1019 1351 1078 δέ
1367 1040 1408 1079 τὸ
1434 1044 1521 1081 ἰῶτα
1538 1042 1606 1081 ὖπό
1626 1059 1743 1083 τινων.
1772 1046 1829 1085 Cf.
1861 1049 2025 1097 Etymol.
2045 1052 2098 1088 Μ.
2125 1050 2164 1086 in
2188 1049 2224 1087 h.

1189 1112 1227 1137 v.
1243 1106 1281 1136 et
1295 1100 1459 1151 Hesych.

1244 1207 1351 1245 Idem
1370 1206 1509 1257 OdySS.
1529 1208 1583 1256 A,
1606 1209 1695 1259 579,
1713 1223 1752 1260 p.
1789 1223 1901 1260 1700,
1932 1225 2001 1248 10:
2017 1211 2167 1266 Δέρτρον

1191 1264 1451 1319 Ἀπολλόδωρος
1477 1264 1532 1311 δὲ,
1556 1265 1614 1304 τὸν
1634 1267 1714 1320 περὶ
1740 1267 1874 1306 κοιλίαν
1902 1268 2083 1318 ἐπίπλουν,
2103 1269 2139 1308 ὃν
2168 1270 2228 1308 καὶ

1192 1323 1344 1377 ἀργέτην
1375 1322 1524 1374 δημὸν’
1508 1329 1638 1369 εκεῐνος
1665 1326 1778 1364 καλεῖ.
1800 1326 1857 1365 Cf.
1878 1328 2044 1377 Etymol
2068 1332 2120 1367 M.
2125 1332 2230 1377 ‚He

1191 1397 1208 1421 s
1237 1383 1295 1421 ch.

1210 1397 1235 1434 y
1671 1438 1762 1477 237.

1245 1489 1353 1528 Idem
1373 1489 1512 1540 odyss,
1533 1493 1572 1528 M
1580 1505 1672 1540 ,22,
1696 1506 1734 1543 p.
1757 1493 1870 1541 1706,
1894 1506 1935 1530 1:
1950 1491 2004 1531 Τὸ
2023 1491 2089 1530 δὲ(
2088 1493 2230 1531 «δισθα-

1191 1546 1290 1590 νέες»
1311 1548 1346 1585 ἐν
1362 1548 1440 1586 δυσι
1458 1547 1728 1602 μέρεσιλόγου’
1708 1549 1941 1603 αναγινώσκει
1953 1550 2232 1606 Ἀπολλόδωρος,

1192 1605 1318 1657 λέγων,
1335 1604 1390 1644 ὅτι
1406 1605 1445 1644 τὸ
1447 1606 1515 1668 ”Sic
1533 1607 1594 1646 καὶ
1608 1608 1681 1662 τρὶς
1697 1608 1892 1648 ἀποὸάλλει
1919 1609 1959 1648 τὸ
1979 1616 2090 1662 σῖγμα
2106 1612 2141 1649 ἕν
2156 1617 2232 1655 ταῖς

1193 1663 1412 1704 συνθέσεσιν·
1432 1669 1503 1704 οἱον
1524 1666 1656 1716 δίπους,
1670 1667 1824 1722 τρίπους.
1839 1665 2007 1723 Ὤφειλεν
2022 1673 2081 1708 οὖν
2100 1669 2159 1708 καὶ
2176 1670 2233 1707 δι-

1194 1723 1322 1769 θανέες.
1338 1724 1494 1773 Νοητέον
1511 1725 1547 1764 δὲ
1560 1725 1619 1765 τὸν
1638 1727 1900 1782 Ἀπολλοδώρου
1913 1727 2016 1780 λόγον
2035 1728 2144 1783 χωρὶς
2162 1746 2232 1768 των

1195 1785 1436 1837 ἀριθμητικῶν
1447 1799 1455 1808 ·
1471 1785 1663 1837 δισχιλίους
1679 1788 1747 1841 γὰρ
1762 1786 1852 1839 μετὰ
1867 1803 1927 1826 του
1943 1793 2054 1838 σῖγμα
2070 1787 2131 1826 καὶ
2142 1803 2234 1841 τρισ-

1194 1843 1330 1895 χιλίους
1346 1842 1473 1896 φαμέν.
1496 1844 1569 1883 Καὶ
1586 1844 1678 1884 οὕτω
1695 1845 1758 1898 μὲν
1775 1845 1889 1889 αὐτός.

1602 1917 1815 1932 “000oe-

1298 1948 1421 1986 ΠΕΡΙ
1452 1949 1559 1988 ΤΩΝ
1589 1949 1851 1989 ΑΘΗΝΗΣῘΝ
1882 1951 2125 1991 ΕΤΑΙΡΩΝ.

1250 2070 1456 2109 Athenaeus
1475 2074 1599 2120 XIII,
1622 2086 1659 2124 p.
1673 2013 1769 2121 Ξῗὶῗ,
1784 2076 1840 2111 A:
1863 2072 1913 2112 Σὺ
1938 2073 1995 2124 δὲ,
2015 2067 2044 2112 (ἶ)
2063 2071 2234 2128 σοφιστὰ,

1196 2129 1232 2167 ἐν
1251 2135 1322 2173 τοῖς
1338 2130 1544 2178 καπηλείοις
1562 2130 1789 2204 συναναφύρῃ
1807 2133 1847 2170 οὗ
1863 2133 1939 2183 μεθ’
1958 2132 2120 2186 ἑταίρων,
2142 2132 2234 2171 ἀλλὰ

1198 2188 1274 2239 μεθ’
1288 2191 1449 2243 ἑταιρων,
1471 2189 1782 2244 μαστροπευούσας
1800 2191 1880 2245 περι
1895 2191 2021 2231 σαυτὸν
2038 2193 2102 2230 οὐκ
2115 2191 2235 2243 ὀλίγας

1670 2342 1759 2376 235-

1239 2392 1362 2434 ’Άμνιον
1393 2393 1445 2426 vel
1475 2394 1584 2435 ἅμνιον
1613 2394 1705 2434 (vas
1737 2394 1786 2427 ad
1817 2395 2065 2436 excipiendum
2096 2403 2233 2435 sanqua-

1198 2441 1340 2481 nem)...
1364 2440 1451 2473 Dicit
1473 2440 1571 2473 etiam
1592 2441 1811 2482 Apollodorus
1833 2442 1998 2483 probabile
2020 2451 2091 2474 esse
2117 2444 2235 2474 Home-

1198 2496 1272 2519 rum
1287 2496 1417 2529 quoque
1431 2488 1553 2528 αΐμνιον
1570 2489 1815 2529 pronuntiasse,
1833 2498 1850 2520 a
1866 2489 2029 2520 nonnullis
2044 2497 2120 2520 vero
2136 2500 2144 2519 ι
2163 2489 2233 2521 lite-

1200 2543 1269 2566 ram
1286 2543 1357 2566 esse
1373 2536 1549 2567 exemtam

1671 2584 1762 2617 236.

1240 2636 1388 2678 Δέρτρον,
1405 2638 1600 2675 omentum,
1619 2636 1808 2669 membrana
1829 2645 1903 2676 quae
1924 2635 2076 2667 intestina
2096 2635 2233 2668 circum-

1199 2683 1273 2723 dat,
1289 2683 1498 2724 Apollodoro,
1513 2692 1611 2717 auam
1622 2683 1744 2716 etiam'
1730 2684 1858 2725 αργέτην
1868 2683 2131 2722 δημὸνΗοιηθτυε
2141 2682 2229 2715 dicit.

1673 2744 1762 2776 237.

1241 2795 1405 2832 Δισθανέες
1435 2796 1446 2836 (
1461 2795 1511 2828 bis
1526 2797 1658 2827 mortui
1673 2795 1685 2833 )
1702 2793 1830 2826 duabus
1845 2792 1983 2825 vocibus
2000 2792 2174 2834 sejunctis,
2188 2794 2232 2831 δὶς

1200 2842 1320 2882 θανέες,
1343 2841 1560 2883 Apollodorus
1575 2841 1708 2875 scribit,
1743 2839 1856 2871 diceus
1877 2839 2037 2871 vocabula
2058 2840 2103 2876 δὶς
2123 2842 2156 2872 et
2170 2842 2232 2883 τρὶς

1200 2888 1234 2920 in
1250 2888 1439 2929 compositis
1455 2900 1477 2920 σ
1491 2888 1616 2920 literam
1629 2887 1788 2928 abjicere,
1805 2885 1889 2917 sicut
1905 2885 1940 2917 in
1959 2885 2077 2927 δίπους,
2094 2897 2142 2930 τρι
2133 2886 2230 2924 ’.πους

1200 2936 1396 2976 Oportuerat
1411 2935 1509 2987 igitur
1526 2935 1623 2967 etiam
1642 2934 1786 2970 διθανέες
1811 2932 2021 2974 Intelligenda
2035 2941 2115 2966 vero
2137 2934 2232 2975 Apol-

1199 2981 1302 3013 lodori
1318 2981 1400 3014 ratio
1417 2981 1483 3013 de
1474 2981 1514 3012 tis
1531 2980 1735 3013 solummodo
1746 2980 1914 3012 vocabulis
1930 2989 2005 3021 quae
2019 2989 2087 3012 non
2102 2980 2168 3013 sint
2177 2990 2234 3013 nu-

1200 3027 1353 3068 meralia3
1386 3037 1462 3060 nam
1477 3028 1661 3069 δισχιλίους,
1677 3027 1864 3071 τρισχιὶίους
1880 3035 1956 3059 cum
1973 3039 1995 3060 σ
2009 3027 2166 3069 dicimus,
2196 3030 2234 3061 ut

1200 3077 1268 3118 ipse
1283 3086 1413 3118 quoque
1428 3079 1548 3109 monet

1610 3133 1809 3148 .-.......-

1255 3176 1322 3214 DE
1351 3175 1748 3214 ATHENIENSIUM
1777 3174 2176 3215 MERETRICIBUS.

1670 3252 1760 3285 238.

1242 3306 1290 3336 Tu
1315 3312 1413 3341 vero,
1440 3303 1605 3344 sophista,
1629 3303 1661 3335 in
1689 3304 1846 3345 cauponis
1874 3303 2036 3343 versaris,
2061 3312 2127 3336 non
2154 3311 2230 3335 cum

1200 3351 1335 3389 amicis,
1351 3350 1409 3383 sed
1423 3359 1498 3382 cum
1514 3350 1698 3390 amicabus,
1714 3350 1803 3383 lenas
1818 3350 1904 3383 circa
1918 3351 1951 3383 te
1965 3359 2029 3382 non
2045 3358 2163 3392 paucas
2178 3349 2231 3385 ha

2089 3411 2145 3439 30.
