2320 3684
882 151 1078 192 EPHORI
1105 152 1438 195 FRAGMENTA.

162 299 338 338 Clemens
356 298 555 336 Alexandr.
580 301 720 335 strom.
741 299 758 334 I
770 326 781 345 ,
796 310 834 348 p.
858 301 964 341 404:
982 295 1136 350 Ἔφορος

109 357 144 396 δὲ
157 372 216 396 και
233 358 331 396 ἄλλοι
346 356 469 396 πολλοὶ
481 359 550 395 τῶν
562 357 747 409 ἱστορικῶν
765 354 824 393 καὶ
842 353 922 402 ἔθνη
939 354 999 392 καὶ
1014 354 1136 406 γλώσ-

108 431 173 460 σας
196 417 300 456 πέντε
318 415 378 455 καὶ
403 415 644 466 ἑὸδομήκοντα
665 413 825 466 λέγουσιν
844 417 946 462 εἰναι,
977 413 1134 452 ἐπακού-

107 490 230 520 σαντες
246 478 308 522 τ-’ἥς
327 477 443 528 φωνῆς
461 473 621 517 Μωσέως
635 472 819 525 λεγούσης·
833 465 951 511 Ἦσαν
973 471 1009 510 δὲ
1022 479 1134 511 πᾶσαι

108 536 143 572 αἱ
169 535 279 588 ψυχαὶ
304 534 339 579 ἐξ
363 533 493 573 Ἰακὼὸ
520 533 624 572 πέντε
649 532 708 571 καὶ
734 531 996 583 ἑὸδομήκοντα,
1022 533 1058 569 αἱ
1087 532 1134 575 εἰς

110 592 285 644 Αἴγυπτον
305 593 546 631 κατελθοῦσαι.
567 595 649 630 «Ex
673 591 768 643 ipsis
781 591 911 642 potius
924 590 1133 641 AEgyptio—

106 665 192 689 rum
223 652 372 690 traditis
408 652 511 690 illam
542 651 712 688 hausisse
743 651 881 688 famam
908 650 1107 701 Ephorum
1123 679 1133 698 ,

106 711 219 749 fidem
232 711 322 749 facit
338 711 547 763 Horapollo
561 715 578 749 I
591 740 601 759 ,
621 725 633 746 1
645 716 664 755 4
681 709 922 760 εΟἷκουμένην
937 709 974 747 δε
985 707 1136 762 γράφον-

103 785 180 818 τες,
208 769 444 825 κυνοκέφαλον
462 772 723 824 ζωγραφοῦσιν,
751 766 871 814 ἐπειδὴ
893 767 1134 820 ἑὸδομήκοντα

105 827 166 867 δύο
181 828 300 883 χώρας
317 828 379 873 τὰς
394 827 544 882 ἀρχαίας
560 828 646 881 φασὶ
661 831 725 875 τ’ἧς
739 826 956 879 οἰκουμένης.
970 845 985 862 »
999 830 1131 864 Marx.

546 908 691 919 --—-0-——

508 951 662 995 LIBER
687 950 718 989 Ι.

313 1016 642 1055 ΗΡΑΚΛΕΙΔΩΝ
670 1015 923 1054 ΚΑΘΟΔΟΣ.

598 1085 634 1123 8.

155 1145 263 1184 Theo
282 1142 805 1215 ΡΥος.Ρ.12τΔιηγημάτων
827 1142 890 1194 μὲν
907 1144 1117 1194 μυθικῶν..

101 1204 160 1243 καὶ
177 1204 274 1258 παρὰ
292 1203 432 1258 Ἐφόρῳ
456 1205 491 1242 ἓν
509 1207 552 1257 τῇ
574 1203 719 1264 πρώτῃ,
745 1201 785 1241 τὸ
804 1201 885 1256 περι
904 1204 974 1240 τῶν
998 1201 1132 1250 πεντή-

100 1279 207 1303 κοντα
223 1263 373 1303 Θεστίου
390 1262 608 1317 θυγατέρων,
631 1263 719 1306 αῖς
701 1264 856 1305 απάσαις
871 1261 1055 1315 παρθένοις
1074 1261 1132 1300 οὔ·

100 1339 178 1368 σαις
194 1323 298 1377 φησὶν
314 1323 390 1374 ἅμα
407 1338 552 1374 μιγηναι
567 1322 625 1360 τὸν
642 1319 837 1375 “Ηρακλέα.

599 1382 637 1419 9.

152 1440 280 1479 Schol.
295 1440 493 1491 Apollonii
507 1439 635 1478 Rhod.
651 1444 684 1487 I,
707 1453 764 1477 vs.
784 1453 797 1475 1
811 1440 883 1477 168
899 1454 907 1476 :
928 1437 1080 1492 Ἔφορος
1094 1439 1129 1476 ἐν

97 1497 228 1552 πρώτῳ
241 1497 488 1552 παραδέδωκεν
504 1498 606 1537 αὐτὸν
624 1499 860 1550 (Herculem)
878 1497 922 1535 δι’
938 1496 1128 1551 Ὀμφάλην

95 1558 379 1610 καταλελεῖφθαι.
410 1557 518 1595 Idem
543 1571 600 1596 vs.
637 1559 761 1607 1289:
798 1553 952 1611 Ἔφορος
979 1557 1014 1594 ἐν
1041 1558 1085 1608 τῇ
1104 1555 1130 1594 ε’

95 1617 184 1669 (leg.
197 1615 244 1667 α’)
257 1615 362 1669 φησὶν
379 1614 483 1654 αὐτὸν
500 1615 666 1660 ἑκουσίως
682 1616 932 1668 ἀπολελεῖφθαι
943 1614 1028 1669 πρὸς
1037 1614 1129 1666 Ὀμ-

96 1674 212 1729 φάλην
231 1673 295 1722 τὴν
313 1674 438 1714 Λυδῶν
460 1673 727 1726 βασιλεύουσαν.

567 1734 591 1770 9
615 1747 650 1772 a.

146 1793 340 1832 Plutarch.
355 1793 502 1831 Camill.
522 1806 568 1843 19
584 1807 592 1830 :
607 1793 872 1844 Thargelionis
886 1791 966 1830 dies
979 1792 1124 1843 vigesi—

94 1866 181 1891 mus
203 1852 339 1890 tertius
363 1852 453 1889 felix
475 1852 637 1901 Graecis,
659 1852 848 1890 infaustus
870 1852 1009 1903 saepius
1034 1851 1125 1889 bar-

93 1910 196 1949 baris
233 1910 306 1948 fuit
324 1925 332 1948 :
366 1909 436 1948 ΚαὶΙ
473 1909 712 1964 Καρχηδόνιοι
746 1910 825 1964 περὶ
860 1908 1026 1949 Σικελίαν
1057 1910 1125 1949 ὑπὸ

93 1968 330 2021 Τιμολέοντος
341 1972 500 2018 ἡττῶντο
517 1973 561 2023 τῇ
588 1970 721 2022 ἑὸδόμῃ
751 1969 948 2023 φθίνοντος·
972 1968 1051 2023 περὶ
1079 1969 1122 2016 ἣν

93 2029 186 2067 δοκεῖ
204 2027 264 2067 καὶ
282 2028 322 2067 τὸ
337 2027 446 2068 Ἴλιον
463 2030 610 2078 ἁλῶναι,
628 2030 675 2072 ὣς
690 2027 843 2083 Ἔφορος
857 2028 917 2067 καὶ
929 2026 1123 2066 Καλλισθέ-

90 2103 150 2135 νης
173 2087 233 2126 καὶ
263 2086 458 2139 Δαμάστης
487 2087 548 2126 καὶ
571 2087 762 2142 Φύλαρχος
790 2088 1029 2142 ἱστορήκασιν.
1062 2087 1120 2126 Cf.

91 2148 228 2185 AElian.
243 2151 290 2185 V.
305 2150 353 2185 H.
368 2151 424 2196 ΙΙ,
445 2154 506 2192 24.

133 2315 284 2357 Ephorus
300 2318 406 2348 autem
423 2317 456 2348 et
471 2315 526 2347 alii
542 2315 637 2347 multi
659 2316 817 2356 historici,
837 2318 870 2349 et
886 2317 997 2357 gentes
1010 2317 1043 2348 et
1061 2315 1122 2346 lin-

91 2372 173 2404 guas
186 2363 299 2396 dicunt
315 2363 519 2405 septuaginta
531 2364 686 2404 quinque,
694 2373 798 2404 quum
813 2364 992 2396 audiissent
1008 2372 1121 2396 vocem

91 2412 189 2445 Mosis
204 2413 340 2445 dicentis
359 2423 366 2444 :
384 2414 485 2446 Erant
500 2416 607 2445 autem
620 2422 733 2446 omnes
749 2414 866 2446 animae
887 2423 927 2446 ex
943 2413 1046 2446 Jacob
1073 2422 1120 2445 se-

90 2461 256 2502 ptuaginta
268 2461 423 2502 quinque,
439 2469 514 2502 quae
530 2460 771 2493 descenderunt
786 2461 819 2492 in
837 2463 1023 2502 AEgyptum.

515 2524 691 2537 ——QOQ—

497 2570 649 2610 LIBER
677 2572 708 2609 Ι.

292 2629 629 2662 HERAcmDARUM
662 2628 911 2661 DESCENsus.

126 2732 331 2766 Narrationes
355 2736 464 2766 autem
489 2684 661 2768 sabulgs'ae.
679 2760 687 2767 .
699 2737 732 2768 et
747 2734 802 2767 illa
814 2734 855 2766 de
882 2732 1117 2774 quinquaginta

90 2777 319 2812 Thestiadibus
333 2803 342 2820 ‚
369 2781 455 2821 apud
481 2782 648 2823 Ephorum
668 2782 700 2814 in
722 2782 829 2823 primo
846 2805 855 2821 ,
881 2788 957 2812 cum
973 2779 1093 2820 quibus
1105 2804 1115 2820 ,

88 2833 188 2864 quum
210 2827 316 2859 adhuc
338 2830 446 2861 essent
467 2829 628 2870 virgines,
642 2829 802 2862 universis
825 2828 920 2861 simul
945 2827 1115 2860 Herculem

86 2873 300 2907 concubuisse
321 2876 496 2908 existimat.

104 3017 112 3024 .
127 2972 277 3014 Ephorus
293 2974 375 3007 libro
393 2976 499 3017 primo
515 2926 790 3010 dicisg'nerculem
812 2976 974 3008 volentem
990 2984 1114 3008 reman-

85 3026 167 3052 sisse
184 3022 269 3062 apud
287 3023 479 3064 Omphalen,
494 3025 660 3065 Lydorum
676 3024 830 3065 reginam.

127 3127 169 3158 Et
178 3128 457 3169 Carthaginienses
469 3130 503 3162 in
514 3079 628 3163 5131ἰέι
631 3102 653 3163 a
662 3131 864 3164 Timoleonte
875 3131 954 3163 vieti
972 3131 1049 3162 sunt
1061 3129 1114 3161 die

83 3173 220 3214 septimo
235 3175 360 3208 ultimae
375 3179 496 3209 mensis
512 3177 659 3218 decadis;
674 3178 787 3210 eodem
803 3178 854 3210 die
870 3177 965 3210 Ilium
985 3186 1114 3218 quoque

83 3221 214 3261 captum
230 3230 300 3254 esse
310 3223 504 3263 perhibetur,
516 3226 554 3257 ut
575 3225 736 3266 Ephorus,
754 3225 980 3262 Callisthenes,
1000 3227 1115 3256 Dama-

82 3268 161 3307 stes,
178 3268 376 3309 Phylarchus
393 3273 613 3304 narraverunt.

123 3366 259 3407 Dyman,
294 3367 400 3400 tribus
416 3320 632 3403 Doriensiliiln.
650 3372 795 3404 Fuerunt
813 3373 922 3403 autem
937 3373 1012 3411 tres,
1034 3370 1112 3411 Hyl-

2145 168 2219 203 235

1697 241 1753 280 10.

1249 312 1465 363 Stephanus
1482 316 1607 364 Byz.:
1630 315 1773 364 Δυμᾶν,
1790 314 1896 368 φῦλον
1922 314 2109 369 Δωριέων·
2128 311 2219 365 ἦσαν

1195 368 1232 406 δὲ
1259 376 1364 422 τρεῖς,
1388 371 1527 416 Ὑλλεὶς
1549 371 1609 410 καὶ
1638 372 1833 426 Πάμφυλοι
1862 373 1921 412 καὶ
1956 376 2135 448 Δυμανες,
2162 377 2220 430 [ἐξ

1194 425 1429 522 αΗρακλέους,
1447 430 1507 468 καὶ
1531 430 1722 492 προσετέθη
1739 435 1762 479 ἡ
1779 431 1982 486 Υρνίθια,]
2006 435 2053 478 ὡς
2067 431 2222 490 Ἔφορος

1270 488 1460 538 «Αἰγίμιος
1495 488 1563 543 γὰρ
1593 493 1635 537 ἠν
1671 492 1741 529 τῶν
1781 491 1861 544 περὶ
1891 490 1954 539 τὴν
1987 491 2100 542 Οἴτην
2135 498 2220 534 Δω-

1196 544 1295 597 ριέων
1327 546 1509 598 βασιλεύς·
1543 548 1626 602 ἔσχε
1648 549 1684 588 δὲ
1707 549 1767 588 δύο
1788 551 1916 594 παῖδας
1931 551 2128 606 Πάμφυλον
2160 555 2219 593 καὶ

1194 605 1361 654 Δυμᾶνα,
1389 606 1449 644 καὶ
1473 606 1531 645 τὸν
1550 612 1610 646 τοῦ
1630 607 1846 669 Ἡρακλέους
1872 607 2004 649 “’Υλλον
2028 612 2220 659 ἐποιήσατο

1193 662 1328 716 τρίτον,
1346 664 1449 717 χάριν
1466 666 1666 715 ἀποδιδους,
1687 668 1760 705 ἀνθ’
1773 670 1821 706 ὡν
1842 668 2055 722 (Ηρακλης’
2039 686 2222 711 εκπεπτω-

1192 722 1280 761 κότα
1308 723 1548 776 κατήγαγεν.»
1574 727 1622 764 Οἱ
1642 727 1840 777 οἷκοῧντες,-
1863 730 2040 779 Δυμᾶνες·
2063 730 2124 769 καὶ
2146 733 2222 771 Δυ-

1195 782 1297 833 μανὶς
1317 783 1354 822 τὸ
1370 783 1519 831 θηλυκὸν
1533 784 1593 822 καὶ
1612 784 1786 836 Δύμαινα.

1685 863 1745 900 11.

1247 933 1373 972 Schol.
1388 933 1543 973 Pindari
1556 933 1667 984 Pyth.
1682 937 1731 982 V,
1757 948 1822 972 101
1843 950 1851 973 :
1867 935 1950 975 Ἀπὸ
1967 937 2135 992 Σπάρτας
2157 968 2220 979 .....

1192 989 1267 1029 ὅθεν
1289 990 1536 1043 γεγενναμένοι
1564 991 1702 1030 Ἵκοντο
1730 992 1895 1046 Θήρανδε
1924 997 2034 1048 φῶτες
2061 994 2222 1050 Αἰγεΐδαι

1193 1050 1271 1101 ἐμοι
1288 1050 1455 1105 πατέρες,
1475 1053 1512 1089 οὖ
1528 1051 1669 1091 Θεῶν”
1647 1067 1740 1105 ατερ.
1733 1053 1760 1102 .]
1778 1052 1901 1090 Διτταὶ
1918 1055 1953 1092 αἱ
1969 1057 2037 1092 τῶν
2055 1055 2221 1104 Θήὸηθεν

1195 1111 1364 1162 Αἶγειδῶν
1382 1112 1430 1155 εἷς
1445 1110 1615 1163 Σπάρτην
1628 1110 1773 1164 ἀφίξεις·
1788 1111 1943 1165 προτέρα
1960 1113 2003 1164 μὲ
1988 1130 2022 1152 ν
2037 1117 2059 1161 ἡ
2076 1114 2139 1154 συν
2152 1122 2222 1160 τοῖς

1192 1170 1365 1243 Δωριεῦσι
1379 1169 1438 1209 καὶ
1453 1168 1707 1224 Ἀριστοδήμῳ,
1716 1163 1756 1216 ἧς
1773 1169 1952 1244 μέμνηται
1961 1171 2114 1228 Ἔφορος
2127 1175 2162 1213 ἐν
2177 1178 2220 1228 τῇ

1191 1229 1314 1283 πρώτῃ
1339 1230 1473 1282 λέγων,
1491 1229 1625 1269 υΥλλον
1654 1229 1714 1268 καὶ
1731 1245 1810 1273 τους
1834 1229 1959 1275 ἄλλους
1986 1230 2065 1275 τους
2085 1234 2221 1272 ἀποτυ-

1191 1287 1318 1340 χόντας
1331 1292 1395 1337 τῆς
1412 1289 1470 1328 επὶ
1487 1288 1655 1343 Σπάρτην
1673 1289 1856 1343 στρατείας
1872 1291 2050 1344 ἐπερωτᾶν
2067 1290 2126 1330 τὸν
2146 1292 2221 1331 θεὸν

1190 1347 1287 1392 τίνας
1309 1351 1378 1387 τῶν
1406 1348 1588 1396 Ἑλλήνων
1622 1348 1831 1395 ποιήσονται
1857 1348 1943 1401 πρὸς
1975 1347 2039 1397 τὴν
2076 1349 2221 1389 κάθοδον

1191 1407 1401 1460 συμμάχους
1412 1423 1421 1432 ·
1449 1407 1507 1446 τὸν
1543 1405 1580 1446 δὲ
1612 1409 1764 1454 ἀνελεῖν,
1797 1407 1875 1451 τοὺς
1909 1407 1976 1447 ὑπὸ
2007 1407 2222 1463 Ἡρακλέους

1190 1466 1492 1521 εὐεργετηθέντας·
1506 1466 1665 1520 πρώτους
1681 1465 1718 1504 δὲ
1730 1465 1871 1511 τούτους
1882 1468 2044 1506 κελεῦσαι
2058 1468 2221 1520 Αἷγείδας

1189 1527 1406 1581 παρακαλεῖν
1419 1542 1427 1550 ·
1445 1525 1759 1577 ὖπολαμὸάνοντας
1773 1523 1933 1565 δὲταῦτα
1948 1525 2098 1578 εὐλόγως
2113 1543 2221 1582 προσ-

1188 1585 1374 1638 τεταχέναι
1404 1585 1463 1624 τὸν
1495 1585 1570 1624 θεὸν
1605 1586 1715 1624 ἐλθεῖν
1742 1587 1788 1628 εἷς
1818 1584 1880 1629 τὰς
1907 1586 2052 1633 Ἀθήνας
2081 1602 2219 1640 πρωτον

1188 1645 1322 1689 εἰδότας
1340 1643 1466 1691 Θησέα
1481 1643 1540 1683 τὸν
1560 1643 1693 1696 Αἰγέως
1711 1643 1861 1696 μέγιστα
1873 1644 2015 1683 πάντων
2034 1645 2090 1698 ὑφ’
2103 1644 2218 1700 Ἡρα-

1187 1703 1308 1748 κλέους
1328 1719 1539 1757 ευεργετημε
1524 1703 1610 1751 ’νον,
1628 1698 1666 1742 ευ
1683 1703 1712 1741 δ’
1733 1702 1826 1756 ἔχειν
1843 1702 1907 1751 τὴν
1928 1703 2095 1756 μαντείαν
2116 1704 2219 1756 νομί-

1187 1765 1306 1808 ζοντας
1322 1762 1382 1802 καὶ
1401 1778 1560 1817 πρωτους
1578 1761 1657 1806 τους
1675 1761 1826 1810 Θησέως
1846 1766 1908 1801 τοῦ
1931 1762 2066 1815 Αἰγέως
2091 1763 2219 1815 ἀπογό·

1185 1838 1262 1868 νους
1282 1822 1428 1861 ἐκάλουν
1448 1821 1534 1876 πρὸς
1549 1820 1589 1860 τὸ
1605 1821 1654 1873 μὴ
1674 1824 1737 1869 τῆς
1754 1821 1903 1860 καθόδου
1920 1823 2137 1877 διαμαρτεῖν.

1685 1895 1745 1934 12.

1238 1969 1364 2007 Schol.
1385 1967 1560 2019 Euripid.
1598 1967 1783 2006 Phoeniss.
1815 1980 1873 2005 vs.
1904 1981 1950 2016 7,
1977 1966 2024 2005 de
2046 1970 2214 2006 Harmo-

1183 2028 1246 2065 nia
1260 2042 1268 2064 :
1285 2026 1437 2081 Ἔφορος
1457 2024 1493 2064 δὲ
1514 2025 1709 2079 Ἠλέκτρας
1727 2025 1786 2064 καὶ
1801 2024 1989 2069 Ἄτλαντος
2006 2025 2113 2073 αὐτὴν
2129 2020 2216 2065 εἶναι

1181 2085 1291 2138 λέγει·
1316 2085 1461 2137 Κάδμον
1483 2084 1519 2123 δὲ
1539 2084 1788 2139 παραπλέοντα
1806 2085 1870 2131 τὴν
1895 2085 2133 2139 Σαμοθρᾴκην
2151 2086 2215 2139 ἁρ-

1181 2145 1293 2185 πάσαι
1321 2145 1447 2193 αὐτήν·
1474 2143 1537 2192 τὴν
1558 2143 1595 2183 δὲ
1617 2145 1650 2188 ἐς
1675 2143 1781 2195 τιμὴν
1800 2147 1861 2191 τῆς
1888 2144 2021 2198 μητρὸς
2041 2145 2214 2196 ὀνομάσαι

1181 2256 1299 2295 lenses,
1315 2255 1502 2296 Pamphyli,
1519 2255 1552 2287 et
1573 2256 1737 2296 Dymanes
1754 2253 1807 2295 [ex
1824 2254 1973 2295 Hercule,
1991 2254 2100 2286 addita
2113 2255 2210 2287 etiam

1181 2305 1230 2334 est
1250 2302 1438 2343 Hyrnithia]
1452 2327 1461 2342 ,
1477 2305 1559 2334 teste
1576 2302 1708 2342 Ephoro
1735 2302 1818 2334 libro
1850 2302 1956 2343 primo
1982 2315 1988 2331 :
2015 2314 2030 2329 α
2055 2302 2212 2343 AEgimius

1183 2362 1199 2377 «
1221 2350 1307 2381 enim
1322 2350 1409 2381 cirea
1425 2351 1537 2382 OEtam
1549 2349 1756 2382 Doriensium
1772 2352 1840 2381 erat
1855 2358 1908 2381 rex
1929 2349 2092 2389 :geminos
2105 2352 2211 2381 autem

1181 2410 1196 2425 α
1220 2397 1336 2430 hahuit
1348 2397 1430 2429 filios
1446 2397 1663 2438 pamphylum
1679 2399 1711 2429 et
1721 2398 1878 2437 Dymana,
1895 2398 1928 2428 et
1944 2396 2076 2437 Hyllum
2094 2398 2211 2428 Hereu-

1181 2456 1196 2471 «
1219 2443 1260 2476 lis
1273 2444 1375 2476 filium
1382 2444 1516 2476 tertium
1531 2444 1708 2485 adoptavit,
1720 2445 1803 2476 hanc
1816 2445 1952 2485 gratiam
1968 2444 2107 2476 reserens
2123 2443 2207 2483 ideo,

1179 2505 1195 2519 «
1218 2492 1305 2533 quod
1322 2492 1431 2534 ipsum
1447 2492 1601 2524 Hercules
1619 2501 1717 2533 regno
1729 2493 1866 2534 eJ'ectum
1884 2492 2103 2523 restituerat.»
2119 2493 2209 2523 Inco-

1175 2539 1229 2579 lae,
1247 2542 1411 2581 Dymanes
1427 2542 1460 2572 et
1475 2548 1590 2580 genere
1605 2539 1760 2571 feminino
1779 2539 1936 2580 Dymanis
1949 2540 1981 2570 et
1999 2540 2166 2579 Dymaena.

1664 2601 1675 2633 1
1690 2601 1721 2633 1.

1217 2654 1297 2684 Duae
1306 2654 1383 2685 sunt
1393 2652 1581 2693 AEgidarum
1597 2661 1636 2684 ex
1644 2651 1762 2684 Thebis
1778 2651 1809 2682 in
1818 2652 1963 2691 Spartam
1971 2649 2204 2690 expeditiones.

1175 2700 1217 2731 Et
1233 2699 1322 2740 prior
1342 2699 1476 2740 quidem
1494 2707 1569 2730 cum
1591 2698 1805 2730 Doriensibus
1821 2697 1906 2728 sacta
1927 2698 1976 2728 est
1991 2697 2024 2728 et
2043 2705 2118 2728 cum
2136 2698 2205 2730 Ari-

1173 2747 1333 2786 stode1n03
1350 2747 1390 2779 de
1404 2756 1468 2788 qua
1480 2747 1579 2778 tradit
1588 2745 1825 2787 Ephoruslibro
1839 2744 1955 2785 primo,
1965 2744 2096 2784 Hyllum
2110 2746 2207 2785 atque

1173 2794 1325 2835 reliquos,
1337 2794 1456 2835 quibus
1469 2794 1607 2826 diremta
1623 2795 1708 2825 esset
1721 2793 1754 2824 in
1772 2793 1918 2832 Spartam
1929 2791 2104 2831 expeditio,
2118 2800 2205 2832 quoe.

1172 2842 1335 2874 sivisseex
1361 2841 1574 2881 deo,quinam
1595 2842 1783 2872 Graecorum
1803 2838 1844 2870 ad
1864 2838 2004 2869 reditum
2014 2839 2205 2871 tentandum

1173 2890 1326 2922 societate
1348 2889 1410 2921 sibi
1428 2888 1623 2929 adJungendi
1636 2889 1761 2926 essent;
1775 2887 1862 2918 hunc
1879 2895 1956 2918 vero
1975 2886 2181 2927 respondisse
2193 2911 2204 2926 ,

1171 2945 1239 2976 eos,
1261 2937 1293 2968 in
1311 2946 1393 2977 quos
1408 2935 1560 2967 Hercules
1574 2934 1728 2966 beneficia
1744 2933 1944 2967 contulisset,
1959 2935 1992 2965 et
2004 2933 2212 2976 primosjus-⁵

1171 2984 1253 3015 51553
1269 2984 1400 3024 AEgidas
1416 2982 1536 3014 auxilio
1562 2981 1722 3013 advocari.
1741 2980 1979 3012 Existimarunt
1996 2982 2106 3013 autem
2128 2991 2202 3023 pru.

1170 3031 1283 3063 denter
1299 3031 1396 3062 deum
1418 3029 1587 3060 mandasse
1609 3030 1646 3060 ut
1668 3028 1810 3069 primum
1833 3028 1976 3060 Athenas
1995 3027 2201 3069 profisceren-

1172 3080 1224 3109 tur
1239 3101 1247 3116 ,
1262 3085 1422 3109 memores
1450 3076 1612 3107 Theseum
1636 3075 1783 3107 omnium
1815 3075 1957 3108 maxime
1983 3075 2025 3107 ab
2061 3076 2199 3109 Hercule

1170 3124 1332 3156 benefieiis
1360 3124 1491 3155 auctum
1522 3131 1594 3154 esse
1603 3132 1613 3163 3
1633 3122 1770 3164 ideoque
1793 3125 1880 3155 ratos
1905 3123 1987 3155 bene
2016 3124 2199 3165 percepisse

1170 3170 1336 3202 oraculum
1349 3194 1357 3209 ,
1386 3169 1509 3210 primos
1531 3169 1664 3209 Thesei,
1687 3170 1743 3211 qui
1769 3172 1819 3202 est
1834 3169 1924 3211 AEgei
1940 3170 2046 3210 filius,
2066 3173 2198 3212 nepotes

1170 3218 1357 3257 advocasse,
1376 3225 1416 3248 ne
1430 3216 1550 3249 frustra
1572 3217 1711 3249 reditum
1734 3219 1905 3250 tentarent.

1652 3272 1710 3304 12.

1211 3323 1360 3363 Ephorus
1386 3322 1598 3355 Harmoniam
1613 3323 1750 3356 Electrae
1771 3325 1803 3356 et
1821 3323 1958 3356 Atlantis
1972 3322 2070 3356 filiam
2093 3323 2175 3356 dicit
2186 3347 2195 3363 ,

1170 3377 1303 3410 eamque
1328 3371 1451 3410 raptam
1465 3377 1535 3402 esse
1558 3378 1578 3402 a
1597 3370 1723 3403 cadmo
1747 3370 2001 3404 Samothraciam
2026 3372 2195 3411 praeterna-
