2320 3684
747 119 1074 159 PHERECYDIS
1101 120 1436 160 FRAGMENTA.
2125 131 2174 165 93

549 207 612 247 88.

121 279 247 317 Schol.
282 278 458 330 Apollon.
489 278 528 322 Ι,
560 287 630 312 102
657 288 666 311 :
690 270 895 326 Φερεκύδης
924 271 960 310 ἐν
990 272 1036 323 τῇ
1076 273 1094 308 θ

69 336 189 391 φησὶν,
209 335 262 375 ὅτι
280 333 434 378 Ἔλατος
463 335 483 371 ὃ
498 329 638 384 Ἰκάρου
674 334 783 380 γαμεῖ
802 327 1002 383 Ἐριμήδαν
1030 327 1095 389 τὴν

68 395 313 447 Δαμασίκλου.
343 391 480 433 Τούτου
512 388 548 428 δὲ
584 387 718 440 γίνεται
748 387 942 442 Ταίναρος,
965 386 1025 442 ἀφ’
1055 390 1096 425 οὓ

68 454 244 508 Ταίναρον
264 453 458 497 καλεῖταιὴ
479 446 580 492 πόλις
598 446 658 486 καὶ
677 449 700 494 ἡ
719 445 812 501 ἄκρα
831 446 890 485 καὶ
907 449 926 485 ὁ
946 445 1068 499 λιμήν.

548 511 612 546 89.

122 571 248 608 Schol.
265 572 421 607 Homer.
441 566 487 604 Il.
501 567 545 613 B,
561 564 637 603 585
652 577 660 600 :
675 560 842 613 Οἴτυλον,
854 564 901 608 ὥς
913 562 1095 602 δάκτυλον·

69 625 215 682 ἔρχεται
233 626 355 682 γὰρτὸ
373 625 487 676 ὄνομα
506 622 576 662 ἀπὸ
599 624 662 670 τῆς
681 637 714 660 οι
738 621 936 676 διφθόγγου.
961 622 1094 665 Κακῶς

69 689 107 728 δὲ
129 687 347 744 Τυραννίων,
367 686 524 737 οἰόμενος
545 682 671 738 ἄρθρον
684 676 774 721 εἶναι
793 683 832 722 τὸ
851 698 904 738 οι,
922 682 983 721 καὶ
1001 680 1098 735 παρὰ

67 747 132 795 τὴν
148 746 331 794 συνήθειαν
348 749 408 783 τοῦ
427 745 574 791 ποιητοῦ
591 741 816 796 ἁμαρτάνων,
838 740 899 780 καὶ
922 739 1019 795 παρὰ
1036 739 1097 787 τὴν

68 805 242 860 ἱστορίαν·
262 804 294 843 εἴ
310 820 351 856 γε
369 802 479 845 οὕτως
498 801 584 854 φησὶ
604 800 663 840 καὶ
684 798 906 854 Φερεκύδης·
936 801 1037 838 «Τοῦ
1063 797 1098 836 δὲ

67 864 201 917 γίνεται
222 860 426 916 Ἀμφιάναξ·
443 865 505 899 τοῦ
527 860 557 899 δ’
577 858 747 908 Οἴτυλος,
772 859 831 912 ἀφ’
853 853 893 897 οῧ
916 860 939 905 ἡ
956 857 1057 902 πόλις
1075 860 1098 905 ἡ

68 923 104 961 ἐν
124 922 274 977 Σπάρτῃ
293 923 466 960 καλεῖται.
479 937 495 953 »

373 1042 527 1082 LIBER
555 1040 799 1080 DECIMUS.

119 1101 362 1142 Atlantidum
401 1099 615 1152 progenies.
642 1100 816 1145 Celoen0;
846 1100 985 1146 Maja‚·
1008 1100 1100 1135 Me-

68 1177 167 1214 rope,
190 1161 348 1213 Sisyphi
368 1173 481 1208 uxor,
498 1159 546 1197 de
569 1172 645 1210 qua
677 1158 726 1198 cf.
749 1157 794 1196 fr.
830 1158 904 1206 783
931 1160 1101 1208 Taygete,

67 1221 176 1272 cujus
211 1235 260 1259 ex
294 1223 390 1258 Jove
419 1219 519 1257 filius
552 1217 826 1263 Lacedaemon3
849 1216 913 1254 hic
939 1229 1102 1254 uxorem

69 1279 204 1318 habuit
226 1282 393 1330 Sparten
414 1291 435 1315 a
460 1277 600 1328 Lelege
614 1289 734 1328 genus
748 1276 972 1323 ducentem,
990 1274 1100 1312 ideo-

68 1352 144 1390 que
164 1338 293 1389 jungit
312 1336 461 1374 fabulas
479 1335 686 1373 Arcadicas
699 1347 787 1372 cum
800 1333 1014 1372 Laconicis.
1034 1335 1104 1371 Se-

68 1406 243 1449 quuntur
264 1396 465 1447 Amyclas,
490 1398 701 1445 Cynortas,
719 1393 912 1440 Perieres,
936 1391 1102 1439 Icarius,

67 1456 260 1507 Penelope
278 1455 373 1507 (90),
397 1454 649 1493 Telemachus
675 1451 768 1505 (91).
797 1452 907 1490 Alter
939 1451 1102 1489 Perieris

36 1534 46 1541 ·
69 1515 169 1553 filius
192 1525 249 1553 est
266 1515 493 1566 Tyndareus
506 1542 517 1561 ,
538 1513 628 1551 inde
643 1516 780 1552 Castor
801 1521 840 1550 et
860 1511 997 1550 Pollux
1015 1513 1102 1561 (923

69 1574 117 1611 cf.
138 1574 223 1626 29);
247 1574 537 1624 Clytaemnestra
553 1572 661 1610 ducit
680 1570 730 1609 ad
747 1572 916 1621 Steropes
931 1570 1102 1621 posteri-

71 1640 184 1670 tatem
197 1661 208 1680 ,
225 1632 275 1670 ad
294 1632 474 1683 Pelopem
487 1630 583 1682 (93),
606 1634 953 1681 Agamemnonem,
969 1631 1101 1667 Mene-

69 1692 191 1737 laum;
214 1691 263 1729 ad
287 1690 432 1729 bellum
461 1689 694 1741 Trojanum,
717 1702 796 1740 quo
813 1696 959 1740 spectat
978 1687 1023 1726 fr.
1051 1693 1098 1738 94

69 1750 118 1789 de
141 1750 237 1788 Anio
261 1758 299 1787 et
319 1749 366 1787 de
386 1748 620 1794 Calchante;
644 1747 694 1785 ad
716 1749 893 1785 Orestem
919 1745 1000 1798 (96,
1022 1746 1101 1799 97),

69 1809 117 1848 ad
137 1809 375 1848 Hermionen
404 1816 442 1846 et
464 1806 765 1858 Neoptolemum
781 1803 876 1858 (98).
890 1805 1101 1843 -Bellum

68 1868 276 1919 Trojanum
308 1866 510 1905 transitum
527 1873 637 1917 parat
669 1864 717 1902 ad
735 1866 922 1901 Electram
943 1863 1101 1915 ejusque

69 1927 301 1980 prosapiam.
321 1925 418 1964 Inde
434 1925 556 1976 petita
578 1932 669 1962 sunt
693 1923 907 1975 fragmenta
926 1923 1101 1974 (103113-

69 1987 122 2024 mi
142 1998 264 2024 uxore
279 1982 376 2037 (99),
392 1983 441 2022 de
454 1983 530 2021 Dio
544 1983 624 2021 filio
641 1982 750 2034 (100)
768 1991 807 2020 et
826 1982 987 2020 fortasse
1004 1981 1100 2019 illud

70 2043 119 2082 de
138 2043 311 2082 Palladio
344 2042 527 2095 (101).—
546 2044 681 2079 Restat
707 2044 882 2090 Alcyone.
911 2041 1099 2092 Hyrieus,

67 2106 256 2154 Nycteus,
289 2102 479 2154 Antiope,
513 2101 706 2152 Amphion
741 2109 780 2138 et
809 2100 950 2138 Zethus
977 2098 1099 2153 (102),

68 2162 209 2214 quibus
228 2160 362 2200 addidi
396 2173 482 2211 quae
505 2160 554 2198 de
580 2159 695 2197 rebus
715 2159 972 2210 Phlegyarum
995 2168 1033 2197 et
1052 2159 1101 2197 de

67 2222 203 2260 Ixione
220 2219 326 2272 (103)
349 2227 569 2257 narrantur.
590 2222 682 2257 Haec
700 2219 849 2257 aditum
881 2219 1028 2257 faciunt
1051 2217 1100 2255 ad

69 2280 218 2319 Atticas
237 2279 402 2326 fabulas3
420 2292 539 2329 quare
558 2278 635 2316 huc
657 2278 772 2316 retuli
791 2278 836 2315 fr.
858 2278 907 2316 de
919 2278 1100 2328 Orithyia

69 2338 191 2391 (104),
214 2338 263 2376 de
287 2338 446 2376 Daedalo
473 2336 602 2390 (105),
643 2337 690 2375 de
716 2337 868 2375 Theseo
890 2337 1020 2388 (106),
1052 2337 1100 2376 de

69 2398 214 2449 Alope,
232 2397 440 2448 Cercyonis
460 2397 539 2435 filia
561 2410 583 2434 a
599 2396 750 2434 Theseo
766 2396 958 2434 interfecti
979 2395 1100 2448 (107),

553 2515 617 2548 88.

73 2568 94 2574 “’
110 2573 224 2606 Elatus
239 2581 376 2606 uxorem
389 2572 484 2605 duxit
498 2572 700 2613 Erimedam,
714 2572 891 2605 Damasicli
906 2572 1018 2605 filiam.
1033 2575 1100 2606 Hu-

69 2622 122 2662 jus
136 2620 222 2652 filius
236 2622 285 2652 est
296 2621 466 2660 TaenaruS‚
476 2628 496 2652 a
505 2628 572 2661 quo
585 2619 713 2652 Taenari
728 2620 806 2653 urbs
821 2621 855 2653 et
870 2629 927 2653 arx
938 2622 971 2653 et
983 2622 1100 2661 portus

70 2667 288 2709 cognominati
305 2669 393 2700 sunt.

553 2734 617 2768 89.

112 2793 218 2833 Hujus
231 2793 282 2824 est
298 2792 502 2833 Amphianax
513 2814 522 2831 ,
538 2791 637 2833 hujus
652 2792 788 2833 OEtylus
799 2815 810 2834 ‚
827 2801 847 2825 a
863 2801 930 2834 quo
944 2792 1023 2825 urbs
1042 2793 1101 2825 La-

71 2838 276 2872 cedaemoniae
291 2847 411 2871 nomen
425 2839 560 2880 accepit.

372 2979 528 3018 LIBER
554 2979 795 3020 DECIMUS.

552 3062 616 3095 90.

113 3123 245 3163 Icarius,
263 3123 373 3156 OEbali
388 3123 487 3163 filius,
504 3133 638 3157 uxorem
652 3124 748 3157 duxit
763 3125 992 3166 Dorodochen‚
1012 3127 1096 3160 Orti-

73 3168 156 3202 lochi
173 3169 283 3210 filiam,
307 3170 360 3202 vel
374 3170 552 3202 secundum
568 3172 800 3213 Pherecydem,
825 3174 1042 3214 Asterodiam‚
1061 3173 1096 3205 fi-

72 3215 149 3248 liam
163 3217 330 3258 Eurypyli,
347 3217 404 3258 qui
415 3220 512 3250 natus
524 3219 574 3251 est
592 3228 634 3251 ex
644 3219 813 3252 Telestoie.
835 3221 980 3260 Laertes,
994 3230 1096 3261 quum

72 3263 252 3295 audivisset
282 3264 462 3305 Penelopen
486 3267 519 3297 et
545 3265 764 3306 pulcritudine
790 3268 824 3299 et
846 3267 945 3299 animi
971 3268 1092 3300 virtute

1154 207 1201 245 de
1225 217 1339 260 raptu
1358 211 1597 248 Amazonum
1621 209 1741 263 (108),
1765 210 1814 249 de
1831 211 1972 250 Thesei
1991 212 2181 251 uxoribus

1153 264 1277 318 (109),
1295 269 1342 306 de
1364 278 1489 307 morte
1515 270 1631 309 Codri
1651 269 1774 323 (110),
1790 270 1838 308 de
1859 273 1997 309 Ionum
2020 271 2182 309 coloniis

1155 323 1276 377 (111),
1296 327 1344 365 de
1364 332 1445 367 Teo
1469 329 1519 367 ab
1547 329 1782 368 Athamante
1805 328 1963 367 condita
1989 328 2023 381 (1
2036 328 2116 381 12),
2134 330 2183 368 de

1155 384 1262 422 Darii
1275 395 1410 425 contra
1420 388 1580 438 Scythas
1591 388 1839 440 expeditione
1850 389 1884 441 (1
1896 403 1910 426 1
1919 388 1971 440 3),
1983 388 2014 427 si
2026 388 2183 440 quidem

1154 451 1258 481 recte
1271 444 1345 483 hoc
1364 447 1619 497 fragmentum
1642 457 1775 486 nostro
1795 447 2040 495 adscribitur,
2059 461 2185 499 neque

1155 503 1286 554 potius
1312 517 1363 541 ex
1396 505 1579 556 allegoria
1617 507 1781 558 quadam
1816 506 2048 558 Pherecydis
2081 507 2185 557 Syrii

1155 560 1362 610 repetitum
1381 570 1448 600 est.

1636 628 1689 667 90

1209 689 1339 730 Schol.
1367 691 1522 729 Homer.
1544 693 1683 743 odyss.
1702 695 1756 744 Ο,
1778 696 1825 732 16
1843 711 1851 733 :
1866 694 2016 749 Ἰκάριος
2031 696 2050 733 ὃ
2069 693 2186 733 Οἶδά-

1155 750 1218 787 λου
1234 755 1342 801 γαμεῖ
1360 749 1574 803 Δωροδόχην
1592 751 1655 798 τὴν
1675 752 1899 806 Ὀρτιλόχου,
1916 753 1938 800 ἢ
1958 752 2051 792 κατὰ
2068 755 2186 807 Φερε-

1156 806 1280 857 κύδην,
1298 808 1527 863 Ἀστερωδίαν
1545 807 1609 856 τὴν
1640 811 1848 863 Εὐρυπύλου
1872 816 1934 850 τοῦ
1959 811 2187 867 Τελέστορος.

1158 866 1360 919 Πυθόμενος
1383 867 1419 906 δὲ
1436 866 1597 922 Λαέρτης
1614 869 1693 923 περὶ
1725 873 1787 917 τῆς
1813 870 2024 919 Πηνελόπης
2044 871 2098 910 ὅτι
2125 872 2186 910 καὶ

1157 927 1207 979 τῷ
1226 925 1348 964 κάλλει
1376 925 1436 965 καὶ
1455 932 1531 971 ταῖς
1558 927 1659 980 φρεσὶ
1678 928 1834 982 διαφέρει
1871 932 1994 968 πασῶν
2019 932 2090 969 τῶν
2109 931 2188 969 καθ’

1158 983 1285 1033 ἑαυτὴν
1305 987 1495 1038 γυναικῶν,
1523 984 1645 1037 ἄγεται
1675 986 1784 1034 αὐτὴν
1813 989 1864 1041 τῷ
1895 988 1994 1026 παιδὶ
2023 988 2189 1028 Ὀδυσσέῖ

1158 1043 1244 1099 πρὸς
1259 1043 1388 1096 γάμον·
1405 1044 1428 1092 ἣ
1450 1044 1626 1092 τοσαύτην
1644 1038 1737 1098 εἶχεν
1758 1045 1898 1100 ἀρετὴν,
1920 1046 2011 1086 ὥστε
2035 1048 2095 1086 καὶ
2126 1047 2189 1095 τὴν

1161 1102 1310 1151 Ἑλένην
1327 1103 1391 1151 τὴν
1410 1105 1450 1142 ἐκ
1466 1102 1549 1147 Διὸς
1567 1097 1675 1142 οὖσαν
1694 1106 1746 1158 τῷ
1773 1107 1837 1152 τῆς
1859 1106 1984 1158 ἀρετῆς
2010 1107 2189 1160 ὓπερὸάλ-

1158 1164 1243 1202 λειν.
1261 1162 1307 1201 Ἥ
1325 1162 1362 1202 δὲ
1379 1163 1516 1218 ἱστορία
1532 1161 1628 1217 παρὰ
1641 1163 1899 1218 Φιλοστεφάνῳ
1915 1164 1974 1203 καὶ
1992 1164 2189 1219 Φερεκύδῃ.

1214 1299 1342 1339 Schol.
1372 1302 1531 1338 Homer.
1557 1298 1692 1349 Odyss.
1719 1300 1777 1347 O,
1806 1300 1881 1337 223
1901 1312 1910 1336 :
1929 1298 2150 1353 Πολυφείδης
2173 1302 2192 1338 ὁ

1160 1358 1318 1397 Μαντίου
1337 1357 1492 1411 (Buttm.
1510 1360 1528 1396 ὁ
1547 1357 1736 1396 Μαντείου.
1751 1358 1910 1397 Mediol.
1929 1360 1948 1396 ὁ
1965 1357 2102 1409 μάντις)
2121 1360 2192 1397 Σα-

1162 1421 1303 1472 ριοῧσαν
1322 1416 1456 1469 γήμας·
1476 1416 1632 1468 γίνονται
1657 1418 1752 1470 αὐτῷ
1769 1417 1890 1460 παῖδες
1907 1415 2115 1471 Ἁρμονίδης
2132 1417 2190 1455 καὶ

1161 1475 1424 1527 Θεοκλύμενος·
1446 1475 1480 1519 ὃς
1500 1474 1638 1519 κτείνας
1660 1474 1828 1530 ἐμφύλιον
1847 1474 1978 1530 ἄνδρα,
2002 1475 2121 1530 φεύγει
2146 1478 2194 1519 εἷς

1159 1534 1223 1583 τὴν
1242 1534 1374 1575 Πύλον.
1404 1533 1596 1587 Συντυχὼν
1623 1533 1659 1572 δὲ
1685 1534 1801 1573 θύοντι
1823 1534 2056 1588 Τηλεμάχῳ,
2083 1535 2194 1572 δεῖται

1161 1595 1267 1632 αὐτοῦ
1287 1596 1401 1632 σῶσαι
1420 1593 1524 1632 αὐτὸν
1541 1595 1589 1637 εἷς
1604 1592 1838 1641 τὴνἿθάκην.
1860 1592 2019 1632 Εἷπόντα
2036 1592 2073 1631 δὲ
2090 1592 2192 1632 αὐτὸν

1159 1652 1204 1691 τὰ
1223 1652 1302 1707 περὶ
1321 1656 1382 1691 τοῦ
1401 1651 1532 1706 πατρὸς
1550 1653 1663 1699 ἀληθῆ
1683 1658 1851 1704 μαντεῖα,
1868 1653 1958 1692 πολὺ
1971 1655 2105 1705 μᾶλλον
2125 1651 2194 1691 ἐτί-

1160 1728 1284 1764 μησεν.
1302 1711 1410 1752 ιὌθεν
1430 1711 1490 1750 καὶ
1510 1711 1755 1764 Θεοκλύμενος
1780 1712 2093 1768 φιλοφρονούμενος
2121 1712 2190 1752 ὑπὸ

1159 1774 1228 1810 τῶν
1245 1770 1325 1826 περὶ
1341 1770 1400 1810 τὸν
1421 1771 1599 1810 Ὀδυσσέα
1631 1772 1732 1825 δεῦρο
1758 1772 1818 1811 τὸν
1846 1772 1920 1825 βίον
1944 1770 2192 1826 καταστρέφει.

1160 1830 1204 1870 Ἥ
1226 1830 1262 1869 δὲ
1278 1830 1414 1885 ἱστορία
1433 1829 1530 1885 παρὰ
1549 1830 1747 1885 Φερεκύδῃ.

1641 1896 1704 1935 92.

1216 1961 1404 2012 Hesych.:
1423 1959 1614 2014 Εὗρύμας,
1635 1959 1791 2004 Ὠλένιος
1822 1960 1863 1999 τὸ
1887 1975 2006 2012 γενος,
2033 1961 2193 2007 διάὸολος

1159 2019 1214 2059 δέ·
1230 2020 1305 2060 ὅθεν
1329 2019 1481 2075 ἀνῃρέθη
1501 2019 1568 2059 ὑπὸ
1586 2018 1840 2063 Πολυδεύκους.
1862 2021 1988 2059 Κεῖταί
2007 2023 2029 2067 ἡ
2056 2020 2192 2075 ἱστορία

1158 2079 1255 2135 παρὰ
1271 2079 1470 2134 Φερεκύδῃ.

1639 2149 1703 2187 93.

1212 2216 1342 2256 Schol.
1367 2215 1502 2267 Eurip.
1534 2217 1661 2254 Orest.
1687 2228 1729 2251 11
1764 2229 1772 2251 :
1799 2213 1862 2259 Ἐξ
1895 2212 2193 2268 Εὖρυσθανάσσης

1158 2276 1316 2329 (rectius
1337 2273 1609 2328 Εὐρυανάσσης)
1624 2276 1687 2321 τῆς
1708 2272 1868 2322 Ξάνθου,
1902 2272 1926 2321 ἢ
1949 2271 2103 2316 Κλυτίας
2127 2276 2191 2320 τ’ἥς

1159 2334 1464 2389 Ἀμφιδάμαντος,
1484 2336 1531 2378 ὡς
1559 2335 1691 2388 ἱστορεῖ
1717 2332 1940 2387 Φερεκύδης,
1967 2336 1986 2371 ὁ
2009 2332 2191 2375 Τάνταλος

1158 2394 1322 2447 ἐγέννησε
1335 2393 1394 2432 τὸν
1413 2392 1575 2432 Πέλοπα.

1161 2514 1299 2539 uxorem
1329 2504 1490 2538 conciliat.
1526 2505 1631 2537 Tanta
1669 2504 1740 2537 haec
1775 2503 1952 2536 excellebat
1985 2504 2124 2542 virtute,
2149 2505 2186 2535 ut

1161 2554 1268 2596 ipsam
1285 2553 1452 2592 Helenam,
1469 2560 1543 2593 quae
1558 2551 1652 2584 Jovis
1667 2554 1748 2592 erat,
1765 2560 1803 2584 ea
1820 2553 1997 2592 superaret.

1644 2612 1708 2645 91.

1202 2670 1409 2713 polyphides,
1426 2669 1540 2702 Mantii
1555 2669 1652 2709 filius,
1665 2678 1706 2701 ex
1721 2668 1852 2701 Sariusa
1865 2675 1967 2699 uxore
1984 2667 2067 2699 filios
2088 2667 2187 2699 susci-

1160 2718 1208 2760 pit
1220 2718 1443 2751 Harmoniden
1458 2719 1491 2749 et
1511 2717 1800 2758 Theoclymenum.
1825 2715 1885 2746 Hic
1900 2714 1977 2755 quia
1999 2714 2186 2756 popularem

1160 2766 1374 2804 interfecerat,
1388 2765 1469 2806 fugit
1479 2764 1608 2806 Pylum3
1623 2764 1680 2795 ubi
1698 2772 1738 2795 ex
1752 2761 1954 2800 Telemacho,
1976 2770 2074 2802 quem
2090 2761 2188 2793 sacri-

1159 2812 1309 2845 ficantem
1325 2811 1549 2853 deprehendit,
1558 2811 1639 2852 petit
1653 2812 1690 2842 ut
1705 2810 1814 2850 ipsum
1830 2810 1937 2841 servet
1948 2810 1980 2840 et
1994 2809 2029 2840 in
2040 2808 2184 2841 Ithacam

1159 2859 1342 2892 transferat.
1360 2859 1571 2891 Telemachus
1588 2859 1716 2896 autem,
1743 2864 1844 2897 quum
1865 2864 1943 2887 vera
1964 2855 2019 2888 ille
2040 2856 2081 2888 de
2096 2859 2187 2898 patre

1159 2907 1314 2939 vaticinia
1332 2906 1463 2946 ederet,
1492 2913 1590 2945 quam
1613 2904 1755 2936 maxime
1773 2911 1847 2935 eum
1869 2903 2051 2935 honoravit.
2080 2905 2188 2942 Quare

1159 2953 1245 2994 apud
1253 2954 1415 2994 Ulyssem,
1430 2952 1487 2994 qui
1500 2959 1616 2992 magna
1629 2950 1829 2982 humanitate
1835 2958 1910 2982 eum
1917 2952 2108 2992 prosecutus
2122 2953 2184 2990 est,

1158 3000 1259 3032 vitam
1275 3000 1391 3032 finivit.

1639 3052 1703 3084 92.

1199 3112 1360 3150 Eurymas
1371 3133 1380 3148 ‚
1394 3109 1545 3149 Olenius,
1566 3108 1781 3140 calumniator
1799 3111 1887 3150 erat;
1904 3117 2004 3151 quare
2019 3118 2038 3142 3
2054 3109 2187 3142 Polluce

1158 3156 1347 3189 interfectus
1363 3158 1424 3188 est.

1638 3210 1701 3243 93.

1197 3269 1247 3299 Ex
1264 3266 1371 3307 Clytia
1384 3290 1394 3307 ,
1418 3266 1703 3308 Amphidamantis
1723 3268 1789 3301 filia
1802 3293 1812 3310 ,
1830 3268 1986 3302 Tantalus
2007 3268 2117 3311 genuit
2132 3270 2186 3301 Pe·

73 3318 187 3342 onmes
220 3310 369 3343 mulieres
397 3312 539 3352 aequales
567 3322 739 3355 superare,
777 3314 887 3355 Ulyssi
922 3314 990 3346 tilio
1024 3323 1095 3347 eam
1154 3314 1273 3354 lopem.
