2294 3704
918 157 985 196 DE
1013 154 1372 199 APOLLODORO.

157 254 330 291 Ceterum
351 263 428 288 non
446 257 516 297 est,
535 261 603 286 cur
620 247 668 286 de
681 245 890 284 virtutibus
907 244 967 281 vel
988 243 1118 293 potius

103 312 205 349 vitiis
220 310 332 361 hujus
344 309 471 360 operis
483 306 597 345 verba
613 305 795 343 faciamus
807 311 923 353 atque
937 301 1119 352 perstrin-

103 381 235 420 gamus
260 367 514 419 perniciosum
535 365 631 403 illud
651 364 818 402 studium
838 375 886 400 ex
904 361 1119 399 euhemeri-

105 429 200 466 stica
219 427 266 465 de
286 426 400 464 rebus
420 425 592 474 mythicis
614 422 805 461 statuendi
822 422 973 459 ratione
990 420 1121 471 profe-

106 493 228 532 ctum,
256 497 353 535 quo,
382 483 552 533 neglecta
576 483 676 520 inter
694 481 910 519 fabularum
931 489 1118 526 naturam,

106 543 310 593 originem,
340 550 488 579 aetatem
514 540 782 587 distinctione,
812 539 1050 578 turbulenter
1084 546 1121 576 et

106 600 304 638 temerarie
335 600 464 637 omnia
494 599 783 650 permiscentur.
810 601 976 636 Tantum
1020 597 1120 635 enim

104 658 212 696 abest
227 666 267 696 ut
280 671 367 696 cum
382 658 541 696 Barthio
560 657 763 695 medullam
778 657 950 694 omnium
967 655 1121 705 mytho-

105 717 294 767 logiarum
326 717 365 754 in
396 715 621 767 Apollodori
644 714 775 753 libello
803 715 1055 766 reperiamus,
1080 721 1122 750 ut

105 776 199 813 nihil
218 775 331 813 nobis
349 774 518 825 praebere
530 774 708 812 videatur
730 773 804 811 nisi
819 774 995 812 miseram
1011 772 1122 810 sabu-

106 835 228 872 larum
245 834 334 871 hinc
347 834 452 871 illinc
467 846 703 871 corrasarum
718 832 956 883 farraginem.
975 834 1031 868 Eo
1047 844 1125 867 ma-

108 893 165 943 gis
199 892 363 930 dolenda
406 900 462 930 est
497 892 563 929 fati
594 891 800 942 iniquitas,
819 904 904 942 quae
924 890 1062 937 effecit,
1082 897 1124 926 ut

106 964 218 990 nemo
234 951 351 989 hodie
367 951 503 988 harum
522 964 648 988 rerum
671 950 864 988 studiosus
895 947 1123 1000 Apollodori

106 1010 293 1060 opusculo
311 1022 439 1047 carere
453 1009 582 1059 possit.

160 1068 315 1107 Accedo
342 1068 390 1106 ad
418 1069 577 1105 alterum
605 1067 829 1119 Apollodori
861 1079 979 1118 opus,
1020 1066 1122 1116 quod

106 1126 262 1182 Χρονικὰ
287 1127 347 1165 vel
376 1124 530 1179 Χρονικὴ
552 1123 711 1170 σύνταξις
742 1125 977 1164 inscribitur.
997 1127 1055 1162 De
1079 1137 1125 1162 eo

108 1186 283 1224 notitiam
315 1185 380 1222 dat
402 1187 585 1235 Scymnus
602 1184 719 1223 Chius
736 1185 796 1234 (V.
818 1183 862 1221 fr.
878 1197 916 1234 p.
938 1182 1047 1233 435),
1061 1185 1126 1233 qui

111 1243 160 1281 ad
189 1242 270 1293 ejus
296 1243 549 1281 imitationem
575 1256 683 1280 suam
711 1242 816 1280 orbis
837 1251 1024 1280 terrarum
1057 1242 1126 1279 de-

108 1302 355 1353 scriptionem
390 1302 619 1352 composuit.
650 1305 774 1339 Docet
807 1302 871 1338 ille
906 1300 1125 1352 Apollodo—

110 1374 209 1409 rum,
229 1360 458 1398 narrationis
480 1359 590 1397 initio
619 1359 720 1397 facto
746 1373 767 1397 a
793 1358 919 1409 Trojae
942 1359 1127 1409 tempori-

109 1420 203 1468 bus,
236 1420 372 1458 ordine
404 1420 678 1470 chronologico
712 1419 912 1457 tradidisse
943 1432 1028 1469 quae
1060 1431 1128 1469 per

109 1491 296 1516 annorum
317 1484 414 1523 1040
431 1478 632 1516 decursum
646 1478 743 1515 scitu
761 1477 872 1528 digna
892 1476 1126 1514 accidissent.

109 1541 194 1575 Jam
220 1550 338 1589 quum
353 1550 400 1578 ex
417 1537 643 1587 Apollodori
662 1538 807 1574 calculo
821 1536 936 1587 Troja
952 1545 1063 1586 capta
1080 1536 1128 1573 sit

115 1597 214 1634 1083
224 1610 256 1634 a.
271 1596 374 1644 Chr.,
390 1595 601 1649 substitisse
621 1594 734 1633 debet
751 1596 811 1634 01.
836 1595 921 1644 159,
940 1610 954 1631 1
975 1595 1034 1632 vel
1056 1600 1125 1639 144

110 1669 146 1694 a.
170 1655 282 1702 Chr.,
311 1668 413 1692 anno
441 1653 609 1692 secundo
634 1654 826 1691 Ptolemaei
847 1656 1046 1704 Euergetae
1071 1657 1127 1701 II,

110 1726 212 1751 anno
245 1712 393 1750 decimo
422 1711 538 1750 Attali
567 1714 606 1749 11
641 1711 898 1762 Philadelphi,
936 1711 998 1748 cui
1030 1724 1127 1762 opus

112 1785 224 1811 suum
247 1779 381 1809 auctor
398 1770 604 1821 inscripsit.
638 1769 880 1821 Legebantur
903 1771 944 1808 in
973 1783 1019 1808 eo
1047 1784 1128 1820 quae

110 1837 285 1882 spectant
314 1829 361 1867 ad
402 1829 633 1880 populorum
673 1829 940 1879 migrationes,
972 1828 1127 1866 urbium

111 1889 277 1940 origines
304 1897 342 1927 et
364 1888 533 1936 excidia,
553 1890 768 1927 Graecoruni
800 1887 1130 1938 barbarorumque

110 1948 395 2000 expeditiones,
413 1960 473 1985 res
492 1954 592 1984 terra
614 1947 785 1997 marique
805 1954 926 1997 gestas
938 1976 948 1992 ,
965 1959 1129 1997 pugnas,

111 2007 269 2054 foedera,
285 2019 418 2057 regum
445 2006 628 2056 imperia,
645 2014 894 2055 tyrannorum
920 2005 1015 2051 fata,
1033 2005 1129 2043 vitas

109 2067 279 2104 virorum
304 2066 506 2104 illustrium
535 2064 599 2116 (1).
625 2068 721 2112 Quae
747 2065 874 2102 omnia
896 2063 1067 2102 breviter
1093 2074 1131 2103 et

112 2124 384 2176 compendiose
402 2131 509 2162 erant
528 2124 724 2174 exposita,
739 2131 796 2170 et,
813 2131 856 2160 nt
874 2123 1056 2160 memoria
1071 2123 1129 2160 fa-

112 2183 221 2221 cilius
242 2191 399 2234 possent
418 2183 592 2229 retineri,
612 2181 786 2219 versibus
812 2180 1006 2230 iambicis,
1033 2181 1131 2219 libe-

112 2241 277 2280 rioribus
292 2242 365 2279 illis
375 2270 384 2287 ,
410 2249 595 2291 concepta
607 2239 675 2291 (2).

166 2301 275 2339 Libri
295 2299 409 2350 hujus
424 2301 552 2350 operis
573 2299 776 2337 laudantur
792 2306 992 2349 quattuor,
1005 2311 1131 2349 neque

112 2360 259 2411 plures,
287 2368 400 2410 puto,
432 2359 597 2396 fuerunt.
625 2361 799 2405 Quorum
832 2357 978 2408 primus
1006 2358 1130 2407 perti—

111 2420 239 2457 nuisse
268 2418 417 2455 videtur
442 2429 560 2467 usque
595 2416 643 2453 ad
667 2424 841 2466 tempora
865 2415 955 2452 belli
978 2416 1130 2453 Persici.

113 2478 158 2515 Id
186 2478 324 2528 colligo
350 2485 431 2514 tum
472 2490 519 2513 ex
550 2475 745 2512 mentione
771 2474 903 2512 Helori
928 2473 1054 2519 urbis,
1082 2475 1130 2512 ad

113 2549 226 2587 quam
246 2549 278 2573 a.
296 2542 367 2585 491
402 2535 642 2572 notissimum
666 2533 841 2584 proelium
862 2533 1106 2570 commissum
1120 2562 1129 2579 ,

113 2602 194 2631 tum
217 2608 265 2632 ex
291 2594 656 2631 commemoratione
675 2592 835 2629 Miuntis
849 2620 860 2638 ,
887 2605 972 2642 quae
986 2600 1133 2642 spectat

112 2708 175 2746 ΙΙΙ,
195 2707 374 2748 11,1;111‚
395 2708 451 2746 15,
468 2710 499 2745 6,
524 2706 634 2744 5;ΙΙΙ,
661 2707 710 2743 15,
738 2708 794 2742 223
815 2703 1052 2744 Amelesagoras
1066 2706 1130 2744 ΙΙΙ,

115 2755 165 2793 ¹0,
182 2757 213 2792 3,
229 2756 283 2792 12;
305 2753 501 2785 Philocrates
513 2753 579 2790 111,
599 2753 648 2790 13,
665 2754 695 2790 8,
713 2754 748 2789 5;
763 2750 938 2790 Dionysius
950 2750 1133 2791 (scytobra-

113 2800 225 2839 chion,
246 2799 459 2840 Mytilenaeus.
482 2801 523 2830 V.
542 2797 703 2830 Welcker.
723 2796 771 2829 l.l.
800 2806 831 2837 p.
846 2796 903 2837 85)
920 2798 955 2837 1,
976 2801 1007 2837 9,
1028 2798 1076 2836 19,
1094 2800 1129 2837 7;

113 2848 304 2879 Demaratus
322 2850 354 2877 et
374 2844 577 2886 Asclepiades
601 2846 633 2884 I,
653 2845 684 2884 9,
707 2847 757 2884 19,
781 2846 811 2884 73
834 2845 884 2883 ΙΙ,
905 2845 934 2884 1,
953 2846 983 2883 3,
1006 2846 1036 2883 3;
1063 2845 1130 2883 ΙΙΙ,

116 2897 147 2934 1,
165 2899 196 2933 2,
210 2898 246 2933 63
265 2895 439 2933 eastern,
458 2895 487 2932 1,
502 2895 582 2931 3,1.

156 2939 200 2981 (1)
219 2940 269 2972 cf.
287 2939 355 2972 Cic.
371 2939 412 2971 ad
434 2939 578 2971 Atticum
599 2940 658 2970 XII
670 2960 678 2976 ‚
690 2941 728 2970 23
746 2946 754 2968 τ
775 2950 791 2964 «ι
804 2936 929 2974 Quibus
945 2937 1132 2969 consulibus

114 2986 295 3018 Carneades
312 2987 345 3017 et
359 2995 396 3018 ea
414 2985 529 3025 legatio
548 2987 683 3017 Romam
698 2984 838 3023 venerit,
864 2983 1020 3023 scriptum
1037 2985 1132 3016 estin

115 3035 172 3063 tuo
186 3032 311 3064 Annali.
328 3034 405 3064 Haec
421 3041 508 3063 nunc
524 3041 652 3073 quaero,
672 3042 746 3073 quae
760 3041 857 3063 causa
880 3031 992 3071 tuerit,
1077 3032 1132 3073 qui

114 3086 152 3110 eo
167 3079 311 3119 tempore
324 3079 441 3110 nobilis
451 3078 626 3119 Epicureus
643 3078 740 3111 suerit
758 3077 907 3117 Athenis,
925 3078 980 3118 qui
999 3079 1132 3118 praefue-

114 3126 155 3157 rit
171 3125 289 3165 hortis,
306 3125 363 3166 qui
385 3126 481 3157 etiam
508 3125 640 3156 Athenis
655 3126 806 3157 πολιτικοὶ
829 3125 948 3156 suerint
965 3125 1105 3158 illustres
1122 3137 1130 3157 ε

114 3173 202 3213 quod
213 3175 245 3204 te
260 3172 357 3204 etiam
371 3181 411 3204 ex
423 3172 608 3213 Apollodori
621 3175 699 3213 puto
714 3181 809 3212 posse
823 3171 978 3204 invenire.
997 3185 1013 3199 »

159 3218 203 3259 (2)
217 3218 324 3259 Idem,
339 3221 434 3259 puto,
454 3219 630 3259 significare
644 3218 748 3250 voluit
765 3218 877 3251 suidas
892 3218 953 3258 1.1.,
971 3218 1025 3250 ubi
1039 3219 1131 3259 Apol-

116 3265 263 3296 lodorum
283 3264 493 3305 traqiambos
509 3264 672 3296 invenisse
689 3264 784 3303 dicit,
801 3264 950 3305 quamvis
970 3273 1035 3295 non
1055 3265 1133 3296 satis

117 3310 289 3350 intelligam
304 3311 465 3350 quomodo
487 3310 649 3343 liberiores
664 3311 735 3343 illos
749 3320 861 3343 versus
888 3310 1041 3342 iambicos
1064 3313 1132 3342 tra-

117 3361 267 3404 qiambos
281 3361 437 3401 appellare
452 3361 600 3402 potuerit.

2088 177 2196 204 xmlt

1178 254 1242 283 aut
1258 247 1305 285 ad
1321 247 1464 286 bellum
1479 250 1663 297 Ionicum,
1682 257 1748 287 aut
1763 249 1810 287 ad
1829 248 2028 288 historiam
2042 250 2194 290 Themi-

1178 305 1316 343 stoclis.
1330 306 1448 344 Libro
1463 307 1631 345 secundo
1648 316 1778 346 notata
1795 316 1903 345 erant
1916 316 2089 359 tempora
2105 308 2195 347 belli

1178 363 1487 413 Peloponnesiaci
1502 374 1539 403 et
1553 379 1637 416 quae
1653 374 1864 417 sequuntur
1878 380 1997 417 usque
2013 369 2062 405 ad
2080 381 2195 418 regna

1180 421 1351 472 Philippi
1372 432 1411 460 et
1435 424 1652 462 Alexandri.
1668 424 1779 473 Quod
1795 434 1971 475 arguunt,
1988 426 2059 463 nisi
2074 426 2196 472 fallor,

1180 478 1295 516 urbes
1308 492 1353 517 ex
1368 493 1414 518 eo
1427 491 1642 520 memoratae
1657 498 1664 520 :
1682 484 1803 522 Menae
1817 483 1889 533 (Ol.
1910 485 1976 530 81,
1995 491 2030 530 4.
2041 488 2087 522 V.
2105 485 2198 522 Dio-

1181 535 1262 573 dor.
1283 539 1354 585 XI,
1375 537 1453 588 78),
1478 542 1570 577 Noae
1585 540 1660 591 (Ol.
1684 542 1755 586 82,
1771 554 1806 579 2.
1831 541 1991 580 Diodor.
2017 544 2094 589 XI,
2110 541 2197 592 91),

1182 596 1354 643 Hyccara
1378 608 1398 631 a
1425 597 1532 635 Nicia
1557 607 1688 648 capta,
1706 599 1911 637 Chaeronea
1928 600 2004 651 (Ol.
2038 614 2128 647 110,
2146 600 2196 651 3).

1182 653 1259 698 Qui
1277 661 1422 690 restant
1437 654 1514 690 duo
1530 654 1617 692 libri
1632 657 1822 707 reliquum
1837 658 2021 708 temporis
2033 659 2199 709 spatium

1183 723 1302 760 usque
1322 711 1370 747 ad
1387 713 1554 749 auctoris
1566 721 1711 751 aetatem
1730 715 2091 766 complectebantur.

1234 772 1378 806 Verum
1393 769 1592 807 difficultas
1613 772 1785 821 quaedam
1804 774 1939 821 oritur,
1951 788 2050 824 quae,
2064 775 2095 812 si
2107 774 2201 825 quid

1184 827 1316 876 video,
1338 828 1392 865 ita
1418 837 1474 866 est
1491 830 1720 877 amovenda,
1749 839 1792 868 ut
1820 833 2101 882 Apollodorum
2123 847 2202 871 non

1183 887 1305 924 solum
1329 889 1526 926 metricam
1546 889 1688 926 hancce
1708 889 1995 941 chronologiam
2021 900 2203 943 quattuor

1183 946 1292 984 libris
1329 947 1526 998 scripsisse
1566 955 1775 985 statuamus
1787 978 1796 995 ,
1837 950 1901 986 sed
1937 951 2049 988 etiam
2081 951 2203 1001 majus

1184 1007 1379 1058 quoddam
1408 1021 1507 1059 opus
1518 1038 1528 1055 ,
1559 1009 1735 1059 prosaria
1768 1009 1847 1046 sine
1885 1009 2002 1047 dubio
2030 1012 2203 1049 oratione

1184 1066 1452 1117 compositum,
1468 1066 1576 1118 cujus
1594 1067 1704 1114 illud,
1721 1067 1825 1118 quod
1837 1070 2023 1117 Scymnus
2036 1069 2109 1106 sibi
2119 1069 2204 1107 imi-

1187 1125 1342 1163 tandum
1358 1127 1515 1174 sumsit,
1532 1127 1700 1178 epitome
1718 1127 1831 1164 fuerit
1847 1128 1906 1165 vel
1922 1128 2204 1178 compendium.

1186 1185 1279 1223 Nam
1303 1198 1422 1235 quum
1434 1186 1633 1235 Scymnus,
1650 1185 1757 1236 cujus
1771 1186 1975 1223 auctoritas
1991 1186 2031 1222 in
2046 1186 2206 1224 dubium

1186 1244 1318 1281 vocari
1333 1244 1486 1294 nequit,
1503 1247 1686 1282 Nostrum
1704 1244 1856 1281 initium
1881 1244 2054 1295 posuisse
2069 1244 2207 1283 dicata

1187 1300 1314 1351 Trojae
1338 1302 1511 1353 excidio,
1528 1316 1606 1340 non
1634 1303 1756 1353 liquet
1785 1302 1979 1352 quomodo
2005 1303 2117 1340 etiam
2146 1316 2207 1340 res

1188 1360 1444 1411 antetrojanas
1478 1361 1847 1400 commemoraverit.
1885 1361 1948 1399 Sic
1977 1374 2013 1398 v.
2051 1374 2082 1398 c.
2118 1374 2206 1398 eum

1189 1420 1310 1468 egisse
1353 1419 1526 1458 videmus
1562 1420 1610 1458 de
1645 1429 1755 1458 aetate
1797 1420 1976 1469 Dionysi,
2013 1421 2207 1466 Herculis,

1188 1479 1413 1529 AEsculapii,
1453 1480 1727 1516 Dioscurorum
1750 1480 1809 1529 (V.
1835 1479 1882 1517 fr.
1909 1479 1985 1529 72).
2010 1479 2082 1517 Sed
2107 1479 2208 1527 haec,

1189 1536 1311 1584 dicas,
1341 1550 1534 1588 perpauca
1558 1538 1731 1585 fuerunt,
1750 1550 1835 1588 quae
1861 1545 2054 1588 tamquam
2074 1535 2208 1576 ⁴minus

1189 1603 1292 1632 certa
1315 1596 1354 1632 in
1377 1597 1565 1646 prooemio
1586 1596 1823 1647 praemiserit.
1850 1595 2056 1642 Quomodo
2081 1605 2209 1634 autem

1189 1654 1448 1704 Apollodorus
1462 1655 1501 1691 in
1515 1655 1719 1705 opusculo,
1735 1655 1847 1705 quale
1863 1657 2049 1704 Scymnus
2063 1655 2206 1692 descri-

1189 1712 1246 1750 bit
1258 1742 1267 1760 ,
1284 1726 1396 1763 agere
1415 1714 1552 1763 potuit,
1572 1713 1683 1750 sicuti
1701 1713 1915 1751 Alexander
1938 1713 2155 1763 Polyhistor
2173 1723 2211 1753 et

1188 1774 1366 1819 Berosus,
1384 1772 1431 1808 de
1454 1772 1607 1823 regibus
1627 1772 1909 1820 Chaldaeorum,
1926 1773 1994 1824 qui
2010 1781 2096 1811 ante
2113 1774 2210 1811 dilu-

1188 1830 1293 1867 vium
1322 1839 1530 1882 regnarunt
1542 1860 1551 1875 ‚
1572 1831 1695 1882 deque
1712 1831 1787 1869 illis
1802 1831 2093 1882 AEgyptiorum,
2110 1846 2209 1883 quo-

1190 1902 1273 1926 rum
1297 1889 1382 1939 plus
1399 1890 1608 1940 nonaginta
1631 1889 1868 1927 enumeravit
1883 1889 1943 1939 (V.
1960 1889 2006 1927 fr.
2026 1890 2087 1940 70)
2103 1892 2118 1927 Ρ
2136 1894 2209 1928 Ar-

1189 1956 1311 1998 guunt
1323 1948 1400 1985 haec
1413 1949 1620 1999 epitomen,
1632 1954 1755 1998 neque
1770 1948 1842 1985 alia
1858 1948 2007 1995 desunt,
2026 1961 2110 1998 quae
2123 1948 2210 1986 huic

1190 2015 1330 2044 nostrae
1346 2009 1543 2045 sententiae
1563 2008 1725 2044 faveant.
1752 2008 1903 2044 Etenim
1926 2007 2009 2058 ipse
2033 2007 2096 2044 ille
2121 2010 2210 2057 Scy-

1191 2078 1301 2102 mnus
1318 2065 1545 2116 Apollodori
1565 2065 1756 2103 Chronica
1770 2066 1927 2103 metrica
1951 2065 2045 2102 dicit
2068 2064 2207 2103 πάντων

1191 2122 1359 2174 ἐπιτομὴν
1379 2125 1447 2161 τῶν
1470 2123 1580 2175 χύδην
1604 2124 1806 2177 εἰρημένων.
1828 2123 1941 2170 Quod
1955 2123 2036 2174 jam
2060 2136 2138 2160 non
2158 2124 2208 2161 ita

1190 2182 1458 2233 explicandum
1473 2191 1516 2219 ut
1529 2183 1594 2220 sit:
1605 2183 1784 2233 Epitome
1795 2182 1966 2219 omnium
1978 2195 2063 2232 quae
2072 2181 2119 2218 ab
2129 2182 2210 2219 aliis

1193 2242 1310 2280 fusius
1325 2250 1499 2280 enarrata
1513 2250 1615 2289 sunt,
1631 2241 1953 2292 quemadmodum
1973 2241 2209 2292 geographus

1191 2301 1239 2338 de
1253 2314 1323 2338 suo
1338 2301 1525 2351 opusculo
1536 2301 1646 2337 dicit:
1657 2302 1696 2338 ἐκ
1705 2301 1773 2337 τῶν
1786 2298 1961 2353 σποράδην
1973 2299 2207 2352 ἱστορημένων

1191 2359 1226 2396 ἐν
1256 2360 1404 2409 ἐπιτομῇ
1432 2372 1487 2395 σοι
1517 2356 1675 2410 γέγραφα
1699 2372 1708 2394 :
1735 2357 1802 2394 sed
1827 2357 2039 2408 significant
2069 2356 2208 2394 verba:

1192 2434 1207 2450 «
1224 2418 1427 2468 Epitomen
1441 2428 1588 2463 eorum,
1610 2430 1695 2467 quae
1707 2417 1789 2466 ipse
1800 2415 2057 2466 Apollodorus
2073 2412 2216 2464 majori>

1191 2489 1309 2527 opere
1327 2476 1512 2526 prolixius
1529 2476 1716 2526 exposuit.
1734 2493 1749 2509 »
1766 2479 1940 2522 Quocum
1955 2474 2097 2523 optime
2114 2486 2210 2522 qua—

1192 2535 1278 2572 drat
1292 2534 1388 2572 illud
1405 2535 1587 2585 Stephani
1602 2538 1651 2581 (v.
1666 2532 1770 2584 Δύμη
1790 2534 1834 2570 fr.
1853 2534 1916 2577 45)
1931 2547 1939 2568 :
1955 2530 2208 2583 Ἀπολλόδωρος

1191 2592 1213 2639 ἢ
1228 2594 1245 2630 ὁ
1261 2592 1306 2631 τὰ
1327 2592 1450 2631 τούτου
1465 2591 1725 2643 ἐπιτεμόμενος.
1735 2591 1948 2629 Verisimile
1965 2598 2021 2627 est
2046 2590 2211 2640 Stepha-

1191 2666 1282 2689 num
1297 2653 1493 2703 epitomen
1508 2651 1739 2688 intellexisse
1753 2663 1827 2700 qua
1841 2662 1929 2686 usus
1940 2656 1996 2685 est
2009 2651 2207 2698 Scymnus,

1192 2719 1306 2761 atque
1322 2711 1517 2748 dubitasse
1531 2718 1659 2748 utrum
1673 2722 1717 2746 ea
1732 2708 1852 2760 ipsius
1869 2706 2097 2757 Apollodori
2110 2716 2209 2745 esset

1192 2782 1239 2806 an
1255 2769 1364 2806 alius.

1245 2829 1526 2866 Chronicorum
1555 2825 1775 2876 fragmentis
1788 2853 1798 2871 ,
1839 2823 1973 2860 relicto
2002 2822 2136 2860 ordine
2159 2823 2208 2861 ab

1192 2888 1342 2937 Heynio
1361 2887 1557 2936 adoptato,
1575 2883 1804 2933 subjecimus
1826 2882 2005 2932 reliquias
2019 2895 2068 2919 ex
2090 2896 2209 2933 opere

1192 2947 1263 2992 Γῆς
1280 2944 1435 2997 περίοδος
1451 2945 1507 2982 vel
1523 2942 1612 2995 Περὶ
1627 2944 1690 2992 γῆς
1711 2942 1768 2978 vel
1789 2940 2208 2994 Περιήγησιςίιιεοῐίιπο,

1191 3019 1212 3042 a
1228 3004 1436 3049 veteribus,
1449 3001 1635 3051 imprimis
1645 3013 1667 3037 a
1682 3000 1893 3050 Stephano,
1905 3008 2082 3037 servatas.
2096 3002 2208 3038 Hunc

1192 3064 1331 3101 librum
1353 3060 1591 3112 Apollodoro
1612 3058 1745 3096 tribuit
1764 3057 1844 3109 jam
1857 3059 2014 3096 Vossius
2030 3058 2101 3111 (De
2119 3059 2204 3097 hist.

1193 3126 1259 3159 Gr.
1284 3120 1347 3157 lib.
1368 3122 1443 3165 ΙΙΙ,
1465 3131 1502 3167 p.
1528 3115 1627 3167 161).
1653 3117 1778 3153 Movit
1809 3129 1895 3154 eum
1926 3117 2033 3153 locus
2060 3120 2207 3154 Tzetzae

1195 3174 1303 3224 (Hist.
1317 3175 1390 3218 111,
1411 3184 1495 3216 100,
1512 3183 1550 3208 v.
1567 3170 1672 3218 805),
1689 3168 1755 3206 ubi
1780 3177 1980 3220 postquam
2000 3170 2204 3207 Herculem

1192 3232 1341 3269 dixerat
1361 3242 1435 3265 una
1459 3227 1545 3264 navi
1571 3226 1618 3264 ad
1647 3230 1860 3264 Amazonas
1881 3227 2137 3276 navigantem,
2163 3236 2204 3265 ut

1193 3289 1410 3339 Hippolytae
1422 3287 1616 3336 cingulum
1631 3286 1803 3323 Admetae
1820 3294 2051 3336 reportaret,
2064 3285 2203 3335 Bebry-

1192 3349 1286 3385 ciam
1310 3346 1585 3397 depopulatum
1603 3358 1702 3392 esse,
1720 3358 1841 3395 eaque
1870 3345 2030 3382 donasse
2044 3348 2201 3394 Lycum,
