2320 3684
151 201 200 241 54

204 344 486 396 Harpocration
505 343 544 379 in
567 355 604 378 v.
629 339 884 387 Παναθήναιαι
901 338 1039 392 Ἤγαγε
1058 338 1094 378 δὲ
1113 338 1176 387 τὴι

152 402 274 458 ἑορτὴν
292 406 310 441 ὁ
330 399 544 456 Ἐριχθόνιος
556 430 566 447 ,
591 402 611 438 δ
627 397 834 452 Ἡφαίστου,
859 398 951 437 καθά
969 412 1072 452 φασιν
1096 398 1180 438 ‘Ex-

151 460 290 505 λάνικός
313 477 351 499 τε
376 460 434 498 καὶ
458 457 675 511 Ἀνδροτίων,
704 456 866 511 ἑκάτερος
887 458 923 495 ἐν
953 456 1077 510 πρώτῃ
1098 457 1177 495 Ἀτ-

153 520 253 563 θίδος.

632 570 695 606 66.

206 624 488 675 Harpocration
510 622 550 660 in
568 636 605 659 v.
626 620 866 675 Φορὸάντειον
887 613 984 660 ετΗν
1005 620 1042 659 δὲ
1059 622 1183 660 Ποσει-

892 196 1170 236 HELLANICI
1197 195 1534 236 FRAGMENTA.

1286 336 1587 386 Harpocration:
1605 334 1840 386 Μουνυχία,...
1855 332 1959 377 τόπος
1975 332 2262 388 παραθαλάσσιος

1235 393 1270 430 ἐν
1288 395 1332 445 τῇ
1352 393 1502 446 Ἀττικῇ.
1527 393 1732 436 Ἑλλάνικος
1751 392 1786 431 δὲ
1807 395 1841 431 ἐν
1860 395 1904 445 τῇ
1927 391 2072 446 δευτέρᾳ
2093 393 2264 442 Ἀτθίδος,

1236 452 1438 503 ὠνομάσθαι
1458 451 1562 506 φησὶν
1577 451 1647 490 ἀπὸ
1666 452 1853 504 Μουνύχου
1871 450 1981 501 τινὸς,
2004 451 2264 503 βασιλέως,τοῦ

1241 510 1495 555 Παντακλέους.
1520 512 1688 550 «Eadem
1705 511 1822 549 habet
1840 511 2001 549 Photius
2011 514 2102 549 Lex.
2115 523 2152 562 p.
2175 511 2266 556 203,

1238 579 1276 609 et
1293 570 1440 618 Suidas,
1458 571 1530 608 nisi
1553 570 1659 621 quod
1681 571 1744 608 hic
1768 571 1858 622 legit
1878 571 1912 608 ἓν
1934 568 2094 622 δευτέρῳ,
2108 577 2146 607 et
2170 570 2267 608 Παν-

1237 627 1428 671 τευκλέους.
1471 628 1636 667 Uberius
1683 637 1847 668 mentem
1879 628 2066 666 Hellanici
2109 627 2269 678 exponit

155 683 260 726 δῶνος
279 681 348 725 υἱὸς
365 680 551 735 ὃΦόρὸας,
562 679 654 719 καθά
668 695 772 733 φησιν
783 678 992 723 Ἑλλάνικος
1002 681 1036 718 ἓν
1051 678 1182 732 πρώτῳ
1239 688 1426 739 Ulpianus
1440 687 1489 724 ad
1510 688 1706 725 Demosth.
1721 691 1829 726 Orat.
1841 687 1889 725 de
1903 700 1983 724 cor.
2003 700 2040 737 p.
2063 687 2128 734 73,
2148 689 2192 731 C,
2206 685 2267 724 ed.

155 744 215 788 τῆς
234 739 394 783 Ἀτθίδος.

643 785 705 830 67,

210 852 494 903 Harpocration
511 858 549 889 et
562 864 611 888 ex
626 864 672 889 eo
692 851 931 889 Phavorinus
952 851 992 888 in
1011 862 1047 888 v.
1071 850 1187 888 Εἴλω-

158 907 268 948 τεύειν
293 923 302 946 :
320 907 487 958 Εἵλωτες,
508 910 539 947 οἷ
563 906 612 960 μὴ
632 907 723 962 γόνῳ
742 908 876 961 (Phav.
896 908 1047 960 γνήσιοι)
1072 909 1186 946 δοῦλοι

160 968 458 1019 Λακεδαιμονίων,
477 967 555 1006 ἀλλ’
573 969 604 1005 οἱ
623 969 756 1021 πρῶτοι
772 967 906 1020 (Phav.
924 966 1014 1006 ἀλλὰ
1033 966 1185 1020 πρῶτον)

159 1026 382 1080 χειρωθέντες
409 1029 478 1066 τῶν
502 1027 636 1078 (Phav.
654 1024 708 1076 τὸ)
727 1025 836 1070 εἘλος
854 1026 917 1074 τὴν
937 1026 1038 1064 πόλιν
1055 1025 1190 1064 οἰκούν-

159 1101 246 1123 των·
265 1088 311 1130 ὡς
335 1085 435 1124 ἄλλοι
458 1101 496 1124 τε
520 1084 643 1124 πολλοὶ
661 1089 877 1139 μαρτυροῦσι
900 1085 959 1123 καὶ
984 1084 1189 1128 Ἑλλάνικος

160 1144 195 1181 ἐν
215 1146 258 1196 τῇ
278 1142 415 1197 πρώτῃ.

641 1201 704 1238 68.

214 1259 522 1311 Harpocration:
548 1259 699 1306 Ἀλόπη,
789 1258 981 1312 Κερκυόνος
1017 1257 1191 1310 θυγάτηρ,

162 1317 196 1362 ἐξ
215 1313 255 1365 ἧς
265 1317 326 1356 καὶ
339 1318 554 1362 Ποσειδῶνος
573 1316 778 1366 Ἱπποθόων,
792 1320 810 1355 ὁ
824 1320 887 1364 τ’ῆς
905 1316 1191 1360 Ἱπποθοωντίδος

163 1379 272 1430 φυλῆς
299 1378 480 1428 ἐπώνυμος
496 1406 506 1424 ,
534 1380 580 1422 ὥς
608 1377 816 1422 Ἑλλάνικος
844 1378 879 1416 ἐν
909 1376 1053 1430 δευτέρᾳ
1078 1375 1192 1415 Ἀτθί-

164 1439 230 1482 δος.

645 1489 710 1526 69.

217 1541 518 1595 ὃυίἀειετἌρειος
542 1541 670 1593 πάγος·
699 1541 921 1595 δικαστήριον
947 1539 1128 1589 Ἀθήνησιν

164 1600 293 1649 ἐκλήθη
314 1600 350 1639 δὲ
363 1600 493 1654 Ἄρειος
504 1631 513 1649 ,
536 1600 612 1639 ἐπεὶ
627 1599 672 1639 τὰ
689 1599 813 1654 φονικὰ
834 1599 983 1645 δικάζει·
1003 1603 1022 1639 ὁ
1038 1599 1074 1638 δὲ
1088 1599 1195 1655 Ἄρης

164 1659 221 1698 ἐπὶ
245 1662 313 1698 τῶν
335 1659 464 1713 φόνων·
482 1657 573 1706 ἣὸτι
593 1658 698 1706 ἔπηξε
710 1657 750 1696 τὸ
773 1657 854 1712 δόρυ
881 1659 954 1697 ἐκεῖ
977 1660 1012 1697 ἓν
1034 1661 1078 1712 τῇ
1108 1657 1194 1712 πρὸς

165 1717 370 1755 Ποσειδῶνα
404 1715 490 1771 ὑπὲρ
521 1715 731 1770 Ἁλιρροθίου
765 1715 844 1769 δίκῃ
859 1746 870 1764 ,
902 1715 959 1754 ὅτε
994 1715 1194 1755 ἀπέκτεινεν

166 1775 280 1823 αὐτὸν,
305 1775 518 1827 βιασάμενον
539 1775 734 1822 Ἀλκίππην
753 1774 816 1822 τὴν
836 1776 942 1814 αὐτοῦ
964 1775 1025 1813 καὶ
1050 1773 1195 1828 Ἀγραύ-

164 1834 227 1870 λου
251 1836 312 1879 τῆς
346 1831 526 1886 Κέκροπος
554 1832 750 1886 θυγατέρα,
783 1831 830 1876 ὥς
856 1848 961 1886 φησιν
990 1832 1196 1877 Ἑλλάνικος

166 1892 201 1929 ἐν
222 1889 268 1930 α’.

218 1950 326 1989 Idem
348 1950 488 2001 legitur
515 1950 618 2002 apud
653 1951 925 2001 Etymologum
956 1954 1136 2002 Magnum
1156 1952 1197 1989 in

167 2024 201 2048 v.
223 2007 355 2062 Ἄρειος
369 2008 481 2062 πάγος
509 2018 547 2047 et
575 2011 616 2047 in
638 2011 834 2062 Συναγωγῇ
863 2008 988 2054 λέξεων
1011 2008 1196 2063 χρησίμων

167 2068 206 2105 in
225 2068 385 2107 Bekkeri
410 2068 554 2107 Anecd.
577 2082 613 2120 p.
635 2074 726 2119 444,
746 2066 814 2106 sed
836 2068 952 2120 paulo
969 2068 1091 2106 aliter.

221 2186 505 2236 Harpocration
523 2186 562 2224 in
581 2199 618 2224 v.
633 2183 878 2239 Ἱεροφάντηςε
896 2184 985 2238 Περὶ
1001 2183 1036 2223 δὲ
1054 2189 1115 2223 τοῦ
1137 2185 1200 2237 γέ-

169 2258 246 2286 νους
261 2246 330 2282 τῶν
340 2246 562 2298 ἱεροφαντῶν,
579 2244 772 2292 δεδήλωκεν
787 2243 992 2287 Ἑλλάνικος
1008 2245 1042 2282 ἓν
1057 2243 1201 2298 δευτέρᾳ

172 2303 333 2347 Ἀτθίδος.

215 2467 334 2498 Auctor
344 2465 417 2497 festi
431 2421 722 2498 Panathenaeoii15n}
737 2469 806 2498 erat
821 2463 1050 2500 Erichthonius
1064 2466 1202 2501 Vulcani

174 2514 280 2552 filius,
300 2512 574 2553 quemadmodum
587 2511 771 2545 Hellanicus
792 2515 825 2547 et
843 2514 1042 2552 Androtion,
1067 2517 1202 2557 uterque

175 2560 257 2592 libro
272 2558 423 2592 Atthidos
435 2559 555 2600 pn‘mo.

217 2665 294 2697 Fuit
308 2667 416 2697 autem
432 2665 578 2697 Phorbas
601 2613 743 2706 Νοξῑῗιιί
758 2665 864 2706 iilius,
893 2668 928 2698 ut
958 2666 1142 2699 Hellanicus
1160 2669 1202 2699 te-

176 2713 279 2744 statur
291 2711 323 2743 in
342 2712 447 2753 primo
462 2712 622 2744 Atthidos.

217 2811 342 2843 Helotae
354 2811 555 2843 vocabantur
577 2811 633 2852 qui
649 2760 969 2855 liazedaemoniomm
986 2812 1070 2843 servi
1087 2814 1178 2843 erant
1192 2836 1201 2851 ‚

179 2867 244 2890 uon
259 2858 300 2890 ab
315 2858 387 2898 ipso
399 2860 471 2890 ortu
485 2882 494 2899 ,
512 2858 569 2890 sed
583 2858 669 2900 capti
689 2858 785 2899 primi
809 2866 849 2890 ex
864 2857 927 2889 illis
939 2857 1002 2898 'qui
1018 2858 1132 2890 urbem
1157 2858 1203 2891 di-

177 2907 261 2936 ctam
277 2905 374 2937 Helos
398 2905 580 2937 incolebant
594 2915 602 2937 :
619 2906 656 2938 ut
670 2913 746 2937 cum
764 2904 817 2937 alii
833 2904 925 2936 multi
941 2906 1118 2944 testantur,
1131 2907 1203 2938 tum

181 2950 366 2984 Hellanicus
381 2951 462 2984 libro
476 2952 593 2994 primo.

221 3052 319 3097 Alope
336 3058 511 3098 Cercyonis
528 3057 608 3098 filia,
622 3066 641 3090 e
652 3007 720 3098 guse
737 3058 907 3099 Neptunus
925 3056 1066 3098 suscepit
1085 3055 1204 3098 Hippo·

180 3103 356 3142 thoontem,
370 3102 805 3145 quiHippothoontiditribui
818 3112 936 3136 nomen
946 3103 1035 3137 dedit
1052 3114 1060 3135 z
1078 3105 1114 3136 ut
1130 3103 1203 3136 Hel-

179 3149 303 3180 lanicus
316 3149 410 3180 refert
424 3150 506 3182 libro
521 3151 662 3183 secundo
677 3151 830 3183 Atthidis.

223 3259 418 3298 Areopagus.
445 3260 611 3292 Judicium
637 3211 784 3294 Αῗῑῗετιίε.
812 3281 855 3288 --
883 3261 998 3294 Dictus
1024 3261 1074 3293 est
1097 3262 1204 3292 autem

180 3305 311 3346 Ἄρειος,
327 3305 414 3345 quod
430 3305 474 3337 ibi
489 3306 528 3338 de
542 3307 688 3339 caedibus
701 3309 756 3349 jus
768 3308 937 3341 diceretur.
949 3310 1035 3341 Mars
1048 3308 1134 3340 enim
1147 3317 1206 3340 cae-

1241 750 1287 784 H.
1308 746 1422 784 Wolf.
1449 748 1531 783 Bas.
1571 745 1670 794 1572
1684 775 1694 794 ,
1713 746 1796 791 foi„
1821 744 1977 792 Ἐκλήθη
1998 743 2053 791 δὲ,
2067 744 2270 795 inquiens,

1230 797 1454 856 ’Μὀυνύχιον,
1479 802 1525 847 ὥς
1557 819 1661 857 φησιν
1691 806 1708 841 ὁ
1735 802 1932 855 Διόδωρος,
1970 800 2181 856 παραφέρων
2224 800 2271 840 τὰ

1242 861 1471 910 Ἑλλανίκου,
1492 862 1616 914 λέγων,
1632 863 1680 905 ὡς·
1697 861 1845 914 (Scribe
1859 859 2031 912 λέγοντος)
2054 859 2110 898 ὅτι
2130 858 2273 914 Θρᾷκές

1242 936 1328 959 ποτε
1345 919 1617 974 στρατεύσαντες
1636 919 1728 958 κατὰ
1745 922 1814 958 τῶν
1843 918 2028 958 οἰκούντων
2058 912 2273 972 Ὀρχομενὸν

1243 979 1302 1018 τὸν
1321 978 1484 1019 Μινύειον
1498 983 1559 1027 τ’ῆς
1581 978 1768 1030 Βοιωτίας,
1790 978 1973 1023 ἑξέὸαλλον
1996 976 2119 1021 αὐτοὺς
2130 978 2270 1015 ἐκεῖθεν.

1245 1041 1290 1078 Οἳ
1309 1037 1345 1077 δὲ
1367 1038 1614 1084 ἐξαναστάντες
1627 1069 1636 1086 ,
1656 1032 1759 1086 ἦλθον
1780 1040 1826 1081 εἷς
1850 1036 1993 1084 Ἀθήνας
2011 1036 2069 1075 ἐπὶ
2085 1034 2274 1088 Μουνύχου

1248 1097 1427 1150 βασιλέως.
1456 1098 1498 1138 Ὁ
1518 1098 1553 1136 δὲ
1571 1097 1757 1152 ἐπέτρεψεν
1779 1099 1894 1140 αὐτοῖς
1912 1097 2053 1143 οἰκῆσαι
2076 1093 2134 1134 τὸν
2155 1093 2274 1141 τόπον,

1245 1155 1303 1194 τὸν
1333 1156 1413 1210 περὶ
1434 1155 1497 1204 τὴν
1531 1155 1748 1208 Μουνυχίαν.
1766 1155 1894 1198 εὈστις
1920 1154 2154 1206 ἐπωνομάσθη
2189 1148 2276 1206 παρ’

1248 1215 1360 1252 αὐτῶν
1381 1215 1429 1258 εἷς
1455 1214 1562 1266 τιμὴν
1582 1218 1643 1253 τοῦ
1668 1213 1849 1266 βασιλέως.
1867 1232 1882 1247 »
1904 1217 2030 1252 Sturz.

1302 1323 1532 1370 Harpocrat.
1565 1328 1604 1357 et
1634 1333 1683 1357 ex
1713 1333 1759 1357 eo
1790 1316 2201 1368 ΡὴεινοῐίηῐιετΠηγαὶ,

1248 1376 1351 1420 τόπος
1377 1378 1412 1415 ἐν
1433 1377 1628 1432 Μεγάροις,
1648 1379 1694 1421 ὡς
1711 1378 1746 1415 ἐν
1762 1377 1912 1430 τετάρτῃ
1934 1377 2063 1428 (Phav.
2094 1374 2275 1429 τετάρτῳ)

1249 1438 1311 1483 τῆς
1327 1435 1475 1480 Ἀτθίδος
1489 1435 1593 1490 φησὶν
1607 1434 1833 1479 Ἑλλάνικος.

1305 1542 1498 1581 Plutarch.
1515 1543 1554 1580 in
1578 1542 1692 1581 Thes.
1709 1489 1833 1589 gli-7,
1857 1554 1896 1592 p.
1920 1555 1958 1588 7,
1982 1542 2022 1588 C,
2046 1539 2113 1578 ubi
2133 1539 2210 1590 egit
2229 1538 2278 1576 de

1252 1599 1399 1637 tributo
1421 1609 1567 1651 septem
1595 1600 1880 1639 adolescentum
1901 1598 2140 1649 totidemque
2157 1597 2278 1648 virgi-

1251 1671 1344 1696 num
1365 1669 1435 1709 per·
1452 1671 1593 1697 novem
1613 1672 1733 1696 annos
1751 1658 1876 1695 Minoi
1890 1657 2095 1708 quotannis
2114 1657 2280 1708 penden-

1252 1719 1316 1766 do,
1333 1719 1385 1757 ita
1406 1720 1555 1769 pergit:
1574 1717 1784 1761 Ἑλλάνικος
1799 1716 1837 1755 δέ
1856 1733 1974 1770 φησιν,
1994 1719 2031 1755 οὐ
2048 1715 2126 1760 τοὺς
2150 1715 2280 1769 λαχόν-

1252 1792 1313 1821 τας
1339 1776 1409 1815 ἀπὸ
1437 1777 1567 1830 κλήρου
1600 1775 1661 1814 καὶ
1693 1775 1757 1820 τὰς
1792 1775 1968 1828 λαχούσας
1996 1774 2188 1826 ἐκπέμπειν
2215 1774 2282 1822 τὴν

1252 1835 1368 1884 πόλιν,
1387 1835 1488 1874 αὐτὸν
1507 1835 1543 1874 δὲ
1561 1835 1620 1874 τὸν
1640 1835 1743 1874 Μίνω
1760 1834 2038 1888 παραγινόμενον
2057 1833 2281 1885 ἐκλέγεσθαι,

1252 1894 1312 1932 καὶ
1330 1893 1388 1933 τὸν
1411 1893 1538 1941 Θησέα
1557 1893 1700 1932 πάντων
1726 1893 1865 1932 ἑλέσθαι
1881 1895 2019 1946 πρῶτον
2037 1892 2095 1931 ἐπὶ
2118 1898 2191 1936 τοῖς
2209 1895 2282 1946 ὁρι-

1254 1956 1395 1992 σθεῖσιν.
1413 1952 1624 2006 Ὡρισμένον
1641 1953 1670 1991 δ’
1690 1946 1791 1998 εἶναι,
1809 1951 1872 1998 τὴν
1897 1951 1961 2004 μὲν
1981 1955 2066 1990 ναῦν
2085 1951 2282 1998 Ἀθηναίους

1253 2011 1435 2066 παρέχειν,
1456 2011 1634 2064 ἐμὸάντας
1650 2011 1687 2050 δὲ
1704 2013 1802 2051 πλεῖν
1826 2010 1886 2050 σὺν
1910 2013 2003 2064 αὐτῷ
2031 2009 2110 2055 τοὺς
2125 2009 2281 2059 ἠϊθέους,

1257 2069 1364 2122 μηδὲν
1393 2070 1499 2109 ὅπλον
1527 2070 1648 2124 ἀρήϊον
1683 2068 1959 2123 ἐπιφερομένους.
1990 2068 2223 2120 Ἀπολομένου
2245 2068 2282 2109 δὲ

1255 2132 1317 2167 τοῦ
1341 2128 1592 2182 Μινωταύρου,
1617 2127 1726 2182 πέρας
1749 2128 1841 2180 ἔχειν
1861 2128 1925 2175 τὴν
1945 2127 2080 2175 ποινήν.
2105 2127 2282 2182 Πρότερον

1258 2187 1321 2238 μὲν
1351 2179 1410 2226 οὖν
1430 2187 1575 2239 οὗδὲμία
1598 2186 1772 2241 σωτηρίας
1803 2186 1900 2231 ἐλπὶς
1934 2186 2106 2225 ὑπέκειτο.
2132 2186 2196 2226 Διὸ
2222 2185 2284 2224 καὶ

1259 2245 1368 2298 μέλαν
1387 2245 1497 2285 ἱστίον
1517 2246 1679 2299 ἔχουσαν,
1701 2247 1748 2291 ὡς
1766 2245 1826 2285 ἐπὶ
1847 2251 2009 2300 συμφορᾷ
2025 2243 2203 2299 προδήλῳ,
2218 2243 2282 2292 τὴν

1258 2309 1343 2344 ναῦν
1366 2304 1536 2357 ἔπεμπον.
1555 2304 1648 2344 Τότε
1662 2300 1699 2343 δὲ
1712 2309 1771 2357 τοῦ
1795 2303 1944 2352 Θησέως
1962 2303 2021 2343 τὸν
2043 2301 2181 2357 πατέρα
2200 2305 2284 2357 θαῤ-

1260 2414 1327 2447 vim
1346 2414 1509 2448 intulisset
1532 2415 1691 2457 Alcippae,
1709 2414 1784 2447 filiae
1800 2423 1869 2447 suae
1896 2415 1930 2447 et
1955 2413 2104 2455 manli,
2125 2421 2200 2454 quae
2223 2415 2283 2446 ce·

1259 2469 1355 2504 crope
1367 2464 1444 2495 nata
1462 2465 1551 2504 erat,
1571 2464 1610 2495 ut
1624 2462 1723 2495 refert
1738 2462 1924 2495 Hellanicus
1947 2461 2028 2493 libro
2043 2460 2157 2502 primo.

1300 2558 1347 2589 De
1359 2557 1644 2599 hierophantarum
1664 2511 1984 2589 ramiliii'fleilanicm
1997 2555 2109 2587 docuit
2121 2554 2155 2586 in
2167 2554 2284 2587 Atticae

1259 2603 1402 2636 histon'ae
1417 2603 1500 2636 libro
1515 2604 1669 2637 secundo.

1300 2698 1494 2738 Munychia,
1508 2698 1599 2730 locus
1620 2652 1958 2736 Animalia-{timum
1979 2705 2076 2738 quem
2097 2694 2284 2728 Hellanicus

1260 2745 1294 2776 in
1310 2745 1453 2790 secundo
1478 2754 1586 2777 rerum
1603 2745 1783 2778 Atticarum
1805 2753 1923 2776 nomen
1951 2744 2112 2786 accepisse
2134 2742 2248 2775 scribit
2265 2750 2284 2774 a

1259 2800 1332 2832 rege
1346 2791 1510 2832 Munycho
1519 2815 1528 2831 ,
1550 2792 1710 2824 Pantaclis
1728 2792 1795 2832 (vel
1808 2790 2003 2830 Pantenclis)
2017 2790 2096 2823 filio.

1302 2887 1413 2925 Pagae,
1430 2885 1521 2917 locus
1537 2885 1570 2918 in
1592 2885 1729 2927 Megaris
1737 2841 1806 2925 ,712η
1825 2884 2010 2918 Hellanicus
2033 2883 2117 2916 libro
2141 2882 2284 2916 Atthidis

1261 2931 1376 2973 quarto
1392 2933 1540 2965 testatur.
1739 2973 1787 3012 73

1301 3025 1486 3058 Hellanicus
1507 3025 1604 3057 refert
1627 3033 1692 3057 non
1709 3026 1797 3057 sorte
1817 3024 1933 3056 ductos
1956 3030 2075 3064 pueros
2097 3020 2286 3064 puellasque

1260 3073 1424 3105 civitatem
1448 3071 1592 3111 misisse,
1611 3072 1668 3104 sed
1690 3072 1799 3104 Minoa
1825 3068 1982 3111 delegisse
2010 3071 2223 3111 praesentem,
2246 3078 2286 3103 ac

1260 3120 1382 3152 Thesea
1394 3119 1539 3150 omnium
1559 3114 1680 3160 cepisse
1700 3119 1840 3159 primum
1857 3117 1897 3150 de
1913 3117 2071 3158 praefinita
2081 3117 2158 3157 lege.
2178 3116 2285 3150 praefl-

1260 3167 1365 3198 nitum
1380 3169 1487 3197 autem
1504 3165 1614 3205 fuisse,
1626 3168 1662 3197 ut
1674 3174 1790 3197 navem
1809 3164 1987 3206 praeberent
2004 3164 2216 3196 Athenienses
2226 3189 2236 3203 ,
2252 3165 2286 3196 et

1261 3212 1403 3254 impositi
1416 3212 1597 3253 impuberes
1611 3212 1699 3244 nulla
1712 3220 1822 3244 secum
1837 3211 1974 3243 ferentes
1987 3219 2076 3242 arma
2084 3210 2198 3243 bellica
2208 3219 2283 3243 cum

1261 3261 1316 3292 illo
1331 3260 1534 3300 navigarent,
1558 3259 1749 3300 sublatoque
1765 3259 1946 3290 Minotauro
1970 3257 2066 3290 finem
2086 3257 2153 3290 fore
2167 3266 2283 3298 poenae.

1261 3309 1342 3340 Nam
1355 3309 1427 3338 ante
1437 3306 1525 3338 nulla
1538 3315 1610 3347 spes
1624 3306 1755 3338 suberat
1766 3306 1890 3338 salutis.
1907 3305 1991 3337 Hinc
2003 3313 2119 3336 navem
2130 3313 2204 3336 cum
2214 3306 2284 3336 atro

182 3351 280 3384 dibus
295 3354 429 3393 praeest,
445 3353 496 3385 vel
511 3353 588 3394 quia
602 3356 688 3386 Mars
702 3355 827 3387 hastam
843 3355 889 3387 ibi
909 3355 1022 3387 defixit
1034 3356 1067 3387 in
1082 3355 1206 3395 judicio
1261 3354 1333 3386 velo
1348 3356 1384 3385 ut
1398 3353 1431 3384 in
1444 3355 1564 3385 certam
1579 3353 1752 3394 perniciem
1771 3352 1951 3385 mittebant.
1967 3354 2059 3383 Tunc
2084 3360 2162 3383 vero
2180 3359 2283 3392 quum

183 3398 338 3432 adversus
345 3401 528 3440 Neptunum
538 3400 578 3432 de
590 3398 817 3442 Halirrhothio‚
833 3411 929 3443 quem
939 3402 1111 3442 occiderat,
1118 3402 1205 3443 quod
1232 3379 1239 3437 l
1262 3402 1425 3442 parentem
1442 3400 1585 3433 Theseus
1601 3399 1821 3438 confirmaret,
1840 3401 1872 3432 et
1890 3398 2089 3431 domiturum
2106 3406 2140 3430 se
2149 3399 2283 3438 iactaret
