2320 3684
156 184 231 217 292

155 257 288 304 eadem
308 279 356 303 ex
375 265 646 315 TheopompO,
667 272 708 300 ut
730 263 896 311 videtur,
909 275 1183 301 commemora-

154 325 211 362 vit
239 324 491 362 Callimachus
520 323 611 373 (non
636 335 729 360 vero
749 321 1059 373 Theophrastus3
1079 335 1182 370 nam,

155 384 281 435 eapite
306 385 393 429 145,
420 396 492 433 pro
514 380 740 434 Θεόφραστος
765 380 970 432 legendum
991 394 1072 419 esse
1090 380 1184 420 Θεό-

155 457 320 497 φραστον,
341 451 379 480 et
398 444 472 479 hoc
488 449 527 478 et
542 441 744 490 sequentia
769 441 895 491 capita
914 454 935 478 a
954 441 1080 491 capite
1109 446 1180 486 141.

155 502 320 553 pendere
331 531 341 549 ,
357 502 398 539 in
419 514 497 551 quo
513 499 736 537 Callimachi
749 497 877 551 ἐκλογὴ
891 501 960 538 τῶν
975 498 1182 552 παραδόξων

154 569 403 604 memoratur,
433 559 578 610 optime
596 558 694 596 vidit
730 559 970 610 Bentleius):
995 558 1059 597 Ἐν
1084 559 1181 598 Σκο-

152 620 283 670 τούσσῃ
309 619 340 656 δ’
366 612 454 656 εἶναι
486 617 618 672 κρήνην
654 617 756 666 ἰδίαν,
782 619 820 657 οὗ
851 617 956 669 μόνον
989 616 1180 671 ἀνθρώπων

152 678 258 727 ἕλκη,
279 677 370 716 ἀλλὰ
388 676 447 716 καὶ
475 676 710 729 βοσκημάτων
727 675 879 728 ὑγιάζειν
897 676 1104 728 δυναμένην·
1115 675 1180 714 κᾶν

153 738 251 784 ξύλον
273 737 310 775 δὲ
338 737 465 790 σχίσας
484 735 507 783 ἢ
528 734 681 790 θραύσας
711 735 891 789 ἐμὸάλῃς,
920 734 1103 789 συμφύειν.
1134 739 1179 773 In

152 810 229 848 quo
255 797 340 833 loco
367 795 563 846 perplacet
582 794 801 833 emendatio
825 795 1001 842 Bentleii,
1021 794 1181 845 legentis

151 854 338 908 κρηνίδιον,
369 855 406 892 οὗ
433 852 536 905 μόνον
610 852 811 905 δυνάμενον,
832 852 1028 903 quomodo
1048 851 1180 889 eadem

151 915 199 952 de
223 928 264 953 re
282 913 421 965 legitur
440 912 545 964 apud
564 913 712 952 Sotion.
730 912 755 949 l.
770 926 801 950 c.
818 927 828 959 ;
851 925 977 962 neque
1001 911 1102 948 enim
1118 910 1180 947 hic

152 987 272 1019 unus,
293 973 360 1011 sed
384 972 495 1010 multi
524 972 586 1009 alii
619 971 766 1016 sontes,
789 984 887 1022 quos
907 977 1180 1008 commemorat

150 1033 388 1083 Antigonus,
417 1032 458 1068 in
493 1044 564 1069 suo
611 1031 756 1082 quique
793 1043 932 1081 genere
971 1028 1181 1080 peculiares

152 1093 273 1130 erant.
295 1094 569 1141 Fragmentum
593 1097 721 1127 autem
740 1089 803 1126 hic
824 1087 1092 1126 collocandum
1112 1100 1182 1137 pu-

152 1151 251 1197 tavi,
288 1149 394 1201 quod
429 1162 517 1200 pars
548 1148 700 1186 videtur
731 1146 1001 1198 descriptionis
1036 1149 1181 1195 Tempe

151 1209 478 1254 Thessalicorum,
511 1221 626 1259 quam
659 1207 734 1244 hoc
769 1206 870 1244 libro
906 1206 1183 1255 Theopompus

153 1269 270 1306 dedit.
291 1271 390 1307 Nam
400 1268 585 1315 AElianus,
599 1270 645 1304 V.
661 1268 707 1304 H.
723 1269 791 1313 111,
811 1280 844 1313 1,
857 1266 896 1302 in
918 1278 984 1302 sua
1000 1265 1091 1300 item
1112 1262 1182 1299 de-

151 1328 362 1379 scriptione
397 1326 568 1374 notavit,
601 1325 730 1376 plures
760 1325 882 1361 fontes
912 1326 1059 1372 Tempe
1092 1334 1183 1372 per—

151 1387 289 1435 ssuere,
308 1399 474 1437 quorum
488 1384 654 1436 aquaead
672 1383 864 1421 sanandos
887 1382 1063 1419 homiues
1085 1381 1181 1417 niul-

154 1456 236 1485 tum
258 1442 483 1484 *conferant
530 1448 586 1482 Ac
629 1456 733 1494 paene
775 1441 1005 1480 crediderim
1044 1441 1182 1478 AEliani

150 1507 278 1543 locum
298 1505 514 1556 profectum
539 1516 620 1540 esse
639 1516 659 1539 a
676 1502 932 1552 Theopompo
945 1529 954 1547 ‚
978 1499 1088 1550 cujus
1113 1499 1183 1536 de-

151 1565 400 1616 scriptionem
414 1564 514 1601 inter
530 1562 692 1600 illustria
705 1561 878 1612 exempla
890 1559 1063 1598 dilaudat
1078 1559 1183 1596 Theo

150 1624 330 1674 Sophista
347 1623 386 1659 in
405 1621 640 1674 praecedenti
655 1621 788 1671 fragm.
803 1637 818 1654 n

634 1685 698 1722 85.

204 1747 422 1796 Antigonus
443 1748 592 1795 Caryst.
605 1744 751 1782 Histor.
770 1741 904 1780 mirab.
921 1755 952 1779 c.
978 1742 1045 1778 15:
1067 1739 1128 1779 ’Ev
1146 1739 1183 1778 δὲ

152 1805 318 1859 Κράνωνι
339 1806 403 1851 τῆς
425 1802 622 1846 Θετταλίας
639 1801 700 1840 δύο
740 1801 826 1855 φασὶ
850 1800 954 1852 μόνον
979 1793 1068 1838 εἶναι
1084 1798 1185 1852 κόρα-

151 1879 232 1907 κας·
254 1863 307 1902 διὸ
331 1863 391 1901 καὶ
412 1862 470 1901 ἐπὶ
489 1864 560 1900 τῶν
594 1860 782 1915 προξενιῶν
802 1862 871 1899 τῶν
886 1858 1183 1911 ἀναγραφομένων

150 1923 191 1962 τὸ
204 1923 419 1976 παράσημον
436 1924 499 1969 τῆς
516 1921 650 1964 πόλεως
670 1919 844 1972 (καθάπερ
857 1917 951 1957 ἐστὶν
966 1916 1084 1969 ἔθιμον
1095 1923 1184 1954 πᾶσι

150 1979 488 2036 προσπαρατιθέναι)
509 1979 768 2034 ὓπογράφονται
783 1977 842 2017 δύο
857 1977 1002 2031 κοράκες
1021 1975 1073 2030 ἐφ’
1091 1976 1184 2027 ἁμα-

152 2041 222 2086 ξίου
240 2042 376 2094 χαλκοῦ
391 2071 401 2089 ,
413 2039 470 2078 διὰ
491 2038 531 2078 τὸ
555 2038 732 2091 μηδέποτε
754 2036 893 2081 πλείους
906 2035 1038 2075 τούτων
1057 2027 1182 2088 ὦφθαι.

150 2101 198 2140 Ἡ
221 2099 257 2138 δὲ
281 2099 400 2152 ἅμαξα
427 2097 731 2152 προσπαράκειται
761 2097 818 2135 διὰ
850 2095 1013 2143 τοιαύτην
1047 2093 1182 2132 αἰτίαν·

152 2158 244 2204 ξένον
271 2158 339 2213 γὰρ
366 2158 449 2202 ἴσως
474 2157 515 2196 ἂν
539 2157 598 2197 καὶ
629 2161 730 2196 τοῦτο
754 2155 891 2210 φανείη.
911 2154 1033 2194 Ἔστὶν
1060 2151 1096 2191 δὲ
1117 2153 1182 2190 αὖ·

151 2225 222 2262 τοῖς
257 2217 469 2270 ἀνακειμένη
492 2219 611 2271 χαλκῆ
627 2247 637 2263 ,
660 2216 715 2264 ἣν,
735 2215 818 2255 ὅταν
846 2215 983 2269 αὐχμὸς
1009 2208 1052 2267 ἦ,
1070 2211 1183 2252 σείον-

151 2293 224 2326 τες,
249 2276 343 2329 ὕδωρ
374 2278 551 2315 αἰτοῦνται
589 2276 647 2315 τὸν
675 2275 764 2324 θεὸν,
799 2274 860 2313 καί
891 2289 978 2327 φασι
1006 2273 1182 2324 γίνεσθαι·

150 2336 273 2375 τούτου
294 2335 332 2374 δέ
354 2352 388 2375 τι
404 2335 579 2389 ἷδιώτερον
596 2338 613 2373 ὁ
632 2334 846 2386 Θεόπομπος
861 2333 972 2385 λέγει’
991 2330 1096 2386 φησὶν
1115 2330 1183 2385 γὰρ

153 2395 216 2439 ἕως
240 2395 361 2434 τούτου
387 2394 577 2447 διατρίὸειν
613 2393 733 2437 αὐτοὺς
759 2395 793 2431 ἐν
826 2395 876 2445 τῷ
908 2393 1093 2446 Κράνωνι,
1119 2390 1183 2434 ἕως

875 174 1179 214 THEOPOMPI
1207 174 1540 215 FRAGMENTA.

1242 261 1284 301 ἂν
1307 262 1385 308 τοὺς
1410 263 1567 308 νεοττοὺς
1597 264 1902 304 ἐκνεοττεύσωσιν·
1934 264 2012 310 τοὺς
2036 265 2072 305 δὲ
2095 267 2270 315 ποιήσαν-

1241 337 1305 366 τας
1315 353 1326 372 ,
1335 322 1414 368 τοὺς
1430 323 1494 376 μὲν
1507 323 1663 368 νεοττοὺς
1676 324 1912 372 καταλείπειν,
1925 324 2048 369 αὐτοὺς
2064 324 2101 364 δὲ
2119 325 2270 367 ἀπιέναι.

1296 382 1353 422 Cf.
1363 384 1547 435 Stephan.
1556 397 1591 421 v.
1605 383 1767 437 Κράνων,
1777 384 1842 435 qui
1851 398 1931 436 prae
1937 393 1992 423 ter
1999 385 2272 424 Callimachum

1242 441 1359 478 etiam
1377 442 1678 494 Theopompum
1694 443 1834 481 laudat.
2112 442 2114 445 ’

1241 624 1279 663 Φ
1293 566 1535 662 ξῑὲρὴᾶηιιεε
1553 507 1910 620 Δρόγγιλοῗ,6χυ>ρίον
1927 566 2141 611 Θετταλίας
2159 568 2270 607 Θεόπ.

1283 640 1293 661 ι
1319 652 1326 660 .
1377 654 1386 663 .

1723 685 1786 723 87.

1293 743 1420 782 Idem:
1436 742 1654 797 Φαρκηδών,
1669 743 1769 787 πόλις
1785 744 1990 788 Θετταλίας.
2006 743 2219 796 Θεόπομπος
2236 743 2274 784 δὲ

1241 802 1271 841 θ’
1292 803 1541 850 Φιλιππικῶν,
1567 802 1784 856 Φαρκαδόνα
1799 833 1809 853 ,
1824 802 1881 841 διὰ
1904 808 1963 842 τοῦ
1981 819 2002 841 α
2017 804 2134 857 φησίν.

1722 875 1786 913 88.

1295 939 1401 977 Idem
1424 955 1433 977 ε
1460 938 1631 992 Κῶέρυς,
1688 938 1790 982 πόλις
1831 938 1979 993 Θρᾴκης
2002 955 2009 963 ·
2060 939 2274 991 Θεόπομπος

1241 999 1472 1037 Φιλιππικῶν
1489 998 1634 1050 ἔννάτῳ.

1680 1079 1826 1089 ——-———-

1642 1130 1791 1170 LIBER
1824 1132 1871 1169 X.

1728 1207 1793 1248 89.

1297 1279 1524 1317 Plutarchus
1558 1279 1694 1317 Them.
1731 1292 1770 1330 p.
1809 1292 1895 1326 121,
1925 1292 1957 1316 c.
1998 1279 2273 1332 ι9εΓενόμενος

1244 1336 1281 1376 δὲ
1300 1337 1576 1390 (Θεμιστοκλῆς)
1610 1336 1680 1375 ἀπὸ
1705 1339 1774 1376 τῶν
1806 1335 1964 1391 πράξεων
1998 1337 2151 1387 ἐκείνων,
2176 1339 2273 1384 εὐθὺς

1244 1396 1417 1450 ἐπεχείρει
1445 1396 1509 1444 τὴν
1535 1396 1638 1435 πόλιν
1665 1397 1904 1447 ἀνοικοδομεῖν
1933 1396 1992 1435 καὶ
2027 1397 2202 1450 τειχίζειν,
2227 1400 2274 1443 ὥς

1245 1455 1308 1508 μὲν
1332 1458 1460 1509 ἱστορεῖ
1489 1455 1720 1506 Θεόπομπος,
1749 1454 1911 1510 χρήμασι
1941 1455 2064 1499 πείσας
2087 1455 2137 1508 μὴ
2169 1458 2272 1496 ἔναν-

1244 1518 1412 1562 τιωθῆναι
1436 1515 1516 1559 τοὺς
1538 1514 1727 1568 Ἐφόρους,
1756 1517 1804 1559 ὣς
1834 1515 1864 1553 δ’
1895 1516 1927 1554 οἱ
1949 1515 2125 1563 πλεῖστοι,
2159 1531 2274 1570 παρα-

1244 1575 1491 1628 κρουσάμενος.

1724 1645 1789 1685 90.

1298 1714 1405 1752 Idem
1431 1712 1524 1751 ibid.
1551 1725 1586 1763 p.
1624 1717 1711 1759 124,
1735 1725 1767 1749 c.
1805 1709 1877 1747 25:
1898 1710 1980 1748 Τῶν
2011 1708 2047 1747 δὲ
2077 1709 2272 1763 χρημάτων

1244 1774 1340 1826 αὐτῷ
1358 1774 1422 1824 (τῷ
1433 1769 1685 1822 Θεμιστοκλεῖ)
1708 1768 1821 1807 πολλὰ
1845 1766 1907 1820 μὲν
1932 1767 2199 1806 ὑπεκκλαπέντα
2216 1766 2273 1807 διὰ

1243 1835 1312 1872 τῶν
1337 1831 1445 1886 φίλων
1470 1832 1518 1873 εἷς
1541 1829 1659 1868 Ἀσίαν
1683 1827 1799 1867 ἔπλει·
1824 1830 1894 1866 τῶν
1921 1826 1958 1866 δὲ
1988 1829 2144 1881 φανερῶν
2171 1842 2272 1879 γενο-

1245 1892 1359 1944 μένων
1373 1890 1433 1929 καὶ
1453 1887 1694 1942 συναχθέντων
1718 1889 1764 1931 εἷς
1784 1886 1825 1926 τὸ
1848 1885 2029 1939 δημόσιον,
2059 1885 2273 1939 Θεόπομπος

1245 1951 1308 2003 μὲν
1323 1949 1446 1989 ἑκατὸν
1462 1948 1636 1995 τάλαντα,
1655 1946 1879 2000 Θεόφραστος
1896 1944 1931 1984 δὲ
1948 1944 2163 1997 ὀγδοήκοντά
2186 1960 2273 1999 φησι

1243 2010 1402 2063 γενέσθαι
1421 2009 1461 2047 τὸ
1483 2009 1635 2055 πλῆθος,
1658 2004 1737 2044 οὐδὲ
1768 2007 1871 2060 τριῶν
1907 2004 1986 2050 ἄξια
2005 2003 2187 2043 ταλάντων
2211 2019 2272 2042 κε-

1244 2069 1418 2121 κτημένου
1453 2071 1512 2106 τοῦ
1554 2064 1856 2119 Θεμιστοκλέους,
1892 2065 1973 2118 πρὶν
2007 2063 2179 2103 ἅπτεσθαι
2210 2065 2274 2111 τῆς

1244 2128 1430 2171 πολιτείας.
1446 2128 1702 2178 Theopompo
1728 2125 1877 2162 accedit
1896 2124 2032 2164 Critias
2049 2137 2110 2174 ap.
2134 2123 2270 2162 AElian.

1244 2193 1288 2230 V.
1306 2192 1353 2226 H.
1372 2191 1425 2235 X,
1451 2200 1510 2234 173
1531 2186 1579 2224 cf.
1602 2186 1699 2223 Plut.
1716 2187 1810 2223 Cato
1831 2198 1868 2235 p.
1889 2187 1959 2232 371
1985 2182 2043 2236 (P).

1725 2260 1789 2299 91.

1297 2329 1402 2366 Idem
1423 2326 1517 2364 ibid.
1556 2340 1592 2376 p.
1619 2338 1705 2372 127,
1729 2338 1760 2362 c.
1784 2325 1828 2361 31
1849 2338 1858 2360 ε
1879 2324 1932 2362 Οὐ
1955 2320 2024 2375 γὰρ
2045 2321 2272 2373 πλανώμενος

1244 2388 1325 2441 περὶ
1348 2387 1410 2434 τὴν
1435 2385 1565 2434 Ἀσίαν,
1592 2383 1639 2427 ὥς
1663 2399 1749 2438 φησι
1767 2382 1978 2434 Θεόπομπος
1994 2412 2004 2430 ,
2029 2380 2107 2419 ἀλλ’
2130 2382 2166 2419 ἐν
2185 2382 2270 2419 Μα-

153 2458 2268 2484 --—-——-——-——-———-———-————-—---——-

632 2512 695 2545 85.

193 2568 342 2599 cranone
357 2565 391 2597 in
414 2564 581 2597 Thessalia
609 2564 691 2596 duos
706 2565 833 2595 tantum
847 2571 964 2594 corvos
983 2570 1054 2594 esse
1068 2561 1159 2593 aiunt
1175 2571 1182 2591 :

1282 2558 1421 2598 Cohrys,
1444 2556 1521 2588 urbs
1533 2554 1689 2593 Thraciae,
1709 2501 1829 2594 digdua
1842 2552 2071 2592 Theopompus
2087 2549 2168 2583 libro
2184 2559 2270 2583 nono

150 2622 250 2654 quare
270 2613 372 2646 literis
409 2612 559 2654 publicis,
597 2611 716 2652 quibus
736 2615 790 2651 jus
809 2609 943 2651 hospitii
966 2609 1076 2649 datur,
1095 2608 1184 2640 urbis
1242 2605 1508 2646 Philippicorum.

151 2660 255 2701 sigillo
281 2659 478 2701 consignatis
495 2659 602 2700 (quale
614 2667 685 2690 mos
701 2660 752 2690 est
771 2656 923 2689 omnibus
938 2655 1098 2696 adjicere),
1113 2664 1185 2695 sup-

152 2710 317 2749 ponuntur
340 2707 406 2739 duo
424 2707 516 2739 corvi
545 2707 578 2737 in
598 2705 760 2737 curriculo
775 2713 866 2737 aeneo
880 2727 888 2742 ‚
905 2703 983 2743 quia
1015 2710 1181 2742 nunquam

151 2755 262 2795 plures
292 2755 327 2786 in
354 2755 566 2795 conspectum
592 2754 759 2784 venerunt.
786 2753 910 2784 Currus
922 2752 1029 2781 autem
1053 2748 1183 2779 additur

150 2803 233 2834 hanc
245 2802 287 2834 ob
302 2810 469 2834 caussam:
484 2809 560 2832 nam
575 2800 674 2832 etiam
686 2799 748 2831 hoc
758 2799 893 2830 sortasse
908 2797 1025 2828 mirum
1043 2795 1182 2827 videtur.

150 2849 279 2881 Etenim
307 2851 357 2881 est
390 2849 454 2881 illis
485 2857 596 2880 aeneus
611 2856 726 2879 curnis
740 2846 947 2878 consecratus
958 2867 967 2883 ,
983 2852 1080 2884 quem
1095 2842 1183 2874 sicci-

150 2896 227 2927 tatis
240 2898 430 2936 tempestate
440 2895 640 2934 concutiunt,
656 2902 773 2935 aquam
784 2902 824 2925 ex
842 2892 904 2924 deo
914 2893 1071 2933 petentes,
1085 2891 1183 2929 atque

150 2941 264 2973 dicunt
287 2951 358 2974 eam
375 2951 540 2983 apparere.
553 2942 784 2982 Theopompus
798 2949 875 2972 vero
890 2939 999 2971 narrat
1013 2946 1093 2976 rem,
1107 2945 1182 2976 quae

150 2989 254 3029 magis
267 2990 365 3022 etiam
382 2989 586 3021 mirationem
603 2990 712 3020 movet
727 2999 734 3020 :
752 2987 832 3020 dicit
845 2986 946 3026 enim,
967 2994 1022 3017 eos
1039 2984 1179 3023 (corvos)

151 3037 302 3067 cranone
317 3045 499 3076 remanere,
516 3036 620 3068 donee
642 3035 748 3077 pullos
770 3035 957 3076 genuissent
974 3040 1061 3072 :quo
1079 3031 1181 3069 facto,

150 3091 206 3114 eos
222 3083 325 3123 pullos
338 3083 468 3124 quidem
483 3083 675 3124 relinquere,
692 3083 781 3124 ipsos
796 3091 874 3115 vero
892 3081 991 3113 abire.

632 3140 695 3172 86.

192 3190 398 3229 Drongilum,
414 3191 569 3231 oppidum
585 3189 779 3230 Thessaliae,
806 3188 846 3221 de
863 3197 930 3230 quo
951 3188 1181 3228 Theopompus

151 3234 234 3267 libro
250 3245 336 3268 nono
352 3238 620 3278 Philippicorum.

192 3342 398 3382 Phar-ceden,
415 3342 491 3374 urbs
511 3343 695 3375 Thessaliae.
711 3343 940 3383 Theopompus
957 3342 1064 3374 autem
1091 3347 1178 3371 nono

150 3389 403 3431 Philippicorum
420 3389 660 3421 Phar-eudonem
677 3399 732 3430 per
755 3398 776 3420 a
795 3389 918 3421 scribit.

1636 2697 1788 2736 LIBER
1823 2696 1871 2734 X.

1283 2810 1365 2843 Hinc
1381 2809 1490 2841 statim
1523 2807 1759 2840 Themistocles
1786 2805 1930 2838 instituit
1955 2804 2070 2837 urbem
2089 2803 2268 2835 instaurare
2307 2809 2310 2825 1

1240 2860 1272 2889 et
1287 2858 1389 2889 muris
1403 2856 1539 2897 cingere,
1555 2854 1706 2894 Ephoris,
1723 2862 1763 2885 ne
1781 2853 2047 2890 adversarentur,
2066 2850 2214 2891 pecunia,
2230 2851 2268 2882 ut

1240 2905 1468 2945 Theopompus
1489 2902 1624 2941 scribit,
1643 2901 1831 2941 redemptis,
1851 2902 1889 2932 ut
1910 2908 1987 2931 vero
2017 2898 2161 2939 plerique
2186 2897 2267 2936 alii,
2310 2895 2314 2899 ’

1239 2951 1348 2983 elusis.

1719 2996 1782 3028 90.

1282 3044 1422 3078 Pecunia
1437 3045 1508 3085 ejus
1521 3051 1638 3083 magna
1653 3050 1692 3073 ex
1712 3043 1804 3082 parte
1823 3039 1936 3072 furtim
1952 3047 2008 3080 per
2022 3039 2145 3071 amicos
2158 3041 2267 3080 egesta

1239 3093 1271 3124 et
1286 3091 1319 3123 in
1336 3091 1446 3124 Asiam
1457 3092 1507 3122 est
1517 3089 1662 3121 devecta.
1678 3088 1916 3128 Deprehensam
1927 3089 1959 3118 et
1972 3085 2170 3127 publicatam
2183 3093 2266 3118 sum-

1240 3150 1327 3173 mam
1342 3164 1351 3180 ‚
1365 3143 1498 3172 centum
1514 3139 1742 3178 Theopompus
1758 3160 1767 3175 ‚
1783 3136 2028 3176 Theophrastus
2041 3134 2206 3175 octoginta
2221 3135 2266 3166 ta-

1240 3190 1405 3221 lentorum
1420 3187 1499 3220 dicit
1514 3187 1615 3219 fuisse
1636 3195 1644 3217 :
1660 3193 1764 3226 quum
1782 3184 1867 3216 bona
1884 3183 2111 3216 Themistoclis
2125 3206 2134 3221 ‚
2162 3183 2264 3223 prius·
2279 3217 2285 3220 .
2307 3214 2310 3215 γ

1237 3245 1335 3276 quam
1348 3235 1389 3267 ad
1406 3233 1636 3274 rempublicam
1653 3231 1831 3271 accederet,
1848 3230 1949 3262 trium
1961 3239 2026 3262 non
2041 3229 2151 3262 essent
2165 3229 2264 3261 talen-

1238 3286 1358 3315 torum.

1716 3327 1759 3360 91
1774 3350 1782 3358 .

1278 3382 1508 3416 Themistocles
1516 3390 1581 3413 non
1589 3379 1778 3422 perreravit,
1788 3380 1825 3411 ut
1834 3378 2060 3419 Theopompus
2072 3376 2129 3416 ait,
2140 3375 2263 3416 Asiam,
