2294 3704
917 143 985 181 DE
1012 143 1372 183 APOLLODORO.

84 238 213 289 stirpis
231 237 434 284 Hellenicae
453 235 540 274 fatis
557 234 749 284 rebusque
763 233 892 284 gestis.
912 232 1107 283 Imprimis

82 304 208 335 autem
228 297 372 335 AEolica
391 295 507 345 stirps
529 293 690 331 heroum
709 304 872 329 numero
897 291 1080 328 inclaruit
1098 305 1106 327 :

84 355 183 393 hanc
204 354 293 393 ideo
313 353 552 405 potissimum
578 352 825 402 persequitur
847 349 1107 401 Apollodorus

83 413 173 451 inde
196 427 218 452 a
237 412 363 464 capite
376 411 552 462 septimo,
581 410 763 448 Incidunt
781 409 820 446 in
838 409 938 446 hanc
956 416 1105 459 partem

83 481 224 523 praeter
252 470 430 518 Aloidas,
456 473 692 521 Marpessam
717 476 887 519 raptam,
917 471 1106 514 Oeneum,

82 532 347 570 Athamantem
374 542 462 567 cum
483 532 573 576 Ino,
603 527 743 566 Peliam
772 534 810 564 et
830 526 994 565 Neleum
1018 539 1105 563 cum

81 594 254 638 Nestore,
273 589 447 627 Biantem
469 596 506 626 et
519 585 803 637 Melampodem
820 593 949 623 vatem
961 614 970 631 ,
985 585 1102 634 Caly*-

82 649 208 688 doniae
229 649 308 687 suis
332 647 489 685 venatio
512 655 550 684 et
568 651 877 697 Argonautarum
895 644 1105 694 navigatio,

81 709 291 747 multorum
312 708 524 746 carminum
546 713 784 758 argumenta.
804 726 851 734 —
869 704 978 742 Alter
994 703 1105 752 liber,

80 776 124 807 ut
137 781 239 806 nunc
251 767 405 818 quidem
417 766 571 804 libellus
584 765 826 816 dispescitur,
841 763 973 802 Inachi
986 775 1105 814 genus

79 828 259 879 exponit,
287 827 327 864 in
356 840 434 878 quo
464 826 593 865 Persei
626 825 743 875 stirps
771 823 942 861 succedit
967 823 1057 860 inde
1083 835 1105 860 a

78 886 205 938 capite
231 894 391 937 quarto,
429 893 468 923 et
497 885 536 923 in
566 885 639 922 hac
669 882 873 931 Hercules,
906 881 1014 933 cujus
1043 895 1104 920 res

77 953 212 997 gestae,
241 945 321 983 vita
349 953 388 982 et
412 957 534 991 mors,
555 951 613 981 tot
638 940 875 980 carminibus
892 940 1104 979 decantatae

78 1017 158 1052 res,
180 1004 360 1043 disertius
377 1011 466 1040 sunt
490 1002 528 1040 in
556 1002 603 1040 iis
621 1001 818 1053 expositae.
841 999 1105 1050 Subjiciuntur

78 1063 176 1116 (cap.
210 1063 250 1113 8)
276 1061 563 1100 Heraclidarum
592 1061 690 1108 fata,
718 1060 908 1111 profectio
931 1059 970 1097 in
992 1059 1106 1097 Pelo-

77 1134 306 1172 ponnesum,
323 1120 431 1158 sedes
445 1119 482 1156 in
499 1133 543 1158 ea
560 1127 769 1170 occupatae,
788 1131 912 1169 usque
926 1117 974 1156 ad
989 1120 1105 1169 AEpy-

42 1206 45 1209 ,
77 1188 173 1227 tum,
195 1179 476 1231 Chresphontis
498 1178 630 1215 filium.
647 1200 698 1206 —
719 1177 874 1215 Tertius
891 1175 990 1214 liber
1005 1181 1106 1227 Age-

75 1238 181 1276 noris
210 1239 369 1289 stirpem
398 1237 647 1289 persequitur
671 1252 679 1274 :
706 1237 911 1287 primoque
935 1236 1022 1274 loco
1055 1237 1100 1287 (c.

80 1297 165 1348 143)
192 1296 340 1335 fabulas
365 1296 553 1343 Creticas‚
583 1303 665 1333 tum
694 1297 744 1346 (e.
771 1294 858 1346 4-7)
884 1294 1102 1342 Thebanas,

75 1358 312 1410 interpositis
326 1357 469 1396 Bacchi
484 1356 660 1395 Thebani
682 1355 833 1403 fabulis,
851 1355 1102 1407 subjectaque

75 1417 187 1456 brevi
211 1418 452 1469 expositione
473 1415 569 1455 belli
595 1416 779 1454 adversus
805 1416 980 1464 Thebas,
1011 1415 1103 1454 belli

74 1478 340 1530 Epigonorum
355 1477 598 1528 satorumque
611 1477 854 1522 Alcmaeonis3
870 1489 956 1527 quae
967 1484 1006 1514 et
1019 1476 1103 1526 ipsa

74 1537 288 1576 carminum
309 1544 534 1587 argumenta
553 1534 765 1587 praebuere.
785 1535 921 1574 Tertio
940 1534 1028 1571 loeo
1041 1534 1103 1571 hic

75 1595 173 1634 liber
193 1598 242 1647 (c.
255 1593 343 1647 8-9)
364 1593 511 1633 fabulas
521 1594 729 1632 Arcadicas
742 1594 914 1645 potiores
927 1593 1101 1644 exponit,

73 1655 192 1706 inque
218 1655 278 1692 his
301 1654 464 1692 Atlantis
490 1661 638 1705 septem
659 1653 753 1691 filias
775 1662 970 1701 recenset,
1000 1654 1102 1691 inter

74 1727 169 1766 quas
187 1717 356 1765 Taygete
373 1713 464 1765 (ΙΙΙ,
498 1726 563 1761 10,
587 1713 624 1764 3)
653 1712 699 1750 ad
716 1712 869 1762 mythos
890 1713 1102 1751 Laconicos

74 1773 304 1825 scriptorem
334 1772 509 1819 deducit,
546 1772 697 1810 Electra
724 1780 851 1810 autem
884 1771 931 1824 (c.
965 1770 1027 1823 12)
1053 1772 1102 1810 ad

75 1830 224 1870 fabulas
262 1831 459 1882 Trojanas.
499 1830 633 1868 Paullo
668 1829 875 1882 abruptius
915 1829 965 1868 ad
995 1831 1103 1869 AEaci

74 1891 234 1943 stirpem
252 1889 429 1942 procedit
443 1890 614 1927 narratio
630 1890 717 1940 (ΙΙΙ,
740 1902 800 1938 12,
813 1889 865 1936 6),
887 1903 959 1927 nec
976 1890 1103 1928 minus

74 1949 203 1988 subito
221 1949 311 1987 inde
333 1948 382 1986 ad
406 1947 554 1986 fabulas
576 1948 718 1986 Atticas
738 1949 785 1998 (e.
813 1947 895 1999 13),
920 1948 1044 1986 donec
1062 1949 1103 1987 in

73 2009 212 2047 Thesei
234 2007 350 2047 rebus
374 2007 501 2046 deficit
519 2007 694 2056 libellus,
721 2008 788 2059 qui
811 2007 1000 2046 deductus
1020 2022 1103 2048 esse

73 2068 208 2107 debuit
221 2081 344 2119 usque
356 2066 403 2105 ad
419 2066 561 2105 bellum
578 2065 789 2117 Trojanum
809 2075 846 2104 et
863 2080 1015 2105 errores
1029 2068 1103 2106 du—

73 2141 161 2166 cum
186 2126 302 2177 Troja
330 2135 444 2178 capta
466 2125 722 2163 redeuntium.
749 2125 811 2178 (V.
832 2126 942 2164 Phot.
968 2126 993 2164 l.
1019 2127 1042 2164 l.
1065 2135 1103 2164 et

71 2190 106 2225 A
136 2186 253 2224 ollod.
270 2189 302 2234 1,
321 2185 342 2222 3
356 2215 366 2233 ,
388 2191 409 2230 4
424 2215 434 2234 ,
455 2184 526 2222 ubi
542 2199 550 2221 :
566 2183 646 2238 περὶ
660 2177 709 2222 ὧν
732 2186 766 2223 ἐν
783 2189 855 2228 τοῖς
874 2184 954 2237 περὶ
968 2185 1100 2224 Ὀδυσ-

72 2201 159 2283 σέως
175 2238 368 2290 ἐροῦμεν.)»

122 2302 270 2337 Verum
284 2311 361 2335 non
374 2296 496 2334 solum
521 2296 611 2335 satis
629 2309 763 2347 magna
784 2309 873 2347 pars
891 2298 1019 2348 operis
1037 2299 1100 2335 in-

71 2358 234 2407 tercidit,
246 2358 313 2396 sed
325 2370 369 2395 ea
385 2357 468 2408 ipsa
482 2369 567 2406 quae
579 2355 690 2393 nobis
713 2365 865 2394 servata
882 2364 983 2405 sunt,
991 2358 1100 2395 innu-

70 2417 185 2455 meris
202 2416 434 2468 corruptelis
453 2414 630 2452 laborant
654 2416 861 2466 multisque
880 2416 1098 2467 interpola——

71 2475 260 2523 tionibus,
282 2488 368 2526 quae
388 2474 529 2526 partim
550 2474 588 2511 in
615 2474 708 2525 ipsis
726 2475 924 2513 codicibus
947 2476 1098 2526 reperi—

70 2543 201 2582 untur,
221 2535 361 2586 partim
381 2533 571 2571 debentur
583 2533 710 2584 AEgio,
731 2533 858 2584 primo
873 2533 1099 2584 Apollodori

69 2593 381 2631 consarcinatori.
393 2591 523 2640 Quid?
535 2592 643 2629 multi
660 2600 735 2630 tam
749 2592 849 2630 inter
862 2593 1099 2643 antiquiores

69 2665 183 2702 quam
197 2653 299 2691 inter
311 2652 543 2690 recentiores
562 2652 791 2689 exstiterunt
812 2652 883 2689 viri
901 2652 1016 2698 docti,
1033 2653 1099 2703 qui

69 2711 227 2749 omnino
249 2725 327 2749 non
346 2724 481 2748 verum
502 2711 804 2762 Apollodorum,
824 2710 890 2747 sed
912 2711 1008 2748 nihil
1026 2712 1099 2749 nisi

70 2769 224 2819 majoris
244 2771 374 2822 operis
394 2771 666 2822 compendium
685 2784 756 2808 nos
775 2770 919 2810 habere
939 2780 1098 2809 conten-

68 2827 204 2874 derint.
224 2833 331 2868 Inter
349 2843 416 2868 eos
433 2839 687 2868 numerantur
708 2830 868 2867 Vossius
888 2830 940 2881 (in
955 2831 1095 2868 Melam

68 2889 99 2932 1,
123 2887 159 2935 8,
172 2892 229 2926 De
248 2889 336 2927 hist.
357 2892 424 2927 Gr.
444 2902 482 2939 p.
507 2887 609 2940 132),
629 2889 809 2926 Barthius
827 2888 890 2940 (ad
905 2888 1095 2927 Thebaid.

69 2947 108 2988 Ι,
132 2959 217 2994 121,
235 2947 438 2985 Animadv.
454 2951 530 2996 III,
553 2948 608 3000 1),
628 2947 829 2986 Reincsius
852 2948 1027 2998 (Epistol.
1048 2949 1096 2985 ad

69 3003 290 3043 Hoffmann.
308 3014 347 3043 et
363 3009 526 3057 Rupert.
558 3009 575 3044 1
589 3034 599 3052 ‚
625 3011 700 3049 4¹0
720 3007 790 3057 sq.)
806 3037 815 3053 ,
852 3009 1096 3045 Burmannus

68 3060 250 3115 (Catalog.
271 3067 481 3115 Argonaut.
506 3078 541 3102 v,
562 3064 719 3114 Calais),
741 3065 879 3111 Faber,
898 3066 1095 3104 Clavierus

66 3120 229 3170 (praefat.
240 3123 286 3160 ad
302 3123 391 3160 edit.
406 3123 606 3173 Apollod.)
620 3124 887 3162 etWelckerus
897 3123 961 3175 (de
978 3125 1095 3174 Cyclo

66 3180 180 3217 Hom.
197 3194 234 3231 p.
255 3181 333 3231 88).
357 3185 438 3219 Prae
455 3182 590 3219 ceteris
608 3182 646 3219 in
674 3183 773 3221 hanc
797 3197 875 3221 rein
895 3183 1096 3233 inquisivit

67 3237 274 3277 Clavierus.
303 3239 481 3278 offendit
500 3254 589 3278 eum
615 3240 893 3278 Bibliothecam
920 3250 1092 3279 nostram

65 3308 87 3333 a
103 3296 243 3334 Photio
260 3297 412 3335 demum
431 3307 470 3336 et
485 3298 705 3338 Scholiastis
726 3300 950 3346 memorari,
972 3313 1091 3349 quum

67 3361 192 3393 tamen
224 3356 368 3407 reliqua
395 3356 624 3407 Apollodori
650 3371 768 3408 opera
793 3358 933 3409 saepius
955 3371 976 3394 a
999 3365 1090 3394 vett.

2060 154 2195 182 XXXIX

1168 232 1421 283 scriptoribus
1452 232 1681 270 excitentur.
1722 228 1796 270 sed
1829 231 1901 268 hoc
1929 230 2084 269 levioris
2113 245 2195 270 esse

1168 292 1351 329 momenti
1383 292 1465 342 ipse
1507 291 1606 329 bene
1635 290 1843 342 perspexit.
1881 293 2026 341 Aperta
2060 299 2190 330 autem

1167 351 1407 401 excerptoris
1424 351 1583 402 vestigia
1608 350 1902 402 deprehendere
1921 349 1995 388 sibi
2014 349 2120 388 visus
2137 359 2195 389 est

1167 407 1205 444 in
1224 408 1433 447 multorum
1453 411 1625 447 locorum
1648 409 1890 460 corruptelis.
1911 412 1997 457 Qua
2017 409 2056 447 in
2071 423 2113 447 re
2128 423 2198 448 ve-

1167 480 1256 504 reor
1282 481 1331 504 ne
1358 468 1536 519 cupidius
1569 468 1690 519 egerit
1720 481 1836 519 quam
1865 469 2026 506 cautius.
2062 472 2196 519 Neque

1167 525 1268 562 enim
1293 525 1394 563 ullus
1417 539 1551 563 eorum
1574 540 1670 577 quos
1695 527 1822 565 attulit
1847 526 1906 578 (1)
1941 527 2116 565 locorum
2143 528 2197 566 ita

1166 592 1223 621 est
1237 592 1496 635 comparatus,
1509 593 1553 622 ut
1569 599 1647 622 non
1664 587 1795 637 potius
1814 586 2059 624 librariorum
2081 587 2195 638 culpa

1165 653 1233 682 aut
1275 645 1596 696 interpolatorum
1646 647 1921 685 additamentis
1963 647 2196 698 depravatus

1165 717 1247 741 esse
1262 703 1383 741 videri
1405 703 1554 741 debeat.
1575 707 1713 755 Itaque
1732 719 1810 743 non
1833 715 1911 744 tam
1925 706 2073 744 mendae
2091 707 2195 744 loco-

1165 775 1248 799 rum
1264 762 1507 813 quorundam
1525 762 1566 799 in
1582 764 1843 802 testimoninm
1858 765 2041 804 vocandae
2056 764 2195 812 forent,

1165 836 1279 873 quam
1303 823 1422 861 totius
1442 823 1677 860 narrationis
1701 832 1812 862 tenor
1830 839 2025 876 genusque
2046 827 2195 864 oratio—

1164 882 1234 920 nis.
1267 885 1367 920 Nam
1398 895 1459 920 res
1491 895 1758 933 saepenumero
1794 885 1909 922 nimia
1941 884 2197 924 obscurantur

1164 940 1352 979 brevitate
1363 955 1373 988 ;
1387 941 1512 979 oratio
1523 954 1617 978 vero
1628 955 1704 978 non
1715 941 1831 979 modo
1841 943 1942 980 nulla
1952 943 2197 994 jucunditate

1165 1000 1332 1048 condita,
1351 1000 1417 1038 sed
1437 1001 1551 1038 etiam
1569 1000 1696 1037 hiulca
1708 1001 1936 1052 plerumque
1952 1011 1988 1040 et
2002 1003 2197 1054 negligens

1165 1072 1278 1109 quam
1301 1060 1476 1097 maxime.
1501 1062 1578 1097 Res
1600 1059 1768 1109 denique
1791 1060 1830 1097 in
1854 1069 2047 1111 postrema
2068 1063 2197 1113 operis

1165 1126 1273 1170 parte
1291 1119 1344 1156 ita
1357 1131 1397 1157 se
1411 1119 1624 1170 excipiunt,
1643 1127 1769 1156 nt.cur
1783 1119 1885 1156 hunc
1900 1120 2196 1171 potissimimum

1164 1178 1425 1229 Apollodorus
1454 1178 1630 1216 ordinem
1660 1186 1811 1216 secutus
1843 1179 1911 1226 sit,
1940 1193 2017 1216 non
2054 1180 2196 1218 videas.

1164 1240 1216 1274 At
1249 1246 1377 1275 tamen
1419 1251 1465 1276 ex
1498 1238 1628 1275 multis
1666 1237 1762 1275 locis
1800 1246 1965 1289 apparet
1999 1246 2196 1276 auctorem

1165 1304 1353 1345 nostrum,
1364 1295 1434 1334 ubi
1446 1296 1494 1334 ad
1508 1310 1648 1334 novam
1664 1297 1824 1348 stirpem
1840 1310 2046 1347 rerumque
2060 1297 2197 1335 seriem

1165 1356 1319 1402 transit,
1339 1356 1399 1393 vel
1424 1369 1600 1406 personae
1619 1354 1780 1405 alicujus
1807 1355 2039 1393 mentionem
2063 1355 2197 1406 injicit,

1163 1414 1213 1451 ad
1246 1428 1360 1465 quam
1391 1423 1525 1465 postea
1554 1414 1817 1462 redeundum,
1850 1414 1909 1452 vel
1940 1414 1988 1452 de
2020 1428 2096 1465 qua
2116 1415 2197 1465 jam

1164 1482 1278 1511 antea
1302 1474 1446 1511 dictum
1469 1482 1571 1522 erat,
1586 1474 1751 1512 lectores
1775 1474 1969 1512 monuisse
1989 1483 2104 1525 atque
2122 1475 2198 1512 hoc

1164 1533 1281 1572 modo
1303 1533 1551 1571 adumbrasse
1568 1533 1697 1584 operis
1713 1533 1963 1572 oeconomiam
1981 1533 2049 1586 (a).
2080 1534 2197 1572 Tales

1207 1667 1254 1708 (1)
1278 1667 1354 1699 Loci
1383 1667 1415 1699 hi
1440 1669 1516 1699 sunt
1535 1676 1543 1698 ε
1560 1669 1595 1706 Ι,
1623 1671 1654 1707 6,
1669 1670 1700 1707 3,
1718 1671 1736 1700 3
1758 1677 1765 1698 2
1790 1668 1825 1699 ἐκ
1847 1668 1963 1700 τούτων
1980 1668 2013 1700 δὲ
2029 1668 2144 1711 ἐξεῖχον

1162 1714 1312 1757 συριγμὸν
1327 1715 1423 1746 πολὺν
1443 1714 1573 1751 ἐξίεσαν.
1594 1716 1676 1752 Quae
1695 1723 1735 1747 ex
1751 1714 1915 1748 viscontii
1938 1715 2097 1748 sententia
2118 1716 2198 1748 veri-

1163 1761 1312 1794 similiter
1332 1763 1426 1803 putat
1446 1761 1493 1793 ita
1513 1762 1753 1803 transponenda
1770 1772 1778 1794 :
1795 1763 1833 1794 τὰ
1862 1763 1917 1804 μὲν
1944 1762 2007 1795 ἀπὸ
2030 1766 2135 1807 μηρῶν

1163 1809 1300 1848 ἐξίεσαν,
1319 1809 1354 1840 ἐκ
1369 1808 1486 1840 τούτων
1509 1809 1542 1840 δὲ
1565 1809 1680 1850 ἐξεῖχον
1702 1811 1764 1841 etc.
1779 1829 1820 1839 .-
1835 1811 1871 1848 1,
1895 1813 1926 1849 9,
1952 1813 2000 1850 16,
2028 1814 2059 1850 8,
2088 1810 2145 1842 ubi
2161 1811 2194 1843 in

1162 1855 1356 1897 Argonautis
1369 1858 1555 1888 recensetur
1572 1857 1730 1899 Εὐρύαλος
1751 1857 1954 1897 Μηκιστέως,
1978 1858 2033 1898 qui
2059 1857 2143 1890 idem
2160 1859 2195 1890 in

1162 1904 1267 1944 TroJoe
1283 1903 1521 1944 expugnatione
1534 1903 1597 1935 suit
1613 1903 1681 1935 dux
1697 1905 1892 1945 Argivorum
1908 1905 1951 1945 (I,
1969 1907 2001 1943 9,
2022 1904 2084 1945 13).
2102 1906 2197 1938 Simi-

1163 1951 1236 1983 liter
1255 1952 1411 1984 Peneleus
1437 1954 1469 1983 et
1487 1951 1600 1983 Leitus
1612 1976 1621 1991 ,
1639 1961 1735 1993 porro
1763 1952 1964 1993 Ascalaphus
1985 1955 2017 1985 et
2033 1953 2196 1987 Ialmenus

1163 2002 1376 2031 numerantur
1405 1998 1489 2031 inter
1520 2001 1722 2039 Argonautas
1753 2001 1850 2040 atque
1878 1999 1978 2031 duces
2006 2002 2193 2033 Graecorum

1162 2049 1237 2078 ante
1250 2046 1390 2086 Trojam.
1407 2066 1449 2072 -
1464 2048 1497 2086 Ι,
1511 2049 1544 2086 9,
1563 2050 1613 2086 26,
1631 2049 1661 2086 4,
1680 2046 1735 2078 ubi
1756 2056 1830 2088 quae
1852 2046 1892 2078 de
1910 2046 2007 2079 Talao
2023 2051 2195 2081 narrantur

1162 2101 1201 2124 ex
1217 2093 1385 2135 Apollonio
1400 2092 1528 2125 Rhodio
1545 2092 1615 2134 (lv,
1633 2097 1723 2133 1638,
1740 2094 1803 2135 sq.)
1819 2094 1944 2126 adscita
1957 2096 2054 2134 sunt,
2073 2095 2128 2127 sed
2144 2105 2198 2128 ne-

1162 2140 1315 2182 gligenter
1337 2143 1369 2173 et
1391 2141 1593 2173 inconcinne.
1611 2143 1652 2174 V.
1677 2144 1782 2182 Heyn.
1807 2141 1848 2173 ad
1873 2141 1904 2172 11.
1928 2141 1948 2173 l.
1976 2162 2017 2169 -
2041 2143 2085 2182 11,
2112 2146 2146 2183 1,
2165 2147 2195 2183 5,

1166 2191 1217 2229 13,
1233 2189 1273 2220 de
1287 2189 1426 2230 Nauplio
1442 2189 1532 2220 locus
1548 2189 1665 2221 misere
1674 2189 1965 2230 corruptus-II,
1983 2193 2012 2228 5,
2028 2192 2076 2229 10,
2097 2192 2144 2228 10,
2156 2190 2196 2222 de

1160 2236 1298 2269 Hercule
1319 2245 1357 2268 ex
1374 2235 1466 2268 Italia
1493 2236 1527 2267 111
1545 2236 1686 2268 Siciliam
1709 2237 1902 2268 tranatante.
1920 2256 1962 2265 -ψ
1978 2237 2025 2275 11,
2045 2240 2075 2275 5,
2097 2240 2144 2276 tl,
2162 2241 2194 2277 3,

1160 2282 1200 2315 de
1215 2283 1333 2324 Cycni,
1347 2283 1459 2315 Martis
1474 2291 1515 2315 ex
1541 2285 1668 2324 Cyrene
1692 2283 1727 2323 1“.,
1743 2283 1971 2315 monomachia
1981 2307 1989 2322 ‚
2006 2292 2105 2324 qnam
2121 2292 2195 2315 ean-

1159 2330 1234 2362 dem
1250 2331 1373 2363 narrari
1390 2330 1468 2363 dicit
1488 2332 1535 2370 11,
1554 2334 1584 2370 7,
1604 2331 1634 2371 7,
1653 2335 1670 2363 5
1689 2331 1758 2371 (ubi
1788 2339 1865 2362 vero
1883 2334 2015 2371 Cycnus
2032 2331 2144 2363 Martis
2163 2333 2195 2363 et

1159 2378 1297 2420 Pelopiae
1307 2379 1418 2420 filius).
1436 2398 1476 2407 --
1490 2381 1534 2419 11,
1559 2383 1589 2418 5,
1611 2382 1659 2418 11,
1681 2382 1718 2411 10
1741 2379 1781 2410 de
1804 2379 1943 2411 Hercule
1959 2380 1992 2411 in
2009 2379 2123 2411 Rhodo
2140 2379 2194 2411 bo-

1158 2434 1234 2458 vem
1247 2429 1420 2459 mactante.
1434 2427 1528 2466 (Quae
1543 2426 1648 2458 alieno
1658 2427 1729 2458 loco
1748 2426 1908 2459 inculcata
1924 2427 2011 2459 sunt.
2023 2428 2063 2458 V.
2073 2427 2191 2468 Heyn.)

1157 2493 1199 2500 --
1214 2476 1262 2513 II,
1278 2477 1310 2515 7,
1329 2478 1359 2515 7,
1372 2478 1422 2515 tt,
1440 2474 1531 2506 locus
1547 2477 1730 2515 corruptus.

1201 2521 1297 2562 (2)*1,
1324 2525 1355 2561 3,
1383 2525 1402 2554 4
1420 2532 1427 2553 :
1445 2523 1601 2565 Σειρῆνες,
1618 2523 1686 2564 περὶ
1712 2522 1755 2553 ὧν
1780 2522 1811 2553 ἐν
1838 2524 1902 2557 τοῖς
1927 2522 1995 2563 περὶ
2012 2521 2190 2558 Ὀδυσσέως

1158 2569 1296 2611 ἐροῦμεν.
1319 2590 1359 2596 --
1379 2571 1411 2608 I,
1428 2573 1457 2609 5,
1477 2573 1495 2601 3
1515 2579 1522 2600 τ
1539 2570 1607 2612 περὶ
1626 2569 1680 2601 οὖν
1702 2570 1863 2611 Δήμητρος
1885 2571 1981 2599 ταῦτα
1999 2568 2130 2607 λέγεται.
2149 2588 2189 2595 -.

1158 2618 1190 2656 1,
1208 2621 1237 2654 6,
1256 2619 1287 2654 3.
1306 2619 1354 2656 13,
1378 2617 1453 2658 post
1475 2618 1655 2648 enarratam
1678 2614 1975 2656 Gigantomachiam
2000 2623 2007 2644 :
2027 2614 2103 2645 ἀλλὰ
2130 2616 2190 2655 μὴν

1158 2664 1226 2706 περὶ
1245 2663 1362 2695 τούτων
1379 2664 1468 2705 μέχρι
1486 2664 1573 2705 δεῦρο
1586 2665 1659 2704 ἡμῖν
1675 2663 1819 2703 λελέχθω.
1833 2681 1875 2687 —-
1889 2663 1920 2699 1,
1940 2663 1969 2700 7,
1992 2663 2019 2699 1,
2033 2662 2064 2699 4,
2082 2661 2138 2692 ubi
2150 2661 2191 2694 de

1158 2710 1351 2742 Prometheo
1377 2709 1419 2741 ab
1443 2710 1581 2742 Hercule
1607 2709 1742 2741 liberato
1764 2719 1771 2740 :
1799 2710 1840 2744 ὡς
1863 2709 1893 2739 ἐν
1917 2710 1979 2743 τοῖς
1999 2708 2079 2739 κατὰ
2097 2708 2189 2751 Ἡρα-

1157 2759 1233 2789 κλέα
1248 2758 1440 2798 δηλώσομεν.
1459 2775 1499 2780 -
1514 2759 1547 2796 Ι,
1575 2759 1605 2795 9,
1633 2760 1670 2788 5:
1686 2758 1766 2787 Sunt
1793 2755 1848 2796 qui
1870 2755 2016 2787 Perieren
2039 2756 2189 2796 Cynortae

1157 2804 1260 2836 filium
1274 2804 1386 2836 dicunt
1401 2814 1408 2835 :
1426 2804 1532 2846 διόπερ
1547 2805 1584 2835 τὰ
1600 2805 1667 2846 περὶ
1689 2806 1752 2834 τῶν
1768 2802 1921 2844 Περιήρου
1944 2802 2079 2843 ἐκγόνων
2096 2803 2128 2834 ἐν
2142 2807 2188 2845 τῷ

1158 2851 1341 2892 Ἀτλαντικῷ
1359 2851 1438 2892 γένει
1453 2851 1644 2891 δηλώσομεν.
1658 2867 1695 2872 --
1712 2851 1741 2881 ll
1755 2873 1763 2888 ,
1783 2852 1809 2888 1,
1823 2853 1833 2879 1
1848 2858 1855 2879 :
1874 2849 1977 2887 ἐπειδὴ
1995 2849 2030 2880 τὸ
2043 2852 2098 2881 τοῦ
2113 2851 2187 2881 Δευ-

1156 2900 1307 2934 καλιῶνος
1333 2898 1582 2938 διεξεληλύθαμεν
1613 2896 1697 2936 γένος
1709 2920 1718 2936 ,
1736 2896 1891 2937 ἐχομένως
1914 2896 2053 2937 λέγωμεν
2067 2897 2103 2928 τὸ
2114 2897 2188 2929 Ἰνά-

1157 2947 1318 2986 χου.-]ΙΙ
1327 2968 1336 2984 ,
1356 2948 1382 2984 1,
1403 2948 1414 2976 1
1430 2954 1437 2975 :
1454 2945 1519 2976 ἐπεὶ
1538 2945 1568 2975 δὲ
1583 2944 1618 2975 τὸ
1634 2943 1781 2983 Ἰνάχειον
1796 2941 1987 2984 διερχόμενοι
1997 2943 2102 2984 γένος,
2117 2945 2187 2982 τοὺς

1156 2992 1218 3024 ἀπὸ
1235 2993 1336 3030 Βήλου
1353 2992 1442 3034 μέχρι
1463 2994 1524 3022 τῶν
1543 2990 1751 3032 Ἡρακλειδῶν
1773 2990 2006 3031 δεδηλώκαμεν,
2031 2991 2185 3032 ἐχομένως

1155 3039 1292 3079 λέγωμεν
1311 3040 1364 3070 καὶ
1380 3038 1418 3069 τὰ
1438 3039 1506 3080 περὶ
1529 3038 1698 3078 Ἀγήνορος.
1718 3056 1759 3062 -
1775 3038 1840 3077 ΠΙ,
1862 3039 1889 3075 1,
1914 3038 1946 3076 4,
1968 3040 1998 3076 5,
2010 3037 2044 3068 in
2068 3037 2186 3069 fabulis

1156 3086 1291 3119 Creticis
1310 3095 1318 3116 ε
1341 3086 1379 3116 τὰ
1402 3085 1456 3125 μὲν
1482 3083 1534 3115 οὗν
1557 3085 1626 3126 περὶ
1649 3085 1845 3126 Μινοταύρου
1863 3085 1916 3116 καὶ
1939 3084 2104 3126 Ἀνδρόγεω
2132 3085 2185 3117 καὶ

1155 3134 1291 3175 Φαίδρας
1314 3133 1366 3163 καὶ
1386 3131 1538 3173 Ἀριάδνης
1552 3131 1582 3162 ἐν
1599 3133 1662 3167 τοῖς
1678 3131 1747 3173 περὶ
1760 3131 1889 3168 Θησέως
1906 3131 2033 3174 ὕστερον
2046 3131 2184 3174 ἐροῦμεν.

1154 3201 1187 3206 -
1208 3181 1253 3211 ΙΙΙ
1265 3203 1274 3218 ,
1294 3182 1324 3218 3,
1351 3182 1389 3210 23
1408 3187 1415 3208 :
1433 3179 1471 3209 τὰ
1489 3179 1542 3218 μὲν
1562 3177 1615 3209 οὖν
1639 3179 1707 3220 περὶ
1732 3178 1885 3220 Εὐρώπης
1905 3178 2068 3219 ἀπογόνων
2095 3179 2185 3220 μέχρι

1153 3227 1241 3258 τοῦδέ
1260 3237 1311 3266 μοι
1328 3226 1473 3266 λελέχθω.
1485 3227 1593 3264 -ΙΙΙ,
1611 3228 1641 3264 8,
1660 3229 1686 3264 l,
1704 3228 1714 3257 1
1738 3234 1745 3255 :
1762 3225 1964 3266 ἐπανάγωμεν
1979 3227 2012 3258 δὲ
2025 3229 2077 3257 νῦν
2093 3225 2184 3258 πάλιν

1152 3274 1202 3305 ἐπὶ
1216 3273 1267 3304 τὸν
1284 3273 1458 3313 Πέλασγον.
1479 3275 1596 3313 -ΙΙΙ,
1628 3276 1675 3313 12,
1695 3276 1726 3313 5,
1747 3274 1757 3302 1
1780 3283 1788 3304 :
1807 3273 1883 3313 μετὰ
1907 3274 1940 3306 δὲ
1962 3274 1997 3305 τὸ
2025 3274 2183 3316 αἱρεθῆναι

1151 3320 1246 3352 ἸΙλιον
1270 3319 1331 3351 ὑπὸ
1347 3320 1552 3362 Ἡρακλέους,
1575 3321 1617 3357 ὡς
1640 3320 1749 3363 μικρὸν
1770 3319 1904 3362 πρόσθεν
1927 3322 2001 3361 ἡμῖν
2026 3320 2182 3359 λέλεκται,

1151 3362 1334 3399 &audite-m
1354 3367 1526 3408 Ποδάρκης.
