<?xml version="1.0" encoding="UTF-8"?>
<!DOCTYPE html PUBLIC "-//W3C//DTD XHTML 1.0 Transitional//EN"
    "http://www.w3.org/TR/xhtml1/DTD/xhtml1-transitional.dtd">
<html xmlns="http://www.w3.org/1999/xhtml" xml:lang="en" lang="en">
 <head>
  <title>
</title>
<meta http-equiv="Content-Type" content="text/html;charset=utf-8" />
  <meta name='ocr-system' content='tesseract 3.04.00' />
  <meta name='ocr-capabilities' content='ocr_page ocr_carea ocr_par ocr_line ocrx_word'/>
</head>
<body>
  <div class='ocr_page' id='page_1' title='image "./fragmentahistori01mueluoft_0042.png"; bbox 0 0 2294 3704; ppageno 0'>
   <div class='ocr_carea' id='block_1_1' title="bbox 138 163 258 190">
    <p class='ocr_par' dir='ltr' id='par_1_1' title="bbox 138 163 258 190">
     <span class='ocr_line' id='line_1_1' title="bbox 138 163 258 190; baseline 0.008 -1"><span class='ocrx_word' id='word_1_1' title='bbox 138 163 258 190; x_wconf 78' lang='lat' dir='ltr'><strong>xxxn</strong></span> 
     </span>
    </p>
   </div>
   <div class='ocr_carea' id='block_1_2' title="bbox 93 234 1161 3083">
    <p class='ocr_par' dir='ltr' id='par_1_2' title="bbox 105 234 1157 927">
     <span class='ocr_line' id='line_1_2' title="bbox 139 234 1155 288; baseline -0.004 -13"><span class='ocrx_word' id='word_1_2' title='bbox 139 238 178 275; x_wconf 84' lang='lat' dir='ltr'><strong>in</strong></span> <span class='ocrx_word' id='word_1_3' title='bbox 201 250 248 275; x_wconf 90' lang='lat' dir='ltr'><strong>eo</strong></span> <span class='ocrx_word' id='word_1_4' title='bbox 266 250 395 275; x_wconf 89' lang='lat' dir='ltr'><strong>curam</strong></span> <span class='ocrx_word' id='word_1_5' title='bbox 413 250 577 288; x_wconf 81' lang='lat' dir='ltr'><strong>ponens,</strong></span> <span class='ocrx_word' id='word_1_6' title='bbox 598 244 640 274; x_wconf 89' lang='lat' dir='ltr'><strong>ut</strong></span> <span class='ocrx_word' id='word_1_7' title='bbox 655 234 896 286; x_wconf 83' lang='lat' dir='ltr'><strong>genealogica</strong></span> <span class='ocrx_word' id='word_1_8' title='bbox 913 234 975 272; x_wconf 83' lang='lat' dir='ltr'><strong>fila</strong></span> <span class='ocrx_word' id='word_1_9' title='bbox 994 235 1075 272; x_wconf 89' lang='lat' dir='ltr'><strong>sine</strong></span> <span class='ocrx_word' id='word_1_10' title='bbox 1091 234 1155 272; x_wconf 91' lang='lat' dir='ltr'><strong>in-</strong></span> 
     </span>
     <span class='ocr_line' id='line_1_3' title="bbox 139 294 1156 347; baseline -0.001 -15"><span class='ocrx_word' id='word_1_11' title='bbox 139 297 375 347; x_wconf 89' lang='lat' dir='ltr'><strong>terruptione</strong></span> <span class='ocrx_word' id='word_1_12' title='bbox 406 304 548 333; x_wconf 79' lang='lat' dir='ltr'><strong>texeret</strong></span> <span class='ocrx_word' id='word_1_13' title='bbox 570 296 691 344; x_wconf 84' lang='lat' dir='ltr'><strong>iisque</strong></span> <span class='ocrx_word' id='word_1_14' title='bbox 721 294 902 331; x_wconf 85' lang='lat' dir='ltr'><strong>insereret</strong></span> <span class='ocrx_word' id='word_1_15' title='bbox 921 306 1156 343; x_wconf 88' lang='lat' dir='ltr'><strong>quaecunque</strong></span> 
     </span>
     <span class='ocr_line' id='line_1_4' title="bbox 138 350 1157 404; baseline -0.003 -12"><span class='ocrx_word' id='word_1_16' title='bbox 138 362 311 404; x_wconf 89' lang='lat' dir='ltr'><strong>spectant</strong></span> <span class='ocrx_word' id='word_1_17' title='bbox 353 354 400 392; x_wconf 87' lang='lat' dir='ltr'><strong>ad</strong></span> <span class='ocrx_word' id='word_1_18' title='bbox 426 354 589 404; x_wconf 84' lang='lat' dir='ltr'><strong>origines</strong></span> <span class='ocrx_word' id='word_1_19' title='bbox 612 352 779 402; x_wconf 83' lang='lat' dir='ltr'><strong>gentium</strong></span> <span class='ocrx_word' id='word_1_20' title='bbox 807 358 844 387; x_wconf 89' lang='lat' dir='ltr'><strong>et</strong></span> <span class='ocrx_word' id='word_1_21' title='bbox 877 350 1031 388; x_wconf 90' lang='lat' dir='ltr'><strong>urbium</strong></span> <span class='ocrx_word' id='word_1_22' title='bbox 1059 359 1098 389; x_wconf 90' lang='lat' dir='ltr'><strong>et</strong></span> <span class='ocrx_word' id='word_1_23' title='bbox 1126 352 1157 389; x_wconf 88' lang='lat' dir='ltr'><strong>si</strong></span> 
     </span>
     <span class='ocr_line' id='line_1_5' title="bbox 138 409 1156 463; baseline -0.002 -13"><span class='ocrx_word' id='word_1_24' title='bbox 138 426 224 463; x_wconf 84' lang='lat' dir='ltr'><strong>quae</strong></span> <span class='ocrx_word' id='word_1_25' title='bbox 249 421 335 450; x_wconf 89' lang='lat' dir='ltr'><strong>sunt</strong></span> <span class='ocrx_word' id='word_1_26' title='bbox 361 413 498 450; x_wconf 90' lang='lat' dir='ltr'><strong>horum</strong></span> <span class='ocrx_word' id='word_1_27' title='bbox 521 411 666 448; x_wconf 85' lang='lat' dir='ltr'><strong>similia.</strong></span> <span class='ocrx_word' id='word_1_28' title='bbox 694 413 738 446; x_wconf 91' lang='lat' dir='ltr'><strong>In</strong></span> <span class='ocrx_word' id='word_1_29' title='bbox 764 409 923 446; x_wconf 87' lang='lat' dir='ltr'><strong>Atthide</strong></span> <span class='ocrx_word' id='word_1_30' title='bbox 948 409 1112 460; x_wconf 88' lang='lat' dir='ltr'><strong>denique</strong></span> <span class='ocrx_word' id='word_1_31' title='bbox 1136 424 1156 447; x_wconf 89' lang='lat' dir='ltr'><strong>a</strong></span> 
     </span>
     <span class='ocr_line' id='line_1_6' title="bbox 137 467 1157 521; baseline -0.003 -12"><span class='ocrx_word' id='word_1_32' title='bbox 137 471 315 521; x_wconf 88' lang='lat' dir='ltr'><strong>mythicis</strong></span> <span class='ocrx_word' id='word_1_33' title='bbox 335 472 372 508; x_wconf 90' lang='lat' dir='ltr'><strong>in</strong></span> <span class='ocrx_word' id='word_1_34' title='bbox 403 470 580 507; x_wconf 83' lang='lat' dir='ltr'><strong>historica</strong></span> <span class='ocrx_word' id='word_1_35' title='bbox 600 477 771 518; x_wconf 89' lang='lat' dir='ltr'><strong>tempora</strong></span> <span class='ocrx_word' id='word_1_36' title='bbox 792 467 1011 516; x_wconf 88' lang='lat' dir='ltr'><strong>descendit,</strong></span> <span class='ocrx_word' id='word_1_37' title='bbox 1036 469 1157 506; x_wconf 89' lang='lat' dir='ltr'><strong>Athe·-</strong></span> 
     </span>
     <span class='ocr_line' id='line_1_7' title="bbox 139 527 1156 580; baseline -0.001 -13"><span class='ocrx_word' id='word_1_38' title='bbox 139 543 352 580; x_wconf 89' lang='lat' dir='ltr'><strong>narumque</strong></span> <span class='ocrx_word' id='word_1_39' title='bbox 383 529 456 565; x_wconf 88' lang='lat' dir='ltr'><strong>fata</strong></span> <span class='ocrx_word' id='word_1_40' title='bbox 485 527 532 565; x_wconf 86' lang='lat' dir='ltr'><strong>ad</strong></span> <span class='ocrx_word' id='word_1_41' title='bbox 577 540 683 564; x_wconf 88' lang='lat' dir='ltr'><strong>suam</strong></span> <span class='ocrx_word' id='word_1_42' title='bbox 712 540 834 577; x_wconf 90' lang='lat' dir='ltr'><strong>usque</strong></span> <span class='ocrx_word' id='word_1_43' title='bbox 859 527 978 578; x_wconf 88' lang='lat' dir='ltr'><strong>ipsius</strong></span> <span class='ocrx_word' id='word_1_44' title='bbox 1008 536 1156 566; x_wconf 81' lang='lat' dir='ltr'><strong>aetatem</strong></span> 
     </span>
     <span class='ocr_line' id='line_1_8' title="bbox 138 585 1156 636; baseline -0.003 -10"><span class='ocrx_word' id='word_1_45' title='bbox 138 588 329 626; x_wconf 88' lang='lat' dir='ltr'><strong>narrando</strong></span> <span class='ocrx_word' id='word_1_46' title='bbox 348 586 528 625; x_wconf 89' lang='lat' dir='ltr'><strong>devolvit.</strong></span> <span class='ocrx_word' id='word_1_47' title='bbox 549 587 689 622; x_wconf 89' lang='lat' dir='ltr'><strong>Omnes</strong></span> <span class='ocrx_word' id='word_1_48' title='bbox 710 585 875 636; x_wconf 90' lang='lat' dir='ltr'><strong>denique</strong></span> <span class='ocrx_word' id='word_1_49' title='bbox 889 598 947 623; x_wconf 89' lang='lat' dir='ltr'><strong>res</strong></span> <span class='ocrx_word' id='word_1_50' title='bbox 965 599 1156 624; x_wconf 88' lang='lat' dir='ltr'><strong>memora-—</strong></span> 
     </span>
     <span class='ocr_line' id='line_1_9' title="bbox 138 642 1156 694; baseline -0.001 -11"><span class='ocrx_word' id='word_1_51' title='bbox 138 645 295 683; x_wconf 90' lang='lat' dir='ltr'><strong>biliores</strong></span> <span class='ocrx_word' id='word_1_52' title='bbox 320 659 342 682; x_wconf 91' lang='lat' dir='ltr'><strong>a</strong></span> <span class='ocrx_word' id='word_1_53' title='bbox 361 648 491 682; x_wconf 87' lang='lat' dir='ltr'><strong>Graece</strong></span> <span class='ocrx_word' id='word_1_54' title='bbox 510 642 755 692; x_wconf 83' lang='lat' dir='ltr'><strong>loquentibus</strong></span> <span class='ocrx_word' id='word_1_55' title='bbox 778 652 899 694; x_wconf 85' lang='lat' dir='ltr'><strong>gestas</strong></span> <span class='ocrx_word' id='word_1_56' title='bbox 922 653 958 682; x_wconf 88' lang='lat' dir='ltr'><strong>et</strong></span> <span class='ocrx_word' id='word_1_57' title='bbox 981 646 1156 691; x_wconf 81' lang='lat' dir='ltr'><strong>mythicae</strong></span> 
     </span>
     <span class='ocr_line' id='line_1_10' title="bbox 137 701 1156 752; baseline -0.001 -11"><span class='ocrx_word' id='word_1_58' title='bbox 137 713 175 741; x_wconf 91' lang='lat' dir='ltr'><strong>et</strong></span> <span class='ocrx_word' id='word_1_59' title='bbox 193 703 383 740; x_wconf 81' lang='lat' dir='ltr'><strong>historicae</strong></span> <span class='ocrx_word' id='word_1_60' title='bbox 409 701 526 739; x_wconf 87' lang='lat' dir='ltr'><strong>aetatis</strong></span> <span class='ocrx_word' id='word_1_61' title='bbox 541 727 550 744; x_wconf 95' lang='lat'><strong>,</strong></span> <span class='ocrx_word' id='word_1_62' title='bbox 568 709 650 738; x_wconf 92' lang='lat' dir='ltr'><strong>tum</strong></span> <span class='ocrx_word' id='word_1_63' title='bbox 671 701 720 739; x_wconf 92' lang='lat' dir='ltr'><strong>ad</strong></span> <span class='ocrx_word' id='word_1_64' title='bbox 744 701 980 752; x_wconf 80' lang='lat' dir='ltr'><strong>respublicas</strong></span> <span class='ocrx_word' id='word_1_65' title='bbox 996 712 1078 740; x_wconf 90' lang='lat' dir='ltr'><strong>tum</strong></span> <span class='ocrx_word' id='word_1_66' title='bbox 1109 704 1156 740; x_wconf 89' lang='lat' dir='ltr'><strong>ad</strong></span> 
     </span>
     <span class='ocr_line' id='line_1_11' title="bbox 137 759 1157 811; baseline 0.001 -13"><span class='ocrx_word' id='word_1_67' title='bbox 137 769 238 799; x_wconf 84' lang='lat' dir='ltr'><strong>artes</strong></span> <span class='ocrx_word' id='word_1_68' title='bbox 252 761 489 810; x_wconf 88' lang='lat' dir='ltr'><strong>deorumque</strong></span> <span class='ocrx_word' id='word_1_69' title='bbox 508 759 653 796; x_wconf 89' lang='lat' dir='ltr'><strong>cultum</strong></span> <span class='ocrx_word' id='word_1_70' title='bbox 679 768 905 810; x_wconf 83' lang='lat' dir='ltr'><strong>spectantes,</strong></span> <span class='ocrx_word' id='word_1_71' title='bbox 928 762 1157 811; x_wconf 85' lang='lat' dir='ltr'><strong>synchroni-</strong></span> 
     </span>
     <span class='ocr_line' id='line_1_12' title="bbox 136 817 1156 868; baseline 0.002 -12"><span class='ocrx_word' id='word_1_72' title='bbox 136 820 227 857; x_wconf 76' lang='lat' dir='ltr'><strong>stica</strong></span> <span class='ocrx_word' id='word_1_73' title='bbox 243 827 279 856; x_wconf 90' lang='lat' dir='ltr'><strong>et</strong></span> <span class='ocrx_word' id='word_1_74' title='bbox 293 817 577 868; x_wconf 88' lang='lat' dir='ltr'><strong>compendiaria</strong></span> <span class='ocrx_word' id='word_1_75' title='bbox 587 818 733 855; x_wconf 88' lang='lat' dir='ltr'><strong>ratione</strong></span> <span class='ocrx_word' id='word_1_76' title='bbox 753 819 898 855; x_wconf 89' lang='lat' dir='ltr'><strong>notavit</strong></span> <span class='ocrx_word' id='word_1_77' title='bbox 912 820 950 856; x_wconf 91' lang='lat' dir='ltr'><strong>in</strong></span> <span class='ocrx_word' id='word_1_78' title='bbox 967 820 1156 858; x_wconf 88' lang='lat' dir='ltr'><strong>Sacerdo—</strong></span> 
     </span>
     <span class='ocr_line' id='line_1_13' title="bbox 105 875 903 927; baseline -0.001 -13"><span class='ocrx_word' id='word_1_79' title='bbox 105 890 117 902; x_wconf 81' lang='lat'><strong><em>⁴</em></strong></span> <span class='ocrx_word' id='word_1_80' title='bbox 137 876 239 914; x_wconf 88' lang='lat' dir='ltr'><strong>tibus</strong></span> <span class='ocrx_word' id='word_1_81' title='bbox 261 875 423 913; x_wconf 87' lang='lat' dir='ltr'><strong>Junonis</strong></span> <span class='ocrx_word' id='word_1_82' title='bbox 446 883 483 912; x_wconf 89' lang='lat' dir='ltr'><strong>et</strong></span> <span class='ocrx_word' id='word_1_83' title='bbox 505 875 545 912; x_wconf 88' lang='lat' dir='ltr'><strong>in</strong></span> <span class='ocrx_word' id='word_1_84' title='bbox 569 876 816 913; x_wconf 85' lang='lat' dir='ltr'><strong>Carneonicis</strong></span> <span class='ocrx_word' id='word_1_85' title='bbox 835 875 903 927; x_wconf 85' lang='lat'><strong>(1).</strong></span> 
     </span>
    </p>

    <p class='ocr_par' dir='ltr' id='par_1_3' title="bbox 93 932 1161 3083">
     <span class='ocr_line' id='line_1_14' title="bbox 189 932 1157 986; baseline 0.002 -16"><span class='ocrx_word' id='word_1_86' title='bbox 189 937 285 981; x_wconf 85' lang='lat' dir='ltr'><strong>Quae</strong></span> <span class='ocrx_word' id='word_1_87' title='bbox 299 933 426 970; x_wconf 89' lang='lat' dir='ltr'><strong>omnia</strong></span> <span class='ocrx_word' id='word_1_88' title='bbox 439 933 470 970; x_wconf 87' lang='lat' dir='ltr'><strong>si</strong></span> <span class='ocrx_word' id='word_1_89' title='bbox 484 932 555 970; x_wconf 88' lang='lat' dir='ltr'><strong>sub</strong></span> <span class='ocrx_word' id='word_1_90' title='bbox 568 947 686 971; x_wconf 89' lang='lat' dir='ltr'><strong>unum</strong></span> <span class='ocrx_word' id='word_1_91' title='bbox 698 934 896 971; x_wconf 89' lang='lat' dir='ltr'><strong>oculorum</strong></span> <span class='ocrx_word' id='word_1_92' title='bbox 912 943 1157 986; x_wconf 85' lang='lat' dir='ltr'><strong>conspectum</strong></span> 
     </span>
     <span class='ocr_line' id='line_1_15' title="bbox 140 990 1155 1043; baseline 0.002 -15"><span class='ocrx_word' id='word_1_93' title='bbox 140 990 332 1042; x_wconf 80' lang='lat' dir='ltr'><strong>subjicias,</strong></span> <span class='ocrx_word' id='word_1_94' title='bbox 354 1004 432 1028; x_wconf 91' lang='lat' dir='ltr'><strong>non</strong></span> <span class='ocrx_word' id='word_1_95' title='bbox 444 991 598 1029; x_wconf 87' lang='lat' dir='ltr'><strong>difficile</strong></span> <span class='ocrx_word' id='word_1_96' title='bbox 618 1000 674 1029; x_wconf 88' lang='lat' dir='ltr'><strong>est</strong></span> <span class='ocrx_word' id='word_1_97' title='bbox 689 993 937 1042; x_wconf 84' lang='lat' dir='ltr'><strong>pronuntiare</strong></span> <span class='ocrx_word' id='word_1_98' title='bbox 954 1007 1155 1043; x_wconf 81' lang='lat' dir='ltr'><strong>quemnam</strong></span> 
     </span>
     <span class='ocr_line' id='line_1_16' title="bbox 136 1049 1157 1101; baseline 0.003 -15"><span class='ocrx_word' id='word_1_99' title='bbox 136 1050 264 1087; x_wconf 90' lang='lat' dir='ltr'><strong>locum</strong></span> <span class='ocrx_word' id='word_1_100' title='bbox 301 1049 518 1087; x_wconf 86' lang='lat' dir='ltr'><strong>Hellanicus</strong></span> <span class='ocrx_word' id='word_1_101' title='bbox 554 1050 654 1087; x_wconf 90' lang='lat' dir='ltr'><strong>inter</strong></span> <span class='ocrx_word' id='word_1_102' title='bbox 688 1051 925 1101; x_wconf 86' lang='lat' dir='ltr'><strong>antiquiores</strong></span> <span class='ocrx_word' id='word_1_103' title='bbox 956 1051 1157 1090; x_wconf 81' lang='lat' dir='ltr'><strong>historicos</strong></span> 
     </span>
     <span class='ocr_line' id='line_1_17' title="bbox 126 1108 1156 1158; baseline 0.003 -13"><span class='ocrx_word' id='word_1_104' title='bbox 126 1109 396 1158; x_wconf 85' lang='lat' dir='ltr'><strong>&#39;occupaverit.</strong></span> <span class='ocrx_word' id='word_1_105' title='bbox 433 1108 627 1146; x_wconf 86' lang='lat' dir='ltr'><strong>Nimirum</strong></span> <span class='ocrx_word' id='word_1_106' title='bbox 646 1116 754 1146; x_wconf 92' lang='lat' dir='ltr'><strong>vetus</strong></span> <span class='ocrx_word' id='word_1_107' title='bbox 781 1109 855 1146; x_wconf 92' lang='lat' dir='ltr'><strong>hoc</strong></span> <span class='ocrx_word' id='word_1_108' title='bbox 875 1109 1043 1147; x_wconf 87' lang='lat' dir='ltr'><strong>historiae</strong></span> <span class='ocrx_word' id='word_1_109' title='bbox 1057 1111 1156 1148; x_wconf 90' lang='lat' dir='ltr'><strong>scri-</strong></span> 
     </span>
     <span class='ocr_line' id='line_1_18' title="bbox 134 1166 1157 1220; baseline 0.004 -16"><span class='ocrx_word' id='word_1_110' title='bbox 134 1166 272 1204; x_wconf 83' lang='lat' dir='ltr'><strong>bendae</strong></span> <span class='ocrx_word' id='word_1_111' title='bbox 305 1180 422 1218; x_wconf 88' lang='lat' dir='ltr'><strong>genus</strong></span> <span class='ocrx_word' id='word_1_112' title='bbox 439 1167 488 1205; x_wconf 89' lang='lat' dir='ltr'><strong>ad</strong></span> <span class='ocrx_word' id='word_1_113' title='bbox 513 1180 703 1205; x_wconf 90' lang='lat' dir='ltr'><strong>summum</strong></span> <span class='ocrx_word' id='word_1_114' title='bbox 723 1181 794 1218; x_wconf 92' lang='lat' dir='ltr'><strong>pro</strong></span> <span class='ocrx_word' id='word_1_115' title='bbox 823 1168 896 1205; x_wconf 91' lang='lat' dir='ltr'><strong>illis</strong></span> <span class='ocrx_word' id='word_1_116' title='bbox 922 1169 1157 1220; x_wconf 82' lang='lat' dir='ltr'><strong>temporibus</strong></span> 
     </span>
     <span class='ocr_line' id='line_1_19' title="bbox 135 1226 1159 1278; baseline 0.004 -15"><span class='ocrx_word' id='word_1_117' title='bbox 135 1226 386 1276; x_wconf 87' lang='lat' dir='ltr'><strong>perfectionis</strong></span> <span class='ocrx_word' id='word_1_118' title='bbox 420 1226 580 1276; x_wconf 89' lang='lat' dir='ltr'><strong>gradum</strong></span> <span class='ocrx_word' id='word_1_119' title='bbox 608 1226 777 1263; x_wconf 85' lang='lat' dir='ltr'><strong>adduxit.</strong></span> <span class='ocrx_word' id='word_1_120' title='bbox 801 1227 950 1264; x_wconf 86' lang='lat' dir='ltr'><strong>Etenim</strong></span> <span class='ocrx_word' id='word_1_121' title='bbox 971 1242 1055 1278; x_wconf 83' lang='lat' dir='ltr'><strong>quae</strong></span> <span class='ocrx_word' id='word_1_122' title='bbox 1085 1242 1159 1267; x_wconf 92' lang='lat' dir='ltr'><strong>una</strong></span> 
     </span>
     <span class='ocr_line' id='line_1_20' title="bbox 136 1284 1156 1335; baseline 0.003 -14"><span class='ocrx_word' id='word_1_123' title='bbox 136 1297 224 1321; x_wconf 93' lang='lat' dir='ltr'><strong>cum</strong></span> <span class='ocrx_word' id='word_1_124' title='bbox 249 1297 363 1335; x_wconf 91' lang='lat' dir='ltr'><strong>prosa</strong></span> <span class='ocrx_word' id='word_1_125' title='bbox 393 1284 720 1335; x_wconf 78' lang='lat' dir='ltr'><strong>historiographia</strong></span> <span class='ocrx_word' id='word_1_126' title='bbox 761 1286 914 1322; x_wconf 85' lang='lat' dir='ltr'><strong>emersit</strong></span> <span class='ocrx_word' id='word_1_127' title='bbox 946 1287 1072 1324; x_wconf 88' lang='lat' dir='ltr'><strong>statim</strong></span> <span class='ocrx_word' id='word_1_128' title='bbox 1108 1287 1156 1324; x_wconf 92' lang='lat' dir='ltr'><strong>ab</strong></span> 
     </span>
     <span class='ocr_line' id='line_1_21' title="bbox 134 1341 1158 1394; baseline 0.004 -15"><span class='ocrx_word' id='word_1_129' title='bbox 134 1341 248 1379; x_wconf 87' lang='lat' dir='ltr'><strong>initio</strong></span> <span class='ocrx_word' id='word_1_130' title='bbox 277 1342 468 1392; x_wconf 85' lang='lat' dir='ltr'><strong>duplicem</strong></span> <span class='ocrx_word' id='word_1_131' title='bbox 499 1342 598 1379; x_wconf 89' lang='lat' dir='ltr'><strong>viam</strong></span> <span class='ocrx_word' id='word_1_132' title='bbox 619 1343 787 1393; x_wconf 87' lang='lat' dir='ltr'><strong>ingressa</strong></span> <span class='ocrx_word' id='word_1_133' title='bbox 819 1353 898 1391; x_wconf 90' lang='lat' dir='ltr'><strong>est,</strong></span> <span class='ocrx_word' id='word_1_134' title='bbox 917 1358 1077 1394; x_wconf 90' lang='lat' dir='ltr'><strong>quarum</strong></span> <span class='ocrx_word' id='word_1_135' title='bbox 1101 1347 1158 1383; x_wconf 84' lang='lat' dir='ltr'><strong>al—</strong></span> 
     </span>
     <span class='ocr_line' id='line_1_22' title="bbox 136 1400 1158 1452; baseline 0.005 -15"><span class='ocrx_word' id='word_1_136' title='bbox 136 1408 218 1438; x_wconf 89' lang='lat' dir='ltr'><strong>tera</strong></span> <span class='ocrx_word' id='word_1_137' title='bbox 272 1400 345 1438; x_wconf 86' lang='lat' dir='ltr'><strong>fuit</strong></span> <span class='ocrx_word' id='word_1_138' title='bbox 398 1400 722 1452; x_wconf 82' lang='lat' dir='ltr'><strong>logographorum</strong></span> <span class='ocrx_word' id='word_1_139' title='bbox 774 1403 932 1440; x_wconf 86' lang='lat' dir='ltr'><strong>arctiori</strong></span> <span class='ocrx_word' id='word_1_140' title='bbox 979 1404 1158 1442; x_wconf 82' lang='lat' dir='ltr'><strong>vocabuli</strong></span> 
     </span>
     <span class='ocr_line' id='line_1_23' title="bbox 139 1459 1157 1510; baseline 0.005 -15"><span class='ocrx_word' id='word_1_141' title='bbox 139 1472 275 1507; x_wconf 90' lang='lat' dir='ltr'><strong>sensu,</strong></span> <span class='ocrx_word' id='word_1_142' title='bbox 306 1459 423 1496; x_wconf 89' lang='lat' dir='ltr'><strong>altera</strong></span> <span class='ocrx_word' id='word_1_143' title='bbox 451 1459 769 1510; x_wconf 79' lang='lat' dir='ltr'><strong>geographorum.</strong></span> <span class='ocrx_word' id='word_1_144' title='bbox 803 1461 912 1498; x_wconf 84' lang='lat' dir='ltr'><strong>Prior</strong></span> <span class='ocrx_word' id='word_1_145' title='bbox 943 1469 1024 1498; x_wconf 90' lang='lat' dir='ltr'><strong>tota</strong></span> <span class='ocrx_word' id='word_1_146' title='bbox 1054 1463 1091 1500; x_wconf 90' lang='lat' dir='ltr'><strong>in</strong></span> <span class='ocrx_word' id='word_1_147' title='bbox 1112 1475 1157 1500; x_wconf 89' lang='lat' dir='ltr'><strong>eo</strong></span> 
     </span>
     <span class='ocr_line' id='line_1_24' title="bbox 134 1516 1158 1570; baseline 0.003 -14"><span class='ocrx_word' id='word_1_148' title='bbox 134 1516 372 1563; x_wconf 83' lang='lat' dir='ltr'><strong>versabatur,</strong></span> <span class='ocrx_word' id='word_1_149' title='bbox 400 1524 443 1554; x_wconf 93' lang='lat' dir='ltr'><strong>ut</strong></span> <span class='ocrx_word' id='word_1_150' title='bbox 467 1516 626 1555; x_wconf 91' lang='lat' dir='ltr'><strong>deorum</strong></span> <span class='ocrx_word' id='word_1_151' title='bbox 655 1517 929 1570; x_wconf 88' lang='lat' dir='ltr'><strong>hominumque</strong></span> <span class='ocrx_word' id='word_1_152' title='bbox 959 1520 1158 1559; x_wconf 83' lang='lat' dir='ltr'><strong>historiam</strong></span> 
     </span>
     <span class='ocr_line' id='line_1_25' title="bbox 136 1576 1154 1632; baseline 0.006 -19"><span class='ocrx_word' id='word_1_153' title='bbox 136 1576 442 1628; x_wconf 82' lang='lat' dir='ltr'><strong>genealogiarum</strong></span> <span class='ocrx_word' id='word_1_154' title='bbox 456 1589 528 1627; x_wconf 92' lang='lat' dir='ltr'><strong>ope</strong></span> <span class='ocrx_word' id='word_1_155' title='bbox 543 1577 583 1614; x_wconf 88' lang='lat' dir='ltr'><strong>in</strong></span> <span class='ocrx_word' id='word_1_156' title='bbox 599 1577 772 1614; x_wconf 82' lang='lat' dir='ltr'><strong>ordinem</strong></span> <span class='ocrx_word' id='word_1_157' title='bbox 785 1579 988 1628; x_wconf 88' lang='lat' dir='ltr'><strong>quemdam</strong></span> <span class='ocrx_word' id='word_1_158' title='bbox 1005 1580 1154 1632; x_wconf 88' lang='lat' dir='ltr'><strong>redige-</strong></span> 
     </span>
     <span class='ocr_line' id='line_1_26' title="bbox 135 1634 1151 1690; baseline 0.006 -19"><span class='ocrx_word' id='word_1_159' title='bbox 135 1643 206 1672; x_wconf 89' lang='lat' dir='ltr'><strong>ret.</strong></span> <span class='ocrx_word' id='word_1_160' title='bbox 232 1634 344 1679; x_wconf 92' lang='lat' dir='ltr'><strong>Quod</strong></span> <span class='ocrx_word' id='word_1_161' title='bbox 365 1647 595 1684; x_wconf 85' lang='lat' dir='ltr'><strong>quamquam</strong></span> <span class='ocrx_word' id='word_1_162' title='bbox 613 1644 773 1686; x_wconf 87' lang='lat' dir='ltr'><strong>propter</strong></span> <span class='ocrx_word' id='word_1_163' title='bbox 794 1636 1038 1676; x_wconf 88' lang='lat' dir='ltr'><strong>traditionum</strong></span> <span class='ocrx_word' id='word_1_164' title='bbox 1061 1653 1151 1690; x_wconf 89' lang='lat' dir='ltr'><strong>poc-</strong></span> 
     </span>
     <span class='ocr_line' id='line_1_27' title="bbox 135 1694 1158 1743; baseline 0.005 -12"><span class='ocrx_word' id='word_1_165' title='bbox 135 1694 317 1740; x_wconf 88' lang='lat' dir='ltr'><strong>ticarum,</strong></span> <span class='ocrx_word' id='word_1_166' title='bbox 342 1707 426 1743; x_wconf 83' lang='lat' dir='ltr'><strong>quae</strong></span> <span class='ocrx_word' id='word_1_167' title='bbox 459 1701 548 1730; x_wconf 88' lang='lat' dir='ltr'><strong>tunc</strong></span> <span class='ocrx_word' id='word_1_168' title='bbox 577 1702 677 1740; x_wconf 82' lang='lat' dir='ltr'><strong>erat,</strong></span> <span class='ocrx_word' id='word_1_169' title='bbox 704 1695 983 1734; x_wconf 86' lang='lat' dir='ltr'><strong>multitudinem</strong></span> <span class='ocrx_word' id='word_1_170' title='bbox 1006 1712 1158 1736; x_wconf 88' lang='lat' dir='ltr'><strong>earum-</strong></span> 
     </span>
     <span class='ocr_line' id='line_1_28' title="bbox 135 1751 1158 1808; baseline 0.005 -19"><span class='ocrx_word' id='word_1_171' title='bbox 135 1765 211 1803; x_wconf 89' lang='lat' dir='ltr'><strong>que</strong></span> <span class='ocrx_word' id='word_1_172' title='bbox 232 1751 524 1802; x_wconf 84' lang='lat' dir='ltr'><strong>discrepantiam</strong></span> <span class='ocrx_word' id='word_1_173' title='bbox 548 1766 625 1789; x_wconf 87' lang='lat' dir='ltr'><strong>non</strong></span> <span class='ocrx_word' id='word_1_174' title='bbox 650 1753 729 1808; x_wconf 83' lang='lat' dir='ltr'><strong>sine</strong></span> <span class='ocrx_word' id='word_1_175' title='bbox 754 1754 902 1791; x_wconf 90' lang='lat' dir='ltr'><strong>delectu</strong></span> <span class='ocrx_word' id='word_1_176' title='bbox 927 1757 1093 1805; x_wconf 90' lang='lat' dir='ltr'><strong>quodam</strong></span> <span class='ocrx_word' id='word_1_177' title='bbox 1121 1766 1158 1794; x_wconf 85' lang='lat' dir='ltr'><strong>et</strong></span> 
     </span>
     <span class='ocr_line' id='line_1_29' title="bbox 129 1810 1158 1863; baseline 0.005 -15"><span class='ocrx_word' id='word_1_178' title='bbox 129 1810 278 1861; x_wconf 88' lang='lat' dir='ltr'><strong>judicio</strong></span> <span class='ocrx_word' id='word_1_179' title='bbox 293 1811 375 1848; x_wconf 88' lang='lat' dir='ltr'><strong>fieri</strong></span> <span class='ocrx_word' id='word_1_180' title='bbox 394 1811 536 1860; x_wconf 89' lang='lat' dir='ltr'><strong>potuit,</strong></span> <span class='ocrx_word' id='word_1_181' title='bbox 552 1819 689 1856; x_wconf 86' lang='lat' dir='ltr'><strong>tamen,</strong></span> <span class='ocrx_word' id='word_1_182' title='bbox 704 1825 822 1861; x_wconf 91' lang='lat' dir='ltr'><strong>quum</strong></span> <span class='ocrx_word' id='word_1_183' title='bbox 845 1813 1013 1863; x_wconf 88' lang='lat' dir='ltr'><strong>penitior</strong></span> <span class='ocrx_word' id='word_1_184' title='bbox 1032 1828 1158 1853; x_wconf 90' lang='lat' dir='ltr'><strong>rerum</strong></span> 
     </span>
     <span class='ocr_line' id='line_1_30' title="bbox 135 1868 1158 1919; baseline 0.005 -13"><span class='ocrx_word' id='word_1_185' title='bbox 135 1869 389 1919; x_wconf 85' lang='lat' dir='ltr'><strong>mythicarum</strong></span> <span class='ocrx_word' id='word_1_186' title='bbox 425 1868 674 1918; x_wconf 84' lang='lat' dir='ltr'><strong>intelligentia</strong></span> <span class='ocrx_word' id='word_1_187' title='bbox 701 1869 790 1907; x_wconf 89' lang='lat' dir='ltr'><strong>huic</strong></span> <span class='ocrx_word' id='word_1_188' title='bbox 825 1872 925 1908; x_wconf 86' lang='lat' dir='ltr'><strong>aetati</strong></span> <span class='ocrx_word' id='word_1_189' title='bbox 953 1873 1064 1910; x_wconf 91' lang='lat' dir='ltr'><strong>sicuti</strong></span> <span class='ocrx_word' id='word_1_190' title='bbox 1097 1887 1158 1911; x_wconf 90' lang='lat' dir='ltr'><strong>se-</strong></span> 
     </span>
     <span class='ocr_line' id='line_1_31' title="bbox 134 1926 1158 1980; baseline 0.006 -16"><span class='ocrx_word' id='word_1_191' title='bbox 134 1926 341 1978; x_wconf 88' lang='lat' dir='ltr'><strong>quentibus</strong></span> <span class='ocrx_word' id='word_1_192' title='bbox 355 1926 534 1964; x_wconf 85' lang='lat' dir='ltr'><strong>omnibus</strong></span> <span class='ocrx_word' id='word_1_193' title='bbox 548 1927 695 1965; x_wconf 82' lang='lat' dir='ltr'><strong>deesset</strong></span> <span class='ocrx_word' id='word_1_194' title='bbox 710 1937 748 1965; x_wconf 92' lang='lat' dir='ltr'><strong>et</strong></span> <span class='ocrx_word' id='word_1_195' title='bbox 766 1928 895 1967; x_wconf 89' lang='lat' dir='ltr'><strong>deesse</strong></span> <span class='ocrx_word' id='word_1_196' title='bbox 914 1930 1082 1980; x_wconf 89' lang='lat' dir='ltr'><strong>deberet,</strong></span> <span class='ocrx_word' id='word_1_197' title='bbox 1099 1932 1158 1970; x_wconf 91' lang='lat' dir='ltr'><strong>his</strong></span> 
     </span>
     <span class='ocr_line' id='line_1_32' title="bbox 133 1986 1158 2035; baseline 0.004 -11"><span class='ocrx_word' id='word_1_198' title='bbox 133 1986 357 2024; x_wconf 87' lang='lat' dir='ltr'><strong>auctoribus</strong></span> <span class='ocrx_word' id='word_1_199' title='bbox 378 1986 418 2023; x_wconf 89' lang='lat' dir='ltr'><strong>in</strong></span> <span class='ocrx_word' id='word_1_200' title='bbox 436 1986 610 2035; x_wconf 82' lang='lat' dir='ltr'><strong>plurimis</strong></span> <span class='ocrx_word' id='word_1_201' title='bbox 638 1987 733 2024; x_wconf 85' lang='lat' dir='ltr'><strong>nihil</strong></span> <span class='ocrx_word' id='word_1_202' title='bbox 762 1988 939 2026; x_wconf 86' lang='lat' dir='ltr'><strong>relietum</strong></span> <span class='ocrx_word' id='word_1_203' title='bbox 975 1999 1056 2027; x_wconf 90' lang='lat' dir='ltr'><strong>erat</strong></span> <span class='ocrx_word' id='word_1_204' title='bbox 1083 1991 1158 2028; x_wconf 88' lang='lat' dir='ltr'><strong>nisi</strong></span> 
     </span>
     <span class='ocr_line' id='line_1_33' title="bbox 134 2045 1159 2098; baseline 0.006 -17"><span class='ocrx_word' id='word_1_205' title='bbox 134 2046 194 2082; x_wconf 91' lang='lat' dir='ltr'><strong>vel</strong></span> <span class='ocrx_word' id='word_1_206' title='bbox 230 2045 367 2082; x_wconf 89' lang='lat' dir='ltr'><strong>horum</strong></span> <span class='ocrx_word' id='word_1_207' title='bbox 406 2045 464 2081; x_wconf 88' lang='lat' dir='ltr'><strong>vel</strong></span> <span class='ocrx_word' id='word_1_208' title='bbox 506 2045 659 2083; x_wconf 77' lang='lat' dir='ltr'><strong>illorum</strong></span> <span class='ocrx_word' id='word_1_209' title='bbox 696 2054 915 2096; x_wconf 88' lang='lat' dir='ltr'><strong>poetarum,</strong></span> <span class='ocrx_word' id='word_1_210' title='bbox 958 2062 1055 2098; x_wconf 91' lang='lat' dir='ltr'><strong>quos</strong></span> <span class='ocrx_word' id='word_1_211' title='bbox 1085 2050 1159 2087; x_wconf 85' lang='lat' dir='ltr'><strong>fide</strong></span> 
     </span>
     <span class='ocr_line' id='line_1_34' title="bbox 134 2101 1156 2153; baseline 0.006 -13"><span class='ocrx_word' id='word_1_212' title='bbox 134 2103 375 2153; x_wconf 85' lang='lat' dir='ltr'><strong>dignissimos</strong></span> <span class='ocrx_word' id='word_1_213' title='bbox 419 2101 605 2140; x_wconf 87' lang='lat' dir='ltr'><strong>haberent</strong></span> <span class='ocrx_word' id='word_1_214' title='bbox 625 2132 636 2150; x_wconf 97' lang='lat'><strong>,</strong></span> <span class='ocrx_word' id='word_1_215' title='bbox 682 2104 842 2142; x_wconf 90' lang='lat' dir='ltr'><strong>reddere</strong></span> <span class='ocrx_word' id='word_1_216' title='bbox 887 2107 1156 2147; x_wconf 85' lang='lat' dir='ltr'><strong>narrationem.</strong></span> 
     </span>
     <span class='ocr_line' id='line_1_35' title="bbox 133 2161 1159 2215; baseline 0.003 -16"><span class='ocrx_word' id='word_1_217' title='bbox 133 2161 245 2199; x_wconf 88' lang='lat' dir='ltr'><strong>Unde</strong></span> <span class='ocrx_word' id='word_1_218' title='bbox 266 2161 406 2198; x_wconf 88' lang='lat' dir='ltr'><strong>factum</strong></span> <span class='ocrx_word' id='word_1_219' title='bbox 436 2169 512 2207; x_wconf 90' lang='lat' dir='ltr'><strong>est,</strong></span> <span class='ocrx_word' id='word_1_220' title='bbox 538 2170 580 2198; x_wconf 91' lang='lat' dir='ltr'><strong>ut</strong></span> <span class='ocrx_word' id='word_1_221' title='bbox 601 2161 642 2209; x_wconf 91' lang='lat' dir='ltr'><strong>ii,</strong></span> <span class='ocrx_word' id='word_1_222' title='bbox 663 2163 792 2212; x_wconf 89' lang='lat' dir='ltr'><strong>quiex</strong></span> <span class='ocrx_word' id='word_1_223' title='bbox 816 2176 942 2200; x_wconf 88' lang='lat' dir='ltr'><strong>rerum</strong></span> <span class='ocrx_word' id='word_1_224' title='bbox 960 2165 1159 2215; x_wconf 87' lang='lat' dir='ltr'><strong>superficie</strong></span> 
     </span>
     <span class='ocr_line' id='line_1_36' title="bbox 93 2220 1160 2273; baseline 0.005 -17"><span class='ocrx_word' id='word_1_225' title='bbox 93 2263 95 2265; x_wconf 23' lang='lat'>¹</span> <span class='ocrx_word' id='word_1_226' title='bbox 138 2228 314 2257; x_wconf 87' lang='lat' dir='ltr'><strong>naturam</strong></span> <span class='ocrx_word' id='word_1_227' title='bbox 346 2232 476 2256; x_wconf 88' lang='lat' dir='ltr'><strong>earum</strong></span> <span class='ocrx_word' id='word_1_228' title='bbox 505 2220 661 2257; x_wconf 84' lang='lat' dir='ltr'><strong>definire</strong></span> <span class='ocrx_word' id='word_1_229' title='bbox 691 2221 836 2267; x_wconf 89' lang='lat' dir='ltr'><strong>solent,</strong></span> <span class='ocrx_word' id='word_1_230' title='bbox 854 2222 926 2259; x_wconf 92' lang='lat' dir='ltr'><strong>hoc</strong></span> <span class='ocrx_word' id='word_1_231' title='bbox 954 2223 1080 2273; x_wconf 89' lang='lat' dir='ltr'><strong>ipsum</strong></span> <span class='ocrx_word' id='word_1_232' title='bbox 1099 2224 1160 2260; x_wconf 91' lang='lat' dir='ltr'><strong>lo—</strong></span> 
     </span>
     <span class='ocr_line' id='line_1_37' title="bbox 135 2279 1160 2330; baseline 0.005 -15"><span class='ocrx_word' id='word_1_233' title='bbox 135 2279 418 2330; x_wconf 84' lang='lat' dir='ltr'><strong>gographorum</strong></span> <span class='ocrx_word' id='word_1_234' title='bbox 440 2279 639 2316; x_wconf 90' lang='lat' dir='ltr'><strong>consilium</strong></span> <span class='ocrx_word' id='word_1_235' title='bbox 667 2280 781 2318; x_wconf 85' lang='lat' dir='ltr'><strong>fuisse</strong></span> <span class='ocrx_word' id='word_1_236' title='bbox 801 2279 931 2318; x_wconf 87' lang='lat' dir='ltr'><strong>dicant</strong></span> <span class='ocrx_word' id='word_1_237' title='bbox 945 2310 955 2328; x_wconf 92' lang='lat'><strong>,</strong></span> <span class='ocrx_word' id='word_1_238' title='bbox 975 2290 1016 2319; x_wconf 92' lang='lat' dir='ltr'><strong>ut</strong></span> <span class='ocrx_word' id='word_1_239' title='bbox 1041 2283 1160 2320; x_wconf 85' lang='lat' dir='ltr'><strong>hexa-</strong></span> 
     </span>
     <span class='ocr_line' id='line_1_38' title="bbox 136 2338 1158 2388; baseline 0.005 -14"><span class='ocrx_word' id='word_1_240' title='bbox 136 2346 275 2375; x_wconf 89' lang='lat' dir='ltr'><strong>metros</strong></span> <span class='ocrx_word' id='word_1_241' title='bbox 308 2350 436 2375; x_wconf 90' lang='lat' dir='ltr'><strong>versus</strong></span> <span class='ocrx_word' id='word_1_242' title='bbox 463 2338 501 2375; x_wconf 92' lang='lat' dir='ltr'><strong>in</strong></span> <span class='ocrx_word' id='word_1_243' title='bbox 535 2351 685 2388; x_wconf 88' lang='lat' dir='ltr'><strong>prosam</strong></span> <span class='ocrx_word' id='word_1_244' title='bbox 719 2339 932 2378; x_wconf 88' lang='lat' dir='ltr'><strong>orationem</strong></span> <span class='ocrx_word' id='word_1_245' title='bbox 973 2341 1158 2379; x_wconf 89' lang='lat' dir='ltr'><strong>dissolve-</strong></span> 
     </span>
     <span class='ocr_line' id='line_1_39' title="bbox 135 2398 1158 2452; baseline 0.005 -18"><span class='ocrx_word' id='word_1_246' title='bbox 135 2406 233 2438; x_wconf 82' lang='lat' dir='ltr'><strong>rent.</strong></span> <span class='ocrx_word' id='word_1_247' title='bbox 260 2401 346 2443; x_wconf 89' lang='lat' dir='ltr'><strong>Quo</strong></span> <span class='ocrx_word' id='word_1_248' title='bbox 367 2411 456 2435; x_wconf 87' lang='lat' dir='ltr'><strong>sane</strong></span> <span class='ocrx_word' id='word_1_249' title='bbox 478 2398 572 2435; x_wconf 90' lang='lat' dir='ltr'><strong>nihil</strong></span> <span class='ocrx_word' id='word_1_250' title='bbox 601 2399 767 2449; x_wconf 88' lang='lat' dir='ltr'><strong>ineptius</strong></span> <span class='ocrx_word' id='word_1_251' title='bbox 790 2401 996 2451; x_wconf 84' lang='lat' dir='ltr'><strong>excogitari</strong></span> <span class='ocrx_word' id='word_1_252' title='bbox 1022 2410 1158 2452; x_wconf 87' lang='lat' dir='ltr'><strong>potest-</strong></span> 
     </span>
     <span class='ocr_line' id='line_1_40' title="bbox 135 2456 1159 2508; baseline 0.005 -15"><span class='ocrx_word' id='word_1_253' title='bbox 135 2459 190 2494; x_wconf 90' lang='lat' dir='ltr'><strong>Ea</strong></span> <span class='ocrx_word' id='word_1_254' title='bbox 209 2470 301 2494; x_wconf 90' lang='lat' dir='ltr'><strong>vero</strong></span> <span class='ocrx_word' id='word_1_255' title='bbox 320 2457 358 2494; x_wconf 90' lang='lat' dir='ltr'><strong>in</strong></span> <span class='ocrx_word' id='word_1_256' title='bbox 377 2456 516 2507; x_wconf 91' lang='lat' dir='ltr'><strong>quibus</strong></span> <span class='ocrx_word' id='word_1_257' title='bbox 547 2458 851 2508; x_wconf 86' lang='lat' dir='ltr'><strong>antiquissimum</strong></span> <span class='ocrx_word' id='word_1_258' title='bbox 870 2459 941 2497; x_wconf 91' lang='lat' dir='ltr'><strong>hoc</strong></span> <span class='ocrx_word' id='word_1_259' title='bbox 956 2460 1159 2498; x_wconf 82' lang='lat' dir='ltr'><strong>historico-</strong></span> 
     </span>
     <span class='ocr_line' id='line_1_41' title="bbox 136 2517 1160 2568; baseline 0.007 -17"><span class='ocrx_word' id='word_1_260' title='bbox 136 2528 218 2552; x_wconf 86' lang='lat' dir='ltr'><strong>rum</strong></span> <span class='ocrx_word' id='word_1_261' title='bbox 241 2528 360 2565; x_wconf 81' lang='lat' dir='ltr'><strong>genus</strong></span> <span class='ocrx_word' id='word_1_262' title='bbox 375 2529 396 2552; x_wconf 87' lang='lat' dir='ltr'><strong>a</strong></span> <span class='ocrx_word' id='word_1_263' title='bbox 415 2524 616 2566; x_wconf 89' lang='lat' dir='ltr'><strong>poetarum</strong></span> <span class='ocrx_word' id='word_1_264' title='bbox 635 2517 852 2555; x_wconf 86' lang='lat' dir='ltr'><strong>narratione</strong></span> <span class='ocrx_word' id='word_1_265' title='bbox 867 2518 954 2568; x_wconf 89' lang='lat' dir='ltr'><strong>jure</strong></span> <span class='ocrx_word' id='word_1_266' title='bbox 969 2519 1042 2556; x_wconf 89' lang='lat' dir='ltr'><strong>sibi</strong></span> <span class='ocrx_word' id='word_1_267' title='bbox 1062 2534 1160 2558; x_wconf 88' lang='lat' dir='ltr'><strong>rece-</strong></span> 
     </span>
     <span class='ocr_line' id='line_1_42' title="bbox 135 2573 1161 2628; baseline 0.006 -18"><span class='ocrx_word' id='word_1_268' title='bbox 135 2573 302 2610; x_wconf 87' lang='lat' dir='ltr'><strong>dendum</strong></span> <span class='ocrx_word' id='word_1_269' title='bbox 324 2586 428 2622; x_wconf 90' lang='lat' dir='ltr'><strong>esse,</strong></span> <span class='ocrx_word' id='word_1_270' title='bbox 456 2581 494 2611; x_wconf 92' lang='lat' dir='ltr'><strong>et</strong></span> <span class='ocrx_word' id='word_1_271' title='bbox 515 2587 600 2624; x_wconf 88' lang='lat' dir='ltr'><strong>quae</strong></span> <span class='ocrx_word' id='word_1_272' title='bbox 633 2583 823 2625; x_wconf 86' lang='lat' dir='ltr'><strong>tamquam</strong></span> <span class='ocrx_word' id='word_1_273' title='bbox 855 2590 946 2614; x_wconf 91' lang='lat' dir='ltr'><strong>vera</strong></span> <span class='ocrx_word' id='word_1_274' title='bbox 977 2577 1161 2628; x_wconf 85' lang='grc' dir='ltr'>πλάσμασι</span> 
     </span>
     <span class='ocr_line' id='line_1_43' title="bbox 135 2632 1159 2683; baseline 0.007 -15"><span class='ocrx_word' id='word_1_275' title='bbox 135 2632 295 2682; x_wconf 89' lang='lat' dir='ltr'><strong>poeticis</strong></span> <span class='ocrx_word' id='word_1_276' title='bbox 320 2633 553 2683; x_wconf 90' lang='lat' dir='ltr'><strong>opponenda</strong></span> <span class='ocrx_word' id='word_1_277' title='bbox 569 2641 704 2683; x_wconf 89' lang='lat' dir='ltr'><strong>putare</strong></span> <span class='ocrx_word' id='word_1_278' title='bbox 728 2633 943 2683; x_wconf 89' lang='lat' dir='ltr'><strong>debebant,</strong></span> <span class='ocrx_word' id='word_1_279' title='bbox 965 2649 1009 2674; x_wconf 91' lang='lat' dir='ltr'><strong>ea</strong></span> <span class='ocrx_word' id='word_1_280' title='bbox 1035 2638 1159 2674; x_wconf 89' lang='lat' dir='ltr'><strong>conti-</strong></span> 
     </span>
     <span class='ocr_line' id='line_1_44' title="bbox 135 2690 1159 2748; baseline 0.007 -21"><span class='ocrx_word' id='word_1_281' title='bbox 135 2690 328 2728; x_wconf 89' lang='lat' dir='ltr'><strong>nebantur</strong></span> <span class='ocrx_word' id='word_1_282' title='bbox 357 2690 630 2729; x_wconf 87' lang='lat' dir='ltr'><strong>traditionibus</strong></span> <span class='ocrx_word' id='word_1_283' title='bbox 658 2705 752 2742; x_wconf 87' lang='lat' dir='ltr'><strong>quas</strong></span> <span class='ocrx_word' id='word_1_284' title='bbox 782 2692 917 2731; x_wconf 91' lang='lat' dir='ltr'><strong>dicunt</strong></span> <span class='ocrx_word' id='word_1_285' title='bbox 950 2694 1159 2748; x_wconf 80' lang='grc' dir='ltr'>ἐπιχωρίοις.</span> 
     </span>
     <span class='ocr_line' id='line_1_45' title="bbox 135 2749 1160 2804; baseline 0.007 -19"><span class='ocrx_word' id='word_1_286' title='bbox 135 2749 251 2786; x_wconf 90' lang='lat' dir='ltr'><strong>Initio</strong></span> <span class='ocrx_word' id='word_1_287' title='bbox 287 2749 368 2786; x_wconf 85' lang='lat' dir='ltr'><strong>haec</strong></span> <span class='ocrx_word' id='word_1_288' title='bbox 403 2763 524 2800; x_wconf 91' lang='lat' dir='ltr'><strong>pauca</strong></span> <span class='ocrx_word' id='word_1_289' title='bbox 567 2750 746 2798; x_wconf 87' lang='lat' dir='ltr'><strong>fuerunt,</strong></span> <span class='ocrx_word' id='word_1_290' title='bbox 781 2752 962 2790; x_wconf 89' lang='lat' dir='ltr'><strong>nimirum</strong></span> <span class='ocrx_word' id='word_1_291' title='bbox 1006 2767 1050 2791; x_wconf 90' lang='lat' dir='ltr'><strong>ea</strong></span> <span class='ocrx_word' id='word_1_292' title='bbox 1077 2768 1160 2804; x_wconf 89' lang='lat' dir='ltr'><strong>quae</strong></span> 
     </span>
     <span class='ocr_line' id='line_1_46' title="bbox 136 2806 1159 2862; baseline 0.008 -20"><span class='ocrx_word' id='word_1_293' title='bbox 136 2806 258 2855; x_wconf 89' lang='lat' dir='ltr'><strong>patria</strong></span> <span class='ocrx_word' id='word_1_294' title='bbox 282 2807 476 2857; x_wconf 87' lang='lat' dir='ltr'><strong>scriptoris</strong></span> <span class='ocrx_word' id='word_1_295' title='bbox 497 2817 624 2859; x_wconf 89' lang='lat' dir='ltr'><strong>posset</strong></span> <span class='ocrx_word' id='word_1_296' title='bbox 643 2809 907 2860; x_wconf 80' lang='lat' dir='ltr'><strong>suppeditare3</strong></span> <span class='ocrx_word' id='word_1_297' title='bbox 942 2819 1057 2862; x_wconf 91' lang='lat' dir='ltr'><strong>atque</strong></span> <span class='ocrx_word' id='word_1_298' title='bbox 1080 2812 1159 2850; x_wconf 89' lang='lat' dir='ltr'><strong>haec</strong></span> 
     </span>
     <span class='ocr_line' id='line_1_47' title="bbox 138 2866 1159 2916; baseline 0.009 -16"><span class='ocrx_word' id='word_1_299' title='bbox 138 2876 261 2914; x_wconf 87' lang='lat' dir='ltr'><strong>pauca</strong></span> <span class='ocrx_word' id='word_1_300' title='bbox 278 2866 498 2916; x_wconf 81' lang='lat' dir='ltr'><strong>plerumque</strong></span> <span class='ocrx_word' id='word_1_301' title='bbox 513 2868 665 2905; x_wconf 89' lang='lat' dir='ltr'><strong>criterio</strong></span> <span class='ocrx_word' id='word_1_302' title='bbox 681 2869 855 2915; x_wconf 83' lang='lat' dir='ltr'><strong>suerunt,</strong></span> <span class='ocrx_word' id='word_1_303' title='bbox 874 2878 943 2906; x_wconf 77' lang='lat' dir='ltr'><strong>cnr</strong></span> <span class='ocrx_word' id='word_1_304' title='bbox 953 2871 1010 2907; x_wconf 92' lang='lat' dir='ltr'><strong>vel</strong></span> <span class='ocrx_word' id='word_1_305' title='bbox 1025 2870 1082 2908; x_wconf 91' lang='lat' dir='ltr'><strong>his</strong></span> <span class='ocrx_word' id='word_1_306' title='bbox 1103 2872 1159 2909; x_wconf 88' lang='lat' dir='ltr'><strong>vel</strong></span> 
     </span>
     <span class='ocr_line' id='line_1_48' title="bbox 137 2922 1160 2978; baseline 0.008 -20"><span class='ocrx_word' id='word_1_307' title='bbox 137 2922 211 2959; x_wconf 88' lang='lat' dir='ltr'><strong>illis</strong></span> <span class='ocrx_word' id='word_1_308' title='bbox 236 2923 394 2972; x_wconf 84' lang='lat' dir='ltr'><strong>mythis,</strong></span> <span class='ocrx_word' id='word_1_309' title='bbox 422 2934 538 2974; x_wconf 88' lang='lat' dir='ltr'><strong>prout</strong></span> <span class='ocrx_word' id='word_1_310' title='bbox 558 2939 642 2963; x_wconf 90' lang='lat' dir='ltr'><strong>cum</strong></span> <span class='ocrx_word' id='word_1_311' title='bbox 664 2927 796 2977; x_wconf 89' lang='lat' dir='ltr'><strong>patriis</strong></span> <span class='ocrx_word' id='word_1_312' title='bbox 822 2927 960 2965; x_wconf 84' lang='lat' dir='ltr'><strong>fabulis</strong></span> <span class='ocrx_word' id='word_1_313' title='bbox 977 2929 1063 2978; x_wconf 88' lang='lat' dir='ltr'><strong>plus</strong></span> <span class='ocrx_word' id='word_1_314' title='bbox 1085 2930 1160 2966; x_wconf 86' lang='lat' dir='ltr'><strong>mi-</strong></span> 
     </span>
     <span class='ocr_line' id='line_1_49' title="bbox 139 2982 1159 3036; baseline 0.009 -20"><span class='ocrx_word' id='word_1_315' title='bbox 139 2993 210 3017; x_wconf 90' lang='lat' dir='ltr'><strong>nus</strong></span> <span class='ocrx_word' id='word_1_316' title='bbox 229 2982 426 3019; x_wconf 88' lang='lat' dir='ltr'><strong>conciliari</strong></span> <span class='ocrx_word' id='word_1_317' title='bbox 449 2992 625 3032; x_wconf 85' lang='lat' dir='ltr'><strong>poterant</strong></span> <span class='ocrx_word' id='word_1_318' title='bbox 641 3015 651 3033; x_wconf 90' lang='lat'><strong>,</strong></span> <span class='ocrx_word' id='word_1_319' title='bbox 678 2986 860 3036; x_wconf 88' lang='lat' dir='ltr'><strong>majorem</strong></span> <span class='ocrx_word' id='word_1_320' title='bbox 882 2987 942 3024; x_wconf 89' lang='lat' dir='ltr'><strong>vel</strong></span> <span class='ocrx_word' id='word_1_321' title='bbox 972 2988 1159 3025; x_wconf 89' lang='lat' dir='ltr'><strong>minorem</strong></span> 
     </span>
     <span class='ocr_line' id='line_1_50' title="bbox 139 3038 1160 3083; baseline 0.009 -9"><span class='ocrx_word' id='word_1_322' title='bbox 139 3038 251 3075; x_wconf 86' lang='lat' dir='ltr'><strong>fidem</strong></span> <span class='ocrx_word' id='word_1_323' title='bbox 285 3039 508 3077; x_wconf 87' lang='lat' dir='ltr'><strong>tribuerent.</strong></span> <span class='ocrx_word' id='word_1_324' title='bbox 537 3045 626 3080; x_wconf 85' lang='lat' dir='ltr'><strong>Haec</strong></span> <span class='ocrx_word' id='word_1_325' title='bbox 661 3045 756 3082; x_wconf 89' lang='lat' dir='ltr'><strong>ratio</strong></span> <span class='ocrx_word' id='word_1_326' title='bbox 787 3058 877 3082; x_wconf 90' lang='lat' dir='ltr'><strong>mox</strong></span> <span class='ocrx_word' id='word_1_327' title='bbox 906 3058 1018 3082; x_wconf 90' lang='lat' dir='ltr'><strong>manu</strong></span> <span class='ocrx_word' id='word_1_328' title='bbox 1049 3046 1160 3083; x_wconf 86' lang='lat' dir='ltr'><strong>duxit</strong></span> 
     </span>
    </p>
   </div>
   <div class='ocr_carea' id='block_1_3' title="bbox 139 3098 1159 3157">
    <p class='ocr_par' dir='ltr' id='par_1_4' title="bbox 139 3098 1159 3157">
     <span class='ocr_line' id='line_1_51' title="bbox 139 3098 1159 3157; baseline 0.01 -23"><span class='ocrx_word' id='word_1_329' title='bbox 139 3098 188 3135; x_wconf 86' lang='lat' dir='ltr'><strong>ad</strong></span> <span class='ocrx_word' id='word_1_330' title='bbox 208 3112 270 3136; x_wconf 87' lang='lat' dir='ltr'><strong>eas</strong></span> <span class='ocrx_word' id='word_1_331' title='bbox 286 3099 462 3137; x_wconf 81' lang='lat' dir='ltr'><strong>historias</strong></span> <span class='ocrx_word' id='word_1_332' title='bbox 478 3130 487 3147; x_wconf 90' lang='lat'><strong>,</strong></span> <span class='ocrx_word' id='word_1_333' title='bbox 512 3102 651 3151; x_wconf 86' lang='lat' dir='ltr'><strong>quibus</strong></span> <span class='ocrx_word' id='word_1_334' title='bbox 670 3113 805 3142; x_wconf 89' lang='lat' dir='ltr'><strong>auctor</strong></span> <span class='ocrx_word' id='word_1_335' title='bbox 821 3106 920 3143; x_wconf 91' lang='lat' dir='ltr'><strong>solas</strong></span> <span class='ocrx_word' id='word_1_336' title='bbox 938 3119 998 3143; x_wconf 88' lang='lat' dir='ltr'><strong>res</strong></span> <span class='ocrx_word' id='word_1_337' title='bbox 1018 3107 1159 3157; x_wconf 88' lang='lat' dir='ltr'><strong>patrias</strong></span> 
     </span>
    </p>
   </div>
   <div class='ocr_carea' id='block_1_4' title="bbox 139 3184 1159 3369">
    <p class='ocr_par' dir='ltr' id='par_1_5' title="bbox 139 3184 1159 3369">
     <span class='ocr_line' id='line_1_52' title="bbox 182 3184 1158 3234; baseline 0.01 -18"><span class='ocrx_word' id='word_1_338' title='bbox 182 3184 226 3224; x_wconf 93' lang='lat'><strong>(7)</strong></span> <span class='ocrx_word' id='word_1_339' title='bbox 244 3186 292 3215; x_wconf 78' lang='lat' dir='ltr'><strong>Ex</strong></span> <span class='ocrx_word' id='word_1_340' title='bbox 306 3184 356 3216; x_wconf 83' lang='lat' dir='ltr'><strong>his</strong></span> <span class='ocrx_word' id='word_1_341' title='bbox 374 3185 469 3225; x_wconf 84' lang='lat' dir='ltr'><strong>igitur</strong></span> <span class='ocrx_word' id='word_1_342' title='bbox 483 3186 626 3219; x_wconf 78' lang='lat' dir='ltr'><strong>facienda</strong></span> <span class='ocrx_word' id='word_1_343' title='bbox 639 3190 698 3221; x_wconf 84' lang='lat' dir='ltr'><strong>erit</strong></span> <span class='ocrx_word' id='word_1_344' title='bbox 712 3190 965 3231; x_wconf 74' lang='lat' dir='ltr'><strong>fragmentorum</strong></span> <span class='ocrx_word' id='word_1_345' title='bbox 980 3192 1158 3234; x_wconf 78' lang='lat' dir='ltr'><strong>dispositio,</strong></span> 
     </span>
     <span class='ocr_line' id='line_1_53' title="bbox 139 3230 1159 3275; baseline 0.013 -15"><span class='ocrx_word' id='word_1_346' title='bbox 139 3239 213 3271; x_wconf 80' lang='lat' dir='ltr'><strong>quae</strong></span> <span class='ocrx_word' id='word_1_347' title='bbox 234 3230 267 3261; x_wconf 86' lang='lat' dir='ltr'><strong>in</strong></span> <span class='ocrx_word' id='word_1_348' title='bbox 281 3230 429 3271; x_wconf 87' lang='lat' dir='ltr'><strong>plurimis</strong></span> <span class='ocrx_word' id='word_1_349' title='bbox 445 3232 573 3271; x_wconf 85' lang='lat' dir='ltr'><strong>quidem</strong></span> <span class='ocrx_word' id='word_1_350' title='bbox 589 3233 740 3267; x_wconf 78' lang='lat' dir='ltr'><strong>facillima</strong></span> <span class='ocrx_word' id='word_1_351' title='bbox 751 3260 760 3275; x_wconf 96' lang='lat'>‚</span> <span class='ocrx_word' id='word_1_352' title='bbox 778 3230 812 3268; x_wconf 83' lang='lat' dir='ltr'><strong>i1&#39;1</strong></span> <span class='ocrx_word' id='word_1_353' title='bbox 827 3238 939 3270; x_wconf 87' lang='lat' dir='ltr'><strong>multis</strong></span> <span class='ocrx_word' id='word_1_354' title='bbox 954 3240 1063 3272; x_wconf 85' lang='lat' dir='ltr'><strong>tamen</strong></span> <span class='ocrx_word' id='word_1_355' title='bbox 1080 3249 1159 3273; x_wconf 88' lang='lat' dir='ltr'><strong>sem-</strong></span> 
     </span>
     <span class='ocr_line' id='line_1_54' title="bbox 139 3277 1159 3321; baseline 0.015 -15"><span class='ocrx_word' id='word_1_356' title='bbox 139 3287 195 3319; x_wconf 85' lang='lat' dir='ltr'><strong>per</strong></span> <span class='ocrx_word' id='word_1_357' title='bbox 217 3278 278 3308; x_wconf 79' lang='lat' dir='ltr'><strong>erit</strong></span> <span class='ocrx_word' id='word_1_358' title='bbox 296 3277 411 3316; x_wconf 87' lang='lat' dir='ltr'><strong>dubia,</strong></span> <span class='ocrx_word' id='word_1_359' title='bbox 427 3286 529 3318; x_wconf 89' lang='lat' dir='ltr'><strong>quum</strong></span> <span class='ocrx_word' id='word_1_360' title='bbox 554 3280 681 3311; x_wconf 86' lang='lat' dir='ltr'><strong>easdem</strong></span> <span class='ocrx_word' id='word_1_361' title='bbox 701 3291 752 3313; x_wconf 86' lang='lat' dir='ltr'><strong>res</strong></span> <span class='ocrx_word' id='word_1_362' title='bbox 775 3284 958 3318; x_wconf 84' lang='lat' dir='ltr'><strong>Hellanicus</strong></span> <span class='ocrx_word' id='word_1_363' title='bbox 974 3287 1007 3318; x_wconf 83' lang='lat' dir='ltr'><strong>in</strong></span> <span class='ocrx_word' id='word_1_364' title='bbox 1023 3286 1159 3321; x_wconf 84' lang='lat' dir='ltr'><strong>diversis</strong></span> 
     </span>
     <span class='ocr_line' id='line_1_55' title="bbox 139 3323 935 3369; baseline 0.011 -14"><span class='ocrx_word' id='word_1_365' title='bbox 139 3323 290 3366; x_wconf 83' lang='lat' dir='ltr'><strong>operibus</strong></span> <span class='ocrx_word' id='word_1_366' title='bbox 304 3323 458 3364; x_wconf 77' lang='lat' dir='ltr'><strong>attingere</strong></span> <span class='ocrx_word' id='word_1_367' title='bbox 475 3325 582 3358; x_wconf 86' lang='lat' dir='ltr'><strong>soleat.</strong></span> <span class='ocrx_word' id='word_1_368' title='bbox 602 3329 717 3359; x_wconf 82' lang='lat' dir='ltr'><strong>Lector</strong></span> <span class='ocrx_word' id='word_1_369' title='bbox 732 3329 799 3369; x_wconf 84' lang='lat' dir='ltr'><strong>ipse</strong></span> <span class='ocrx_word' id='word_1_370' title='bbox 816 3331 935 3365; x_wconf 83' lang='lat' dir='ltr'><strong>videat.</strong></span> 
     </span>
    </p>
   </div>
   <div class='ocr_carea' id='block_1_5' title="bbox 978 148 1373 191">
    <p class='ocr_par' dir='ltr' id='par_1_6' title="bbox 978 148 1373 191">
     <span class='ocr_line' id='line_1_56' title="bbox 978 148 1373 191; baseline 0.005 -5"><span class='ocrx_word' id='word_1_371' title='bbox 978 149 1044 186; x_wconf 89' lang='lat' dir='ltr'><strong>DE</strong></span> <span class='ocrx_word' id='word_1_372' title='bbox 1072 148 1373 191; x_wconf 87' lang='lat' dir='ltr'><strong>HELLANICO.</strong></span> 
     </span>
    </p>
   </div>
   <div class='ocr_carea' id='block_1_6' title="bbox 1207 236 2248 3377">
    <p class='ocr_par' dir='ltr' id='par_1_7' title="bbox 1207 236 2248 3377">
     <span class='ocr_line' id='line_1_57' title="bbox 1213 236 2227 292; baseline 0.013 -21"><span class='ocrx_word' id='word_1_373' title='bbox 1213 236 1410 284; x_wconf 85' lang='lat' dir='ltr'><strong>tractavit,</strong></span> <span class='ocrx_word' id='word_1_374' title='bbox 1422 238 1681 287; x_wconf 85' lang='lat' dir='ltr'><strong>angustiorem</strong></span> <span class='ocrx_word' id='word_1_375' title='bbox 1696 240 1851 290; x_wconf 88' lang='lat' dir='ltr'><strong>quidem</strong></span> <span class='ocrx_word' id='word_1_376' title='bbox 1869 242 2064 280; x_wconf 88' lang='lat' dir='ltr'><strong>materiam</strong></span> <span class='ocrx_word' id='word_1_377' title='bbox 2077 272 2088 292; x_wconf 92' lang='lat'><strong>,</strong></span> <span class='ocrx_word' id='word_1_378' title='bbox 2100 245 2166 283; x_wconf 87' lang='lat' dir='ltr'><strong>sed</strong></span> <span class='ocrx_word' id='word_1_379' title='bbox 2187 246 2227 284; x_wconf 90' lang='lat' dir='ltr'><strong>in</strong></span> 
     </span>
     <span class='ocr_line' id='line_1_58' title="bbox 1210 292 2230 350; baseline 0.012 -21"><span class='ocrx_word' id='word_1_380' title='bbox 1210 305 1286 342; x_wconf 90' lang='lat' dir='ltr'><strong>qua</strong></span> <span class='ocrx_word' id='word_1_381' title='bbox 1309 292 1452 344; x_wconf 88' lang='lat' dir='ltr'><strong>ubique</strong></span> <span class='ocrx_word' id='word_1_382' title='bbox 1480 295 1528 332; x_wconf 92' lang='lat' dir='ltr'><strong>ad</strong></span> <span class='ocrx_word' id='word_1_383' title='bbox 1548 297 1744 335; x_wconf 90' lang='lat' dir='ltr'><strong>veritatem</strong></span> <span class='ocrx_word' id='word_1_384' title='bbox 1763 295 1946 349; x_wconf 87' lang='lat' dir='ltr'><strong>attingere</strong></span> <span class='ocrx_word' id='word_1_385' title='bbox 1963 312 2074 350; x_wconf 89' lang='lat' dir='ltr'><strong>posse</strong></span> <span class='ocrx_word' id='word_1_386' title='bbox 2095 301 2167 340; x_wconf 90' lang='lat' dir='ltr'><strong>sibi</strong></span> <span class='ocrx_word' id='word_1_387' title='bbox 2181 304 2230 341; x_wconf 89' lang='lat' dir='ltr'><strong>vi-</strong></span> 
     </span>
     <span class='ocr_line' id='line_1_59' title="bbox 1209 350 2231 410; baseline 0.012 -22"><span class='ocrx_word' id='word_1_388' title='bbox 1209 350 1376 392; x_wconf 88' lang='lat' dir='ltr'><strong>deretur.</strong></span> <span class='ocrx_word' id='word_1_389' title='bbox 1398 356 1449 391; x_wconf 91' lang='lat' dir='ltr'><strong>Ut</strong></span> <span class='ocrx_word' id='word_1_390' title='bbox 1472 367 1562 392; x_wconf 87' lang='lat' dir='ltr'><strong>vero</strong></span> <span class='ocrx_word' id='word_1_391' title='bbox 1581 356 1739 395; x_wconf 89' lang='lat' dir='ltr'><strong>ulterius</strong></span> <span class='ocrx_word' id='word_1_392' title='bbox 1767 357 1837 395; x_wconf 88' lang='lat' dir='ltr'><strong>hac</strong></span> <span class='ocrx_word' id='word_1_393' title='bbox 1859 358 1922 395; x_wconf 89' lang='lat' dir='ltr'><strong>via</strong></span> <span class='ocrx_word' id='word_1_394' title='bbox 1936 359 2231 410; x_wconf 86' lang='lat' dir='ltr'><strong>progrederetur</strong></span> 
     </span>
     <span class='ocr_line' id='line_1_60' title="bbox 1210 409 2229 457; baseline 0.011 -12"><span class='ocrx_word' id='word_1_395' title='bbox 1210 409 1388 457; x_wconf 87' lang='lat' dir='ltr'><strong>historia,</strong></span> <span class='ocrx_word' id='word_1_396' title='bbox 1413 412 1566 450; x_wconf 87' lang='lat' dir='ltr'><strong>maximi</strong></span> <span class='ocrx_word' id='word_1_397' title='bbox 1586 415 1770 452; x_wconf 84' lang='lat' dir='ltr'><strong>momenti</strong></span> <span class='ocrx_word' id='word_1_398' title='bbox 1790 415 1943 453; x_wconf 85' lang='lat' dir='ltr'><strong>fuerunt</strong></span> <span class='ocrx_word' id='word_1_399' title='bbox 1966 417 2089 455; x_wconf 88' lang='lat' dir='ltr'><strong>studia</strong></span> <span class='ocrx_word' id='word_1_400' title='bbox 2106 426 2145 456; x_wconf 90' lang='lat' dir='ltr'><strong>et</strong></span> <span class='ocrx_word' id='word_1_401' title='bbox 2158 419 2229 457; x_wconf 91' lang='lat' dir='ltr'><strong>iti-</strong></span> 
     </span>
     <span class='ocr_line' id='line_1_61' title="bbox 1211 469 2232 526; baseline 0.012 -23"><span class='ocrx_word' id='word_1_402' title='bbox 1211 479 1303 505; x_wconf 91' lang='lat' dir='ltr'><strong>nera</strong></span> <span class='ocrx_word' id='word_1_403' title='bbox 1317 469 1632 519; x_wconf 86' lang='lat' dir='ltr'><strong>geographorum.</strong></span> <span class='ocrx_word' id='word_1_404' title='bbox 1648 475 1679 510; x_wconf 92' lang='lat' dir='ltr'>A</span> <span class='ocrx_word' id='word_1_405' title='bbox 1693 473 1832 523; x_wconf 91' lang='lat' dir='ltr'><strong>quibus</strong></span> <span class='ocrx_word' id='word_1_406' title='bbox 1845 487 1963 524; x_wconf 92' lang='lat' dir='ltr'><strong>quum</strong></span> <span class='ocrx_word' id='word_1_407' title='bbox 1975 475 2014 512; x_wconf 92' lang='lat' dir='ltr'><strong>in</strong></span> <span class='ocrx_word' id='word_1_408' title='bbox 2027 476 2120 526; x_wconf 86' lang='lat' dir='ltr'><strong>ipsis</strong></span> <span class='ocrx_word' id='word_1_409' title='bbox 2136 477 2232 516; x_wconf 88' lang='lat' dir='ltr'><strong>locis</strong></span> 
     </span>
     <span class='ocr_line' id='line_1_62' title="bbox 1210 531 2231 582; baseline 0.013 -21"><span class='ocrx_word' id='word_1_410' title='bbox 1210 532 1247 561; x_wconf 92' lang='lat' dir='ltr'><strong>et</strong></span> <span class='ocrx_word' id='word_1_411' title='bbox 1266 538 1313 562; x_wconf 89' lang='lat' dir='ltr'><strong>ex</strong></span> <span class='ocrx_word' id='word_1_412' title='bbox 1333 539 1459 563; x_wconf 91' lang='lat' dir='ltr'><strong>rerum</strong></span> <span class='ocrx_word' id='word_1_413' title='bbox 1489 531 1742 568; x_wconf 88' lang='lat' dir='ltr'><strong>monumentis</strong></span> <span class='ocrx_word' id='word_1_414' title='bbox 1756 544 1960 582; x_wconf 87' lang='lat' dir='ltr'><strong>permagna</strong></span> <span class='ocrx_word' id='word_1_415' title='bbox 1985 533 2231 573; x_wconf 89' lang='lat' dir='ltr'><strong>traditionum</strong></span> 
     </span>
     <span class='ocr_line' id='line_1_63' title="bbox 1211 584 2231 643; baseline 0.012 -24"><span class='ocrx_word' id='word_1_416' title='bbox 1211 584 1322 635; x_wconf 89' lang='lat' dir='ltr'><strong>copia</strong></span> <span class='ocrx_word' id='word_1_417' title='bbox 1339 584 1387 622; x_wconf 90' lang='lat' dir='ltr'><strong>de</strong></span> <span class='ocrx_word' id='word_1_418' title='bbox 1401 584 1553 623; x_wconf 90' lang='lat' dir='ltr'><strong>urbium</strong></span> <span class='ocrx_word' id='word_1_419' title='bbox 1567 588 1788 638; x_wconf 83' lang='lat' dir='ltr'><strong>originibus,</strong></span> <span class='ocrx_word' id='word_1_420' title='bbox 1806 590 1974 640; x_wconf 87' lang='lat' dir='ltr'><strong>gentium</strong></span> <span class='ocrx_word' id='word_1_421' title='bbox 1991 592 2231 643; x_wconf 89' lang='lat' dir='ltr'><strong>migrationi-</strong></span> 
     </span>
     <span class='ocr_line' id='line_1_64' title="bbox 1210 640 2233 702; baseline 0.012 -25"><span class='ocrx_word' id='word_1_422' title='bbox 1210 640 1301 688; x_wconf 86' lang='lat' dir='ltr'><strong>bus,</strong></span> <span class='ocrx_word' id='word_1_423' title='bbox 1332 642 1489 680; x_wconf 88' lang='lat' dir='ltr'><strong>deorum</strong></span> <span class='ocrx_word' id='word_1_424' title='bbox 1518 645 1623 682; x_wconf 92' lang='lat' dir='ltr'><strong>cultu</strong></span> <span class='ocrx_word' id='word_1_425' title='bbox 1651 654 1743 692; x_wconf 92' lang='lat' dir='ltr'><strong>etc.,</strong></span> <span class='ocrx_word' id='word_1_426' title='bbox 1762 648 1919 686; x_wconf 89' lang='lat' dir='ltr'><strong>collecta</strong></span> <span class='ocrx_word' id='word_1_427' title='bbox 1932 651 2233 702; x_wconf 86' lang='lat' dir='ltr'><strong>esset,fieripo-</strong></span> 
     </span>
     <span class='ocr_line' id='line_1_65' title="bbox 1214 699 2231 755; baseline 0.012 -21"><span class='ocrx_word' id='word_1_428' title='bbox 1214 699 1298 746; x_wconf 93' lang='lat' dir='ltr'><strong>tuit,</strong></span> <span class='ocrx_word' id='word_1_429' title='bbox 1311 707 1352 736; x_wconf 91' lang='lat' dir='ltr'><strong>ut</strong></span> <span class='ocrx_word' id='word_1_430' title='bbox 1362 713 1447 749; x_wconf 84' lang='lat' dir='ltr'><strong>quae</strong></span> <span class='ocrx_word' id='word_1_431' title='bbox 1462 714 1483 738; x_wconf 88' lang='lat' dir='ltr'><strong>a</strong></span> <span class='ocrx_word' id='word_1_432' title='bbox 1501 701 1656 752; x_wconf 86' lang='lat' dir='ltr'><strong>singulis</strong></span> <span class='ocrx_word' id='word_1_433' title='bbox 1666 703 1705 740; x_wconf 93' lang='lat' dir='ltr'><strong>in</strong></span> <span class='ocrx_word' id='word_1_434' title='bbox 1717 704 1948 755; x_wconf 87' lang='lat' dir='ltr'><strong>singularum</strong></span> <span class='ocrx_word' id='word_1_435' title='bbox 1963 707 2159 746; x_wconf 86' lang='lat' dir='ltr'><strong>civitatum</strong></span> <span class='ocrx_word' id='word_1_436' title='bbox 2169 708 2231 746; x_wconf 90' lang='lat' dir='ltr'><strong>hi-</strong></span> 
     </span>
     <span class='ocr_line' id='line_1_66' title="bbox 1212 758 2233 814; baseline 0.011 -20"><span class='ocrx_word' id='word_1_437' title='bbox 1212 758 1329 795; x_wconf 89' lang='lat' dir='ltr'><strong>storia</strong></span> <span class='ocrx_word' id='word_1_438' title='bbox 1354 759 1522 809; x_wconf 84' lang='lat' dir='ltr'><strong>praestita</strong></span> <span class='ocrx_word' id='word_1_439' title='bbox 1547 770 1672 808; x_wconf 74' lang='lat' dir='ltr'><strong>erant,¹</strong></span> <span class='ocrx_word' id='word_1_440' title='bbox 1703 763 1832 801; x_wconf 90' lang='lat' dir='ltr'><strong>eadem</strong></span> <span class='ocrx_word' id='word_1_441' title='bbox 1847 763 1928 814; x_wconf 84' lang='lat' dir='ltr'><strong>jam</strong></span> <span class='ocrx_word' id='word_1_442' title='bbox 1946 765 1986 802; x_wconf 89' lang='lat' dir='ltr'><strong>in</strong></span> <span class='ocrx_word' id='word_1_443' title='bbox 2016 767 2131 804; x_wconf 90' lang='lat' dir='ltr'><strong>totius</strong></span> <span class='ocrx_word' id='word_1_444' title='bbox 2153 767 2233 805; x_wconf 84' lang='lat' dir='ltr'><strong>sere</strong></span> 
     </span>
     <span class='ocr_line' id='line_1_67' title="bbox 1213 816 2232 876; baseline 0.011 -23"><span class='ocrx_word' id='word_1_445' title='bbox 1213 816 1318 854; x_wconf 89' lang='lat' dir='ltr'><strong>orbis</strong></span> <span class='ocrx_word' id='word_1_446' title='bbox 1337 826 1522 856; x_wconf 83' lang='lat' dir='ltr'><strong>terrarum</strong></span> <span class='ocrx_word' id='word_1_447' title='bbox 1540 819 1696 858; x_wconf 87' lang='lat' dir='ltr'><strong>historia</strong></span> <span class='ocrx_word' id='word_1_448' title='bbox 1710 830 1993 872; x_wconf 86' lang='lat' dir='ltr'><strong>praestarentur.</strong></span> <span class='ocrx_word' id='word_1_449' title='bbox 2013 828 2138 876; x_wconf 85' lang='lat' dir='ltr'><strong>Atque</strong></span> <span class='ocrx_word' id='word_1_450' title='bbox 2157 826 2232 864; x_wconf 85' lang='lat' dir='ltr'><strong>hoc</strong></span> 
     </span>
     <span class='ocr_line' id='line_1_68' title="bbox 1211 876 2231 926; baseline 0.009 -14"><span class='ocrx_word' id='word_1_451' title='bbox 1211 883 1284 922; x_wconf 90' lang='lat' dir='ltr'><strong>est,</strong></span> <span class='ocrx_word' id='word_1_452' title='bbox 1316 876 1418 926; x_wconf 92' lang='lat' dir='ltr'><strong>quod</strong></span> <span class='ocrx_word' id='word_1_453' title='bbox 1452 877 1601 915; x_wconf 84' lang='lat' dir='ltr'><strong>efficere</strong></span> <span class='ocrx_word' id='word_1_454' title='bbox 1620 879 1809 917; x_wconf 88' lang='lat' dir='ltr'><strong>studuisse</strong></span> <span class='ocrx_word' id='word_1_455' title='bbox 1829 880 1983 919; x_wconf 89' lang='lat' dir='ltr'><strong>videtur</strong></span> <span class='ocrx_word' id='word_1_456' title='bbox 2002 883 2231 921; x_wconf 87' lang='lat' dir='ltr'><strong>Hellanicus.</strong></span> 
     </span>
     <span class='ocr_line' id='line_1_69' title="bbox 1212 933 2233 988; baseline 0.01 -18"><span class='ocrx_word' id='word_1_457' title='bbox 1212 936 1248 971; x_wconf 91' lang='lat' dir='ltr'><strong>Is</strong></span> <span class='ocrx_word' id='word_1_458' title='bbox 1270 933 1561 984; x_wconf 86' lang='lat' dir='ltr'><strong>logographiam</strong></span> <span class='ocrx_word' id='word_1_459' title='bbox 1582 950 1668 974; x_wconf 92' lang='lat' dir='ltr'><strong>cum</strong></span> <span class='ocrx_word' id='word_1_460' title='bbox 1684 938 1891 988; x_wconf 81' lang='lat' dir='ltr'><strong>geographi</strong></span> <span class='ocrx_word' id='word_1_461' title='bbox 1910 939 2046 978; x_wconf 84' lang='lat' dir='ltr'><strong>studiis</strong></span> <span class='ocrx_word' id='word_1_462' title='bbox 2063 941 2119 979; x_wconf 88' lang='lat' dir='ltr'><strong>ita</strong></span> <span class='ocrx_word' id='word_1_463' title='bbox 2136 955 2233 980; x_wconf 88' lang='lat' dir='ltr'><strong>con-</strong></span> 
     </span>
     <span class='ocr_line' id='line_1_70' title="bbox 1207 989 2232 1050; baseline 0.011 -23"><span class='ocrx_word' id='word_1_464' title='bbox 1207 989 1356 1040; x_wconf 88' lang='lat' dir='ltr'><strong>junxit,</strong></span> <span class='ocrx_word' id='word_1_465' title='bbox 1373 1000 1415 1029; x_wconf 93' lang='lat' dir='ltr'><strong>ut</strong></span> <span class='ocrx_word' id='word_1_466' title='bbox 1437 993 1558 1043; x_wconf 88' lang='lat' dir='ltr'><strong>possis</strong></span> <span class='ocrx_word' id='word_1_467' title='bbox 1575 994 1769 1042; x_wconf 89' lang='lat' dir='ltr'><strong>dubitare,</strong></span> <span class='ocrx_word' id='word_1_468' title='bbox 1785 1004 1912 1034; x_wconf 91' lang='lat' dir='ltr'><strong>utrum</strong></span> <span class='ocrx_word' id='word_1_469' title='bbox 1925 999 2166 1050; x_wconf 79' lang='lat' dir='ltr'><strong>genealogias</strong></span> <span class='ocrx_word' id='word_1_470' title='bbox 2182 1012 2232 1038; x_wconf 83' lang='lat' dir='ltr'><strong>an</strong></span> 
     </span>
     <span class='ocr_line' id='line_1_71' title="bbox 1212 1050 2232 1104; baseline 0.01 -18"><span class='ocrx_word' id='word_1_471' title='bbox 1212 1050 1341 1100; x_wconf 90' lang='lat' dir='ltr'><strong>potius</strong></span> <span class='ocrx_word' id='word_1_472' title='bbox 1356 1051 1625 1101; x_wconf 81' lang='lat' dir='ltr'><strong>geographiam</strong></span> <span class='ocrx_word' id='word_1_473' title='bbox 1641 1053 1846 1104; x_wconf 75' lang='lat' dir='ltr'><strong>scripserit.</strong></span> <span class='ocrx_word' id='word_1_474' title='bbox 1863 1057 1954 1103; x_wconf 84' lang='lat' dir='ltr'><strong>Quae</strong></span> <span class='ocrx_word' id='word_1_475' title='bbox 1966 1055 2153 1095; x_wconf 89' lang='lat' dir='ltr'><strong>librorum</strong></span> <span class='ocrx_word' id='word_1_476' title='bbox 2170 1058 2232 1095; x_wconf 87' lang='lat' dir='ltr'><strong>in·-</strong></span> 
     </span>
     <span class='ocr_line' id='line_1_72' title="bbox 1213 1108 2233 1167; baseline 0.01 -22"><span class='ocrx_word' id='word_1_477' title='bbox 1213 1108 1318 1146; x_wconf 88' lang='lat' dir='ltr'><strong>doles</strong></span> <span class='ocrx_word' id='word_1_478' title='bbox 1336 1110 1479 1160; x_wconf 89' lang='lat' dir='ltr'><strong>optime</strong></span> <span class='ocrx_word' id='word_1_479' title='bbox 1499 1111 1692 1161; x_wconf 88' lang='lat' dir='ltr'><strong>colligitur</strong></span> <span class='ocrx_word' id='word_1_480' title='bbox 1711 1126 1756 1150; x_wconf 84' lang='lat' dir='ltr'><strong>ex</strong></span> <span class='ocrx_word' id='word_1_481' title='bbox 1777 1113 1907 1164; x_wconf 88' lang='lat' dir='ltr'><strong>paucis</strong></span> <span class='ocrx_word' id='word_1_482' title='bbox 1923 1114 2051 1153; x_wconf 89' lang='lat' dir='ltr'><strong>verbis</strong></span> <span class='ocrx_word' id='word_1_483' title='bbox 2070 1116 2233 1167; x_wconf 88' lang='lat' dir='ltr'><strong>Agathe-</strong></span> 
     </span>
     <span class='ocr_line' id='line_1_73' title="bbox 1211 1167 2234 1226; baseline 0.009 -22"><span class='ocrx_word' id='word_1_484' title='bbox 1211 1167 1306 1205; x_wconf 88' lang='lat' dir='ltr'><strong>meri</strong></span> <span class='ocrx_word' id='word_1_485' title='bbox 1326 1171 1358 1216; x_wconf 95' lang='lat' dir='ltr'><strong>I,</strong></span> <span class='ocrx_word' id='word_1_486' title='bbox 1377 1182 1420 1215; x_wconf 78' lang='lat'><strong>2,</strong></span> <span class='ocrx_word' id='word_1_487' title='bbox 1449 1168 1516 1207; x_wconf 91' lang='lat' dir='ltr'><strong>ubi</strong></span> <span class='ocrx_word' id='word_1_488' title='bbox 1534 1178 1736 1221; x_wconf 87' lang='lat' dir='ltr'><strong>postquam</strong></span> <span class='ocrx_word' id='word_1_489' title='bbox 1757 1172 2030 1212; x_wconf 84' lang='lat' dir='ltr'><strong>Anaximandri</strong></span> <span class='ocrx_word' id='word_1_490' title='bbox 2064 1175 2112 1213; x_wconf 89' lang='lat' dir='ltr'><strong>de</strong></span> <span class='ocrx_word' id='word_1_491' title='bbox 2141 1187 2234 1226; x_wconf 85' lang='lat' dir='ltr'><strong>geo-</strong></span> 
     </span>
     <span class='ocr_line' id='line_1_74' title="bbox 1212 1226 2238 1281; baseline 0.01 -19"><span class='ocrx_word' id='word_1_492' title='bbox 1212 1226 1371 1277; x_wconf 89' lang='lat' dir='ltr'><strong>graphia</strong></span> <span class='ocrx_word' id='word_1_493' title='bbox 1400 1227 1535 1266; x_wconf 90' lang='lat' dir='ltr'><strong>merita</strong></span> <span class='ocrx_word' id='word_1_494' title='bbox 1564 1229 1723 1267; x_wconf 88' lang='lat' dir='ltr'><strong>laudans</strong></span> <span class='ocrx_word' id='word_1_495' title='bbox 1755 1230 1859 1268; x_wconf 92' lang='lat' dir='ltr'><strong>hunc</strong></span> <span class='ocrx_word' id='word_1_496' title='bbox 1883 1231 2051 1281; x_wconf 90' lang='lat' dir='ltr'><strong>primum</strong></span> <span class='ocrx_word' id='word_1_497' title='bbox 2085 1233 2238 1271; x_wconf 86' lang='lat' dir='ltr'><strong>dixerat</strong></span> 
     </span>
     <span class='ocr_line' id='line_1_75' title="bbox 1212 1283 2233 1338; baseline 0.009 -18"><span class='ocrx_word' id='word_1_498' title='bbox 1212 1283 1345 1321; x_wconf 90' lang='lat' dir='ltr'><strong>orbem</strong></span> <span class='ocrx_word' id='word_1_499' title='bbox 1383 1292 1571 1323; x_wconf 89' lang='lat' dir='ltr'><strong>terrarum</strong></span> <span class='ocrx_word' id='word_1_500' title='bbox 1606 1287 1644 1324; x_wconf 89' lang='lat' dir='ltr'><strong>in</strong></span> <span class='ocrx_word' id='word_1_501' title='bbox 1689 1287 1818 1326; x_wconf 90' lang='lat' dir='ltr'><strong>tabula</strong></span> <span class='ocrx_word' id='word_1_502' title='bbox 1857 1290 2027 1338; x_wconf 83' lang='lat' dir='ltr'><strong>pinxisse</strong></span> <span class='ocrx_word' id='word_1_503' title='bbox 2043 1319 2055 1338; x_wconf 93' lang='lat'><strong>,</strong></span> <span class='ocrx_word' id='word_1_504' title='bbox 2093 1291 2233 1330; x_wconf 88' lang='lat' dir='ltr'><strong>deinde</strong></span> 
     </span>
     <span class='ocr_line' id='line_1_76' title="bbox 1211 1343 2234 1397; baseline 0.008 -18"><span class='ocrx_word' id='word_1_505' title='bbox 1211 1355 1303 1379; x_wconf 88' lang='lat' dir='ltr'><strong>vero</strong></span> <span class='ocrx_word' id='word_1_506' title='bbox 1326 1345 1568 1389; x_wconf 80' lang='lat' dir='ltr'><strong>Hecataeum,</strong></span> <span class='ocrx_word' id='word_1_507' title='bbox 1593 1343 1700 1397; x_wconf 71' lang='grc' dir='ltr'>ἄνδρα</span> <span class='ocrx_word' id='word_1_508' title='bbox 1732 1347 1958 1395; x_wconf 79' lang='grc' dir='ltr'>πολυπλανῆ,</span> <span class='ocrx_word' id='word_1_509' title='bbox 1972 1348 2129 1386; x_wconf 87' lang='lat' dir='ltr'><strong>eandem</strong></span> <span class='ocrx_word' id='word_1_510' title='bbox 2153 1362 2234 1387; x_wconf 87' lang='lat' dir='ltr'><strong>rem</strong></span> 
     </span>
     <span class='ocr_line' id='line_1_77' title="bbox 1212 1399 2233 1456; baseline 0.009 -19"><span class='ocrx_word' id='word_1_511' title='bbox 1212 1399 1430 1451; x_wconf 82' lang='lat' dir='ltr'><strong>diligentius</strong></span> <span class='ocrx_word' id='word_1_512' title='bbox 1446 1410 1484 1439; x_wconf 86' lang='lat' dir='ltr'><strong>et</strong></span> <span class='ocrx_word' id='word_1_513' title='bbox 1505 1403 1553 1440; x_wconf 89' lang='lat' dir='ltr'><strong>ad</strong></span> <span class='ocrx_word' id='word_1_514' title='bbox 1578 1402 1866 1441; x_wconf 87' lang='lat' dir='ltr'><strong>admirationem</strong></span> <span class='ocrx_word' id='word_1_515' title='bbox 1887 1418 2008 1455; x_wconf 91' lang='lat' dir='ltr'><strong>usque</strong></span> <span class='ocrx_word' id='word_1_516' title='bbox 2028 1414 2207 1446; x_wconf 86' lang='lat' dir='ltr'><strong>tractasse</strong></span> <span class='ocrx_word' id='word_1_517' title='bbox 2221 1437 2233 1456; x_wconf 92' lang='lat'><strong>,</strong></span> 
     </span>
     <span class='ocr_line' id='line_1_78' title="bbox 1216 1458 2232 1518; baseline 0.009 -23"><span class='ocrx_word' id='word_1_518' title='bbox 1216 1459 1339 1509; x_wconf 88' lang='lat' dir='ltr'><strong>pergit</strong></span> <span class='ocrx_word' id='word_1_519' title='bbox 1361 1474 1370 1496; x_wconf 77' lang='lat' dir='ltr'><strong>t</strong></span> <span class='ocrx_word' id='word_1_520' title='bbox 1391 1458 1596 1503; x_wconf 82' lang='grc' dir='ltr'>Ἑλλάνικος</span> <span class='ocrx_word' id='word_1_521' title='bbox 1626 1460 1692 1514; x_wconf 86' lang='grc' dir='ltr'><strong>γὰρ</strong></span> <span class='ocrx_word' id='word_1_522' title='bbox 1715 1460 1882 1510; x_wconf 51' lang='lat' dir='ltr'><strong>Assem,</strong></span> <span class='ocrx_word' id='word_1_523' title='bbox 1903 1461 1990 1515; x_wconf 82' lang='grc' dir='ltr'>ἀνὴρ</span> <span class='ocrx_word' id='word_1_524' title='bbox 2014 1461 2232 1518; x_wconf 78' lang='grc' dir='ltr'>πολυΐστωρ,</span> 
     </span>
     <span class='ocr_line' id='line_1_79' title="bbox 1211 1515 2232 1573; baseline 0.009 -20"><span class='ocrx_word' id='word_1_525' title='bbox 1211 1515 1395 1560; x_wconf 85' lang='grc' dir='ltr'>ἀπλάστως</span> <span class='ocrx_word' id='word_1_526' title='bbox 1427 1516 1607 1570; x_wconf 82' lang='grc' dir='ltr'>παρέδωκε</span> <span class='ocrx_word' id='word_1_527' title='bbox 1651 1519 1713 1566; x_wconf 85' lang='grc' dir='ltr'><strong>τὴν</strong></span> <span class='ocrx_word' id='word_1_528' title='bbox 1743 1519 1910 1573; x_wconf 79' lang='grc' dir='ltr'>ἱστορίαν.</span> <span class='ocrx_word' id='word_1_529' title='bbox 1944 1524 1999 1560; x_wconf 92' lang='lat' dir='ltr'><strong>Ut</strong></span> <span class='ocrx_word' id='word_1_530' title='bbox 2034 1536 2083 1561; x_wconf 84' lang='lat' dir='ltr'><strong>ex</strong></span> <span class='ocrx_word' id='word_1_531' title='bbox 2111 1523 2232 1562; x_wconf 88' lang='lat' dir='ltr'><strong>verbo</strong></span> 
     </span>
     <span class='ocr_line' id='line_1_80' title="bbox 1211 1574 2234 1632; baseline 0.01 -21"><span class='ocrx_word' id='word_1_532' title='bbox 1211 1574 1362 1628; x_wconf 83' lang='grc' dir='ltr'>ἱστορίαν</span> <span class='ocrx_word' id='word_1_533' title='bbox 1379 1586 1538 1626; x_wconf 87' lang='lat' dir='ltr'><strong>apparet</strong></span> <span class='ocrx_word' id='word_1_534' title='bbox 1552 1578 1788 1615; x_wconf 89' lang='lat' dir='ltr'><strong>Hellanicum</strong></span> <span class='ocrx_word' id='word_1_535' title='bbox 1810 1592 1887 1616; x_wconf 89' lang='lat' dir='ltr'><strong>non</strong></span> <span class='ocrx_word' id='word_1_536' title='bbox 1903 1581 2099 1631; x_wconf 85' lang='lat' dir='ltr'><strong>scripsisse</strong></span> <span class='ocrx_word' id='word_1_537' title='bbox 2112 1595 2234 1632; x_wconf 85' lang='lat' dir='ltr'><strong>opera</strong></span> 
     </span>
     <span class='ocr_line' id='line_1_81' title="bbox 1211 1635 2232 1690; baseline 0.009 -21"><span class='ocrx_word' id='word_1_538' title='bbox 1211 1646 1314 1670; x_wconf 89' lang='lat' dir='ltr'><strong>mere</strong></span> <span class='ocrx_word' id='word_1_539' title='bbox 1327 1635 1580 1685; x_wconf 81' lang='lat' dir='ltr'><strong>geographica</strong></span> <span class='ocrx_word' id='word_1_540' title='bbox 1599 1635 1717 1686; x_wconf 89' lang='lat' dir='ltr'><strong>(quod</strong></span> <span class='ocrx_word' id='word_1_541' title='bbox 1731 1650 1777 1674; x_wconf 88' lang='lat' dir='ltr'><strong>ne</strong></span> <span class='ocrx_word' id='word_1_542' title='bbox 1794 1635 1841 1673; x_wconf 92' lang='lat' dir='ltr'><strong>de</strong></span> <span class='ocrx_word' id='word_1_543' title='bbox 1853 1636 2062 1676; x_wconf 87' lang='lat' dir='ltr'><strong>Barbaricis</strong></span> <span class='ocrx_word' id='word_1_544' title='bbox 2075 1640 2232 1690; x_wconf 89' lang='lat' dir='ltr'><strong>quidem</strong></span> 
     </span>
     <span class='ocr_line' id='line_1_82' title="bbox 1211 1694 2232 1747; baseline 0.008 -17"><span class='ocrx_word' id='word_1_545' title='bbox 1211 1694 1396 1731; x_wconf 88' lang='lat' dir='ltr'><strong>Institutis</strong></span> <span class='ocrx_word' id='word_1_546' title='bbox 1420 1695 1548 1732; x_wconf 87' lang='lat' dir='ltr'><strong>valere</strong></span> <span class='ocrx_word' id='word_1_547' title='bbox 1571 1695 1765 1747; x_wconf 88' lang='lat' dir='ltr'><strong>videtur),</strong></span> <span class='ocrx_word' id='word_1_548' title='bbox 1798 1697 1852 1734; x_wconf 92' lang='lat' dir='ltr'><strong>sic</strong></span> <span class='ocrx_word' id='word_1_549' title='bbox 1877 1698 2000 1735; x_wconf 88' lang='lat' dir='ltr'><strong>elucet</strong></span> <span class='ocrx_word' id='word_1_550' title='bbox 2032 1699 2232 1738; x_wconf 89' lang='lat' dir='ltr'><strong>historiam</strong></span> 
     </span>
     <span class='ocr_line' id='line_1_83' title="bbox 1211 1750 2232 1809; baseline 0.009 -21"><span class='ocrx_word' id='word_1_551' title='bbox 1211 1750 1292 1801; x_wconf 87' lang='lat' dir='ltr'><strong>ejus</strong></span> <span class='ocrx_word' id='word_1_552' title='bbox 1305 1780 1315 1798; x_wconf 90' lang='lat'><strong>,</strong></span> <span class='ocrx_word' id='word_1_553' title='bbox 1349 1766 1436 1790; x_wconf 91' lang='lat' dir='ltr'><strong>cum</strong></span> <span class='ocrx_word' id='word_1_554' title='bbox 1465 1754 1740 1792; x_wconf 85' lang='lat' dir='ltr'><strong>Anaximandri</strong></span> <span class='ocrx_word' id='word_1_555' title='bbox 1771 1763 1810 1792; x_wconf 91' lang='lat' dir='ltr'><strong>et</strong></span> <span class='ocrx_word' id='word_1_556' title='bbox 1844 1757 2010 1794; x_wconf 84' lang='lat' dir='ltr'><strong>Hecataei</strong></span> <span class='ocrx_word' id='word_1_557' title='bbox 2049 1758 2232 1809; x_wconf 90' lang='lat' dir='ltr'><strong>operibus</strong></span> 
     </span>
     <span class='ocr_line' id='line_1_84' title="bbox 1213 1811 2234 1866; baseline 0.009 -19"><span class='ocrx_word' id='word_1_558' title='bbox 1213 1811 1478 1861; x_wconf 87' lang='lat' dir='ltr'><strong>compositam,</strong></span> <span class='ocrx_word' id='word_1_559' title='bbox 1490 1813 1537 1850; x_wconf 91' lang='lat' dir='ltr'><strong>ad</strong></span> <span class='ocrx_word' id='word_1_560' title='bbox 1557 1813 1744 1852; x_wconf 90' lang='lat' dir='ltr'><strong>librorum</strong></span> <span class='ocrx_word' id='word_1_561' title='bbox 1759 1816 2103 1866; x_wconf 86' lang='lat' dir='ltr'><strong>geographicorum</strong></span> <span class='ocrx_word' id='word_1_562' title='bbox 2118 1826 2234 1856; x_wconf 90' lang='lat' dir='ltr'><strong>natu-</strong></span> 
     </span>
     <span class='ocr_line' id='line_1_85' title="bbox 1212 1870 2234 1919; baseline 0.009 -14"><span class='ocrx_word' id='word_1_563' title='bbox 1212 1881 1291 1905; x_wconf 88' lang='lat' dir='ltr'><strong>ram</strong></span> <span class='ocrx_word' id='word_1_564' title='bbox 1320 1870 1495 1919; x_wconf 84' lang='lat' dir='ltr'><strong>proxime</strong></span> <span class='ocrx_word' id='word_1_565' title='bbox 1523 1872 1745 1919; x_wconf 85' lang='lat' dir='ltr'><strong>accessisse,</strong></span> <span class='ocrx_word' id='word_1_566' title='bbox 1769 1886 1903 1910; x_wconf 83' lang='lat' dir='ltr'><strong>verum</strong></span> <span class='ocrx_word' id='word_1_567' title='bbox 1925 1872 2101 1914; x_wconf 86' lang='grc' dir='ltr'>ἄπλαστον</span> <span class='ocrx_word' id='word_1_568' title='bbox 2121 1876 2234 1914; x_wconf 80' lang='lat' dir='ltr'><strong>exhi-</strong></span> 
     </span>
     <span class='ocr_line' id='line_1_86' title="bbox 1211 1926 2234 1979; baseline 0.01 -15"><span class='ocrx_word' id='word_1_569' title='bbox 1211 1926 1303 1964; x_wconf 90' lang='lat' dir='ltr'><strong>bere</strong></span> <span class='ocrx_word' id='word_1_570' title='bbox 1320 1929 1592 1979; x_wconf 88' lang='lat' dir='ltr'><strong>geographiam</strong></span> <span class='ocrx_word' id='word_1_571' title='bbox 1606 1958 1616 1975; x_wconf 86' lang='lat'>‚</span> <span class='ocrx_word' id='word_1_572' title='bbox 1637 1931 1662 1969; x_wconf 91' lang='lat' dir='ltr'><strong>i.</strong></span> <span class='ocrx_word' id='word_1_573' title='bbox 1688 1944 1721 1968; x_wconf 88' lang='lat' dir='ltr'><strong>e.</strong></span> <span class='ocrx_word' id='word_1_574' title='bbox 1740 1945 1816 1969; x_wconf 92' lang='lat' dir='ltr'><strong>non</strong></span> <span class='ocrx_word' id='word_1_575' title='bbox 1832 1932 1884 1969; x_wconf 89' lang='lat' dir='ltr'><strong>ita</strong></span> <span class='ocrx_word' id='word_1_576' title='bbox 1904 1945 1953 1969; x_wconf 85' lang='lat' dir='ltr'><strong>ex</strong></span> <span class='ocrx_word' id='word_1_577' title='bbox 1966 1941 2151 1973; x_wconf 88' lang='lat' dir='ltr'><strong>terrarum</strong></span> <span class='ocrx_word' id='word_1_578' title='bbox 2174 1935 2234 1973; x_wconf 86' lang='lat' dir='ltr'><strong>ef-</strong></span> 
     </span>
     <span class='ocr_line' id='line_1_87' title="bbox 1212 1985 2235 2040; baseline 0.009 -19"><span class='ocrx_word' id='word_1_579' title='bbox 1212 1985 1440 2024; x_wconf 83' lang='lat' dir='ltr'><strong>formatione</strong></span> <span class='ocrx_word' id='word_1_580' title='bbox 1474 1990 1748 2038; x_wconf 79' lang='lat' dir='ltr'><strong>regionumque</strong></span> <span class='ocrx_word' id='word_1_581' title='bbox 1786 1989 1860 2027; x_wconf 92' lang='lat' dir='ltr'><strong>situ</strong></span> <span class='ocrx_word' id='word_1_582' title='bbox 1898 1989 2121 2029; x_wconf 90' lang='lat' dir='ltr'><strong>adornatam</strong></span> <span class='ocrx_word' id='word_1_583' title='bbox 2144 2022 2156 2040; x_wconf 90' lang='lat'>‚</span> <span class='ocrx_word' id='word_1_584' title='bbox 2192 2001 2235 2030; x_wconf 90' lang='lat' dir='ltr'><strong>ut</strong></span> 
     </span>
     <span class='ocr_line' id='line_1_88' title="bbox 1211 2044 2237 2099; baseline 0.008 -19"><span class='ocrx_word' id='word_1_585' title='bbox 1211 2044 1330 2081; x_wconf 92' lang='lat' dir='ltr'><strong>lector</strong></span> <span class='ocrx_word' id='word_1_586' title='bbox 1352 2044 1399 2081; x_wconf 86' lang='lat' dir='ltr'><strong>ab</strong></span> <span class='ocrx_word' id='word_1_587' title='bbox 1416 2058 1491 2082; x_wconf 90' lang='lat' dir='ltr'><strong>uno</strong></span> <span class='ocrx_word' id='word_1_588' title='bbox 1506 2046 1592 2083; x_wconf 90' lang='lat' dir='ltr'><strong>loco</strong></span> <span class='ocrx_word' id='word_1_589' title='bbox 1612 2046 1660 2083; x_wconf 91' lang='lat' dir='ltr'><strong>ad</strong></span> <span class='ocrx_word' id='word_1_590' title='bbox 1677 2048 1837 2084; x_wconf 86' lang='lat' dir='ltr'><strong>alterum</strong></span> <span class='ocrx_word' id='word_1_591' title='bbox 1855 2047 2150 2099; x_wconf 86' lang='lat' dir='ltr'><strong>subsequentem</strong></span> <span class='ocrx_word' id='word_1_592' title='bbox 2169 2051 2237 2089; x_wconf 89' lang='lat' dir='ltr'><strong>du-</strong></span> 
     </span>
     <span class='ocr_line' id='line_1_89' title="bbox 1213 2103 2234 2157; baseline 0.009 -19"><span class='ocrx_word' id='word_1_593' title='bbox 1213 2110 1295 2139; x_wconf 89' lang='lat' dir='ltr'><strong>ctus</strong></span> <span class='ocrx_word' id='word_1_594' title='bbox 1315 2103 1506 2152; x_wconf 85' lang='lat' dir='ltr'><strong>plasticam</strong></span> <span class='ocrx_word' id='word_1_595' title='bbox 1538 2106 1645 2155; x_wconf 89' lang='lat' dir='ltr'><strong>quasi</strong></span> <span class='ocrx_word' id='word_1_596' title='bbox 1664 2106 1862 2155; x_wconf 84' lang='lat' dir='ltr'><strong>regionum</strong></span> <span class='ocrx_word' id='word_1_597' title='bbox 1881 2107 2084 2157; x_wconf 87' lang='lat' dir='ltr'><strong>imaginem</strong></span> <span class='ocrx_word' id='word_1_598' title='bbox 2107 2110 2234 2147; x_wconf 91' lang='lat' dir='ltr'><strong>animo</strong></span> 
     </span>
     <span class='ocr_line' id='line_1_90' title="bbox 1212 2161 2233 2216; baseline 0.007 -19"><span class='ocrx_word' id='word_1_599' title='bbox 1212 2161 1416 2211; x_wconf 86' lang='lat' dir='ltr'><strong>concipere</strong></span> <span class='ocrx_word' id='word_1_600' title='bbox 1437 2171 1588 2214; x_wconf 39' lang='lat' dir='ltr'><strong>possetK</strong></span> <span class='ocrx_word' id='word_1_601' title='bbox 1605 2166 1663 2200; x_wconf 89' lang='lat' dir='ltr'><strong>Ex</strong></span> <span class='ocrx_word' id='word_1_602' title='bbox 1685 2164 1817 2201; x_wconf 87' lang='lat' dir='ltr'><strong>eadem</strong></span> <span class='ocrx_word' id='word_1_603' title='bbox 1843 2178 1884 2202; x_wconf 90' lang='lat' dir='ltr'><strong>re</strong></span> <span class='ocrx_word' id='word_1_604' title='bbox 1909 2165 2137 2216; x_wconf 89' lang='lat' dir='ltr'><strong>intelligitur</strong></span> <span class='ocrx_word' id='word_1_605' title='bbox 2162 2180 2233 2205; x_wconf 88' lang='lat' dir='ltr'><strong>cur</strong></span> 
     </span>
     <span class='ocr_line' id='line_1_91' title="bbox 1212 2219 2235 2276; baseline 0.007 -20"><span class='ocrx_word' id='word_1_606' title='bbox 1212 2219 1345 2257; x_wconf 87' lang='lat' dir='ltr'><strong>eadem</strong></span> <span class='ocrx_word' id='word_1_607' title='bbox 1368 2234 1485 2270; x_wconf 87' lang='lat' dir='ltr'><strong>opera</strong></span> <span class='ocrx_word' id='word_1_608' title='bbox 1505 2221 1621 2259; x_wconf 91' lang='lat' dir='ltr'><strong>modo</strong></span> <span class='ocrx_word' id='word_1_609' title='bbox 1638 2223 1814 2272; x_wconf 73' lang='lat' dir='ltr'><strong>mythic-is</strong></span> <span class='ocrx_word' id='word_1_610' title='bbox 1834 2223 1950 2261; x_wconf 91' lang='lat' dir='ltr'><strong>modo</strong></span> <span class='ocrx_word' id='word_1_611' title='bbox 1969 2225 2235 2276; x_wconf 87' lang='lat' dir='ltr'><strong>geographicis</strong></span> 
     </span>
     <span class='ocr_line' id='line_1_92' title="bbox 1212 2278 2248 2333; baseline 0.008 -19"><span class='ocrx_word' id='word_1_612' title='bbox 1212 2278 1431 2316; x_wconf 86' lang='lat' dir='ltr'><strong>nominibus</strong></span> <span class='ocrx_word' id='word_1_613' title='bbox 1452 2280 1632 2326; x_wconf 87' lang='lat' dir='ltr'><strong>citeutur,</strong></span> <span class='ocrx_word' id='word_1_614' title='bbox 1647 2294 1714 2318; x_wconf 89' lang='lat' dir='ltr'><strong>cur</strong></span> <span class='ocrx_word' id='word_1_615' title='bbox 1731 2281 1868 2319; x_wconf 91' lang='lat' dir='ltr'><strong>deinde</strong></span> <span class='ocrx_word' id='word_1_616' title='bbox 1886 2295 2066 2333; x_wconf 88' lang='lat' dir='ltr'><strong>magnum</strong></span> <span class='ocrx_word' id='word_1_617' title='bbox 2080 2284 2175 2322; x_wconf 91' lang='lat' dir='ltr'><strong>illud</strong></span> <span class='ocrx_word' id='word_1_618' title='bbox 2186 2278 2248 2322; x_wconf 83' lang='lat' dir='ltr'><strong>de</strong></span> 
     </span>
     <span class='ocr_line' id='line_1_93' title="bbox 1215 2335 2235 2392; baseline 0.007 -19"><span class='ocrx_word' id='word_1_619' title='bbox 1215 2335 1327 2374; x_wconf 90' lang='lat' dir='ltr'><strong>rebus</strong></span> <span class='ocrx_word' id='word_1_620' title='bbox 1345 2338 1487 2374; x_wconf 85' lang='lat' dir='ltr'><strong>Graecis</strong></span> <span class='ocrx_word' id='word_1_621' title='bbox 1505 2351 1602 2388; x_wconf 92' lang='lat' dir='ltr'><strong>opus</strong></span> <span class='ocrx_word' id='word_1_622' title='bbox 1629 2339 1668 2375; x_wconf 92' lang='lat' dir='ltr'><strong>in</strong></span> <span class='ocrx_word' id='word_1_623' title='bbox 1688 2347 1745 2376; x_wconf 89' lang='lat' dir='ltr'><strong>tot</strong></span> <span class='ocrx_word' id='word_1_624' title='bbox 1771 2340 2016 2389; x_wconf 86' lang='lat' dir='ltr'><strong>particularia</strong></span> <span class='ocrx_word' id='word_1_625' title='bbox 2036 2354 2153 2392; x_wconf 89' lang='lat' dir='ltr'><strong>opera</strong></span> <span class='ocrx_word' id='word_1_626' title='bbox 2175 2342 2235 2380; x_wconf 89' lang='lat' dir='ltr'><strong>di-</strong></span> 
     </span>
     <span class='ocr_line' id='line_1_94' title="bbox 1213 2395 2230 2449; baseline 0.007 -19"><span class='ocrx_word' id='word_1_627' title='bbox 1213 2395 1391 2432; x_wconf 89' lang='lat' dir='ltr'><strong>stinctum</strong></span> <span class='ocrx_word' id='word_1_628' title='bbox 1407 2395 1613 2434; x_wconf 89' lang='lat' dir='ltr'><strong>videamus.</strong></span> <span class='ocrx_word' id='word_1_629' title='bbox 1633 2396 1870 2446; x_wconf 90' lang='lat' dir='ltr'><strong>Pherecydes</strong></span> <span class='ocrx_word' id='word_1_630' title='bbox 1888 2411 2041 2449; x_wconf 88' lang='lat' dir='ltr'><strong>quoque</strong></span> <span class='ocrx_word' id='word_1_631' title='bbox 2053 2399 2230 2437; x_wconf 89' lang='lat' dir='ltr'><strong>heroico-</strong></span> 
     </span>
     <span class='ocr_line' id='line_1_95' title="bbox 1215 2455 2235 2507; baseline 0.006 -18"><span class='ocrx_word' id='word_1_632' title='bbox 1215 2465 1298 2490; x_wconf 89' lang='lat' dir='ltr'><strong>rum</strong></span> <span class='ocrx_word' id='word_1_633' title='bbox 1318 2461 1533 2505; x_wconf 90' lang='lat' dir='ltr'><strong>temporum</strong></span> <span class='ocrx_word' id='word_1_634' title='bbox 1548 2455 1746 2492; x_wconf 88' lang='lat' dir='ltr'><strong>historiam</strong></span> <span class='ocrx_word' id='word_1_635' title='bbox 1765 2455 1975 2493; x_wconf 90' lang='lat' dir='ltr'><strong>secundum</strong></span> <span class='ocrx_word' id='word_1_636' title='bbox 1991 2458 2128 2507; x_wconf 87' lang='lat' dir='ltr'><strong>stirpes</strong></span> <span class='ocrx_word' id='word_1_637' title='bbox 2153 2458 2235 2495; x_wconf 85' lang='lat' dir='ltr'><strong>‹lis-</strong></span> 
     </span>
     <span class='ocr_line' id='line_1_96' title="bbox 1214 2510 2238 2565; baseline 0.006 -18"><span class='ocrx_word' id='word_1_638' title='bbox 1214 2510 1396 2548; x_wconf 87' lang='lat' dir='ltr'><strong>tributam</strong></span> <span class='ocrx_word' id='word_1_639' title='bbox 1413 2513 1598 2558; x_wconf 89' lang='lat' dir='ltr'><strong>tractavit,</strong></span> <span class='ocrx_word' id='word_1_640' title='bbox 1607 2520 1771 2550; x_wconf 88' lang='lat' dir='ltr'><strong>attamen</strong></span> <span class='ocrx_word' id='word_1_641' title='bbox 1784 2511 1871 2550; x_wconf 89' lang='lat' dir='ltr'><strong>libri</strong></span> <span class='ocrx_word' id='word_1_642' title='bbox 1883 2512 1995 2564; x_wconf 87' lang='lat' dir='ltr'><strong>hujus</strong></span> <span class='ocrx_word' id='word_1_643' title='bbox 2009 2515 2137 2565; x_wconf 89' lang='lat' dir='ltr'><strong>operis</strong></span> <span class='ocrx_word' id='word_1_644' title='bbox 2150 2515 2238 2553; x_wconf 86' lang='lat' dir='ltr'><strong>uhi-</strong></span> 
     </span>
     <span class='ocr_line' id='line_1_97' title="bbox 1213 2570 2236 2622; baseline 0.006 -16"><span class='ocrx_word' id='word_1_645' title='bbox 1213 2582 1287 2618; x_wconf 90' lang='lat' dir='ltr'><strong>que</strong></span> <span class='ocrx_word' id='word_1_646' title='bbox 1312 2570 1495 2607; x_wconf 90' lang='lat' dir='ltr'><strong>continua</strong></span> <span class='ocrx_word' id='word_1_647' title='bbox 1518 2571 1615 2607; x_wconf 90' lang='lat' dir='ltr'><strong>serie</strong></span> <span class='ocrx_word' id='word_1_648' title='bbox 1640 2571 1866 2618; x_wconf 88' lang='lat' dir='ltr'><strong>laudantur,</strong></span> <span class='ocrx_word' id='word_1_649' title='bbox 1891 2573 1980 2622; x_wconf 88' lang='lat' dir='ltr'><strong>quia</strong></span> <span class='ocrx_word' id='word_1_650' title='bbox 1999 2574 2236 2612; x_wconf 78' lang='lat' dir='ltr'><strong>narrationes</strong></span> 
     </span>
     <span class='ocr_line' id='line_1_98' title="bbox 1213 2626 2233 2680; baseline 0.006 -16"><span class='ocrx_word' id='word_1_651' title='bbox 1213 2626 1294 2677; x_wconf 90' lang='lat' dir='ltr'><strong>ejus</strong></span> <span class='ocrx_word' id='word_1_652' title='bbox 1320 2628 1513 2677; x_wconf 84' lang='lat' dir='ltr'><strong>praemissa</strong></span> <span class='ocrx_word' id='word_1_653' title='bbox 1544 2628 1703 2666; x_wconf 92' lang='lat' dir='ltr'><strong>deorum</strong></span> <span class='ocrx_word' id='word_1_654' title='bbox 1725 2628 1886 2666; x_wconf 87' lang='lat' dir='ltr'><strong>historia</strong></span> <span class='ocrx_word' id='word_1_655' title='bbox 1913 2638 2026 2680; x_wconf 89' lang='lat' dir='ltr'><strong>atque</strong></span> <span class='ocrx_word' id='word_1_656' title='bbox 2054 2630 2233 2670; x_wconf 87' lang='lat' dir='ltr'><strong>uberiore</strong></span> 
     </span>
     <span class='ocr_line' id='line_1_99' title="bbox 1214 2684 2234 2740; baseline 0.005 -18"><span class='ocrx_word' id='word_1_657' title='bbox 1214 2684 1430 2723; x_wconf 86' lang='lat' dir='ltr'><strong>fabularum</strong></span> <span class='ocrx_word' id='word_1_658' title='bbox 1447 2686 1688 2737; x_wconf 88' lang='lat' dir='ltr'><strong>expositione</strong></span> <span class='ocrx_word' id='word_1_659' title='bbox 1702 2687 1821 2737; x_wconf 90' lang='lat' dir='ltr'><strong>magis</strong></span> <span class='ocrx_word' id='word_1_660' title='bbox 1838 2687 1938 2725; x_wconf 88' lang='lat' dir='ltr'><strong>inter</strong></span> <span class='ocrx_word' id='word_1_661' title='bbox 1952 2701 1992 2725; x_wconf 90' lang='lat' dir='ltr'><strong>se</strong></span> <span class='ocrx_word' id='word_1_662' title='bbox 2009 2688 2234 2740; x_wconf 85' lang='lat' dir='ltr'><strong>conjunctae,</strong></span> 
     </span>
     <span class='ocr_line' id='line_1_100' title="bbox 1212 2743 2233 2797; baseline 0.006 -17"><span class='ocrx_word' id='word_1_663' title='bbox 1212 2743 1323 2780; x_wconf 92' lang='lat' dir='ltr'><strong>sicuti</strong></span> <span class='ocrx_word' id='word_1_664' title='bbox 1360 2757 1445 2795; x_wconf 85' lang='lat' dir='ltr'><strong>quae</strong></span> <span class='ocrx_word' id='word_1_665' title='bbox 1475 2743 1731 2795; x_wconf 88' lang='lat' dir='ltr'><strong>sequebantur</strong></span> <span class='ocrx_word' id='word_1_666' title='bbox 1762 2745 1929 2783; x_wconf 89' lang='lat' dir='ltr'><strong>carmina</strong></span> <span class='ocrx_word' id='word_1_667' title='bbox 1959 2746 2086 2797; x_wconf 86' lang='lat' dir='ltr'><strong>epica,</strong></span> <span class='ocrx_word' id='word_1_668' title='bbox 2112 2761 2233 2786; x_wconf 91' lang='lat' dir='ltr'><strong>unum</strong></span> 
     </span>
     <span class='ocr_line' id='line_1_101' title="bbox 1213 2801 2234 2854; baseline 0.005 -15"><span class='ocrx_word' id='word_1_669' title='bbox 1213 2801 1407 2852; x_wconf 84' lang='lat' dir='ltr'><strong>quoddam</strong></span> <span class='ocrx_word' id='word_1_670' title='bbox 1436 2803 1652 2841; x_wconf 89' lang='lat' dir='ltr'><strong>efficiebant</strong></span> <span class='ocrx_word' id='word_1_671' title='bbox 1686 2812 1724 2841; x_wconf 92' lang='lat' dir='ltr'><strong>et</strong></span> <span class='ocrx_word' id='word_1_672' title='bbox 1760 2803 1944 2854; x_wconf 81' lang='lat' dir='ltr'><strong>simplex3</strong></span> <span class='ocrx_word' id='word_1_673' title='bbox 1970 2805 2009 2842; x_wconf 88' lang='lat' dir='ltr'><strong>in</strong></span> <span class='ocrx_word' id='word_1_674' title='bbox 2035 2806 2234 2844; x_wconf 90' lang='lat' dir='ltr'><strong>Hellanico</strong></span> 
     </span>
     <span class='ocr_line' id='line_1_102' title="bbox 1212 2859 2169 2913; baseline 0.004 -16"><span class='ocrx_word' id='word_1_675' title='bbox 1212 2868 1338 2897; x_wconf 88' lang='lat' dir='ltr'><strong>autem</strong></span> <span class='ocrx_word' id='word_1_676' title='bbox 1358 2859 1447 2899; x_wconf 86' lang='grc' dir='ltr'>κατὰ</span> <span class='ocrx_word' id='word_1_677' title='bbox 1462 2861 1586 2905; x_wconf 82' lang='grc' dir='ltr'>τόπους</span> <span class='ocrx_word' id='word_1_678' title='bbox 1601 2861 1730 2898; x_wconf 91' lang='lat' dir='ltr'><strong>omnia</strong></span> <span class='ocrx_word' id='word_1_679' title='bbox 1746 2862 1864 2913; x_wconf 88' lang='lat' dir='ltr'><strong>magis</strong></span> <span class='ocrx_word' id='word_1_680' title='bbox 1878 2862 2169 2901; x_wconf 86' lang='lat' dir='ltr'><strong>distinebantur.</strong></span> 
     </span>
     <span class='ocr_line' id='line_1_103' title="bbox 1266 2919 2234 2961; baseline 0.004 -5"><span class='ocrx_word' id='word_1_681' title='bbox 1266 2919 1323 2957; x_wconf 91' lang='lat' dir='ltr'><strong>Sal</strong></span> <span class='ocrx_word' id='word_1_682' title='bbox 1331 2919 1564 2957; x_wconf 88' lang='lat' dir='ltr'><strong>uberrimum</strong></span> <span class='ocrx_word' id='word_1_683' title='bbox 1580 2921 1693 2958; x_wconf 86' lang='lat' dir='ltr'><strong>fuisse</strong></span> <span class='ocrx_word' id='word_1_684' title='bbox 1709 2921 1811 2958; x_wconf 92' lang='lat' dir='ltr'><strong>hunc</strong></span> <span class='ocrx_word' id='word_1_685' title='bbox 1828 2921 2024 2959; x_wconf 84' lang='lat' dir='ltr'><strong>historiam</strong></span> <span class='ocrx_word' id='word_1_686' title='bbox 2043 2921 2234 2961; x_wconf 87' lang='lat' dir='ltr'><strong>scribendi</strong></span> 
     </span>
     <span class='ocr_line' id='line_1_104' title="bbox 1213 2977 2235 3030; baseline 0.006 -17"><span class='ocrx_word' id='word_1_687' title='bbox 1213 2977 1371 3014; x_wconf 89' lang='lat' dir='ltr'><strong>modum</strong></span> <span class='ocrx_word' id='word_1_688' title='bbox 1383 3007 1393 3024; x_wconf 92' lang='lat'>‚</span> <span class='ocrx_word' id='word_1_689' title='bbox 1411 2992 1489 3028; x_wconf 89' lang='lat' dir='ltr'><strong>quo</strong></span> <span class='ocrx_word' id='word_1_690' title='bbox 1509 2992 1531 3016; x_wconf 92' lang='lat' dir='ltr'><strong>a</strong></span> <span class='ocrx_word' id='word_1_691' title='bbox 1547 2987 1744 3030; x_wconf 89' lang='lat' dir='ltr'><strong>poetarum</strong></span> <span class='ocrx_word' id='word_1_692' title='bbox 1762 2979 1994 3018; x_wconf 86' lang='lat' dir='ltr'><strong>carminibus</strong></span> <span class='ocrx_word' id='word_1_693' title='bbox 2018 2993 2076 3018; x_wconf 90' lang='lat' dir='ltr'><strong>res</strong></span> <span class='ocrx_word' id='word_1_694' title='bbox 2097 2981 2146 3018; x_wconf 92' lang='lat' dir='ltr'><strong>ad</strong></span> <span class='ocrx_word' id='word_1_695' title='bbox 2160 2994 2235 3018; x_wconf 92' lang='lat' dir='ltr'><strong>mo-</strong></span> 
     </span>
     <span class='ocr_line' id='line_1_105' title="bbox 1213 3035 2235 3086; baseline 0.005 -15"><span class='ocrx_word' id='word_1_696' title='bbox 1213 3043 1393 3072; x_wconf 89' lang='lat' dir='ltr'><strong>numenta</strong></span> <span class='ocrx_word' id='word_1_697' title='bbox 1412 3035 1634 3086; x_wconf 84' lang='lat' dir='ltr'><strong>fabulasque</strong></span> <span class='ocrx_word' id='word_1_698' title='bbox 1644 3037 1817 3074; x_wconf 90' lang='lat' dir='ltr'><strong>locorum</strong></span> <span class='ocrx_word' id='word_1_699' title='bbox 1829 3046 2111 3085; x_wconf 86' lang='lat' dir='ltr'><strong>revocarentur,</strong></span> <span class='ocrx_word' id='word_1_700' title='bbox 2121 3052 2235 3076; x_wconf 87' lang='lat' dir='ltr'><strong>nemo</strong></span> 
     </span>
     <span class='ocr_line' id='line_1_106' title="bbox 1213 3092 2233 3145; baseline 0.005 -16"><span class='ocrx_word' id='word_1_701' title='bbox 1213 3092 1378 3143; x_wconf 91' lang='lat' dir='ltr'><strong>negabit.</strong></span> <span class='ocrx_word' id='word_1_702' title='bbox 1392 3096 1526 3143; x_wconf 89' lang='lat' dir='ltr'><strong>Neque</strong></span> <span class='ocrx_word' id='word_1_703' title='bbox 1543 3107 1635 3131; x_wconf 88' lang='lat' dir='ltr'><strong>vero</strong></span> <span class='ocrx_word' id='word_1_704' title='bbox 1657 3102 1735 3131; x_wconf 90' lang='lat' dir='ltr'><strong>tum</strong></span> <span class='ocrx_word' id='word_1_705' title='bbox 1761 3095 1941 3145; x_wconf 86' lang='lat' dir='ltr'><strong>temporis</strong></span> <span class='ocrx_word' id='word_1_706' title='bbox 1962 3096 2084 3133; x_wconf 91' lang='lat' dir='ltr'><strong>Graeci</strong></span> <span class='ocrx_word' id='word_1_707' title='bbox 2106 3096 2233 3135; x_wconf 91' lang='lat' dir='ltr'><strong>homi-</strong></span> 
     </span>
     <span class='ocr_line' id='line_1_107' title="bbox 1213 3150 2233 3204; baseline 0.006 -18"><span class='ocrx_word' id='word_1_708' title='bbox 1213 3163 1278 3187; x_wconf 90' lang='lat' dir='ltr'><strong>nes</strong></span> <span class='ocrx_word' id='word_1_709' title='bbox 1312 3150 1378 3188; x_wconf 89' lang='lat' dir='ltr'><strong>diu</strong></span> <span class='ocrx_word' id='word_1_710' title='bbox 1407 3152 1446 3188; x_wconf 88' lang='lat' dir='ltr'><strong>in</strong></span> <span class='ocrx_word' id='word_1_711' title='bbox 1476 3165 1523 3188; x_wconf 90' lang='lat' dir='ltr'><strong>eo</strong></span> <span class='ocrx_word' id='word_1_712' title='bbox 1556 3161 1766 3202; x_wconf 89' lang='lat' dir='ltr'><strong>potuerunt</strong></span> <span class='ocrx_word' id='word_1_713' title='bbox 1788 3165 2042 3203; x_wconf 87' lang='lat' dir='ltr'><strong>perseverare.</strong></span> <span class='ocrx_word' id='word_1_714' title='bbox 2065 3157 2121 3191; x_wconf 90' lang='lat' dir='ltr'><strong>Eo</strong></span> <span class='ocrx_word' id='word_1_715' title='bbox 2147 3154 2233 3204; x_wconf 90' lang='lat' dir='ltr'><strong>ipso</strong></span> 
     </span>
     <span class='ocr_line' id='line_1_108' title="bbox 1214 3210 2235 3261; baseline 0.005 -16"><span class='ocrx_word' id='word_1_716' title='bbox 1214 3216 1403 3259; x_wconf 87' lang='lat' dir='ltr'><strong>tempore,</strong></span> <span class='ocrx_word' id='word_1_717' title='bbox 1420 3222 1497 3259; x_wconf 91' lang='lat' dir='ltr'><strong>quo</strong></span> <span class='ocrx_word' id='word_1_718' title='bbox 1518 3210 1735 3248; x_wconf 87' lang='lat' dir='ltr'><strong>Hellanicus</strong></span> <span class='ocrx_word' id='word_1_719' title='bbox 1754 3222 1820 3249; x_wconf 89' lang='lat' dir='ltr'><strong>sua</strong></span> <span class='ocrx_word' id='word_1_720' title='bbox 1838 3223 1957 3260; x_wconf 88' lang='lat' dir='ltr'><strong>opera</strong></span> <span class='ocrx_word' id='word_1_721' title='bbox 1970 3211 2142 3261; x_wconf 92' lang='lat' dir='ltr'><strong>scripsit,</strong></span> <span class='ocrx_word' id='word_1_722' title='bbox 2163 3225 2235 3250; x_wconf 90' lang='lat' dir='ltr'><strong>no-</strong></span> 
     </span>
     <span class='ocr_line' id='line_1_109' title="bbox 1212 3267 2235 3321; baseline 0.007 -19"><span class='ocrx_word' id='word_1_723' title='bbox 1212 3279 1302 3303; x_wconf 91' lang='lat' dir='ltr'><strong>vum</strong></span> <span class='ocrx_word' id='word_1_724' title='bbox 1319 3274 1435 3316; x_wconf 88' lang='lat' dir='ltr'><strong>atque</strong></span> <span class='ocrx_word' id='word_1_725' title='bbox 1451 3267 1641 3305; x_wconf 89' lang='lat' dir='ltr'><strong>diversum</strong></span> <span class='ocrx_word' id='word_1_726' title='bbox 1660 3268 1768 3318; x_wconf 86' lang='lat' dir='ltr'><strong>plane</strong></span> <span class='ocrx_word' id='word_1_727' title='bbox 1791 3269 1957 3306; x_wconf 81' lang='lat' dir='ltr'><strong>historiae</strong></span> <span class='ocrx_word' id='word_1_728' title='bbox 1973 3282 2091 3319; x_wconf 88' lang='lat' dir='ltr'><strong>genus</strong></span> <span class='ocrx_word' id='word_1_729' title='bbox 2106 3270 2235 3321; x_wconf 86' lang='lat' dir='ltr'><strong>vigere</strong></span> 
     </span>
     <span class='ocr_line' id='line_1_110' title="bbox 1214 3324 2234 3377; baseline 0.005 -16"><span class='ocrx_word' id='word_1_730' title='bbox 1214 3325 1347 3376; x_wconf 85' lang='lat' dir='ltr'><strong>coepit,</strong></span> <span class='ocrx_word' id='word_1_731' title='bbox 1377 3324 1494 3363; x_wconf 91' lang='lat' dir='ltr'><strong>breve</strong></span> <span class='ocrx_word' id='word_1_732' title='bbox 1511 3327 1691 3377; x_wconf 88' lang='lat' dir='ltr'><strong>temporis</strong></span> <span class='ocrx_word' id='word_1_733' title='bbox 1711 3328 1873 3377; x_wconf 88' lang='lat' dir='ltr'><strong>spatium</strong></span> <span class='ocrx_word' id='word_1_734' title='bbox 1898 3329 2092 3377; x_wconf 89' lang='lat' dir='ltr'><strong>praesentis</strong></span> <span class='ocrx_word' id='word_1_735' title='bbox 2114 3329 2234 3366; x_wconf 86' lang='lat' dir='ltr'><strong>aetatis</strong></span> 
     </span>
    </p>
   </div>
  </div>
 </body>
</html>
