2294 3704
134 146 206 175 XIV

134 221 286 273 excepit
315 219 599 259 Eratosthenes.
619 219 656 254 Is
674 216 722 254 de
738 214 872 253 eadem
893 226 935 251 re
951 213 1081 251 denuo
1097 225 1160 251 an-

136 281 292 332 quirens
309 279 341 316 si
357 279 439 317 veri
460 276 626 318 Hecataei
651 273 830 324 exemplo
847 285 939 311 usus
957 272 1029 319 sit,
1044 271 1164 320 vides,

136 353 229 388 cur,
257 347 301 376 ut
327 339 368 376 in
397 337 478 374 aliis
507 334 656 382 multis,
681 333 735 371 sic
755 333 870 370 etiam
893 330 1097 382 injudicio
1114 330 1162 368 de

137 411 256 449 opere
274 396 438 436 Hecataei
458 407 565 432 suam
586 392 635 430 ab
657 392 720 429 illa
742 391 912 442 magistri
937 390 1163 429 sententiam

138 456 361 508 sejunxerit.
387 453 561 504 Cogitare
584 463 739 502 quoque
763 450 852 487 licet
873 448 1164 487 Eratosthenem

138 514 394 566 negligentius
410 524 508 562 opus
522 517 697 548 nostrum
713 508 937 560 inspexisse.
958 510 1058 546 Nam
1072 507 1103 544 si
1118 506 1166 544 ad

137 582 348 619 externam,
364 585 448 622 quae
466 577 548 607 erat
563 569 628 607 illa
635 577 759 616 aetate,
776 568 964 606 librorum
977 567 1164 606 rationem

139 640 287 683 spectes
339 630 499 680 (quippe
523 628 610 678 qui,
629 628 661 667 si
678 628 739 667 vel
760 627 889 678 exigui
911 634 1060 664 tantum
1079 639 1165 663 am-

139 691 241 728 bitus
260 697 380 737 erant‚
400 689 441 726 in
461 688 581 725 multa
598 688 826 740 plerumque
840 686 1038 724 volumina
1051 685 1165 723 divisi

140 748 314 799 fuerint),
326 747 435 785 facile
455 746 606 794 accidit,
626 754 668 784 ut
695 747 814 784 altera
833 758 922 797 pars
941 745 1072 795 operis
1091 745 1165 782 ali-

141 807 248 858 cujus
265 807 444 858 genuina,
463 805 583 844 altera
601 813 700 844 esset
715 805 847 856 spuria
865 813 980 854 atque
1000 816 1021 840 a
1037 802 1168 841 vendi-

140 877 224 906 tore
256 868 439 916 conficta,
466 866 652 917 ideoque,
673 873 789 917 prout
806 865 891 916 quis
907 865 969 902 vel
987 863 1086 901 hanc
1106 864 1168 900 vel

140 927 244 964 illam
259 934 408 965 tantum
416 933 566 976 partem
578 924 826 971 examinaret,
834 922 978 960 librum
991 935 1064 973 pro
1074 934 1168 959 vero

139 994 206 1025 aut
228 999 301 1037 pro
330 985 445 1032 falso,
475 996 547 1035 pro
581 982 750 1034 genuino
778 990 844 1020 aut
868 994 942 1032 pro
967 979 1168 1018 subdititio

140 1045 315 1083 haberet.
345 1046 431 1082 Huc
449 1041 596 1080 accedit
609 1070 619 1088 ,
645 1040 750 1092 quod
771 1039 1042 1078 Eratosthenes
1061 1046 1169 1076 tanto

141 1103 290 1142 facilius
318 1100 611 1153 praedecessoris
642 1099 869 1136 sententiam
901 1098 1170 1148 derelinquere

141 1162 290 1214 potuit,
322 1167 468 1211 quanto
501 1158 620 1209 magis
648 1165 827 1196 accurata
853 1164 1170 1207 argumentorum

142 1220 359 1272 expositio,
391 1232 460 1257 cur
483 1218 558 1256 hoc
582 1218 644 1255 vel
671 1216 767 1255 illud
793 1229 891 1267 opus
920 1216 1011 1253 huic
1037 1216 1098 1252 vel
1117 1215 1171 1253 illi

143 1280 292 1318 auctori
319 1277 574 1318 Callimachus
601 1275 902 1327 abjudicandum
930 1282 1119 1321 censeret,
1149 1287 1172 1312 a

143 1338 302 1378 πινάκων
319 1337 370 1375 ab
393 1351 440 1375 eo
458 1336 762 1387 compositarum
781 1334 912 1372 indole
926 1334 1081 1372 videtur
1095 1331 1169 1370 ab-

145 1398 316 1436 horrere.
555 1436 559 1438 ,

199 1457 274 1495 Sed
292 1470 339 1494 ne
357 1455 502 1493 diutius
516 1453 747 1504 conjecturis
769 1452 1056 1503 indulgeamuS,
1079 1464 1173 1502 quas

146 1516 228 1554 sine
250 1516 440 1554 lectorum
470 1513 643 1552 molestia
670 1526 747 1550 non
766 1513 854 1549 licet
879 1523 1040 1561 augere,
1069 1510 1173 1559 satis,

147 1582 258 1625 puto,
275 1574 501 1624 intelligitur
520 1584 644 1622 neque
664 1570 885 1609 Callimachi
899 1582 1023 1620 neque
1041 1572 1175 1608 Erato·

146 1633 292 1671 sthenis
320 1632 546 1670 sententiam
577 1639 720 1669 temere
751 1628 1059 1680 amplectendam
1079 1641 1174 1674 esse,

147 1705 267 1742 quum
285 1692 487 1742 utriusque
500 1689 648 1740 judicio
661 1689 742 1728 veri
756 1687 900 1739 aliquid
914 1686 1071 1725 subesse
1087 1700 1176 1738 pos-

147 1751 207 1789 sit.
235 1751 360 1802 Igitur
380 1758 422 1787 ut
435 1749 655 1796 redeamus,
674 1748 776 1786 unde
795 1746 957 1797 digressi
973 1759 1116 1794 sumus,
1135 1745 1176 1783 id

148 1809 254 1861 quod
284 1822 364 1859 prae
396 1808 533 1846 ceteris
569 1806 712 1845 fraudis
747 1806 1007 1857 suspicionem
1039 1805 1175 1855 movit,

146 1867 331 1919 ποιήματα
354 1867 419 1904 illa
443 1866 491 1904 de
517 1867 688 1917 AEgypto
718 1865 833 1902 fuisse
858 1863 1050 1902 videntur.
1082 1867 1177 1911 Quae

148 1927 305 1979 quidem
320 1925 489 1977 suspicio
506 1938 621 1976 quam
634 1924 799 1962 maxime
813 1930 976 1974 augetur
989 1923 1074 1960 loco
1088 1926 1179 1960 Por-

148 1987 290 2038 phyrii,
305 1985 374 2023 ubi
386 1983 585 2038 Ἡρόδοτος,
599 1983 664 2029 ait,
679 1983 714 2020 ἐν
724 1984 769 2035 τῇ
784 1980 928 2035 δευτέρᾳ
940 1979 1056 2020 πολλὰ
1069 1980 1179 2020 Ἑκα-

147 2045 247 2084 ταίου
264 2047 326 2083 τοῦ
342 2042 520 2090 Μιλησίου
537 2041 629 2080 κατὰ
643 2040 735 2086 λέξιν
752 2040 960 2093 μετήνεγκεν
977 2042 1017 2079 ἐκ
1032 2042 1094 2087 τῆς
1110 2056 1178 2078 πε-

151 2102 344 2158 ριηγήσεως
364 2101 499 2157 βραχέα
520 2100 780 2155 παρα-ποιήσας,
799 2099 845 2139 τὰ
862 2104 923 2139 τοῦ
937 2099 1102 2143 Φοίνικος
1116 2101 1179 2153 ὀρ-

149 2162 227 2203 νέου
247 2162 307 2201 >eal
329 2161 408 2216 περὶ
429 2165 490 2200 τοῦ
510 2160 685 2212 ποταμίου
701 2158 811 2199 ἵππου
828 2159 962 2206 καὶτῆς
982 2162 1088 2213 θηρᾶς
1108 2161 1178 2197 τῶν

150 2221 379 2277 κροκοδείλων
402 2222 464 2274 (fr.
484 2221 589 2272 292).
608 2221 724 2260 Omni
747 2220 823 2258 hoc
842 2228 946 2258 caret
961 2220 1089 2270 specie
1109 2232 1178 2256 ve-

151 2281 468 2329 risimilitudinis3
497 2294 541 2318 ac
565 2293 643 2318 non
671 2280 751 2318 sine
783 2292 916 2318 caussa
946 2292 1102 2326 vereor,
1132 2291 1181 2315 ne

151 2342 280 2379 omnia
290 2340 583 2392 quaePorphyrii
595 2339 814 2377 testimonio
826 2339 915 2376 fisus
926 2351 972 2375 ex
981 2338 1180 2375 Herodoto

152 2401 376 2439 Clausenius
408 2399 457 2436 ad
485 2402 705 2437 Hecataeum
735 2397 887 2444 retulit,
911 2397 1086 2434 insulano
1118 2396 1182 2434 isti

152 2459 377 2499 Callimachi
411 2457 619 2496 tribuenda
647 2458 733 2495 sint.
779 2456 930 2494 Etenim
958 2469 1007 2493 ne
1036 2455 1182 2492 descri-

154 2520 307 2571 ptiones
323 2518 398 2556 illae
409 2531 457 2555 ex
466 2519 640 2555 Hecataeo
649 2516 844 2563 fluxerint,
855 2514 982 2552 obstat
995 2514 1182 2552 Herodoti

154 2591 238 2616 mos
259 2577 395 2624 fontes,
415 2574 592 2628 essquibus
606 2574 760 2612 aliunde
778 2574 900 2625 petita
916 2573 1101 2621 hauserit,
1118 2573 1181 2611 in·-

155 2636 331 2687 dicandi,
360 2644 476 2686 atque
498 2634 538 2672 id
563 2633 668 2684 quod
691 2632 770 2670 suis
797 2632 917 2670 oculis
942 2632 1023 2670 haec
1042 2632 1183 2670 vidisse

155 2696 283 2748 potuit
299 2703 366 2733 aut
382 2693 431 2731 ab
447 2693 638 2743 indigenis
653 2691 830 2730 audiisse.
849 2694 1033 2729 Praeterea
1049 2704 1184 2728 narra—

157 2756 278 2792 tiones
299 2754 385 2801 illae,
407 2765 502 2803 quas
524 2764 571 2789 ex
591 2759 724 2788 nostro
738 2749 958 2788 Herodotus
975 2749 1015 2787 in
1026 2749 1184 2788 brevius

158 2813 394 2851 contraxisse
415 2811 571 2857 dicitur,
593 2810 714 2848 multo
732 2808 924 2860 longiores
939 2818 1048 2857 sunt,
1069 2822 1183 2860 quam

158 2881 201 2910 ut
220 2874 259 2910 in
276 2885 395 2923 opere
411 2872 539 2908 locum
558 2868 769 2917 haberent,
798 2867 903 2918 quod
926 2867 1079 2906 duobus
1100 2876 1184 2906 tan-

160 2940 242 2969 tum
263 2931 373 2969 libris
397 2930 516 2968 totius
532 2928 637 2966 orbis
668 2937 854 2966 terrarum
886 2926 1184 2978 descriptionem

159 2989 499 3041 complectebatur.
516 2991 608 3036 Quae
623 2999 742 3038 quum
759 2986 813 3023 ita
826 2986 914 3034 sint,
928 2999 1004 3023 non
1022 2985 1186 3024 absurda

161 3058 218 3088 est
237 3049 406 3100 suspicio
428 3047 702 3097 Porphyrium,
728 3045 820 3083 levis
838 3058 929 3083 sane
945 3045 1186 3082 auctoritatis

162 3109 405 3159 scriptorem,
427 3107 466 3144 in
481 3106 707 3156 AEgyptiaca
726 3103 916 3152 incidisse,
929 3117 1010 3155 quae
1025 3105 1187 3142 Hecataei

162 3168 304 3206 Milesii
321 3167 475 3205 nomine
489 3173 623 3202 ornata
642 3177 690 3202 ex
703 3163 892 3201 Herodoti
904 3163 1069 3202 maxime
1079 3193 1090 3212 ,
1107 3167 1188 3202 He—

164 3227 271 3265 cataei
290 3225 503 3273 Abderitae,
527 3225 690 3261 aliorum
721 3223 879 3261 fortasse
908 3222 1062 3274 scriptis
1081 3232 1189 3261 erant

165 3287 348 3331 conflata,
373 3285 424 3322 ita
442 3292 484 3321 ut
497 3282 719 3322 Herodotus
740 3283 967 3332 compilasse
982 3282 1188 3333 videretur,

165 3345 234 3384 ubi
262 3359 311 3384 ex
336 3345 421 3396 ipso
447 3353 528 3382 erat
556 3345 819 3394 compilatum.
840 3345 1097 3383 Confirmatur
1115 3344 1190 3383 hoc

1001 123 1070 164 DE
1097 122 1366 164 HECATAEO.

1225 219 1484 271 sequentibus.
1506 222 1604 259 Nam
1624 219 1718 271 quid
1738 220 1787 258 sit
1805 218 1902 258 illud
1921 215 2014 256 κατὰ
2028 215 2120 262 λέξιν
2141 230 2247 267 μεταν
2268 225 2270 229 ·

1223 277 1337 333 φέρειν
1363 279 1510 317 affatim
1539 278 1767 330 intelligitur
1790 291 1838 316 ex
1856 278 2071 328 fragmento
2091 276 2134 314 in
2148 275 2276 314 Cra-

1223 337 1318 376 meri
1338 338 1544 377 Anecdotis
1571 339 1648 376 vol.
1666 342 1705 385 I,
1722 352 1760 389 p.
1783 338 1879 386 287,
1911 338 1971 375 30.
1991 333 2118 373 Verba
2141 340 2250 372 sunt.

1225 395 1485 450 Μεμετρέαται,
1502 395 1599 451 παρὰ
1625 399 1677 450 τῶ
1704 395 1898 448 Ἑκαταίῳ·
1925 393 1971 433 Ὁ
1995 390 2058 445 μὲν
2082 385 2142 430 ουν
2161 387 2275 442 (leg..-

1225 454 1288 506 μέν
1300 455 1377 507 νυν)
1395 455 1569 529 Βόςπορος
1583 454 1644 494 καὶ
1663 458 1682 494 ὁ
1698 453 1833 498 Πόντος
1851 453 1960 499 ουτω,
1981 450 2042 490 και
2061 453 2080 489 ὃ
2098 448 2274 498 Ελλής-

1223 529 1348 558 ποντος
1357 515 1448 553 κατὰ
1461 513 1572 552 ταύτά
1584 529 1644 565 μοι
1656 511 1903 567 μεμετρέαται.
1924 515 2021 550 Cum
2039 510 2099 547 his
2121 502 2278 547 confer
2265 515 2282 555 3

1225 575 1413 614 Herodot.
1427 577 1494 622 IV,
1513 574 1588 613 86·
1613 573 1655 614 Ο
1679 572 1741 624 μέν
1756 588 1815 611 νυν
1840 570 1974 614 Πόντος
1987 573 2085 612 ουτος
2097 567 2158 607 καὶ
2170 556 2283 615 Bde-ssl

1225 632 1329 687 πορός
1335 649 1371 672 τε
1384 650 1444 672 και
1453 630 1751 679 Ἑλλήςποντος“
1713 647 1804 670 ουτω
1811 646 1850 670 τε
1863 645 1923 682 μοι
1938 603 2286 697 μεμετρέαται,κα1Ξ

1226 689 1318 729 κατὰ
1330 690 1375 729 τὰ
1387 690 1556 746 εἰρημένα
1568 689 1756 744 πεφύκασι.
1775 689 2075 729 Grammaticum
2088 685 2280 742 1111“ρίῑο1··ἐξ
2267 698 2285 717 r-

1227 751 1378 802 lapsum
1397 764 1471 802 pro
1485 749 1684 789 Herodoto
1702 753 1925 787 Hecataeum
1942 746 2116 784 laudasse
2134 744 2281 803 ριιῑα·ξ
2280 754 2285 757 ’

1227 822 1332 858 rem,
1360 810 1433 847 nisi
1453 818 1496 847 ut
1520 809 1594 846 hoc
1616 808 1731 846 statui
1750 815 1906 858 posset,
1932 818 2012 842 non
2033 804 2124 842 satis
2137 789 2281 843 verbt‘i‘

1228 868 1487 915 concinerent,
1508 880 1634 918 neque
1665 866 1771 904 aliud
1797 864 1974 903 suaderet
2002 861 2265 913 Porphyrius.
2266 863 2281 893 ’ἐ

1227 926 1350 976 Igitur
1371 926 1480 964 nullo
1493 925 1610 963 modo
1624 925 1705 962 fieri
1719 924 1870 975 potuit,
1900 931 1943 960 ut
1962 922 2016 960 sic
2037 916 2281 964 Hecataeum}

1229 985 1477 1036 exscripseiit
1492 984 1725 1030 Herodotus,
1739 996 1799 1033 qu
1806 995 1848 1020 us
1864 981 1995 1029 verba,
2013 980 2110 1018 sicut
2122 971 2279 1034 Βεεὴτᾴξ

1229 1043 1325 1081 adl.
1357 1043 1383 1083 l.
1408 1051 1566 1090 monet,
1595 1041 1766 1080 indicare
1795 1040 1997 1086 videntur,
2026 1039 2154 1090 ipsum
2178 1037 2283 1079 haee⁷

1231 1102 1348 1140 maria
1377 1102 1512 1140 visisse
1544 1110 1583 1140 et
1607 1101 1806 1139 distantias
1833 1111 2028 1137 emensum
2055 1109 2150 1137 esse.
2181 1098 2280 1134 Nec

1229 1161 1325 1198 illud
1347 1160 1410 1199 hic
1434 1160 1547 1198 nobis
1570 1160 1762 1210 refugium
1784 1166 1923 1206 restat,
1949 1166 1992 1195 ut
2012 1156 2060 1194 de
2077 1157 2274 1209 1100111811ν

1231 1219 1419 1258 Abderita
1438 1219 1671 1270 cogitemus,
1697 1218 1842 1269 quippe
1859 1218 1927 1268 qui
1946 1229 2071 1267 neque
2090 1215 2130 1252 in
2147 1213 2278 1254 libris<

1231 1278 1278 1315 de
1292 1278 1536 1330 philosophia
1551 1277 1826 1328 AEgyptiorum
1843 1288 1970 1327 neque
1985 1275 2025 1312 in
2038 1277 2060 1312 J
2063 1273 2284 1312 udaeorum

1231 1336 1392 1374 historia
1414 1336 1462 1374 de
1487 1336 1601 1374 Ponti
1629 1335 1891 1387 magnitudine
1913 1345 2128 1372 sermonem
2147 1331 2286 1386 insti-3(

1237 1395 1354 1433 tuisse
1373 1395 1563 1433 videatur.
1584 1397 1706 1431 Porro
1724 1394 1887 1445 quisque
1905 1393 2089 1443 largietur
2102 1403 2182 1428 non
2198 1397 2279 1428 50·

1234 1453 1314 1491 lum
1334 1466 1421 1504 quae
1443 1459 1596 1490 servata
1615 1459 1702 1488 sunt
1718 1450 1850 1498 verba,
1874 1450 1942 1488 sed
1962 1450 2078 1488 etiam
2095 1461 2179 1499 quae
2191 1461 2275 1486 an*

1235 1511 1462 1549 tecedebant
1487 1511 1536 1548 de
1555 1510 1719 1548 marium
1741 1510 1900 1548 illorum
1918 1521 2096 1547 mensura
2113 1506 2162 1545 ab
2180 1509 2263 1546 He·-

1234 1570 1374 1608 rodoto
1396 1578 1571 1608 mutuata
1587 1583 1681 1607 esse.
1701 1572 1786 1607 Jam
1805 1581 1900 1607 vero
1917 1566 2108 1606 Herodoti
2127 1566 2274 1604 calcu-‘s

1234 1629 1312 1678 lus,
1337 1642 1474 1680 parum
1502 1630 1566 1667 ille
1583 1636 1802 1674 accuratu5‚
1827 1627 1984 1666 omnino
2006 1639 2086 1664 non
2104 1624 2274 1676 quadrae

1235 1702 1322 1727 cum
1340 1689 1425 1727 1000
1447 1688 1659 1726 W'Iarcelhnl
1673 1689 1829 1739 (XXII
1845 1687 1882 1734 8,
1899 1686 1944 1724 fr.
1963 1685 2065 1736 163),
2081 1684 2162 1732 ubl,
2190 1686 2277 1728 «0·-

1236 1748 1334 1786 mnis
1350 1748 1498 1786 Pontici
1523 1748 1691 1792 sinus,a
1669 1748 1740 1796 ait,
1763 1746 1869 1785 velut
1883 1746 2061 1784 insularis
2082 1741 2279 1787 circuitu&

1236 1807 1373 1845 litorea
1394 1808 1588 1858 navigatio
1605 1777 1743 1857 viginti
1763 1805 1890 1843 tribus
1908 1805 2080 1843 dimensa
2097 1803 2280 1844 millibus?

1237 1866 1462 1915 stadiorum,
1479 1875 1524 1904 ut
1536 1870 1599 1905 Er·
1601 1867 1808 1904 ntosthenes
1829 1865 1993 1903 affirmat
2010 1873 2049 1902 et
2065 1863 2277 1902 Hecataeus

1239 1933 1278 1963 et
1307 1926 1536 1964 Ptolemaeus
1569 1926 1709 1976 aliique
1746 1923 1970 1975 hujusmodi
2002 1922 2279 1987 003111ῑὶ001ιωῖ

1238 1985 1481 2023 minutissimi
1494 1993 1738 2032 scrutatores,
1753 1992 1825 2023 etc.
1831 2001 1846 2017 u
1864 1982 2085 2020 Mirandum
2099 1973 2279 2034 quiderm¹

1238 2045 1503 2084 Herodotum
1493 2059 1533 2095 in
1549 2053 1696 2084 tantum
1714 2057 1754 2082 se
1774 2057 1944 2082 errorem
1965 2042 2094 2080 induci
2114 2051 2274 2095 passum

1239 2118 1333 2152 esse,
1354 2118 1473 2156 quum
1492 2118 1539 2143 ex
1557 2104 1724 2142 Hecataei
1743 2103 1850 2141 libris
1867 2116 1984 2140 manu
2003 2102 2078 2153 ipsi
2091 2101 2190 2140 tritis
2204 2114 2271 2139 ven*-

1241 2165 1343 2202 riora
1370 2165 1560 2215 potuisset
1582 2163 1751 2211 discere3
1780 2161 1886 2213 quod
1909 2171 2034 2199 tamen
2057 2161 2112 2199 ita
2133 2158 2277 2211 aliquis*

1242 2223 1471 2270 defenderit,
1493 2231 1534 2261 ut
1549 2222 1787 2260 Herodotum
1806 2221 1845 2258 id
1864 2220 2016 2258 tradere
2033 2219 2146 2266 dicat,
2162 2215 2274 2269 quod
2290 2231 2292 2235 ’

1240 2284 1322 2335 ipse
1340 2296 1387 2320 ex
1404 2282 1610 2320 itineribus
1627 2282 1706 2319 suis
1726 2289 1765 2318 et
1784 2280 2051 2331 navigatorum
2071 2271 2278 2316 narratio&

1241 2341 1356 2379 nibus
1368 2341 1415 2379 de
1425 2341 1588 2379 marium
1598 2341 1737 2379 horum
1749 2339 2012 2391 magnitudine
2024 2335 2271 2376 statuendum

1241 2414 1323 2439 esse
1355 2408 1526 2448 censeat,
1559 2400 1728 2450 ideoque
1760 2412 1866 2437 suam
1903 2396 2133 2435 sententiam
2161 2393 2278 2448 alteri·

1242 2459 1408 2498 Hecataei
1438 2460 1552 2496 tacite
1583 2459 1673 2496 velit
1690 2458 1920 2509 oppositam.
1944 2455 2138 2494 Habemus
2155 2452 2282 2505 ἰςίωέ

1242 2518 1291 2556 de
1319 2531 1396 2555 una
1425 2518 1636 2568 eademque
1664 2530 1706 2554 re
1733 2516 1810 2553 duo
1835 2515 2002 2552 Hecataei
2022 2513 2090 2552 sed
2121 2507 2282 2555 ὠνεῖ-δέ’

1244 2578 1358 2628 plane
1386 2577 1623 2624 testimonia,
1644 2588 1810 2626 quorum
1827 2575 1987 2612 alterum
2014 2586 2063 2611 ex
2087 2585 2181 2610 vero
2202 2571 2284 2624 de&-

1244 2644 1482 2688 promptum,
1509 2636 1670 2674 alterum
1685 2648 1734 2672 ex
1748 2633 2025 2678 commentitio.

1297 2696 1396 2734 Huic
1407 2695 1494 2732 loco
1503 2694 1709 2745 adjungere
1721 2694 1834 2731 liceat
1845 2693 1963 2730 alium
1974 2691 2135 2730 similem
2149 2703 2277 2741 quen-s

1246 2754 1345 2792 dam.
1366 2754 1517 2792 Etenim
1542 2753 1760 2804 Stephanus
1779 2766 1814 2789 v.
1839 2749 2071 2804 Χερῥόνησος,
2091 2757 2179 2800 post
2197 2749 2282 2791 ali&

1244 2814 1361 2851 dicit:
1381 2812 1486 2852 Ἔστι
1506 2812 1648 2866 δευτέρα
1667 2810 1766 2853 πόλις
1784 2812 1819 2849 ἐν
1835 2812 1879 2862 τῇ
1893 2807 2021 2863 Θράκῃ
2039 2806 2282 2861 Χεῤῥόνησοςζ

1244 2888 1323 2926 περι
1346 2876 1388 2919 ἧς
1411 2871 1598 2915 Ἑκαταῖος
1621 2873 1655 2910 ἐν
1679 2869 1836 2924 Εὐρώπῃ
1867 2886 1882 2903 α
1895 2868 1959 2907 Ἐν
1981 2867 2012 2906 δ’
2013 2868 2150 2906 αὐτοῖσι
2170 2866 2284 2912 πόλιξ

1245 2931 1496 2985 Χερσόνησος’
1481 2947 1517 2970 εν
1535 2933 1586 2969 τῶ
1603 2931 1718 2983 ἰσθμῷ
1737 2945 1800 2976 της
1823 2927 2060 2982 Χερσονήσου.
2077 2944 2092 2961 «ι
2122 2925 2195 2965 Καὶ
2210 2924 2275 2964 τὸνζ

1245 2990 1391 3038 πολίτην
1419 2988 1653 3044 Χερσονησιόν
1681 3004 1796 3043 φησιν
1821 3006 1836 3022 α
1851 2988 2072 3041 Ἀψινθίοισιν
2095 2984 2180 3039 πρὸς
2203 2999 2271 3035 με·-

1246 3049 1423 3123 σημὸρίαν
1450 3048 1634 3104 ὃμορέουσι
1653 3049 1909 3102 Χερσονησῖται
1935 3044 2005 3083 ἀπὸ
2028 3046 2098 3082 τῶν
2126 3042 2269 3096 πύργων

1247 3108 1469 3160 ἐσημήναντο
1487 3114 1597 3147 τοῖσιν
1621 3105 1831 3154 Ἀθηναίοισι
1849 3104 1889 3143 τὸ
1909 3102 2090 3156 γεγονός.»
2117 3100 2272 3146 Τούτους

1247 3184 1307 3207 και
1330 3167 1586 3222 Χερσονησίους
1600 3165 1695 3218 λέγει
1715 3167 1776 3212 (fr.
1808 3164 1908 3212 135).
1923 3165 2049 3201 Primo
2069 3161 2294 3199 oculor-uus<

1248 3228 1403 3266 obtuitu
1419 3227 1603 3265 docemur
1616 3239 1688 3278 pro
1704 3224 1762 3263 τὸν
1776 3225 1856 3262 πολ.
1872 3218 2107 3276 Χερσονήσιόν
2122 3218 2279 3273 φ.501“ὶ-

1249 3285 1421 3324 bendum
1459 3298 1541 3323 esse
1571 3282 1853 3339 Χερσονησίτην,
1886 3280 2025 3319 deinde
2060 3291 2155 3317 vero
2183 3282 2278 3343 post

1250 3343 1433 3398 δμορέουσι
1466 3344 1525 3383 bis
1552 3343 1774 3396 ponendum
1806 3353 1888 3379 esse
1911 3341 2188 3393 Χερσονησῖται,
2218 3335 2273 3374 ita
