2320 3684
164 219 238 251 320

490 289 640 330 LIBER
665 287 842 326 XLVIII.

606 358 696 396 248.

208 429 438 481 Stephanus:
450 425 689 471 Δανθαλῆται,
699 420 790 466 ἔθνος
807 420 999 475 Θρακικόν·
1017 419 1182 471 Θεόπομ-

155 503 219 532 πος
244 486 316 539 μη’.

210 750 418 787 Athenaeus
439 749 504 794 IV,
525 760 562 797 p.
581 747 667 794 166,
687 748 736 793 F;
754 746 821 793 167
842 747 894 793 A,
912 747 955 792 B,
973 746 1023 782 C:
1042 744 1131 797 Περὶ
1147 741 1183 780 δὲ

159 811 222 855 τῆς
241 806 392 849 ἀσωτίας
408 804 468 844 καί
484 809 546 843 τοῦ
567 803 641 856 βίου
656 802 855 851 Φιλίππου,
873 802 932 841 καὶ
951 803 1020 840 τῶν
1038 801 1183 854 ἑταίρων

158 869 263 904 αὐτοῦ
290 866 325 903 ἐν
356 867 400 916 τῇ
435 864 701 917 τεσσαρακοστῇ
728 861 833 914 ἐνάτῃ
865 864 934 900 τῶν
961 862 1137 912 Ἱστοριῶν
1167 863 1185 899 ὁ

158 922 373 975 Θεόπομπος
401 922 484 961 τάδε
511 919 656 975 γράφει·
677 939 693 955 «
710 920 891 964 Φίλιππος
918 918 993 959 ἐπεὶ
1016 918 1187 973 ἐγκρατὴς

158 983 298 1020 πολλῶν
330 980 466 1033 ἐγένετο
492 979 702 1034 χρημάτων,
731 980 794 1018 οὐκ
818 978 994 1018 ἀνάλωσεν
1013 978 1101 1017 αὐτὰ
1119 994 1187 1016 τα-

158 1040 262 1093 χέως,
288 1041 365 1079 ἀλλ’
397 1037 538 1084 ἐξέὸαλε
566 1036 626 1077 καὶ
653 1036 785 1091 ἔῤῥιψε,
826 1038 966 1077 πάντων
995 1036 1186 1091 ἀνθρώπων

159 1100 325 1142 κάκιστος
344 1098 392 1138 ὢν
415 1097 593 1149 οἰκονόμος
620 1098 660 1135 οὒ
684 1095 786 1148 μόνον
814 1096 928 1146 αὐτὸς,
956 1095 1047 1135 ἀλλὰ
1074 1095 1134 1134 καὶ
1156 1098 1188 1134 οἱ

159 1158 241 1213 περὶ
261 1157 376 1197 αὐτόν.
397 1157 532 1200 Ἁπλῶς
558 1155 626 1209 γὰρ
651 1155 760 1198 οὐδεὶς
792 1158 904 1194 αὐτῶν
927 1154 1102 1201 ἠπίστατο
1127 1156 1187 1207 ζῇν

160 1220 269 1272 ὀρθῶς
294 1216 372 1256 οὐδὲ
405 1215 591 1271 σωφρόνως
618 1217 722 1254 οἰκεῖν
769 1215 894 1253 οἰκίαν.
924 1217 998 1254 Τοῦ
1030 1213 1059 1251 δ’
1089 1213 1189 1257 αὐτὸς

162 1277 270 1321 αἴτιος
297 1271 354 1326 ἧν,
386 1277 563 1323 ἄπληστος
593 1275 652 1314 καὶ
682 1274 874 1321 πολυτελὴς
905 1273 966 1322 ὢν,
996 1272 1189 1327 προχείρως

163 1336 302 1375 ἅπαντα
327 1338 436 1375 ποιῶν
462 1335 521 1374 καὶ
538 1333 715 1384 κτώμενος
743 1333 803 1372 καὶ
824 1332 953 1376 διδούς’
975 1331 1191 1385 στρατιώτης

162 1395 230 1449 γὰρ
265 1394 313 1434 ὢν
350 1396 547 1448 λογίζεσθαι
581 1392 626 1432 τὰ
651 1391 844 1445 προσιόντα
877 1391 937 1430 καὶ
976 1389 1191 1430 τάναλισκό-

165 1470 253 1506 μενα
270 1454 312 1492 δι’
333 1453 502 1506 ἀσχολίαν
521 1453 582 1491 οὖκ
605 1450 767 1498 ἠδύνατο.
786 1449 938 1489 Ἔπειτα
957 1450 987 1488 δ’
1007 1452 1039 1488 οἱ
1061 1451 1191 1503 ἑταῖροι

164 1515 268 1552 αὐτοῦ
288 1514 327 1551 ἐκ
346 1514 486 1551 πολλῶν
504 1510 621 1550 τόπων
641 1504 732 1557 ἦσαν
757 1508 1041 1563 συνερρυηκότες·
1066 1511 1098 1547 οἱ
1128 1507 1190 1560 μὲν

96 1618 103 1623 .
162 1573 230 1628 γὰρ
251 1573 284 1619 ἐξ
303 1574 408 1618 αὐτῆς
425 1577 486 1619 τῆς
507 1570 638 1624 χώρας,
656 1572 687 1608 οἳ
708 1569 738 1607 δ’
757 1571 796 1608 ἐκ
814 1568 1023 1617 Θετταλίας,
1047 1571 1077 1607 οἱ
1098 1568 1134 1607 δὲ
1152 1571 1192 1608 ἐκ

163 1636 226 1680 τῆς
256 1632 365 1679 ἄλλης
393 1630 581 1678 Ἑλλάδος,
611 1630 674 1667 οὐκ
704 1627 901 1682 ἀριστίνδην
937 1627 1191 1681 ἐξειλεγμένοι,

164 1691 286 1743 (Idem
307 1689 403 1728 ibid.
426 1697 463 1727 et
481 1687 664 1738 Polybius
688 1690 792 1734 VIII,
819 1701 859 1724 11
877 1686 902 1738 ε)
928 1687 1005 1726 ἀλλ’
1027 1686 1127 1731 εἴτις
1148 1681 1191 1734 ἦν

165 1751 199 1788 ἐν
218 1755 288 1793 τοῖς
306 1748 481 1796 Ἕλλησιν
499 1746 521 1794 ἢ
541 1752 612 1790 τοῖς
633 1745 820 1800 βαρὸάροις
839 1745 1046 1800 λάσταυρος,
1065 1745 1088 1793 ἢ
1110 1748 1192 1799 βδε-

164 1809 285 1863 λυρὸς,
302 1807 324 1855 ἢ
343 1806 470 1861 θρασὺς
489 1806 547 1845 τὸν
567 1805 708 1859 τρόπον,
724 1799 819 1843 οὗτοι
835 1805 958 1857 σχεδὸν
977 1806 1127 1850 ἅπαντες
1147 1807 1192 1849 εἷς

166 1867 387 1907 Μακεδονίαν
407 1864 641 1919 ἀθροισθέντες
661 1866 791 1918 ἑταῖροι
811 1865 996 1903 Φιλίππου
1015 1881 1193 1919 προσηγο-

168 1925 316 1981 ρεύοντο.
347 1927 395 1965 Εἰ
429 1925 463 1963 δὲ
489 1924 537 1976 μὴ
574 1924 633 1962 καὶ
664 1923 817 1967 τοιοῦτός
836 1940 887 1967 τις
914 1923 1073 1972 ἐληλύθει
1085 1954 1094 1972 ,
1124 1924 1192 1963 ὑπὸ

166 1990 226 2024 τοῦ
249 1985 324 2038 βίου
350 1984 409 2023 καὶ
435 1987 497 2031 τῆς
531 1983 664 2031 διαίτης
695 1985 758 2029 τῆς
796 1984 1038 2030 Μακεδονικῆς
1058 1983 1206 2036 ταχέως

502 2096 654 2135 LIBER
683 2094 861 2135 XLVIII.

634 2177 724 2209 248.

214 2235 431 2275 Danthaletae,
449 2243 527 2275 gens
543 2233 709 2273 Thracica,
727 2235 807 2266 teste
822 2234 1029 2275 Theopompo
1060 2234 1095 2266 in
1114 2234 1197 2266 libro

170 2287 287 2316 octavo
306 2284 339 2315 et
353 2282 607 2323 quadragesimo.

523 2340 677 2379 LIBER
705 2340 845 2379 XLIX.

214 2470 262 2501 De
279 2468 409 2500 luxuria
440 2470 474 2500 et
502 2467 581 2499 vitae
611 2467 735 2498 ratione
759 2466 898 2508 Philippi
920 2469 1017 2508 atque
1050 2476 1119 2508 ejus
1148 2476 1198 2499 so·-

172 2515 316 2554 dalium‚
336 2523 422 2547 nono
450 2517 482 2547 et
508 2514 754 2555 quadragesimo
780 2513 993 2546 Historiarum
1023 2514 1106 2546 libro
1131 2515 1200 2546 haec

174 2563 403 2604 Theopompus
428 2561 541 2594 scribit
561 2571 568 2592 :
592 2574 607 2588 ι(
624 2560 809 2601 PhilippuS,
827 2563 998 2601 postquam
1017 2560 1129 2593 multae
1145 2570 1199 2602 pe-

173 2609 278 2642 cuniae
294 2617 428 2650 compos
442 2608 549 2641 factus
562 2610 622 2647 est,
636 2616 702 2639 non
717 2607 871 2648 expendit
886 2616 957 2639 eam
968 2608 1125 2648 celeriter,
1141 2608 1199 2640 sed

172 2655 292 2697 abjecit
322 2656 356 2687 et
370 2655 524 2696 profudit,
549 2654 696 2687 omnium
719 2654 891 2685 hominum
919 2654 1078 2694 pessimus
1100 2653 1199 2685 admi-

175 2704 328 2735 nistrator
344 2702 390 2734 rei
405 2701 573 2734 familiaris
590 2710 656 2733 non
672 2701 770 2732 modo
787 2701 874 2742 ipse,
893 2700 949 2732 sed
972 2703 1003 2732 et
1022 2701 1054 2732 hi
1070 2700 1200 2741 quibus-

173 2760 250 2784 cum
272 2751 412 2783 vivebat.
437 2750 552 2783 anlus
580 2750 668 2782 enim
691 2758 825 2789 eorum,
855 2750 935 2781 citra
956 2749 1194 2789 exceptionem,

175 2801 260 2830 recte
274 2798 384 2829 vivere
396 2798 548 2836 noverat,
565 2799 625 2829 aut
637 2796 771 2828 domum
788 2796 952 2828 moderate
968 2805 1083 2836 regere.
1099 2797 1200 2836 Cujus

176 2846 219 2877 rei
233 2845 301 2886 ipse
316 2853 369 2877 rex
382 2853 497 2876 caussa
512 2844 573 2876 tuit
588 2854 596 2875 :
613 2844 669 2884 qui
683 2851 784 2884 quum
800 2842 1001 2883 inexplebilis
1014 2844 1046 2874 et
1056 2845 1196 2874 sumtuo·

176 2903 232 2925 sus
247 2895 350 2932 esset,
365 2891 524 2933 quidquid
541 2892 676 2929 faceret,
697 2890 730 2922 id
748 2893 866 2922 temere
879 2889 1011 2930 agebat,
1027 2889 1096 2920 sive
1111 2898 1190 2929 pecu

176 2941 246 2972 nias
258 2943 395 2980 cogeret,
412 2941 481 2971 sive
495 2941 650 2979 erogaret.
668 2940 750 2971 Nam
766 2937 858 2969 miles
871 2945 972 2978 quum
989 2939 1084 2975 esset,
1098 2936 1199 2968 otium

176 2987 238 3018 sibi
257 2995 385 3018 sumere
403 2995 466 3018 non
484 2986 591 3025 potuit
610 2985 652 3017 ad
668 2984 896 3018 subducendas
921 2984 1083 3016 redituum
1099 2985 1132 3015 et
1150 2992 1200 3015 ex-

177 3042 349 3074 pensorum
367 3033 517 3065 rationes.
540 3035 698 3065 Praeterea
719 3031 917 3064 familiariter
931 3032 1082 3064 utebatur
1104 3031 1201 3063 bomi-

178 3081 295 3115 nibus,
315 3081 370 3121 qui
387 3080 586 3121 quibuslibet
610 3088 650 3111 ex
670 3080 749 3111 locis
769 3079 992 3111 confluxerant
1015 3088 1023 3110 :
1047 3078 1099 3110 alii
1115 3079 1200 3110 enim

177 3136 217 3158 ex
251 3127 305 3158 illa
332 3127 400 3167 ipsa
427 3127 567 3168 regione,
598 3127 652 3158 alii
683 3135 761 3158 vero
775 3135 792 3158 e
810 3126 984 3162 Thessalia,
1001 3126 1054 3158 alii
1073 3135 1113 3158 ex
1129 3125 1200 3157 reli-

177 3182 242 3212 qua
257 3174 401 3212 Graecia,
419 3183 482 3204 uon
498 3183 556 3215 pro
574 3173 698 3214 generis
717 3173 884 3205 nobilitate
907 3174 965 3205 aut
986 3181 1044 3214 pro
1073 3173 1202 3204 virtutis

179 3219 292 3249 merito
312 3219 419 3250 selecti
438 3229 445 3249 :
462 3219 517 3250 sed
535 3221 561 3250 si
578 3220 650 3260 quis
671 3223 756 3258 erat,
779 3220 848 3251 sive
869 3220 951 3252 inter
965 3221 1116 3257 Graecos,
1133 3219 1202 3250 sive

178 3266 262 3296 inter
278 3265 443 3304 barbaros,
461 3266 600 3298 lascivus
623 3271 678 3299 aut
695 3267 871 3307 flagitiosus
883 3291 891 3307 ,
915 3269 971 3298 aut
985 3266 1131 3298 moribus
1160 3267 1203 3298 el*-

178 3311 287 3350 srenis,
307 3312 338 3342 hi
362 3312 426 3343 l'ere
443 3322 554 3345 omnes
569 3314 599 3344 in
611 3314 830 3346 Macedoniam
846 3314 1060 3353 confluentes,
1079 3313 1203 3345 sodales

177 3357 317 3399 Philippi
345 3359 594 3399 appellabantur.
623 3361 654 3393 Si
676 3362 754 3401 quis
782 3370 859 3393 vero
876 3361 1022 3393 moribus
1052 3370 1117 3392 uon
1136 3362 1202 3392 tam

177 3404 339 3446 perversis
358 3405 399 3437 ad
414 3413 489 3437 eum
506 3407 666 3445 venisset,
691 3416 744 3447 per
760 3409 834 3439 vitae
851 3408 1007 3440 rationem
1026 3407 1204 3439 Macedoni-

881 198 1182 238 THEOPOMPI
1208 196 1540 238 FRAGMENTA.

1239 284 1379 328 ἐκείνοις
1393 284 1508 335 ὅμοιος
1523 284 1664 336 ἐγίνετο.
1687 282 1745 322 Τὰ
1766 282 1828 334 μὲν
1845 282 1911 336 γὰρ
1932 285 1964 321 οἱ
1981 282 2130 334 πόλεμοι
2148 282 2208 322 καὶ
2226 286 2263 322 αἱ

1239 349 1418 396 στρατεῖαι
1450 343 1509 381 καὶ
1540 346 1575 382 αἱ
1606 342 1826 381 πολυτέλειαι
1856 345 1992 394 θρασεῖς
2023 340 2148 385 αὖτοὺς
2176 335 2265 380 εἶναι

1239 401 1505 455 προετρέποντο,
1541 401 1602 440 καὶ
1633 403 1693 454 ζῇν
1727 399 1775 451 μὴ
1809 400 1975 451 κοσμίως,
2014 400 2090 438 ἀλλ’
2123 399 2267 444 ἀσώτως

1239 460 1299 498 καὶ
1317 465 1387 503 τοῖς
1415 461 1558 512 λῃσταῖς
1588 459 1852 514 παραπλησίως.
1879 460 2097 510 (Athenaeus
2126 462 2196 508 Vl,
2225 473 2267 511 p.

1243 520 1386 568 260,D,
1405 524 1449 567 E,
1466 523 1507 568 F3
1527 521 1598 557 261
1623 523 1682 566 Α.,
1700 519 1833 569 Polyb.
1854 518 1978 569 ibid.:)
1997 517 2157 557 Καθόλου
2167 516 2233 571 γὰρ
2250 521 2269 556 ὃ

1242 576 1424 622 Φίλιππος
1452 577 1530 621 τοὺς
1563 577 1625 628 μὲν
1657 577 1822 629 κοσμίους
1846 576 1890 615 τὰ
1918 577 1984 624 ἤθη
2014 575 2171 620 καὶτοὺς
2198 578 2268 615 τῶν

1244 634 1338 674 ἰδίων
1362 636 1651 688 ἐπιμελουμένους
1673 635 1927 687 ἀπεδοκίμαζε·
1946 636 2024 678 τοὺς
2053 634 2088 673 δὲ
2117 635 2269 673 πολυτε-

1243 695 1313 738 λεῖς
1329 694 1387 732 καὶ
1405 696 1538 738 ζῶντας
1556 696 1590 732 ἓν
1608 693 1725 738 κύὸοις
1748 694 1807 732 καὶ
1832 694 1962 741 πότοις,
1981 695 2132 732 ἐπαινῶν
2153 692 2268 743 ἐτίμα.

1243 754 1436 805 Τοιγαροῦν
1464 754 1501 790 οὗ
1521 751 1624 803 μόνον
1645 751 1768 795 αὐτοὺς
1785 753 1915 791 τοιαῦτ’
1937 751 2029 804 ἔχειν
2053 749 2291 804 παρεσκεύα-’

1246 813 1313 860 ζεν,
1335 811 1426 850 ἀλλὰ
1444 811 1503 850 καὶ
1522 814 1584 858 τῆς
1603 812 1712 859 ἄλλης
1733 812 1867 855 ἀδικίας
1882 811 1942 850 καὶ
1962 810 2141 863 βδελυρίας
2159 811 2272 857 ἀθλη-

1245 869 1306 912 τὰς
1333 869 1488 917 ἐποίησε.
1519 869 1567 910 Τί
1589 869 1656 921 γὰρ
1684 871 1752 907 τῶν
1774 871 1928 922 αἰσχρῶν
1956 868 1979 915 ἢ
2015 869 2134 907 δεινῶν
2155 871 2272 910 αὐτοῖς

1246 928 1284 966 οὖ
1318 931 1469 980 προσῆν,
1510 928 1532 976 ἢ
1564 928 1598 967 τί
1633 931 1702 966 τῶν
1737 930 1854 966 καλῶν
1886 928 1946 967 καὶ
1979 927 2178 966 σπουδαίων
2209 929 2272 966 οὐκ

1247 987 1362 1035 ἀπῆν,
1382 989 1448 1039 οὐχ
1479 989 1510 1025 οἱ
1531 986 1594 1038 μὲν
1624 985 1823 1039 ξυρούμενοι
1841 986 1901 1025 καὶ
1930 985 2147 1037 λεαινόμενοι
2166 984 2274 1024 διετέ-

1246 1046 1327 1083 λουν
1346 1045 1465 1099 ἄνδρες
1490 1045 1602 1095 ὄντες,
1621 1048 1652 1084 οἱ
1679 1046 1710 1084 δ’
1727 1044 1889 1092 ἀλλήλοις
1906 1044 2062 1095 ἐτόλμων
2082 1044 2274 1083 ἐπανίστα-

1248 1107 1328 1142 σθαι
1358 1103 1528 1156 πώγωνας
1547 1104 1685 1156 ἔχουσι;
1706 1103 1777 1142 Καὶ
1805 1104 2011 1157 περιήγοντο
2041 1102 2103 1155 μὲν
2124 1102 2185 1141 δύο
2212 1101 2273 1142 καὶ

1247 1169 1337 1217 τρεῖς
1354 1163 1635 1217 ἑταιρουμένους,
1657 1162 1755 1201 αὐτοὶ
1772 1162 1808 1201 δὲ
1824 1162 1886 1206 τὰς
1905 1163 2010 1207 αὐτὰς
2029 1162 2170 1206 ἐκείνοις
2186 1161 2276 1216 χρή-

1251 1237 1322 1267 σεις
1337 1221 1465 1275 ἑτέροις
1479 1229 1648 1276 παρεῖχον
1662 1238 1669 1245 ·
1687 1223 1762 1260 ὅθεν
1783 1222 1924 1265 δικαίως
1942 1221 1982 1260 ἄν
2001 1237 2053 1266 τις
2069 1220 2193 1266 αὐτοὺς
2210 1222 2277 1274 οὔχ

1250 1280 1405 1333 ἑταίρους
1420 1281 1497 1319 ἀλλ’
1511 1281 1647 1334 ἑταίρας
1663 1280 1834 1318 ὕπέλαὸεν
1847 1311 1857 1329 ,
1871 1280 1946 1319 οὐδὲ
1961 1279 2177 1334 στρατιώτας
2185 1280 2277 1319 ἀλλὰ

1250 1339 1477 1391 χαμαιτύπας
1496 1339 1784 1393 προσηγόρευσεν.
1806 1338 2024 1392 Ἀνδροφόνοι
2039 1339 2107 1393 γὰρ
2123 1339 2188 1387 τὴν
2207 1339 2276 1393 φύ-

1251 1413 1305 1436 σιν
1337 1397 1451 1446 ὅντες,
1487 1399 1713 1451 ἀνδρόπορνοι
1738 1397 1796 1436 τὸν
1833 1397 1960 1452 τρόπον
1993 1392 2094 1445 ἦσαν.
2124 1397 2220 1451 Πρὸς
2241 1396 2278 1437 δὲ

1249 1457 1384 1499 τούτοις
1423 1456 1499 1494 ἀντὶ
1529 1457 1591 1507 μὲν
1629 1460 1690 1495 τοῦ
1717 1456 1836 1510 νήφειν
1862 1456 1902 1495 τὸ
1944 1455 2081 1508 μεθύειν
2113 1456 2276 1508 ἠγάπων,

1252 1515 1330 1553 ἀντὶ
1361 1514 1396 1554 δὲ
1423 1520 1484 1553 τοῒ)Ι
1521 1514 1674 1566 κοσμίως
1718 1516 1779 1567 ζῇν
1823 1515 1990 1568 ἁρπάζειν
2027 1514 2087 1553 καὶ
2125 1514 2278 1568 φονεύειν

1251 1573 1407 1620 ἐζήτουν.
1430 1573 1501 1613 Καὶ
1528 1573 1567 1612 τὸ
1587 1573 1650 1625 μὲν
1677 1573 1856 1622 ἀληθεύειν
1888 1573 1947 1612 καὶ
1976 1579 2050 1617 ταῖς
2079 1573 2279 1625 ὁμολογίαις

1252 1632 1414 1684 ἐμμένειν
1435 1633 1498 1671 οὐκ
1523 1634 1645 1671 οἷκεῑον
1664 1635 1778 1671 αὑτῶν
1798 1631 1974 1684 ἐνόμιζον,
1993 1631 2034 1671 τὸ
2060 1632 2089 1671 δ’
2106 1634 2278 1686 ἐπιορκεῖν

1251 1692 1311 1731 καὶ
1331 1691 1522 1745 φενακίζειν
1552 1693 1586 1730 ἐν
1614 1694 1664 1744 τῷ
1691 1691 1895 1745 σεμνοτάτῳ
1916 1691 2175 1744 ὑπελάμὸανον.
2205 1690 2279 1731 Καὶ

1250 1754 1319 1790 τῶν
1338 1750 1400 1803 μὲν
1420 1750 1648 1804 ὑπαρχόντων
1669 1750 1836 1803 ἠμέλουν,
1858 1753 1926 1790 τῶν
1951 1750 1986 1789 δὲ
2006 1749 2163 1789 ἀπόντων
2191 1751 2279 1789 ἐπε-

1252 1809 1401 1861 θύμουν·
1418 1809 1478 1848 καὶ
1498 1815 1608 1848 ταῦτα
1638 1809 1740 1864 μέρος
1768 1810 1803 1848 τί
1826 1813 1888 1857 τῆς
1911 1809 2085 1863 Εὐρώπης
2117 1808 2277 1862 ἔχοντες;

1250 1868 1383 1919 Οἴομαι
1413 1867 1480 1922 γὰρ
1516 1868 1595 1912 τοὺς
1623 1868 1779 1922 ἑταίρους
1809 1869 1847 1906 οὗ
1884 1868 2045 1911 πλείονας
2074 1867 2174 1911 ὄντας
2200 1867 2279 1905 κατ’

1253 1929 1382 1966 ἐκεῖνον
1412 1927 1470 1966 τὸν
1500 1927 1624 1981 χρόνον
1653 1927 1880 1976 ὀκτακοσίων,
1913 1928 1975 1965 οὐκ
1994 1925 2130 1965 ἐλάττω
2148 1924 2280 1979 καρπί-

1251 1987 1368 2029 ζεσθαι
1387 1988 1452 2036 γῆν
1478 1985 1500 2032 ἢ
1531 1985 1672 2039 μυρίους
1694 1987 1764 2023 τῶν
1781 1984 1978 2034 Ἑλλήνων,
1999 1984 2078 2028 τοὺς
2105 1984 2169 2032 τὴν
2200 1983 2280 2038 ἀρί-

1253 2104 1324 2127 cam
1348 2095 1438 2128 brevi
1461 2096 1590 2127 illorum
1606 2095 1721 2128 similis
1745 2095 1915 2128 evadebat.
1939 2097 2020 2127 Nam
2042 2094 2127 2127 bella
2140 2097 2173 2127 et
2185 2103 2281 2136 expe·
2318 2103 2320 2109 ·

1252 2141 1391 2174 ditiones
1412 2144 1444 2173 et
1465 2143 1610 2183 ingentes
1627 2143 1776 2182 sumtus,
1802 2141 1843 2173 ad
1859 2139 2025 2173 audaciam
2047 2149 2102 2172 eos
2140 2143 2173 2173 et
2206 2140 2283 2172 vitae

1251 2189 1500 2229 immodestiam,
1528 2189 1788 2230 luxuriosamque
1804 2190 1838 2221 et
1851 2188 2014 2220 latronum
2038 2188 2115 2220 vitae
2145 2186 2282 2219 similem

1257 2236 1462 2277 instigabant.

1297 2283 1452 2315 Modestis
1469 2283 1614 2315 moribus
1628 2283 1775 2315 homines
1790 2281 1875 2314 etad
1890 2289 1957 2313 rem
1974 2279 2162 2312 familiarem
2179 2281 2281 2312 atten-
2318 2303 2320 2322 ;

1258 2330 1307 2360 tos
1322 2329 1554 2369 aspernabatur
1570 2329 1736 2370 Philippus
1753 2339 1760 2360 ε
1776 2328 1831 2370 qui
1849 2328 1882 2360 in
1895 2327 1964 2359 alea
1978 2329 2011 2359 et
2025 2327 2057 2358 in
2073 2326 2280 2369 compotatio-
2315 2331 2320 2353 ’-

1257 2375 1353 2407 nibus
1370 2376 1472 2407 vitam
1486 2376 1701 2415 traducerent,
1718 2376 1778 2408 hos
1795 2375 1881 2407 solos
1901 2374 2053 2406 laudabat
2068 2374 2277 2415 ornabatque.
2315 2403 2320 2416 ,

1256 2423 1363 2459 Quare
1376 2431 1440 2453 non
1456 2423 1571 2462 modo,
1593 2425 1630 2454 ut
1646 2423 1697 2455 his
1711 2423 1808 2454 rebus
1821 2429 2002 2462 numquam
2013 2422 2157 2452 carerent
2171 2443 2181 2460 ,
2197 2429 2285 2453 cura-
2317 2460 2320 2462 q

1255 2469 1304 2500 vit
1322 2479 1329 2499 :
1347 2477 1460 2501 verum
1488 2470 1584 2502 etiam
1601 2469 1733 2510 reliquae
1755 2469 1862 2501 omnis
1877 2467 2060 2508 iniquitatis
2088 2468 2122 2499 et
2136 2466 2280 2499 libidinis
2310 2467 2320 2489 ³-

1255 2515 1390 2547 athletas
1410 2516 1544 2548 eosdem
1573 2516 1690 2548 effecit.
1719 2515 1805 2554 Quid
1832 2515 1918 2548 enim
1935 2516 2030 2555 turpe
2041 2514 2094 2546 vel
2112 2513 2284 2546 scelestum
2311 2517 2320 2546 ἔ

1255 2561 1296 2592 ab
1306 2561 1345 2593 iis
1355 2561 1483 2595 abfuit?
1493 2564 1550 2595 aut
1560 2563 1640 2604 quid
1653 2564 1825 2595 honestum
1839 2561 2022 2604 probumve
2031 2560 2155 2594 adfuit?
2166 2562 2282 2593 Nonne
2314 2560 2320 2564 “

1256 2609 1289 2640 hi
1307 2611 1415 2650 erant,
1431 2610 1507 2650 qui,
1525 2610 1586 2642 viri
1601 2619 1702 2651 quum
1717 2612 1842 2650 essent,
1869 2617 2047 2649 numquam
2075 2616 2140 2640 non
2166 2607 2231 2640 resi
2246 2609 2280 2640 et
2307 2615 2320 2649 ⁴2*

1257 2655 1432 2696 deglabrati
1445 2655 1746 2696 conspiciebantur?
1765 2664 1889 2695 nonne,
1913 2655 1970 2696 qui
1992 2654 2063 2687 aliis
2078 2655 2120 2687 ad
2138 2654 2276 2686 infames

1257 2702 1403 2735 libidines
1415 2702 1631 2735 abutebantur
1641 2703 1783 2735 barbatis
1800 2702 2010 2735 hominibus?
2024 2704 2064 2734 Et
2077 2700 2209 2743 quidem
2219 2701 2285 2733 duo
2301 2706 2320 2759 ἒ

1258 2749 1309 2781 vel
1322 2749 1385 2782 tria
1401 2750 1545 2782 mascula
1559 2753 1666 2782 scorta
1685 2750 1823 2791 quisque
1838 2758 1951 2782 eorum
1971 2757 2081 2781 secum
2100 2747 2284 2781 circumdu-

1258 2796 1351 2828 cebat
1365 2806 1372 2827 :
1392 2796 1453 2837 ipsi
1470 2805 1548 2828 vero
1562 2797 1675 2828 eadem
1690 2806 1804 2828 rursus
1814 2796 1994 2829 ministeria
2004 2796 2074 2828 aliis
2085 2795 2284 2837 praebebant.

1260 2845 1366 2880 Quare
1381 2843 1495 2875 merito
1517 2843 1588 2875 illos
1608 2852 1674 2874 non
1691 2843 1811 2875 amicos
1831 2844 1913 2883 regis
1926 2867 1935 2883 ,
1954 2842 2009 2875 sed
2033 2843 2171 2882 amicas,
2188 2841 2287 2874 dixis·

1259 2898 1327 2930 ses;
1342 2898 1400 2921 nec
1416 2890 1551 2928 milites,
1566 2889 1621 2922 sed
1635 2890 1815 2930 prostibula
1826 2914 1835 2928 ,
1850 2890 2062 2921 nominasses.
2087 2891 2170 2921 Nam
2183 2893 2292 2930 quum*

1259 2937 1385 2976 iugenio
1404 2937 1574 2968 homicidae
1603 2939 1730 2975 essent,
1749 2936 1896 2968 moribus
1925 2938 2031 2968 scorta
2055 2935 2162 2968 virilia
2182 2936 2289 2969 erant-⁴.

1258 2983 1308 3015 Ad
1324 2983 1414 3022 haec,
1438 2983 1644 3015 sobrietatem
1667 2983 1792 3023 perosi,
1818 2982 2041 3014 temulentiam
2065 2981 2243 3022 amabant;
2266 2990 2298 3015 a·-

1258 3029 1416 3061 modestia
1426 3029 1531 3069 alieni,
1549 3029 1591 3060 nil
1605 3029 1668 3061 nisi
1682 3030 1827 3070 rapinam
1841 3031 1874 3061 et
1888 3029 2009 3061 caedern
2025 3028 2290 3062 meditabantur.»
2315 3052 2320 3054 -

1258 3077 1434 3109 Veritatem
1450 3076 1566 3116 colere,
1581 3079 1613 3108 et
1625 3085 1755 3108 servare
1774 3076 1880 3108 datam
1895 3075 2002 3114 tidem,
2019 3075 2097 3107 nihil
2110 3075 2151 3108 ad
2165 3083 2199 3107 se
2217 3079 2285 3116 pe&

1260 3125 1359 3156 tinere
1376 3122 1604 3155 existimabant
1620 3133 1627 3154 ε
1647 3123 1786 3164 peJ‘erare
1803 3131 1879 3154 vero
1894 3123 1926 3154 et
1939 3122 2096 3163 decipere,
2108 3121 2142 3152 in
2157 3127 2289 3153 summe
2309 3159 2312 3162 ¹

1259 3170 1354 3202 laude
1369 3170 1540 3211 ponebant.
1562 3171 1642 3207 Quae
1658 3170 1790 3202 aderant
1804 3193 1813 3209 ‚
1833 3178 1898 3201 non
1915 3169 2071 3201 curabant
2092 3179 2099 3200 :
2119 3177 2193 3210 quae
2209 3172 2288 3213 vern·

1260 3217 1409 3255 deerant,
1438 3225 1476 3248 ea
1491 3216 1764 3257 concupiscebant
1785 3226 1792 3247 :
1811 3224 2008 3256 quamquam
2020 3240 2029 3256 ‚
2053 3218 2206 3256 quantam
2221 3215 2283 3258 Eu-

1260 3273 1348 3305 ropae
1359 3266 1480 3304 partem
1495 3263 1560 3303 jam
1574 3266 1643 3294 tum
1660 3263 1881 3304 possidentes!
1897 3265 1979 3295 Puto
1993 3263 2092 3300 enim,
2109 3261 2210 3294 famili
2288 3284 2290 3286 -

1260 3311 1443 3351 amicosque
1458 3310 1594 3350 Philippi
1608 3333 1616 3349 ,
1633 3319 1735 3350 quum
1756 3319 1820 3342 non
1835 3310 1942 3351 plures
1959 3312 2067 3342 essent
2083 3317 2122 3341 eo
2140 3311 2305 3349 temporeff

1260 3367 1359 3399 quam
1372 3358 1558 3398 octingenti,
1573 3366 1636 3388 non
1652 3358 1808 3390 minorem
1832 3360 1925 3390 terrae
1940 3356 2200 3397 tractum,·cujus
2217 3340 2307 3398 stu-L}

1261 3409 1332 3438 ctus
1353 3404 1573 3446 perciperent,
1601 3405 1787 3445 possedisse
1831 3414 1929 3438 uuam
1955 3405 2060 3437 decies
2077 3403 2164 3436 mille
2177 3396 2303 3446 Graeci}
