2320 3684
137 187 210 223 ¹86

186 324 320 375 steph.
342 326 428 373 Byz.
450 337 457 359 ;
477 320 593 371 Δύμη,
612 318 712 363 πόλις
734 317 890 370 Ἀχαίας,
910 318 1044 371 ἐσχάτη
1072 320 1157 374 πρὸς

133 381 244 431 δύσιν,
264 380 338 420 ὅθεν
355 380 414 419 καὶ
439 378 670 431 Καλλίμαχος
686 379 721 416 ἔν
744 377 1023 431 ἐπιγράμμασιν·

359 451 413 487 Εἰς
430 450 536 490 Δύμην
553 448 684 481 ἀπιόντα
699 449 755 487 τὴν
770 448 928 489 Ἀχαῖκήν.

134 510 207 550 Καὶ
241 509 343 560 Δύμη
374 512 396 555 ἡ
429 506 531 560 χώρα
563 506 675 545 πάλαι
707 507 865 545 ἐκαλεῖτο
885 537 896 556 ,
930 510 953 554 ἡ
983 506 1019 545 δὲ
1058 507 1159 552 πόλις

133 568 300 622 Στρατός.
323 566 495 619 ε’Υστερον
523 565 559 604 δὲ
579 567 638 604 καὶ
655 568 677 612 ἡ
699 564 800 609 πόλις
821 566 880 604 καὶ
899 568 920 613 ἡ
938 566 1039 620 χώρα
1055 567 1156 619 Δύμη

134 626 344 674 ἐκλήθησαν.
371 624 520 676 Λέγεται
547 625 605 663 καὶ
635 626 895 672 πληθυντικῶς,
915 627 962 668 ὡς
986 625 1159 664 Ἀπολλό-

136 688 242 739 δωρος
245 714 350 724 .....
368 683 411 724 Ὁ
435 684 580 731 πολίτης
603 686 775 735 Δυμαῖος·
795 682 948 738 Ἔφορος
964 683 1019 723 κδ’
1022 699 1030 708 ·
1049 687 1158 724 «Πα-

136 743 368 798 ραγενομένης
385 743 422 782 δὲ
439 746 501 791 τ’ῆς
516 749 679 797 στρατιᾶς
701 745 747 787 εἷς
766 742 829 791 τὴν
853 742 991 795 Δύμην,
1020 746 1158 798 πρῶτον

136 802 199 854 μὲν
226 805 257 841 οἱ
280 806 431 854 Δυμαῖοι
459 801 762 854 καταπλαγέντες.
780 832 788 840 .
811 832 820 840 .
840 820 855 836 υ
874 802 933 841 καὶ
954 802 1159 848 Παυσανίας

136 861 176 908 ζ’·
198 881 213 897 (ι
231 862 379 915 Οἷὸώτᾳ
402 862 500 915 ἀνδρὶ
523 861 672 916 Δυμαίῳ
692 861 835 900 σταδίου
869 861 932 913 μὲν
959 861 1160 916 ἀνελομένῳ

135 920 247 969 νίκην.
263 939 280 956 »
299 921 370 960 Καὶ
382 920 552 965 Φίλιστος
562 922 755 960 Σικελικῶν
765 917 839 959 α’·«ι
854 920 939 959 Ἐπὶ
954 921 1161 974 τῆςὈλυμ-

135 979 277 1029 πιάδος,
295 980 372 1020 καθ’
381 979 423 1027 ἣν
435 983 453 1018 ὁ
465 979 629 1023 Οἷὸώτας
639 981 673 1031 [ὁ
683 982 852 1032 Δυμαῖος]
865 979 962 1019 ἐνίκα
976 980 1130 1020 στάδιον.
1144 998 1160 1015 »

189 1038 319 1077 Verba
347 1037 404 1077 ἐπὶ
424 1041 485 1086 τ’ῆς
505 1038 635 1090 Ὀλυμ.
648 1040 782 1077 Berkel
802 1040 855 1076 ita
886 1040 1085 1077 emendat:
1105 1039 1162 1078 ἐπὶ

135 1097 367 1150 τῆςὈλυμπ.
376 1097 424 1147 η’,
441 1098 519 1136 καθ’
538 1102 581 1145 ἣν
598 1101 616 1137 ὁ
635 1097 799 1141 Οἷὸώτας
815 1099 971 1149 Δυμαῖος
979 1099 1026 1137 ἓν.
1047 1098 1162 1147 στάδ.;

136 1158 276 1208 legitur
308 1157 410 1196 enim
439 1160 478 1195 in
503 1161 575 1196 Ms.
602 1159 758 1208 Seguer.
789 1156 846 1195 ἐπὶ
865 1159 927 1203 τῆς
950 1157 1104 1208 Ὀλυμπ.
1130 1156 1166 1205 η’

137 1215 302 1260 Οἷὸώτας
339 1217 387 1255 ἐν.
413 1215 511 1255 στάδ.
538 1215 611 1255 Sed
630 1230 812 1254 numerus
831 1214 865 1262 η’
880 1217 996 1254 salsus
1016 1225 1085 1262 est,
1123 1225 1166 1254 ut

137 1276 360 1315 observavit
379 1277 533 1315 Goeller.
553 1276 610 1315 Cf.
632 1280 742 1314 Paus.
766 1279 838 1322 VI,
856 1277 899 1322 33
919 1275 1006 1324 Vll,
1030 1290 1087 1323 17.

426 1421 577 1456 LIBER
606 1419 882 1455 SECUNDUS.

191 1537 324 1574 Idem:
346 1534 497 1588 Ἐρύκη,
522 1476 691 1582 Σικελι7κὴ
724 1533 836 1578 πολίς.
866 1533 1036 1578 Φίλιστος
1059 1535 1167 1574 Σικε-

136 1595 244 1633 λικῶν
265 1592 426 1647 δευτέρῳ.

637 1657 674 1694 8.

191 1716 349 1766 Dionys.
371 1718 419 1756 H.
439 1716 560 1767 Epist.
577 1716 627 1754 ad
649 1720 784 1766 Pomp.
804 1715 852 1754 de
871 1716 1015 1755 Histor.
1036 1716 1106 1766 §5:
1125 1714 1170 1754 ‘H

138 1774 313 1815 Φιλίστου
325 1773 451 1829 φράσις
469 1775 629 1826 ὁμοειδὴς
640 1781 739 1814 πᾶσα
756 1776 873 1819 δεινῶς
886 1775 945 1814 καὶ
963 1775 1171 1829 ἀσχημάτι-

139 1833 219 1877 στός
238 1835 325 1882 ἔστι,
347 1834 407 1872 καὶ
431 1834 564 1878 πολλὰς
599 1833 692 1887 εὕροι
711 1850 763 1877 τις
787 1833 827 1872 ἂν
850 1835 1030 1895 περιόδους
1046 1834 1174 1885 ὁμοίως

288 1895 299 1908 C
337 1893 346 1908 9
391 1894 402 1907 5

141 1892 261 1947 ἐφεξῆς
286 1909 335 1931 υπ
364 1897 470 1932 αυτοῦ
502 1892 831 1946 σχηματιζομένας·
849 1897 920 1932 οἱον
941 1895 976 1932 ἐν
1001 1895 1094 1947 ἀρχῇ
1113 1897 1175 1940 τῆς

141 1950 302 2004 δευτέρας
318 1953 386 1990 τῶν
406 1951 485 2006 περὶ
507 1952 687 1996 Σικελίας·
712 1951 971 2006 «Συρακούσιοι
996 1951 1033 1991 δὲ
1051 1968 1172 2006 παρα-

640 2102 676 2135 6.

183 2153 288 2194 nyma
302 2178 311 2194 ,
326 2152 405 2186 urbs
427 2153 557 2186 Achaiae
569 2177 578 2192 ‚
594 2153 710 2186 ultima
728 2154 768 2186 ad
786 2154 1005 2195 occidentem;
1022 2163 1121 2196 quare
1141 2158 1173 2187 et

142 2201 360 2234 Callimachus
376 2201 410 2232 iu
425 2201 674 2242 Epigrammatis
689 2202 776 2233 canit
791 2211 799 2233 :

351 2261 484 2298 Dymam
502 2261 682 2300 profectum
698 2261 874 2292 Achaicam.

144 2322 219 2362 Ipsa
243 2328 372 2361 quoque
388 2320 474 2361 regio
497 2320 678 2361 antiquitus
703 2322 808 2361 Dyma
829 2319 1071 2361 appellabatur,
1094 2320 1173 2353 urbs

145 2376 224 2399 vero
241 2369 377 2399 Stratus.
401 2369 518 2399 Postea
543 2376 621 2400 vero
639 2368 735 2400 etiam
753 2375 830 2399 oum
856 2368 934 2399 urbs
948 2390 957 2407 ‚
980 2370 1050 2399 tum
1088 2368 1174 2409 regio

145 2416 252 2456 Dyma
266 2417 392 2446 vocatae
407 2418 495 2446 sunt.
512 2414 637 2446 Dicitur
651 2423 781 2455 quoque
796 2423 931 2447 numero
954 2415 1174 2448 multitudinis

145 2463 270 2502 Dymae,
287 2464 323 2493 ut
335 2461 420 2502 apud
441 2462 684 2502 Apollodorum.
740 2486 761 2493 ..
777 2463 878 2500 Civis,
892 2465 1057 2503 Dymaeus.
1072 2463 1175 2503 Epho-

145 2517 202 2540 rus
231 2508 314 2540 libro
329 2508 487 2549 vigesimo
501 2510 616 2549 quarto
632 2519 639 2540 :
660 2522 676 2536 «
692 2509 843 2541 Immisso
862 2512 969 2541 autem
987 2510 1019 2540 in
1035 2512 1174 2550 Dymam

146 2556 307 2597 regionem
323 2555 477 2595 exercitu,
489 2556 595 2597 primo
609 2557 734 2597 Dymaei
751 2559 872 2588 terrore
884 2557 1022 2597 perculsi
1036 2559 1172 2589 sunt...»

146 2604 190 2636 Et
211 2602 387 2635 Pausanias
411 2602 493 2634 libro
515 2602 674 2644 septimo:
693 2603 854 2636 «OEbotae
869 2603 941 2635 viro
963 2606 1097 2645 Dymaeo
1118 2605 1175 2645 qui

147 2660 246 2683 cursu
271 2650 305 2682 in
333 2649 438 2682 stadio
453 2651 629 2692 reportavit
663 2651 844 2683 victoriam.
863 2665 879 2679 »
893 2671 936 2677 -
950 2654 992 2684 Et
1020 2652 1175 2684 Philistus

147 2699 268 2731 Rerum
283 2697 463 2730 Sicularum
477 2696 560 2729 libro
573 2697 678 2739 primo
696 2708 703 2730 :
725 2711 740 2726 α
750 2698 940 2740 Olympiade
955 2708 1020 2739 qua
1035 2699 1176 2730 stadium

149 2746 308 2779 currendo
320 2745 399 2777 vicit
414 2744 553 2777 OEbotas
568 2744 759 2787 [Dymaeus].
775 2757 791 2773 »

441 2862 595 2902 LIBER
622 2861 898 2901 SECUNDUS.

194 2992 307 3030 Eryce,
326 2989 404 3022 urbs
422 2990 540 3030 Sicula,
563 2991 604 3023 de
619 2940 684 3031 quia
701 2990 854 3023 Philistus
871 2990 953 3023 libro
970 2991 1124 3023 secundo.

647 3050 683 3082 8.

196 3100 323 3132 Philisti
358 3101 496 3133 elocutio
523 3101 707 3140 uniformis,
735 3101 854 3142 gravis,
879 3110 916 3133 ac
934 3101 1032 3134 nullis
1068 3101 1178 3143 figuris

155 3149 269 3178 ornata
299 3148 349 3178 est
366 3171 375 3186 ‚
408 3150 506 3188 atque
544 3148 663 3180 multas
702 3148 854 3190 deinceps
882 3148 1031 3189 periodos
1061 3149 1180 3181 inveni·

157 3201 192 3225 re
226 3201 401 3232 possumus
432 3194 545 3226 eodem
579 3195 677 3226 modo
706 3195 747 3227 ab
776 3204 814 3227 eo
829 3196 994 3236 formatas,
1011 3197 1111 3229 veluti
1126 3197 1180 3230 illa

157 3239 191 3272 in
213 3239 373 3280 principio
396 3241 530 3272 secundi
560 3241 635 3273 libri
660 3242 700 3274 de
725 3242 859 3274 Sicilia:
881 3256 897 3270 α
918 3245 1110 3284 Syracusani
1129 3253 1181 3276 au-

156 3287 235 3325 tem,
249 3286 404 3317 assumtis
423 3286 484 3318 sibi
501 3288 598 3319 sociis
613 3290 854 3329 Megarensibus
867 3292 898 3322 et
910 3291 1054 3330 EnnaeiS,
1071 3293 1181 3324 Cama-

158 3332 302 3365 rinenses
318 3341 394 3364 vero
407 3357 416 3372 ,
434 3334 558 3366 Siculos
574 3336 606 3367 et
622 3335 702 3368 alios
718 3336 793 3369 belli
812 3338 916 3370 socios
932 3340 1047 3379 praeter
1063 3339 1180 3372 Geloos

159 3382 388 3420 congregantes
403 3389 411 3411 :
429 3380 521 3412 Geloi
534 3384 641 3414 autem
660 3391 735 3415 cum
750 3385 960 3424 Syracusanis
974 3388 1131 3426 negarunt
1145 3395 1180 3419 se

895 176 1121 216 PHILISTI
1149 176 1476 217 FRAGMENTA.

1216 259 1384 306 λαὸόντες
1401 263 1575 315 Μεγαρεῖς
1610 261 1669 300 καὶ
1711 262 1913 311 Ἐνναίους,
1933 265 2173 318 Καμαριναῖοι
2201 265 2243 306 δὲ

1216 319 1382 364 Σικελοὺς
1411 319 1470 358 καὶ
1486 319 1565 364 τοὺς
1585 319 1709 364 ἄλλους
1725 321 1945 373 συμμάχους,
1963 321 2056 369 πλὴν
2080 324 2109 362 Γ
2111 322 2243 373 ελώων,

1218 378 1438 431 ἀθροίσαντες
1473 380 1635 430 (Γελῶοι
1661 379 1697 418 δὲ
1734 380 1983 434 Συρακουσίοις
2016 382 2079 420 οὐκ
2111 381 2243 436 ἔφασαν
2277 385 2288 421 ’Ξ

1215 436 1456 489 πολεμήσειν)·
1480 438 1713 491 Συρακούσιοι
1730 438 1766 477 δὲ
1808 439 2060 490 πυνθανόμενοι
2085 442 2246 495 Καμαρι-
2275 432 2298 468 ‘³¹‘

1215 494 1329 539 ναίους
1341 495 1399 534 τὸν
1420 495 1585 550 Ὑρμινὸν
1613 495 1799 541 διαὸάντας
1813 527 1823 537 .
1842 526 1850 535 .
1870 530 1879 539 .
1900 516 1916 531 υ
1941 500 2064 538 Ταῦτα
2089 496 2126 536 δὲ
2153 499 2245 547 ἀηδῆ

1217 553 1308 592 πάνυ
1325 553 1409 593 ὄντα
1428 555 1505 606 ἐμοὶ
1525 555 1694 607 φαίνεται.

1271 672 1403 723 steph.
1425 676 1542 723 Byz.:
1569 672 1712 722 Ἰαιθία,
1738 672 1838 717 πόλις
1871 673 2046 717 Σικελίας.
2079 673 2249 717 Φίλιστος

1219 731 1412 769 Σικελικῶν
1431 730 1590 784 δευτέρῳ.
1614 731 1667 771 Τὸ
1687 731 1818 770 ἐθνικὸν
1838 732 2008 775 Ἰαιθῖνος.

1708 796 1766 834 10.

1274 859 1381 899 Idem
1398 875 1405 897 :
1427 860 1611 910 Καίκινον,
1627 860 1757 914 χωρίον
1778 859 1963 899 Ἰταλικόν.
1981 859 2151 904 Φίλιστος
2167 861 2249 899 δευ-

1220 916 1310 971 τέρῳ
1329 919 1541 958 Σικελικῶν.

1716 978 1772 1016 11.

1274 1042 1404 1080 Idem:
1423 1040 1610 1095 Μόργυνα,
1636 1041 1735 1085 πόλις
1766 1042 1938 1081 Σικελῶν.
1972 1040 2142 1085 Φίλιστος
2173 1041 2252 1079 δευ-

1225 1098 1326 1154 τέρῳ.

1281 1217 1412 1255 Idem:
1430 1217 1593 1266 Ἐλαυία,
1614 1159 1775 1270 φρούριιοῖν
1796 1216 1970 1260 Σικελίας.
1991 1215 2161 1260 Φίλιστος
2182 1215 2226 1268 β’.

1714 1281 1772 1319 13.

1282 1344 1418 1382 Idem:
1450 1344 1668 1399 Ἔρὸησσὸς,
1702 1345 1864 1389 Σικελίας
1892 1344 2003 1390 πόλις.
2037 1344 2092 1385 Τὸ
2123 1345 2255 1384 ἐθνικὸν

1229 1403 1472 1457 Ἐρὸησσινός.
1493 1403 1662 1448 Φίλιστος
1685 1405 1879 1444 Σικελικῶν
1903 1406 1948 1457 β’.

1715 1469 1774 1508 14.

1283 1534 1416 1572 Idem:
1440 1533 1634 1589 Ἐργέτιον,
1664 1534 1763 1578 πόλις
1792 1533 1966 1577 Σικελίας.
1995 1533 2164 1578 Φίλιστος
2193 1534 2259 1573 Σι-

1231 1594 1379 1631 κελικῶν
1396 1594 1559 1648 δευτέρῳ.

1718 1653 1777 1692 15.

1285 1717 1420 1755 Pollux
1441 1720 1581 1756 Onom.
1608 1721 1659 1766 X,
1683 1719 1757 1756 166
1780 1734 1788 1755 :
1814 1717 2001 1756 Ἐκαλεῖτο
2026 1715 2063 1754 δὲ
2088 1715 2148 1754 καὶ
2162 1715 2257 1768 λαμ·

1231 1773 1325 1829 πτὴρ
1345 1779 1363 1814 ὃ
1380 1778 1584 1828 λυχνοῦχος.
1601 1776 1664 1815 Ἐν
1681 1779 1763 1828 γοῦν
1775 1778 1825 1829 τῷ
1837 1774 1986 1830 δευτέρῳ
1998 1777 2067 1813 τῶν
2086 1774 2260 1814 Φιλίστου

1234 1834 1378 1886 βιὸλίων
1399 1834 1555 1889 εἴρηται,
1581 1854 1596 1870 α
1615 1835 1674 1874 καὶ
1702 1835 1764 1879 τὰς
1780 1834 1907 1878 νύκτας
1932 1834 2138 1888 ἐπαίρεσθαι
2162 1835 2261 1884 λαμ-

1236 1897 1368 1948 πτῆρας
1393 1895 1772 1950 ἀντιπεφραγμένους·»
1792 1895 1966 1942 ὕποδηλοῖ
1991 1893 2029 1934 δὲ
2055 1893 2114 1932 τὸν
2139 1895 2178 1932 ἐκ
2197 1892 2259 1931 κε’-

1236 1968 1338 2004 ρατος
1357 1953 1477 2007 φανόν.

1231 2095 1352 2127 bellum
1363 2098 1509 2137 gesturos
1524 2095 1736 2137 :Syracusani
1757 2103 1842 2134 vero,
1856 2094 2035 2134 audientes,
2053 2093 2261 2126 Camarinen-

1231 2150 1283 2174 ses
1297 2143 1492 2183 Hyrminum
1509 2144 1751 2185 trajecisse......
1763 2156 1779 2171 »
1798 2145 1876 2175 Haec
1891 2142 1972 2174 mihi
1983 2142 2116 2174 omnino
2128 2141 2262 2174 taedioss
2314 2168 2318 2172 ⁴

1231 2198 1304 2222 esse
1319 2189 1483 2222 videntur.

1274 2301 1407 2341 methin,
1425 2301 1503 2333 urbs
1533 2301 1650 2333 Siciliae
1662 2325 1671 2340 ,
1689 2251 1808 2342 de9ciua
1828 2300 1984 2333 Philistus
2000 2301 2122 2332 Rerum
2141 2297 2259 2331 Sicula-

1233 2355 1307 2378 rum
1324 2347 1406 2379 libro
1421 2348 1575 2380 seeundo.
1594 2348 1738 2387 Gentile,
1756 2348 1924 2380 'la‘thinus

1277 2459 1463 2499 Caecinum,
1483 2459 1639 2501 oppidum
1661 2409 1811 2492 Italicouim
1823 2483 1832 2499 ,
1853 2459 1894 2492 de
1912 2467 1977 2500 quo
2007 2457 2163 2491 Philistus
2180 2455 2263 2490 libro

1235 2506 1378 2538 secundo
1393 2507 1513 2538 Rerum
1526 2506 1718 2538 Sicularum.

1277 2618 1444 2696 Mgrgyna,
1484 2617 1562 2650 urbs
1585 2567 1779 2657 Siculoriinli,
1800 2617 1841 2650 de
1859 2626 1924 2658 qua
1944 2615 2099 2649 Philistus
2116 2615 2200 2648 libro
2215 2623 2263 2648 se·
2296 2621 2297 2627 ¹

1236 2673 1300 2695 cun
1326 2673 1356 2695 o.

1720 2720 1733 2752 1
1742 2719 1763 2751 2
1769 2742 1777 2751 .
2295 2747 2299 2749 ,

1277 2768 1388 2800 Elavia
1399 2792 1407 2808 ,
1446 2770 1614 2802 castellum
1637 2770 1771 2810 Siciliae,
1788 2771 1881 2812 quus
1893 2769 2041 2803 meminit
2056 2767 2213 2802 Philistus
2227 2766 2264 2800 n·
2298 2779 2310 2787 „

1236 2815 1296 2847 bro
1311 2815 1465 2848 secundo.

1720 2878 1735 2909 1
1746 2877 1765 2909 3
1772 2900 1782 2909 .
2319 2905 2320 2919 ¹

1278 2926 1455 2966 Erhessus,
1470 2927 1548 2960 urbs
1564 2927 1693 2960 Siciliae.
1730 2928 1875 2966 Gentile,
1896 2927 2113 2967 Erbcssinus‚
2136 2928 2265 2960 auctore
2287 2959 2291 2964 ,
2318 2923 2320 2937 ³

1237 2974 1373 3006 Philisto
1389 2974 1472 3006 libro
1488 2975 1630 3007 secundo
1646 2977 1766 3007 Rerum
1782 2976 1973 3008 Sicularum.

1279 3085 1455 3126 Ergetium,
1473 3085 1551 3118 urbs
1578 3035 1828 3127 Siciliae,1ci1}us
1845 3085 1990 3118 meminit
2006 3083 2161 3117 Philistus
2179 3084 2264 3118 libro
2279 3074 2293 3122 1⁴>¹

1238 3133 1380 3166 secundo
1395 3134 1514 3165 Rerum
1531 3133 1723 3165 Sicularum.

1722 3194 1735 3224 1
1746 3192 1782 3224 5.
2268 3207 2310 3221 a<

1281 3247 1420 3278 Laterna
1436 3254 1512 3277 vero
1528 3245 1625 3277 etiam
1649 3245 1792 3286 λαμπτὴρ
1809 3244 1897 3275 dicta
1912 3245 1972 3275 est.
1992 3242 2118 3275 Philisti
2132 3241 2287 3283 quidem

1239 3292 1381 3325 secundo
1395 3292 1478 3324 libro
1494 3292 1618 3324 dictum
1639 3294 1688 3323 est
1705 3301 1712 3323 :
1734 3305 1749 3319 «
1763 3293 1805 3323 Et
1819 3293 1916 3323 noctu
1931 3291 2069 3322 laternas
2086 3289 2262 3330 (eamne,
2280 3300 2285 3305 ·

1238 3349 1308 3381 qua
1337 3339 1465 3372 hostem
1492 3341 1660 3379 spectant)
1693 3339 1844 3379 obseptas
1881 3338 2026 3370 attollere
2043 3349 2059 3365 »
2095 3333 2267 3376 :inveniat

1238 3396 1316 3419 vero
1328 3387 1483 3420 laternam
1498 3395 1660 3419 corneam.
