2320 3684
830 130 1132 171 THEOPOMPI
1161 131 1496 172 FRAGMENTA.

2129 141 2205 175 297

87 219 198 257 blicis
218 219 290 257 sibi
316 219 430 257 simul
444 227 483 258 et
496 218 603 258 Chiis
631 218 754 256 fausta
770 217 1040 268 precabantur.
1059 219 1115 256 Cf.
1177 219 1358 269 ‹lulgebat
1374 219 1444 256 sibi
1473 218 1673 264 liberalius,
1693 233 1806 268 quam
1834 227 1874 256 ut
1893 222 2067 258 invidiam
2102 225 2209 272 vulgi

85 278 207 317 Thuc.
226 281 292 326 IV,
311 278 373 316 51.

549 340 641 381 116.

138 409 383 458 Harpocrat.:
402 403 600 447 Μαύσωλος
668 402 787 457 ἄρχων
805 404 948 471 Καρῶν·
970 402 1056 456 φησὶ
1080 402 1117 441 δὲ

83 459 186 498 αὐτὸν
207 458 420 510 Θεόπομπος
433 456 583 509 μηδενὸς
596 455 792 509 ἀπέχεσθαι
802 471 1009 509 πραγματος
1030 471 1119 509 χρη-

83 518 205 569 μάτων
229 516 341 557 ἕνεκα.

135 578 266 616 Idem:
287 574 539 630 Ἀρτεμισία...
554 574 709 629 θυγάτηρ
731 573 794 626 μὲν
811 568 854 623 ἦν
874 573 1116 626 Ἑκατόμνου,

81 635 167 688 γυνὴ
190 635 299 674 δὲκαὶ
320 634 452 688 ἀδελφὴ
475 633 697 674 Μαυσώλου·
717 633 760 681 ἥν
787 649 874 688 φησι
903 633 1118 685 Θεόπομπος

81 694 218 749 φθινάδι
248 693 340 748 νόσῳ
361 696 565 749 ληφθεῖσαν,
583 693 641 732 διὰ
666 692 730 740 τὴν
750 693 865 741 λύπην
888 692 952 741 τὴν
975 692 1033 731 ἐπὶ
1055 695 1116 731 τοῦ

81 754 203 808 ἀνδρὸς
221 753 280 793 καὶ
299 754 449 808 ἀδελφοῦ
467 752 682 802 Μαυσώλου,
702 754 899 791 ἀποθανεῖν.

134 813 277 851 Eadem
307 813 522 864 reperimus
550 812 655 864 apud
684 812 844 852 Suidam
876 820 914 849 et
933 811 1114 850 Photium

79 871 118 909 h.
145 885 182 910 v.
218 872 274 911 Cf.
310 872 432 911 Cicer.
470 874 515 910 T.
549 874 598 918 Q.
626 875 704 921 ΙΙΙ,
740 873 803 920 31,
835 870 975 910 Strabo
1008 873 1114 916 XIV,

80 943 120 981 p.
159 944 251 981 970.
285 934 382 979 Quae
417 930 467 968 de
501 930 680 968 Mausolo
721 929 903 967 dicuntur
942 928 1115 980 pecuniae

78 989 201 1041 gratia
231 1003 254 1027 a
283 990 390 1027 nullo
421 989 590 1028 facinore
617 988 834 1027 abstinente
860 995 991 1038 aperte
1023 1000 1114 1039 spe-

79 1057 183 1086 ctant
220 1048 269 1086 ad
311 1048 456 1087 bellum
499 1048 651 1086 sociale.
692 1051 824 1098 Quare
864 1047 992 1085 minus
1026 1055 1115 1097 apte

79 1108 321 1159 assignantur
361 1107 464 1146 libro
509 1107 738 1146 duodecimo
753 1137 764 1156 ‚
801 1106 868 1145 sed
903 1106 945 1144 in
990 1106 1113 1159 septi-

8 1184 16 1192 *
79 1179 184 1205 mum
219 1167 279 1205 vel
306 1175 489 1205 octavum
525 1166 729 1217 releganda
761 1173 862 1204 sunt.
885 1168 981 1203 Nam
1009 1165 1114 1216 quod

78 1226 268 1264 Wichers.
287 1233 398 1277 putat
417 1226 552 1277 fragm.
581 1239 594 1262 1
609 1225 653 1263 15
674 1225 906 1263 duodecimo
926 1224 1028 1263 libro
1054 1225 1116 1262 di—

79 1285 190 1323 sertis
221 1284 350 1323 verbis
387 1284 626 1335 adscriptum
657 1293 811 1336 partem
842 1297 925 1322 esse
944 1284 1115 1322 historiae

79 1341 171 1382 belli
187 1344 354 1392 socialis,
375 1357 454 1394 quo
473 1344 748 1395 Theopompus
774 1343 946 1381 indicare
967 1344 1114 1381 voluis-

79 1410 157 1451 set,
188 1402 483 1441 Atheniensium
501 1402 635 1441 civitas
661 1405 731 1441 etsi
764 1403 927 1441 misisset
959 1403 1027 1454 qui
1046 1403 1116 1440 de-

79 1460 287 1499 fectionem
304 1461 505 1511 sedarent,
530 1461 816 1500 multitudinem
847 1469 975 1500 tamen
997 1461 1115 1499 rebus

79 1519 266 1560 Chiorum
294 1521 498 1568 studuisse,
521 1521 616 1559 adeo
638 1529 682 1559 ut
707 1534 731 1559 a
750 1521 824 1559 diis
844 1520 967 1559 fausta
986 1523 1115 1561 omnia

77 1592 160 1618 non
182 1579 309 1618 minus
334 1580 408 1629 his,
441 1593 558 1630 quam
589 1580 663 1618 sibi
690 1580 775 1632 ipsa
806 1588 963 1631 precata
995 1589 1113 1629 esset,

78 1638 156 1677 hoc
171 1638 323 1690 longius
341 1639 506 1691 petitum
528 1648 607 1689 est,
630 1653 703 1677 nec
733 1652 864 1678 rerum
888 1639 985 1678 ordo
1015 1641 1114 1679 hanc

79 1695 340 1748 conjecturam
356 1698 615 1737 commendat.

454 1844 607 1884 LIBER
635 1844 744 1883 XIII.

556 1922 571 1959 l
585 1921 644 1959 17.

134 1992 337 2030 Athenaeus
359 1994 449 2041 XII,
465 2006 504 2044 p.
527 1991 658 2041 532‚B
679 2006 687 2029 :
706 1991 769 2031 'Ev
790 1989 826 2030 δὲ
844 1993 888 2045 τῇ
910 1991 1113 2046 τρισκαιδε-

79 2050 169 2104 κάτῃ
208 2053 279 2090 τῶν
304 2052 536 2091 Φιλιππικῶν
561 2050 641 2104 περὶ
660 2050 820 2105 Χαὸρίου
842 2055 904 2090 τοῦ
929 2051 1111 2100 Ἀθηναίου

78 2110 225 2164 ἱστορῶν
242 2125 346 2163 φησιν
359 2126 368 2135 ·
386 2111 465 2150 «οὖ
483 2109 673 2161 δυνάμενος
687 2108 724 2148 δὲ
742 2112 804 2163 ζῇν
821 2111 857 2149 ἐν
873 2113 917 2164 τῇ
933 2109 1051 2161 πόλει,
1066 2110 1111 2150 τὰ

80 2167 142 2221 μὲν
163 2167 220 2208 διὰ
235 2168 300 2217 τὴν
330 2168 514 2221 ἀσέλγειαν
539 2169 600 2208 καὶ
620 2169 677 2208 διὰ
707 2169 772 2218 τὴν
796 2170 1025 2210 πολυτέλειαν
1044 2170 1109 2219 τὴν

79 2229 185 2266 αὖτοῦ
202 2227 267 2276 τὴν
284 2229 364 2283 περὶ
385 2228 444 2268 τὸν
468 2228 555 2281 βίον,
574 2228 620 2268 τὰ
639 2227 676 2268 δὲ
697 2229 754 2268 διὰ
780 2228 860 2274 τοὺς
885 2229 1089 2278 Ἀθηναίους
1101 2246 1110 2255 ·

78 2286 189 2326 ἅπασι
210 2286 280 2341 γάρ
305 2289 372 2326 εἶσι
400 2287 570 2341 χαλεποί·
599 2287 652 2327 διὸ
679 2288 740 2327 καὶ
774 2286 908 2327 εἵλοντο
936 2291 1049 2328 αὖτῶν
1077 2292 1110 2329 οἱ

77 2343 209 2391 ἔνδοξοι
237 2345 303 2391 ἔξω
326 2349 389 2394 τῆς
416 2345 552 2392 πόλεως
582 2347 790 2386 καταὸιοῧν·
814 2345 1016 2400 Ἰφικράτης
1046 2348 1109 2400 μὲν

78 2405 114 2443 ἐν
150 2403 300 2459 Θρᾴκῃ,
337 2404 460 2445 Κόνων
491 2405 521 2444 δ’
559 2407 595 2444 ἐν
632 2405 781 2460 Κύπρῳ,
817 2405 989 2459 Τιμόθεος
1013 2408 1044 2446 δ’
1072 2410 1108 2447 ἐν

78 2462 219 2517 Λέσὸῳ,
237 2464 359 2518 Χάρης
376 2464 408 2503 δ’
425 2466 460 2503 ἐν
481 2464 625 2519 Σιγείῳ,
643 2464 703 2504 καὶ
723 2465 825 2510 αὐτὸς
843 2468 862 2504 ὁ
885 2465 1045 2520 Χαὸρίας
1072 2468 1108 2506 ἐν

79 2521 259 2577 Αἰγύπτῳ.
279 2541 295 2557 »

56 2599 71 2606 ‚
130 2585 259 2634 Nepos
288 2583 455 2622 Chabria
482 2597 515 2622 c.
542 2585 584 2633 3,
610 2584 904 2636 Theopompum
936 2585 1108 2624 imitatus

79 2652 159 2678 rem
183 2642 238 2680 ita
264 2651 416 2681 enarrat
441 2657 450 2680 :
469 2645 555 2681 Non
586 2647 684 2681 enim
721 2642 878 2681 libenter
910 2654 995 2682 erat
1020 2654 1108 2682 ante

77 2703 198 2737 oculos
215 2704 343 2738 civium
364 2715 512 2739 suorum
522 2730 535 2748 ‚
556 2704 658 2752 quod
669 2712 709 2740 et
721 2703 873 2741 vivebat
888 2707 988 2741 laute
1000 2713 1039 2741 et
1053 2709 1109 2741 in-

118 2898 285 2931 Mausolus
296 2922 306 2939 ,
328 2899 479 2941 princeps
491 2901 612 2932 Garum
628 2909 636 2931 ι
654 2899 694 2932 de
705 2909 772 2941 quo
785 2901 1015 2943 Theopompus
1031 2901 1106 2934 scri·

78 2941 138 2983 hit,
152 2952 227 2977 eum
237 2946 355 2978 anullo
364 2946 671 2989 facinore,pecuniae
686 2956 812 2987 caussa,
820 2948 883 2981 sihi
895 2951 1104 2991 temperasse.

119 2992 302 3032 Artemisia,
313 2993 380 3025 filia
392 2993 454 3026 suit
467 2995 672 3034 Hecatomni‚
686 2996 720 3027 et
731 3004 815 3028 uxor
826 2995 1004 3038 eademque
1015 3006 1106 3029 soror

77 3037 234 3080 Mausoli5
260 3049 359 3081 quam
387 3041 616 3083 Theopompus
631 3042 679 3074 ait
703 3041 779 3074 tabe
806 3045 986 3084 con-eptam
997 3067 1006 3083 ‚
1039 3052 1106 3084 prae

77 3084 178 3118 animi
192 3085 322 3126 dolore,
342 3096 441 3129 quem
463 3087 625 3121 desiderio
646 3088 793 3121 defuncti
815 3088 924 3122 mariti
942 3091 976 3122 et
996 3089 1105 3122 fratris

77 3135 279 3175 conceperat,
289 3134 417 3168 obiisse.
841 3155 859 3173 ο

442 3229 597 3269 LIBER
624 3231 735 3271 XIII.

119 3343 371 3386 Philippicorum
396 3345 479 3378 libro
509 3295 637 3380 ddciriio
661 3330 754 3381 tertio
779 3348 820 3381 de
842 3348 983 3382 Chabria
1005 3349 1099 3380 Athe-

1173 288 1299 326 posset
1313 278 1496 329 effugere.
1513 281 1584 316 Est
1599 282 1696 315 enim
1714 279 1782 315 hoc
1799 291 1991 316 commune
2011 283 2142 318 vitium
2170 286 2208 319 in

1179 343 1326 388 magnis
1352 339 1546 388 liberisque
1575 338 1795 385 civitatibus,
1834 348 1875 376 ut
1905 342 2040 378 invidia
2076 344 2210 392 glorioe

1179 410 1296 434 comes
1314 402 1377 443 sit,
1397 407 1436 435 et
1450 398 1606 435 libenter
1618 400 1664 436 de
1690 402 1734 435 iis
1751 400 1969 445 detrahant,
2002 414 2093 450 quos
2111 406 2208 438 emi-

1178 469 1266 492 nere
1281 458 1438 494 videant
1453 461 1586 503 altius3
1607 472 1726 508 neque
1743 463 1868 496 animo
1892 473 2000 508 oequo
2018 474 2209 511 pauperes

1178 515 1342 551 alienam
1370 518 1594 564 opulentiam
1627 520 1815 554 intuentur
1828 517 2039 566 fortunam.
2074 522 2210 570 Itaque

1182 572 1377 618 Chabrias,
1419 577 1545 623 quoad
1570 579 1606 612 ei
1644 575 1795 622 licebat,
1827 580 2034 626 plurimum
2063 579 2207 618 aberat.

1178 632 1309 680 Neque
1323 645 1414 668 vero
1432 636 1530 670 solus
1548 637 1610 671 ille
1631 635 1765 672 aberat
1786 638 1940 674 Athenis
1958 637 2124 684 libenter,
2144 642 2212 677 sed

1177 703 1303 727 omnes
1315 690 1407 738 jere
1421 696 1609 741 principes
1614 693 1791 741 feceruut
1808 697 1917 742 idem,
1941 699 2042 746 quod
2066 707 2208 736 tantum

1176 761 1216 784 se
1249 747 1299 784 ab
1340 751 1474 786 invidia
1513 751 1703 799 putabant
1730 752 1935 801 abfuturoS,
1976 765 2155 804 quantum
2183 771 2208 794 a

1177 817 1368 856 conspectu
1383 822 1529 846 suorum
1554 815 1795 849 recessissent.
1824 816 1959 862 Itaque
1985 815 2109 852 Conon
2119 819 2210 865 plu-

1177 870 1309 903 rimum
1335 868 1449 917 Qypri
1474 872 1592 914 vixit,
1633 870 1841 918 Iphicrates
1861 875 1898 908 in
1938 874 2110 921 Thracia,
2142 877 2206 912 Ti-

1176 925 1342 963 motheus
1357 926 1486 972 Lesbi,
1511 928 1652 964 Chares
1671 933 1707 965 in
1721 930 1838 979 Sigeo.

1636 1008 1722 1046 118.

1229 1085 1361 1134 Nepos
1377 1083 1520 1135 Iphicr.
1536 1098 1568 1122 c.
1588 1087 1629 1123 3:
1645 1087 1732 1122 Fuit
1743 1095 1865 1123 autem
1883 1096 1922 1123 et
1931 1091 2055 1125 animo
2072 1104 2209 1141 magno

1174 1151 1214 1179 et
1244 1156 1406 1192 corpore,
1448 1147 1759 1194 imperatoriaque
1778 1145 1925 1193 forma,
1962 1156 2002 1183 ut
2032 1152 2108 1197 ijoso
2138 1151 2209 1186 ad—

1174 1211 1299 1251 spectu
1326 1206 1435 1240 cuivis
1465 1207 1632 1252 injiceret
1657 1206 1938 1242 admirationem
1968 1211 2024 1243 sui
2044 1222 2056 1243 :
2077 1210 2145 1244 sed
2171 1213 2208 1245 in

1177 1260 1303 1298 labore
1339 1266 1512 1299 remissus
1548 1267 1682 1308 nimis,
1721 1278 1936 1313 parumque
1967 1270 2129 1315 patiens,
2170 1276 2210 1305 ut

1182 1321 1434 1371 Theopompus
1452 1327 1642 1360 memorioe
1651 1325 1828 1372 prodidit.

1640 1398 1726 1437 119.

1228 1473 1435 1512 Athenaeus
1455 1476 1561 1523 XIV,
1590 1489 1628 1526 p.
1662 1475 1753 1525 657,
1776 1479 1821 1523 A,
1852 1479 1908 1514 B:
1930 1477 2059 1524 Χηνῶν
2087 1475 2123 1516 δὲ
2151 1494 2210 1517 σι-

1174 1532 1304 1570 τευτῶν
1338 1532 1398 1571 καὶ
1433 1531 1578 1586 μόσχων
1614 1532 1829 1586 Θεόπομπος
1860 1535 1895 1573 ἐν
1929 1536 2211 1591 τρισκαιδεκάτῳ

1176 1591 1409 1631 Φιλιππικῶν
1440 1591 1501 1631 καὶ
1528 1592 1702 1647 ἑνδεκάτῳ
1733 1592 1969 1644 Ἑλληνικῶν,
2002 1596 2037 1634 ἐν
2066 1590 2117 1641 οἶς
2141 1598 2210 1649 ἐμ-

1174 1654 1308 1710 φανίζει
1335 1654 1376 1695 τὸ
1411 1656 1492 1711 περὶ
1525 1655 1590 1704 τὴν
1629 1657 1785 1712 γαστέρα
1814 1661 1884 1698 τῶν
1918 1658 2098 1700 Λακώνων
2143 1662 2207 1713 ἐγ-

1173 1713 1316 1769 κρατὲς,
1347 1715 1492 1769 γράφων
1536 1715 1662 1760 οὕτως·
1690 1735 1705 1751 κ
1728 1717 1799 1757 Καὶ
1831 1720 1863 1757 οἱ
1891 1718 2021 1758 Θάσιοι
2046 1718 2208 1775 ἔπεμψαν

1173 1773 1382 1828 Ἀγησιλάῳ
1413 1774 1594 1829 προσιόντι
1622 1775 1785 1830 πρόὸατα
1813 1778 2022 1817 παντοδαπὰ
2045 1778 2105 1817 καὶ
2127 1781 2210 1831 βοῦς

1173 1825 1212 1870 εῧ
1246 1833 1527 1887 τεθραμμένους,
1568 1834 1655 1888 πρὸς
1690 1833 1825 1879 τούτοις
1859 1835 1895 1873 δὲ
1937 1836 1996 1874 καὶ
2032 1835 2207 1889 πέμματα

1172 1891 1232 1930 καὶ
1265 1892 1502 1945 τραγημάτων
1539 1886 1627 1938 εἶδος
1663 1894 1899 1933 παντοδαπόν.
1924 1895 1969 1934 ‘0
2003 1894 2033 1933 δ’
2057 1896 2207 1948 Ἀγησί-

1171 1951 1255 1995 λαος
1277 1951 1321 1991 τὰ
1346 1951 1410 2004 μὲν
1442 1953 1604 2007 πρόὸατα
1634 1953 1694 1992 καὶ
1718 1953 1797 1998 τοὺς
1828 1957 1908 2006 βοῦς
1938 1953 2062 2002 ἔλαὸε,
2088 1954 2134 1993 τὰ
2171 1954 2207 1994 δὲ

1171 2008 1345 2061 πέμματα
1362 2010 1423 2049 καὶ
1450 2010 1496 2049 τὰ
1520 2010 1732 2065 τραγήματα
1759 2014 1898 2067 πρῶτον
1920 2011 1984 2064 μὲν
2005 2012 2082 2052 οὐδὲ
2099 2013 2205 2066 ἔγνω·

1171 2069 1458 2108 κατεκεκάλυπτο
1479 2069 1566 2124 γάρ·
1592 2072 1639 2114 ὡς
1659 2069 1696 2108 δὲ
1718 2072 1890 2120 κατεῖδεν,
1921 2071 2107 2126 ἀποφέρειν
2137 2074 2204 2111 αὖ·-

1170 2127 1250 2172 τοὺς
1274 2127 1469 2178 ἐκέλευσεν,
1501 2128 1608 2168 εἰπὼν
1642 2130 1681 2168 οὐ
1724 2128 1872 2182 νόμιμον
1903 2124 1992 2169 εἶναι
2024 2132 2205 2170 Λακεδαι-

1172 2186 1303 2239 μονίοις
1319 2191 1474 2242 χρῆσθαι
1492 2187 1628 2234 τούτοις
1654 2194 1726 2234 τοῖς
1754 2188 1942 2241 ἐδέσμασι·
1962 2189 2203 2242 λιπαρούντων

1171 2245 1208 2285 δὲ
1223 2248 1293 2285 τῶν
1306 2247 1466 2297 Θασίων,
1485 2247 1588 2298 Δότε,
1603 2248 1702 2302 φησὶ,
1719 2248 1880 2303 φέροντες
1909 2248 2063 2297 ἐκείνοις,
2093 2249 2203 2295 δείξας

1171 2307 1286 2351 αὐτοῖς
1304 2307 1382 2351 τοὺς
1401 2307 1567 2358 εἵλωτας,
1585 2308 1692 2347 εἷπὼν
1712 2308 1766 2347 ὅτι
1784 2308 1924 2353 τούτους
1944 2308 2014 2348 δέοι
2046 2309 2203 2363 διαφθεί-

1171 2369 1289 2420 ρεσθαι
1307 2366 1505 2421 τρώγοντας
1519 2367 1608 2406 αὐτὰ
1620 2367 1711 2412 πολὺ
1728 2368 1895 2420 μᾶλλονῆ
1919 2368 2022 2407 αὐτὸν
2040 2368 2100 2406 καὶ
2123 2368 2203 2413 τοὺς

1168 2425 1345 2479 παρόντας
1368 2427 1670 2479 Λακεδαιμονίων.
1686 2445 1702 2462 »
1718 2428 1773 2466 Cf.
1794 2427 1896 2466 dicta
1920 2428 1968 2466 ad
1991 2429 2038 2465 fr.
2058 2431 2120 2466 23.

1630 2511 1644 2548 1
1658 2511 1720 2549 20.

1221 2587 1425 2626 Athenoeus
1449 2588 1554 2636 XIV,
1579 2601 1617 2638 p.
1643 2588 1733 2634 616,
1750 2590 1781 2625 E
1803 2601 1811 2624 :
1829 2585 2000 2639 ‘'Ycrepov
2028 2584 2094 2638 γὰρ
2114 2587 2198 2640 ἀφι-

1168 2645 1351 2698 σταμένων
1379 2649 1448 2685 τῶν
1473 2646 1691 2698 Αἰγυπτίων,
1719 2645 1767 2689 ὥς
1792 2661 1877 2698 φησι
1908 2643 2121 2695 Θεόπομπος
2138 2644 2198 2683 καὶ

1170 2704 1307 2749 Λυκέας
1326 2708 1344 2744 ὁ
1371 2705 1619 2759 Ναυκρατίτης
1641 2706 1677 2743 ἐν
1706 2710 1777 2747 τοῖς
1803 2705 2068 2756 Αἰγυπτιακοῖς,
2099 2702 2197 2742 οὐδὲν

1166 2850 1271 2882 niensi
1286 2850 1422 2891 loquens
1435 2850 1673 2890 Theopompus,
1689 2847 1734 2879 ait
1750 2857 1758 2878 ε
1778 2860 1794 2875 «ι
1810 2849 1879 2879 Non
1897 2848 2022 2887 poterat
2038 2848 2148 2879 autem
2162 2847 2195 2879 in

1166 2897 1247 2929 urbe
1263 2897 1387 2936 vivere,
1405 2896 1522 2937 partim
1541 2895 1583 2927 ob
1599 2904 1727 2927 morum
1748 2893 1914 2926 lasciviam
1937 2896 1969 2926 et
1991 2895 2195 2926 sumtuosam

1166 2944 1199 2976 in
1213 2944 1290 2976 vitae
1307 2953 1376 2976 suae
1389 2943 1514 2975 ratione
1528 2941 1795 2982 magnificentiam
1810 2964 1819 2980 ,
1830 2941 1949 2982 partim
1963 2942 2094 2982 propter
2106 2941 2195 2983 ipsos

1166 2991 1391 3023 Athenienses.
1410 2991 1493 3022 Sunt
1514 2989 1600 3021 enim
1616 2988 1662 3020 illi
1677 2988 1830 3020 omnibus
1852 2987 1949 3020 claris
1963 2987 2045 3020 viris
2063 2987 2193 3021 infensi.

1166 3040 1272 3076 Quare
1286 3036 1456 3070 clarissimi
1479 3036 1600 3077 quique
1618 3037 1710 3068 extra
1730 3035 1844 3068 urbem
1865 3035 1968 3068 vitam
1986 3035 2098 3077 degere
2112 3045 2196 3077 prae-

1165 3086 1308 3118 tulerunt
1324 3095 1331 3116 :
1347 3084 1525 3126 Iphicrates
1538 3082 1669 3124 quidem
1684 3083 1717 3115 in
1731 3083 1878 3123 Thracia,
1891 3084 2005 3115 Conon
2021 3084 2055 3115 in
2071 3086 2192 3124 Cypro,

1165 3133 1354 3166 Timotheus
1368 3131 1401 3164 in
1419 3130 1544 3172 LaebO,
1564 3131 1686 3164 Chares
1705 3131 1739 3163 in
1756 3130 1867 3173 Sigen,
1885 3129 2042 3165 Chabrias
2057 3139 2135 3164 vero
2158 3133 2192 3163 in

1165 3183 1313 3222 AEgypto,
1331 3193 1348 3209 u

1637 3239 1725 3273 120.

1205 3298 1327 3330 Deinde
1341 3297 1563 3331 deficientibus
1573 3296 1614 3329 ab
1621 3297 1730 3330 Tacho
1737 3297 1907 3339 AEgyptiis,
1920 3297 1958 3329 ut
1965 3296 2191 3337 Theopompus

1164 3348 1289 3385 narrat,
1313 3348 1345 3378 et
1366 3347 1488 3387 Lyceas
1509 3345 1695 3378 Naucratita
1722 3345 1756 3378 in
1779 3343 1995 3386 AEgyptiacis‚
2018 3343 2141 3376 nuliam
2161 3343 2191 3376 ei
