2320 3684
151 224 223 256 308

617 297 702 334 177.

207 355 334 395 Schol.
363 353 486 404 Apoll.
515 351 643 390 Rhodv.
670 353 719 387 lV
731 379 741 397 ,
770 350 845 398 973
861 363 869 386 ε
883 346 1003 386 Ἄλλοι
1019 346 1056 385 δὲ
1077 346 1182 400 (ὀρεί-

154 415 302 467 χαλκον)
331 413 616 465 ἀνδριαντοποιοῦ
634 408 794 460 λέγουσιν
811 407 942 459 ὄνομα,
960 409 1008 450 ὡς
1032 405 1182 460 Σωκρά-

155 490 234 522 της,
252 473 311 511 καὶ
331 470 542 521 Θεόπομπος
562 470 596 507 ἐν
615 469 761 520 εἷκοστῷ
780 466 945 519 πέμπτῳ.
963 465 1075 518 (Cod.
1098 469 1181 504 Par.

157 535 192 571 ἐν
211 531 290 582 λε’.)

211 764 417 802 Athenaeus
434 764 500 810 VI,
518 775 556 813 p.
579 763 668 810 260,
693 765 722 799 B
739 775 748 798 :
769 760 982 813 Θεόπομπος
1000 763 1030 801 δ’
1049 764 1084 802 ἐν
1103 761 1185 816 ἕκτῃ

157 821 216 861 καὶ
227 823 367 873 εἰκοστῇ
384 819 576 872 Ἱστοριῶν,
588 838 603 854 «
616 819 707 863 Τοὺς
720 819 938 871 Θεσσαλοὺς,
953 821 1071 875 φησὶν,
1089 821 1186 864 εἰδὼς

158 884 176 919 ὃ
195 880 376 923 Φίλιππος
413 877 628 922 ἀκολάστους
659 878 762 923 ὄντας
807 878 867 917 καὶ
898 879 978 934 περὶ
1012 881 1071 919 τὸν
1114 880 1186 933 βίον

159 942 340 990 ἀσελγεῖς,
368 937 551 981 συνουσίας
583 939 697 976 αὐτῶν
722 937 954 984 κατεσκεύαζε
986 938 1046 978 καὶ
1073 939 1188 979 πάντα

158 997 287 1052 τρόπον
310 995 470 1050 ἀρέσκειν
491 998 604 1039 αὐτοῖς
622 998 801 1049 ἐπειρᾶτο·
822 996 882 1035 καὶ
899 996 965 1051 γὰρ
979 997 1190 1051 ὀρχούμενος

159 1058 219 1096 καὶ
251 1056 426 1108 κωμάζων
453 1055 514 1094 καὶ
539 1061 656 1094 πᾶσαν
678 1054 869 1094 ἀκολασίαν
897 1056 1100 1108 ὑπομένων.
1117 1051 1187 1096 ’Ἦν

161 1115 277 1155 δὲκαὶ
298 1114 398 1169 φύσει
438 1113 640 1167 βωμολόχος
668 1114 728 1152 καὶ
759 1114 837 1152 καθ’
869 1114 1020 1162 ἑκάστην
1052 1116 1188 1171 ἡμέραν

162 1173 419 1226 μεθυσκόμενος
453 1172 513 1211 καὶ
534 1173 670 1226 χαίρων
704 1174 772 1211 τῶν
805 1173 1090 1225 ἐπιτηδευμάτων
1119 1180 1190 1217 τοῖς

160 1233 246 1287 πρὸς
262 1236 372 1271 ταῦτα
393 1230 607 1270 συντείνουσι
638 1231 698 1269 καὶ
731 1234 800 1270 τῶν
819 1230 1010 1285 ἀνθρώπων
1039 1238 1110 1275 τοῖς
1135 1234 1191 1270 εὗ-

161 1293 263 1346 φυέσι
282 1290 509 1343 καλουμένοις
547 1291 606 1329 καὶ
631 1297 701 1334 τοῖς
739 1290 784 1329 τὰ
814 1290 935 1342 γέλοια
960 1290 1101 1343 λέγουσι
1130 1291 1190 1330 καὶ

161 1355 320 1400 ποιοῦσι,
332 1350 470 1394 πλείους
489 1367 527 1390 τε
542 1353 612 1389 τῶν
627 1352 817 1391 Θετταλῶν
836 1353 905 1389 τῶν
921 1353 1016 1403 αὐτῷ
1032 1353 1191 1398 πλησια-

163 1412 296 1449 σάντων
317 1409 395 1463 ᾕρει
431 1410 564 1461 μᾶλλον
595 1412 629 1448 ἐν
661 1415 736 1453 ταῖς
761 1409 957 1453 συνουσίαις
981 1410 1004 1456 ἢ
1021 1416 1097 1453 ταῖς
1125 1411 1192 1448 δω-

165 1485 268 1522 ρεαις.
290 1487 305 1503 »

217 1575 324 1612 Idem
344 1577 396 1623 X,
423 1588 461 1625 p.
485 1575 574 1622 435,
594 1577 621 1610 Β
638 1588 645 1611 :
666 1574 740 1613 Καὶ
770 1573 953 1618 Φίλιππος
970 1577 988 1612 ὁ
1012 1578 1073 1613 τοῦ
1092 1574 1190 1614 Ἄλε-

165 1631 310 1684 ξάνδρου
334 1630 452 1685 πατὴρ
477 1630 667 1684 φιλοπότης
684 1625 740 1681 ἧν,
761 1634 807 1676 ὡς
826 1635 955 1688 ἱστορεῖ
980 1633 1193 1686 Θεόπομπος

163 1692 198 1728 ἐν
218 1693 261 1742 τῇ
283 1689 366 1742 ἕκτῃ
386 1689 446 1728 καὶ
464 1691 605 1742 εἰκοστῇ
621 1692 691 1728 τῶν
708 1689 899 1744 Ἱστοριῶν.

218 1803 435 1853 Stephanus
451 1818 458 1839 :
476 1798 604 1855 Ἄπρος
622 1801 785 1845 ....πο’λις
804 1802 961 1857 Θρᾴκης.
980 1803 1192 1856 Θεόπομπος

164 1864 304 1913 εἰκοστῇ
324 1860 420 1914 ἕκτη
441 1879 456 1896 «
470 1863 547 1900 Τοῦ
564 1861 596 1899 δ’
613 1861 841 1915 Ἀντιπάτρου
859 1862 1094 1916 διατρίὸοντος
1114 1865 1192 1919 περὶ

164 1920 226 1968 τὴν
246 1919 387 1973 Ἄπρον.
409 1940 423 1954 1·

637 1975 724 2013 181.

217 2027 466 2065 Ammonius:
484 2026 576 2079 Ἱερὰ
603 2056 639 2065 ...
657 2027 700 2066 τὰ
723 2026 841 2079 ξόανα,
862 2030 909 2073 ὥς
926 2028 1138 2081 Θεόπομπος
1158 2033 1192 2070 ἓν

165 2087 303 2137 εἰκοστῇ
322 2083 418 2137 ἕκτῃ.

206 2249 268 2281 Alii
292 2249 490 2281 orichalcum
512 2258 531 2281 a
548 2204 840 2283 statuffig‘nomen
862 2251 979 2284 habere
996 2252 1109 2285 dicunt
1124 2277 1133 2294 ,
1153 2254 1191 2286 ut

165 2297 313 2329 Socrates
325 2299 357 2328 et
369 2296 600 2337 Theopompus
613 2296 694 2329 libro
710 2297 866 2337 vigesimo
881 2298 1006 2339 quinto.

513 2385 667 2424 LIBER
701 2385 844 2426 XXVI.

205 2489 435 2530 Theopompus
450 2498 538 2529 vero,
554 2492 645 2522 sexto
655 2491 688 2522 et
700 2490 858 2530 vigesimo
867 2491 1082 2524 Historiarum
1095 2493 1191 2533 libro,

166 2537 279 2570 scribit
297 2546 304 2567 :
331 2548 347 2563 «
363 2537 533 2568 Thessalos
546 2546 647 2577 quum
663 2538 772 2569 nosset
784 2538 952 2579 Philippus
970 2539 1109 2571 lascivos
1122 2549 1194 2572 esse

165 2584 248 2617 etin
263 2583 351 2615 omni
373 2582 442 2615 vita
462 2583 710 2624 intemperantes
722 2608 731 2623 ‚
758 2587 860 2616 coetus
876 2594 988 2617 eorum
1007 2586 1195 2618 instituebat

166 2632 198 2663 et
215 2630 389 2669 convivia,
413 2630 627 2670 omnibusque
653 2631 759 2664 modis
787 2631 910 2672 placere
940 2632 986 2664 eis
1014 2633 1191 2672 studebat3

166 2678 288 2718 quippe
303 2679 335 2708 et
347 2677 462 2708 saltare
469 2676 561 2709 *inter
576 2677 648 2708 illos
662 2701 671 2716 ‚
689 2679 722 2710 et
731 2678 899 2710 comissari
916 2702 925 2718 ‚
952 2680 985 2710 et
1003 2679 1091 2710 omni
1104 2680 1194 2711 lasci-

167 2724 232 2755 viae
243 2723 351 2764 generi
368 2732 404 2755 se
419 2723 545 2756 tradere
557 2724 732 2756 sustinens.
755 2727 834 2756 Erat
849 2734 926 2763 vero
945 2725 1043 2757 etiam
1058 2726 1127 2766 ipse
1144 2726 1192 2757 in-

167 2770 259 2810 genio
272 2770 411 2810 scurrili,
427 2772 460 2803 et
475 2770 620 2811 quotidie
632 2771 927 2812 compotationibus
945 2771 1042 2804 dabat
1064 2782 1194 2813 operam

167 2817 279 2857 eisque
297 2817 456 2849 institutis
469 2817 626 2858 gaudebat
640 2826 714 2858 quae
729 2827 805 2850 cum
828 2818 878 2850 his
902 2818 997 2850 rebus
1013 2823 1104 2851 erant
1120 2829 1194 2851 con-

165 2863 288 2902 juncta,
306 2863 558 2904 hominibusque
575 2863 615 2895 iis
638 2864 694 2904 qui
715 2864 872 2905 ingeniosi
889 2865 984 2905 vulgo
1006 2868 1165 2898 vocantur
1181 2890 1190 2906 ,

168 2919 206 2941 eo
222 2909 309 2950 quod
326 2910 462 2942 ridicula
483 2911 593 2943 dicant
613 2911 807 2952 faciantque.
834 2914 875 2943 Et
890 2921 930 2943 ex
945 2912 1119 2953 Thessalis,
1137 2913 1191 2953 qui

168 2956 196 2987 ei
209 2965 244 2988 se
257 2956 479 2998 adjunxerant,
487 2958 596 2998 plures
609 2958 842 2991 consuetudine
854 2959 964 2999 potius
976 2968 1074 3000 quam
1089 2968 1195 2991 mune·

170 3002 259 3034 ribus
276 3003 338 3034 sibi
354 3004 548 3036 conciliavit.
568 3018 584 3032 υ

210 3096 316 3127 Etiam
332 3097 498 3138 Philippus
514 3053 800 3140 Alexaiidrri9pater
814 3099 914 3131 bibax
939 3102 1028 3138 erat,
1043 3101 1080 3131 ut
1095 3100 1195 3132 Theo-

170 3150 308 3182 pompus
323 3144 423 3175 tradit
437 3145 653 3177 Historiarum
670 3145 753 3177 libro
772 3146 925 3178 vicesmio
941 3148 1043 3178 sexto.

210 3237 316 3274 Aprus
334 3236 410 3268 urbs
431 3238 613 3270 Thraciae...
630 3194 761 3271 aIuchire
782 3240 989 3281 Theopompo
1008 3239 1090 3271 libro
1105 3241 1196 3272 sexto

171 3281 203 3312 et
217 3280 388 3320 vigesimo:
406 3297 421 3307 ιι
438 3284 606 3324 Antipatro
620 3286 703 3317 circa
721 3289 843 3326 Aprum
859 3288 1110 3320 commorante.»

210 3375 319 3406 Sacra
333 3377 409 3406 sunt
425 3376 520 3407 etiam
552 3334 825 3420 simullzssga’ligno
851 3380 1004 3413 fabricata
1022 3406 1032 3419 ,
1049 3384 1085 3412 ut
1096 3381 1195 3413 Theo-

170 3428 308 3460 pompus
323 3421 421 3453 tradit
435 3421 517 3454 libro
533 3423 687 3455 vicesimo
702 3428 804 3456 sexto.

870 208 1170 248 THEOPOMPI
1198 176 1528 261 FRAGMENTA.

1293 313 1307 327 ⁸
1322 298 1422 333 USUS
1447 295 1606 332 fortasse
1638 302 1694 332 est
1721 294 1791 332 hac
1808 307 1904 331 voce
1920 294 2197 350 Theopompus
2221 304 2262 338 ’ln

1241 355 1386 405 templo
1402 353 1590 405 Delphico
1609 352 1875 393 describendo.
1899 370 1914 386 »
1939 355 2119 394 Wiclaers.

1266 485 1387 522 ΠΕΡΙ
1417 484 1525 522 ΤΩΝ
1561 483 1903 522 ΣΥΛΗΘΕΝἸῺΝ
1931 484 2000 522 ΕΚ
2029 485 2238 527 ΔΕΛΦΩΝ

1604 542 1902 581 ΧΡΗΜΑΤΩΝ.

1715 611 1800 650 182.

1297 681 1503 718 Athenaeus
1531 683 1644 728 XIII,
1680 694 1718 731 p.
1753 681 1824 725 604
1841 709 1851 728 ‚
1881 683 1934 726 F3
1966 680 2064 727 605,
2087 684 2186 719 A—
2205 685 2267 720 D:

1245 738 1459 790 Θεόπομπος
1477 740 1506 777 δ’
1525 740 1560 777 ἐν
1578 741 1629 791 τῷ
1642 738 1722 792 περὶ
1739 740 1808 776 τῶν
1828 737 2045 785 συληθέντων
2065 740 2106 777 ἐκ
2125 741 2268 795 Δελφῶν

1244 798 1438 852 χρημάτων
1468 797 1663 850 Ἀσώπιχόν
1687 813 1785 850 φησι,
1805 796 1863 835 τὸν
1878 796 2148 848 Ἐπαμινώνδου
2180 798 2272 853 ἐρώ-

1247 872 1363 908 μενον,
1387 857 1429 895 τὸ
1447 856 1660 910 Λευκτρικὸν
1686 855 1850 910 τρόπαιον
1872 856 2151 908 ἐντετυπωμένον
2178 857 2271 912 ἔχειν

1246 916 1303 954 ε’πὶ
1323 919 1385 962 τῆς
1403 915 1558 964 ἀσπίδος,
1588 914 1648 954 καὶ
1676 917 1885 966 θαυμαστῶς
1912 915 2015 954 αὐτὸν
2041 916 2271 956 κινδυνεύειν·

1247 977 1450 1014 ἀνακεῖσθαι
1483 975 1519 1012 δὲ
1547 973 1611 1022 τὴν
1638 973 1769 1012 ἀσπίδα
1791 973 1923 1022 ταύτην
1947 975 1982 1012 ἓν
2005 976 2152 1028 Δελφοῖς
2175 977 2210 1014 ἐν
2228 979 2273 1030 τῇ

1248 1039 1344 1087 στοᾷ.
1357 1032 1418 1072 Ἐν
1440 1032 1476 1072 δὲ
1494 1035 1545 1085 τῷ
1565 1033 1659 1085 αὐτῷ
1679 1031 1930 1085 συγγράμματι
1945 1031 2158 1084 Θεόπομπος
2175 1035 2274 1087 φιλο-
2318 1077 2320 1080 ‚

1247 1092 1386 1144 γύναιον
1419 1090 1483 1143 μέν
1512 1106 1598 1144 φησι
1631 1089 1810 1142 γεγονέναι
1835 1090 2004 1130 Φάϋλλον
2028 1091 2087 1130 τὸν
2112 1091 2274 1131 Φωκέων

1247 1150 1427 1204 τύραννον,
1451 1149 1641 1204 φιλόπαιδα
1658 1149 1695 1187 δὲ
1715 1147 1953 1202 Ὀνόμαρχον,
1973 1150 2035 1189 καὶ
2054 1152 2094 1188 ἐκ
2116 1153 2186 1189 τῶν
2214 1155 2276 1190 τοῦ

1249 1212 1324 1247 θεοῦ
1355 1209 1569 1262 χαρίσασθαι
1591 1211 1712 1246 τοῦτον
1741 1209 1788 1251 εἷς
1812 1207 1966 1262 Δελφοὺς
2000 1209 2276 1263 παραγενομένῳ

1248 1269 1298 1320 τῷ
1334 1266 1546 1320 Πυθοδώρου
1581 1269 1642 1304 τοῦ
1681 1265 1875 1304 Σικυωνίου
1908 1268 1983 1320 υἱῷ,
2015 1267 2277 1322 ἀποκειρομένῳ

1249 1325 1312 1372 τὴν
1332 1325 1463 1376 κόμην,
1485 1325 1561 1363 ὄντι
1587 1326 1686 1378 καλῷ
1714 1323 1979 1376 συγγενόμενον,
1997 1325 2042 1364 τὰ
2070 1326 2277 1380 Συὸαριτῶν
2314 1351 2316 1354 >

1251 1383 1479 1435 ἀναθήματα,
1500 1383 1699 1434 στλεγγίδια
1722 1389 1838 1437 χρυσᾶ
1861 1382 2034 1438 τέσσαρα·
2060 1387 2105 1437 τῇ
2133 1384 2276 1423 Δεινιά-

1251 1444 1309 1481 δου
1330 1441 1365 1480 δὲ
1381 1442 1562 1497 αὐλητρίδι
1583 1441 1798 1496 Βροιμιαδίᾳ
1815 1441 1978 1486 Φάϋλλος
1996 1443 2189 1496 καρχήσιον
2211 1445 2277 1497 ἀρ-

1249 1505 1373 1555 γυροῦν
1395 1500 1578 1541 Φωκαέων
1597 1500 1656 1539 καὶ
1689 1499 1857 1554 στέφανον
1883 1505 2036 1555 χρυσοῦν
2056 1505 2175 1540 κιττοῦ
2201 1503 2277 1542 Πε-

1250 1560 1443 1614 παρηθίων.
1462 1559 1560 1607 Αὐτὴ
1573 1559 1625 1607 δὲ,
1634 1559 1740 1614 φησὶ,
1750 1559 1810 1598 καὶ
1825 1559 1950 1611 ἔμελλε
1963 1559 2006 1599 τὰ
2019 1561 2136 1600 Πύθια
2147 1561 2277 1610 αὐλεῖν,

1252 1621 1281 1658 εἷ
1300 1619 1349 1671 μὴ
1367 1619 1433 1658 ὑπὸ
1451 1623 1512 1658 τοῦ
1532 1618 1684 1666 πλήθους
1694 1618 1851 1667 ἐκωλύθη
1862 1622 1928 1673 ’τῷ
1945 1618 1981 1658 δὲ
2001 1618 2144 1674 Λυκόλα
2156 1621 2207 1671 τῷ
2219 1623 2279 1670 τοῦ

1252 1677 1447 1733 Τριχολέου
1464 1680 1528 1731 υἱῷ
1542 1678 1707 1731 Φυσκίδᾳ
1720 1677 1793 1716 ὄντι
1803 1679 1902 1731 καλῷ
1922 1677 2143 1732 Ὀνόμαρχος
2157 1677 2278 1728 ἔδωκε,

1252 1737 1358 1791 φησὶ,
1379 1735 1547 1790 στέφανον
1568 1736 1718 1790 δάφνης,
1733 1736 1906 1790 Ἐφεσίων
1922 1737 2101 1788 ἀνάθημα.
2129 1731 2241 1780 Οὗτος
2259 1739 2280 1776 ὁ
2315 1758 2320 1763 ·

1251 1802 1334 1840 παῖς
1360 1795 1445 1849 πρὸς
1465 1795 1646 1834 Φίλιππον
1675 1796 1792 1847 ἀχθεὶς
1818 1795 1885 1833 ὑπὸ
1916 1799 1977 1833 τοῦ
2009 1794 2158 1849 πατρὸς,
2178 1797 2280 1834 κάκεῖ

1251 1853 1580 1908 προαγωγευόμενος
1599 1852 1696 1892 οὐδὲν
1721 1852 1838 1892 λαὸὼν
1861 1854 2055 1901 ἀπεστάλη.
2080 1856 2144 1907 Τῷ
2171 1854 2278 1893 Ἐπι-

1251 1913 1358 1952 λύκου
1386 1917 1447 1952 τοῦ
1476 1912 1726 1967 Ἀμφιπολίτου
1758 1915 1822 1966 υἱῷ
1857 1912 1931 1951 ὄντι
1966 1915 2064 1968 καλῷ
2094 1913 2278 1968 Δαμίππῳ

1253 1972 1485 2016 Πλεισθένους
1511 1971 1675 2023 ἀνάθημα
1705 1971 1928 2025 Ὀνόμαρχος
1947 1971 2065 2011 ἔδωκε.
2086 1972 2279 2027 Φαρσαλίᾳ

1252 2034 1295 2084 τῇ
1319 2031 1511 2071 Θεσσαλίδι
1539 2030 1743 2085 ὀρχηστρίδι
1765 2030 1895 2084 δάφνης
1925 2030 2092 2084 στέφανον
2126 2035 2277 2084 χρυσοῦν
2316 2053 2320 2056 -

1253 2089 1457 2141 Φιλόμηλος
1465 2089 1586 2138 ἔδωκε,
1594 2092 1845 2143 Λαμψακηνῶν
1856 2089 2032 2141 ἀνάθημα,
2040 2089 2136 2137 Αὕτη
2147 2094 2170 2138 ἡ
2180 2092 2280 2143 Φαρ-

1302 2203 1369 2240 DE
1396 2202 1637 2241 DIREPTIS
1671 2203 1702 2240 E
1739 2202 1995 2242 DELPHICO
2023 2202 2234 2242 TEMPLO

1632 2261 1893 2300 DONARIIS.

1720 2337 1807 2370 182.

1295 2396 1524 2437 Theopompus
1536 2396 1571 2427 in
1585 2394 1667 2426 libro
1679 2394 1720 2427 de
1734 2395 1965 2436 Delphicorum
1981 2393 2190 2426 donariorum
2203 2400 2281 2435 spo-'
2314 2407 2316 2410 >

1252 2442 1398 2482 Ratione,
1419 2455 1435 2469 ιι
1450 2441 1660 2482 Asopichum‚
1679 2441 1735 2480 ait,
1757 2441 1990 2482 Epaminondae
2007 2440 2164 2473 amasium
2176 2463 2186 2480 ‚
2200 2442 2278 2473 Leu-

1253 2490 1390 2522 ctricum
1408 2491 1565 2530 tropaeum
1581 2490 1674 2520 scuto
1699 2488 1895 2530 insculptum
1909 2487 2060 2520 habuisse
2071 2511 2081 2527 ,
2105 2487 2279 2529 ipsumque
2298 2511 2301 2514 <

1256 2538 1351 2569 etiam
1367 2537 1500 2568 mirifica
1513 2536 1702 2568 fortitudine
1724 2544 1906 2577 pugnasse:
1925 2537 2152 2567 consecratum
2167 2537 2276 2568 autem

1255 2584 1286 2616 id
1304 2587 1434 2616 scutum
1451 2592 1521 2615 esse
1537 2582 1670 2623 Delphis
1683 2582 1716 2614 in
1736 2582 1873 2623 porticu.
1892 2595 1908 2610 »
2312 2606 2320 2627 ,Ι

1295 2634 1332 2663 In
1347 2631 1460 2663 eodem
1485 2639 1563 2662 vero
1593 2629 1712 2669 scripto
1734 2630 1962 2670 Theopompus
1982 2629 2052 2661 ait:
2076 2628 2278 2662 «mulierum
2307 2638 2310 2639 ⁷

1254 2679 1353 2710 amori
1369 2678 1513 2710 deditum
1539 2677 1639 2708 fuisse
1656 2676 1844 2716 Phayllum‚
1863 2676 2076 2708 Phocensium
2095 2678 2278 2717 tyrannum,
2310 2687 2320 2715 χ

1254 2725 1493 2756 Onomar-chum
1518 2731 1594 2754 vero
1608 2731 1781 2762 puerorum
1797 2722 1962 2754 amoribus
1981 2732 1988 2753 :
2006 2725 2039 2754 et
2054 2722 2142 2754 hunc
2152 2731 2190 2754 ex
2205 2722 2275 2755 Del-
2314 2723 2320 2746 Γ

1253 2772 1356 2812 phicis
1369 2771 1492 2812 spoliis,
1505 2778 1606 2810 quum
1623 2773 1814 2802 consuesset
1831 2769 2007 2809 Pythodori
2028 2769 2171 2810 Sicyonii
2186 2769 2254 2801 filio
2266 2791 2278 2810 ,
2307 2790 2320 2813 ;<

1253 2818 1396 2848 formoso
1411 2825 1509 2857 puero
1524 2840 1533 2854 ,
1562 2814 1618 2855 qui
1635 2815 1776 2855 Delphos
1796 2818 1927 2846 venerat
1943 2823 2009 2855 quo
2025 2824 2151 2846 comam
2167 2814 2276 2847 deton·
2307 2823 2320 2844 ν,

1253 2864 1351 2902 deret,
1371 2864 1508 2895 donasse
1524 2862 1553 2893 ei
1583 2861 1799 2902 Sybaritarum
1829 2861 1977 2900 donaria,
1998 2862 2136 2902 strigiles
2166 2870 2279 2894 aureas
2303 2859 2320 2889 ,A

1253 2909 1550 2951 quatuor.Diniadae
1562 2917 1636 2940 vero
1648 2909 1733 2947 filiae,
1743 2908 1894 2945 tibicinae,
1903 2908 2118 2948 Broemiadiae‚
2126 2909 2278 2950 Phayllufl
2303 2911 2320 2938 :²

1253 2958 1453 2989 carchesium
1471 2957 1622 2997 poculum
1644 2958 1830 2997 argenteum
1861 2955 2014 2994 donavit,
2034 2955 2277 2988 Phocaeensium
2299 2963 2317 2975 ²

1253 3003 1435 3044 donarium,
1447 3006 1478 3035 et
1485 3012 1636 3035 coronam
1644 3012 1774 3035 auream
1784 3003 1992 3034 hederaceam
2000 3003 2285 3043 Peparethiorum.·

1254 3054 1328 3092 Ipsa
1343 3060 1431 3089 vero,
1450 3051 1567 3090 inquit,
1583 3051 1680 3082 etiam
1694 3050 1866 3091 Pythicum
1876 3059 1993 3082 canere
2008 3050 2167 3090 voluerat;
2185 3049 2241 3082 sed
2257 3058 2276 3082 a
2302 3051 2309 3069 ²

1254 3098 1462 3130 multitudine
1486 3099 1535 3129 est
1558 3097 1733 3137 prohibita.
1761 3097 1890 3137 Lycolae
1915 3105 2013 3135 vero,
2037 3097 2195 3128 Tricholei
2209 3095 2276 3128 filio
2303 3107 2307 3114 -’

1254 3145 1432 3186 Physcidae,
1442 3146 1583 3177 formoso
1590 3145 1933 3186 puer0,0nomarchus
1947 3144 2048 3183 dedit,
2062 3144 2108 3176 ait
2121 3143 2198 3182 Th„
2213 3143 2276 3175 lau-

1254 3201 1341 3224 ream
1354 3201 1519 3232 coronam,
1532 3193 1748 3233 Ephesiorum
1758 3191 1939 3223 donarium.
1954 3191 2045 3223 Idem
2057 3199 2138 3232 puer
2151 3189 2192 3222 ad
2204 3189 2277 3222 Phi·
2288 3182 2318 3227 »ζ

1253 3239 1376 3280 lippum
1390 3239 1507 3270 duetus
1518 3248 1536 3270 a
1552 3242 1659 3280 patre,
1674 3241 1707 3271 et
1722 3239 1767 3270 ibi
1780 3238 1986 3279 prostitutus,
2003 3237 2125 3278 absque
2144 3243 2276 3270 munero
2301 3237 2315 3260 >⁰

1255 3287 1358 3318 suerat
1390 3285 1554 3318 dimissus.
1592 3286 1714 3326 Epilyci
1739 3285 1965 3326 Amphipolitae
2010 3284 2077 3316 filio
2094 3307 2103 3324 ,
2132 3283 2275 3315 formoso
2300 3292 2302 3297 ·

1254 3342 1364 3374 puero,
1378 3332 1545 3373 Damippo,
1557 3333 1728 3365 Plisthenis
1754 3333 1923 3364 donarium
1938 3331 2161 3364 Onomarchus
2173 3330 2272 3362 dedit.
2304 3347 2306 3349 -

1255 3379 1428 3411 Pharsaliae
1450 3379 1613 3412 Thessalae
1630 3379 1783 3411 saltatrici
1806 3380 1948 3411 lauream
1970 3387 2008 3410 ex
2027 3386 2105 3409 auro
2122 3384 2274 3408 coronam
2298 3391 2299 3394 ¹

1254 3426 1450 3459 Philomelus
1483 3426 1635 3467 dederat,
1665 3429 1956 3468 Lampsacenorum
1995 3425 2175 3457 donarium.
2198 3425 2275 3456 Hoec
2302 3430 2317 3447 ι·
