2320 3684
193 206 267 240 210

170 285 316 336 μισητὸν
349 284 552 338 ὑπάρχοντα
568 315 577 331 ,
609 284 666 321 καὶ
701 283 740 321 τὸ
775 282 1010 333 πολυτίμητον
1044 286 1193 339 ἰατρεῖον

169 343 294 396 ἀρτίως
314 341 604 389 ἀποκεκλεικότα,
625 341 710 394 πρὸς
727 340 762 379 δὲ
782 340 915 385 τούτοις
932 343 979 386 εἰς
991 348 1108 381 πᾶσαν
1128 344 1194 380 αὗ-

168 400 231 448 λὴν
248 402 306 440 καὶ
325 399 455 448 σκηνὴν
473 398 746 451 ἐμπεπηδηκότα
758 429 768 447 ,
785 398 870 453 πρὸς
905 398 955 447 δὲ,
972 400 1194 455 γαστρίμαρ-

168 475 241 511 γον,
261 457 472 513 ὀψαρτυτὴν,
510 458 567 495 ἐπὶ
601 456 715 508 στόμα
750 455 939 511 φερόμενον
962 459 996 497 ἐν
1017 465 1116 497 πᾶσι.
1135 459 1190 498 Cf.

167 517 301 555 Suidas
322 531 350 554 s.
373 531 409 552 v.
427 514 677 568 Ἀριστοτέλης.

219 654 349 704 Polyb.
375 655 466 702 XII,
490 656 629 699 24:013
651 654 826 707 διαπορεῖν
845 655 918 693 ἐστι
946 655 1025 710 περὶ
1047 659 1110 703 τῆς
1131 658 1188 694 αἱ·

166 712 291 766 ρέσεως
306 711 472 762 Τιμαίου.
490 711 589 758 ΦησὶΙ
600 710 688 764 γὰρ,
706 710 785 755 τοὺς
797 711 944 759 ποιητὰς
964 714 1022 752 καὶ
1039 730 1190 768 συγγρα-

165 770 249 823 φέας
268 769 325 808 διὰ
342 772 411 808 τῶν
439 769 601 824 ὑπεράνω
628 771 860 822 πλεονασμῶν
881 772 916 809 ἐν
934 778 1006 815 τοῖς
1033 773 1185 824 ὑπομνιῆΡ

165 844 253 879 μασι
295 827 485 882 διαφαίνειν
521 827 582 872 τὰς
627 831 760 867 ἑαυτῶν
804 828 921 883 φύσεις
934 845 942 852 ·
972 830 1095 882 λέγων,
1130 831 1188 870 τὸν

165 885 227 938 μὲν
248 886 397 934 ποιητὴν
420 888 460 925 ἐκ
487 891 548 926 τοῦ
573 886 762 941 δαιτρεύειν
790 889 971 941 πολλαχοῦ
996 892 1058 936 τῆς
1082 890 1190 937 ποιή-

165 961 251 988 σεως
269 945 396 984 ὡσανεὶ
410 945 670 999 γαστρίμαργον
689 946 960 1000 παρεμφαίνειν·
975 947 1033 986 τὸν
1054 949 1083 986 δ’
1100 948 1190 1002 Ἀρι-

163 1003 344 1052 στοτέλην,
365 1004 583 1058 ὃψαρτύοντα
605 1004 788 1049 πλεονάκις
805 1006 840 1043 ἐν
858 1011 929 1049 τοῖς
952 1006 1190 1059 συγγράμμα-

161 1077 230 1111 σιν,
262 1061 437 1116 ὀψοφάγον
462 1055 551 1101 εἶναι
587 1062 645 1101 καὶ
678 1062 808 1115 λίχνον.
850 1064 922 1103 Τὸν
941 1064 1043 1103 αὐτὸν
1062 1064 1188 1118 τρόπον

161 1121 218 1159 ε’πὶ
231 1124 292 1159 τοῦ
306 1121 489 1160 Διονυσίου
502 1125 562 1160 τοῦ
578 1121 747 1174 τυράννου
757 1152 768 1172 ,
782 1124 1091 1173 κλινοκοσμοῧντος
1100 1154 1110 1171 ,
1130 1123 1189 1162 καὶ

161 1179 227 1223 τὰς
249 1181 318 1218 τῶν
337 1179 552 1232 ὑφασμάτων
574 1179 748 1227 ἰδιότητας
764 1180 824 1219 καὶ
843 1181 1019 1225 ποικιλίας
1039 1181 1190 1226 ἐξεταζο-

160 1237 266 1288 μένου
303 1240 479 1290 συνεχῶς,
503 1237 639 1289 ἀνάγκη
658 1233 701 1285 ἦν
719 1237 782 1286 τὴν
803 1238 989 1277 ἀκόλουθον
1017 1243 1190 1278 ποιεῖσθαι

160 1295 324 1349 διάληψιν
361 1296 421 1334 καὶ
456 1297 739 1350 δυσαρεστεῖσθαι
789 1296 881 1335 κατὰ
924 1297 987 1344 τὴν
1024 1297 1188 1351 προαίρε-

159 1372 225 1395 σιν.
256 1351 366 1399 Οῧτος
398 1355 466 1410 γὰρ
502 1358 536 1395 ἐν
569 1355 632 1407 μὲν
661 1362 736 1400 ταῖς
751 1359 820 1395 τῶν
836 1355 945 1400 πέλας
965 1357 1190 1411 κατηγορίαις

158 1414 290 1462 πολλὴν
311 1415 487 1468 ἐπιφαίνει
507 1413 687 1461 δεινότητα
718 1415 777 1453 καὶ
803 1414 938 1466 τόλμαν
952 1431 960 1439 ·
984 1417 1020 1453 ἐν
1053 1414 1090 1453 δὲ
1114 1422 1189 1459 ταῖς

160 1474 263 1517 ἰδίαις
278 1474 508 1527 ἀποφάσεσιν,
540 1473 709 1511 ἐνυπνίων
730 1473 789 1512 καὶ
813 1473 966 1527 τεράτων
986 1473 1045 1512 καὶ
1069 1473 1186 1525 μύθων

158 1533 335 1572 ἀπιθάνων
350 1533 409 1572 καὶ
429 1532 629 1580 συλλήὸδην
654 1533 924 1585 δεισιδαιμονίας
942 1535 1104 1585 ἀγεννοῦς
1127 1534 1186 1573 καὶ

157 1591 334 1644 τερατείας
351 1589 588 1643 γυναικώδους
615 1591 689 1629 ἐστὶ
724 1591 874 1645 πλήρης.
902 1593 956 1631 Οὖ
988 1591 1058 1644 μὴν
1095 1591 1185 1631 ἀλλὰ

156 1649 243 1688 διότι
259 1665 298 1699 γε
315 1650 519 1702 συμὸαίνει,
543 1648 601 1688 διὰ
622 1649 685 1698 τὴν
704 1650 863 1704 ἀπειρίαν
880 1651 939 1689 καὶ
955 1651 1184 1704 κακοκρισίαν

154 1706 302 1751 πολλοὺς
319 1707 426 1746 ἐνίοτε
445 1707 603 1762 καθάπερ
617 1711 664 1752 εἰς
683 1708 742 1747 τὸν
759 1708 916 1763 παρόντα
931 1708 1052 1762 (τόπον
1061 1710 1090 1761 Ρ)
1100 1710 1184 1765 τρό-

153 1782 218 1804 πον
241 1765 320 1804 τινὰ
338 1766 387 1818 μὴ
407 1772 591 1818 παρεῖναι,
609 1768 669 1806 καὶ
690 1768 881 1820 βλέποντας
905 1767 954 1819 μὴ
971 1767 1124 1820 βλέπειν,
1144 1770 1183 1807 ἐκ

151 1827 221 1862 τῶν
242 1825 435 1878 εἰρημένων
451 1841 487 1864 τε
504 1828 563 1863 νῦν
581 1825 641 1863 καὶ
655 1828 725 1864 τῶν
743 1825 889 1878 Τιμαίῳ
906 1824 1180 1876 συμὸεὸηκότων

152 1881 271 1932 γέγονε
306 1882 463 1936 φανερόν.
499 1883 552 1921 Cf.
577 1884 714 1922 Suidas
735 1898 763 1921 s.
787 1897 823 1921 V.
845 1883 1108 1934 Δεισιδαιμονία
1144 1893 1181 1922 et

152 1939 313 1994 Δαιτρός,
328 1941 393 1979 ubi
407 1942 536 1979 eadem
558 1942 635 1979 fere
656 1943 845 1992 leguntur.

204 2076 336 2126 Polyb.
359 2079 449 2126 XII,
470 2091 481 2113 1
497 2091 528 2124 1,
545 2090 567 2113 a
583 2091 590 2112 :
613 2075 764 2127 Τίμαιός
779 2092 864 2130 φησι
881 2076 1044 2128 μέγιστον
1065 2076 1176 2130 ἁμάρ-

150 2149 248 2184 τημα
267 2133 346 2186 περὶ
365 2133 428 2180 τὴν
446 2134 599 2188 ἱστορίαν
616 2128 703 2172 εἶναι
721 2135 762 2173 τὸ
780 2136 903 2188 ψεῦδος
915 2151 922 2158 ·
941 2135 994 2173 διὸ
1012 2135 1071 2173 καὶ
1088 2151 1176 2188 παρ-

150 2198 238 2230 εῖναι
260 2193 434 2246 (παραινεῖ
453 2193 552 2243 conj.
579 2194 714 2231 Lucht.
742 2195 782 2231 in
811 2194 1009 2244 Phylareh.
1040 2208 1076 2245 p.
1106 2198 1176 2241 IX)

149 2249 300 2299 τούτοις,
322 2250 377 2294 οὒς
397 2250 437 2288 ἂν
461 2250 617 2304 ἐξελέγξῃ
636 2251 901 2305 διεψευσμένους
931 2254 966 2290 ἐν
998 2258 1068 2296 τοῖς
1083 2268 1174 2304 συγ·

148 2309 368 2362 γράμμασιν,
405 2308 519 2362 ἕτερόν
547 2326 581 2348 τι
619 2313 736 2357 ζητεῖν
767 2310 879 2362 ὄνομα
906 2317 976 2354 τοῖς
1009 2311 1172 2363 βιὸλίοις,

147 2418 404 2460 pharmacopolae
419 2419 581 2451 officinam
607 2420 702 2460 paulo
721 2423 794 2453 ante
812 2420 998 2460 clausisset3
1015 2422 1170 2462 praeterea

147 2465 324 2506 parasitum
351 2466 502 2504 eumdem
523 2466 661 2506 appellat
676 2490 685 2505 ‚
710 2467 767 2507 qui
791 2467 823 2499 in
849 2468 939 2499 aulas
967 2470 1064 2508 atque
1085 2468 1171 2500 aedes

147 2521 260 2544 omnes
278 2513 361 2544 ultro
374 2513 495 2545 insilire
520 2514 635 2546 solitus
657 2515 711 2554 sit,
729 2517 762 2546 et
775 2516 956 2548 helluonem
971 2539 979 2555 ‚
995 2518 1028 2548 et
1043 2515 1170 2557 cupedi-

147 2560 286 2600 'narium‚
304 2568 341 2591 ac
357 2559 395 2591 ad
412 2560 520 2600 gulam
535 2561 644 2592 omnia
666 2561 865 2594 referentem.

629 2623 690 2655 71.

187 2680 234 2710 De
243 2678 356 2710 Timaei
367 2678 494 2719 ingenio
505 2681 601 2720 atque
611 2679 720 2712 studio
733 2689 798 2711 non
809 2682 858 2712 est
869 2680 956 2721 quod
967 2680 1167 2713 dubitemus.

148 2725 277 2758 Etenim
287 2726 357 2766 ipse
367 2725 445 2757 dicit
456 2736 464 2758 ι
475 2728 587 2767 poetas
596 2729 628 2758 et
641 2726 811 2759 historicos
822 2727 1029 2767 frequentiori
1040 2736 1166 2759 earum-

148 2773 221 2804 dem
236 2781 343 2804 rerum
360 2772 393 2803 in
418 2773 546 2814 scriptis
562 2773 630 2805 suis
646 2773 745 2806 nimia
767 2774 957 2814 repetitione
972 2773 1097 2814 ingenia
1113 2783 1172 2805 sua

144 2817 280 2858 prodere
317 2818 418 2849 solere
436 2828 442 2849 :
466 2821 498 2850 et
535 2820 714 2850 Homerum
752 2819 885 2860 quidem
924 2828 965 2851 ex
990 2829 1048 2858 e0‚
1083 2820 1169 2860 quod

147 2864 227 2895 adeo
243 2864 426 2904 frequenter
444 2864 556 2906 epulas
576 2866 719 2898 instruat
737 2866 769 2897 in
786 2866 855 2898 suis
875 2866 1092 2907 poematibus,
1109 2866 1172 2898 hel·

146 2910 276 2942 luonem
293 2919 363 2943 sese
385 2911 463 2943 satis
479 2912 651 2944 ostendere
665 2924 674 2952 ;
693 2915 725 2945 et
739 2913 945 2945 Aristotelem
956 2937 965 2952 ,
983 2913 1038 2954 qui
1054 2913 1122 2945 suis
1138 2913 1172 2944 in

146 2957 385 2989 commentariis
398 2959 518 2998 passim
529 2959 664 2991 obsonia
673 2959 816 2999 condiat,
830 2959 955 2991 obsonii
970 2961 1171 3000 appetentem

146 3006 177 3034 et
209 3003 392 3035 catillonem
427 3004 539 3037 fuisse.
580 3006 684 3038 Simili
717 3007 840 3038 ratione
878 3006 918 3039 de
947 3007 1104 3047 Dionysio
1123 3007 1171 3047 ty·

145 3058 257 3089 ranno,
271 3050 327 3090 qui
340 3050 441 3083 lectos
453 3055 580 3084 ornaret
598 3053 777 3094 diligenter,
788 3056 820 3085 et
833 3053 977 3085 velorum
996 3053 1171 3085 bonitatem

145 3104 182 3126 ac
194 3096 380 3128 varietatem
403 3099 549 3131 studiose
583 3099 771 3140 inquireret,
786 3101 910 3133 Timaeo
938 3103 1172 3141 consequenter

146 3150 184 3172 ex
219 3142 367 3174 instituto
404 3153 464 3176 suo
500 3146 754 3178 existimandum
796 3147 925 3179 fuisset.
966 3147 1095 3179 Etenim
1138 3146 1173 3178 in

146 3186 280 3219 aliorum
305 3189 436 3228 quidem
455 3192 660 3224 accusatione
678 3193 814 3225 multam
833 3191 962 3226 dicendi
987 3193 1054 3225 vim
1071 3195 1104 3225 et
1118 3201 1173 3225 au-

144 3233 268 3265 daciam
298 3236 440 3267 ostendit
459 3247 467 3267 :
485 3237 517 3268 in
546 3239 615 3270 suis
651 3248 726 3271 vero
758 3240 996 3272 narrationibus
1026 3239 1095 3281 ipse
1125 3249 1173 3272 so·

142 3279 239 3311 mniis
264 3281 296 3311 et
318 3281 471 3322 prodigiis
493 3284 628 3317 refertus
644 3288 712 3326 est,
737 3289 769 3318 et
796 3287 913 3318 sabulis
936 3287 977 3318 ab
997 3287 1085 3319 omni
1111 3286 1174 3319 fide

148 3325 290 3365 umetis,
305 3334 342 3358 ac
354 3329 517 3367 postremo
534 3330 679 3370 degeneri
696 3340 734 3364 ac
762 3333 913 3364 muliebri
930 3333 1171 3374 superstitione.

145 3370 257 3410 igitur,
271 3373 437 3405 nonnullis
454 3384 520 3415 prae
535 3376 695 3417 imperitia
724 3388 761 3410 ac
785 3379 898 3419 Judicii
928 3380 1087 3420 pravitate
1111 3389 1173 3412 usu

142 3418 270 3457 xenii-e,
301 3421 336 3450 ut
363 3420 463 3452 veluti
488 3421 520 3453 in
546 3431 579 3454 re
604 3428 763 3464 praesente
785 3426 891 3458 absint
907 3427 1171 3467 quodammodo,

1006 198 1173 237 TlMAEl
1200 199 1532 239 FRAGMENTA.

1248 285 1366 325 πάντα
1397 286 1433 325 δὲ
1468 290 1599 339 μᾶλλον
1630 287 1652 334 ἢ
1687 289 1805 326 καλεῖν
1834 289 1998 342 ἱστορίαν.
2038 295 2092 329 Ex
2126 286 2268 332 Timaeo

1248 346 1372 383 Lucht
1394 346 1447 398 (in
1470 348 1615 397 praefat.
1656 347 1702 383 ad
1720 347 1919 396 Phylarch.
1951 361 1989 398 p.
2015 350 2087 400 lx)
2110 352 2269 401 repetita

1247 404 1375 454 paullo
1406 405 1584 443 audacius
1618 414 1726 456 putat
1762 406 1874 443 etiam
1909 419 1953 444 ea
1989 420 2073 458 quae
2091 408 2270 458 Polybius

1248 461 1358 513 (XII,
1385 476 1443 511 12,
1471 463 1511 514 b)
1542 463 1657 503 habet
1689 464 1736 502 de
1767 465 1975 515 proverbio
2018 467 2105 505 illo:
2143 468 2269 522 Λοκροὶ

1245 517 1307 564 τὰς
1330 520 1512 568 συνθήκας.
1539 523 1639 559 Dicit
1663 523 1763 560 enim
1782 523 1962 572 Polybius
1979 537 1987 559 :
2005 523 2091 564 ’Ἐπὶ
2106 527 2176 563 τῶν
2193 527 2271 565 ἀθε-

1244 578 1395 618 τούντων
1411 578 1474 624 τὰς
1491 581 1674 632 ὁμολογίας
1697 581 1939 635 προφερόμεθα
1970 581 2034 630 τὴν
2064 584 2270 637 παροιμίαν,

1245 637 1374 691 Λοκροὶ
1384 637 1447 682 τὰς
1461 639 1632 686 συνθήκας
1642 655 1650 663 ·
1663 644 1766 678 τοῦτο
1776 640 1812 678 δέ
1825 656 1876 683 τις
1892 640 2054 692 (Τίμαιος
2069 642 2168 694 conj.
2188 647 2269 682 Lu—

1244 697 1335 747 cht.)
1375 696 1604 749 ἐξιστόρηκεν,
1639 696 1692 736 ὅτι
1723 698 1783 749 (ὡς
1816 699 1968 748 Lucht.)
2002 701 2062 739 καὶ
2085 700 2183 755 παρὰ
2201 708 2273 746 τοῖς

1244 759 1479 808 συγγραφεῦσι
1512 755 1572 793 καὶ
1587 754 1684 808 παρὰ
1715 762 1784 798 τοῖς
1802 756 1918 800 ἄλλοις
1936 757 2128 811 ἀνθρώποις
2140 761 2271 811 ὁμολο-

1242 812 1409 864 γούμενόν
1428 816 1519 852 ἐστι·
1538 813 1624 852 διότι
1639 813 1730 853 κατὰ
1744 814 1807 862 τὴν
1825 818 1894 853 τῶν
1904 813 2141 869 Ἡρακλειδῶν
2149 817 2271 871 ἔφοδον

1244 870 1460 922 συνθεμένων
1472 874 1540 909 τῶν
1550 874 1696 926 Λοκρῶν
1706 879 1776 916 τοῖς
1789 874 2078 921 Πελοποννησίοις
2085 876 2272 927 πολεμίους

1243 929 1396 982 πυρσοὺς
1412 929 1534 983 αἴρειν,
1556 929 1615 968 ἐὰν
1636 931 1755 983 συμὸᾔ
1768 931 1847 975 τοὺς
1865 931 2096 986 Ἡρακλείδας
2111 934 2160 985 μὴ
2178 933 2270 974 κατὰ

1242 986 1300 1025 τὸν
1320 986 1458 1038 ἰσθμὸν,
1475 987 1566 1026 ἀλλὰ
1587 987 1677 1027 κατὰ
1705 989 1745 1028 τὸ
1764 989 1859 1029 Ῥίον
1878 994 2053 1030 ποιεῖσθαι
2068 991 2132 1039 τὴν
2152 992 2273 1032 &offia-

1243 1061 1311 1093 σιν,
1331 1045 1436 1099 χάριν
1451 1050 1513 1084 τοῦ
1529 1047 1824 1099 προαισθομένους
1841 1048 2056 1102 φυλάξασθαι
2072 1050 2135 1098 τὴν
2151 1049 2271 1104 ἔφοδον

1244 1104 1376 1142 αὐτῶν·
1408 1105 1448 1142 οὗ
1479 1104 1702 1151 ποιησάντων
1744 1105 1781 1144 δὲ
1821 1110 1890 1146 τῶν
1920 1110 2080 1161 Λοκρῶν,
2119 1115 2190 1148 πᾶν
2234 1110 2272 1148 δὲ

1243 1161 1442 1200 τούναντίον
1467 1162 1600 1215 φιλίους
1620 1162 1777 1215 ἀράντων
1807 1165 1977 1218 πυρσοὺς,
2004 1165 2061 1205 ὅτε
2094 1170 2271 1221 παρῆσαν,

1242 1218 1321 1263 τοὺς
1342 1218 1403 1270 μὲν
1420 1219 1651 1274 Ἡρακλείδας
1666 1221 1794 1269 συνέὸη
1817 1223 1893 1274 μετ’
1912 1225 2102 1277 ἀσφαλείας
2117 1228 2272 1279 χρῆσθαι

1242 1279 1285 1329 τῇ
1304 1277 1464 1316 διαὸάσει
1474 1308 1483 1324 ,
1496 1277 1575 1320 τοὺς
1592 1277 1627 1317 δὲ
1643 1280 1945 1328 Πελοποννησίους
1957 1283 2271 1337 κατολιγωρήσαν-

1241 1351 1305 1379 τας
1321 1337 1437 1374 λαθεῖν
1460 1335 1766 1389 παραδεξαμένους
1788 1340 1835 1382 εἷς
1853 1338 1916 1386 τὴν
1935 1340 2064 1378 οἰκείαν
2083 1340 2161 1385 τοὺς
2180 1344 2269 1380 ὖπε-

1242 1394 1399 1437 ναντίους
1413 1395 1766 1448 παρασπονδηθέντας
1783 1396 1850 1435 ὑπὸ
1865 1399 1934 1436 τῶν
1952 1400 2109 1450 Λοκρῶν.

1293 1500 1428 1550 Polyb.
1454 1502 1553 1547 XII,
1581 1514 1647 1538 12:
1670 1502 1838 1555 Καθάπερ
1854 1501 1922 1555 γὰρ
1941 1502 1998 1541 ἐπὶ
2014 1505 2083 1542 τῶν
2099 1504 2268 1550 κανόνων,

1240 1557 1304 1596 κᾶν
1329 1559 1486 1597 ἐλάττων
1508 1553 1531 1611 ᾗ
1553 1562 1602 1612 τῷ
1622 1559 1747 1611 μήκει,
1771 1559 1835 1599 κᾶν
1858 1564 1909 1614 τῷ
1927 1561 2053 1600 πλάτει
2070 1563 2270 1602 ταπεινότε-

1241 1632 1318 1670 ρος,
1346 1617 1478 1670 μετέχῃ
1514 1616 1551 1655 δὲ
1577 1621 1638 1664 τῆς
1664 1622 1725 1656 τοῦ
1755 1618 1896 1663 κανόνος
1925 1619 2113 1671 ἰδιότητος,
2138 1621 2267 1661 κανόνα

1238 1676 1343 1729 φησὶν
1365 1670 1452 1714 εἶναι
1469 1678 1644 1723 (Timaeus
1673 1677 1741 1728 sc.)
1774 1678 1832 1716 καὶ
1850 1679 1919 1716 δεῖν
1950 1679 2267 1733 προσαγορεύεσθαι

1237 1734 1370 1784 οὕτως,
1406 1733 1489 1773 ὅταν
1524 1733 1560 1773 δὲ
1583 1738 1644 1782 τῆς
1671 1735 1801 1780 εὐθείας
1825 1737 1885 1775 καὶ
1920 1739 1982 1784 τ’ἥς
2021 1738 2106 1790 πρὸς
2134 1743 2266 1786 ταύτην

1236 1792 1445 1839 οἰκειότητος
1479 1794 1542 1831 οὒκ
1581 1793 1720 1845 ἓγγίζῃ,
1761 1794 1877 1833 πάντα
1908 1798 2040 1846 μᾶλλον
2061 1797 2129 1835 δεῖν
2151 1796 2174 1844 ἢ
2202 1813 2268 1837 κα-

1235 1850 1318 1890 νόνα
1347 1852 1484 1889 καλεῖν·
1507 1850 1566 1889 τὸν
1605 1852 1706 1890 αὐτὸν
1733 1852 1861 1905 τρόπον
1881 1853 1940 1892 καὶ
1978 1857 2046 1892 τῶν
2082 1871 2266 1909 συγγραμ-

1235 1910 1356 1962 μάτων
1376 1910 1441 1948 ὅσα
1455 1908 1518 1961 μὲν
1538 1910 1579 1948 ἂν
1597 1910 1618 1957 ἢ
1637 1910 1727 1949 κατὰ
1745 1910 1808 1959 τὴν
1826 1911 1929 1961 λέξιν,
1949 1912 1971 1959 ἢ
1989 1913 2081 1951 κατὰ
2096 1914 2154 1952 τὸν
2182 1930 2264 1967 χει-

1236 1969 1370 2022 ρισμὸν,
1405 1968 1428 2015 ἢ
1457 1969 1535 2007 κατ’
1578 1968 1663 2007 ἄλλο
1693 1985 1727 2007 τι
1762 1970 2041 2024 διαμαρτάνηται
2071 1974 2139 2010 τῶν
2169 1973 2264 2012 ἰδίων

1235 2031 1364 2081 μερῶν,
1382 2027 1573 2080 ἀντέχηται
1597 2027 1633 2066 δὲ
1658 2029 1720 2074 τῆς
1740 2029 1919 2078 ἀληθείας,
1947 2030 2151 2083 προσίεσθαί
2179 2047 2265 2084 φησι

1231 2087 1275 2126 τὸ
1294 2091 1355 2135 τ’ῆς
1372 2086 1526 2139 ἱστορίας
1560 2086 1670 2138 ὄνομα
1707 2086 1769 2130 τὰς
1796 2086 1959 2139 βίὸλους·
1999 2087 2080 2127 ὅταν
2117 2087 2153 2127 δὲ
2178 2090 2264 2128 ταύ-
2315 2139 2320 2141 μ

1230 2161 1292 2192 της
1311 2145 1517 2199 παραπαίσῃ
1531 2175 1541 2192 ,
1564 2145 1690 2196 μηκέτι
1714 2147 1896 2184 καλεῖσθαι
1915 2146 1982 2185 δεῖν
2001 2148 2168 2202 ἱστορίαν,
2185 2151 2260 2188 κτλ.

1232 2209 1330 2252 Quae
1354 2205 1482 2242 omnia
1507 2205 1610 2242 dicta
1630 2213 1717 2242 sunt
1740 2213 1875 2242 contra
1893 2206 2149 2244 Aristotelem.

1283 2310 1490 2348 Aristocles
1519 2256 1795 2360 Peripategclus
1818 2310 1918 2348 libro
1958 2313 2031 2350 Vll
2052 2311 2132 2366 περὶ
2158 2314 2261 2366 φιλο-

1229 2423 1261 2453 et
1284 2421 1432 2453 videntes
1460 2429 1525 2451 non
1540 2420 1691 2456 videant,
1714 2429 1753 2452 ex
1773 2420 1824 2452 his
1845 2430 1919 2461 quae
1934 2424 1966 2453 ct
1981 2421 2067 2454 dicta
2082 2430 2170 2455 nunc
2182 2423 2260 2455 sunt

1228 2468 1261 2498 et
1275 2467 1397 2498 Timoeo
1413 2466 1617 2505 acciderunt,
1634 2467 1771 2507 perspici
1789 2468 1905 2507 potest.

1718 2534 1738 2565 7
1744 2534 1780 2566 2.

1272 2593 1413 2626 Timaeus
1437 2594 1486 2626 ait
1504 2594 1684 2626 maximum
1699 2603 1770 2626 esse
1786 2596 1952 2635 peccatum
1968 2594 1999 2626 in
2017 2595 2150 2627 historia
2165 2604 2256 2628 men·

1232 2639 1362 2670 dacium
1381 2650 1388 2671 :
1405 2649 1502 2681 quam
1525 2640 1567 2671 ob
1584 2649 1650 2672 rem
1670 2640 1765 2672 licere
1782 2640 1844 2671 illis
1856 2663 1865 2679 ‚
1883 2649 2023 2680 quorum
2038 2641 2160 2682 scripta
2173 2640 2257 2673 falsi-

1230 2686 1308 2717 tatis
1325 2687 1475 2718 convicta
1493 2687 1613 2718 suerint
1625 2711 1633 2726 ‚
1650 2686 1828 2727 quemlibet
1842 2686 1942 2718 alium
1958 2686 2066 2727 potius
2081 2695 2180 2728 quam
2206 2686 2253 2720 hi-

1230 2733 1339 2764 storiae
1355 2733 1486 2765 titulum
1501 2734 1569 2766 suis
1585 2733 1675 2765 libris
1692 2734 1805 2766 facere.

1710 2787 1772 2825 73.

1272 2849 1551 2886 Quemadmodum
1568 2849 1601 2880 in
1623 2849 1750 2889 regulis,
1766 2849 1794 2880 si
1809 2858 1873 2889 qua
1886 2848 2014 2881 brevior
2033 2850 2124 2889 justo
2139 2832 2264 2890 merit,-
2300 2838 2314 2882 J?

1230 2897 1287 2927 aut
1303 2895 1410 2927 minus
1425 2895 1502 2934 lata,
1520 2897 1556 2927 ut
1568 2895 1674 2927 officio
1691 2898 1799 2927 tamen
1812 2896 1930 2936 regulae
1943 2896 2074 2936 proprio
2092 2896 2252 2937 fungatur,
2302 2899 2311 2927 J

1231 2941 1330 2973 nihilo
1344 2942 1448 2974 secius
1462 2943 1568 2982 regula
1584 2944 1633 2973 est
1646 2945 1678 2974 et
1693 2942 1844 2983 appellari
1857 2951 1895 2973 eo
1911 2942 2040 2974 nomine
2052 2942 2148 2975 debet
2159 2954 2168 2983 ;
2179 2951 2254 2975 con·
2299 2948 2301 2950 '

1229 2990 1281 3020 tra
1292 3011 1301 3027 ,
1319 2988 1344 3020 si
1363 2997 1382 3019 a
1396 2988 1481 3021 linea
1496 2991 1582 3021 recta
1598 2988 1725 3021 recedat
1746 2991 1778 3020 et
1794 2988 1912 3028 regulae
1938 2988 2164 3028 proprietatem
2187 2997 2252 3021 non
2292 2984 2304 3019 ’τ’

1231 3038 1355 3074 servet,
1373 3035 1504 3075 quidvis
1519 3035 1627 3076 potius
1654 3044 1751 3075 quam
1774 3035 1882 3075 regula
1897 3037 1944 3066 est
1960 3035 2158 3067 nominanda
2177 3045 2185 3066 :
2206 3035 2252 3068 ita
2295 3067 2299 3075 Α,

1230 3081 1324 3122 plane
1339 3081 1372 3112 in
1386 3081 1538 3113 Historiis
1552 3090 1620 3113 rem
1641 3080 1768 3112 habere.
1788 3083 1869 3112 Nam
1887 3080 1915 3111 si
1929 3089 1994 3120 qua
2010 3080 2105 3112 suerit
2121 3080 2252 3122 scriptio
2294 3111 2296 3113 ,

1231 3129 1287 3159 ant
1298 3136 1413 3168 genere
1428 3127 1581 3159 dictionis
1599 3130 1654 3159 aut
1673 3127 1873 3159 tractationis
1887 3126 1984 3158 modo
1999 3128 2055 3159 aut
2071 3128 2135 3159 alia
2155 3137 2190 3160 re
2204 3128 2251 3159 vi·

1231 3174 1314 3206 tiosa
1327 3197 1336 3214 ‚
1354 3174 1380 3206 si
1403 3178 1509 3206 tamen
1539 3175 1709 3206 veritatem
1743 3174 1863 3214 ubique
1878 3176 2006 3206 tueatur
2027 3176 2156 3214 exacte,
2171 3174 2251 3207 nihil

2280 3215 2298 3223 Δ
2307 3217 2309 3219 .

1231 3222 1341 3260 vetat,
1371 3221 1502 3262 inquit,
1536 3220 1709 3261 quominus
1732 3220 1875 3252 historiae
1903 3220 2033 3252 nomine
2055 3221 2249 3262 appelletur:
2285 3229 2294 3234 ⁴*

1231 3268 1348 3308 quodsi
1375 3271 1483 3300 autem
1504 3277 1523 3299 a
1551 3276 1627 3300 vero
1655 3267 1869 3307 aberraverit,
1893 3267 2039 3307 nonjam
2062 3276 2158 3308 posse
2179 3275 2250 3300 eam
2281 3304 2283 3306 ,

1231 3314 1295 3347 dici
1311 3314 1488 3346 historiam.
1685 3355 1691 3360 ι

1710 3370 1730 3401 7
1735 3369 1756 3401 4
1763 3393 1772 3401 .

1273 3426 1335 3463 Qut
1353 3425 1480 3457 tandem
1495 3425 1559 3457 fieri
1570 3426 1688 3467 potuit,
1697 3428 1744 3466 ut,
1753 3425 1839 3466 qnod
1847 3425 1879 3456 in
1896 3425 2039 3466 Epistola
2053 3423 2095 3457 de
2109 3424 2186 3457 vitae
2201 3421 2245 3453 in·
2295 3434 2299 3435 ⁷
