2294 3704
136 203 208 231 Ln-

135 277 256 328 genda
274 284 418 328 putem,
438 275 542 326 quod
563 282 721 325 propter
742 271 907 309 indolem
925 282 1031 307 suam
1047 281 1151 307 seve-

137 337 215 373 rior
233 335 388 386 quidam
406 332 686 371 Tauromenitae
707 342 842 367 censor
861 327 1032 378 συλλογὴν
1052 330 1154 380 ῥητο-

135 395 240 444 ρικῶν
260 393 425 445 ἀφορμῶν
453 389 711 441 appellaverit.
737 386 975 436 conjecturis
999 387 1078 423 haec
1094 386 1153 422 ni—

136 458 286 497 tuntur,
302 463 396 500 quas
417 457 540 486 tamen
570 447 624 483 rei
644 454 777 482 natura
793 445 942 482 videtur
958 457 1149 482 excusare.

186 509 318 546 Redeo
349 507 396 544 ad
424 506 550 556 operis
572 504 810 541 divisionem.
843 506 938 549 Quae
959 511 1085 540 utrum
1104 502 1152 540 ab

134 567 220 618 ipso
241 575 418 612 auctore,
444 578 490 601 an
511 576 532 600 a
552 563 705 600 serioris
725 563 796 600 aevi
815 562 1035 600 hominibus
1055 561 1152 599 facta

132 627 180 663 sit
196 625 346 662 difficile
360 631 416 660 est
429 622 479 672 dij
486 621 649 658 udicatu.
670 621 844 671 Singulas
857 620 1011 671 quidem
1026 628 1152 671 partes

131 696 207 720 non
238 681 443 732 separatim
467 693 488 717 a
507 680 651 717 Timaeo
671 679 792 716 editas
822 692 922 727 esse,
940 679 1019 727 sed,
1041 690 1152 716 exce-

132 741 224 790 ptis,
238 740 342 777 libris
362 740 427 789 qui
448 738 494 775 de
516 738 663 787 Pyrrho
682 745 992 788 egerunt,unum
1011 749 1152 787 corpus

129 798 299 835 effecisse
318 804 543 846 argumento
561 804 619 833 est
636 796 742 833 locus
761 795 957 834 Ciceronis
974 796 1015 833 in
1028 795 1150 845 Epist.

129 859 183 902 V,
210 869 272 901 12,
302 854 370 892 ubi
394 857 557 891 «Deesse
577 853 669 890 mihi
687 853 812 900 nolui,
831 853 976 903 inquit,
1000 853 1092 903 quin
1115 860 1152 889 te

128 913 345 964 (Luccejum
360 912 600 960 historicum)
619 911 878 958 admonerem,
896 920 940 948 ut
955 911 1151 962 cogitares,

127 971 378 1022 conjunctene
408 971 538 1008 malles
565 984 655 1007 cum
681 970 838 1020 reliquis
871 970 987 1007 rebus
1021 978 1151 1007 nostra

126 1038 351 1077 contexere,
377 1043 446 1078 an,
471 1037 514 1066 ut
539 1029 650 1066 multi
674 1029 797 1066 Graeci
819 1029 1009 1075 fecerunt,
1036 1028 1152 1065 (jalli—

126 1089 276 1127 sthenes
300 1087 509 1138 Trojanum
528 1086 669 1125 bellum
684 1116 694 1134 ‚
713 1087 877 1124 Timaeus
896 1087 1055 1136 Pyrrhi,
1076 1090 1152 1123 Po-

123 1147 253 1198 lybius
273 1147 546 1186 Numantinum
559 1176 570 1193 ,
586 1147 653 1196 qui
672 1157 804 1182 omnes
825 1158 847 1182 a
866 1145 1061 1195 perpetuis
1075 1144 1151 1181 suis

123 1206 292 1244 historiis
319 1219 381 1253 ea,
410 1219 495 1256 quae
527 1205 626 1251 dixi,
659 1203 758 1241 bella
786 1211 1086 1253 separaverunt:
1111 1211 1151 1240 tu

124 1279 278 1316 quoque
293 1265 383 1302 item
399 1265 552 1301 civilem
564 1263 871 1313 conjurationem
885 1261 932 1299 ab
949 1261 1151 1299 hostilibus

123 1325 367 1374 externisque
398 1323 509 1361 bellis
536 1322 770 1372 sejungeres,
787 1338 802 1355 »
847 1321 956 1359 Adde
988 1322 1149 1370 Dionys.

123 1383 210 1421 Hal.
234 1386 322 1420 Ant.
344 1386 456 1420 Rom.
476 1395 514 1432 p.
539 1382 575 1426 5,
599 1382 647 1417 26
671 1395 678 1417 :
703 1381 849 1432 Πρῶτον
875 1378 951 1430 μὲν,
974 1378 1039 1417 ὅσα
1058 1378 1150 1431 κάμὲ

122 1440 268 1488 εἰδέναι,
298 1439 360 1486 τὴν
389 1438 596 1490 Ῥωμαϊκὴν
626 1437 874 1490 ἀρχαιολογίαν
901 1437 1151 1490 ἐπιδραμόντος

122 1497 331 1552 Ἱερωνύμου
356 1502 417 1536 τοῦ
443 1499 641 1550 Καρδιανοῦ
665 1495 911 1550 συγγραφέως,
944 1498 978 1534 ἐν
1005 1499 1050 1549 τῇ
1071 1498 1150 1550 περὶ

121 1559 190 1596 τῶν
206 1557 372 1609 ἐπιγόνων
388 1555 624 1610 πραγματείᾳ’
645 1555 764 1594 ἔπειτα
783 1555 937 1606 Τιμαίου
954 1558 1015 1593 τοῦ
1041 1557 1150 1594 Σικε-

122 1615 268 1664 λιώτου,
289 1614 334 1654 τὰ
363 1615 426 1667 μὲν
449 1617 581 1667 ἀρχαῖα
603 1616 672 1652 τῶν
692 1616 854 1666 ἱστοριῶν
875 1615 910 1652 ἐν
927 1619 1003 1657 ταῖς
1022 1619 1151 1658 κοιναῖς

121 1673 288 1725 ἱστορίαις
323 1672 619 1727 ἀφηγησαμένου,
654 1672 732 1716 τοὺς
762 1671 799 1710 δὲ
826 1672 910 1725 πρὸς
925 1672 1064 1726 Πύρῥον
1092 1673 1150 1711 τὸν

122 1730 341 1785 Ἠπειρώτην
361 1731 534 1782 πολέμους
549 1733 602 1774 εἷς
623 1731 711 1769 ἰδίαν
731 1730 1041 1784 καταχωρίσαντος
1061 1747 1149 1783 πρα-

121 1790 305 1841 γματείαν·
322 1806 356 1828 κ.
375 1807 407 1828 τ.
426 1791 459 1828 λ.
487 1793 623 1841 Itaque
647 1789 851 1841 probabile
874 1798 931 1827 est
961 1790 1148 1827 Timaeum

121 1848 241 1887 libros
250 1850 466 1887 Siculorum
483 1849 666 1886 continua
680 1849 778 1886 serie
791 1861 1024 1895 numerasse,
1043 1857 1148 1899 post—

121 1920 166 1945 ea
193 1921 286 1946 vero
321 1916 449 1959 partes
480 1907 644 1957 ingentis
671 1906 785 1957 hujus
814 1907 943 1957 operis
976 1907 1148 1956 sejuncte

120 1965 240 2004 editas
262 1979 365 2014 csse,
396 1966 561 2016 ideoque
588 1965 776 2003 exstitisse
802 1966 931 2016 plures
959 1965 1145 2003 librorum

121 2024 283 2063 ordines.
315 2025 495 2063 Dubitari
516 2024 610 2062 adeo
630 2032 769 2075 potest,
793 2038 884 2061 num
899 2024 946 2062 ab
968 2025 1145 2063 omnibus

120 2083 251 2122 eadem
270 2084 398 2135 operis
417 2084 554 2121 divisio
570 2083 771 2120 observata
787 2084 846 2120 sit.
868 2084 1020 2120 Etenim
1035 2085 1145 2134 Poly-

119 2141 207 2179 bius
231 2142 491 2180 Hermocratis
508 2142 721 2180 orationem
747 2142 875 2179 laudat
897 2155 945 2179 ex
966 2142 1064 2180 libro
1085 2144 1143 2180 vi-

120 2202 262 2239 cesimo
280 2202 420 2252 primo,
446 2201 513 2251 qui
532 2214 579 2238 ex
598 2209 729 2238 nostra
746 2200 996 2238 adornatione
1019 2202 1143 2252 perti-

119 2268 185 2298 net
199 2260 246 2297 ad
259 2261 405 2312 primos
417 2260 536 2297 libros
548 2259 666 2310 partis
677 2260 868 2297 secundae.
886 2260 1016 2298 Putari
1028 2261 1145 2311 igitur

119 2327 248 2370 posset
273 2318 453 2369 Polybius
490 2332 568 2356 non
598 2319 818 2369 interrupto
852 2317 986 2355 ordine
1025 2319 1143 2357 libros

118 2391 330 2416 numerare.
363 2377 437 2416 Sed
463 2378 538 2415 hoc
553 2378 767 2428 “quominus
790 2385 1018 2424 statuamus,
1040 2386 1144 2416 vetat

118 2436 232 2485 illud,
256 2437 365 2488 quod
393 2437 576 2474 Timaeum
606 2436 707 2474 libro
737 2437 916 2474 vicesimo
938 2437 1064 2488 primo
1096 2438 1143 2476 de

116 2496 353 2534 Timoleonte
378 2496 499 2546 egisse
524 2495 616 2532 dicit
638 2498 736 2533 inter
754 2496 847 2533 duas
866 2497 996 2547 operis
1015 2505 1142 2547 partes

116 2554 365 2605 distinguens
388 2558 519 2592 Restat
538 2562 580 2592 ut
598 2554 806 2592 contendas
823 2554 945 2605 priori
963 2555 1049 2593 loco
1067 2559 1140 2593 Po-

116 2612 261 2661 lybium
287 2612 406 2650 libros
429 2613 608 2650 continua
636 2613 732 2650 serie
756 2625 995 2661 numerasse,
1020 2614 1140 2653 altero

115 2672 252 2709 minus.
271 2671 344 2710 Sed
363 2684 448 2722 quae
468 2672 516 2709 de
527 2672 766 2709 Timoleonte
784 2685 831 2709 ex
846 2671 946 2709 libro
958 2673 1140 2710 vicesimo

115 2729 239 2778 primo
261 2729 484 2778 traduntur,
510 2732 670 2767 omnino
689 2744 765 2768 non
786 2731 975 2781 quadrant
992 2745 1078 2769 cum
1094 2745 1139 2769 ea

115 2786 300 2825 librorum
315 2788 571 2835 indicatione,
604 2802 718 2839 quam
744 2789 791 2826 ab
814 2789 896 2827 aliis
916 2789 1138 2828 auctoribus

115 2854 309 2896 acceptam
324 2846 507 2885 habemus
520 2846 572 2899 (v.
592 2847 640 2885 ad
661 2849 707 2885 fr.
735 2846 835 2899 134).
855 2851 1002 2886 Horum
1016 2849 1137 2886 ratio-

115 2915 181 2940 nes
201 2904 231 2941 si
253 2906 466 2955 sequimur,
498 2920 582 2957 quae
606 2905 788 2955 Polybius
811 2906 907 2944 libro
926 2909 1022 2946 XXI
1039 2908 1135 2946 assi—

113 2969 222 3011 gnat,
246 2964 366 3000 multo
387 2973 475 3015 post
504 2965 798 3003 commemorari
823 2965 1026 3004 debebant.
1057 2970 1136 3005 Nec

113 3019 366 3070 probabiliter
388 3024 571 3072 suspicari
592 3024 681 3062 licet
704 3023 794 3061 libri
806 3032 938 3062 notam
952 3024 1134 3075 deprava-

113 3086 188 3115 tam
208 3091 305 3125 esse,
328 3080 428 3130 quod
445 3081 602 3119 eandem
628 3083 840 3133 reperimus
866 3082 1018 3122 duobus
1043 3084 1135 3121 locis

112 3136 225 3187 longe
238 3139 422 3188 separatis
436 3141 539 3189 (XII,
562 3154 605 3177 η
620 3149 657 3178 et
675 3142 751 3192 26).
774 3145 866 3191 Quae
876 3143 1026 3180 numeri
1040 3156 1135 3180 con-

112 3195 248 3233 stantia
267 3210 344 3234 non
369 3197 514 3235 redolet
537 3212 704 3237 errorem
732 3201 890 3239 librarii.
913 3206 1000 3240 Non
1019 3202 1135 3240 video

111 3252 230 3302 igitur
261 3255 458 3305 quomodo
488 3255 583 3293 hanc
605 3257 865 3297 difficultatem
890 3261 1032 3309 solvas,
1061 3261 1132 3299 nisi

111 3311 314 3362 Polybium
324 3322 467 3367 statuas
478 3315 652 3352 secundae
665 3318 784 3366 partis
793 3319 992 3357 exordium
1004 3320 1134 3358 fecisse

111 3383 188 3407 non
206 3384 227 3408 a
260 3372 403 3423 prima,
439 3372 504 3410 sed
536 3386 558 3410 a
582 3374 750 3412 secunda
774 3377 1066 3416 Atheniensium
1093 3379 1132 3417 in

1039 182 1103 220 DE
1131 181 1327 221 TIMAEO.

1213 267 1378 306 Siciliam
1394 268 1647 319 expeditione.
1662 270 1755 316 Quae
1765 280 1880 316 quum
1892 279 1937 304 ex
1947 274 2078 304 nostro
2088 267 2234 305 calculo

1210 326 1300 363 inde
1319 340 1340 363 a
1357 327 1457 364 libro
1477 327 1624 364 decimo
1641 339 1764 377 usque
1783 326 1830 363 ad
1849 325 2038 363 decimum
2055 334 2234 376 quartum

1212 393 1386 422 enarrata
1404 385 1597 431 videatur,
1622 385 1794 435 sequitur
1809 383 1955 433 Polybii
1970 383 2110 421 librum
2130 385 2236 423 vice-

1211 444 1347 480 simum
1359 445 1524 494 primum
1540 443 1773 494 respondere
1782 451 1913 480 nostro
1924 442 2024 479 libro
2039 443 2235 492 trigesimo

1212 502 1352 551 primo,
1364 502 1429 552 qui
1438 501 1526 538 libri
1537 514 1716 538 numerus
1727 501 1956 551 aptissimus.
1967 501 2106 538 Eadem
2118 501 2236 552 igitur

1211 560 1358 596 ratione
1374 560 1508 610 fragm.
1532 562 1600 605 134
1624 559 1831 596 secundum
1850 559 2051 609 Polybium
2070 573 2119 596 ex
2134 559 2235 597 libro

1212 619 1405 669 trigesimo
1433 626 1570 669 quarto
1592 618 1834 669 depromtum
1859 617 1961 668 apud
1980 631 2050 655 nos
2070 619 2236 668 pertinet

1211 677 1258 714 ad
1281 677 1421 714 librum
1445 676 1778 726 quadragesimum
1802 685 2002 726 quartum,
2021 676 2090 713 ubi
2111 677 2237 715 Sicula

1211 736 1346 773 Timaei
1379 734 1429 772 ad
1464 735 1577 772 finem
1608 733 1832 784 vergebant.
1871 737 1994 785 Atque
2027 735 2116 772 huic
2149 736 2236 773 loco

1211 794 1354 842 optime
1381 793 1561 830 convenit
1583 801 1859 842 argumentum.
1884 796 2030 843 Nempe
2055 806 2236 832 excusare

1211 864 1291 888 sese
1309 851 1470 887 Timaeus
1487 849 1626 895 studet,
1647 850 1766 900 quod,
1788 863 1906 900 quum
1925 850 2089 888 eundem
2109 852 2237 889 locum

1211 923 1279 960 per
1298 909 1574 959 quinquaginta
1592 921 1712 945 annos
1734 908 1976 946 continenter
1993 907 2237 958 habitaverit,

1212 981 1302 1005 usus
1316 968 1443 1005 bellici
1460 981 1536 1003 non
1555 966 1762 1003 admodum
1781 967 1927 1017 peritus
1944 968 2004 1006 sit.

1265 1026 1332 1063 His
1349 1026 1569 1076 praemissis,
1598 1038 1658 1062 res
1684 1038 1779 1074 quas
1801 1025 1840 1062 in
1861 1025 2018 1075 singulis
2039 1024 2148 1064 libris
2165 1026 2237 1064 Ti-

1212 1097 1328 1121 maeus
1356 1084 1600 1131 tractaverit,
1630 1091 1814 1133 quantum
1840 1083 1921 1133 ejus
1950 1092 2111 1135 propter
2135 1085 2238 1135 frag-

1211 1157 1427 1186 mentorum
1445 1148 1640 1185 raritatem
1659 1148 1742 1185 fieri
1757 1156 1902 1198 potest,
1925 1149 2057 1200 paullo
2079 1162 2238 1188 accura-

1211 1208 1285 1245 tius
1301 1207 1586 1245 adumbremus.
1606 1207 1889 1257 Liberprimus,
1909 1216 1952 1244 ut
1976 1221 2035 1245 res
2054 1208 2138 1258 ipsa
2153 1222 2239 1246 mo-

1211 1273 1297 1312 net,
1318 1265 1365 1303 de
1386 1266 1525 1304 Siciliae
1549 1273 1687 1302 natura
1711 1274 1749 1302 et
1775 1265 1896 1302 forma
1918 1266 1981 1316 (sr.
2009 1266 2046 1316 1)
2066 1267 2165 1316 egit,
2191 1267 2239 1305 de

1213 1324 1373 1370 Sicanis,
1389 1323 1576 1375 indigenis
1593 1331 1635 1360 ut
1651 1323 1818 1361 Timaeus
1835 1324 2048 1372 contendit,
2068 1325 2116 1363 de
2132 1326 2239 1363 Sicu-

1210 1382 1256 1419 lis
1275 1382 1441 1433 denique
1463 1395 1511 1419 ex
1531 1383 1639 1420 Italia
1659 1381 1827 1420 advenis.
1845 1385 2018 1431 Quorum
2039 1383 2237 1422 historiam

1210 1441 1323 1478 altius
1341 1449 1517 1492 repetens
1534 1440 1817 1491 antiquissimas
1834 1454 1895 1479 res
1914 1442 2063 1479 Italicas
2080 1442 2238 1480 uberius

1210 1501 1427 1551 exponendi
1448 1509 1585 1551 sponte
1604 1513 1684 1537 sese
1706 1500 1848 1537 obtulit
1864 1501 2026 1539 occasio.
2049 1502 2118 1539 His
2137 1515 2238 1552 prae-

1210 1560 1323 1596 missa
1359 1567 1397 1596 et
1430 1560 1574 1596 intexta
1609 1566 1718 1595 erant
1750 1558 1917 1608 mythica
1957 1560 2004 1597 de
2034 1561 2169 1598 Cerere
2200 1568 2239 1597 et

1210 1617 1380 1667 Daphni,
1411 1631 1487 1667 prae
1512 1617 1649 1654 ceteris
1661 1629 1756 1654 vero
1781 1630 1868 1666 quae
1890 1616 1937 1654 ad
1964 1618 2238 1668 geographicas

1211 1677 1376 1713 rationes
1396 1675 1533 1713 fabulae
1553 1684 1747 1726 spectant,
1768 1678 2075 1725 Argonautarum
2092 1677 2180 1714 dico
2199 1685 2237 1715 et

1211 1735 1388 1771 Herculis
1404 1733 1667 1784 expeditiones
1680 1745 1768 1778 ,nec
1787 1747 1862 1769 non
1882 1733 2081 1771 Diomedis
2100 1734 2139 1771 in
2157 1737 2237 1772 Ita-

1210 1793 1295 1830 liam
1322 1793 1545 1830 adventum.
1575 1794 1670 1829 Cum
1691 1791 1766 1828 hoc
1788 1791 1984 1828 cohaerent
2008 1791 2055 1829 de
2077 1793 2236 1830 Dauniis

1207 1851 1446 1888 narrationes
1462 1850 1525 1902 (fr.
1551 1856 1610 1898 14,
1635 1850 1708 1900 15).
1732 1853 1790 1887 De
1806 1851 1975 1888 Etruscis
1993 1850 2092 1888 libro
2109 1852 2236 1902 primo

1207 1923 1420 1948 sermonem
1443 1910 1557 1946 fuisse
1574 1909 1763 1959 expressis
1779 1909 1907 1946 verbis
1922 1909 2015 1946 dicit
2032 1910 2236 1950 Athenaeus

1209 1968 1270 2013 (fr.
1295 1967 1366 2019 18).
1391 1967 1630 2013 Quibuscum
1650 1966 1855 2016 conjuncta
1874 1976 1963 2005 sunt
1981 1981 2066 2018 quae
2079 1968 2126 2006 de
2142 1972 2236 2006 Tro-

1200 2026 1292 2077 jana
1307 2031 1569 2065 Romanorum
1592 2026 1739 2076 origine
1756 2026 1880 2076 deque
1895 2029 2028 2064 Romae
2045 2027 2153 2065 urbis
2169 2028 2233 2065 in-

1205 2085 1407 2123 cunabulis
1426 2086 1642 2123 afferuntur
1659 2084 1718 2134 (fr.
1736 2098 1757 2121 2
1768 2086 1814 2135 1).
1829 2084 1983 2135 Subjeci
1999 2085 2046 2122 de
2060 2085 2184 2136 Libya
2196 2095 2236 2124 et

1205 2145 1444 2196 Carthagine,
1460 2145 1595 2182 eodem
1618 2158 1696 2194 quo
1705 2148 1828 2182 Roma
1839 2157 1940 2181 anno
1955 2145 2122 2193 condita,
2132 2145 2235 2196 frag-

1205 2212 1350 2250 menta3
1367 2204 1454 2254 jure
1469 2203 1706 2241 dubitaveris
1723 2203 1801 2240 haec
1821 2203 1861 2240 in
1881 2203 2008 2253 primo
2033 2202 2132 2241 libro
2157 2213 2234 2242 tra-

1204 2270 1305 2299 ctata
1323 2275 1425 2310 esse,
1446 2262 1512 2300 sed
1529 2263 1692 2299 certiore
1706 2261 1896 2298 librorum
1916 2261 2057 2299 iudicio
2075 2275 2233 2313 prorsus

1204 2334 1390 2358 caremus.
1418 2344 1471 2350 —
1495 2322 1681 2357 Secundus
1711 2320 1807 2356 liber
1833 2320 1923 2357 item
1945 2319 2172 2359 versabatur
2194 2322 2232 2359 in

1203 2379 1318 2417 rebus
1337 2379 1604 2431 geographicis
1617 2387 1656 2416 et
1673 2379 1839 2416 maxime
1857 2378 2010 2429 quidem
2028 2379 2068 2416 in
2087 2379 2233 2418 descri-

1203 2437 1339 2475 bendis
1356 2439 1560 2489 Ligurum,
1588 2439 1784 2476 Celtorum
1803 2437 2085 2488 lberorumque
2107 2439 2231 2484 terris,

1201 2497 1238 2534 in
1253 2510 1417 2547 quorum
1433 2498 1667 2548 populorum
1685 2509 1810 2533 mores
1828 2504 1864 2533 et
1877 2496 2053 2533 instituta
2067 2498 2230 2535 multum

1201 2569 1241 2593 se
1267 2556 1510 2606 inquisivisse
1539 2556 1621 2606 ipse
1646 2555 1807 2592 Timaeus
1835 2555 1886 2591 ait
1923 2555 2113 2605 prooemio
2140 2555 2230 2594 libri

1200 2616 1309 2653 sexti.
1327 2620 1412 2654 Jam
1432 2629 1551 2666 quum
1574 2615 1622 2653 de
1644 2615 1702 2652 his
1725 2615 1880 2666 populis
1900 2628 1979 2652 non
1997 2615 2069 2652 nisi
2088 2615 2127 2652 in
2146 2616 2229 2666 pri-

1201 2675 1271 2712 mis
1300 2675 1470 2712 historiae
1497 2674 1605 2711 libris
1641 2686 1766 2711 sermo
1787 2674 1934 2710 institui
1965 2674 2154 2724 potuerit,
2185 2688 2229 2712 ae

1199 2733 1452 2783 fragmentum
1473 2732 1520 2771 de
1537 2733 1690 2772 Corsica
1706 2732 1826 2770 insula
1844 2731 1908 2782 (fr.
1921 2733 1986 2782 26)
2001 2733 2227 2770 nominatim

1198 2791 1298 2829 libro
1327 2791 1494 2829 secundo
1518 2791 1775 2838 adscribatur,
1812 2798 1941 2828 cetera
1968 2804 2123 2842 quoque
2142 2805 2227 2842 quae

1198 2850 1243 2887 ad
1266 2851 1334 2888 has
1351 2851 1528 2901 regiones
1548 2858 1724 2902 spectant
1739 2850 1864 2887 eidem
1879 2849 1980 2887 libro
1996 2850 2086 2887 licet
2099 2850 2226 2888 vindi-

1197 2921 1296 2948 care.
1317 2912 1394 2947 Nec
1412 2910 1451 2947 in
1472 2909 1546 2947 illis
1568 2909 1723 2959 quidem
1745 2909 1909 2947 Timaeus
1931 2921 1971 2946 se
1992 2909 2224 2947 continuisse

1196 2967 1366 3015 videtur,
1396 2968 1462 3006 sed
1479 2969 1637 3005 omnino
1657 2968 1731 3005 hoc
1756 2967 1856 3005 libro
1886 2967 2020 3004 eadem
2036 2974 2075 3004 et
2090 2966 2223 3005 eodem

1194 3026 1274 3063 fere
1291 3026 1425 3064 ordine
1449 3027 1618 3064 narravit
1637 3039 1722 3077 quae
1740 3026 1936 3064 Diodorus
1951 3024 2051 3062 libro
2070 3025 2219 3075 quinto,

1194 3097 1308 3134 quem
1334 3093 1458 3122 totum
1487 3098 1595 3135 paene
1627 3098 1676 3122 ex
1702 3085 1843 3122 Timaeo
1870 3095 2092 3134 expressum
2111 3091 2221 3134 puto,

1193 3155 1428 3193 quamquam
1451 3143 1594 3181 fontem
1613 3151 1748 3181 auctor
1775 3143 2004 3193 plerumque
2024 3155 2101 3179 non
2117 3141 2221 3180 indi-

1193 3210 1271 3250 cat,
1297 3203 1397 3249 imo,
1430 3203 1556 3253 primo
1584 3203 1709 3254 capite
1734 3204 1832 3240 male
1850 3203 2076 3240 artificiosus
2097 3202 2221 3240 celare

1192 3261 1331 3300 studet.
1348 3265 1482 3312 Itaque
1498 3262 1571 3299 huc
1589 3262 1703 3299 retuli
1717 3275 1799 3313 quae
1816 3262 2009 3313 pertinent
2027 3261 2075 3299 ad
2091 3261 2218 3300 Corsi-

1192 3334 1274 3358 cam
1293 3321 1386 3372 (26),
1406 3321 1618 3359 Sardiniam
1636 3321 1696 3372 (fr.
1715 3321 1869 3373 27-29),
1886 3322 2060 3359 Baleares
2075 3321 2135 3372 (fr.
2155 3322 2218 3369 30,

1193 3380 1214 3417 3
1225 3378 1272 3431 1),
1293 3380 1438 3418 Mictim
1455 3388 1494 3418 et
1507 3381 1691 3418 Basileam
1710 3381 1854 3418 insulas
1870 3381 1931 3429 (fr.
1948 3379 2218 3432 32-34),1be>->
