2320 3684
61 141 2129 222 &QQQQQQQQQQQQQQQQQQ

295 309 1899 468 ANDROTIONIS

728 581 1130 664 FRAGM
1147 581 1466 663 ENTA.

421 873 695 927 ATTHIS.

446 947 601 1036 LIBIIER
628 946 660 984 l.

99 1052 379 1104 Harpocration
409 1066 445 1090 v.
475 1049 755 1098 Παναθήναιαε.

808 1048 922 1100 ἤγαγε
948 1047 984 1086 δὲ
1005 1047 1068 1096 τὴν

45 1110 167 1181 ἑορτὴν
184 1113 203 1150 ὁ
223 1109 450 1164 Ἐριχθόνιος,
476 1113 495 1148 ὁ
514 1109 723 1163 Ἡφαίστου,
743 1107 834 1147 καθά
851 1124 955 1162 φασιν
979 1107 1023 1146 Γ
1025 1109 1069 1146 λ-

44 1166 183 1212 λάνικός
205 1184 243 1207 τε
270 1167 331 1207 καὶ
362 1167 578 1222 Ἀνδροτίων,
607 1166 802 1221 ἑκάτερος’
786 1183 822 1206 εν
842 1165 964 1220 πρώτῃ
989 1166 1070 1206 Ἀτ-

45 1227 186 1326 Θίδζξίά.
218 1286 473 1337 fragmentum
503 1285 551 1323 de
591 1286 837 1336 Areopagitis
868 1286 905 1323 in
938 1284 1070 1323 Philo-

46 1345 153 1383 chori
176 1345 222 1383 fr.
240 1348 366 1384 XVII.

469 1406 653 1421 ⁴000-—

441 1450 594 1488 LIBER
622 1450 674 1489 ΙΙ.

100 1508 187 1547 Vid.
216 1507 374 1546 secundi
396 1506 487 1545 libri
511 1507 644 1557 fragm.
674 1507 721 1545 de
742 1507 876 1545 iisdem
896 1510 1073 1558 Areopa-

49 1568 136 1620 gitis
152 1568 193 1605 in
209 1567 427 1605 Philochori
450 1566 495 1604 fr.
514 1568 647 1656 L2VIII.

103 1673 284 1723 Stephan.
305 1676 437 1722 ΒΥΖΝ
475 1670 687 1725 ΞΔ.ελφοί
693 1670 817 1710 Ἔστι
834 1671 894 1709 καὶ
915 1672 1074 1724 Δελφου-

50 1730 110 1770 σία
128 1730 227 1774 πόλις
243 1729 484 1785 Ἀρκαδίας,
465 1745 511 1773 ως
535 1701 774 1783 Ἀνδροτίων’
759 1745 793 1768 εν
822 1728 854 1782 β’
877 1729 1039 1773 Ἀτθίδος.

102 1836 386 1887 Harpocration
411 1851 420 1874 Ξ
440 1834 658 1874 Ἀποδέκται.
682 1834 791 1888 Ἀρχή
817 1851 869 1879 τις
893 1837 968 1874 ἐστι
992 1835 1076 1889 παρ’

51 1894 240 1942 Ἀθηναίοις
272 1896 303 1932 οἱ
324 1893 550 1932 ἀποδέκται..
567 1893 674 1934 .“Ὀτι
699 1892 736 1932 δὲ
762 1893 838 1932 ἀντὶ
860 1909 930 1932 των
961 1895 1077 1932 κωλα-

50 1951 180 2007 κρέτων
207 1954 238 1991 οἱ
258 1952 484 1991 ἀποδέκται“
471 1952 539 1991 υπὸ
558 1951 785 1996 Κλεισθένους
805 1952 1075 2005 ἀπεδείχθησαν,

51 2009 252 2064 Ἀνδροτίων
272 2010 316 2063 β’.
544 2064 558 2082 Ι

103 2117 227 2155 Schol.
244 2116 291 2154 ad
309 2117 504 2168 Aristoph.
525 2074 622 2155 Zves
643 2117 767 2163 1540:
801 2116 873 2156 Τὸν
891 2115 1075 2170 κωλακρέ-

50 2190 128 2223 την,
145 2174 203 2213 τὸν
224 2173 352 2226 ταμίαν
373 2177 441 2213 τῶν
463 2176 653 2214 πολιτικῶν
685 2175 891 2229 χρημάτων.
913 2175 1071 2228 Ἀριστο-

51 2232 160 2286 φάνης
178 2235 196 2271 ὁ
218 2248 460 2286 γραμματικος
478 2233 620 2278 τούτους
647 2234 775 2285 ταμίας
794 2228 882 2272 εἶναί
906 2249 991 2287 φησι
1013 2237 1074 2272 τοῦ

51 2291 251 2330 δικαστικοῦ
275 2294 412 2343 μισθοῦ,
424 2294 462 2330 οὔ
474 2292 577 2343 μόνον
600 2291 636 2331 δὲ
652 2292 775 2331 τούτου
790 2292 853 2340 τὴν
872 2292 1073 2343 ἐπιμέλειαν

551 2467 583 2499 1.

78 2520 197 2551 Auctor
205 2518 492 2552 Panathenaeorum
506 2519 578 2551 sesti
586 2519 817 2552 Erichthonius
824 2519 962 2553 Vulcani
977 2519 1076 2560 filius,

52 2565 325 2620 quemadmodum
353 2565 535 2598 Hellanicus
572 2568 605 2599 et
624 2565 797 2607 Androtio,
829 2569 966 2609 uterque
995 2566 1078 2599 libro

53 2612 204 2646 Atthidos
228 2613 358 2655 primo,
381 2613 590 2646 tradiderunt.

479 2676 641 2689 ⁴0——

449 2718 602 2759 LIBER
625 2720 677 2759 ΙΙ.

547 2786 582 2818 2.

99 2834 159 2866 Est
173 2842 303 2875 quoque
314 2814 502 2877 Delphusia,
519 2836 598 2868 urbs
614 2837 770 2877 Arcadiae,
785 2837 825 2870 de
839 2846 903 2878 qua
920 2838 1076 2871 Androtio

58 2877 140 2911 libro
153 2880 296 2913 secundo
311 2881 465 2914 Atthidis.

546 2931 582 2965 3.

98 2979 272 3019 Apodectae
303 2980 510 3023 (receptores)
539 2983 617 3015 sunt
640 2983 849 3024 magistratus
869 2984 957 3025 apud
983 2986 1076 3018 Athe-

57 3024 194 3057 niensae.
225 3027 464 3068 ..Apodectas
456 3029 610 3062 inlocum
623 3031 863 3063 Colacretarum
879 3041 950 3064 esse
968 3033 1078 3065 subro-

58 3071 148 3112 gatos
161 3080 180 3104 a
196 3049 373 3114 Clisthene‚
387 3075 545 3108 Androtio
562 3076 660 3109 tradit
674 3077 757 3110 libro
776 3078 930 3111 secundo.

65 3199 70 3204 .
104 3176 335 3218 Colacretam,
355 3179 485 3220 publico
500 3182 614 3214 aerario
630 3183 830 3224 praefectum.
849 3184 1078 3226 Aristophanes

58 3224 285 3262 grammaticus
312 3233 368 3258 eos
395 3227 496 3260 ruisse
520 3228 599 3261 dicit
623 3233 787 3263 curatores
814 3232 970 3265 mercedis
993 3233 1077 3274 J‘udi-

60 3267 170 3310 dalis,
197 3271 253 3303 sed
269 3281 334 3304 non
349 3274 446 3306 modo
461 3275 557 3317 hujus
573 3285 684 3309 curam
700 3279 883 3319 habebant,
900 3282 937 3311 ut
949 3280 1002 3312 ille
1020 3283 1079 3312 tra-

59 3313 131 3356 dit,
159 3317 216 3350 sed
234 3319 329 3352 etiam
356 3328 430 3362 quae
458 3322 490 3354 in
515 3323 648 3356 deorum
665 3326 787 3358 cultum
814 3327 1079 3367 impendebantur

61 3359 102 3394 ab
131 3362 182 3396 his
207 3366 418 3409 curabantur,
453 3378 518 3410 qua
542 3370 594 3403 de
622 3380 655 3404 re
683 3373 839 3406 Andr-otio
868 3374 912 3406 ita
939 3374 1077 3406 scribit.

1131 872 1323 920 ἐποιοῦντο,
1352 887 1399 914 ως
1429 886 1546 924 φησιν,
1573 871 1662 909 ἀλλὰ
1693 888 1752 911 και
1772 872 1815 911 τὰ
1840 875 1885 916 εἷς
1914 872 2008 917 θεους
2032 876 2157 913 ἀναλι-

1131 930 1308 982 σκόμενα,
1327 930 1383 968 διὰ
1399 929 1530 968 τούτων
1553 931 1773 980 ἀνηλίσκετο,
1785 935 1831 976 ὡς
1846 933 2046 987 Ἀνδροτίων
2064 935 2155 989 γρά-

1129 1005 1185 1043 φει
1209 988 1334 1032 οὕτως·
1369 990 1482 1032 Τοῖς
1515 987 1551 1026 δὲ
1594 991 1685 1028 ἰοῦσι
1720 991 1866 1028 Πυθῶδε
1908 994 1943 1029 θε
1928 998 2045 1044 εωροῖς
2080 992 2158 1036 τους

1127 1048 1351 1102 κωλακρέτας
1397 1045 1526 1085 διδόναι
1555 1048 1595 1085 ἐκ
1640 1050 1709 1086 τῶν
1746 1050 1986 1102 ναυκληρικων
2026 1050 2157 1105 ἐφόδιον

1129 1105 1295 1161 ἀργύρια,
1313 1104 1407 1144 καὶε
1391 1107 1438 1149 εἷς
1459 1104 1554 1143 ἄλλο
1564 1103 1586 1143 δ’
1600 1121 1634 1144 τι
1652 1104 1691 1144 ἂν
1713 1105 1772 1159 δέῃ
1795 1108 2010 1146 ἀναλῶσαι.

1184 1218 1496 1269 Harpocration:
1517 1216 1768 1290 Ἵππαρχος..
1792 1221 1810 1257 ὃ
1828 1218 1990 1272 Χάρμου,
2013 1218 2059 1262 ὥς
2075 1234 2161 1272 φησι

1136 1279 1390 1329 Λυκοῦργος..
1395 1276 1512 1330 ,Περὶ
1533 1275 1569 1315 δὲ
1590 1276 1713 1315 τούτου
1736 1277 1970 1327 Ἀνδροτίων
1956 1293 1990 1315 εν
2010 1280 2055 1328 τῇ
2077 1278 2161 1315 Seu-

1133 1335 1216 1389 τέρα
1248 1351 1365 1389 φησιν,
1395 1334 1447 1374 ὅτι
1472 1335 1639 1386 συγγενὴς
1663 1334 1726 1387 μὲν
1754 1338 1795 1382 ἠν
1825 1338 1878 1375 Πε
1863 1335 2082 1390 εισιστράτου
2101 1340 2161 1374 τοῦ

1132 1394 1323 1448 τυράννου,
1354 1393 1413 1432 καὶ
1439 1409 1577 1446 πρωτος
1609 1393 1889 1446 ἐξωστρακίσθη,
1914 1410 1973 1433 του
1999 1394 2077 1448 περὶ
2105 1410 2162 1433 τον

1133 1451 1371 1506 ὀστρακισμὸν
1406 1450 1514 1503 νόμου
1543 1451 1623 1491 τότε
1641 1455 1720 1506 πρῶ
1712 1468 1779 1491 »τον
1811 1451 1987 1502 τεθέντος,
2019 1451 2076 1491 διὰ
2100 1451 2162 1499 τὴν

1133 1510 1283 1564 ὑποψίαν
1303 1513 1372 1549 τῶν
1402 1511 1481 1564 περὶ
1499 1511 1767 1566 Πεισίστρατον,
1800 1510 1853 1550 ὅτι
1874 1511 2083 1562 δημαγωγὸς
2116 1527 2163 1549 (ιν

1133 1570 1398 1624 καιστρατηγὸς
1415 1569 1659 1624 ἐτυράννησεν.
1674 1572 1722 1609 Et
1738 1571 1900 1610 Diodor.
1915 1574 1985 1618 XI,
2002 1571 2063 1609 55.
2079 1572 2165 1609 Plu-

1135 1630 1258 1668 tarch.
1279 1631 1360 1668 Nic.
1383 1633 1431 1668 11.

1524 1736 1675 1774 LIBER
1703 1737 1773 1775 ΙΙΙ.

1603 1796 1884 1900 Ἀίλίκαρνασσός.
1950 1846 1996 1886 Ὁ
2019 1847 2165 1894 πολίτην·

1493 1905 1722 1959 ,Ἀνδροτίων
1757 1906 1787 1944 δ’
1821 1908 1856 1945 ἐν
1888 1906 1988 1960 τρίτῃ
2009 1906 2161 1949 Ἀτθίδος

1188 1848 1371 1898 Stephan.
1390 1852 1572 1898 Byzant.:

1139 1904 1487 1958 Ἁλικαρνασσεύς...

1135 1962 1418 2017 Ἁλικαρνάσσιός
1436 1979 1534 2018 φησι.
1629 2017 1665 2055 7

1190 2070 1319 2121 Steph.
1347 2074 1457 2120 Byz.:
1489 2069 1634 2119 Κάπαι,
1664 2070 1763 2114 πόλις
1784 2069 2059 2118 Ἑλλησποντία.
2081 2070 2154 2109 ’·Αν

1136 2128 1280 2181 δροτίων
1301 2127 1334 2180 γ’
1354 2128 1514 2172 Ἀτθίδος.

1189 2234 1322 2285 Steph.
1353 2238 1466 2284 Byz.:
1493 2181 1695 2283 Πάνακτξν,
1722 2233 1882 2288 φρούριον
1914 2234 2095 2287 Ἀττικῆς,
2119 2237 2162 2272 ὡ(

1135 2291 1371 2345 Ἀνδροτίων’
1356 2308 1390 2331 εν
1407 2292 1513 2346 τρίτῳ
1533 2293 1697 2336 Ἀτθίδος.

1139 2402 1291 2434 ‹Theoris
1301 2402 1442 2443 Delphos
1459 2402 1518 2435 iter
1527 2402 1717 2436 facientibus
1731 2403 1909 2436 Colacretae
1925 2403 2003 2435 dant
2012 2404 2163 2437 viaticum

1135 2457 1175 2481 ex
1187 2449 1393 2490 Nauclericis,
1407 2450 1460 2482 et
1451 2458 1486 2481 ιιι
1499 2450 1578 2483 alias
1591 2459 1655 2491 res,
1673 2459 1747 2491 quae
1763 2452 1839 2482 sunt
1856 2451 2054 2490 necessariae,
2071 2461 2162 2492 pecu-

1135 2496 1223 2528 niam
1239 2496 1409 2529 solvunt.›

1178 2603 1396 2644 Hipparchus,
1418 2604 1551 2637 Charmi
1564 2604 1661 2643 filius,
1677 2607 1713 2636 ut
1731 2605 1776 2636 ait
1789 2606 1969 2645 Lycurgus.
1989 2604 2084 2634 Hunc
2100 2605 2161 2634 An-

1135 2649 1242 2683 drotio
1255 2650 1338 2683 libro
1357 2651 1500 2683 secundo
1514 2651 1613 2684 tradit
1626 2651 1785 2684 Pisistrati
1802 2653 1930 2692 tyranni
1946 2649 2161 2690 propinquum

1134 2696 1234 2729 fuisse
1257 2700 1290 2729 et
1303 2697 1444 2738 primum
1468 2708 1503 2730 os
1508 2699 1660 2730 tracismo
1682 2699 1820 2739 eJ‘ectum
1841 2706 1911 2729 esse
1927 2699 1996 2728 tum
2022 2696 2161 2737 primum

1134 2742 1294 2782 instituto,
1311 2746 1442 2785 propter
1465 2745 1684 2786 suspicionem
1709 2743 1888 2782 Pisistrati,
1903 2743 1991 2783 quod
2006 2744 2039 2774 et
2054 2742 2161 2774 dema-

1134 2798 1234 2831 gogus
1246 2791 1279 2823 et
1295 2790 1420 2822 militiae
1438 2791 1610 2832 praefectus
1631 2791 1835 2831 tyrannidem
1851 2789 2056 2822 obtinuisset.

1513 2908 1663 2946 LIBER
1691 2908 1761 2947 III.

1176 3025 1430 3057 Halicarnassus.
1443 3044 1480 3050 -
1495 3025 1618 3055 Nomen
1629 2973 1729 3054 6civis
1760 3025 1810 3054 est
1826 3023 2157 3054 Halicarnassensis.

1136 3071 1291 3103 Androtio
1304 3071 1387 3102 libro
1402 3070 1497 3102 tertio
1514 3069 1656 3101 Atthidis
1678 3069 1963 3101 Halicarnassius
1985 3067 2074 3100 «licit.

1633 3123 1667 3155 ⁷.

1177 3178 1293 3216 capae,
1334 3174 1412 3206 urbs
1439 3174 1679 3215 Hellespontia,
1706 3174 1799 3215 cujus
1827 3173 1974 3206 meminit
2002 3172 2159 3206 Androtio

1135 3223 1216 3254 libro
1231 3222 1326 3254 tertio
1344 3221 1494 3253 Atthidis.

1629 3278 1666 3310 8.

1177 3312 1370 3366 Panactum‚
1403 3327 1572 3359 castellum
1594 3328 1755 3368 Atticum,
1770 3327 1863 3369 cujus
1876 3326 2021 3360 meminlt
2037 3325 2156 3359 Andro-

1135 3374 1183 3406 tio
1204 3374 1283 3406 libro
1298 3375 1394 3407 tertio
1410 3374 1561 3407 Atthidis.
1963 3415 1999 3445 24
