2320 3684
143 212 219 246 4¹0

141 291 259 346 χώρας
277 290 434 345 ὑπάρχον
454 288 613 343 ἀφορμὴν
640 286 858 339 ἑξακισχίλια
885 285 1042 326 τάλαντα
1063 285 1172 326 ἀκού-

141 365 254 402 σεται,
271 365 321 388 sc.
339 364 409 387 rex
420 353 631 386 Persarum.
645 347 752 384 Alter
764 346 872 383 locus
894 345 942 384 de
957 347 1075 384 Attici
1091 346 1172 397 agri

142 423 258 448 censu
281 410 322 446 in
335 408 467 446 eadem
486 413 581 443 orat.
596 413 654 443 est
683 419 720 455 p.
748 410 796 451 74
812 419 822 442 ε
843 403 991 452 Ἐπειδὴ
1010 404 1051 443 τὸ
1063 405 1173 456 τίμη-

142 467 193 517 μά
212 467 288 505 ἐστι
300 465 340 503 τὸ
358 467 421 511 τῆς
432 463 551 517 χώρας
569 461 817 514 ἑξακισχιλίων
830 461 1024 502 ταλάντων.

329 531 526 568 SEPTEM
563 530 699 566 LIBRI
722 529 988 566 POSTREMI.

196 593 254 628 Ex
268 589 328 626 his
344 601 464 625 unum
479 594 627 624 tantum
641 585 893 636 fragmentum
907 595 1099 625 servatum
1117 595 1174 625 est

142 649 258 698 idque
277 647 330 684 ita
347 654 612 697 comparatum
625 674 636 693 ,
653 653 697 682 ut
708 674 719 693 ,
734 644 783 682 ad
801 645 995 696 quodnam
1023 655 1173 698 tempus

144 705 384 744 referendum
401 705 467 753 sit,
483 717 559 742 non
577 710 773 755 appareat.

619 766 705 805 152.

198 831 384 878 Harpocr.
403 840 440 863 v.
459 824 636 875 ςἈμιπποι
704 826 735 863 οἱ
754 823 816 863 σὺν
839 823 958 870 ἵπποις
985 825 1175 880 στρατευό-

146 900 266 937 μενοιε
353 883 462 929 Πεζοὶ
482 883 513 921 δ’
530 885 615 922 εἰσιν
637 885 669 922 οἱ
694 882 849 934 ἅμιπποι
861 913 873 930 ,
897 886 943 927 ὡς
959 884 1063 931 δῆλόν
1082 886 1174 924 ἐστιν

145 946 186 982 ἐκ
222 946 292 982 τῶν
313 941 530 982 Θουκυδίδου
560 942 620 980 καὶ
637 942 872 995 Ξενοφῶντος.
948 944 1019 982 Καὶ
1039 945 1175 996 μήποτε

145 1001 339 1057 πρόδρομοί
354 1000 444 1045 τινές
463 1003 549 1040 εἰσιν
568 1003 599 1040 οἱ
616 1001 692 1052 ἅμα
707 1006 778 1044 τοῖς
795 1003 939 1040 ἱππεῦσι
956 1002 1173 1055 τεταγμένοι.

145 1061 345 1116 Φιλόχορος
359 1065 440 1113 γοῦν
458 1062 493 1098 ἐν
512 1063 557 1114 τῇ
578 1060 661 1113 ἕκτῃ
680 1060 740 1099 καὶ
755 1060 884 1114 δεκάτῃ
905 1061 990 1115 φησὶ
1009 1062 1069 1100 καὶ
1091 1077 1176 1116 προ-

148 1120 167 1158 δ
191 1118 307 1171 όμους.

170 1135 346 1218 pEadem
363 1186 453 1216 sunt
480 1177 584 1227 apud
606 1178 876 1215 Phavorinum.
902 1178 999 1216 Vide
1015 1179 1175 1229 Thucy-

148 1237 224 1275 did.
246 1239 291 1286 V,
311 1238 374 1285 57,
393 1245 432 1274 et
444 1236 626 1287 Xenoph.
643 1237 788 1274 Hellen.
810 1238 886 1273 VII
898 1265 909 1287 ,
927 1237 963 1286 5,
981 1238 1044 1274 23.

201 1349 539 1390 INCERTORUM
573 1348 817 1388 ATTHIDIS
854 1349 1125 1388 LIBRORUM

495 1407 831 1447 FRAGMENTA.

619 1465 705 1503 153.

202 1528 411 1576 Harpocr.:
432 1523 564 1575 Ἁγνίας
577 1552 587 1570 ,
609 1523 734 1566 Ἰσαῖος
762 1524 797 1561 ἐν
816 1526 867 1576 τῷ
886 1523 971 1577 πρὸς
985 1524 1179 1572 Εὐκλείδην

149 1582 229 1636 περὶ
254 1581 397 1636 χωρίου.
429 1583 563 1620 Τοῦτον
583 1580 643 1619 καὶ
662 1579 742 1625 τοὺς
768 1582 1055 1634 συμπρεσὸευτὰς
1074 1585 1179 1621 αὐτοῦ

150 1641 255 1695 φησὶν
273 1640 476 1693 Ἀνδροτίων
494 1642 529 1679 ἐν
543 1640 695 1693 πέμπτῳ
709 1643 771 1687 τῆς
792 1640 940 1684 Ἀτθίδος
952 1641 1011 1679 καὶΙ
1025 1640 1180 1694 Φιλόχο-

153 1715 209 1753 ρος
224 1730 234 1748 ,
263 1702 310 1743 ὡς
335 1699 494 1738 ἑάλωσάν
520 1714 558 1737 τε
583 1699 643 1737 καὶ
672 1699 846 1738 ἀπέθανον
867 1699 934 1739 ὑπὸ
954 1701 1180 1752 Λακεδαιμο-

150 1774 244 1797 νιων.

627 1812 640 1848 l
651 1811 713 1849 54.

206 1871 334 1909 Schol.
377 1869 573 1921 Aristoph.
613 1874 683 1908 Av.
717 1885 730 1907 1
743 1871 814 1907 106
835 1884 843 1905 :
877 1871 1031 1914 Γλαῦκες
1069 1872 1159 1921 ὑμᾶς
1172 1886 1180 1895 ·

155 1929 233 1967 ἀντὶ
252 1932 311 1966 τοῦ
326 1927 539 1980 νομίσματα.
554 1926 600 1966 Ἣ
618 1927 685 1982 γὰρ
704 1927 814 1980 γλαὺξ
830 1927 946 1980 ὄρνεόν
968 1931 1060 1967 ἔστιν
1083 1929 1182 1977 Ἀθη-

154 1994 231 2034 νᾶς,
271 1986 355 2040 ὅπερ
394 1986 483 2024 πάνυ
516 1988 687 2037 τιμῶντες
706 1986 879 2034 Ἀθηναῖοι
897 1986 954 2025 διὰ
968 1986 1031 2034 τὴν
1047 1987 1121 2026 θεὸν
1146 1989 1180 2027 ἐν

155 2051 226 2090 τοῖς
238 2045 516 2098 τετραδράχμοις
530 2044 741 2099 ἐνεχάραξαν
758 2045 1023 2096 νομίσμασιν....
1035 2044 1180 2088 Ἄλλως.

157 2104 202 2144 ‘H
217 2103 325 2156 γλαὺξ
340 2104 398 2143 ἐπὶ
411 2104 640 2157 χαράγματος
658 2098 700 2151 ἦν
715 2104 995 2158 τετραδράχμου,
1009 2106 1055 2147 ὣς
1068 2104 1184 2144 Φιλό-

158 2178 273 2216 χορος.
301 2162 458 2211 Ἐκλήθη
479 2161 514 2201 δὲ
538 2162 578 2201 τὸ
596 2164 754 2214 νόμισμα
769 2162 809 2201 τὸ
823 2163 1085 2217 τετράδραχμον
1105 2165 1183 2202 τότε

158 2224 181 2269 ἡ
196 2221 316 2273 γλαύξ·
337 2215 378 2269 ἦν
398 2220 465 2275 γὰρ
481 2220 590 2273 γλαὺξ
608 2221 781 2272 ἐπίσημον
802 2221 860 2259 καὶ
875 2221 1060 2276 πρόσωπον
1079 2221 1183 2270 Ἀθη-

633 2339 720 2372 152.

537 2392 690 2430 LIBER
718 2391 824 2430 XVI.

207 2449 372 2490 Ἃμιπποι,
385 2449 441 2489 qui
456 2449 549 2489 Juxta
564 2457 665 2489 equos
677 2449 826 2481 militant.
843 2450 925 2481 Sunt
937 2451 1044 2481 autem
1057 2449 1190 2490 ἅμιπποι

163 2495 300 2537 pedites,
317 2498 354 2527 ut
367 2497 498 2536 apparet
514 2504 555 2527 ex
571 2495 758 2535 Thucydide
779 2497 813 2527 et
826 2495 1058 2536 Xenophonte;
1082 2497 1114 2527 et
1131 2495 1191 2526 for—

163 2544 251 2574 tasse
265 2545 315 2583 σοι
329 2550 429 2583 genus
444 2542 609 2583 quoddam
630 2544 874 2574 antecursorum
898 2542 1062 2582 equitibus
1079 2542 1190 2582 adJun·

164 2592 303 2621 ctorum.
318 2590 530 2622 Philochorus
546 2598 623 2622 sane
636 2590 719 2621 libro
735 2591 827 2622 sexto
847 2589 974 2622 decimo
993 2589 1073 2622 dicit
1089 2590 1188 2622 etiam

168 2638 409 2669 Antecursores.

220 2738 564 2779 INCERTORUM
591 2738 834 2779 ATTHIDIS
862 2737 1134 2777 LIBRORUM

512 2798 847 2839 FRAGMENTA.

212 2913 364 2952 Hagnias.
378 2915 478 2946 Isaeus
492 2914 527 2945 in
539 2863 683 2946 oratiolni
689 2864 808 2947 {cntra
823 2912 991 2946 Euclidem
1006 2912 1046 2944 de
1058 2911 1192 2953 praedio.

174 2959 331 2992 Andr-otio
350 2984 359 2999 ‚
388 2959 470 2992 libro
507 2963 621 3001 quinto
649 2961 790 2993 Atthidis
823 2962 856 2992 et
891 2959 1098 2991 Philochorus
1130 2966 1194 2989 me-

173 3007 300 3038 morant
331 3007 489 3047 Hagniam
502 3008 636 3048 eiusque
649 3008 682 3039 in
700 3007 858 3049 legatione
867 3007 1004 3048 collegas
1018 3015 1038 3038 a
1049 3005 1195 3038 Lacedae-

174 3052 288 3084 moniis
304 3055 415 3094 captos
431 3053 530 3086 fuisse
545 3057 577 3086 et
592 3055 813 3096 interemptos.

216 3158 342 3188 Noctua
355 3157 387 3188 in
401 3109 733 3190 tetradrachmislgrzi
747 3166 915 3199 expressa,
935 3159 1067 3190 auctore
1090 3155 1195 3188 Philo-

174 3202 291 3234 choro:
307 3203 484 3243 appellatus
499 3208 605 3237 autem
623 3209 672 3237 est
686 3214 725 3238 eo
738 3207 883 3246 tempore
897 3204 951 3236 hic
965 3212 1086 3236 numus
1101 3203 1194 3244 γλαύξ

177 3248 339 3289 (noctua),
363 3249 439 3289 quia
466 3254 584 3283 noctua
616 3251 744 3292 signum
768 3251 922 3283 Minervae
943 3252 1021 3283 erat.
1042 3250 1137 3282 Prius
1152 3249 1197 3282 di-

176 3293 330 3327 drachma
350 3297 443 3328 erant
460 3296 494 3329 in
508 3306 587 3337 usu,
606 3306 680 3338 quae
701 3298 818 3330 bovem
842 3299 969 3338 signum
982 3297 1154 3330 habebant.

220 3399 430 3433 Philochorus
456 3400 489 3432 in
524 3352 762 3435 Atthide55diciit
774 3427 783 3443 ,
814 3403 976 3435 veteribus
1007 3403 1192 3443 amphoram

857 200 1175 240 PHILOCHORI
1203 201 1536 240 FRAGMENTA.

1197 285 1203 346 1
1231 291 1314 335 νᾶς,
1340 287 1409 324 τῶν
1439 286 1615 340 προτέρων
1646 267 1847 340 διδροίχμων
1863 287 1995 336 ὄντων,
2014 289 2186 342 ἐπίσημόν
2214 307 2252 330 τι

1234 346 1312 396 βοῦν
1328 344 1490 397 ἐχόντων.

1676 400 1747 436 155
1781 413 1813 437 a.

1287 456 1422 494 Pollux
1447 459 1586 495 Onom.
1607 460 1663 503 X,
1692 471 1733 505 7¹
1754 456 1975 511 εΦιλόχορος
2007 459 2041 496 ἐν
2060 460 2104 511 τῇ
2130 459 2256 498 Ἀτθίδι

1233 512 1330 567 παρὰ
1347 520 1419 557 τοῖς
1436 515 1598 558 παλαιοῖς
1617 530 1701 568 φησι
1717 514 1775 554 τὸν
1794 514 1955 569 ἀμφορέα
1984 517 2166 556 καλεῖσθαι
2189 516 2257 556 κά-

1233 573 1303 622 δον,
1326 573 1385 611 καὶ
1398 573 1438 612 τὸ
1450 573 1687 627 ἡμιαμφόριον
1701 573 1901 625 ἡμικάδιον.

1681 634 1753 671 155
1783 634 1820 671 b.

1287 696 1380 731 Lex.
1404 692 1547 730 rhetor.
1567 701 1655 744 post
1679 693 1789 730 Phot.
1816 696 1974 730 Porson.
1995 706 2032 744 p.
2048 693 2146 740 667:
2165 693 2255 732 Εἴσ-

1235 752 1382 804 αγγελίοι
1395 750 1560 791 ...Ἔνιοι
1572 753 1608 790 δὲ
1623 754 1693 791 τῶν
1714 752 1868 807 ῥητόρων
1885 752 2050 791 εἰώθεσαν
2066 753 2184 791 καλεῖν
2197 751 2258 790 καὶ

1233 810 1278 850 τὰ
1316 811 1365 863 μὴ
1402 812 1540 865 μεγάλα
1573 812 1774 864 ἀδικήματα
1809 812 2040 864 εἰσαγγελίαν·
2061 811 2136 850 ἔστι
2152 811 2182 850 δ’
2200 810 2259 850 ὅτε

1235 870 1467 922 ἐμέάλλοντες
1495 870 1573 915 τοὺς
1597 870 1941 925 συκοφαντουμένους
1966 870 2196 922 εἰσήγγειλαν,
2213 871 2260 914 ὡς

1236 928 1298 980 μὲν
1316 929 1530 982 Φιλόχορος,
1558 929 1682 982 χιλίων
1712 928 1966 981 καθεζομένων,
1994 931 2041 973 ὡς
2070 927 2108 968 δὲ
2131 927 2259 979 Δημή-

1234 1003 1327 1040 τριος
1345 991 1364 1027 ὃ
1383 987 1593 1041 Φαληρεὺς,
1621 987 1745 1040 χιλίων
1767 987 2019 1026 πεντακοσίων.
2043 989 2210 1030 Κάκεῖνος
2225 985 2262 1025 δὲ

1236 1043 1346 1088 οὕτως
1368 1044 1537 1099 ὡρίσατο·
1558 1045 1758 1096 εἰσαγγελία
1775 1045 1871 1084 ἐστὶν
1895 1044 1913 1083 ὃ
1943 1045 2023 1099 περὶ
2039 1046 2167 1083 καινῶν
2187 1043 2262 1082 ἀδι-

1235 1102 1404 1154 κημάτων
1430 1102 1618 1142 δεδώκασιν
1639 1105 1839 1155 ἀπενεγκεῖν
1857 1105 1889 1142 οἱ
1907 1102 2022 1155 νόμοι.

1237 1213 1586 1262 RELIQUORUM
1631 1211 1903 1252 LIBRORUM
1945 1211 2263 1253 PHILOCHORI

1583 1270 1919 1310 FRAGMENTA.

1413 1351 1535 1389 ΠΕΡΙ
1563 1350 1667 1388 ΤΗΣ
1695 1350 2090 1390 ΤΕΤΡΑΠΟΛΕΩΣ.

1717 1408 1798 1444 156.

1292 1461 1492 1499 Athenaeus
1521 1463 1593 1507 Vl,
1619 1462 1663 1507 6,
1694 1473 1732 1511 p.
1763 1460 1861 1507 235,
1888 1464 1937 1509 D,
1975 1468 2179 1512 postquam
2215 1460 2264 1498 de

1239 1520 1415 1570 parasitis
1436 1519 1728 1557 Atheniensibus
1744 1548 1755 1566 ,
1784 1532 1915 1556 eorum
1945 1519 2081 1570 priscis
2104 1519 2264 1556 honori-

1239 1578 1311 1616 bus
1327 1607 1338 1626 ,
1377 1590 1574 1616 sacrorum
1613 1578 1824 1615 ministerio
1839 1606 1851 1626 ,
1882 1577 2044 1628 collegio
2082 1585 2119 1615 et
2159 1577 2265 1615 curia

1240 1637 1360 1674 fusius
1380 1637 1582 1688 exposuit,
1610 1635 1766 1686 subjicit
1783 1651 1791 1672 :
1811 1637 1936 1675 Ταῦτα
1954 1637 2083 1688 ἱστορεῖ
2101 1634 2162 1672 καὶ
2185 1637 2261 1674 Φι-

1238 1694 1383 1749 λόχορος
1400 1697 1435 1733 ἐν
1449 1697 1492 1747 τῇ
1507 1692 1767 1747 ἐπιγραφομένῃ
1781 1693 2017 1747 Τετραπόλει,
2039 1692 2264 1745 μνημονεύων

1240 1757 1308 1794 τῶν
1350 1751 1638 1805 καταλεγομένων
1684 1754 1733 1804 τῷ
1753 1750 1921 1805 Ἡρακλεῖ
1937 1752 2154 1805 παρασίτων.

1713 1810 1796 1849 157.

1295 1871 1430 1911 Suidas
1444 1885 1480 1909 v.
1498 1868 1669 1910 Τιτανίδα
1683 1870 1763 1918 γῆν,
1782 1870 1813 1906 οἱ
1832 1867 1894 1919 μὲν
1913 1868 2008 1921 [τὴν]
2024 1875 2154 1918 πᾶσαν,
2172 1871 2203 1907 οἱ
2229 1868 2266 1908 δὲ

1240 1928 1303 1977 τὴν
1322 1928 1493 1978 Ἀττικὴν,
1522 1927 1591 1966 ἀπὸ
1615 1925 1803 1976 Τιτηνίου,
1820 1927 1894 1971 ἑνὸς
1924 1930 1994 1966 τῶν
2026 1927 2184 1966 Τιτάνων
2205 1930 2267 1981 ἀρ-

1240 1987 1425 2041 χαιοτέρου
1440 2017 1450 2035 ,
1465 1987 1669 2034 οἰκήσαντος
1687 1984 1766 2038 περὶ
1781 1987 1983 2038 Μαραθῶνα
1995 2017 2005 2035 ,
2027 1986 2062 2030 ὃς
2081 1987 2182 2037 μόνος
2203 1987 2266 2025 οὐκ

1242 2046 1468 2100 ἐστράτευσεν
1495 2046 1552 2084 ἐπὶ
1572 2044 1649 2087 τοὺς
1666 2043 1778 2091 θεοὺς,
1795 2046 1842 2088 ὡς
1859 2044 2055 2098 Φιλόχορος
2073 2047 2107 2084 ἐν
2124 2047 2157 2085 Τ
2159 2060 2264 2098 ετρα-

1241 2105 1352 2144 πόλει.

1296 2164 1401 2201 Idem
1421 2164 1616 2201 invenitur
1639 2164 1742 2216 apud
1753 2164 1929 2213 Apostol.
1947 2165 2090 2211 XVIII,
2107 2176 2152 2210 77
2169 2171 2207 2200 et
2227 2163 2264 2200 in

1243 2223 1370 2261 Photii
1392 2227 1484 2261 Lex.
1509 2235 1546 2273 p.
1569 2224 1642 2267 434
1662 2226 1792 2262 Herm.

1245 2332 1362 2364 cadum
1392 2331 1512 2364 dictam
1545 2340 1616 2364 esse
1630 2355 1639 2371 ,
1662 2333 1695 2364 et
1732 2331 2001 2372 semiamphoram
2013 2353 2023 2370 ,
2054 2329 2264 2363 semicadum·

1686 2402 1759 2435 155
1795 2396 1832 2434 b.

1287 2466 1466 2498 Rhetorum
1479 2465 1624 2497 nonnulli
1641 2465 1736 2497 etiam
1753 2464 1879 2496 minora
1899 2463 2014 2495 delicta
2030 2471 2146 2506 vocare
2161 2462 2266 2495 solent
2287 2501 2292 2504 ,

1246 2513 1439 2554 εἰσαγγελίαν
1449 2523 1458 2552 ;
1473 2521 1705 2553 nonnunquam
1714 2512 1929 2552 sycophantas
1939 2510 2154 2551 deprehensos
2164 2510 2266 2550 εἰσαγ-
2315 2512 2320 2534 ἰ

1246 2560 1333 2601 γελία
1347 2559 1596 2598 denunciabant,
1611 2559 1797 2591 sedentibus
1812 2561 1844 2590 in
1858 2557 1992 2599 judicio,
2006 2559 2041 2589 ut
2053 2557 2182 2598 quidem
2200 2556 2268 2588 Phi-
2307 2588 2310 2590 .

1247 2607 1398 2638 lochorus
1430 2606 1546 2645 tradit,
1575 2605 1663 2638 mille
1674 2629 1683 2645 ‚
1714 2609 1750 2637 ut
1780 2614 1857 2637 vero
1881 2604 2061 2637 Demetrius
2098 2603 2268 2636 Phalereus
2316 2604 2318 2607 '

1247 2652 1371 2691 scribit,
1388 2652 1475 2683 mille
1490 2654 1522 2683 et
1536 2651 1731 2692 quingentis.
1757 2651 1814 2683 Ille
1829 2651 1912 2682 hanc
1925 2649 2013 2681 dedit
2025 2649 2266 2681 definitionem:

1249 2711 1264 2726 α
1279 2699 1467 2739 Εἰσαγγελία
1484 2699 1533 2730 est
1556 2697 1589 2729 id
1617 2698 1705 2738 quod
1721 2698 1761 2729 de
1789 2697 2062 2729 innominatorum
2079 2695 2268 2727 delictorum

1247 2745 1451 2776 accusatione
1466 2745 1547 2785 leges
1563 2744 1808 2776 constituerant.
1821 2757 1837 2771 »

1659 2817 1866 2831 Q*—

1553 2877 1620 2914 DE
1654 2875 1959 2914 TETRAPOLI.

1716 2963 1804 2995 156.

1290 3033 1411 3066 Eadem
1425 3033 1522 3065 tradit
1536 3033 1634 3065 etiam
1656 3032 1866 3064 Philochorus
1883 3032 1918 3062 in
1934 3031 2031 3067 libro,
2047 3033 2104 3072 qui
2119 3033 2266 3072 Tetrapo-

1250 3080 1289 3112 lis
1305 3079 1506 3119 inscribitur,
1531 3079 1586 3110 uhi
1618 3078 1776 3119 parasitos
1806 3080 2037 3110 commemorat
2069 3077 2196 3110 Herculi
2219 3085 2269 3109 ω-

1251 3129 1391 3168 optatos.

1721 3191 1805 3223 157.
2284 3186 2320 3210 f

1306 3263 1436 3294 Terram
1465 3261 1621 3293 Titaniam
1664 3259 1796 3301 quidam
1829 3268 1957 3291 omnem
1978 3259 2095 3290 terram
2122 3255 2270 3298 appellari
2303 3271 2307 3289 2

1254 3311 1386 3350 putant,
1405 3307 1458 3339 alii
1480 3316 1556 3339 vero
1576 3307 1733 3346 Atticam,
1760 3315 1779 3338 a
1804 3306 1947 3343 Titenio,
1966 3313 2030 3336 uno
2052 3304 2270 3345 antiquiorum
2304 3334 2305 3337 ,

1253 3355 1403 3387 Titanum
1415 3378 1423 3394 ,
1439 3354 1494 3395 qui
1517 3354 1705 3385 Marathone
1727 3351 1886 3384 habitavit
1901 3375 1909 3391 ,
1924 3355 1956 3383 et
1972 3351 2060 3382 solus
2076 3350 2193 3383 bellum
2209 3347 2278 3380 diis

1252 3411 1315 3434 non
1332 3402 1452 3440 intulit,
1467 3403 1501 3432 ut
1515 3400 1727 3432 Philochorus
1744 3399 1777 3431 in
1796 3398 1955 3439 Ten-apoli
1969 3397 2076 3429 tradit.
