2320 3684
171 189 2260 265 Qffisssstffissffiffffiffifflffl³fflsffifflfflfflfflffissfflsffi

526 387 1901 571 PHYLARCH]

851 678 1593 762 FRAGMENTA.

1102 879 1356 898 m-

521 978 852 1020 HISTORIAE.

567 1067 716 1106 LIBER
744 1068 813 1106 III.

671 1147 704 1186 l.

223 1229 431 1268 Athenaeus
446 1229 552 1273 VIII,
568 1239 606 1276 9,
625 1239 662 1276 p.
685 1227 776 1273 334,
794 1229 850 1264 A:
869 1219 962 1265 Οἶδα
979 1225 1015 1263 δὲ
1039 1225 1099 1263 καὶ
1118 1224 1200 1264 Φύ-

169 1291 303 1342 λαρχον
338 1285 502 1341 εἰρηκότα
532 1300 600 1323 που
626 1284 705 1337 περὶ
723 1284 885 1336 μεγάλων
907 1283 1034 1337 ἰχθύων
1053 1285 1113 1322 καὶ
1130 1286 1200 1322 τῶν

170 1345 469 1400 συμπεμφθέντων
496 1345 610 1387 αὐτοῖς
639 1342 754 1382 σύκων
774 1345 937 1397 χλωρῶν,
965 1342 1019 1381 ὅτι
1047 1341 1202 1381 αἰνιττό-

172 1421 273 1458 μενος
296 1404 502 1458 Πάτροκλος
521 1406 539 1440 ὁ
558 1401 782 1452 Πτολεμαίου
802 1401 995 1455 στρατηγὸς
1014 1400 1202 1453 Ἀντιγόνῳ

171 1467 223 1518 τῷ
242 1465 378 1517 βασιλεῖ
397 1461 567 1511 ἔπεμπεν,
592 1462 638 1503 ὡς
663 1459 800 1513 Δαρείῳ
826 1458 962 1499 Σκύθαι
976 1461 1201 1513 ἐπερχομένῳ

171 1525 285 1562 αὐτῶν
297 1525 342 1573 τῇ
353 1521 465 1574 χώρᾳ·
477 1519 637 1571 ἔπεμψαν
649 1519 715 1571 γὰρ
729 1513 824 1556 οὗτοι
835 1516 912 1569 μὲν,
923 1517 971 1563 ὥς
984 1534 1088 1571 φησιν
1101 1517 1204 1571 Ἡρό-

105 1606 108 1609 ·
171 1583 267 1625 δοτος
277 1581 358 1633 (IV,
375 1577 579 1632 131)‚‹’>‘pvw
594 1577 653 1615 καὶ
671 1577 786 1615 ὀϊστὸν
805 1576 866 1615 καὶ
884 1576 1073 1630 βάτραχον·
1088 1577 1165 1615 ἀλλ’
1185 1576 1206 1615 ὅ

170 1657 208 1692 γε
226 1640 493 1693 Πάτροκλος,ὡς
507 1636 564 1674 διὰ
578 1639 640 1683 τῆς
657 1636 776 1690 τρίτης
789 1638 858 1674 τῶν
871 1635 1048 1689 Ἱστοριῶν
1064 1651 1167 1690 φησιν
1185 1638 1203 1674 ὁ

171 1698 381 1752 Φύλαρχος,
397 1694 624 1749 πεμφθέντων
642 1697 712 1733 τῶν
731 1693 992 1748 προειρημένων
1006 1693 1122 1733 σύκων
1142 1693 1203 1732 καὶ

171 1757 313 1811 ἰχθύων.
333 1755 533 1808 Ἐτύγχανε
553 1754 589 1792 δὲ
607 1753 887 1805 κωθωνιζόμενος
905 1756 923 1792 ὃ
942 1752 1124 1806 βασιλεὺς,
1143 1754 1203 1792 καὶ

171 1820 218 1861 ὥς
236 1817 362 1860 πάντες
382 1816 612 1868 διηποροῦντο
638 1813 695 1851 ἐπὶ
720 1819 791 1856 τοῖς
817 1811 958 1866 δώροις,
978 1815 996 1850 ὁ
1013 1812 1203 1863 Ἀντίγονος

171 1875 323 1926 γελάσας
341 1872 428 1927 πρὸς
454 1871 533 1915 τοὺς
555 1871 674 1924 φίλους
693 1870 758 1924 ἔφη
787 1869 971 1922 γινώσκειν
989 1870 1023 1908 τί
1042 1869 1203 1922 βούλεται

171 1934 216 1972 τὰ
232 1932 343 1977 ξένια·
357 1931 380 1979 ἢ
393 1931 460 1984 γὰρ
472 1932 761 1982 θαλαττοκρατεῖν
780 1932 874 1980 ἡμᾶς
888 1928 972 1981 φησὶ
989 1929 1203 1982 Πάτροκλος,

171 1991 193 2038 ἢ
210 1994 279 2030 τῶν
297 1989 411 2029 σύκων
428 1988 585 2042 τρώγειν.

227 2043 565 2094 Schweighaeuser.
585 2041 743 2094 ᾐνίττετο
763 2040 934 2090 suppleri
953 2041 1036 2077 vult
1061 2040 1106 2077 ad
1128 2038 1149 2077 ὅ
1163 2055 1203 2091 γε

173 2097 390 2151 Πάτροκλος.
412 2099 588 2133 Fortasse
606 2096 717 2146 plura
739 2093 975 2132 exciderunt.
1005 2093 1107 2140 Quid
1136 2094 1202 2144 pi-

172 2156 302 2194 scibus
336 2155 411 2193 illis
443 2162 557 2204 atque
591 2153 741 2191 ficubus
775 2153 973 2190 Patroclus
1007 2152 1202 2202 Antigono

173 2215 391 2266 significare
415 2214 601 2260 voluerit,
619 2220 740 2260 recte,
758 2220 802 2249 ut
830 2221 924 2261 puto
937 2241 947 2259 ,
963 2212 1202 2249 Briicknerus

173 2275 226 2311 ita
252 2272 459 2324 exposuit:
480 2270 718 2322 pereundum
735 2270 891 2307 omnino
917 2283 998 2307 esse
1021 2269 1203 2307 Macedo-

173 2331 305 2380 nibus,
333 2331 387 2367 ita
417 2337 460 2367 ut
488 2337 554 2367 aut
575 2330 606 2366 si
636 2329 887 2378 confligerent
907 2328 1023 2376 mari,
1052 2329 1091 2366 in
1123 2341 1201 2379 quo

174 2391 383 2441 plurimum
405 2395 485 2425 tum
516 2387 694 2425 valebant
720 2387 894 2437 AEgypti,
915 2387 1042 2438 praeda
1067 2388 1203 2425 fierent

174 2449 360 2499 piscium,
373 2457 439 2484 aut
453 2447 484 2484 si
506 2455 606 2483 terra
622 2445 765 2482 bellum
795 2454 990 2495 gererent,
1009 2459 1200 2483 commea—

175 2516 235 2544 tus
261 2507 463 2545 interirent
483 2505 634 2555 inopia,
660 2504 733 2541 nisi
757 2504 886 2542 crudis
915 2504 1097 2542 arborum
1120 2505 1202 2542 fru-

173 2566 299 2604 ctibus
320 2567 459 2602 samem
491 2563 742 2614 depellerent.
763 2567 839 2600 Res
861 2571 966 2613 gesta
990 2577 1071 2601 esse
1092 2564 1201 2602 vide-

563 2667 714 2706 LIBER
741 2667 811 2706 ΙΙΙ.

219 2774 293 2807 Seio
307 2774 405 2808 etiam
419 2781 493 2814 quae
509 2771 712 2812 Phylarchus
725 2771 836 2803 narrat
851 2770 892 2802 de
907 2770 1094 2811 ingentibus
1108 2772 1202 2812 pisci-

175 2822 256 2861 bus,
279 2821 442 2861 simulque
462 2828 538 2851 cum
565 2818 615 2850 his
643 2818 752 2850 missis
778 2818 959 2850 recentibus
989 2818 1060 2850 ficis
1078 2828 1085 2849 :
1103 2820 1203 2850 missa

177 2867 301 2900 scilicet
316 2868 387 2899 haec
402 2867 488 2898 dona
502 2874 571 2898 esse
588 2874 607 2896 a
621 2865 786 2903 Patroclo,
804 2865 969 2896 Ptolemaei
993 2864 1075 2896 duce
1097 2864 1201 2905 copia-

178 2923 263 2953 rum,
289 2913 330 2946 ad
342 2913 539 2954 Antigonum
550 2921 668 2952 regem,
679 2911 797 2952 quibus
807 2911 906 2943 animi
917 2912 970 2942 sui
985 2919 1118 2943 sensum
1131 2911 1203 2942 sub-

178 2961 316 2993 obscure
346 2960 550 3001 signilicaret,
568 2959 842 2999 quemadmodum
859 2958 988 2998 Scythae
1011 2958 1052 2989 ad
1069 2957 1202 2989 Darium

178 3009 297 3039 terram
310 3007 455 3048 ipsorum
468 3005 684 3037 invadentem.
701 3004 854 3037 Miserunt
867 3004 952 3036 enim
970 3004 1015 3043 hi,
1035 3006 1071 3035 ut
1086 3004 1131 3035 ait
1142 3005 1202 3035 He-

180 3054 315 3085 rodotus
330 3077 340 3093 ‚
366 3061 460 3085 avem
483 3055 515 3084 et
532 3052 681 3092 sagittam
703 3054 735 3083 et
751 3059 872 3082 ranam.
891 3053 934 3082 At
957 3050 1144 3090 Patroclus,
1167 3052 1204 3081 ut

180 3100 276 3131 tertio
291 3099 373 3132 libro
388 3100 603 3131 Historiarum
619 3098 818 3138 Phylarchus
833 3098 951 3136 narrat,
969 3096 1076 3128 missis
1090 3096 1203 3138 praedi-

184 3146 246 3178 ctis
266 3147 334 3178 licis
347 3147 566 3187 piscibusque.
585 3144 800 3185 computabat
813 3147 920 3175 autem
937 3147 1004 3175 tum
1021 3145 1101 3175 l'orte
1115 3145 1203 3175 Anti-

179 3202 241 3233 gon
247 3202 283 3224 us
294 3202 368 3225 cum
379 3194 490 3224 amicis
506 3203 513 3223 z
528 3193 583 3233 qni
597 3201 698 3232 quum
712 3200 824 3223 omnes
836 3191 876 3222 de
885 3191 960 3222 doni
972 3191 1203 3231 significatione

180 3241 395 3280 ambigerent,
419 3241 527 3272 ridens
555 3241 733 3280 Antigonus
749 3264 758 3278 ,
785 3249 881 3272 nosse
896 3248 929 3271 sc
947 3262 957 3277 ‚
985 3240 1030 3271 ait
1045 3263 1054 3279 ,
1084 3248 1203 3271 munus

181 3287 262 3319 illud
289 3287 367 3328 quid
385 3287 447 3319 sibi
464 3288 573 3319 vellet.
592 3289 659 3318 Hoc
674 3287 758 3318 enim
786 3287 865 3319 dicit
882 3287 1012 3328 (inquit)
1028 3287 1204 3326 Patroclus,

183 3337 240 3367 aut
253 3335 350 3366 maris
366 3334 536 3374 imperium
561 3334 654 3365 nobis
672 3343 742 3366 esse
765 3334 977 3366 obtinendum
988 3355 999 3370 ,
1023 3335 1078 3366 aut
1095 3333 1205 3365 roden-

181 3381 239 3414 das
257 3382 348 3413 licus.

1258 984 1320 1014 tur
1346 985 1436 1028 post
1468 985 1631 1014 mortem
1653 977 1839 1015 Demetrii
1865 975 1947 1027 (ol.
1974 979 2045 1015 123
2061 1007 2071 1025 ‚
2094 977 2137 1029 2)
2167 986 2283 1029 atque

1257 1043 1344 1073 ante
1381 1035 1533 1073 obitum
1577 1036 1769 1073 Ptolemaei
1799 1036 1893 1086 Lagi
1919 1037 1931 1087 (
1947 1037 2007 1074 Ol.
2039 1042 2133 1084 124,
2160 1037 2218 1087 2),
2243 1050 2282 1074 v.

1257 1097 1420 1131 Pausan.
1442 1095 1480 1140 1,
1509 1108 1542 1143 ι,
1565 1108 1596 1131 1.
1615 1093 1854 1147 (Πάτροκλος,
1868 1093 1904 1137 ὃς
1919 1093 2094 1147 τριήρεσιν
2114 1096 2284 1133 ὕπεκπλεῖ

1257 1150 1431 1204 ναύαρχος
1458 1151 1686 1202 Αἰγυπτίαις,
1718 1151 1756 1194 ἃς
1782 1153 2002 1203 Πτολεμαῖος
2029 1155 2047 1191 ὁ
2075 1156 2136 1191 τοῦ
2161 1151 2284 1204 Λάγου

1257 1217 1423 1263 τιμωρεῖν
1458 1210 1609 1248 ἔστειλεν
1636 1210 1853 1260 Ἀθηναίοις,
1873 1210 1930 1249 ὅτε
1954 1211 2069 1265 σφίσιν
2088 1211 2286 1263 Ἀντίγονος

1259 1271 1277 1307 ὃ
1301 1268 1506 1322 Δημητρίου
1533 1274 1680 1322 στρατιᾷ
1709 1284 1746 1306 τε
1772 1268 1872 1312 αὐτὸς
1904 1268 2125 1316 ἐσὸεὸληκὼς
2151 1268 2286 1323 ἔφθειρε

1258 1326 1321 1374 τὴν
1341 1327 1477 1380 χώραν,
1498 1327 1557 1365 καὶ
1575 1327 1695 1365 ναυσὶν
1715 1326 1790 1378 ἅμα
1813 1329 1852 1365 ἐκ
1871 1326 2050 1374 θαλάσσης
2074 1328 2284 1381 κατεῖργεν).

1260 1387 1435 1424 Eundem
1464 1399 1558 1424 vero
1591 1387 1811 1424 Patroclum
1845 1393 1980 1437 postea
2017 1399 2173 1436 quoque
2200 1387 2284 1437 (01.

1264 1457 1334 1492 127
1353 1444 1367 1496 )
1399 1445 1673 1496 AEgyptiorum
1709 1445 1817 1482 classi
1846 1444 2066 1495 praefectum
2111 1444 2286 1483 videmus

1262 1503 1484 1555 (Athenaeus
1499 1505 1600 1551 XIV,
1619 1517 1657 1554 p.
1679 1504 1767 1540 621.
1783 1503 1844 1553 A).

1313 1632 1518 1669 Athenaeus
1548 1635 1628 1678 1V‚.
1645 1633 1707 1679 34,
1731 1645 1767 1682 p.
1796 1632 1880 1679 150,
1895 1635 1950 1669 D:
1966 1632 2030 1670 Ἔν
2062 1630 2098 1670 δὲ
2117 1633 2161 1684 τῇ
2186 1631 2286 1686 τρίτῃ

1260 1690 1451 1743 Φύλαρχος
1470 1689 1658 1743 Ἀριάμνην
1687 1689 1771 1744 φησὶ
1795 1689 1853 1728 τὸν
1873 1690 2037 1737 Γαλάτην
2063 1689 2287 1728 πλουσιώτα-

1259 1764 1317 1787 τον
1343 1748 1427 1787 ὅντα
1459 1748 1732 1800 ἐπαγγείλασθαι
1766 1750 1925 1786 ἑστιᾶσαι
1956 1747 2118 1792 Γαλάτας
2154 1748 2288 1792 πάντας

1260 1808 1429 1856 ἐνιαυτὸν,
1456 1807 1514 1846 καὶ
1551 1811 1653 1846 τοῦτο
1688 1806 1891 1845 συντελέσαι
1926 1806 2123 1854 ποιήσαντα
2160 1806 2286 1850 οὕτως·

1259 1865 1350 1905 κατὰ
1365 1865 1491 1910 τόπους
1508 1869 1571 1913 τῆς
1598 1865 1716 1919 χώρας
1741 1865 1803 1909 τὰς
1819 1865 2089 1918 ἐπικαιροτάτας
2104 1867 2174 1904 τῶν
2197 1865 2286 1904 ὁδῶν

1260 1924 1397 1963 διέλαὸε
1417 1927 1581 1975 σταθμοῖς
1594 1955 1604 1972 ,
1623 1923 1681 1962 ἐπί
1699 1940 1736 1962 τε
1754 1924 1887 1967 τούτοις
1905 1925 1945 1962 ἐκ
1957 1923 2124 1977 χαράκων
2138 1924 2197 1962 καὶ
2216 1925 2286 1962 τῶν

1259 1981 1430 2034 καλάμων
1451 1985 1520 2020 τῶν
1537 1998 1575 2021 τε
1593 1979 1751 2021 οἷσυΐνων
1772 1981 1983 2020 ἐπεὸάλλετο
2000 1981 2130 2030 σκηνὰς
2145 1981 2287 2034 χωρού-

1261 2056 1324 2084 σας
1341 2039 1407 2078 ἀνὰ
1423 2039 1667 2094 τετρακοσίους
1696 2039 1822 2094 ἄνδρας
1845 2040 1904 2078 καὶ
1929 2039 2068 2084 πλείους
2086 2039 2155 2088 ἔτι,
2174 2038 2288 2083 καθὼς

1259 2098 1300 2137 ἂν
1319 2100 1506 2137 ἐκποιῶσιν
1532 2100 1564 2137 οἱ
1596 2098 1696 2137 τόποι
1713 2097 1754 2136 τό
1769 2098 1802 2136 τ’
1821 2098 1890 2136 ἀπὸ
1915 2100 1985 2136 τῶν
2018 2098 2152 2136 πόλεων
2187 2097 2288 2142 δέξα-

1259 2159 1339 2195 σθαι
1375 2157 1435 2195 καὶ
1474 2159 1544 2195 τῶν
1591 2158 1721 2207 κωμῶν
1767 2157 1894 2207 μέλλον
1945 2157 2096 2210 ἐπιῤῥεῖν
2143 2157 2286 2203 πλῆθος.

1259 2216 1434 2255 Ἐνταῦθα
1473 2214 1510 2253 δὲ
1545 2215 1697 2262 λέὸητας
1740 2215 1911 2262 ἐπέστησε
1947 2217 2057 2269 κρεῶν
2106 2215 2285 2253 παντοδα-

1258 2276 1333 2312 πῶν
1371 2273 1562 2325 μεγάλους,
1599 2273 1653 2317 οὓς
1690 2272 1758 2327 πρὸ
1801 2275 1959 2312 ἐνιαυτοῦ
2001 2273 2061 2311 καὶ
2109 2272 2178 2326 πρὸ
2224 2275 2286 2311 τοῦ
2317 2318 2320 2320 q

1259 2330 1398 2382 μέλλειν
1421 2331 1738 2385 μεταπεμψάμενος
1764 2331 1926 2384 τεχνίτας
1950 2330 1984 2376 ἐξ
2007 2330 2123 2369 ἄλλων
2150 2329 2286 2369 πόλεων

1264 2391 1274 2404 ³

1224 2411 1230 2437 l
1258 2389 1514 2441 εχαλκεύσατο·
1532 2390 1670 2442 θύματα
1703 2389 1739 2428 δὲ
1768 2390 2050 2429 καταὸάλλεσθαι
2067 2388 2203 2443 ταύρων
2227 2388 2286 2427 καὶ

1258 2452 1349 2487 συῶν
1369 2449 1429 2487 καὶ
1454 2449 1641 2502 προὸάτων
1662 2465 1699 2487 τε
1732 2449 1790 2487 καὶ
1823 2451 1954 2487 λοιπῶν
1979 2451 2116 2495 κτηνῶν
2141 2447 2288 2494 ἑκάστης

1257 2506 1391 2560 ἡμέρας
1421 2508 1558 2553 πολλὰ,
1590 2507 1708 2550 πίθους
1736 2524 1774 2546 τε
1803 2507 1895 2546 οἴνου
1922 2505 2203 2558 παρεσκευάσθαι
2227 2503 2287 2543 καὶ

1257 2566 1388 2612 πλῆθος
1407 2566 1559 2619 ἀλφίτων
1577 2566 1841 2620 πεφυραμένων.
1863 2566 1936 2605 Καὶ
1962 2567 2001 2604 οὗ
2029 2565 2148 2617 μόνον,
2170 2563 2309 2619 φησὶν,ἶ

2303 2624 2320 2642 „-

1758 2677 1780 2709 2

1303 2726 1504 2767 Phylarchus
1531 2727 1624 2759 tertio
1638 2727 1719 2759 libro
1748 2727 1859 2759 scribit
1874 2737 1882 2758 2
1900 2740 1915 2755 «
1931 2727 2116 2759 Ariamnem
2129 2726 2257 2759 Gallum
2273 2747 2283 2763 .

1262 2782 1362 2813 quum
1390 2776 1475 2805 esset
1490 2774 1775 2814 opulentissimus,
1804 2775 1966 2814 edixisse,
1981 2783 2015 2806 se
2042 2774 2151 2806 Gallos
2174 2780 2298 2806 omnesv

1261 2829 1317 2860 per
1325 2821 1482 2860 integrum
1494 2829 1614 2852 annum
1622 2821 1724 2861 epulis
1735 2823 1958 2862 excepturum;
1971 2820 2070 2860 idque
2080 2829 2147 2861 prae
2153 2821 2285 2858 stitisse.

1264 2867 1317 2897 tali
1335 2866 1415 2897 inita
1434 2867 1567 2899 ratione.
1587 2867 1730 2898 Diversis
1748 2867 1884 2907 regionis
1912 2865 2069 2898 tractibus
2083 2865 2303 2907 opportunis-2

1263 2912 1360 2944 simas
1376 2913 1444 2944 vias
1458 2913 1683 2945 mansionibus
1699 2913 1829 2953 divisit;
1849 2913 1881 2944 in
1897 2912 2017 2953 quibus
2031 2921 2071 2944 ex
2088 2913 2180 2954 palis,
2195 2920 2294 2945 arun-s

1262 2959 1394 2990 dinibus
1410 2960 1443 2991 et
1458 2960 1635 2992 viminibus
1651 2960 1855 2992 tabernacula
1871 2959 1993 2998 erexit,
2011 2959 2171 3000 capientia
2189 2957 2301 3002 quoda,

1263 3015 1326 3046 que
1341 3007 1428 3038 viros
1445 3007 1696 3047 quadringenos,
1710 3010 1806 3047 atque
1820 3007 1919 3038 etiam
1935 3006 2087 3047 amplius,
2107 3009 2143 3039 ut
2162 3004 2298 3045 suffice-,f

1263 3055 1334 3084 rent
1350 3052 1419 3084 loca
1431 3052 1471 3084 ad
1487 3053 1677 3093 capiendam
1695 3053 1934 3084 multitudinem
1953 3061 1993 3084 ex
2009 3053 2136 3093 oppidis
2151 3055 2183 3084 et
2201 3051 2298 3092 agrici

1263 3099 1498 3130 confluxuram.
1527 3099 1573 3131 lbi
1591 3099 1729 3140 ingentia
1754 3100 1857 3131 ahena
1884 3098 2044 3139 disposuit
2065 3098 2153 3130 omni
2172 3099 2299 3138 genere

1263 3146 1408 3178 carnium
1423 3146 1552 3186 repleta,
1572 3155 1644 3186 quac
1661 3145 1814 3186 superiori
1836 3154 1938 3180 anno,
1955 3145 2142 3186 priusquam
2165 3142 2291 3186 exhilii·¹

1265 3195 1358 3225 turus
1379 3194 1565 3225 convivium
1579 3197 1676 3232 esset,
1694 3202 1750 3233 per
1768 3193 1875 3224 fabros
1889 3202 1927 3224 ex
1945 3192 2016 3223 aliis
2038 3191 2165 3233 oppidis
2183 3198 2300 3235 arces-f.

1264 3240 1344 3272 sitos
1362 3240 1560 3272 conficienda
1577 3244 1755 3272 curaverat.
1772 3241 1898 3272 Caesam
1913 3242 2020 3271 autem
2045 3238 2191 3279 quotidie
2212 3236 2290 3269 essai

1265 3295 1412 3327 magnam
1432 3286 1640 3319 victimarum
1668 3286 1906 3318 multitudinem
1920 3309 1929 3324 ‚
1950 3288 2116 3318 taurorum
2130 3307 2139 3322 ‚
2162 3291 2256 3315 suum
2269 3302 2283 3319 2

1264 3334 1388 3372 ovium,
1404 3333 1602 3374 aliarumque
1614 3333 1773 3374 pecudum
1787 3343 1795 3371 ;
1809 3332 1957 3372 doliaque
1967 3335 2077 3372 parata
2090 3330 2190 3362 fuisse
2203 3327 2286 3368 vini-,¹
2318 3329 2320 3355 l

1265 3383 1294 3412 rt
1312 3380 1421 3411 tarinae
1437 3379 1579 3411 subactae
1588 3388 1736 3419 magnam
1748 3379 1883 3420 copiam.
1901 3382 1945 3410 Ac
1961 3388 2024 3410 non
2040 3378 2147 3416 modo,
2166 3373 2284 3416 inq-niu
