2320 3684
791 155 1108 195 PHILOCHORI
1133 156 1464 197 FRAGMENTA.

2094 165 2171 198 409

66 263 117 287 το.
138 246 243 287 Κύων
259 247 305 290 εἷς
316 243 376 284 τὸν
394 246 456 291 τῆς
480 241 656 285 Πολιάδος
676 239 765 279 νεὼν
784 242 986 280 εἰσελθοῦσα
998 272 1009 290 ,
1028 242 1088 280 καὶ
1149 242 1207 281 καὶ
1228 244 1460 292 ἐποπτεῦσαι,
1493 243 1552 282 καὶ
1579 243 1660 287 τοὺς
1680 242 1822 297 χρόνους
1845 244 1907 290 τῆς
1935 245 2076 291 τελετῆς
2096 244 2175 289 τοὺς

67 307 157 345 ὥσα
170 307 217 350 εἷς
229 304 268 344 τὸ
286 301 516 356 Πανδρόσιον,
540 300 597 339 ἐπὶ
615 298 673 338 τὸν
698 296 814 351 βωμὸν
842 299 1004 337 ἀναδᾶσα
1029 304 1089 338 τοῦ
1148 300 1314 355 πατρίους
1328 303 1612 353 μετακινηθῆναι.
1627 319 1644 336 »

66 363 230 418 Ἑρκείου
241 362 339 410 Διὸς,
353 361 412 399 τὸν
427 359 494 398 ὑπὸ
511 361 555 411 effi
575 358 676 412 ἐλαία
687 388 697 406 ,
717 355 909 395 κατέκειτο.
931 356 1089 410 Πάτριον

67 424 98 462 δ’
115 422 189 462 ἐστὶ
206 427 277 465 τοῖς
298 419 505 468 Ἀθηναίοις,
521 417 608 457 κύνα
631 417 680 469 μὴ
698 416 895 455 ἀναὸαίνειν
921 418 969 460 εἷς
987 417 1091 471 ἀκρό-

66 482 180 520 πολιν.
201 479 292 534 Περὶ
310 478 368 518 τὸν
384 477 487 516 αὐτὸν
511 476 548 515 δὲ
561 475 685 531 χρόνον
704 475 764 514 καὶ
792 477 827 514 ἐν
841 478 892 529 τῷ
909 477 990 528 ἱερῷ
1017 476 1092 526 μεθ’

0 541 2 543 ’
67 539 216 594 ἡμέραν,
229 538 330 586 ἡλίου
343 537 376 576 τ’
391 535 566 590 ἐξέχοντος
587 535 648 574 καὶ
671 534 775 582 οὔσης
797 533 953 586 αἰθρίας,
980 532 1093 587 ἀστὴρ

68 598 128 638 ἐπί
143 613 220 636 τινα
238 596 361 650 χρόνον
380 594 516 647 ἐγένετο
529 594 691 649 ἐκφανής.
705 593 830 645 Ἡμεῖς
852 592 884 631 δ’
899 591 1094 646 ἐρωτηθέν-

68 672 125 700 τες
144 655 231 709 ὖπέρ
245 671 283 694 τε
304 658 365 693 τοῦ
379 653 525 705 σημείου
543 653 603 692 καὶ
632 656 692 692 τοῦ
718 653 987 706 φαντάσματος,
1012 652 1058 695 εἷς
1077 650 1094 689 ὃ

70 714 187 769 φέρει,
205 714 367 768 φυγάδων
383 713 527 752 κάθοδον
550 711 683 767 ἔφαμεν
705 710 960 765 προσημαίνειν
978 709 1094 763 ἀμφό-

68 787 172 827 τερα·
193 772 254 811 καὶ
274 770 405 819 ταύτην
428 773 489 810 οὐκ
510 772 550 810 ἐκ
572 770 767 822 μεταὸολῆς
785 769 1003 823 πραγμάτων
1021 770 1098 806 ἐσο-

71 831 194 883 μένην,
215 829 291 869 ἀλλ’
312 831 348 869 ἐν
367 832 410 882 effi
429 828 636 882 κατεστώσῃ
655 827 837 882 πολιτείᾳ·
856 827 917 866 καὶ
933 826 996 866 τῆν
1016 826 1097 869 κοί-

71 906 126 930 σιν
140 891 403 937 ἐπιτελεσθῆναι
417 887 561 936 συνέὸη.
575 906 591 924 »

125 1012 334 1051 Athenaeus
354 1014 401 1060 V,
423 1012 467 1057 3,
497 1024 535 1062 p.
567 1011 668 1060 189,
704 1011 762 1048 C:
798 1007 972 1059 Λέγονται
1004 1006 1100 1055 Ἀθή-

71 1086 154 1118 νησι
179 1070 240 1109 καὶ
269 1070 357 1124 ἱεροί
385 1084 475 1113 τινες
503 1070 676 1118 αὐλῶνες,
702 1061 750 1107 ὧν
785 1066 963 1119 μέμνηται
987 1066 1100 1107 Φιλό-

71 1147 175 1187 χορος
206 1134 242 1171 ἐν
267 1135 312 1185 τῇ
336 1131 474 1184 ἐννά-ιῃ.

125 1192 266 1230 Eadem
287 1192 468 1243 leguntur
488 1190 528 1228 in
548 1193 699 1241 Fragm.
728 1192 821 1227 Lex.
838 1192 904 1226 Gr.
930 1189 971 1227 in
998 1188 1101 1226 calce

73 1251 283 1289 Hermanni
298 1250 388 1288 libri
395 1253 452 1288 De
469 1249 617 1287 emend.
630 1256 699 1286 rat.
715 1260 872 1299 gramm.
882 1251 947 1286 Gr.
960 1261 999 1299 p.
1013 1249 1101 1296 328,

73 1309 143 1348 ubi
165 1323 260 1348 vero
284 1308 506 1348 Philochori
530 1321 673 1346 nomen
695 1307 1006 1358 praetermissum.

473 1431 626 1470 LIBER
654 1431 703 1470 X.

129 1501 175 1536 In
192 1498 336 1536 librum
352 1498 545 1536 decimum
571 1497 711 1535 scimus
727 1496 881 1547 Olymp.
909 1498 1036 1535 CXIX
1051 1525 1063 1547 ,
1082 1498 1103 1535 3

75 1557 259 1596 incidere.
277 1560 406 1608 Atque
420 1556 610 1608 persuasit
627 1555 741 1593 nobis
754 1555 951 1593 Boeckhius
968 1556 1008 1607 (l.
1024 1556 1048 1593 l.
1065 1569 1104 1606 p.

78 1619 145 1667 ²9)
158 1615 267 1654 libris
291 1615 572 1667 posterioribus
586 1615 729 1666 passim
742 1615 885 1653 inserta
898 1628 981 1653 esse
994 1644 1005 1663 ,
1021 1628 1106 1666 quae

76 1675 117 1713 in
131 1673 327 1726 prioribus
341 1682 450 1712 erant
461 1674 622 1720 omissa3
637 1674 858 1724 hujusmodi
872 1674 1108 1712 additamen-

78 1741 118 1771 ta
144 1746 226 1771 esse
245 1732 438 1781 videntur,
458 1746 541 1784 quae
559 1746 608 1770 ex
637 1731 738 1770 libro
755 1732 904 1771 decimo
934 1733 1106 1771 afferun-

78 1801 141 1831 tur
156 1792 204 1830 de
222 1791 343 1845 ξενικῷ
360 1793 395 1830 ἐν
413 1791 573 1846 Κορίνθῳ
593 1792 653 1846 (fr.
674 1791 761 1844 150)
775 1800 812 1830 et
832 1792 879 1830 de
894 1806 1009 1831 censu
1027 1792 1107 1839 aeri

78 1852 197 1891 Attici
215 1852 274 1903 (fr.
293 1850 397 1898 151).

333 1909 418 1947 148.
449 1909 621 1961 [Olymp.
637 1912 787 1958 CXIX,
806 1909 857 1960 3.]

132 1977 360 2025 Harpocrat.
381 1987 419 2011 v.
435 1972 703 2018 Ἀνεπόπτευτος
771 1976 789 2012 ὁ
805 1972 854 2025 μὴ
872 1972 1106 2018 ἐποπτεύσαςῖ

81 2032 130 2073 Τί
150 2031 239 2071 δὲτὸ
258 2034 492 2082 ἐποπτεῦσαι,
510 2033 608 2080 δηλοῖ
623 2031 820 2086 Φιλόχορος
840 2034 875 2071 ἐν
891 2035 934 2085 effi
962 2032 1108 2086 δεκάτῃ·

81 2090 166 2132 «Τὰ
182 2089 259 2146 ἱερὰ
278 2085 375 2134 οἶτος
399 2092 512 2130 ἀδικεῖ
529 2091 667 2140 πάντα,
687 2090 732 2130 τά
759 2108 795 2130 τε
817 2091 971 2143 μυστικὰ
992 2092 1109 2131 καὶτὰ

82 2150 266 2190 ἔποπτικά.
279 2169 295 2186 »
314 2150 386 2190 Καὶ
403 2149 508 2189 πάλιν
520 2166 528 2175 ·
566 2168 582 2185 «
593 2150 787 2205 Δημητρίῳ
803 2149 866 2202 μὲν
883 2145 942 2189 οὖν
958 2150 1045 2189 ἴδιόν
1076 2167 1111 2190 τι

82 2209 217 2263 ἐγένετο
244 2209 342 2265 παρὰ
371 2209 450 2254 τοὺς
484 2209 627 2259 ἄλλους,
645 2210 686 2249 τὸ
703 2210 807 2262 μόνον
828 2210 904 2262 ἅμα
934 2214 1111 2262 μυηθῆναι
1136 2230 1142 2238 ¹

84 2320 182 2354 Canis
206 2321 239 2352 in
257 2320 415 2362 templum
433 2321 589 2353 Minervae
611 2321 755 2361 ingressa
777 2322 810 2353 et
826 2320 1041 2352 Pandrosium
1060 2320 1108 2352 in-

85 2370 175 2400 trans
191 2367 235 2399 ad
250 2376 339 2399 aram
352 2376 455 2408 usque
463 2367 556 2399 Jovis
565 2368 692 2407 Hercei,
702 2376 776 2408 quae
792 2367 853 2399 sub
869 2367 939 2399 olea
951 2369 1011 2407 est,
1023 2367 1112 2400 deve·

84 2415 145 2447 nit.
153 2414 249 2456 Apud
256 2414 466 2447 Athenienses
482 2415 589 2447 autem
603 2414 782 2455 antiquitus
792 2413 957 2446 observari
967 2414 1060 2451 solet,
1071 2422 1113 2445 ne

87 2462 176 2494 canis
192 2462 225 2494 in
239 2470 347 2494 arcem
361 2461 523 2494 ascendat.
536 2461 660 2494 Eodem
674 2463 818 2502 tempore
830 2461 864 2492 in
882 2461 1003 2502 templo
1016 2461 1114 2493 inter-

86 2508 142 2541 diu
162 2510 194 2541 et
220 2509 288 2541 sole
302 2509 420 2541 coelum
433 2510 563 2541 tenente
578 2510 744 2541 meteoron
757 2508 896 2549 ignitum
912 2507 1113 2549 aliquamdiu

86 2556 352 2597 conspiciendum
360 2565 395 2588 se
404 2555 555 2598 praebuit.
564 2558 629 2589 Nos
641 2564 718 2588 vero
727 2564 829 2597 quum
845 2555 885 2587 de
895 2556 955 2587 hoc
965 2557 1114 2596 portento

87 2605 120 2636 et
135 2603 335 2645 apparitione
349 2603 535 2645 interrogati
548 2612 711 2642 essemus,
730 2602 810 2644 quid
826 2602 899 2634 miri
912 2602 1115 2643 portendere-

89 2651 155 2690 tur,
171 2650 328 2690 diximus,
347 2653 483 2692 utroque
501 2651 633 2683 exulum
654 2650 891 2683 restitutionem
910 2648 1116 2689 reditumque

89 2696 261 2738 designari3
275 2697 331 2738 qui
345 2697 473 2730 tametsi
487 2697 640 2738 redirent,
657 2696 843 2738 reipublicae
851 2697 960 2728 tamen
972 2695 1114 2736 regimen

95 2752 161 2776 non
179 2745 341 2776 mutatum
357 2745 417 2784 iri,
443 2745 498 2777 sed
520 2745 606 2777 idem
627 2752 876 2786 permansurum
901 2751 973 2776 esse
993 2752 1000 2774 :
1018 2743 1117 2783 atque

89 2788 152 2822 hoc
164 2790 338 2831 contigisse
352 2791 448 2824 etiam
464 2791 617 2824 vidimus.
637 2804 653 2820 »

558 2846 646 2879 147.

1180 359 1370 411 Repetivit
1382 362 1462 399 haec
1470 361 1605 400 Suidas
1619 369 1656 400 et
1667 375 1823 413 gramm.
1833 362 1948 400 Bekk.
1957 363 2027 401 An.
2036 375 2074 413 p.
2086 363 2175 413 398.

1627 435 1669 472 14
1676 435 1712 472 9.

1204 494 1430 543 Harpocrat.
1448 507 1482 531 v,
1493 490 1793 532 Ἐπωπτευκότων
1880 493 1927 532 Οἱ
1943 491 2130 544 μυηθέντες
2143 492 2178 530 ἐν

1154 545 1330 587 Ἐλευσῖνι
1347 551 1381 587 ἐν
1395 552 1438 602 effi
1457 550 1599 604 δευτέρᾳ
1632 550 1760 602 μυήσει
1787 550 1988 590 ἐποπτεύειν
2004 550 2179 603 λέγονται,

1154 608 1199 649 ὡς
1218 606 1320 653 δῆλόν
1342 608 1433 646 ἐστιν
1451 607 1491 646 ἔκ
1517 624 1555 647 τε
1580 613 1642 648 τοῦ
1670 609 1912 662 Δημοσθένους
1939 609 2044 662 λόγου
2062 609 2122 649 καὶ
2141 611 2181 648 ἐκ

1154 668 1216 712 τῆς
1242 665 1389 712 δεκάτης
1406 667 1621 721 Φιλοχόρου.

1208 724 1345 762 Suidas
1362 733 1400 763 et
1419 726 1655 765 Phavorinus
1670 727 1893 766 Philochori
1919 740 2060 766 nomen
2082 727 2180 765 omi-

1156 791 1299 821 serunt.

1405 841 1492 880 150.
1521 843 1691 894 [Olymp.
1718 847 1866 893 XCVI,
1886 846 1940 896 3.]

1211 908 1440 957 Harpocrat.
1460 921 1498 944 v.
1520 907 1666 945 Ξενικὸν
1684 908 1719 945 ἓν
1746 908 1926 961 Κορίνθῳε
2007 906 2184 955 Συνεστή-

1158 979 1245 1002 σατο
1264 965 1294 1002 δ’
1312 963 1396 1002 αὐτὸ
1415 966 1553 1018 πρῶτον
1579 965 1714 1014 Κόνων,
1743 964 1921 1019 παρέλαὸε
1943 967 1972 1004 δ’
1993 966 2077 1005 αὐτὸ
2096 966 2187 1019 Ἰφι-

1158 1023 1312 1078 κράτης,
1340 1022 1482 1077 ὕστερον
1522 1023 1582 1062 καὶ
1613 1023 1782 1077 Χαὸρίας·
1815 1018 1844 1078 ᾧ
1874 1025 2092 1077 χρησάμενοι
2123 1023 2186 1071 τὴν

1160 1082 1447 1134 Λακεδαιμονίων
1458 1081 1567 1136 μόραν
1579 1081 1776 1135 κατέκοψαν
1792 1087 2064 1136 στρατηγοῦντος
2075 1085 2189 1126 αὐτοῖς

1161 1141 1377 1196 Ἰφικράτους
1397 1141 1457 1180 καὶ
1479 1140 1635 1180 Καλλίου
1648 1170 1658 1189 ,
1682 1140 1773 1179 καθά
1801 1156 1905 1194 φησιν
1931 1142 2132 1197 Ἀνδροτίων
2151 1157 2190 1180 τε

1160 1201 1220 1239 καὶ
1237 1199 1446 1253 Φιλόχορος.

1207 1259 1342 1298 Suidas
1352 1258 1510 1297 exhibet
1520 1259 1656 1311 πρῶτος
1664 1256 1799 1306 Κόνων,
1810 1258 1916 1309 quod
1926 1259 2191 1310 recipiendum

1162 1317 1326 1355 videtur.
1359 1317 1596 1355 Phavorinus
1626 1316 1730 1355 idem
1765 1316 1902 1367 habet,
1941 1317 2047 1367 quod
2089 1317 2192 1368 apud

1163 1380 1391 1428 Harpocrat.
1407 1377 1556 1427 legitur.

1637 1435 1725 1474 151.

1217 1506 1446 1554 Harpocrat.
1462 1517 1470 1540 :
1488 1500 1578 1540 e‘Oet
1603 1500 1825 1554 ἑξακισχίλια
1844 1495 1887 1549 ἦν
1913 1500 2071 1540 τάλαντα
2086 1500 2125 1539 τὸ
2138 1500 2196 1540 τί-

1167 1578 1270 1614 μημα
1285 1564 1347 1608 τῆς
1361 1561 1532 1609 Ἀττικῆς,
1543 1559 1770 1608 Δημοσθένης
1781 1561 1816 1598 ἐν
1831 1562 1881 1613 τῷ
1895 1560 1975 1614 περὶ
1989 1563 2195 1615 συμμοριῶν

1166 1638 1270 1676 φησιν
1282 1620 1400 1665 οὕτως·
1422 1621 1532 1672 εΗμῖν
1547 1620 1584 1659 δὲ
1607 1619 1722 1668 τὸτῆς
1741 1619 1859 1674 χώρας
1871 1620 2012 1672 τίμημα
2026 1620 2195 1673 ὑπάρχειν

1167 1680 1326 1735 ἀφορμὴν
1350 1679 1597 1732 ὀκτακισχίλια
1617 1679 1775 1718 τάλαντα
1793 1678 1991 1718 ἀκούσεται.
2014 1678 2120 1719 ’Ήτοι
2139 1674 2196 1718 οῧν

1167 1739 1335 1794 γραφικὸν
1349 1738 1545 1792 ἁμάρτημά
1559 1739 1666 1787 ἔστιν,
1680 1737 1703 1785 ἢ
1714 1737 1799 1781 ἴσως
1811 1741 1829 1776 ὃ
1845 1737 1960 1791 ῥήτωρ
1972 1737 2197 1792 συναρπάζει,

1166 1798 1224 1837 ἵνα
1237 1799 1321 1851 δοκῇ
1335 1797 1446 1836 πλείω
1459 1796 1522 1845 τὴν
1541 1796 1701 1851 ἀφορμὴν
1715 1795 1808 1849 ἔχειν
1825 1800 1847 1844 ἡ
1862 1796 1962 1840 πόλις
1979 1798 2025 1840 εἷς
2039 1796 2097 1835 τὸν
2115 1797 2199 1850 πρὸς

1171 1856 1317 1911 βασιλέα
1332 1855 1498 1909 πόλεμον.
1519 1855 1605 1895 “Ort
1618 1855 1685 1910 γὰρ
1700 1855 1919 1909 ἑξακισχίλια
1931 1855 2087 1894 τάλαντα
2100 1850 2143 1903 ἧν
2160 1856 2199 1895 τὸ

1168 1916 1309 1969 τίμημα
1327 1919 1390 1963 τῆς
1403 1916 1567 1962 Ἀττικῆς
1581 1946 1592 1964 ,
1611 1915 1671 1954 καὶ
1687 1913 1847 1958 λυθέντος
1880 1915 1915 1953 ἐν
1946 1920 2016 1958 τοῖς
2036 1912 2114 1961 ἑξῆς
2137 1919 2196 1953 τοῦ

1168 1976 1273 2028 λόγου
1291 1976 1409 2030 φησὶν,
1437 1974 1606 2026 λογισμὸν
1635 1976 1749 2013 αὐτῶν
1782 1973 1894 2018 διδοὺς
1923 1973 2090 2017 ποικίλως
2101 2004 2111 2022 ,
2140 1972 2198 2012 καὶ

1170 2034 1369 2089 Φιλόχορος
1387 2036 1422 2074 ἐν
1439 2035 1565 2087 δεκάτῃ
1585 2034 1746 2078 Ἀτθίδος.

1222 2099 1348 2133 Locus
1368 2108 1482 2145 quem
1498 2096 1727 2145 Harpocrat.
1744 2106 1792 2130 ex
1810 2092 2079 2130 Demosthenis
2093 2094 2198 2130 Orat.

1171 2154 1218 2192 de
1236 2154 1341 2191 class.
1363 2153 1475 2191 affert
1487 2183 1497 2202 ‚
1511 2153 1551 2190 in
1577 2153 1717 2190 nostris
1733 2150 1966 2189 editionibus
1983 2150 2123 2188 rectius
2148 2151 2198 2187 ita

1171 2213 1338 2264 scriptus
1352 2221 1410 2250 est
1423 2213 1476 2264 (p.
1499 2213 1546 2261 76
1576 2211 1635 2249 ed.
1657 2214 1705 2249 H.
1724 2210 1858 2261 Wolf.)
1872 2225 1881 2247 :
1895 2208 2003 2261 Ἡμῖν
2024 2207 2060 2246 δὲ
2082 2208 2122 2247 τὸ
2139 2211 2199 2255 τῆς

1164 2320 1354 2362 inspiceret,
1370 2323 1403 2353 et
1417 2319 1520 2362 patria
1533 2318 1723 2351 initiationis
1738 2318 1821 2351 ritus
1850 2319 1994 2359 tempora
2008 2317 2079 2349 tum
2095 2317 2197 2348 muta·

1166 2370 1286 2401 rentur.
1306 2381 1323 2396 »

1636 2415 1653 2447 1
1661 2414 1710 2447 49
1717 2440 1725 2448 .

1207 2462 1380 2496 Eleusiniis
1397 2462 1499 2495 sacris
1514 2460 1645 2500 initiati,
1655 2460 1689 2492 in
1705 2460 1805 2492 altera
1818 2458 1999 2492 initiatione
2015 2457 2194 2490 ἐποπτεύειν

1167 2510 1338 2542 dicuntur:
1353 2512 1391 2542 ut
1406 2511 1538 2551 apparet
1549 2517 1651 2550 quum
1665 2516 1705 2540 ex
1719 2506 1944 2540 Demosthenis
1954 2505 2108 2542 oratione,
2127 2505 2194 2535 tum

1167 2567 1206 2590 ex
1220 2557 1405 2590 Philochori
1420 2557 1503 2589 libro
1519 2556 1661 2589 decimo.

1209 2658 1453 2700 peregrinorum
1467 2656 1607 2689 militum
1622 2655 1782 2688 exercitus
1796 2653 1826 2685 in
1843 2652 2008 2686 Corintho.
2022 2652 2118 2682 Hunc
2128 2651 2191 2682 Co-

1168 2715 1234 2738 non
1247 2706 1370 2747 primus
1381 2703 1559 2743 constituit,
1572 2705 1646 2744 post
1659 2711 1755 2743 quem
1765 2701 1832 2740 ejus
1849 2699 1916 2731 dux
1930 2697 1992 2730 suit
2006 2697 2193 2739 Iphicrates,

1169 2754 1245 2794 post
1260 2752 1358 2784 etiam
1378 2750 1558 2784 Chabrias:
1579 2759 1644 2790 quo
1666 2749 1714 2781 usi
1739 2746 1947 2780 Athenienses
1961 2769 1970 2785 ,
1986 2744 2146 2785 Iphicrate
2161 2745 2195 2777 et

1169 2799 1272 2832 Gallia
1293 2799 1431 2831 ducibus
1449 2822 1458 2838 ,
1474 2799 1599 2829 Moram
1625 2793 1945 2829 Lacedaemoniorum
1964 2790 2193 2830 conciderunt,

1169 2845 1447 2887 quemadmodum
1463 2843 1621 2876 Androtio
1638 2842 1734 2874 refert
1754 2842 1786 2873 et
1805 2839 2016 2871 Philochorus
2034 2837 2120 2869 libro
2141 2837 2193 2869 de-

132 2896 213 2927 Sunt
237 2896 373 2928 Athenis
389 2898 483 2929 sacri
512 2897 645 2938 quidam
674 2897 824 2936 αὐλῶνες,
854 2895 911 2936 qui
942 2895 1116 2934 dicuntur,
1141 2891 1147 2945 1
1171 2893 1266 2925 cimo.

90 2950 228 2982 quorum
239 2943 451 2976 Philochorus
467 2945 615 2977 meminit
627 2945 660 2976 in
675 2953 772 2976 nono.

481 3056 635 3095 LIBER
672 3056 722 3096 X.

563 3119 650 3153 148.

136 3166 173 3199 Ὁ
190 3168 232 3208 μή
248 3168 457 3209 ἐποπτεύσας,
473 3171 536 3208 Qui
562 3179 628 3202 non
646 3171 797 3213 inspexit.
813 3175 966 3206 Ceterum
980 3173 1061 3214 quid
1075 3173 1118 3204 sit

95 3213 308 3254 ἐποπτεῦσαι,
324 3215 466 3249 declarat
490 3217 701 3249 Philochorus
724 3218 807 3250 libro
822 3219 947 3251 decimo
965 3229 972 3250 :
992 3232 1008 3246 «
1023 3221 1119 3250 Sacra

95 3259 148 3292 hic
162 3261 262 3293 violat
276 3263 386 3295 omnia
397 3287 407 3303 ,
423 3265 489 3296 tam
506 3264 644 3305 mystica
662 3274 759 3306 quam
778 3267 937 3307 epoptica.
953 3279 969 3294 »
987 3267 1119 3298 Iterum-

96 3315 159 3346 que
175 3316 183 3338 :
202 3320 218 3335 τι
229 3310 389 3342 Demetrio
404 3310 501 3351 igitur
513 3311 673 3352 peculiare
687 3312 841 3352 quiddam
855 3315 971 3354 praeter
995 3314 1118 3344 ceteros

1641 2942 1656 2969 1
1666 2937 1709 2969 51
1721 2960 1729 2969 .

1212 2986 1331 3018 Atticae
1349 2993 1464 3017 census
1486 2992 1543 3016 sex
1558 2983 1660 3015 millia
1678 2982 1835 3014 talentum
1857 2980 1930 3013 suit.
1959 2980 2192 3013 Demosthenes

1170 3033 1203 3065 in
1211 3032 1363 3064 Oratione
1374 3031 1415 3063 de
1430 3029 1588 3062 classibus
1601 3029 1647 3061 sic
1662 3029 1707 3061 ait
1719 3038 1727 3059 :
1739 3027 1838 3060 Nobis
1851 3030 1960 3059 autem
1974 3026 2042 3068 agri
2058 3034 2192 3058 censum

1170 3081 1243 3111 octo
1264 3078 1352 3109 mille
1373 3077 1532 3109 talentum
1555 3075 1701 3107 subsidio
1716 3083 1787 3107 esse
1810 3074 1928 3106 audiet.
1952 3076 2013 3106 Est
2028 3073 2125 3114 igitur
2141 3073 2192 3105 vel

1171 3126 1340 3166 scripturae
1355 3125 1536 3164 peccatum,
1554 3124 1610 3155 aut
1624 3123 1706 3154 forte
1719 3123 1827 3154 orator
1839 3121 1900 3153 ista
1914 3121 2030 3153 callide
2045 3120 2141 3159 dixit,
2156 3121 2194 3152 ut

1170 3171 1350 3212 respublica
1363 3171 1499 3210 majores
1518 3169 1634 3201 habere
1649 3169 1816 3201 facultates
1836 3168 2001 3200 videretur
2015 3167 2056 3199 ad
2072 3167 2192 3199 bellum

1171 3227 1245 3251 cum
1261 3226 1333 3257 rege
1348 3217 1534 3257 gerendum.
1553 3216 1668 3248 Fuisse
1686 3215 1798 3256 utique
1813 3215 1954 3247 civitatis
1977 3214 2093 3247 Atticae
2115 3222 2191 3245 cen-

1171 3273 1244 3296 sum
1260 3273 1317 3295 sex
1332 3263 1420 3295 mille
1436 3263 1606 3302 talentum,
1621 3263 1718 3294 etiam
1735 3262 1768 3294 in
1782 3262 1846 3295 fine
1859 3262 2028 3302 orationis,
2041 3261 2097 3293 ubi
2111 3259 2192 3292 mul-

1169 3309 1302 3342 timodis
1316 3318 1430 3341 eorum
1444 3309 1718 3350 computationem
1739 3308 1828 3348 facit,
1842 3309 2087 3347 commemorat,
2100 3307 2191 3339 item·

96 3354 240 3395 contigit,
254 3357 291 3388 ut
309 3356 403 3389 simul
417 3358 578 3398 mysteriis
593 3358 772 3391 initiaretur
783 3368 821 3391 ac
833 3360 1019 3392 secretiores
1032 3359 1114 3390 ritus
1172 3366 1235 3398 que
1251 3356 1462 3389 Philochorus
1477 3355 1558 3388 libro
1567 3355 1718 3388 Atthidos
1732 3355 1867 3388 decimo.
