2320 3684
172 181 246 214 580

487 262 622 311 Epoclz.
649 262 708 299 33.
731 273 786 298 vs.
810 260 870 305 48.

222 358 352 402 Quum
378 354 497 392 literae
516 354 555 390 in
578 356 770 390 Marmore
793 360 939 390 tantum
962 365 1040 390 non
1059 365 1192 391 omnes

167 413 402 458 evanuerint,
416 411 585 458 Selden.‚
599 412 774 459 Palmer.,
784 411 938 448 Boeckh.
955 424 976 448 a
987 412 1192 462 supplendi

167 471 322 520 negotio
339 469 616 507 abstinuerunt.
633 469 841 507 Prideaux.
867 469 1046 506 tentavit:
1063 469 1136 523 Ἀφ’
1151 465 1191 508 οῧ

167 527 455 578 Λακεδαιμονίοις
474 526 645 579 Τύρταιος
672 527 927 579 συνεμάχησεν.
945 526 1190 566 Probabilius

165 586 499 635 Baumgartenius,
523 585 756 635 suffragante
781 588 984 636 WagnerO,
1010 586 1191 624 Archilo—

166 645 228 682 chi
248 644 346 682 Parii
368 644 603 681 mentionem
627 644 766 681 factam
791 657 871 682 esse
893 645 1035 682 statuit.
1061 649 1190 693 Quare

164 708 382 753 Wagnerus
424 703 540 741 scribi
573 704 684 741 vult:
712 703 788 757 Ἀφ’
821 698 857 742 οῧ
878 703 1145 758 [Ἀρχίλοχ]ο[ς,
1171 708 1189 745 ὁ

163 763 196 801 Τ
199 763 426 813 ελεσικλο]ῦς,
439 764 457 800 ὃ
473 761 619 809 ποιητὴς
633 761 742 815 ἐφάνη
756 793 765 811 ,
786 763 846 801 vel
867 764 913 816 ἀφ
929 758 968 802 οῧ
988 763 1188 817 Ἀρχίλοχος

162 818 238 863 τοὺς
259 819 408 871 ἷοίμὸους
442 819 585 865 ἐδίδαξε.
606 822 816 860 Archontis
844 835 984 860 nomen
1001 823 1187 862 Seldenus

162 879 202 916 in
233 883 428 918 Marmore
450 881 545 931 legit
564 881 729 919 ΛΥΣΙΛ.
752 881 830 927 Qui
849 895 967 932 quum
991 882 1086 919 alius
1106 895 1186 921 esse

162 937 227 974 vix
240 938 361 988 possit
373 947 489 989 atque
509 940 572 977 ille
589 940 655 990 qui
673 953 694 977 a
709 943 868 978 Pausan.
887 943 951 986 IV,
967 941 1011 977 15
1028 940 1187 986 Τλησίας

161 1004 334 1044 vocatur,
346 997 426 1047 jam
444 998 668 1047 Palmerius,
688 999 750 1036 cui
766 999 999 1049 suffragatur
1018 1001 1184 1048 Boeckh.‚

162 1055 367 1093 Seldenum
383 1056 480 1094 male
503 1056 638 1107 legisse
658 1057 876 1107 suspicatus
894 1066 961 1095 est.
979 1059 1186 1096 Pausanias

161 1113 319 1164 quidem
357 1114 506 1153 huncce
541 1115 766 1153 archontem
801 1116 939 1153 tribuit
968 1129 1000 1154 a.
1030 1117 1184 1167 Olymp.

165 1175 228 1220 23,
256 1179 292 1221 4,
314 1175 391 1212 *sed
411 1174 486 1212 hoc
504 1188 635 1213 errore
655 1175 824 1225 positum
853 1189 934 1213 esse
971 1189 1042 1227 pro
1064 1183 1126 1225 24,
1163 1182 1183 1221 4

161 1245 209 1270 ex
225 1233 311 1284 ipso
329 1234 517 1272 Pausania
536 1234 813 1272 demonstravit
841 1234 997 1272 Boeckh.

436 1326 572 1374 Epoch.
594 1328 655 1371 34.
674 1339 729 1364 vs.
757 1332 819 1377 49,
836 1326 895 1364 50.

214 1421 487 1471 supplementa
500 1431 589 1460 sunt
602 1423 790 1468 Boeckhii3
808 1432 896 1461 ante
910 1436 1021 1474 quem
1037 1423 1098 1461 alii
1113 1424 1185 1463 alia

160 1479 279 1516 multa
298 1487 505 1517 tentarunt.
527 1482 691 1519 Palmer.
714 1496 723 1518 τ
743 1479 820 1524 τοὺς
847 1481 973 1532 νόμους
992 1481 1070 1525 τοὺς
1082 1482 1186 1536 λύρας

160 1536 219 1574 καὶ
240 1539 354 1576 αὐλῶν
382 1538 553 1583 ἐδίδαξεν·
575 1548 613 1577 et
632 1539 771 1577 deinde
788 1555 795 1577 :
816 1538 872 1584 οὒς
892 1539 982 1594 [uhi.
1003 1541 1185 1593 αὔλητ[αῐς

161 1594 380 1646 συνηύ]λησε.
405 1597 474 1634 Vir
492 1597 629 1636 doctus
653 1599 694 1635 in
714 1599 875 1636 Miscell.
896 1599 1006 1638 Obss.
1030 1600 1107 1638 vol.
1127 1603 1184 1650 ΙΙ,

161 1666 199 1703 p.
223 1655 294 1698 341
319 1668 376 1705 sq.
400 1669 472 1705 pro
492 1655 642 1705 ἐδίδαξε,
662 1657 766 1708 quod
787 1658 987 1696 Boeckhius
1006 1659 1184 1706 retinuit,

160 1712 282 1750 voluit
314 1712 460 1759 ἤλλαξεν
493 1715 552 1752 vel
585 1714 798 1766 μετήλλαξεν
814 1745 823 1763 ,
860 1724 899 1754 et
940 1717 1080 1755 deinde
1110 1716 1185 1762 τοὺς

160 1768 286 1821 νόμους
324 1771 401 1814 τοὺς
441 1773 730 1824 Λακεδαιμονίων
777 1774 995 1827 διορθοῦσθαι
1034 1774 1187 1823 αὐλητὰς

161 1828 310 1876 ἤσκησε.
342 1831 548 1869 Chandler.
567 1846 576 1870 ε
595 1831 670 1876 τοὺς
692 1831 816 1884 νόμους
834 1831 911 1877 τοὺς
931 1835 1090 1871 παλαιῶν
1108 1849 1186 1873 και-

161 1890 303 1926 νοῦσθαι
316 1888 468 1935 αὐλητὰς
482 1889 636 1936 ἐθέλησε.
664 1891 725 1929 Ad
742 1905 852 1929 suum
874 1893 1184 1943 supplementum

161 1946 231 1998 (οὓς
261 1947 322 1985 καὶ
343 1948 496 1996 αὐλητὴς
522 1949 734 2002 συνηύλησε)
756 1952 906 1989 Boeckh.
940 1960 1048 1989 notat
1082 1953 1183 1990 haec:

162 2022 179 2046 (ε
195 2006 312 2044 Nomi
346 2007 453 2045 fuere
482 2008 738 2056 citharoedici3
761 2009 829 2046 sed
851 2019 894 2047 ut
925 2010 1185 2049 citharisteriis

162 2066 287 2102 nomis
303 2066 530 2105 accinebant
544 2067 750 2118 aliquando
766 2068 941 2107 tibicines
958 2068 1071 2121 (νόμοι
1087 2072 1186 2107 κιθα-

164 2122 355 2175 ριστήριοι,
380 2118 429 2168 οἷς
448 2125 509 2163 καὶ
533 2124 765 2179 προσηύλουν,
787 2128 841 2164 ait
863 2128 1001 2166 Pollux
1023 2131 1075 2176 X,
1097 2129 1182 2175 83),

165 2182 311 2234 quippe
330 2184 447 2228 αὐλοῖς
463 2183 733 2237 κιθαριστηρίοις
757 2186 820 2236 (id.
841 2189 899 2234 X,
915 2186 1000 2238 81),
1015 2187 1069 2225 ita
1089 2201 1184 2225 con—

163 2249 384 2280 sentaneum
419 2252 475 2280 est
520 2244 634 2282 etiam
666 2244 923 2282 citharoedicis
956 2246 1067 2283 simul
1099 2259 1185 2283 cum

164 2300 310 2338 cithara
366 2302 565 2340 accinisse
586 2303 792 2353 aliquando
839 2304 962 2342 tibias.
1002 2305 1187 2343 Novimus

164 2359 277 2396 etiam
297 2358 438 2398 ἔναυλον
452 2359 639 2413 κιθάρισιν,
657 2371 695 2399 et
712 2363 841 2400 mistas
861 2363 1022 2401 vocibus
1045 2377 1187 2401 canen-

166 2420 262 2457 tium
295 2419 404 2458 tibias
435 2421 546 2458 simul
566 2422 807 2473 citharasque
832 2425 958 2474 (Metr.
981 2424 1086 2461 Pind.
1109 2427 1186 2472 ΙΙΙ,

166 2478 270 2530 258).
291 2485 413 2530 Atque
432 2480 577 2530 aliquid
595 2481 825 2532 Terpandro
845 2495 933 2519 cum
957 2482 1059 2520 tibiis
1080 2496 1187 2520 com-

165 2538 301 2575 mercii
341 2538 478 2586 fuisse,
515 2538 672 2590 colligas
731 2539 820 2576 inde
834 2568 845 2587 ,
877 2540 982 2591 quod
1017 2541 1186 2580 Glaucus

164 2596 363 2647 Rheginus
381 2598 456 2648 (ap.
481 2597 670 2635 Plutarch.
688 2600 747 2636 De
769 2602 862 2636 Mus.
877 2598 913 2648 4)
934 2598 1083 2636 dixerat
1098 2613 1186 2638 eum

166 2655 321 2708 δεύτερον
364 2655 524 2707 γενέσθαι
566 2654 655 2707 μετὰ
680 2655 760 2700 τοὺς
787 2654 943 2709 πρώτους
974 2656 1187 2704 ποιησάντας

167 2714 353 2768 αὐλῳδίαν.
371 2732 386 2749 »

219 2776 397 2812 Ceterum
418 2775 465 2812 de
484 2775 706 2826 Terpandro
731 2789 766 2812 v.
795 2775 926 2813 Plehn.
950 2775 1121 2814 Lesbiae.
1147 2790 1184 2828 p.

171 2832 243 2869 138
269 2845 364 2883 sqq.‚
393 2835 524 2871 Hoeck.
551 2838 662 2872 Creta
693 2843 789 2872 tom.
820 2835 896 2883 ΙΙΙ,
921 2848 958 2885 p.
980 2836 1054 2882 367
1091 2849 1186 2886 sqq.‚

167 2891 284 2928 Ulric.
308 2893 452 2929 Histor.
480 2906 583 2944 poes.
609 2896 676 2931 Gr.
710 2901 798 2930 tom.
825 2896 884 2941 ΙΙ,
917 2906 955 2944 p.
989 2893 1059 2938 341
1087 2908 1186 2945 sqq.‚

168 2950 335 2988 Bodeum
360 2952 396 2989 in
417 2953 558 2990 Histor.
578 2966 682 3003 poes.
698 2953 805 3003 lyric.
824 2961 914 2990 tom.
935 2956 988 3000 11,
1008 2954 1160 3004 passim.

221 3011 367 3047 Nomen
395 3012 601 3050 Archontis
630 3012 815 3065 Δρωπίλου
843 3013 996 3050 Boeckh.
1026 3014 1189 3051 mutavit

170 3067 209 3103 in
229 3068 435 3119 Δρωπίδου,
455 3070 544 3120 quia
566 3071 640 3109 hoc
659 3084 798 3108 nomen
817 3071 1010 3122 reperitur
1023 3071 1061 3109 in
1079 3081 1189 3122 gente

170 3125 447 3174 Codridaiwim,
469 3141 514 3165 ex
537 3129 677 3179 quibus
697 3130 757 3168 vel
777 3130 843 3167 illo
860 3138 1031 3182 tempore
1050 3132 1188 3183 saepius

170 3185 372 3223 archontes
392 3187 629 3237 legebantur.

224 3246 282 3280 De
315 3252 424 3281 aetate
456 3247 671 3297 Terpandri
707 3261 795 3285 cum
829 3249 970 3287 Nostro
1002 3249 1190 3287 consentit

171 3305 262 3342 Can.
288 3302 440 3350 Euseb.,
463 3305 529 3354 qui
557 3318 644 3343 eum
683 3306 858 3345 floruisse
877 3307 970 3345 dicit
993 3309 1049 3346 Ol.
1069 3310 1131 3356 33,
1153 3321 1187 3346 2.

171 3364 305 3413 Neque
324 3362 534 3413 refragatur
551 3364 654 3413 quod
674 3366 890 3404 Hellanicus
915 3366 1072 3405 Lesbius
1098 3380 1185 3405 eum

1071 170 1369 212 ANNOTATIO

1256 260 1424 310 primum
1455 263 1589 302 vicisse
1614 263 1708 302 dicit
1736 265 1774 302 in
1807 266 1962 304 Carneis
1993 267 2090 306 ludis
2121 259 2194 322 (ol.
2226 271 2275 308 26

1253 319 1436 359 institutis
1458 322 1666 361 secundum
1691 323 1883 362 Sosibium
1905 327 2130 376 Laconem),
2151 338 2276 379 neque

1252 378 1356 428 quod
1373 380 1537 419 Phanias
1551 382 1703 420 Eresius
1721 382 1797 434 (ap.
1816 384 1930 422 Clem.
1948 385 2059 423 Alex.
2078 389 2218 425 Strom.
2233 389 2273 435 Ι,

1251 449 1289 487 p.
1309 437 1398 489 398)
1419 452 1507 476 eum
1521 440 1754 478 Archilocho
1768 440 1964 492 juniorem
1988 443 2096 483 facit.v

1305 498 1447 535 Contra
1478 498 1644 536 Glaucus
1669 500 1750 537 Ital.
1777 514 1837 551 ap.
1858 501 1955 538 Plut.
1969 505 2029 540 De
2050 505 2151 541 Mus.
2175 507 2212 550 4,
2231 516 2271 554 p.

1255 567 1268 591 1
1282 556 1370 604 132,
1403 557 1448 604 C,
1468 557 1731 608 Terpandrum
1755 559 1988 598 Archilocho
2013 561 2271 612 antiquiorem

1249 613 1363 662 dicit3
1398 615 1490 666 quid
1515 617 1622 667 quod
1645 618 1905 667 Hieronymus
1922 619 2024 670 apud
2045 620 2271 659 Athenaeum

1247 675 1353 721 XIV,
1372 687 1408 725 p.
1424 674 1516 724 635,
1530 677 1572 723 F,
1592 676 1758 726 Lycurgi
1779 677 1963 727 aequalem
1983 677 2085 716 facit.

1510 756 1648 804 Epoclz.
1671 755 1733 793 35.
1763 769 1820 794 vs.
1849 756 1934 794 50-
1949 756 2013 794 51.

1298 833 1426 872 Verba
1441 835 1636 886 supplevit
1648 836 1815 884 Selden.;
1827 837 1930 875 idem
1943 850 2147 876 numerum
2159 837 2241 891 [34]
2250 852 2265 876 1

1246 892 1455 929 rectissime
1484 893 1661 931 restituit.
1695 895 1766 946 Ep.
1801 901 1862 943 41,
1895 909 1981 946 quae
2010 909 2032 933 a
2064 904 2195 934 nostra
2217 901 2269 948 49

1245 952 1354 989 annis
1371 951 1502 999 distat,
1521 962 1757 991 memoratur
1774 956 1935 993 Croesus.
1951 954 2066 993 Unde
2077 955 2269 1006 colligitur

1246 1012 1429 1047 Nostrum
1460 1023 1547 1048 cum
1586 1011 1755 1049 Eusebio
1788 1020 1826 1050 et
1859 1013 2060 1064 Excerptis
2090 1012 2268 1052 narbaris

1244 1068 1386 1117 Alyatti
1419 1068 1498 1119 regi
1526 1068 1676 1107 dedisse
1706 1083 1826 1108 annos
1857 1077 1931 1121 49,
1959 1085 2038 1109 non
2075 1085 2166 1109 vero
2198 1071 2267 1120 57,

1244 1134 1341 1176 quot
1361 1135 1449 1164 sunt
1475 1127 1577 1177 apud
1605 1128 1788 1166 Herodot.
1812 1132 1848 1176 Ι,
1881 1130 1945 1169 25.
1974 1130 2094 1181 Igitur
2115 1130 2268 1168 initium

1244 1185 1350 1235 regni
1368 1185 1527 1234 Alyattis
1547 1199 1594 1223 ex
1619 1187 1823 1224 Marmoris
1841 1196 2026 1239 computo
2045 1187 2267 1239 ponendum

1245 1251 1301 1280 est
1333 1244 1486 1294 Olymp.
1525 1246 1572 1288 43
1592 1272 1602 1289 ,
1643 1251 1677 1290 4.
1721 1247 1914 1297 Excerpta
1947 1246 2061 1284 Barb.
2095 1246 2269 1298 praebeut

1244 1302 1398 1354 Olymp.
1430 1304 1500 1350 43,
1529 1316 1562 1350 1,
1597 1303 1784 1342 Eusebius
1806 1305 1957 1356 Olymp.
1979 1311 2047 1354 42,
2077 1319 2099 1343 2
2125 1305 2223 1358 (42,
2244 1313 2266 1353 4

1244 1359 1304 1397 ed.
1322 1360 1427 1411 Mai).
1449 1361 1503 1399 Cf.
1524 1362 1673 1400 Corsini
1693 1365 1734 1400 F.
1751 1366 1795 1401 A.
1823 1371 1914 1402 tom.
1930 1366 2007 1411 III,
2027 1377 2067 1415 p.
2084 1364 2147 1402 66.

1296 1419 1428 1457 Liceat
1447 1420 1541 1457 mihi
1563 1433 1686 1471 pauca
1705 1421 1953 1473 interponere
1982 1422 2030 1460 de
2059 1422 2268 1461 Heraclidis

1243 1478 1439 1528 Lydorum
1468 1479 1633 1530 regibus.
1660 1480 1844 1532 Princeps
1876 1480 1923 1520 de
1952 1481 1999 1519 iis
2027 1482 2135 1520 locus
2163 1481 2268 1533 apud

1244 1537 1484 1575 Herodotum
1509 1538 1568 1590 (Ι,
1605 1538 1643 1589 6)
1663 1539 1803 1590 legitur
1823 1539 1882 1577 his
1900 1539 2028 1578 verbis
2050 1555 2058 1578 :
2077 1533 2148 1580 ’Ἦν
2167 1541 2270 1580 Καν-

1245 1595 1408 1644 δαύλης...
1436 1596 1600 1650 τύραννος
1632 1597 1808 1652 Σαρδίων,
1839 1597 2006 1650 ἀπόγονος
2039 1598 2076 1637 δὲ
2107 1598 2268 1638 Ἀλκαίου

1244 1659 1303 1694 τοῦ
1325 1654 1532 1709 Ἡρακλέος.
1562 1655 1697 1710 Ἄγρων
1716 1656 1778 1708 μὲν
1795 1656 1861 1710 γὰρ
1878 1659 1896 1695 ὃ
1914 1657 2039 1706 Νίνου,
2058 1662 2119 1697 τοῦ
2138 1657 2268 1707 Βήλου,

1243 1719 1303 1753 τοῦ
1325 1714 1501 1763 Ἀλκαίου,
1524 1718 1660 1769 πρῶτος
1676 1715 1934 1768 Ἡρακλειδέων
1955 1716 2116 1769 βασιλεὺς
2134 1715 2269 1768 ἐγένετο

1245 1774 1418 1828 Σαρδίων,
1439 1773 1646 1821 Κανδαύλης
1669 1773 1706 1812 δὲ
1725 1777 1743 1812 ὁ
1764 1773 1908 1826 Μύρσου
1929 1774 2116 1820 ὕστατος...
2133 1775 2268 1828 Ἔσχον

1245 1832 1280 1871 δὲ
1299 1832 1361 1879 τὴν
1386 1833 1496 1885 ἄρχην
1518 1834 1557 1870 ἐκ
1578 1831 1822 1886 θεοπροπίου...
1844 1831 2008 1886 ἄρξαντες
2033 1833 2096 1885 μὲν
2116 1833 2173 1872 ἐπὶ
2207 1831 2268 1871 δύο

1243 1906 1282 1928 τε
1297 1890 1358 1929 καὶ
1375 1891 1483 1930 εἴκοσι
1501 1890 1765 1943 (πεντεκαίδεκα
1779 1892 1972 1943 Larcher.)
1987 1891 2104 1944 γενεὰς
2118 1893 2267 1944 ἀνδρῶν,

1245 1948 1323 1988 ἔτεα
1363 1949 1467 1988 πέντε
1499 1965 1537 1988 τε
1562 1949 1621 1987 καὶ
1648 1948 1899 1996 πεντηκόσια...
1929 1950 2035 2004 μέχρι
2055 1949 2269 1990 Κανδαύλεω

1243 2011 1304 2046 τοῦ
1335 2007 1492 2062 Μύρσου.
1521 2010 1710 2047 Numerus
1735 2021 1923 2046 annorum
1951 2018 2084 2060 aperte
2111 2009 2268 2047 haustus

1245 2075 1302 2104 est
1321 2080 1369 2104 ex
1396 2069 1612 2120 ἀναγραφαῖς
1631 2067 1724 2105 Asiae
1749 2067 1908 2105 minoris
1929 2080 1952 2105 a
1974 2067 2117 2105 Graecis
2136 2079 2266 2105 sacer-

1245 2126 1401 2165 dotibus
1436 2127 1646 2164 secundum
1681 2134 1846 2176 systema
1887 2135 2061 2165 nostrum
2095 2127 2267 2164 chrono-

1247 2187 1412 2237 logicum
1440 2186 1647 2223 adornatis.
1677 2186 1827 2223 Etenim
1853 2185 1928 2231 504
1954 2186 2044 2224 anni
2065 2185 2222 2236 explent
2242 2185 2265 2222 8

1245 2246 1384 2296 cyclos.
1402 2245 1526 2283 Unius
1551 2245 1640 2282 anni
1660 2244 1879 2283 differentia
1895 2244 1935 2282 in
1961 2245 2078 2283 tantis
2097 2243 2266 2282 numeris

1246 2318 1321 2342 non
1345 2305 1451 2342 venit
1472 2304 1512 2341 in
1531 2316 1699 2341 censum.

1284 2363 1487 2402 Candaulis
1499 2376 1619 2400 annus
1634 2362 1758 2400 fatalis
1772 2362 1921 2400 diverse
1934 2361 2266 2400 traditur.Clinton

1249 2423 1301 2473 (F.
1319 2425 1366 2460 H.
1383 2435 1420 2472 p.
1439 2422 1526 2472 310)
1541 2435 1587 2459 ex
1603 2421 1719 2458 variis
1739 2429 1939 2459 auctorum
1955 2420 2180 2459 testimoniis
2196 2432 2268 2458 ex-

1247 2489 1357 2531 putat
1387 2494 1419 2519 a.
1448 2480 1543 2528 718,
1573 2480 1661 2527 715,
1687 2481 1774 2528 708.
1797 2479 1977 2518 Larcher.
2001 2479 2050 2517 ad
2079 2478 2266 2518 Herodot.

1246 2541 1356 2591 ponit
1384 2553 1419 2578 a.
1449 2539 1535 2587 716.
1569 2539 1758 2590 Equidem
1789 2539 1983 2589 posuerim
2013 2551 2047 2576 a.
2081 2539 2176 2586 713,
2214 2537 2270 2574 ita

1247 2607 1288 2636 ut
1306 2598 1526 2636 Herodotea
1548 2597 1647 2634 ratio
1663 2597 1712 2634 ab
1728 2597 1813 2642 illa,
1836 2609 1950 2647 quam
1969 2596 2155 2635 Eusebius
2177 2595 2267 2633 red-

1246 2657 1302 2694 dit
1334 2656 1381 2708 (a.
1413 2656 1518 2705 699),
1536 2655 1649 2693 distet
1679 2655 1738 2693 bis
1768 2663 1914 2704 septem
1947 2654 2056 2691 annis
2090 2653 2149 2696 (cf.
2182 2665 2268 2704 quae

1246 2709 1377 2747 monui
1411 2709 1450 2745 in
1485 2709 1573 2746 Vita
1607 2708 1754 2746 Xanthi
1789 2720 1921 2744 versus
1960 2705 2119 2756 finem),
2154 2714 2268 2756 atque

1247 2768 1459 2806 Candaules
1471 2775 1645 2804 mortuus
1665 2766 1714 2804 sit
1727 2767 1775 2803 63
1793 2766 1901 2802 annis
1918 2773 2006 2815 post
2018 2764 2176 2815 Olymp.
2191 2765 2220 2812 Ι,
2234 2777 2266 2802 1.

1246 2829 1340 2864 Tum
1365 2826 1481 2876 igitur
1499 2838 1630 2875 regum
1650 2824 1900 2875 chronologia
1918 2823 1991 2861 erit
2010 2823 2090 2860 haec
2107 2836 2116 2859 :

1247 2910 1279 2935 a.
1309 2897 1420 2941 1343.
1458 2895 1633 2932 Herculis
1664 2893 1883 2945 apotheosis
1913 2892 2013 2944 (quae
2043 2906 2093 2931 ex
2120 2891 2267 2943 vulgari

1509 2954 1795 3004 computatione
1813 2952 1971 3003 ponitur
1987 2953 2035 2991 63
2057 2951 2164 2990 annis
2180 2958 2267 2989 ante

1513 3012 1651 3062 epoch.
1669 3011 1890 3062 Trojanam)

1458 3071 1603 3109 Alcaeus

1459 3129 1572 3167 Belus

1306 3190 1418 3227 1280.
1461 3201 1536 3226 aera
1548 3187 1709 3238 Trojana
1725 3186 1777 3239 (v.
1795 3186 1843 3225 ad
1862 3186 1995 3238 epoch.
2016 3185 2079 3236 24)

1459 3247 1580 3286 Ninus

1308 3320 1419 3354 1217.
1459 3310 1619 3356 Agron,
1655 3303 1802 3355 primus
1837 3317 1905 3342 rex
1936 3304 2008 3356 (63
2044 3308 2131 3352 post
2159 3299 2264 3351 Troj.
2307 3324 2308 3327 =

1511 3362 1674 3423 epoch.).
