2320 3684
757 132 1061 172 THEOPOMPI
1090 130 1427 172 FRAGMENTA.

411 223 559 261 LIBER
586 220 692 259 LIII.

93 352 296 392 Athenaeus
310 353 365 400 X,
379 363 417 401 p.
441 350 532 396 435,
557 352 600 395 B,
626 347 669 393 C,
693 350 748 385 D:
765 345 828 385 ’Ev
849 344 886 384 δὲ
904 348 949 398 τῇ
970 345 1069 400 τρίτῃ

15 410 99 466 ικαὶ
125 411 344 461 πεντηκοστῇ
375 407 456 460 περὶ
480 408 549 445 τῶν
579 408 614 446 ἐν
640 404 840 459 Χαιρωνείᾳ
874 404 1071 456 γενομένων

12 494 14 497 -
39 467 160 518 εἰπὼν,
180 468 239 508 καὶ
254 469 300 512 ὡς
319 466 378 505 ἐπὶ
398 464 533 504 δεῖπνον
551 465 696 505 ἐκάλεσε
724 463 804 508 τοὺς
828 462 1073 517 παραγενομέ-

39 543 119 572 νους
127 529 196 566 τῶν
214 524 405 574 Ἀθηναίων
423 523 598 578 πρέσὸεις,
608 523 726 579 φησίν·
748 539 764 556 «
776 522 819 562 Ὁ
834 521 870 561 δὲ
888 522 1074 566 Φίλιππος

43 584 354 639 ἀποχωρησάντων
385 583 527 622 ἐκείνων
555 582 679 627 εὐθέως
708 580 952 634 μετεπέμπετό
978 596 1075 624 τινας

42 647 112 684 τῶν
145 642 316 696 ἑταίρων,
336 642 456 680 καλεῖν
472 640 504 679 τ’
518 640 655 680 ἐκέλευε
679 639 741 683 τὰς
769 640 980 693 αὐλητρίδας
1015 639 1075 678 καὶ

44 701 277 757 Ἀριστόνικον
304 699 362 738 τὸν
383 698 574 753 κιθαρῳδὸν
605 698 664 738 καὶ
689 698 861 753 Δωρίωνα
881 698 940 737 τὸν
961 700 1076 746 αὐλη-

43 761 107 810 τὴν
136 760 196 800 καὶ
224 758 303 803 τοὺς
323 758 448 803 ἄλλους
473 758 553 803 τοὺς
581 757 796 810 εἰθισμένους
818 755 914 812 αὐτῷ
946 757 1078 810 συμπί-

43 835 126 860 νειν.
147 818 342 874 Περιήγετο
367 816 434 871 γὰρ
453 820 636 870 πανταχοῦ
667 816 746 861 τοὺς
774 815 950 861 τοιούτους
965 820 983 856 ὁ
1003 816 1079 856 Φί-

44 881 193 928 λιππος,
225 877 286 916 καὶ
328 876 680 928 κατασκευασάμενος
714 870 757 924 ἦν
797 875 929 930 ὄργανα
963 874 1079 915 πολλὰ

44 936 241 991 συμποσίου
263 935 323 975 καὶ
343 934 537 979 συνουσίας.
555 933 627 975 Ὢν
645 934 712 989 γὰρ
729 934 919 994 φιλοπότης
943 935 1003 973 καὶ
1019 934 1078 973 τὸν

44 997 172 1052 τρόπον
191 996 402 1046 ἀκόλαστος,
432 996 492 1035 καὶ
513 995 741 1049 βωμολόχους
766 989 841 1050 εἶχε
873 996 953 1050 περὶ
975 997 1078 1036 αὑτὸν

46 1054 194 1110 συχνοὺς
208 1086 219 1104 ,
240 1055 300 1094 καὶ
316 1057 387 1094 τῶν
407 1055 487 1109 περὶ
507 1054 571 1102 τὴν
599 1054 770 1107 μουσικὴν
799 1055 909 1094 ὅντων
930 1055 990 1094 καὶ
1010 1058 1079 1094 τῶν

45 1115 90 1154 τὰ
114 1116 235 1168 γελοῖα
260 1113 445 1166 λεγόντων.
466 1113 562 1153 Πιὼν
594 1112 631 1153 δὲ
659 1114 722 1163 τὴν
748 1112 859 1153 νύκτα
881 1120 1001 1153 πᾶσαν
1020 1115 1081 1153 καὶ

48 1173 227 1227 μεθυσθεὶς
258 1172 348 1213 πολὺ
387 1173 448 1211 καὶ
477 1172 655 1222 πατάξας,
681 1172 780 1227 ἀφεὶς
815 1173 973 1218 ἅπαντας
1006 1173 1082 1218 τοὺς

49 1232 173 1276 ἄλλους
196 1231 504 1280 ἀπαλλάττεσθαι,
534 1232 603 1280 ἤδη
632 1231 716 1286 πρὸς
745 1231 882 1286 ἡμέραν
901 1232 1081 1284 ἐκώμαζεν

46 1293 96 1336 ὡς
116 1290 196 1335 τοὺς
214 1290 378 1345 πρέσὸεις
392 1290 470 1334 τοὺς
489 1293 558 1330 τῶν
576 1291 805 1339 Ἀθηναίων.»

104 1355 250 1390 Contra
269 1351 575 1389 moderationem
595 1351 767 1402 Philippi
793 1359 882 1402 post
901 1360 1084 1403 reporta-

52 1419 132 1449 tam
152 1410 524 1448 victoriamlaudant
539 1410 674 1459 Polyb.
696 1414 744 1456 V,
769 1423 833 1456 103
848 1411 985 1447 Justin.
1010 1413 1082 1456 IX,

53 1475 101 1520 43
121 1470 260 1508 AElian.
281 1472 329 1507 V.
348 1472 396 1507 H.
411 1472 518 1513 VIII,
539 1469 597 1506 15.
617 1469 858 1520 Theopompi
892 1470 1085 1508 narratio-

50 1542 140 1567 nem
154 1528 316 1567 reddere
332 1527 487 1566 videtur
504 1527 700 1567 Diodorus
716 1530 819 1575 XVI,
835 1529 882 1575 87
903 1543 911 1566 :
932 1527 1086 1580 Λέγουσι

53 1586 91 1626 δέ
106 1602 196 1630 τινες
214 1585 267 1625 ὅτι
286 1585 346 1624 καὶ
365 1585 464 1639 παρὰ
489 1585 547 1625 τὸν
566 1585 672 1625 πότον
699 1585 807 1625 πολὺν
838 1588 1086 1640 ἐμφορησάμε-

51 1660 109 1689 νος
129 1644 292 1699 ἄκρατον,
319 1644 379 1682 καὶ
403 1643 494 1695 μετὰ
510 1647 580 1682 τῶν
597 1644 707 1699 φίλων
726 1644 785 1684 τὸν
805 1646 973 1685 ἐπινίκιον
992 1645 1084 1698 ἄγων

52 1706 187 1755 κῶμον,
202 1704 258 1742 διὰ
277 1703 394 1756 μέσων
412 1705 480 1742 τῶν
495 1703 733 1757 αἰχμαλώτων
748 1704 916 1750 ἔὸάδιζεν,
938 1705 1085 1759 ὑὸρίζων

55 1761 112 1801 διὰ
130 1761 244 1815 λόγων
263 1761 324 1806 τὰς
342 1764 412 1800 τῶν
430 1762 675 1816 ἀκληρούντων
693 1763 892 1816 δυστυχίας.
914 1764 1086 1816 Δημάδην

55 1819 94 1859 δὲ
109 1820 168 1860 τὸν
190 1821 322 1875 ῥήτορα
337 1821 416 1860 κατ’
432 1822 561 1860 ἐκεῖνον
580 1821 640 1860 τὸν
665 1821 785 1876 καιρὸν
805 1824 840 1861 ἓν
858 1828 930 1866 τοῖς
950 1825 1087 1875 αἰχμα-

55 1877 178 1924 λώτοις
202 1879 284 1919 ὄντα
320 1879 520 1934 χρήσασθαι
554 1881 756 1935 παῤῥησίᾳ,
780 1881 839 1920 καὶ
864 1880 966 1933 λόγον
995 1884 1087 1921 ἀπο-

56 1937 265 1992 φθέγξασθαι
289 1939 479 1991 δυνάμενον
500 1941 704 1979 ἀναστεῖλαι
727 1940 790 1989 τὴν
826 1944 886 1980 τοῦ
917 1941 1088 1993 βασιλέως

57 1997 254 2050 ἀσέλγειαν.
282 1998 382 2038 Φασὶ
399 1997 468 2052 γὰρ
486 2000 593 2038 εἰπεῖν
614 1999 730 2048 αὐτὸν,
750 2001 923 2049 Βασιλεῦ,
947 2003 1010 2048 τῆς
1027 1999 1089 2039 τύ-

56 2071 123 2109 χης
150 2056 204 2095 σοὶ
235 2056 432 2112 περιθείσης
462 2057 649 2112 πρόσωπον
679 2058 955 2111 Ἀγαμέμνονος,
988 2060 1089 2104 αὐτὸς

58 2115 121 2154 οὐκ
139 2114 289 2169 αἰσχύνῃ
309 2116 474 2170 πράττων
489 2115 574 2171 ἔργα
595 2117 789 2172 Θερσίτου;
812 2118 871 2157 τὸν
895 2118 931 2157 δὲ
948 2119 1088 2159 Φίλιπ-

57 2189 137 2222 πον,
156 2175 199 2227 τῇ
218 2177 281 2222 τῆς
296 2173 514 2223 ἐπιπλήξεως
533 2176 699 2231 εὐστοχίᾳ
722 2177 928 2227 κινηθέντα,
943 2181 1088 2217 τοσοῦτο

59 2233 270 2284 μεταὸαλεῖν
286 2234 349 2282 τὴν
367 2234 452 2282 δ’λην
473 2235 638 2285 διάθεσιν,
656 2235 747 2275 ὥστε
771 2235 850 2281 τοὺς
874 2235 937 2288 μὲν
955 2237 1087 2291 στεφά-

57 2306 134 2335 νους
163 2294 376 2346 ἀποῤῥῖψαι,
406 2293 452 2332 τὰ
483 2292 521 2332 δὲ
553 2297 873 2334 συνακολουθοῦντα
903 2294 996 2334 κατὰ
1026 2295 1087 2334 τὸν

58 2352 179 2401 κῶμον
211 2350 374 2403 σύμὸολα
404 2356 467 2400 τῆς
494 2352 626 2406 ῧόρεως
657 2354 938 2408 ἀποτρίψασθαι,
967 2354 1024 2393 τὸν
1059 2355 1088 2393 δ’

428 2464 579 2504 LIBER
616 2466 722 2504 LIII.

536 2571 627 2610 262.

103 2655 378 2697 Quinquagesimo
408 2658 503 2691 tertio
524 2657 618 2698 libro,
655 2660 824 2698 postquam
849 2657 890 2689 de
924 2656 1022 2689 rebus
1050 2656 1089 2688 ad

64 2701 275 2735 Chaeroneam
289 2705 388 2744 gestis
405 2705 500 2738 verba
516 2705 613 2745 fecit,
627 2707 659 2737 et
677 2704 716 2736 de
733 2704 844 2745 legatis
860 2704 917 2745 qui
936 2707 1004 2736 tum
1020 2704 1092 2736 ade-

63 2748 138 2780 raut
153 2749 401 2783 Atheniensium
413 2775 422 2791 ‚
438 2760 522 2792 quos
545 2752 587 2784 ad
609 2751 799 2784 convivium
826 2760 881 2783 rex
897 2754 1091 2789 vocaverat,

65 2794 112 2827 nic
125 2795 227 2837 pergit
242 2797 472 2840 Theopompus
490 2809 498 2831 z
519 2813 534 2827 ει
553 2800 722 2840 Philippus
738 2807 828 2838 vero,
847 2800 1023 2840 postquam
1045 2799 1091 2830 illi

63 2849 82 2874 e
96 2842 248 2875 convivio
274 2844 508 2886 discesserant,
535 2847 683 2888 protinus
705 2847 891 2879 meretrices
920 2846 1092 2879 nonnullas

25 2916 28 2920 .
64 2889 239 2930 arcessivit,
254 2894 286 2923 et
300 2892 449 2926 tibicinas
465 2894 573 2926 vocari
582 2894 692 2936 iussit,
709 2898 742 2927 et
756 2895 977 2927 Aristonicum
993 2895 1091 2927 citha-

65 2934 191 2967 roedum
213 2939 247 2969 et
261 2939 436 2972 Doriouem
456 2940 619 2973 tibicinem
631 2964 641 2981 ,
668 2941 874 2982 reliquosque
890 2942 947 2982 qui
965 2950 1040 2974 cum
1054 2951 1092 2974 eo

65 2985 250 3024 computare
263 2989 510 3020 consueverant.
537 2987 732 3028 Hujusmodi
754 2988 841 3020 enim
858 2989 1005 3022 homines
1025 2989 1092 3021 ubi-

65 3035 129 3069 que
155 3038 266 3062 secum
289 3032 571 3073 circumducebat;
598 3035 764 3076 multaque
789 3035 850 3067 sibi
878 3036 1093 3068 instrumenta

65 3077 312 3127 compotationis
335 3082 368 3112 et
389 3081 634 3114 consuetudinis
662 3086 841 3123 paraverat.
866 3084 975 3120 Quum
1004 3083 1092 3115 enim

66 3128 144 3153 vino
161 3127 247 3156 esset
266 3126 394 3159 deditus
412 3128 608 3169 lascivisque
631 3129 792 3168 moribus,
809 3138 962 3170 magnum
983 3139 1092 3162 nume-

68 3175 142 3220 rum
153 3178 337 3223 scurrarum
354 3176 386 3206 et
395 3175 594 3207 musicorum
608 3177 640 3208 et
650 3176 819 3208 hominum
836 3177 971 3209 ridicula
987 3177 1091 3209 dicen-

67 3214 151 3246 tium
165 3226 198 3248 1n
209 3220 364 3252 comitatu
381 3230 441 3254 suo
452 3222 599 3255 habebat.
616 3225 794 3264 Postquam
807 3224 905 3264 igitur
919 3227 987 3256 tota
999 3228 1094 3256 nocte

66 3265 221 3316 potas-set,
235 3267 269 3298 et
283 3275 340 3307 per
356 3270 576 3302 temulentiam
592 3271 739 3312 gnaviter
756 3275 843 3303 esset
862 3272 1091 3310 tumultuatus,

67 3309 183 3342 ecem-:s
208 3314 361 3346 omnibus
387 3316 531 3349 dimissis
552 3318 783 3359 diseedereque
802 3318 922 3359 jussis,
943 3319 1009 3359 jam
1032 3318 1094 3350 sul)

70 3362 216 3389 auroram
232 3359 270 3390 ad
288 3360 406 3401 legatos
423 3364 665 3397 Atheniensium
679 3366 891 3398 comissatum
908 3366 1058 3407 perrexit.
1076 3379 1091 3394 υ

2085 138 2158 171 323

1130 218 1239 272 ἄνδρα
1263 218 1322 257 τὸν
1348 217 1573 271 χρησάμενον
1599 218 1643 269 τῇ
1668 217 1850 271 παρρησίᾳ
1880 217 2079 269 θαύμασαι,
2102 218 2162 258 καὶ

1128 280 1190 324 τῆς
1209 277 1455 330 αἰχμαλωσίας
1477 276 1701 315 ἀπολύσαντα
1726 276 1811 329 πρὸς
1833 276 1955 316 ἑαυτὸν
1973 278 2163 316 ἀναλαὸεἷν

1130 335 1288 388 ἐντίμως.
1311 335 1424 381 Τέλος
1453 336 1482 374 δ”
1507 335 1574 375 ὑπὸ
1599 339 1659 374 τοῦ
1682 335 1855 388 Δημάδου
1882 336 2164 388 καθομιληθέντα

1130 401 1207 440 ταῖς
1223 395 1396 440 Ἀττικαῖς
1421 395 1565 449 χάρισι,
1586 394 1720 440 πάντας
1737 397 1913 435 ἀπολῦσαι
1931 395 2010 440 τοὺς
2029 397 2167 449 αἰχμα-

1131 454 1263 498 λώτους
1288 455 1369 493 ἄνευ
1391 454 1546 508 λύτρων·
1575 454 1724 494 καθόλου
1745 455 1774 493 δ’
1798 449 2012 508 ἀποθέμενον
2038 455 2102 503 τὴν
2127 457 2167 495 ἐκ

1132 515 1194 560 τ’ῆς
1209 513 1307 561 νίκης
1326 514 1579 568 ὑπερηφανίαν,
1596 512 1761 568 πρέσὸεις
1778 515 1986 553 ἀποστεῖλαι
2002 514 2088 569 πρὸς
2108 513 2167 554 τὸν

1135 573 1245 623 δῆμον
1263 574 1332 611 τῶν
1352 572 1555 620 Ἀθηναίων,
1576 573 1636 611 καὶ
1655 573 1841 613 συνθέσθαι
1865 575 1951 627 πρὸς
1967 573 2090 617 αὐτοὺς
2107 589 2167 627 φι-

1135 630 1212 669 λίαν
1229 646 1268 669 τε
1294 631 1355 670 καὶ
1384 630 1592 683 συμμαχίαν
1609 647 1617 655 ·
1646 633 1693 676 εἰς
1719 632 1756 670 δὲ
1783 633 1845 677 τὰς
1874 631 2000 680 Θήὸας
2017 631 2168 687 φρουρὰν

1135 690 1469 742 ἐγκαταστήσαντα,
1487 693 1716 744 συγχωρῆσαι
1733 690 1796 739 τὴν
1815 690 1954 745 εἰρήνην
1973 697 2046 735 τοῖς
2059 693 2173 730 Βοιω-

1135 764 1216 792 τοις.

1617 830 1707 870 263.

1192 907 1387 946 Plutarch.
1422 907 1625 945 Demosth.
1647 921 1684 958 p.
1707 907 1798 954 855,
1826 921 1857 945 c.
1900 921 1943 944 21
1964 906 2035 946 z‘O
2055 908 2091 945 δὲ
2113 909 2176 955 δῆ-

1142 983 1204 1019 μος
1225 967 1265 1005 οὗ
1283 965 1387 1018 μόνον
1405 964 1538 1003 τούτων
1561 965 1888 1017 (Demosthenem)
1904 964 2065 1013 ἀπέλυεν,
2084 965 2175 1005 ἀλλὰ

1140 1026 1200 1064 καὶ
1217 1027 1329 1078 τιμῶν
1355 1023 1521 1073 διετέλει,
1605 1022 1695 1062 ὥστε
1710 1023 1771 1062 καὶ
1792 1026 1862 1063 τῶν
1882 1024 2011 1063 ὀστέων
2031 1026 2070 1064 ἐκ
2085 1028 2176 1066 Χαι-

1143 1085 1287 1140 ρωνείας
1316 1083 1570 1135 κομισθέντων,
1598 1082 1658 1121 καὶ
1687 1082 1929 1134 θαπτομένων,
1949 1083 2006 1121 τὸν
2034 1084 2091 1123 ἐπὶ
2106 1091 2177 1128 τοῖς

1143 1144 1308 1199 ἀνδράσιν
1325 1142 1467 1182 ἔπαινον
1489 1143 1598 1180 εἰπεῖν
1620 1139 1813 1190 ἀπέδωκεν,
1837 1143 1875 1180 οὗ
1894 1143 2084 1195 ταπεινῶς,
2102 1144 2178 1182 οὐδ’

1143 1205 1293 1254 ἀγεννῶς
1314 1201 1427 1256 φέρων
1451 1201 1491 1239 τὸ
1510 1200 1753 1252 συμὸεὸηκὸς,
1783 1202 1830 1244 ὥς
1856 1200 1982 1255 γράφει
2001 1202 2061 1240 καὶ
2088 1219 2176 1255 τρα-

1142 1263 1246 1316 γῳδεῖ
1265 1260 1496 1312 Θεόπομπος,
1507 1291 1514 1298 .
1526 1290 1534 1298 .
1550 1290 1556 1298 .

1615 1336 1703 1373 264.

1200 1414 1337 1453 Strabo
1369 1417 1449 1461 IX,
1470 1427 1507 1465 p.
1531 1420 1605 1458 424
1631 1427 1639 1450 :
1663 1413 1764 1460 Φησὶ
1801 1412 1837 1451 δὲ
1872 1414 2085 1466 Θεόπομπος
2122 1415 2179 1453 τὸν

1145 1474 1250 1514 τόπον
1271 1478 1391 1512 τοῦτον
1412 1471 1744 1526 (Παραποταμίους)
1766 1471 1893 1524 διέχειν
1916 1476 1979 1520 τῆς
2008 1473 2070 1524 μὲν
2092 1475 2182 1513 Χαι-

1147 1533 1289 1588 ρωνείας
1325 1532 1405 1571 ὅσον
1437 1531 1598 1575 σταδίους
1630 1530 1912 1585 τεσσαράκοντα,
1954 1531 2111 1586 διορίζειν
2146 1532 2181 1571 δὲ

1147 1591 1362 1646 Ἀμὸρυσέας
1387 1591 1447 1630 καὶ
1480 1590 1754 1634 Πανοπέας”καὶ
1784 1589 1958 1635 Δαυλιέας
1973 1607 1980 1614 ·
1998 1594 2134 1630 κεῖσθαι
2153 1593 2181 1630 δ’

1146 1652 1204 1691 ἐπὶ
1221 1655 1284 1699 τῆς
1301 1651 1455 1702 ἐμὸολῆς
1468 1653 1530 1697 τῆς
1550 1651 1589 1688 ἐκ
1610 1649 1780 1693 Βοιωτίας
1800 1651 1846 1693 εἷς
1865 1648 2017 1694 Φωκέας
2033 1652 2068 1689 ἐν
2085 1650 2182 1704 λόφῳ

1148 1711 1296 1765 μετρίως
1321 1711 1458 1762 ὑψηλῷ,
1486 1707 1614 1760 μεταξὺ
1636 1712 1697 1747 τοῦ
1720 1724 1759 1747 τε
1789 1710 2002 1762 Παρνασσοῦ
2031 1709 2091 1747 καὶ
2120 1713 2181 1748 τοῦΙ

1146 1769 1343 1822 Ἡ[δυλίου]
1379 1768 1499 1822 ὅρους,
1529 1766 1782 1806 πενταστάδιον
1816 1766 1943 1820 σχεδόν
1979 1783 2013 1805 τι
2042 1769 2181 1806 ἀπολεῖ-

1146 1845 1211 1869 πον
1242 1831 1312 1867 τῶν
1345 1830 1405 1866 ἀν.
1425 1859 1432 1867 .
1451 1858 1484 1865 ..
1520 1827 1622 1880 ὁρίων
1657 1827 1749 1878 (τῶν
1795 1826 1861 1864 ἀνὰ
1895 1826 2000 1877 μέσον
2027 1827 2182 1879 χωρίων,

1146 1890 1206 1927 vel
1220 1890 1289 1927 τῶν
1314 1886 1381 1926 ἀνὰ
1410 1886 1528 1926 στενὸν
1559 1885 1699 1939 χωρίων
1727 1887 1873 1937 Palm),
1902 1886 2046 1939 διαιρεῖν
2069 1885 2104 1923 δὲ
2123 1886 2182 1925 τὸν

1148 1947 1345 2002 Κηφισσὸν,
1377 1944 1500 1993 στενὴν
1524 1945 1737 1998 ἑκατέρωθεν
1766 1944 1904 1983 διδόντα
1928 1945 2096 1997 πάροδον,
2122 1945 2183 1989 τὰς

1147 2006 1211 2059 μὲν
1234 2005 1346 2060 ἀρχὰς
1367 2007 1406 2044 ἐκ
1435 2004 1585 2048 Λιλαίας
1601 2004 1741 2056 ἔχοντα,
1761 2006 1933 2050 Φωκικῆς
1952 2003 2103 2050 πόλεως,
2120 2020 2185 2043 κα-

1147 2067 1258 2120 θάπερ
1277 2065 1337 2104 καὶ
1356 2063 1520 2118 ςὈμηρός
1537 2079 1656 2118 φησιν,

1231 2160 1271 2191 Οἵ
1287 2170 1320 2190 τε
1334 2157 1464 2190 Λίλαιαν
1479 2156 1551 2198 ἔχον
1564 2159 1666 2197 πηγῇς
1683 2156 1733 2188 ἐπὶ
1749 2157 1937 2197 Κηφισσοῖο,

1148 2238 1195 2280 εἷς
1209 2235 1246 2275 δὲ
1263 2235 1327 2282 τὴν
1349 2231 1526 2274 Κωπαΐδα
1547 2234 1676 2286 λίμνην
1697 2232 1891 2272 ἐκδιδόντα.
1909 2233 1962 2272 Τὸ
1980 2233 2015 2272 δὲ
2033 2233 2184 2272 Δαύλιον

1147 2294 1368 2349 παρατείνειν
1401 2293 1455 2348 ἔφ’
1480 2293 1648 2341 ἑξήκοντα
1677 2292 1803 2332 στάδια
1833 2291 1939 2346 μέχρι
1964 2296 2025 2330 τοῦ
2044 2292 2181 2347 Ὑφαν-

1148 2354 1260 2403 τείου,
1278 2354 1331 2408 ἐφ’
1348 2347 1377 2408 ᾧ
1399 2359 1514 2392 κεῖται
1531 2356 1550 2391 ὁ
1568 2351 1795 2406 Ὀρχομενός.

1192 2522 1234 2552 At
1247 2519 1388 2561 populus
1403 2527 1469 2551 non
1482 2518 1534 2550 his
1550 2518 1648 2550 modo
1678 2517 1800 2550 exemit
1833 2516 2096 2553 Demosthenem,
2128 2514 2185 2546 sed

1149 2576 1280 2608 quoque
1296 2567 1400 2599 colere
1415 2575 1480 2598 non
1499 2566 1675 2598 destitit...
1694 2567 1809 2605 Itaque
1824 2571 1926 2604 quum
1943 2562 2042 2594 relata
2056 2570 2074 2593 a
2093 2561 2185 2593 Chae-

1149 2623 1248 2646 ronea
1260 2614 1477 2646 conderentur
1501 2612 1630 2644 tumulo
1652 2621 1747 2650 ossa,
1769 2609 1936 2643 commisit
1954 2609 1983 2640 ei
2000 2610 2037 2639 ut
2053 2616 2108 2639 eos
2127 2608 2184 2648 qui

1150 2661 1380 2699 occubuerant,
1397 2660 1556 2699 laudarem
1573 2668 1632 2691 nec
1650 2659 1775 2700 abjecto
1791 2657 1842 2689 vel
1859 2656 1959 2687 fracto
1973 2654 2081 2685 animo
2097 2654 2182 2693 tulit,

1151 2709 1187 2740 ut
1200 2708 1313 2740 scribit
1327 2710 1360 2740 et
1372 2707 1531 2740 declamat
1548 2707 1790 2747 Theopompus,
1813 2711 1936 2734 casum.

1191 2802 1421 2843 Theopompus
1436 2802 1522 2833 hunc
1538 2800 1647 2831 locum
1660 2796 1912 2839 (Parapotamios
1925 2795 2048 2834 vicum)
2063 2795 2184 2828 distare

1150 2849 1196 2880 ait
1217 2858 1236 2880 a
1252 2849 1432 2881 Chaeronea
1448 2847 1562 2879 stadiis
1588 2846 1713 2877 circiter
1735 2842 1958 2884 quadraginta,
1985 2843 2018 2873 et
2039 2841 2119 2872 fines
2139 2841 2185 2873 ibi

1150 2905 1222 2929 esse
1232 2894 1525 2937 Amphi->sensium
1537 2917 1547 2933 ,
1570 2891 1807 2933 Panopensium
1831 2892 1929 2930 atque
1944 2888 2182 2920 Dauliensium.

1151 2944 1255 2975 Situm
1271 2952 1342 2975 esse
1364 2943 1397 2974 in
1417 2941 1621 2973 mediocriter
1646 2938 1781 2970 sublimi
1799 2936 1880 2969 colle
1906 2945 2008 2977 prope
2029 2936 2152 2968 aditum
2167 2945 2185 2968 e

1153 2991 1274 3023 Boeotia
1287 2990 1320 3021 in
1333 2989 1507 3021 Phocidem
1521 2989 1601 3019 inter
1612 2989 1789 3018 Parnasum
1803 2987 1835 3016 et
1844 2984 2018 3024 Hedylium
2027 2986 2183 3023 montem,

1150 3038 1293 3079 quinque
1314 3037 1378 3068 sere
1399 3035 1512 3067 stadiis
1531 3043 1549 3066 a
1566 3033 1646 3065 locis
1665 3033 1698 3064 in
1718 3032 1826 3064 medio
1849 3031 1963 3072 positis
1979 3029 2154 3062 distantem
2170 3041 2177 3062 :

1151 3093 1235 3125 quos
1262 3083 1436 3124 cephissus
1465 3082 1597 3113 dirimat
1610 3103 1621 3118 ,
1650 3080 1826 3120 angustum
1851 3078 2004 3118 utrinque
2034 3077 2184 3118 praebens

1151 3131 1336 3169 transitum,
1352 3133 1442 3161 ortus
1455 3137 1473 3160 e
1489 3128 1589 3160 Lilaea
1603 3127 1754 3160 Phocidis
1766 3126 1857 3165 urbe,
1873 3125 1960 3166 quod
1975 3126 2008 3157 et
2025 3126 2184 3158 Homerus
2204 3160 2206 3162 v

1151 3178 1311 3215 ostendit,

1214 3226 1337 3263 Quique
1346 3223 1468 3253 Lilaeam
1482 3223 1598 3252 habeut
1616 3221 1760 3261 Cephissi
1776 3220 1918 3250 fontibus
1935 3226 2039 3259 aptam
2058 3228 2065 3250 :

1151 3273 1184 3305 et
1199 3272 1230 3303 in
1245 3272 1352 3303 lacum
1371 3270 1548 3312 Copaidem
1575 3278 1610 3302 se
1630 3268 1770 3301 effundit
1787 3277 1797 3300 t
1817 3267 1971 3300 Daulium
1993 3268 2102 3299 alitem
2130 3274 2182 3298 ex-

1151 3319 1239 3351 tendi
1265 3319 1310 3349 ait
1335 3317 1374 3350 ad
1393 3319 1560 3358 sexaginta
1574 3317 1679 3349 stadia
1693 3316 1735 3349 ad
1753 3316 1980 3357 Hyphanteum
2013 3312 2126 3355 usque,
2142 3315 2181 3345 ad

1152 3366 1240 3407 quod
1253 3366 1337 3407 Jacet
1354 3366 1588 3397 Orchomenus.

1983 3420 2034 3452 2¹.
