2320 3684
151 199 225 238 2-’10
918 155 1161 236 ἓκέὲῌ
1164 197 1501 237 FRAGMENTA.

147 284 275 338 ἔχομεν
295 283 500 324 αἰτιώτατον
526 285 632 322 εἰπεῖν
663 282 685 329 ἢ
716 282 793 326 τοὺς
819 283 858 320 ἐκ
882 281 1054 330 Δωδώνης
1084 298 1174 337 χρη-
1237 290 1333 336 σχεῖν
1356 288 1417 333 τῆς
1431 285 1620 339 στρατείας·
1640 285 1697 324 τὸν
1709 285 1746 324 δὲ
1761 285 1982 338 Ἀλκμαίωνα
1999 290 2261 340 ἀγανακτοῦντα

127 391 129 393 q
147 343 272 395 σμούς·
293 343 416 396 σχεδὸν
433 342 499 396 γὰρ
515 341 570 394 ἐφ’
587 341 715 380 ἅπασιν
736 342 852 386 αὐτοῖς
869 340 1057 394 προσάγειν
1071 345 1089 380 ὁ
1106 341 1178 386 θεὸς
1237 342 1286 394 μὴ
1307 345 1505 398 φροντίσαι·
1536 344 1592 383 διὰ
1624 344 1661 384 δὲ
1690 350 1792 385 τοῦτο
1835 346 1923 399 μηδὲ
1958 353 2170 398 κοινωνῆσαι
2197 354 2262 400 τῆς

147 405 264 444 εἴωθεν
280 403 442 458 Ἀχελώῳ
456 402 566 441 θύειν·
587 401 680 440 ὥστε
696 401 822 439 πολλοὶ
841 401 1037 452 νομίζοντες
1059 404 1098 440 οὐ
1117 401 1176 441 τὸν
1237 402 1420 456 στρατείας
1444 402 1568 454 μόνους
1594 403 1672 446 τους
1691 404 1899 458 Ἀκαρνᾶνας
1923 411 1993 450 τοῖς
2022 407 2220 456 εἘλλησι..

147 464 305 513 ποταμὸν
329 463 387 503 τὸν
421 461 476 500 διὰ
504 465 567 509 τῆς
598 459 823 514 Ἀκαρνανίας
856 459 1002 514 ῥέοντα,
1027 459 1119 500 ἀλλὰ
1137 461 1178 501 τὸ
1288 460 1357 502 .‘O
1373 461 1436 514 μὲν
1462 467 1520 502 οὐν
1545 463 1592 502 F
1576 480 1695 517 popo*
1714 464 1782 517 πρὸ
1806 481 1875 504 των
1904 467 2076 518 Τρωϊκῶν
2101 467 2169 515 ἤδη
2197 467 2262 516 τὴν

147 523 288 563 σύνολον
314 523 405 575 ὕδωρ
423 522 594 573 Ἀχελῶον
619 519 686 559 ὑπὸ
704 523 763 558 τοῦ
782 524 945 573 χρησμοῦ
973 522 1177 572 καλεῖσθαι,
1237 491 1495 574 Ἀκαρνανίανε
1483 523 1550 562 υπὸ
1565 526 1615 562 τῶ
1630 523 1841 574 Ἀλκμαίωνι
1853 524 2015 574 ποιήσας,
2029 523 2070 563 τό
2083 541 2121 564 τε
2139 525 2264 580 Ἄργος

147 584 314 622 ἰδιοῦνται
333 580 395 625 τὰς
408 585 470 620 τοῦ
494 583 571 618 θεοῦ
599 580 856 632 προσηγορίας·
886 585 1030 631 σημεῖον
1051 580 1109 618 δέ·
1124 580 1178 620 ὅτι
1236 580 1276 619 τὸ
1292 580 1538 636 Ἀμφιλοχικὸν
1570 582 1700 622 ἐκείνου
1729 582 1862 635 κτίσμα
1882 583 2085 637 ἀποφαίνει,
2111 584 2172 624 καὶ
2199 584 2264 634 τὴν

145 642 231 695 πρὸς
245 641 286 681 τὸ
301 644 390 679 θεῖον
408 638 638 693 ἀναφέροντες
651 638 743 678 οὕτω
762 637 876 692 λέγειν
894 638 1064 690 εἰώθαμεν
1077 655 1085 663 ·
1109 640 1178 692 μά-
1238 639 1464 694 Ἀκαρνανίαν
1485 641 1691 693 ὠνομάσθαι
1719 641 1805 693 φησὶ
1831 642 1901 681 ἀπὸ
1920 646 1983 682 τοῦ
2008 642 2132 688 παιδὸς
2157 645 2264 684 αὐτοῦ

145 703 249 741 λιστα
266 699 335 753 γὰρ
357 699 396 738 τὸ
413 697 506 752 ὕδωρ
524 698 695 750 Ἀχελῶον
721 697 1023 752 προσαγορεύομεν
1049 701 1084 738 ἐν
1107 705 1178 743 τοῖς
1237 697 1464 751 Ἀκαρνᾶνος,
1483 698 1718 753 Ἀμφιλόχους
1736 701 1765 738 δ’
1785 700 1855 739 ἀπὸ
1874 705 1935 740 τοῦ
1961 701 2110 754 ἀδελφοῦ
2136 701 2264 755 Ἀμφι-

144 760 276 813 ὅρκοις,
297 759 358 798 καὶ
385 761 419 797 ἐν
445 763 523 803 ταῖς
545 760 664 811 εὐχαῖς
683 757 743 796 καὶ
765 760 800 797 ἐν
827 764 903 803 ταῖς
931 757 1063 802 θυσίαις
1087 759 1177 812 ἅπερ
1235 758 1360 810 λόχου·
1389 757 1480 798 ὥστε
1508 757 1669 798 ἐκπίπτει
1698 760 1746 802 εἰς
1766 758 1811 797 τὰ
1832 758 1930 813 παρὰ
1964 759 2028 807 τὴν
2061 759 2264 815 Ὁμηρικὴν

143 819 260 858 πάντα
279 818 360 872 περὶ
375 817 452 860 τοὺς
468 816 574 861 θεούς.
590 817 646 855 Cf.
661 818 818 855 Servius
832 817 879 855 ad
890 817 1023 867 virgil.
1035 821 1174 868 Georg.
1236 815 1391 870 ἱστορίαν
1414 816 1598 870 λεγόμενα.

143 881 174 924 Ι,
196 878 231 925 8,
247 877 314 914 ubi
325 877 416 914 item
437 875 816 931 laudaturEphorus,
829 884 867 913 et
883 876 1008 914 Schol.
1027 876 1173 916 Victor.
1289 875 1343 914 Cf.
1375 876 1568 927 l.V11‚p.
1592 877 1662 914 501
1685 892 1693 915 :
1721 875 1823 915 Μετὰ
1840 877 1876 915 δὲ
1905 876 1968 925 τὴν
1985 877 2200 931 Ἀμὸρακίαν
2224 878 2266 918 τὸ

144 936 191 974 ad
212 940 326 974 Hom.
347 937 391 973 Il.
411 935 459 982 Ω,
482 935 572 972 616.
1234 930 1387 986 Ἀργος’
1371 950 1445 973 εστι
1463 934 1503 973 τὸ
1523 935 1803 1017 Ἀμφιλοχικὸν,
1803 935 1936 987 κτίσμα
1950 936 2100 988 Ἀλκμαί
2102 952 2186 980 ωνος
2205 936 2266 976 καὶ

625 987 687 1025 28.
1234 1008 1303 1030 των
1320 992 1467 1032 παίδων.
1490 992 1643 1047 Ἔφορος
1672 993 1735 1045 μὲν
1763 998 1822 1032 οὖν
1848 994 1932 1047 φησὶ
1961 994 2018 1033 τὸν
2040 994 2265 1047 Ἀλκμαίωνα

198 1041 338 1081 Sfl'abs‘
355 1045 409 1092 X,
425 1055 463 1093 P·
479 1039 736 1094 709ῖἼΞφορος
753 1040 832 1079 δὀὔ
850 1056 934 1093 φησι
950 1040 1043 1085 (τοὺς
1054 1041 1176 1094 ’AV-w·
1236 1050 1325 1101 μετὰ
1343 1051 1406 1099 τὴν
1433 1051 1629 1106 Ἐπιγόνων
1653 1053 1710 1091 ε’πὶ
1730 1052 1790 1096 τὰς
1807 1053 1931 1101 Θῆέας
1953 1053 2135 1107 στρατείαν
2153 1070 2266 1108 παρα-

145 1108 246 1146 νᾶνας
262 1100 320 1140 ἐπὶ
336 1099 461 1152 Ἴλῑθν)
485 1104 737 1152 συστρατεῦσαι
752 1115 761 1124 “
781 1100 1005 1152 Ἀλκμαίωνα
1024 1099 1091 1153 Υὰρ
1114 1100 1172 1139 τὸν
1234 1109 1407 1157 κληθέντα
1446 1111 1513 1150 ὑπὸ
1551 1111 1766 1162 Διομήδους,
1791 1114 1966 1151 συνελθεῖν
2002 1114 2048 1156 εἷς
2085 1113 2264 1152 Αἰτωλίαν

142 1160 342 1215 Ἀμφιάρεω
367 1158 675 1214 συστρατεύσαντα
695 1158 784 1209 μετὰ
803 1159 999 1211 Διομήδους
1024 1159 1173 1198 καὶτῶν
1236 1171 1352 1223 αὐτῷ,
1391 1169 1452 1209 καὶ
1481 1170 1838 1222 συγχαταχτήσασθαι
1865 1170 1998 1218 ταύτην
2034 1188 2072 1211 τε
2112 1173 2171 1211 καὶ
2199 1172 2264 1222 τὴν

143 1219 257 1259 ἄλλων
279 1218 490 1270 Ἐπιγόνων,
518 1218 578 1257 καὶ
602 1217 876 1271 κατθρθώσαντα
900 1217 959 1256 τὸν
982 1218 1068 1271 πρὸς
1089 1220 1173 1266 Θη·
1238 1227 1482 1280 Ἀκαρνανίαν·
1503 1231 1689 1272 καλοῦντος
1717 1230 1747 1267 δ’
1779 1229 1901 1274 αὐτοὺς
1930 1230 1987 1269 ἐπὶ
2017 1230 2076 1270 τὶν
2103 1231 2264 1285 Τρωϊκὸν

143 1277 259 1322 &along
273 1277 436 1329 πόλεμον
467 1279 639 1316 συνελθεῖν
657 1276 849 1329 Δῑθμήδεῑ,
879 1277 938 1316 καὶ
960 1276 1171 1330 τῑμωρήσα·
1235 1286 1387 1338 πόλεμον
1410 1287 1676 1339 Ἀγαμέμνονος,
1686 1287 1745 1326 τὸν
1767 1285 1831 1338 μὲν
1849 1287 2009 1339 Διομήδη
2034 1293 2264 1343 πορευθῆναι·

142 1341 222 1375 σθαι
241 1337 316 1389 μετ’
339 1339 442 1376 αὐτοῦ
467 1335 546 1380 τοὺς
569 1335 700 1379 Οἰνέως
715 1335 894 1411 ’ἔχθρούς-
919 1335 1123 1388 παραδόντα
1143 1337 1173 1374 δ’
1234 1345 1291 1384 τὸν
1316 1346 1352 1385 δὲ
1380 1346 1618 1398 Ἀλκμαίωνα,
1651 1346 1817 1397 μείναντα
1843 1348 1877 1385 ἐν
1894 1349 1938 1399 τῇ
1968 1346 2200 1404 Ἀχαρνανίᾳ,
2225 1349 2266 1388 τὸ

143 1396 264 1450 ἐκείνω
282 1395 345 1444 τὴν
364 1396 556 1444 Αἰτωλίαν,
576 1395 678 1434 αὐτὸν
697 1397 744 1439 εἷς
764 1394 828 1442 τὴν
844 1395 1072 1449 Ἀκαρνανιαν
1098 1411 1172 1433 πα-
1233 1405 1357 1459 Ἄργος
1369 1406 1509 1446 κτίσαι·
1529 1404 1679 1444 καλέσαι
1693 1407 1722 1443 δ’
1741 1405 2022 1459 Ἀμφιλοχικὸν’
2007 1406 2187 1460 επώνυμον
2203 1414 2266 1450 τοῦ

145 1457 290 1509 ρελθεῖν,
311 1454 371 1494 και
392 1454 522 1502 ταύτην
544 1454 856 1527 καταστρέφεσθαι·
879 1453 1123 1506 Ἀγαμέμνονα
1143 1454 1173 1492 δ’
1235 1467 1395 1520 ἀδελφῇ
1413 1465 1590 1518 ”Dalm
1573 1463 1609 1503 οὲ
1627 1480 1685 1503 τον
1705 1462 1762 1502 δη
1780 1468 1843 1512 τῆς
1861 1464 1980 1520 χώρας
2006 1466 2127 1520 ῥέοντα
2148 1483 2263 1508 ποτα,-

141 1516 175 1552 ἐν
196 1514 307 1568 τουτῳ
327 1520 397 1557 τοῖς
416 1514 583 1567 Ἀργείοις
599 1513 816 1565 ἐπιθέμενον,
833 1529 1010 1566 κρατησαι
1028 1513 1171 1567 ραδίως,
1200 1480 1204 1528 Ι
1235 1541 1299 1577 μον
1315 1527 1362 1570 εἷς
1379 1541 1437 1564 ‘mv
1452 1524 1595 1571 κόλπον,
1615 1523 1685 1562 ἀπὸ
1710 1527 1771 1562 τοῦ
1786 1523 1877 1563 κατὰ
1892 1524 1956 1573 τὴν
1973 1525 2130 1580 Ἀργείαν
2149 1543 2265 1581 προσ..

138 1588 207 1610 των
228 1571 401 1611 πλείστων
422 1578 493 1616 τοῖς
512 1588 593 1624 περι
606 1571 767 1623 Διομήδη
784 1571 1168 1618 συνακολουθησάντων.
1235 1599 1435 1638 αγορευσαι

139 1630 275 1685 Μικρον
291 1631 320 1669 δ’
343 1631 385 1670 ὅσ
387 1647 484 1685 τερον
506 1630 740 1678 επιπεσούσης
757 1647 819 1678 ττς
843 1633 898 1669 ἐπ’
914 1629 1022 1670 Ἴλιον
1043 1628 1171 1680 ἐξόδου,

139 1690 301 1729 δείσαντα
324 1690 372 1742 μὴ
392 1690 540 1735 ἀπόντος
558 1692 665 1729 αὐτοῦ
682 1688 774 1729 κατὰ
794 1688 858 1737 τὴν
877 1689 1059 1744 στρατείαν
1080 1706 1171 1729 επα-

138 1747 314 1794 νελθόντες
330 1749 448 1788 οἴκαδε
462 1753 494 1789 οἱ
509 1748 588 1802 περὶ
609 1749 668 1788 τὸν
685 1747 846 1800 Διομήδη
870 1748 946 1801 (και
958 1765 1027 1802 γαρ
1051 1748 1173 1787 ἀκούε-

139 1811 221 1846 σθαι
255 1809 335 1862 περὶ
357 1808 460 1847 αυτὸν
489 1809 646 1861 μεγάλην
673 1807 984 1860 συνεστραμμένην
1010 1807 1170 1860 δύναμιν)

138 1866 279 1919 κατάσ)
279 1883 348 1906 οιεν
360 1867 423 1914 τὴν
447 1867 602 1918 μάλιστα
630 1866 878 1920 προσήκουσαν
909 1869 1025 1910 αὐτοῖς
1043 1867 1170 1920 ἀρχήν.

137 1927 197 1966 τὸν
232 1927 294 1979 μὲν
323 1926 390 1981 γὰρ
415 1927 629 1980 Ἀδράστου,
664 1942 722 1965 τον
753 1925 789 1965 δὲ
820 1931 881 1965 τοῦ
915 1925 1049 1980 πατρὸς
1082 1922 1170 1966 ειναι

139 1986 376 2041 κληρονόμον·
399 1990 511 2025 ταῦτα
548 1985 584 2024 δε
616 1986 862 2034 διανοηθέντα,
895 1988 1015 2025 καλεῖν
1049 1986 1170 2030 αὐτους

141 2045 198 2084 επί
212 2062 250 2085 τε
270 2045 333 2094 τὴν
352 2050 413 2085 τοῦ
433 2045 578 2099 Ἄργους
603 2046 793 2108 ἀπόληψιν,
816 2045 875 2084 καὶ
901 2045 965 2093 τὴν
987 2045 1169 2084 κοινωνίαν

141 2109 198 2144 τοῦ
221 2104 400 2156 πολέμου·
420 2103 478 2143 τὸν
505 2104 566 2156 μὲν
595 2109 653 2143 οὖν
673 2104 833 2157 Διομήδη
851 2103 1037 2144 πεισθέντα
1058 2121 1169 2155 μετα-

1695 1666 1756 1704 29.

1287 1750 1352 1786 Sti
1354 1747 1428 1785 ibo
1447 1751 1503 1792 X,
1525 1761 1562 1798 p.
1594 1762 1613 1795 7
1628 1762 1642 1785 1
1656 1762 1696 1786 ιε
1717 1746 1871 1801 Ἔφορος
1891 1747 1926 1786 δὲ
1949 1746 2071 1797 εἰπὼν,
2090 1764 2168 1792 τους
2196 1750 2263 1788 Αἷ-

1231 1805 1363 1850 τωλους
1381 1805 1474 1849 ἔθνος
1489 1809 1577 1844 εἶναι
1595 1821 1644 1857 μπ·
1648 1805 1829 1845 δεπώποτε
1851 1806 2081 1859 γεγενημένον
2107 1808 2165 1863 ὑφ’
2191 1807 2266 1848 ἑτέ-

1233 1882 1325 1921 ροις,
1343 1865 1433 1905 ἀλλὰ
1449 1865 1566 1905 πάντα
1589 1865 1646 1904 τὸν
1675 1865 1979 1918 μνημονευόμενον
2002 1866 2128 1920 χρόνον
2150 1884 2264 1919 μεμε-

1231 1925 1335 1973 νηκὸς
1351 1923 1561 1978 ἀπόρθητον,
1585 1923 1642 1963 διά
1663 1941 1702 1963 τε
1729 1924 1793 1969 τὰς
1819 1926 1894 1964 δυσ
1884 1925 2016 1980 ιωρίας
2036 1929 2107 1965 τῶν
2132 1926 2263 1974 τόπων,

1231 1985 1291 2024 καὶ
1310 1984 1366 2024 διὰ
1384 1984 1447 2032 τὴν
1469 1983 1550 2038 περὶ
1573 1984 1631 2024 τὸν
1646 1983 1845 2036 πόλεμον”
1823 2001 1984 2034 ασκησιν,
2003 1985 2038 2031 ἐξ
2054 1988 2176 2039 ἀρχης
2200 1986 2263 2038 μέν

1232 2061 1336 2100 φησιν
1357 2044 1498 2084 ἅπασαν
1515 2042 1579 2091 τὴν
1604 2042 1724 2098 χώραν
1746 2045 1931 2096 Κουρητας
1953 2051 2158 2098 κατασχεῖν,
2180 2047 2264 2100 ἀφι-

1230 2102 1422 2156 κομένουδ’
1443 2102 1478 2148 ἐξ
1499 2102 1644 2147 ’Ἤλιδος
1659 2103 1841 2151 Αἰτωλοῦ,
1858 2107 1918 2142 τοῦ
1942 2104 2263 2156 Ἐνδυμίωνος,καὶ

138 2246 245 2278 dicere
260 2244 349 2286 quod
362 2245 465 2286 magis
478 2245 649 2277 adduxerit
663 2254 761 2286 quam
768 2245 898 2277 oracula
907 2245 1053 2278 Dodonae
1065 2246 1168 2287 edita3
1230 2245 1381 2278 venisse:
1396 2245 1614 2278 Alcmaeonem
1630 2244 1852 2286 indignatione
1863 2246 1990 2277 motum
2007 2246 2261 2280 contemtuirem

139 2302 214 2325 nam
238 2293 390 2325 omnibus
406 2292 470 2324 fere
482 2292 563 2324 deus
577 2292 694 2324 addere
705 2293 786 2325 solet
798 2295 1007 2334 praeceptum,
1021 2296 1058 2326 ut
1071 2294 1170 2327 Ache·
1230 2293 1384 2325 habuisse
1405 2302 1412 2324 :
1443 2292 1517 2324 ideo
1542 2293 1629 2324 solos
1651 2295 1835 2324 Acarnanes
1852 2301 1927 2324 cum
1946 2292 2069 2325 Graecis
2089 2293 2123 2325 in
2139 2293 2261 2327 nullam

139 2341 191 2373 loo
206 2349 297 2372 sacra
313 2340 409 2379 fiant,
426 2340 472 2372 ita
487 2342 525 2371 ut
541 2340 635 2371 multi
650 2342 802 2381 putantes
815 2364 824 2379 ,
850 2349 915 2372 non
935 2349 1064 2372 amnem
1079 2341 1170 2373 illum
1231 2344 1301 2382 ejus
1322 2339 1540 2381 expeditionis
1563 2343 1686 2381 partem
1714 2340 1853 2372 venisse.
1939 2341 1982 2372 At
2005 2340 2092 2372 enim
2114 2341 2262 2382 Ephorus

138 2395 195 2428 per
211 2386 424 2419 Acarnaniam
440 2386 608 2426 fluentem,
623 2386 679 2418 sed
696 2387 829 2418 omnino
844 2395 961 2427 aquam
983 2387 1024 2418 ab
1041 2387 1170 2420 oraculo
1231 2388 1445 2420 Acarnaniam
1466 2388 1534 2429 Jam
1556 2390 1631 2420 ante
1654 2386 1775 2419 bellum
1797 2388 1974 2428 Trojanum
1990 2387 2168 2420 Alcmaeoni
2185 2388 2263 2421 assi-

138 2434 292 2476 appellari
308 2434 500 2473 Acheloum,
515 2433 578 2466 sibi
596 2433 765 2465 vindicant
787 2433 838 2465 dei
855 2434 1098 2475 appellationes.
1112 2438 1170 2467 Ar·
1230 2444 1342 2476 gnans,
1355 2444 1458 2476 quum
1470 2438 1572 2476 Argos
1581 2434 1860 2476 Amphilochicum
1877 2434 1918 2466 ab
1932 2443 1971 2467 eo
1985 2434 2065 2467 dicit
2082 2435 2261 2476 conditum,

139 2483 294 2522 gumento
308 2483 380 2521 est,
395 2481 484 2522 quod
496 2481 537 2513 ad
553 2489 603 2512 res
625 2480 753 2512 divinas
773 2481 981 2521 respicientes
1004 2482 1050 2514 ita
1065 2482 1171 2514 dicere
1229 2484 1301 2514 tum
1312 2481 1525 2514 Acarnaniam
1536 2482 1736 2514 nominatam
1747 2490 1766 2513 a
1776 2481 1841 2513 lilio
1856 2481 1926 2522 ejus
1939 2484 2116 2523 Acarnane,
2131 2483 2262 2525 Amphi-

142 2528 306 2568 solemus;
324 2528 467 2560 maxime
483 2527 570 2560 enim
587 2536 705 2568 aquam
724 2527 902 2560 Acheloum
917 2529 1118 2569 appellamus
1135 2528 1168 2560 in
1230 2529 1408 2570 lochosque
1424 2538 1443 2561 a
1458 2530 1556 2561 fratre
1572 2529 1787 2570 Amphilocho
1799 2538 1806 2559 :
1818 2529 1927 2570 itaque
1938 2529 2059 2561 excidit
2074 2529 2109 2562 in
2124 2538 2173 2571 ea,
2186 2539 2261 2572 quoe

139 2575 408 2616 iuribusjurandis
429 2578 462 2607 et
479 2575 513 2607 in
542 2575 692 2616 precibus
709 2578 742 2607 et
760 2574 942 2614 sacrificiis,
962 2584 1037 2616 quac
1057 2575 1166 2607 omnia
1231 2585 1326 2608 secus
1342 2579 1526 2616 narrantur,
1542 2585 1641 2618 quam
1657 2576 1827 2609 Homerica
1849 2576 1912 2609 sert
1927 2576 2072 2609 historia.

139 2622 179 2654 ad
197 2622 276 2655 deos
290 2622 461 2664 pertinent.
1274 2626 1350 2656 Post
1366 2624 1570 2656 Ambraciam
1587 2627 1688 2664 Argos
1708 2624 1855 2665 sequitur
1871 2624 2162 2666 Amphilochicum,
2180 2624 2260 2659 urbs

623 2671 687 2704 28.
1230 2671 1271 2703 ab
1288 2671 1473 2703 Alcmaeone
1494 2672 1629 2712 eJusque
1654 2671 1763 2703 liberis
1778 2671 1919 2704 condita.
1943 2672 2093 2713 Ephorus
2124 2672 2259 2712 scribit,

180 2718 331 2758 Ephorus
367 2722 552 2750 Acarnanes
587 2716 774 2749 interfuisse
815 2715 1015 2758 expeditioni
1055 2718 1171 2748 contra
1230 2722 1304 2760 post
1320 2719 1540 2760 Epigonorum
1556 2718 1598 2751 ad
1617 2718 1743 2751 Thebas
1758 2719 2020 2760 expeditionem,
2041 2719 2259 2753 Alcmaeonem

141 2764 237 2796 llium
254 2767 413 2806 susceptae
429 2767 533 2805 negat.
557 2765 638 2796 Nam
663 2764 886 2796 Alcmaeonem
903 2764 959 2803 ait,
985 2763 1170 2804 Amphiarai
1230 2775 1250 2798 a
1265 2766 1418 2798 Diomede
1444 2766 1635 2805 invitatum,
1655 2765 1696 2797 ad
1715 2774 1789 2797 eum
1817 2766 1850 2797 in
1866 2765 2018 2798 AEtoliam
2041 2766 2259 2806 concessisse,

140 2811 256 2852 lilium,
273 2812 358 2845 hello
374 2814 488 2845 contra
506 2811 678 2844 Thebanos
697 2811 818 2843 auxilio
843 2806 1009 2844 Diomedi's
1033 2810 1170 2851 reliqu0·-
1231 2813 1329 2854 inque
1343 2822 1380 2845 ea
1393 2815 1424 2845 et
1434 2813 1612 2845 Acarnania
1624 2812 1822 2854 occupandis
1835 2812 1958 2844 socium
1975 2821 2010 2845 se
2020 2813 2050 2845 ei
2059 2813 2257 2854 praebuisse:
2283 2809 2287 2811 ”

141 2867 278 2900 rumque
297 2860 518 2901 Epigonorum
531 2859 641 2899 obito,
666 2859 864 2900 feliciterque
877 2860 988 2900 gesto,
1006 2866 1082 2890 cum
1100 2857 1171 2889 Dio·
1230 2869 1396 2901 quumque
1410 2860 1450 2892 ad
1465 2861 1641 2901 TroJanum
1658 2860 1780 2892 bellum
1797 2860 1838 2892 ab
1857 2862 2098 2901 Agamemnone
2109 2869 2261 2894 vocarem

141 2906 234 2938 mede
248 2907 451 2947 convenisse,
469 2907 639 2948 ultumque
653 2915 725 2939 esse
737 2905 887 2938 inimicos
899 2905 998 2938 OEnei
1015 2915 1025 2936 .·
1041 2904 1171 2937 tradita-
1230 2909 1301 2946 tnr,
1323 2907 1479 2939 Diomede
1498 2907 1660 2948 profecto,
1681 2907 1897 2939 Alcmaeonem
1918 2907 1952 2938 in
1968 2908 2150 2940 Acarnania
2169 2916 2259 2940 man-

141 2961 204 2993 que
221 2954 370 2986 Diomedi
386 2954 504 2987 AEtolia
517 2979 527 2995 ,
549 2954 658 2995 ipsum
674 2953 707 2986 in
725 2953 940 2986 Acarnaniam
956 2951 1148 2985 transivisse
1162 2975 1171 2991 ,
1231 2955 1322 2995 sisse,
1339 2957 1505 2995 Argosque
1519 2954 1717 2993 condidisse,
1732 2956 1765 2986 et
1784 2954 1824 2985 de
1837 2954 1945 2986 fratris
1961 2954 2012 2986 sui
2031 2954 2163 2988 nomine
2182 2957 2257 2988 Am-
2317 2983 2320 2987 .

141 3008 276 3040 eamque
287 3010 474 3042 occupasse.
491 3001 624 3034 lnterim
639 3004 912 3042 Agamemnonem
928 3000 1066 3041 Argivos
1079 3000 1171 3032 ador·
1231 3002 1448 3044 philochicum
1475 3010 1705 3055 nuncupasse:
1722 3003 1754 3033 et
1778 3001 1937 3033 Inachum
1959 3010 2088 3033 amnem
2099 3025 2108 3042 ,
2126 3002 2182 3043 qui
2201 2997 2259 3044 p'er
2314 2993 2320 3043 ἦ

141 3048 223 3087 tum,
242 3048 333 3081 facile
346 3049 519 3081 victoriam
535 3049 726 3086 obtinuisse,
745 3048 907 3090 plerisque
925 3056 1002 3079 cum
1017 3047 1172 3079 Diomede
1231 3058 1301 3082 eam
1318 3049 1479 3090 iegionem
1496 3048 1528 3080 in
1545 3049 1644 3081 maris
1661 3049 1769 3081 sinum
1788 3048 1877 3088 fluit,
1891 3047 1932 3080 ab
1941 3048 2062 3089 Argivo
2077 3057 2172 3081 amne
2187 3049 2256 3082 1118·

143 3094 182 3125 ad
197 3094 348 3127 militiam
363 3096 526 3137 prosectis.
543 3096 645 3128 Paulo
665 3098 759 3137 post,
774 3104 877 3137 quum
896 3094 1065 3127 incidisset
1077 3103 1170 3135 expe·
1231 3097 1293 3129 cho
1312 3095 1549 3128 denominasse.

147 3139 224 3172 ditio
240 3141 278 3172 ad
297 3142 402 3181 ilium,
421 3143 562 3175 veritum
578 3146 865 3184 Agamemnonem,
885 3151 927 3174 ne
942 3142 1014 3184 ipso
1026 3142 1170 3182 absente,
1711 3168 1732 3201 2
1738 3169 1760 3201 9

143 3187 315 3220 Diomedes
325 3197 400 3220 cum
412 3190 567 3222 comitatu
582 3199 643 3222 suo
655 3190 780 3222 rediens
796 3190 905 3230 (quem
917 3198 1028 3222 secum
1040 3197 1172 3230 magnas
1766 3192 1775 3200 ‘

145 3233 261 3266 habere
275 3235 384 3275 copias
406 3237 622 3275 inaudiverat)
642 3240 817 3278 occuparet
839 3237 985 3270 debitam
1003 3236 1064 3269 sibi
1082 3237 1173 3269 ditio-
1272 3233 1423 3274 Ephorus
1437 3231 1562 3264 AEtolos
1577 3233 1704 3272 gentem
1719 3232 1765 3263 ait
1781 3231 1892 3272 fuisse,
1911 3239 1985 3272 quae
1999 3239 2165 3272 nunquam
2182 3228 2265 3264 aliis
2307 3232 2320 3251 ·’

148 3288 229 3319 nem,
247 3289 349 3321 quum
366 3282 446 3314 alter
461 3283 604 3323 Adrasti,
624 3284 704 3317 alter
725 3285 826 3325 patris
843 3286 931 3317 esset
947 3285 1049 3316 hoeres
1071 3294 1079 3315 ε
1100 3284 1171 3316 haec
1232 3279 1392 3322 paruerit,
1411 3279 1466 3311 sed
1485 3280 1571 3315 tolo,
1587 3278 1675 3319 quod
1688 3281 1902 3317 memoratur,
1917 3281 2061 3319 tempffl'e
2099 3278 2254 3311 indomiffss

145 3335 217 3367 ergo
241 3327 433 3368 cogitantem
462 3338 572 3361 secum
596 3334 870 3372 Agamemnonem
908 3340 965 3363 eos
1006 3330 1047 3363 ad
1070 3333 1172 3371 Argos
1232 3327 1405 3365 manserit,
1418 3329 1451 3358 et
1465 3325 1507 3358 oh
1521 3326 1664 3357 locorum
1678 3325 1892 3365 difficultates,
1911 3328 1943 3358 et
1955 3325 1998 3357 ob
2009 3325 2155 3358 bellicam
2167 3334 2253 3359 exer-
2311 3362 2320 3373 .

143 3374 377 3415 recipiendum,
396 3378 428 3407 et
440 3375 515 3420 belli
534 3378 720 3410 societatem
736 3378 905 3410 vocavisse
923 3390 930 3406 ·.
950 3378 1085 3419 proinde
1098 3377 1172 3410 Dio·
1232 3374 1574 3407 citationemcffletes
1586 3373 1627 3404 ah
1640 3373 1734 3405 initio
1747 3382 1876 3405 omnem
1892 3374 1988 3404 istam
1999 3373 2142 3405 tenuisse
2156 3372 2252 3413 regio·
2302 3374 2317 3394 ,-

148 3422 278 3459 medem
287 3432 418 3466 passum
434 3425 495 3459 sihi
509 3425 569 3458 hoc
582 3425 781 3467 persuaderi,
800 3434 837 3457 ac
849 3424 922 3456 belli
938 3425 970 3456 in
985 3425 1171 3458 societatem
1234 3431 1307 3454 nem
1323 3432 1329 3452 :
1350 3429 1451 3462 quum
1469 3424 1576 3453 aulem
1592 3419 1685 3453 Elide
1701 3421 1863 3461 profectus
1877 3420 2001 3453 AEtolus
2013 3443 2022 3458 ‚
2042 3417 2254 3461 Endymionis
2303 3437 2306 3440 ·
