2320 3684
143 215 219 248 406

859 206 1176 261 PHILOCHORI
1204 206 1540 247 FRAGMENTA.

143 296 253 346 δημον
274 296 390 338 αὐτοῖς
406 293 567 346 ἔπεμψαν
587 294 617 330 οἱ
634 292 806 338 Ἀθηναῖοι
825 292 883 331 τὸν
904 293 940 331 ἐν
958 291 1174 332 Ἑλλεσπόν-
1231 291 1339 331 Ἔστι
1353 292 1389 332 δὲ
1406 297 1424 332 ὃ
1442 293 1563 348 χρόνος
1585 295 1676 333 κατὰ
1691 294 1888 334 Πυθόδοτον
1907 295 2079 349 ἄρχοντα,
2097 297 2143 339 ὡς
2157 296 2255 344 δηλοῖ

142 368 192 406 τῳ
216 353 410 406 στρατηγόν
425 369 433 377 ·
465 352 499 395 ὃς
531 350 622 403 ἔχων
651 350 890 390 ὀκτωκαίδεκα
926 351 1077 405 τριήρεις
1115 351 1174 390 καὶ

142 411 339 454 πελταστὰς
372 407 671 463 τετρακισχιλίους
683 438 693 456 ,
725 410 843 453 ἱππεῖς
879 409 915 447 δὲ
956 409 1174 457 πεντήκοντα

144 469 203 508 καὶ
224 470 361 518 ἑκατὸν,
380 463 482 516 ἦλθεν
501 467 548 510 εἴς
563 483 600 505 τε
616 466 807 514 Παλλήνην
827 466 888 506 καὶ
907 466 971 514 τὴν
986 467 1172 507 Βοττιαίαν

145 529 221 579 μετ’
242 527 448 574 Ὀλυνθίων,
465 526 525 564 καὶ
542 524 606 573 τὴν
631 524 751 578 χώραν
769 525 975 579 ἐπόρθησεν.
989 543 1004 559 υ
1034 523 1174 564 ’Ἔπειθ’

144 587 230 642 ὑπὲρ
258 590 320 634 τῆς
337 586 455 640 τρίτης
485 584 692 638 συμμαχίας
724 584 818 636 λέγει
845 584 958 624 ταυτί·
978 584 1120 624 «Πάλιν
1138 583 1175 623 δὲ

143 649 212 684 τῶν
231 646 425 686 Ὀλυνθίων
443 644 607 698 πρέσὸεις
623 644 907 684 ἀποστειλάντων
931 646 978 688 εἷς
995 644 1056 688 τὰς
1069 644 1174 691 Ἀθή-

143 719 225 752 νας,
247 703 306 742 καὶ
324 703 510 754 δεομένων,
526 702 574 753 μὴ
593 703 758 756 περιιδεῖν
780 702 904 746 αὐτοὺς
925 704 1175 753 καταπολεμη-

144 762 263 806 θέντας
278 793 288 811 ,
309 762 400 800 ἀλλὰ
413 762 497 816 πρὸς
510 768 586 806 ταῖς
602 760 841 816 ὑπαρχούσαις
857 762 1025 813 δυνάμεσι
1038 759 1176 813 πέμψαι

145 821 321 874 βοήθειαν,
339 821 388 872 μὴ
407 820 556 869 ξενικὴν,
577 820 654 860 ἀλλ’
676 822 788 859 αὐτῶν
807 820 1007 868 Ἀθηναίων,
1021 819 1176 872 ἔπεμψεν

145 882 262 922 αὐτοῖς
278 881 296 917 ὃ
315 879 425 929 δῆμος
440 878 593 932 τριήρεις
610 877 672 929 μὲν
690 876 810 931 ἑτέρας
832 879 1088 926 ἑπτακαίδεκα,
1105 880 1175 916 τῶν

144 936 181 975 δὲ
201 938 353 976 πολιτῶν
377 937 521 981 ὁπλίτας
538 937 727 990 δισχιλίους
751 937 810 975 καὶ
826 939 942 982 ἱππεῖς
960 936 1178 990 τριακοσίους

145 997 180 1034 ἐν
197 995 319 1035 ναυσὶν
340 999 506 1048 ἱππηγοῖς
517 1027 527 1045 ,
547 995 743 1050 στρατηγὸν
758 995 794 1034 δὲ
809 996 958 1050 Χάρητα
975 1000 1036 1035 τοῦ
1052 994 1176 1034 στόλου

145 1053 283 1098 παντός.
303 1074 318 1089 »

196 1114 351 1164 Ulpian.
373 1114 422 1152 ad
437 1114 631 1152 Demosth.
650 1114 804 1164 Olynth.
824 1116 880 1161 11,
899 1127 937 1165 p.
964 1120 1010 1158 24
1032 1114 1174 1151 Wolf.:

145 1170 275 1210 Ἰστέον
293 1171 329 1210 δὲ
344 1203 354 1222 ,
373 1172 427 1212 ὅτι
447 1171 534 1226 φησὶ
551 1171 612 1210 καὶ
629 1175 647 1210 ὃ
662 1170 882 1226 Φιλόχορος,
908 1171 961 1210 ὅτι
982 1177 1073 1223 τρεῖς
1094 1171 1177 1223 βοή-

143 1231 232 1266 θειαι
253 1229 494 1284 ἐπέμφθησαν,
511 1230 589 1268 καθ’
607 1228 754 1268 ἕκαστον
773 1229 874 1281 λόγον
898 1230 970 1280 (τοῦ
987 1228 1177 1280 Δημοσθέ-

142 1291 233 1343 νους)
266 1290 347 1342 μίας
381 1288 633 1341 πεμπομένης,
653 1291 699 1332 ὡς
717 1291 778 1335 τῆς
806 1287 947 1342 πρώτης
987 1288 1036 1339 μὴ
1073 1287 1178 1336 οὔσης

142 1352 275 1398 ἱκανῆς.

394 1429 480 1466 133.
508 1428 677 1479 [Olymp.
709 1429 853 1475 CVIII,
875 1427 928 1478 3.]

198 1511 387 1559 Harpocr.
408 1523 416 1544 ι
453 1505 668 1559 Διαψήφισις
696 1505 791 1549 ἰδίως
838 1504 979 1556 λέγεται
1016 1505 1074 1543 ἐπὶ
1106 1507 1175 1543 τῶν

144 1567 179 1604 ἓν
198 1572 270 1610 τοῖς
296 1564 418 1616 δήμοις
438 1563 641 1612 ἐξετάσεων,
665 1563 702 1602 αἳ
727 1564 904 1616 γίγνονται
928 1563 1007 1617 περὶ
1028 1563 1177 1602 ἑκάστου

142 1627 212 1663 τῶν
233 1622 534 1675 δημοτευομένων,
561 1624 590 1661 εἷ
608 1625 660 1676 τῷ
676 1621 750 1661 ὄντι
774 1622 920 1670 πολίτης
944 1622 1004 1660 καὶ
1024 1622 1178 1674 δημότης

143 1683 237 1722 ἐστὶν
252 1682 274 1730 ἢ
291 1681 603 1736 παρεγγέγραπται
620 1681 713 1726 ξένος
729 1681 788 1721 ὤν.
865 1680 1124 1720 Ἐντελέστατα
1143 1680 1179 1720 δὲ

144 1742 331 1780 διείλεκται
353 1741 433 1795 περὶ
455 1743 525 1779 τῶν
547 1740 800 1794 διαψηφίσεων,
833 1742 878 1784 ὡς
914 1739 1095 1791 γεγόνασιν
1121 1739 1179 1778 ἐπὶ

144 1801 284 1855 Ἀρχίου
305 1800 490 1854 ἄρχοντος,
524 1799 727 1853 Ἀνδροτίων
749 1801 783 1838 ἐν
802 1802 847 1852 τῇ
879 1798 1006 1838 Ἀτθίδι
1029 1798 1088 1837 καὶ
1113 1800 1180 1837 Φι-

143 1861 287 1913 λόχορος
307 1862 340 1898 ἐν
360 1858 451 1913 ἕκτῳ
471 1862 533 1906 τῆς
553 1858 712 1903 Ἀτθίδος.

422 1930 507 1967 134.
531 1930 704 1981 [Olymp.
723 1932 831 1977 CIX,
856 1930 908 1979 2.]

197 2001 359 2051 Dionys.
383 2001 467 2038 Hal.
499 2009 524 2037 t.
556 2013 591 2048 α,
613 2014 652 2050 p.
685 2013 779 2048 119:
797 1997 997 2041 Διοπείθους
1023 1996 1074 2035 ἔτι
1100 1996 1181 2049 περὶ

145 2058 411 2107 Ἑλλήσποντον
430 2062 491 2096 τοῦ
514 2061 583 2096 τῶν
605 2057 795 2106 Ἀθηναίων
820 2059 1017 2109 στρατηγοῦ
1041 2056 1179 2108 διατρί-

146 2119 285 2168 Εοντος,
310 2118 445 2172 εἴρηται
462 2120 480 2155 ὃ
495 2117 616 2169 λόγος,
632 2119 678 2160 ὡς
698 2116 732 2161 ἐξ
755 2117 859 2154 αὐτοῦ
873 2114 1005 2167 γίνεται
1020 2113 1179 2169 φανερόν.

146 2227 361 2262 Athenienses
385 2225 638 2265 Charidemum,
670 2225 705 2257 in
731 2223 939 2264 Hellesponto
954 2223 1051 2254 classi
1073 2222 1181 2263 praese

147 2277 254 2314 ctum3
273 2274 330 2314 qui
343 2272 522 2305 octodecim
540 2273 684 2304 triremes
698 2274 730 2304 et
749 2271 892 2303 militum
908 2273 1048 2312 quatuor
1063 2270 1180 2310 millia,

149 2321 277 2362 equites
292 2328 369 2352 vero
386 2322 517 2351 centum
534 2321 567 2351 et
581 2317 815 2359 qninquaginta
835 2317 947 2350 decem
963 2317 1096 2356 ducens,
1114 2326 1183 2358 pro-

149 2370 254 2402 fectus
265 2369 314 2399 est
326 2367 358 2398 in
371 2366 521 2398 Pallenen
538 2369 569 2398 et
580 2365 747 2398 Bottiaeam
758 2374 833 2397 cum
850 2364 1024 2406 Olynthiis,
1037 2367 1069 2397 et
1082 2364 1183 2405 regio-

149 2425 225 2448 nem
244 2423 374 2447 omnem
394 2413 548 2446 vastavit.
566 2426 582 2441 »
598 2415 675 2445 Mox
705 2413 746 2444 de
763 2413 860 2444 tertia
881 2412 1033 2444 societate
1049 2412 1096 2444 sic
1111 2412 1157 2444 ait
1174 2421 1181 2442 :

152 2476 168 2492 «
183 2462 291 2496 Missis
305 2461 423 2493 iterum
434 2460 475 2492 ab
488 2460 650 2501 Olynthiis
663 2461 805 2492 Athenas
814 2459 937 2500 legatis,
952 2459 1008 2499 qui
1023 2461 1182 2500 rogarent,

150 2519 192 2543 ne
207 2508 292 2541 bello
322 2516 495 2549 oppressos
524 2507 790 2546 contemnerent,
821 2506 878 2538 sed
897 2505 1052 2537 auxilium
1069 2508 1184 2546 praeter

152 2567 206 2590 eas
223 2556 351 2597 copias,
367 2563 447 2596 quas
466 2553 639 2592 haberent,
664 2553 848 2592 mitterent,
865 2561 930 2584 non
953 2562 992 2584 ex
1008 2552 1184 2593 peregrinis

152 2603 322 2642 miiitibuS,
341 2602 398 2634 sed
414 2611 454 2634 ex
472 2600 600 2633 civibus
616 2599 878 2639 Atheniensibus,
893 2599 982 2631 misit
1000 2599 1041 2630 ad
1055 2608 1110 2631 eos
1129 2608 1184 2640 po-

152 2651 250 2693 pulus
263 2649 343 2682 alias
359 2649 503 2681 triremes
518 2647 747 2689 septendecim,
763 2647 885 2678 civium
898 2655 974 2678 vero
987 2649 1183 2677 armatorum

156 2698 256 2730 millia
271 2697 337 2729 duo
354 2695 543 2737 equitesque
566 2697 726 2727 trecentos
742 2693 880 2726 navibus
899 2692 1043 2734 hippagis
1059 2693 1186 2733 imposi-

154 2750 219 2785 tos,
235 2744 356 2777 Chares
368 2752 444 2775 vero
459 2742 553 2774 classi
561 2741 731 2783 praefectus
743 2739 1184 2779 est.»--Memoratudignu1n

155 2794 223 2831 est,
254 2790 484 2823 Philochorum
500 2798 629 2830 quoque
647 2788 785 2826 tradere,
800 2789 848 2819 ter
877 2795 946 2818 esse
962 2786 1072 2827 copias
1089 2786 1185 2827 Olyn-

157 2838 233 2871 thiis
249 2837 371 2870 auxilio
385 2837 503 2868 missas
517 2859 526 2876 ,
551 2835 693 2877 singulas
709 2836 783 2876 post
803 2834 946 2874 singulas
962 2833 1186 2865 Demosthenis

156 2886 331 2923 orationes,
344 2892 447 2924 quum
459 2892 524 2915 non
537 2882 720 2915 sufficerent
732 2890 805 2922 quae
817 2880 926 2912 missae
940 2882 1050 2912 essent
1059 2879 1183 2920 primae.

200 2985 388 3027 Διαψήφισις
411 2984 539 3025 proprie
563 2983 682 3015 dicitur
698 2981 842 3014 recensio
855 2989 967 3012 eorum
989 2979 1046 3020 qui
1062 2980 1185 3011 suntin

158 3032 273 3070 demis,
289 3040 353 3072 qua
370 3030 508 3071 quisque
523 3030 728 3071 popularium
744 3027 996 3068 recognoscitur,
1010 3029 1047 3058 ut
1068 3026 1188 3058 sciatur

159 3088 297 3111 verusne
311 3078 392 3109 civis
408 3078 450 3110 sit
463 3080 494 3110 et
505 3077 668 3119 popularis
682 3086 723 3109 an
739 3075 925 3117 peregrinus
939 3074 1019 3106 falso
1031 3074 1064 3105 in
1078 3074 1189 3106 civita-

161 3131 226 3158 tem
251 3125 443 3166 adscriptus.
471 3125 661 3157 Plenissime
690 3124 731 3156 de
755 3121 995 3155 recensionibus
1008 3145 1017 3161 ,
1042 3130 1116 3162 quae
1142 3130 1189 3152 ar·

162 3174 280 3205 chonte
294 3173 410 3204 Archia
425 3173 580 3205 institutae
592 3174 680 3211 sunt,
693 3171 847 3203 dixerunt
864 3169 1021 3202 Androtio
1033 3171 1066 3201 et
1081 3168 1189 3201 Philo-

163 3220 283 3252 chorus
299 3218 380 3249 libro
395 3222 487 3251 sexto
502 3219 654 3252 Atthidis.

638 3273 653 3304 1
715 3295 724 3303 .

209 3323 376 3364 Diopithe‚
394 3324 476 3356 duce
492 3273 710 3363 Atheniensziu,¹
725 3323 832 3355 adhuc
850 3323 934 3354 circa
947 3321 1190 3362 Hellespontum

167 3380 234 3402 rcm
248 3374 387 3411 gerente,
405 3371 491 3404 dicta
503 3373 552 3402 est
566 3371 636 3402 hacc
647 3371 760 3409 oratio,
780 3370 826 3402 uti
837 3379 878 3402 ex
894 3370 966 3410 ipsa
980 3371 1078 3409 patet,
1094 3368 1192 3409 idque

167 3419 288 3451 factum
308 3421 355 3450 cst
375 3418 459 3449 circa
477 3419 622 3458 tempora
637 3418 806 3450 Archontis
829 3416 1014 3457 Pythodoti‚
1031 3419 1066 3448 ut
1078 3417 1112 3447 in
1130 3417 1190 3448 hoc

1232 351 1429 406 Φιλόχορος
1447 353 1509 392 σὺν
1545 359 1617 397 τοῖς
1634 354 1750 397 ἄλλοις
1774 353 1831 393 ἐπὶ
1859 354 1983 393 τούτου
1997 357 2056 392 τοῦ
2070 353 2255 408 ἄρχοντος,

1232 411 1368 450 οὐδέπω
1381 413 1534 452 εἰκοστὸν
1551 413 1642 465 ἔχων
1664 413 1748 457 ἔτος.

1285 471 1429 509 Ultima
1463 472 1584 510 verba
1608 472 1768 511 Siebelis
1793 474 1846 510 ita
1876 472 2186 510 restituivoluit:
2211 473 2259 516 ὡς

1234 530 1333 576 δηλοῖ
1360 530 1558 586 Φιλόχορος
1583 533 1619 570 ἐν
1650 536 1722 574 τοῖς
1756 531 1954 582 γενομένοις
1979 529 2037 569 ἐπὶ
2051 529 2174 569 τούτου
2196 534 2259 569 τοῦ

1234 588 1401 644 ἄρχοντος
1413 620 1424 638 ,
1442 591 1578 630 οὐδέπω
1597 589 1752 628 εἰκοστὸν
1777 589 1915 643 ἔχοντος
1931 590 2007 633 ἔτος
2036 590 2240 643 Δεινάρχου.

1493 645 1576 682 135.
1607 643 1772 695 [Olymp.
1790 647 1879 689 CX,
1903 658 1936 691 1,
1954 643 2006 693 2,]

1288 703 1448 753 Dionys.
1484 704 1607 742 Halic.
1635 710 1661 739 t.
1682 716 1718 749 2,
1739 715 1776 753 p.
1812 703 1898 746 123,
1923 702 1970 747 45
1987 701 2111 752 Sylb.:
2131 700 2205 745 Τὰς
2224 701 2262 740 δὲ

1236 761 1368 810 αἰτίας,
1388 761 1431 799 δι’
1451 760 1492 804 ἃς
1513 761 1561 803 εἰς
1579 759 1638 798 τὸν
1655 758 1808 810 πόλεμον
1828 759 2049 807 κατέστησαν
2073 759 2262 811 (Ἀθηναῖοι

1234 818 1295 857 καὶ
1309 817 1518 869 Φίλιππος),
1538 817 1730 857 ἀδικεῖσθαι
1743 817 1900 870 λέγοντες
1912 817 2114 872 ἀμφότεροι,
2130 817 2262 856 καὶτὸν

1234 877 1371 931 χρόνον,
1391 878 1425 915 ἐν
1443 870 1473 930 ᾧ
1487 875 1551 923 τὴν
1575 876 1713 929 εἰρήνην
1735 876 1876 922 ἔλυσαν,
1895 876 2048 929 ἀκριὸῶς
2069 876 2169 923 δηλοῖ
2187 878 2264 916 Φι-

1234 935 1378 989 λόχορος
1397 937 1430 974 ἐν
1444 937 1488 987 τῇ
1501 934 1533 980 ς’
1550 935 1701 979 Ἀτθίδος
1721 934 1844 988 βίὸλῳ.
1865 935 1977 983 Θήσω
1996 934 2033 973 δὲ
2047 933 2081 979 ἐξ
2101 935 2207 981 αὐτῆς
2219 935 2265 974 τὰ

1237 993 1510 1047 ἀναγκαιότατα.
1540 1011 1556 1027 (ι
1570 993 1794 1048 Θεόφραστος
1817 992 1995 1037 Ἀλλαιεύς
2010 1009 2018 1017 ·
2052 993 2111 1032 ἐπὶ
2141 992 2264 1032 τούτου

1236 1054 1417 1096 Φίλιππος
1434 1052 1474 1090 τὸ
1493 1050 1556 1104 μὲν
1576 1055 1713 1104 πρῶτον
1731 1051 1951 1096 ἀναπλεύσας
1968 1052 2128 1105 Περίνθῳ
2150 1067 2266 1106 προσ-

1236 1113 1359 1152 ε’ὅαλεν
1375 1127 1384 1136 ·
1402 1110 1590 1162 ἀποτυχὼν
1615 1111 1645 1148 δ’
1669 1113 1823 1150 ἐντεῦθεν
1848 1110 2036 1156 Βυζάντιον
2057 1110 2265 1164 ἐπολιόρκει,

1235 1171 1295 1212 καὶ
1313 1169 1558 1223 μηχανήματα
1577 1172 1764 1223 προσῆγεν.
1779 1188 1795 1204 1>
1820 1169 1974 1208 Ἔπειτα
1996 1168 2174 1214 διεξελθὼν
2200 1168 2266 1208 ὅσα

1235 1237 1305 1273 τοῖς
1326 1228 1516 1276 Ἀθηναίοις
1533 1230 1552 1266 ὃ
1571 1228 1751 1272 Φίλιππος
1767 1228 1922 1267 ἐνεκάλει
1939 1229 1996 1266 διὰ
2007 1231 2069 1275 τῆς
2082 1230 2267 1275 ἐπιστολῆς

1236 1289 1296 1328 καὶ
1320 1285 1564 1339 Δημοσθένους
1594 1285 1906 1339 παρακαλέσαντος
1937 1286 2061 1331 αὐτοὺς
2090 1286 2174 1339 πρὸς
2206 1286 2266 1326 τὸν

1236 1347 1406 1399 πόλεμον,
1435 1345 1495 1384 καὶ
1519 1344 1733 1399 ψηφίσματα
1751 1345 1970 1398 γράψαντος,
2003 1345 2266 1400 ἐχειροτόνησε,

1235 1405 1299 1454 τὴν
1327 1405 1390 1458 μὲν
1409 1403 1542 1451 στήλην
1565 1405 1723 1442 καθελεῖν
1743 1403 1807 1451 τὴν
1830 1403 1988 1456 περὶτῆς
2015 1404 2101 1456 πρὸς
2123 1404 2263 1443 Φίλιπ-

1236 1481 1302 1504 πον
1322 1463 1462 1517 εἰρήνης
1482 1462 1540 1502 καὶ
1558 1463 1768 1515 συμμαχίας
1794 1465 1994 1511 σταθεῖσαν,
2020 1467 2103 1507 ναῦς
2121 1461 2158 1501 δὲ
2177 1464 2266 1510 πλη-

1241 1528 1319 1579 ροῦν
1348 1523 1410 1562 καὶ
1441 1521 1486 1561 τὰ
1509 1520 1600 1559 ἄλλα
1631 1523 1779 1575 ἐνεργεῖν
1803 1521 1849 1560 τὰ
1868 1526 1929 1561 τοῦ
1955 1520 2133 1573 πολέμου”
2155 1526 2266 1561 ταῦτα

1236 1582 1374 1637 γράψας
1409 1580 1501 1620 κατὰ
1537 1579 1763 1635 Θεόφραστον
1800 1581 1955 1634 ἄρχοντα
1986 1579 2186 1632 γεγονέναι,
2216 1582 2267 1634 τῷ

1238 1641 1315 1693 μετ’
1339 1643 1467 1679 ἐκεῖνον
1499 1643 1646 1692 ἐνιαυτῷ
1673 1638 1717 1678 τὰ
1741 1639 1943 1694 πραχθέντα
1963 1638 2052 1691 μετὰ
2072 1638 2136 1687 τὴν
2166 1638 2266 1679 λύσιν

1238 1703 1299 1747 τῆς
1334 1699 1472 1754 εἰρήνης
1505 1700 1563 1739 ἐπὶ
1596 1699 1840 1751 Λυσιμαχίδου
1861 1698 2027 1752 ἄρχοντος
2044 1697 2267 1752 διεξέρχεται.

1238 1759 1351 1807 Θήσω
1370 1757 1406 1797 δὲ
1424 1758 1484 1797 καὶ
1503 1757 1633 1797 τούτων
1652 1760 1766 1796 αὐτῶν
1777 1758 1821 1796 τὰ
1836 1757 2105 1809 ἀναγκαιότατα.
2122 1776 2137 1792 «
2153 1762 2245 1798 Λυσι
2257 1781 2268 1786 ·

1240 1817 1394 1871 μαχίδης
1413 1817 1618 1871 Ἀχαρνεύς·
1639 1816 1697 1855 ἐπὶ
1722 1815 1845 1854 τούτου
1869 1815 1914 1854 τὰ
1934 1815 1998 1868 μὲν
2015 1815 2100 1870 ἔργα
2118 1815 2163 1855 τὰ
2185 1816 2267 1870 περὶ

1237 1876 1317 1920 τοὺς
1350 1876 1555 1919 νεωσοίκους
1577 1875 1637 1914 καὶ
1664 1874 1726 1922 τὴν
1746 1874 1959 1922 σκευοθήκην
1982 1875 2193 1914 ἀνεὸάλοντο
2211 1876 2269 1914 διὰ

1239 1936 1298 1974 τὸν
1317 1934 1470 1985 πόλεμον
1486 1934 1572 1996 πρὸς
1593 1933 1776 1973 Φίλιππον
1790 1949 1798 1958 ·
1824 1932 1869 1972 τὰ
1896 1931 1932 1971 δὲ
1959 1933 2115 1987 χρήματ’
2142 1934 2265 1988 ἐψηφί-

1240 2010 1345 2034 σαντο
1367 1993 1470 2032 πάντ’
1503 1997 1592 2032 εἰναι
1623 1991 1883 2046 στρατιωτικὰ,
1910 1992 2152 2043 Δημοσθένους
2180 1993 2268 2046 γρά-

1239 2056 1378 2107 ψαντος.
1411 2053 1596 2092 Φιλίππου
1626 2050 1662 2089 δὲ
1695 2050 1955 2094 καταλαὸόντος
1988 2049 2171 2090 Ἐλάτειαν
2207 2050 2268 2090 καὶ

1242 2112 1418 2159 Κυτίνιον,
1437 2111 1496 2150 καὶ
1515 2110 1678 2165 πρέσὸεις
1696 2110 1902 2164 πέμψαντος
1920 2111 1967 2154 εἰς
1989 2109 2114 2157 Θήὸας
2126 2111 2268 2150 Θεττα-

1240 2222 1396 2253 archonte
1417 2220 1629 2252 Philochorus
1643 2221 1676 2252 et
1694 2218 1747 2251 alii
1766 2218 1953 2259 ostendunt,
1975 2227 2079 2260 quum
2087 2218 2269 2251 Dinarchus

1247 2269 1393 2301 nondum
1410 2267 1524 2308 viginti
1540 2275 1701 2299 annorum
1716 2267 1813 2298 esset.

1714 2326 1802 2359 135.

1283 2387 1406 2418 Causas
1429 2383 1472 2416 oh
1493 2393 1574 2425 quas
1594 2383 1632 2415 ad
1663 2392 1752 2415 arma
1777 2383 1911 2415 ventum
1927 2383 1999 2422 est,
2024 2391 2126 2423 quum
2142 2383 2270 2423 utrique
2318 2415 2320 2417 .

1244 2432 1378 2472 injurias
1396 2431 1458 2464 sibi
1474 2431 1578 2463 illatas
1593 2439 1664 2463 esse
1679 2430 1834 2470 dicerent,
1855 2432 1951 2470 atque
1965 2432 2106 2471 tempus,
2126 2438 2191 2470 quo
2206 2438 2269 2471 pax

1243 2479 1350 2510 soluta
1362 2480 1423 2518 est,
1439 2478 1650 2510 Philochorus
1663 2479 1810 2509 accurate
1838 2477 1944 2515 refert,
1955 2478 2073 2509 Rerum
2091 2476 2270 2508 Atticarum

1242 2525 1325 2556 libro
1352 2527 1471 2557 sexto:
1503 2526 1598 2565 cujus
1624 2533 1661 2556 ea
1699 2523 1906 2564 potissimum
1935 2523 1988 2554 hic
2010 2522 2168 2563 afferam,
2196 2531 2271 2563 quae

1245 2571 1388 2603 maxime
1403 2571 1583 2603 necessaria
1599 2571 1676 2602 sunt
1692 2579 1699 2601 :
1720 2583 1735 2597 ιι
1753 2570 1993 2610 Theophrastus
2006 2568 2186 2601 Allaeensis.
2203 2569 2270 2601 Sub
2310 2567 2320 2616 g

1246 2618 1307 2649 hoc
1337 2617 1506 2658 Philippus
1532 2617 1637 2658 prima
1657 2616 1863 2657 expeditione
1886 2616 1980 2647 irruit
2008 2615 2041 2647 in
2069 2616 2268 2648 Perinthum.
2307 2617 2312 2623 ’

1243 2667 1417 2705 Quumque
1433 2673 1497 2696 non
1512 2664 1591 2696 satis
1608 2663 1818 2695 successisset
1833 2671 1873 2695 ex
1889 2662 2058 2701 sententia,
2069 2662 2142 2694 hinc
2154 2663 2271 2703 Byzan-
2311 2687 2313 2689 .

1243 2713 1325 2744 tium
1338 2712 1487 2752 obsedit,
1507 2711 1737 2751 machinasque
1756 2710 1910 2742 admovit.
1928 2723 1944 2738 u
1962 2709 2084 2741 Deinde
2099 2712 2270 2750 postquam

1243 2759 1407 2799 exposuit,
1420 2767 1501 2798 quas
1524 2758 1566 2789 ob
1585 2767 1634 2789 res
1652 2757 1820 2798 Philippus
1837 2756 2048 2788 Athenienses
2069 2756 2271 2788 accusaverit

1243 2805 1275 2836 in
1294 2805 1446 2846 epistola,
1466 2808 1562 2846 atque
1577 2805 1737 2844 narravit,
1761 2804 1837 2842 lios,
1852 2811 1954 2844 quum
1972 2803 2203 2835 Demosthenes
2219 2801 2271 2834 ad-
2308 2824 2320 2848 5

1245 2853 1397 2884 hortatus
1410 2856 1506 2891 esset,
1527 2855 1563 2883 ut
1578 2852 1700 2883 bellum
1715 2854 1860 2892 gererent
1874 2849 2143 2891 plebiscitumque
2159 2858 2270 2890 propo·
2301 2872 2303 2874 v
2317 2859 2320 2875 :

1246 2899 1376 2937 suisset,
1393 2898 1574 2930 decrevisse
1589 2911 1604 2925 «
1622 2898 1818 2938 columnam,
1831 2906 1904 2937 quae
1922 2897 1962 2928 de
1978 2905 2056 2937 pace
2076 2898 2108 2928 et
2121 2895 2270 2928 societate
2311 2910 2317 2918 τ

1245 2954 1319 2978 cum
1337 2945 1486 2986 Philippo
1501 2945 1580 2976 inita
1593 2945 1699 2985 posita
1713 2946 1812 2983 esset,
1827 2943 2036 2984 dejiciendam
2048 2966 2057 2982 ‚
2075 2951 2175 2975 naves
2193 2950 2269 2974 vero
2299 2943 2314 2979 f'

1246 2992 1440 3034 implendas,
1454 2991 1660 3032 parandaque
1673 3000 1745 3023 esse
1760 2999 1834 3030 quae
1845 2990 1884 3021 ad
1902 2989 2020 3021 bellum
2033 2989 2211 3021 necessaria
2225 2997 2269 3022 es·

1246 3043 1319 3073 sent
1334 3054 1362 3081 υ,
1378 3040 1448 3071 haec
1465 3041 1638 3080 postquam
1649 3037 1790 3069 narravit
1809 3037 1870 3068 suh
1881 3037 2102 3077 Theophrasto
2116 3037 2270 3068 archonte
2292 3047 2310 3079 q·

1246 3090 1335 3128 gesta
1368 3095 1460 3125 esse,
1490 3095 1566 3116 mox
1593 3084 1722 3124 subjicit
1737 3092 1810 3124 quae
1833 3084 2079 3123 sequentianno
2095 3085 2166 3115 acta
2181 3085 2267 3122 sunt,
2302 3091 2303 3094 ’

1247 3138 1342 3175 rupta
1379 3142 1457 3175 pace
1471 3157 1479 3172 ,
1512 3130 1738 3172 Lysimachide
1770 3131 1933 3162 archonte.
1972 3133 2139 3170 Apponam
2166 3132 2199 3161 et
2227 3139 2268 3161 ex
2298 3135 2309 3168 {ss

1249 3181 1299 3212 his
1330 3188 1404 3220 quae
1449 3178 1589 3210 maxime
1625 3176 1803 3208 necessaria
1842 3179 1918 3206 sunt
1943 3186 1952 3206 t
1987 3188 2003 3202 «
2028 3174 2270 3215 Lysimachides
2284 3187 2320 3221 ς

1250 3226 1474 3260 Acharnensis.
1508 3224 1575 3256 Sub
1598 3225 1659 3255 hoc
1685 3232 1782 3263 opera
1807 3223 1840 3253 in
1874 3222 2010 3254 navibus
2034 3224 2067 3254 et
2096 3230 2268 3254 armamen·
2290 3223 2298 3263 J

1249 3274 1330 3306 tario
1352 3272 1535 3305 intermissa
1571 3273 1645 3303 sunt
1665 3294 1673 3309 ‚
1709 3270 1751 3301 ob
1788 3269 1908 3301 bellum
1939 3278 2014 3300 cum
2046 3269 2193 3309 Philippo
2218 3276 2269 3300 ex·
2290 3269 2299 3302 2³

1249 3323 1380 3354 ortum:
1411 3319 1563 3360 pecunias
1592 3326 1668 3349 vero
1696 3325 1809 3348 omnes
1836 3316 2046 3348 decreverunt
2067 3315 2190 3347 militiae
2214 3314 2269 3346 im·

1252 3368 1367 3410 pendi,
1387 3365 1584 3406 rogationem
1610 3364 1785 3405 perferente
1813 3363 2037 3394 Demosthene.
2060 3363 2168 3399 Quum
2193 3369 2268 3392 vero

1253 3414 1418 3456 Philippus
1435 3413 1578 3445 Elateam
1594 3412 1730 3451 cepisset
1748 3410 1966 3449 eletininm,
1984 3409 2168 3450 legatosque
2176 3407 2261 3441 Thes
