2320 3684
873 155 888 192 Ι
894 154 1009 194 STRl
1039 153 1373 195 FRAGMENTA.

65 247 280 302 Θαργηλίοις
315 245 472 300 ἀγόμενα
512 244 645 284 τούτων
678 243 943 296 ἀπομιμήματά
974 246 1067 283 ἐστιν
1084 275 1095 293 ,

65 305 200 360 Ἴστρος
233 307 269 344 ἐν
303 304 435 359 πρώτῳ
462 306 532 344 τῶν
555 302 771 347 ’Λπόλλωνος
805 304 1014 357 ἐπιφανειῶν
1042 302 1092 342 εἴ-

66 364 184 418 ρηκεν.

118 430 213 465 Fere
235 425 370 464 eadem
393 425 498 477 apud
516 424 640 472 Phot.‚
658 424 698 463 in
713 427 839 474 Etym.
863 426 917 462 Μ.
935 431 977 460 et
991 422 1095 473 apud

65 486 238 525 Suidam.
267 489 314 524 In
339 478 525 537 quattuor
549 484 662 523 codd.
693 488 924 536 Harpocrat.
957 483 1097 534 legitur

65 546 175 600 ἱερεύς
193 559 267 598 pro
290 544 386 598 ἱεράς
410 560 419 583 :
443 544 511 583 sed
530 545 655 592 Phot.‚
684 547 810 595 Etym.
829 546 881 582 M.
901 551 940 582 et
958 541 1097 582 Suidas

66 619 145 644 uno
166 618 358 644 consensu
370 604 555 643 exhibent
570 603 675 658 ἱεράς.

535 664 598 703 34.

118 723 245 762 Photii
276 726 369 762 LeX.
386 718 395 760 ¹:
413 722 588 776 Τριττύαν
617 720 757 760 θυσίαν·
833 719 968 774 Ἴστρος
997 718 1034 758 δὲ
1062 720 1096 757 ἐν

66 786 129 834 μὲν
165 782 386 826 Ἀπόλλωνος
423 781 640 836 ἐπιφανείαις
669 782 710 820 ἐκ
738 783 841 834 βοῶν,
874 781 995 831 αἰγῶν,
1028 781 1097 819 ὑῶν

68 841 243 896 ἀῤῥένων,
262 840 406 881 πάντων
427 843 584 895 τριετῶν.

51 948 61 957 ·
535 901 598 940 35.

118 960 312 999 Plutarch.
328 963 386 999 De
407 960 551 997 musica
572 968 599 998 t.
620 961 696 1008 111,
711 972 750 1009 p.
774 958 873 996 2081
898 957 1097 1009 Stephan.‚

72 1022 169 1058 1136
179 1019 351 1059 Francof.
366 1035 374 1056 ε
393 1019 631 1067 Soterichus,
649 1018 717 1069 qui
733 1017 950 1065 contendit,
970 1018 1094 1068 Apol—

65 1079 182 1117 linem
211 1092 292 1117 esse
319 1078 564 1116 inventorem
583 1078 676 1116 artis
699 1076 793 1114 tibia
813 1084 850 1113 et
864 1076 1011 1114 cithara
1033 1088 1100 1113 ca-

66 1138 203 1187 nendi,
231 1137 281 1176 ad
310 1151 419 1176 suam
451 1138 680 1176 sententiam
711 1135 952 1188 probandam
984 1135 1098 1173 etiam

65 1198 137 1235 ho(
161 1197 275 1235 affert
295 1211 303 1234 ε

123 1255 196 1294 Καὶ
208 1258 232 1302 ἡ
249 1257 284 1294 ἐν
301 1254 409 1309 Δήλῳ
424 1253 460 1294 δὲ
472 1258 533 1294 τοῦ
546 1253 748 1305 ἀγάλματος
766 1254 871 1291 αὐτοῦ
885 1252 960 1305 (τοῦ
971 1252 1100 1291 Ἀπόλ-

65 1315 189 1366 λωνος)
220 1313 401 1368 ἀφίδρυσις
445 1312 521 1366 ἔχει
538 1315 573 1351 ἐν
597 1311 660 1364 μὲν
685 1314 729 1365 τῇ
759 1311 853 1365 δεξιᾷ
880 1311 990 1361 τόξον,
1007 1312 1042 1350 ἐν
1063 1310 1100 1349 δὲ

65 1375 110 1425 τῇ
130 1374 296 1427 ἀριστερᾷ
329 1372 505 1426 Χάριτας,
540 1374 611 1410 τῶν
643 1374 706 1418 τῆς
741 1374 912 1423 μουσικῆς
942 1370 1100 1424 ὀργάνων

66 1431 219 1479 ἑκάστην
239 1447 274 1470 τι
293 1430 462 1484 ἔχουσαν·
481 1434 503 1479 ἡ
531 1429 594 1483 μὲν
620 1429 687 1484 γὰρ
717 1429 827 1484 λύραν
852 1435 992 1484 κρατεῖ,
1020 1432 1043 1476 ἡ
1065 1428 1101 1467 δὲ

66 1489 206 1540 αὐλοὺς,
224 1493 247 1538 ἡ
274 1489 310 1528 δὲ
331 1492 366 1529 ἐν
387 1489 485 1544 μέσῳ
511 1488 748 1543 προκειμένην
778 1488 853 1541 ἔχει
875 1492 925 1542 τῷ
952 1488 1101 1540 στόματι

67 1550 226 1604 σύριγγα.
247 1549 336 1589 “Ort
360 1549 390 1587 δ’
408 1543 504 1593 οὗτος
529 1550 593 1588 οὐκ
618 1548 702 1600 ἐμὸς
731 1550 749 1586 ὁ
779 1548 901 1599 λόγος,
921 1547 1101 1595 Ἀντικλῆς

66 1609 126 1648 καὶ
145 1608 285 1663 Ἴστρος
309 1610 345 1648 ἐν
368 1614 444 1652 ταῖς
461 1607 703 1661 Ἐπιφανείαις
733 1607 813 1661 περὶ
844 1605 977 1646 τούτων
1003 1608 1099 1661 ἀφη-

65 1669 233 1721 γήσαντο.

121 1728 259 1766 Athen.
274 1730 351 1776 111,
368 1733 432 1776 74,
447 1731 498 1766 E:
511 1724 648 1780 Ἴστρος
664 1725 695 1764 δ’
709 1727 743 1764 ἐν
758 1730 829 1768 τοῖς
840 1725 1018 1768 Ἀττικοῖς
1031 1723 1103 1763 οὐδ’

67 1786 251 1839 ἐξάγεσθαί
273 1801 360 1840 φησι
388 1789 451 1834 τῆς
477 1786 639 1833 Ἀττικῆς
660 1784 724 1829 τὰς
750 1784 811 1823 ἀπ’
829 1786 943 1824 αὐτῶν
961 1784 1104 1836 γινομέ-

65 1863 126 1892 νας
152 1846 322 1900 ἷσχιάδας,
349 1845 408 1885 ἵνα
434 1844 534 1898 μόνοι
559 1844 766 1884 ἀπολαύοιεν
797 1847 827 1883 οἱ
846 1847 1101 1888 κατοικοῦντες·

67 1906 126 1945 καὶ
153 1905 229 1944 ἐπεὶ
254 1905 379 1944 πολλοὶ
405 1905 649 1959 ἐνεφανίζοντο
675 1903 955 1953 διακλέπτοντες,
982 1905 1013 1942 οἱ
1029 1902 1103 1942 τού-

65 1980 144 2010 τους
166 1963 353 2017 μηνύοντες
376 1970 448 2009 τοῐς
474 1965 654 2009 δικασταῖς
680 1963 880 2011 ἐκλήθησαν
911 1963 992 2002 τότε
1008 1965 1104 2016 πρῶ-

67 2039 123 2062 τον
153 2023 379 2078 συκοφάνται.

550 2083 614 2120 36.

119 2143 255 2195 Hygin.
287 2146 442 2182 Astron.
461 2145 520 2191 11,
552 2147 602 2187 40
627 2156 671 2178 :«
692 2141 790 2180 Ister
818 2151 857 2179 et
884 2143 1104 2193 complures

65 2203 269 2251 dixerunt,
289 2202 482 2242 Coronida
507 2202 686 2253 Phlegyae
706 2202 824 2240 filiam
843 2202 984 2239 fuisse:
1006 2201 1106 2239 hanc

68 2271 196 2300 autem
217 2276 265 2300 ex
285 2262 465 2314 Apolline
483 2261 749 2312 AEsculapium
768 2274 992 2313 procreasse
1007 2290 1018 2308 ‚
1039 2261 1105 2299 sed

68 2330 202 2371 postea
212 2322 352 2371 Ischyn
364 2351 375 2369 ‚
390 2322 489 2359 Elati
503 2321 638 2370 filium,
652 2334 738 2358 cum
751 2334 796 2359 ea
806 2320 1072 2359 concubuisse.
1090 2339 1104 2355 »

554 2378 617 2417 37.

122 2439 226 2477 Idem
246 2443 297 2490 11,
323 2440 369 2485 34
388 2454 397 2476 :
419 2456 434 2472 «
451 2442 548 2478 Ister
564 2439 657 2477 dicit
675 2439 821 2477 Oriona
838 2452 860 2477 a
877 2440 1002 2477 Diana
1025 2453 1107 2478 esse

67 2580 222 2620 obrutus,
235 2579 398 2620 hujusque
409 2579 457 2612 rei
468 2588 540 2612 esse
553 2579 773 2619 imitamenta,
789 2589 864 2621 quae
877 2580 911 2612 in
927 2581 1103 2621 Thargeliis

67 2629 214 2669 agantur,
231 2629 312 2660 Ister
326 2626 428 2660 tradit
443 2626 527 2660 libro
541 2626 648 2668 primo
664 2627 914 2668 Apparitionum
932 2628 1099 2669 Apollinis.

103 2738 309 2771 Sacrificium
325 2737 497 2771 trifarium.
518 2687 650 2771 lsai-in
670 2738 831 2780 Apollinis
846 2739 1103 2782 apparitionibus

70 2785 102 2818 id
118 2789 267 2819 constare
288 2785 367 2819 dicit
395 2794 436 2818 ex
456 2785 580 2820 bobus,
615 2786 722 2827 capris
743 2789 776 2819 et
803 2786 917 2819 suibus
936 2787 1104 2827 masculis,

70 2834 175 2866 trimis
188 2833 355 2866 omnihus.

556 2888 617 2921 35.

112 2940 328 2973 Simulacrum
357 2938 516 2981 Apollinis
543 2939 579 2971 in
612 2939 692 2972 Delo
729 2940 872 2982 positum
913 2940 947 2972 in
990 2941 1105 2973 dextra

72 2996 171 3020 manu
193 2995 324 3027 arcum,
346 2987 430 3019 laeva
451 2987 581 3019 Gratias
602 2987 719 3028 habet,
741 2997 879 3029 quarum
902 2988 1028 3029 quasvis
1049 2988 1104 3020 ali-

71 3035 160 3076 quod
187 3035 351 3067 musicum
378 3034 633 3068 instrumentum
658 3036 766 3075 tenet;
796 3035 899 3076 lyram
930 3044 1014 3075 una,
1042 3036 1104 3067 alia

72 3080 182 3122 tibias,
199 3081 306 3114 media
327 3082 469 3114 listulam
486 3081 535 3114 ori
551 3082 727 3115 admotam.
751 3084 862 3123 Neque
878 3092 970 3115 meus
985 3085 1036 3115 est
1052 3083 1105 3114 hic

73 3136 196 3169 sermm
216 3128 272 3161 sed
292 3129 435 3161 Anticles
451 3133 483 3161 et
503 3131 585 3161 Ister
602 3129 634 3161 in
654 3130 745 3162 libris
766 3139 850 3171 quos
872 3130 913 3163 de
925 3130 1104 3171 Apparitio-

73 3175 170 3208 nibus
185 3176 321 3208 deorum
337 3176 553 3217 scripserunt,
574 3177 645 3209 haec
661 3178 852 3210 retulerunt.

117 3296 197 3326 Ister
209 3294 242 3326 in
260 3294 376 3327 Atticis
391 3295 436 3327 ait
450 3295 588 3328 vetitum
609 3296 708 3328 fuisse
734 3296 857 3328 Atticas
873 3299 1042 3337 exportare
1058 3304 1105 3327 ca-

78 3340 171 3380 ricas,
189 3343 225 3373 nt
241 3341 300 3373 soli
317 3341 474 3382 indigenae
492 3342 533 3374 iis
549 3346 757 3374 vescerentur
774 3353 781 3374 :
802 3352 904 3384 quum
921 3352 995 3374 vero
1010 3343 1104 3374 multi

77 3388 187 3420 iurtiin
202 3389 375 3422 evehentes
396 3389 735 3430 deprehenderentur,
760 3390 816 3431 qni
832 3390 949 3423 horum
974 3390 1103 3422 nomina

2109 166 2182 199 423

1155 245 1356 294 dilectum,
1374 255 1412 284 et
1427 260 1534 298 paene
1552 247 1695 286 factum
1707 278 1717 297 ,
1736 257 1779 286 ut
1795 248 1827 286 ei
1851 249 2027 300 nupsisse
2052 250 2187 289 existi-

1155 314 1335 344 maretur.
1353 307 1466 354 Quod
1481 320 1601 358 quum
1611 307 1752 358 Apollo
1766 321 1866 359 aegre
1880 307 2014 356 ferret,
2030 316 2068 346 et
2087 322 2187 360 saepe

1155 377 1240 402 eam
1275 365 1484 417 objurgans
1514 366 1609 404 nihil
1633 366 1799 417 legisset,
1825 368 1992 406 natantis
2032 367 2189 407 Orionis

1155 423 1268 475 longe
1286 433 1402 476 caput
1430 425 1555 463 solum
1586 425 1709 463 videri
1737 426 1998 477 conspicatus,
2032 434 2191 464 conten-

1156 481 1212 518 dit
1229 495 1317 519 cum
1337 483 1459 521 Diana
1472 512 1482 530 ,
1501 497 1583 522 eam
1599 497 1678 522 non
1701 497 1816 535 posse
1838 485 2016 535 sagittam
2036 485 2190 522 mittere

1156 541 1203 579 ad
1233 542 1295 591 id,
1332 543 1437 593 quod
1468 544 1621 595 nigrum
1647 545 1687 582 in
1720 545 1816 583 mari
1846 544 2056 583 videretur.
2091 548 2190 593 Quae

1156 614 1277 650 quum
1310 616 1350 640 se
1370 603 1486 641 vellet
1517 604 1556 641 in
1581 618 1626 641 eo
1655 604 1783 643 studio
1812 605 1978 643 maxime
2003 605 2189 646 artificem

1156 659 1250 709 dici,
1267 662 1406 712 sagitta
1425 663 1539 700 missa
1559 671 1676 714 caput
1689 664 1846 702 Orionis
1870 663 2031 714 trajecit.
2055 667 2191 714 Itaque

1157 732 1247 757 eum
1264 734 1383 771 quum
1404 721 1542 760 fluctus
1562 722 1805 761 interfectum
1824 723 1870 760 ad
1889 723 1978 761 litus
1998 722 2190 773 ejecisset,

1158 787 1254 817 etse
1268 792 1356 817 eum
1380 780 1506 818 Diana
1530 781 1762 831 percussisse
1787 782 1998 832 plurimum
2019 781 2190 833 doleret‘j,

1159 839 1287 877 multis
1304 838 1388 889 ejus
1409 838 1560 877 obitum
1587 850 1794 891 prosecuta
1819 842 1985 880 lacrimis
2005 842 2106 880 inter
2135 843 2191 881 si-

1157 899 1248 936 dera
1267 899 1445 936 statuisse
1461 899 1712 938 existimatur.
1729 917 1744 934 »

1600 974 1720 985 καθ’

1527 1011 1846 1106 ΠΤΟΛξΜΑΙΣ,

1647 1070 1669 1107 3
1701 1100 1708 1107 .

1212 1129 1352 1166 Athen.
1369 1131 1425 1177 X,
1447 1142 1486 1180 p.
1505 1129 1595 1178 478,
1610 1132 1639 1167 Β
1658 1144 1666 1167 :
1685 1125 1820 1183 Ἴστρος
1837 1133 1854 1168 ὃ
1873 1130 2139 1184 Καλλιμάχειος
2157 1133 2191 1170 ἐν

1157 1185 1288 1240 πρώτῳ
1310 1186 1553 1239 Πτολεμαΐδος
1567 1218 1577 1236 ,
1607 1190 1669 1234 τῆς
1689 1189 1724 1226 ἐν
1750 1187 1920 1242 Αἰγύπτῳ
1937 1188 2083 1238 πόλεως,
2101 1190 2192 1243 γρά-

1159 1260 1214 1298 φει
1233 1245 1343 1291 οὕτως
1359 1263 1374 1280 «
1384 1246 1549 1286 Κυλίκων
1560 1245 1748 1285 Κονωνίων
1764 1248 1893 1299 ζεῦγος,
1914 1247 1973 1285 καὶ
1988 1248 2192 1302 θηρικλείων

1159 1305 1431 1358 χρυσοκλύστων
1451 1308 1610 1357 ζεῦγος.»

1393 1430 1677 1470 ΑΙΓΥΠΤΙΩΝ
1712 1430 1960 1471 ΑΠΟΙΚΙΑΙ.

1645 1489 1706 1528 39.

1215 1549 1458 1587 Constantin.
1477 1549 1787 1601 Porphyrog.De
1808 1550 1963 1588 themat.
1978 1549 2133 1600 lib.1‚p.
2150 1550 2193 1587 13

1163 1608 1352 1659 Scriptor.
1391 1611 1547 1658 Byzant.
1588 1618 1682 1646 tom.
1715 1612 1767 1656 V,
1805 1609 1865 1647 ed.
1901 1612 1997 1647 Ven.
2021 1624 2028 1646 :
2054 1608 2196 1662 Κύπρος

1161 1666 1291 1714 ἐκλήθη
1301 1666 1369 1704 ἀπὸ
1381 1665 1529 1720 Κύπρου
1540 1669 1603 1714 τῆς
1613 1667 1780 1722 θυγατρὸς
1790 1666 1955 1720 Κινύρου,
1965 1667 1986 1715 ἢ
1995 1670 2056 1714 τῆς
2065 1667 2197 1706 Βίὸλου

1161 1725 1221 1764 καὶ
1237 1724 1452 1778 Ἀφροδίτης,
1479 1728 1525 1770 ὡς
1561 1727 1825 1780 Φιλοστέφανος
1849 1727 1884 1765 ἐν
1907 1729 1958 1779 τῷ
1978 1725 2058 1780 περὶ
2077 1725 2194 1774 νήσων

1162 1785 1222 1824 καὶ
1243 1784 1383 1839 Ἴστρος
1403 1785 1439 1823 ἐν
1454 1785 1631 1829 ἀποικίαις
1642 1786 1847 1838 Αἰγυπτίων
1866 1786 2069 1839 ἱστόρησαν.

1215 1905 1388 1943 Clemens
1405 1905 1514 1943 Alex.
1536 1907 1678 1943 Strom.
1698 1908 1735 1954 Ι,
1763 1919 1801 1957 p.
1830 1906 1919 1952 322,
1941 1907 1984 1952 C,
2009 1904 2056 1942 de
2084 1905 2209 1953 Isidef

1163 1977 1249 2015 quae
1273 1972 1310 2002 et
1323 1967 1367 2002 Io
1386 1964 1490 2002 dicta
1507 1965 1574 2010 sit,
1592 1964 1695 2002 addit
1722 1980 1729 2002 :
1761 1963 1904 2011 Ταύτην
1938 1962 1973 2001 δὲ
2003 1962 2141 2017 Ἴστρος
2162 1966 2197 2002 ἐν

1162 2025 1213 2075 τῷ
1234 2023 1314 2077 περὶ
1333 2026 1396 2070 τῆς
1425 2023 1629 2075 Αἰγυπτίων
1655 2023 1817 2068 ἀποικίας
1843 2025 2061 2077 Προμηθέως
2090 2026 2196 2075 θυγα-

1163 2081 1249 2136 τέρα
1271 2082 1388 2136 φησίν.

1218 2143 1361 2181 Eadem
1371 2143 1411 2181 in
1425 2142 1595 2180 African.
1611 2146 1703 2182 Exc.
1719 2144 1759 2181 in
1772 2142 1913 2193 Scalig.
1925 2143 2038 2181 Thes.
2053 2151 2196 2194 tempp.

1166 2216 1204 2253 p.
1226 2202 1304 2252 359
1326 2202 1519 2253 leguntur,
1537 2203 1611 2240 nisi
1628 2202 1732 2253 quod
1751 2203 1786 2241 ἐν
1804 2207 1875 2246 τοῖς
1889 2201 1970 2254 περὶ
1990 2201 2077 2253 Ἀῖγ.
2096 2203 2198 2239 ἀποι-

1165 2260 1241 2305 κίας
1261 2275 1335 2312 pro
1356 2262 1390 2300 ἐν
1408 2264 1459 2314 τῷ
1484 2261 1565 2315 περὶ
1582 2262 1661 2313 Αἷγ.
1679 2261 1736 2300 ibi
1760 2262 1944 2313 scriptum
1967 2269 2034 2300 est.
2058 2262 2198 2312 Operis

1167 2321 1300 2359 titulus
1321 2323 1360 2358 in
1376 2330 1542 2372 utroque
1568 2322 1654 2359 loco
1669 2330 1854 2373 corrupte
1876 2321 2106 2359 exhibetur:
2127 2334 2199 2357 ne-

1167 2395 1243 2432 que
1260 2395 1349 2432 pars
1369 2380 1484 2432 hujus
1511 2382 1641 2433 operis
1667 2382 1733 2420 illo
1754 2382 1871 2420 modo
1897 2380 2102 2433 significari
2122 2394 2196 2431 po-

1169 2448 1279 2478 terat.

1163 2582 1250 2623 apud
1275 2582 1402 2623 judices
1418 2568 1627 2622 deserebant,
1652 2585 1724 2615 tum
1740 2582 1882 2624 primum
1907 2580 2123 2622 sycophantas
2139 2579 2198 2620 (fi-

1162 2638 1268 2662 cuum
1283 2630 1428 2671 indices)
1444 2639 1516 2662 esse
1531 2630 1730 2662 nominatos.

1524 2730 1836 2771 PTOLEMAIS.

1205 2838 1287 2869 Ister
1300 2837 1547 2875 Callimachius,
1564 2790 1765 2877 primiislibro
1781 2834 1821 2866 de
1842 2832 2052 2873 Ptolemaide,
2065 2832 2197 2873 AEgypti

1163 2884 1302 2924 oppido,
1318 2884 1364 2915 ita
1380 2883 1493 2916 scribit
1510 2893 1517 2914 :
1539 2896 1554 2910 α
1574 2882 1720 2915 Calicum
1738 2879 1961 2915 Cononiorum
1977 2887 2046 2920 par,
2063 2881 2096 2911 et
2117 2879 2196 2912 The-

1165 2931 1334 2963 ricleorum
1350 2939 1408 2971 par
1423 2931 1528 2963 aureis
1544 2929 1703 2971 operculis
1716 2929 1912 2960 clausorum.
1929 2938 1945 2954 ι»

1352 2997 1717 3068 AEGYPTloRUM
1752 2996 2008 3068 coLOMAE.

1206 3143 1336 3181 cyprus
1351 3148 1469 3172 nomen
1488 3138 1611 3180 acecpit
1626 3093 1769 3180 εἷς’)’.ρτο
1785 3139 1850 3171 filia
1865 3140 1994 3181 Cinyrae
2007 3141 2058 3174 vel
2068 3140 2151 3174 Bibli
2162 3144 2195 3173 et

1164 3187 1315 3226 Veneris,
1333 3189 1370 3219 ut
1387 3187 1659 3228 Philostephanus
1674 3186 1707 3218 in
1725 3186 1809 3219 libro
1825 3187 1865 3220 de
1875 3188 1994 3220 Insulis
2010 3190 2043 3221 et
2061 3190 2143 3222 Ister
2159 3189 2193 3220 in

1164 3235 1247 3267 libro
1263 3234 1303 3266 de
1325 3235 1551 3275 AEgyptiorum
1568 3234 1703 3267 coloniis
1718 3237 1860 3268 narrant.

1648 3291 1711 3323 40.

1207 3345 1287 3374 Ister
1311 3342 1344 3374 in
1373 3341 1454 3374 libro
1484 3343 1530 3374 De
1558 3342 1683 3374 colonia
1710 3343 1954 3384 AEgyptiorum,
1983 3343 2062 3375 dicit
2086 3345 2121 3375 10
2143 3342 2193 3374 vel

1165 3389 1282 3422 Isidem
1300 3389 1400 3421 fuisse
1415 3388 1512 3421 filiam
1531 3389 1724 3422 Promethei.
