2320 3684
739 149 1084 191 ·APOLLODORI
1112 147 1446 188 FRAGMENTA.

2068 151 2151 186 403

24 242 257 299 τροπάασθαι,
273 238 531 293 Ἀπολλόδωρος
544 237 603 286 δὲ,
628 235 720 276 κατὰ
739 235 908 275 διάλυσιν.
946 237 995 275 Et
1013 236 1062 284 Ω,
1178 233 1276 288 παρὰ
1304 233 1344 272 τὸ
1368 232 1476 286 αἴρω,
1499 231 1539 271 τὸ
1559 230 1768 286 προσφέρω,
1796 233 1813 269 6
1836 231 1911 270 καθ’
1936 230 2086 280 ἑκάστην
2106 231 2157 282 τῷ

31 314 130 341 110:
152 298 417 352 .π..ροτιάπτω.
448 294 707 347 Ἀπολλόδωρος
784 293 841 332 διὰ
866 297 927 332 τοῦ
953 311 974 332 τ
998 293 1062 341 τὴν

25 358 188 413 πρόθεσιν
201 357 384 411 γράφουσι.
397 358 564 394 Potuere
576 355 657 392 haec
669 354 708 391 in
730 354 981 404 Etymologiis
999 366 1065 390 oc-

25 429 194 456 currere.
213 435 229 452 »
247 419 427 463 Heynius.

444 481 664 496 ⁴000-—

440 524 595 566 LIBER
622 523 654 563 I.

81 652 288 691 Athenaeus
305 653 365 689 XI
379 679 391 700 ,
421 663 468 700 9,
505 662 543 700 p.
573 648 670 696 483,
695 648 753 686 A:
771 643 917 696 Κύμὸη.
950 646 1069 691 Φιλη-

0 732 6 758 5
33 726 110 763 μων
142 711 178 749 ἐν
197 715 273 753 ταῖς
289 709 462 751 Ἀττικαῖς
477 712 625 761 φωναῖς,
651 705 791 748 κύλικος
819 698 919 748 εἶδος.
941 703 1069 743 Ἀπολ-

28 771 180 825 λόδωρος
197 769 234 808 δὲ
248 771 283 808 ἐν
297 771 347 823 τῷ
359 768 449 822 Περὶ
467 768 700 819 ἐτυμολογιῶν
716 764 876 819 Παφίους
893 765 933 804 τὸ
951 764 1066 812 ποτή-

32 845 103 884 ριον
120 831 238 869 καλεῖν
256 827 388 880 κύμὸα.
402 827 535 866 Paullo
558 834 646 864 ante
668 840 707 877 p.
729 827 825 874 482,
844 829 896 863 E:
917 823 1066 876 Κύμὸα,

0 919 5 930 ,
31 887 197 942 ποτήριον
211 886 471 941 Ἀπολλόδωρος
488 884 650 939 Παφίοις.
670 885 726 923 Cf.
744 884 791 922 fr.
814 883 904 928 245.

86 1005 289 1046 Athenaeus
305 1007 408 1053 XIV,
424 1018 461 1055 p.
477 1004 554 1040 663
569 1031 580 1050 ‚
597 1005 650 1042 A:
666 999 875 1052 Ὠνομάσθη
888 998 925 1038 δὲ
938 1002 960 1046 ἡ
981 1015 1071 1051 ματ-

33 1063 100 1112 τύη
112 1094 123 1113 ,
143 1065 189 1108 ὡς
209 1062 271 1115 μὲν
294 1066 313 1102 6
329 1063 505 1110 Ἀθηναῖος
524 1060 783 1114 Ἀπολλόδωρος
814 1058 922 1113 φησὶν
952 1059 987 1096 ἐν
1019 1060 1070 1112 τῷ

33 1121 164 1176 πρώτῳ
189 1124 259 1161 τῶν
284 1118 657 1172 Ἐτυμολογουμένων,
678 1118 747 1156 ἀπὸ
775 1121 836 1156 τοῦ
868 1118 1070 1167 μασᾶσθαι,

36 1179 155 1233 ὥσπερ
174 1180 235 1219 καὶ
255 1183 277 1227 ἡ
293 1178 473 1231 μαστίχη,
493 1178 612 1216 καὶτὰ
633 1177 790 1229 μάλιστα
809 1175 869 1214 καὶ
890 1176 927 1227 [ἡ
947 1176 1070 1226 μᾶζα]

37 1238 162 1290 Ἡμεῖς
179 1238 217 1278 δὲ
235 1237 350 1292 φαμὲν
383 1237 531 1276 ἀπὸτοῦ
561 1236 719 1288 μάττειν.
753 1235 810 1274 Cf.
839 1234 1004 1284 Hesych.
1031 1234 1072 1271 in

35 1299 222 1340 Ματτυεῖς.

445 1364 666 1379 ⁴000*—

441 1406 597 1446 LIBER
631 1406 680 1444 ΙΙ.

518 1463 605 1501 191.
1021 1470 1025 1474 ’

94 1525 304 1565 Athenaeus
333 1527 370 1563 II
381 1552 392 1570 ,
429 1538 465 1575 p.
499 1524 570 1570 63,
593 1526 629 1561 D
655 1537 663 1559 :
689 1520 946 1575 Ἀπολλόδωρος
972 1519 1008 1559 δὲ
1039 1521 1074 1559 ἐν

40 1584 189 1638 δευτέρῳ
199 1584 476 1634 Ἐτυμολογιῶν,
492 1582 561 1619 τῶν
576 1582 727 1634 κοχλιῶν
745 1580 829 1634 φησὶ
843 1579 938 1623 τινὰς
950 1581 1075 1618 καλεῖ-

41 1646 121 1682 σθαι
133 1642 433 1685 κωλυσιδείπνους.

94 1702 154 1741 Ad
170 1702 272 1740 idem
289 1715 387 1752 opus
401 1700 599 1739 reserenda
612 1699 792 1738 videntur
812 1711 953 1751 sequen
960 1698 1022 1736 tia.

95 1819 325 1871 Apollonius
339 1818 469 1857 Lexic.
487 1820 663 1855 Homer.:
682 1815 824 1869 Ἀείρας.
897 1815 955 1854 ἐπὶ
969 1814 1007 1853 δὲ
1018 1818 1079 1853 τοῦ

44 1876 237 1931 πρόσφερε·
253 1876 302 1928 μή
330 1891 390 1928 μοι
415 1870 504 1915 οἶνον
526 1874 630 1928 ἄειρε.
712 1873 863 1927 Εἴρηται
890 1873 927 1912 δὲ
951 1873 1080 1922 οὕτως,

7 1961 9 1963 ·
46 1935 121 1974 ἐπεὶ
135 1939 152 1974 6
171 1933 379 1989 προσφέρων
395 1933 485 1988 αἴρει
515 1933 555 1972 τὸ
568 1931 863 1987 προσφερόμενον,
889 1932 948 1971 καὶ
969 1931 1078 1986 αἴρειν

45 1992 84 2032 τὸ
102 1991 325 2046 προσφέρειν.
340 1992 425 2031 Ἀπὸ
444 1993 480 2030 δὲ
498 1992 622 2031 τούτου
645 1991 705 2030 καὶ
725 1990 783 2030 τὸν
806 1991 909 2044 ἄρτον
934 1991 1081 2043 ὠνομά-

47 2053 148 2100 σθαι,
167 2050 215 2095 ὥς
231 2067 336 2105 φησιν
352 2050 624 2104 Ἀπολλόδωρος.

0 2122 14 2155 sp
101 2111 224 2161 Igitur
231 2125 279 2149 ex
287 2111 526 2163 Apollodoro
539 2124 607 2149 sua
619 2110 746 2148 hausit
756 2110 937 2160 Etymol.:
949 2108 987 2148 Ἄ
993 2124 1080 2161 ρτος.

376 2252 663 2291 ETYMOLOG
669 2253 752 2291 IAE.

459 2327 614 2366 LIBER
641 2328 672 2366 Ι.

23 2469 25 2471 -
59 2477 63 2479 »
95 2454 231 2495 cymba.
256 2454 445 2495 Philemon,
468 2455 502 2486 in
518 2404 668 2487 1Vgozibus
690 2455 807 2488 Atticis
829 2466 836 2483 τ
862 2467 878 2483 «
896 2455 1015 2488 calicis
1036 2463 1086 2495 ge-

51 2509 123 2533 um.
143 2514 159 2529 2>
183 2501 399 2542 Apollodorus
426 2510 521 2541 vero,
549 2502 585 2533 in
615 2502 698 2534 libro
713 2502 754 2535 de
768 2502 1000 2543 Etymologiis‚
1027 2505 1087 2535 Pa-

53 2547 147 2580 nhios
163 2547 208 2580 ait
223 2548 376 2588 poculum
393 2557 509 2580 vocare
523 2548 656 2589 cymba.

93 2655 219 2686 Nomen
231 2653 356 2686 invenit
369 2603 723 2695 mattya(i:‹?1i)dimenti
734 2663 847 2696 genus,
861 2655 1087 2687 Thessalorum

55 2699 250 2739 inventum),
271 2702 306 2732 ut
323 2700 454 2741 quidem
473 2701 687 2742 Apollodorus
700 2701 901 2734 Atheniensis
919 2702 964 2734 ait
979 2702 1084 2743 primo

54 2745 139 2777 libro
151 2746 439 2788 Etymologiarum,
463 2757 482 2779 a
492 2748 591 2780 verbo
607 2750 765 2789 μασᾶσθαι
782 2748 958 2789 (mandere)
977 2757 1086 2789 quem-

57 2791 231 2823 admodum
242 2794 274 2825 et
286 2793 456 2826 mastiche
474 2796 507 2827 et
518 2803 634 2827 maza.
657 2798 722 2828 Nos
737 2803 814 2827 vero
834 2795 972 2827 dicimus
986 2795 1087 2827 nomi-

56 2840 165 2870 natam
177 2848 248 2872 esse
264 2848 284 2871 a
298 2840 398 2873 verbo
414 2840 536 2883 μάττειν
552 2843 709 2884 (pinsere,
726 2842 883 2884 subigere,
898 2844 1086 2884 macerare),

473 2904 690 2919 *oo——

457 2941 611 2980 LIBER
639 2942 690 2981 ΙΙ.

102 3059 332 3100 Apollodorus,
364 3062 506 3094 secundo
528 3012 823 3105 ligiylmologiarum,
854 3064 917 3104 ait,
944 3064 1091 3096 cochleas

61 3107 216 3147 quasdam
231 3109 491 3147 κωλυσιδείπνους
507 3109 645 3151 (coenam
659 3111 881 3153 impedientes)
900 3112 1019 3144 vocari.

103 3212 217 3255 Ἄειρε,
236 3214 318 3246 tolle
332 3223 391 3255 pro
406 3214 509 3255 adfer
527 3165 620 3256 :133
643 3218 715 3249 «Ne
730 3217 810 3249 mihi
827 3218 940 3249 vinum
955 3218 1050 3250 tollas
1061 3231 1091 3257 ν,

64 3258 87 3290 i.
105 3267 133 3291 e.
155 3259 281 3292 afferas.
311 3263 361 3293 lta
376 3270 452 3294 vero
469 3262 603 3304 dicitur,
634 3264 711 3305 quia
725 3265 753 3296 is
771 3265 827 3305 qui
843 3265 966 3306 aliquid
981 3265 1092 3296 allatu-

64 3315 120 3338 rus
131 3309 179 3338 est
189 3307 221 3338 id
232 3307 328 3340 tollit.
339 3311 452 3350 Itaque
461 3309 555 3352 α’ίρειν
567 3310 707 3352 (proprie
721 3312 851 3353 tollere)
861 3311 994 3352 afferre
1004 3311 1095 3351 signi-

67 3351 152 3385 ficat.
167 3353 217 3385 Ab
230 3355 325 3396 αἴρειν
341 3355 438 3388 etiam
453 3356 543 3399 ἄρτον
558 3358 716 3399 (panem)
732 3358 795 3390 dici
809 3358 1020 3399 Apollodorus
1036 3358 1092 3390 ait.

1125 292 1263 345 σώματι
1279 295 1380 344 ἡμῶν
1395 290 1684 346 προσφερόμενος.

1179 423 1282 462 Idem
1301 422 1397 461 ibid.
1417 418 1606 461 ε”Αταλλε-
1628 424 1646 460 ὃ
1666 420 1729 473 μὲν
1750 419 2020 475 Ἀπολλόδωρος,
2044 420 2159 461 ἔσαινε

1126 480 1185 519 καὶ
1203 480 1357 534 ἐσκίρτα.
1375 479 1519 534 εὨσπερ
1534 479 1570 518 δὲ
1582 479 1652 518 ἀπὸ
1662 483 1723 518 τοῦ
1740 477 1875 529 παιδὸς,
1889 479 2037 529 παίζειν,
2052 479 2160 524 οὕτως

1130 539 1200 578 ἀπὸ
1221 544 1280 578 τοῦ
1301 541 1431 578 ἀταλοῧ
1455 539 1629 578 ἀτάλλειν.
1653 538 1800 578 Ἀταλὸν
1816 537 1852 577 δὲ
1867 567 1877 586 ,
1895 538 1934 577 τὸ
1948 538 2082 578 ἁπαλὸν
2099 534 2160 577 καὶ

1127 597 1251 645 νήπιον
1270 597 1410 649 λέγεται
1436 599 1497 636 οὐκ
1527 598 1713 641 ἀπιθάνως.
1745 601 1812 636 Est
1846 611 1936 648 ergo
1956 598 2161 650 explicatio

1128 656 1361 706 Apollodori
1377 656 1417 693 in
1430 656 1554 694 Schol.
1568 657 1611 694 Il.
1625 658 1674 704 N,
1691 653 1758 705 27:
1776 654 1926 696 Ἄταλλε
1940 655 1977 695 δὲ
1992 655 2088 704 κήτε’
2102 656 2161 694 ὑπ’

1129 714 1239 766 αὐτῷ]
1263 713 1406 767 ἐσκίρτα
1423 713 1482 752 καὶ
1506 714 1655 767 ἔχαιρεν.

1604 785 1689 823 194.

1182 843 1291 880 Idem
1314 842 1407 881 ibid.
1431 857 1439 880 ε
1460 842 1637 896 Οἷοπόλῳ.
1663 842 1939 898 Ἀπολλόδωρος,
1972 845 2007 882 ἐν
2039 838 2068 882 ὦ
2095 843 2164 888 ὄϊες

1131 904 1332 941 πολοῦνται.
1347 903 1476 941 Schol.
1495 904 1539 940 Il.
1552 904 1598 951 N,
1615 905 1704 950 473:
1720 902 1888 967 οἰοπόλῳ·
1902 902 1981 949 ἤτοι
1996 904 2030 941 ἓν
2050 883 2080 956 ’ᾧ
2096 902 2165 946 ὄϊες

1132 960 1429 1015 ἀναστρέφονται,
1451 960 1473 999 ὅ
1493 963 1567 999 ἔστι
1583 961 1756 1014 πρόὸατα.
1778 963 1906 1002 Πολεῖν
1924 960 1990 1014 γὰρ
2015 961 2055 1000 τὸ
2073 963 2165 1000 ἀνα-

1131 1020 1350 1074 στρέφεσθαι.
1367 1019 1511 1058 similia
1524 1033 1560 1058 v.
1579 1033 1641 1072 ap.
1662 1020 1853 1068 Eustath„
1874 1020 2039 1069 Hesych.
2055 1028 2093 1058 et
2110 1018 2164 1057 ibi

1131 1083 1262 1130 Intpp.

1606 1136 1692 1174 195.

1187 1201 1294 1239 Idem
1313 1200 1428 1238 ibid.:
1449 1198 1635 1250 Πεξαμένη
1654 1198 1709 1250 (ΙΙ.
1726 1198 1773 1247 Ξ,
1790 1198 1877 1248 176)
1896 1202 1914 1237 6
1932 1198 2071 1246 Ἀπίων,
2085 1215 2168 1239 κτε-

1133 1259 1304 1311 νισαμένη
1318 1290 1328 1308 ,
1353 1258 1413 1297 καὶ
1441 1261 1459 1297 ὁ
1499 1257 1768 1311 Ἀπολλόδωρος.
1805 1256 1988 1311 Ἔπιφέρει
2030 1258 2066 1296 δὲ
2108 1258 2169 1296 καὶ

1135 1317 1431 1372 (Apollodorus)
1457 1315 1497 1371 τὸ
1522 1315 1568 1355 τὰ
1595 1315 1672 1369 ἔρια
1697 1314 1820 1360 ξαίνειν
1837 1344 1847 1362 ,
1867 1315 2006 1353 πέκειν·
2039 1316 2098 1354 καὶ
2129 1316 2170 1354 τὸ

1135 1376 1261 1430 κείρειν
1280 1375 1408 1423 ταύτὸ,
1426 1374 1540 1420 πέξαι.
1565 1373 1636 1413 Καὶ
1654 1377 1672 1412 6
1687 1373 1805 1417 πόκος.
1830 1374 1941 1420 Δηλοῖ
1965 1372 2001 1410 δὲ
2021 1373 2080 1412 καὶ
2108 1373 2168 1422 τὸ,

1136 1434 1371 1480 καταξάνασα.
1389 1434 1444 1474 Cf.
1459 1434 1592 1481 Schol.,
1608 1433 1780 1472 Eustath.
1795 1441 1833 1471 et
1849 1432 2012 1482 Hesyeh.

1612 1499 1700 1536 196.

1190 1565 1297 1603 Idem
1314 1563 1409 1602 ibid.
1427 1578 1435 1601 τ
1451 1562 1684 1605 Σακεσπάλος
1697 1563 1755 1613 (ll.
1766 1563 1811 1610 E,
1831 1576 1844 1598 1
1854 1560 1933 1612 26).
1948 1559 2170 1600 Ἀπολλόδω-

1140 1640 1196 1678 ρος
1210 1638 1218 1646 ·
1238 1623 1318 1671 ἤτοι
1336 1622 1380 1661 τὰ
1393 1625 1464 1661 τῶν
1486 1620 1665 1674 πολεμίων
1684 1621 1776 1668 σάκη
1794 1619 1969 1659 διασείων.

1194 1746 1423 1784 Erotianus:
1444 1744 1603 1796 Χέλωμα
1630 1745 1718 1798 (leg.
1756 1743 1959 1796 χάλωμα),
1986 1743 2171 1797 χάλασμα.

1140 1803 1260 1851 Φησὶν
1281 1803 1550 1858 Ἀπολλόδωρος.

1624 1866 1709 1906 198.

1195 1933 1388 1971 Zenobius
1400 1936 1507 1971 Cent.
1521 1936 1560 1971 II
1571 1963 1581 1981 ‚
1601 1939 1670 1982 94:
1686 1933 1801 1986 Γραῦς
1819 1933 1966 1985 Σέριφος
1977 1946 1985 1954 ·
2006 1929 2174 1969 Ἀπολλό-

1143 1992 1249 2045 δωρος
1266 1992 1385 2046 φησὶν,
1405 1990 1458 2029 ὅτι
1475 1991 1549 2030 ἐστί
1567 2007 1619 2035 τις
1636 1989 1880 2045 παροιμιώδης
1900 1988 2071 2042 λεγομένη
2102 1990 2174 2028 Σε-

1144 2050 1240 2104 ριφία
1253 2054 1377 2104 γραῦς,
1397 2054 1419 2099 ἡ
1441 2051 1474 2088 ἐν
1495 2050 1665 2104 παρθενίᾳ
1683 2055 1911 2103 γεγηρακυῖα.
1932 2049 2075 2088 Eadem
2097 2048 2176 2089 fere

1142 2109 1279 2148 Suidas
1297 2118 1335 2148 et
1352 2110 1515 2160 Hesych.

1835 2202 2161 2209 ——ae——ss

1620 2256 1707 2289 193.

1187 2308 1333 2346 Ἀταλλε,
1362 2307 1575 2348 Apollodorus
1605 2307 1771 2347 explicat:
1799 2306 2003 2339 exsultabat
2022 2307 2056 2339 et
2079 2307 2176 2340 laeta÷

1147 2355 1260 2387 batur.
1302 2357 1346 2387 Ut
1366 2355 1454 2386 enim
1476 2364 1495 2386 a
1516 2363 1596 2386 voce
1618 2357 1691 2391 παῖς
1718 2354 1876 2386 formatur
1897 2354 2036 2393 παίζειν,
2067 2354 2113 2386 sie
2134 2353 2175 2388 ab

1145 2403 1256 2439 ἀταλὸς
1278 2402 1428 2434 ἀτάλλειν.
1451 2401 1574 2434 Ἀταλὸν
1591 2410 1670 2434 vero
1693 2401 1733 2433 de
1752 2402 1862 2433 tenera
1880 2401 2109 2442 aetatenpuerili
2129 2400 2175 2433 die

1146 2450 1240 2482 citur.

1190 2559 1356 2599 Οἰοπόλος,
1370 2560 1461 2592 locus
1472 2559 1506 2591 in
1518 2568 1583 2601 quo
1595 2508 1803 2591 oieZ‘irersari
1819 2557 1931 2590 solent.
1947 2556 2172 2598 Apollodorus,

1617 2620 1704 2653 195.

1187 2681 1369 2722 Πεξαμένη,
1388 2681 1469 2722 Apio
1485 2690 1492 2711 :
1511 2689 1590 2721 quoe
1613 2680 1758 2719 capillos
1776 2680 1916 2719 pexuit,
1936 2676 2032 2708 eliam
2048 2675 2175 2717 Apollo*

1147 2727 1256 2759 dorus.
1282 2727 1384 2759 Arsen-t
1405 2728 1458 2759 hie
1479 2727 1574 2758 etiam
1597 2727 1632 2758 τὸ
1653 2727 1692 2757 τὰ
1713 2726 1778 2768 ἔρια
1800 2726 1926 2764 ξαίνειν,
1951 2724 2073 2755 lanam
2105 2725 2175 2755 ton?

1147 2775 1240 2813 dere,
1257 2774 1321 2806 diei
1334 2775 1451 2814 πέκειν,
1469 2773 1556 2815 quod
1571 2776 1603 2806 et
1617 2773 1727 2815 κείρειν
1744 2774 1801 2812 est,
1819 2770 1902 2802 unde
1924 2769 2142 2802 substantium
2158 2770 2176 2809 ὁ

1146 2822 1242 2859 πόκος
1253 2845 1263 2861 ,
1280 2821 1303 2853 i.
1321 2830 1350 2853 e.
1374 2821 1477 2853 vellus
1492 2820 1579 2862 quod
1596 2821 1759 2852 tondetur.

1617 2885 1702 2918 196.

1189 2944 1387 2980 Σακεσπάλος
1399 2968 1408 2984 ,
1431 2943 1488 2984 qui
1508 2942 1649 2975 hostium
1671 2942 1763 2974 scuta
1784 2939 1925 2981 (ictibus
1946 2938 2075 2980 hastae)
2097 2947 2170 2971 c0n÷

1149 2992 1243 3025 cutit.
1265 2991 1493 3032 Apollodorus.

1623 3048 1707 3080 197.

1151 3154 1171 3186 d
1191 3106 1351 3148 Χάλωμα,
1377 3104 1570 3144 submissio,
1590 3105 1715 3145 jactus,
1738 3104 1777 3136 ut
1796 3102 2027 3144 interpretatur
2049 3101 2178 3144 ,Apollo-

1174 3162 1260 3185 orus.

1617 3206 1704 3240 198.

1191 3267 1276 3296 Anus
1299 3263 1477 3305 Seriphia.]
1509 3264 1722 3304 Apollodorus
1755 3262 1915 3304 proverbii
1939 3269 2077 3303 speciem
2099 3268 2178 3301 pnn-

1154 3311 1234 3343 ferre
1258 3311 1302 3342 ait
1327 3313 1419 3343 Anus
1447 3311 1627 3352 seraphia,
1655 3319 1728 3353 quae
1755 3319 1775 3342 a
1798 3309 1916 3343 semina
1934 3309 1968 3341 in
1995 3307 2178 3349 virginitale

1155 3366 1343 3390 consenuer.
