2320 3684
163 207 238 240 412

632 283 719 322 164.

213 345 506 386 Anti-Atticista
535 346 693 381 SGerm.
727 342 804 379 MS.
833 339 874 378 in
906 339 1085 378 Schaeferi
1115 342 1190 390 Ap-

161 405 276 458 pend.
295 405 342 442 ad
359 403 476 442 Bastii
500 401 620 452 Epist.
639 400 730 439 Crit.
749 412 786 450 p.
815 399 883 435 16:
902 398 1038 449 (editus
1055 399 1188 436 aBek-

160 466 254 503 kero
269 462 412 502 Anecd.
438 475 474 512 p.
491 461 562 505 86,
591 459 655 510 20)
672 473 680 496 z
698 455 866 497 Γενέσια’
895 458 1000 505 οὔσης
1017 472 1055 494 τε
1071 458 1190 509 ἑορτῆς

160 526 221 570 effic
241 521 450 572 δημοτελοῦς
470 518 627 565 Ἀθήναις
646 518 910 570 Βοηδρομιῶνος
922 515 1105 568 πέμπτης,
1124 517 1190 555 Γε-

160 580 260 619 νέσια
279 577 513 629 καλουμένης,
536 575 658 615 καθότι
677 575 763 630 φησὶ
773 574 973 628 Φιλόχορος
991 574 1051 614 καὶ
1065 574 1189 614 Σόλων

160 641 196 678 ἐν
216 644 287 681 τοῖς
306 636 442 685 ἄξοσιν,
467 635 527 675 καὶ
549 639 612 683 τῆς
630 639 690 674 τοῦ
710 633 877 687 ὀνόματος
903 634 1062 689 χρήσεως
1085 633 1190 681 οὔσης

161 696 374 743 Ἑλληνικῆς
387 725 397 743 ,
417 694 451 733 τί
470 693 598 733 κωλύει
619 693 668 745 μὴ
699 693 803 745 μόνον
824 691 881 731 ἐπὶ
899 696 962 740 τῆς
983 694 1192 745 δημοτελοῦς

160 758 283 810 ἑορτῆς
297 786 308 807 ‚
334 753 426 793 ἀλλὰ
447 753 507 792 καὶ
528 752 586 791 ἐπὶ
610 755 673 799 τῆς
701 751 788 796 ἰδίας
813 750 958 790 ἕκαστον
980 750 1190 797 τάσσεσθαι;

215 815 422 854 Schaeferus
450 813 554 850 hunc
579 813 708 850 locum
723 812 777 849 ita
795 811 971 849 emendat
991 819 1033 848 ut
1049 810 1193 848 articu-

161 876 240 912 lum
270 881 360 925 post
388 873 507 925 ἑορτῆς
526 879 740 923 expungat,
769 872 915 921 πεμπτῇ
945 869 1086 907 scribat
1119 881 1192 920 pro

162 932 327 984 πέμπτης
346 940 384 970 et
406 931 566 974 ἑκάστοις
584 944 657 982 pro
692 928 852 977 ἕκαστον,
875 928 979 979 quod
998 927 1114 966 habet
1133 940 1194 964 co-

163 993 250 1031 dex.
270 992 428 1030 Bekker.
449 992 610 1028 ἑκαστου.
629 989 791 1028 Siebelis
807 988 1041 1038 Hesychium
1059 1000 1195 1037 sequu-

165 1060 236 1098 tus,
266 1051 333 1101 qui
353 1050 435 1087 haec
459 1048 601 1087 habet:
625 1046 771 1087 Γενέσια
799 1046 900 1101 ἑορτὴ
917 1045 1085 1096 πάνθιμος
1106 1046 1193 1095 (scr.

162 1107 368 1159 πάνδημος)
399 1106 590 1155 Ἀθηναίοις
602 1136 613 1154 ,
646 1108 687 1145 in
719 1114 854 1144 nostro
888 1107 975 1143 loco
1005 1103 1195 1152 Ἀθηναίοις

164 1166 410 1205 scribendum
429 1173 540 1217 putat
564 1179 636 1216 pro
656 1164 828 1212 Ἀθήναις.
857 1167 916 1202 De
936 1164 1106 1202 Genesiis
1119 1193 1129 1210 ‚
1153 1169 1197 1199 ut

165 1225 316 1277 privato
334 1225 430 1262 festo
445 1253 456 1270 ,
484 1223 616 1262 videas
632 1223 803 1274 Alciphr.
831 1226 908 1269 ΙΙΙ,
949 1223 994 1259 18
1010 1230 1047 1260 et
1065 1221 1112 1258 55
1129 1251 1139 1269 ,
1158 1234 1196 1271 p.

169 1287 241 1332 176
252 1288 410 1335 Wagn.;
428 1284 475 1322 de
492 1284 664 1322 Genesiis
677 1313 688 1331 ‚
706 1283 802 1321 festo
823 1282 977 1334 publico
993 1282 1198 1320 Athenien-

165 1345 277 1392 sium,
295 1344 342 1381 cf.
361 1344 499 1381 Pollux
514 1346 587 1390 III,
607 1356 654 1392 19
672 1351 710 1380 et
729 1346 907 1380 Ammon.
925 1342 962 1379 h.
986 1356 1021 1379 v.

630 1411 757 1422 Q.—

461 1455 585 1493 III-:Pl
615 1453 904 1542 EIIAEIHIAOY.

222 1560 327 1598 Suid.
349 1575 386 1598 v,
404 1558 618 1613 Εὖριπίδηςε
691 1559 769 1597 Οὔκ
788 1557 912 1605 ἀληθὲς
928 1556 986 1607 δὲ,
1014 1559 1061 1602 ὡς
1081 1560 1199 1611 λαχα-

168 1619 319 1663 νόπωλις
332 1613 374 1666 ῆν
386 1622 408 1666 ἡ
426 1618 544 1671 μήτηρ
562 1619 680 1656 αὐτοῦ.
694 1617 766 1655 Καὶ
779 1617 847 1670 γὰρ
864 1620 932 1656 τῶν
946 1617 1080 1672 σφόδρα
1099 1620 1196 1671 εὖγε-

168 1680 235 1717 νῶν
256 1677 458 1730 ἐτύγχανεν,
474 1678 520 1720 ὡς
533 1675 756 1766 ἄποδείῙκέἒσι
775 1675 984 1729 Φιλόχορος.

222 1784 368 1822 Gellius
398 1786 443 1822 N.
470 1786 516 1821 A.
549 1782 609 1830 15,
628 1795 677 1820 20
696 1796 704 1818 :
726 1782 1000 1820 «Philochorus
1029 1783 1145 1820 refert
1161 1784 1200 1821 in

169 1843 294 1881 insula
318 1842 507 1880 Salamine
525 1842 747 1892 speluncam
765 1854 844 1878 esse
860 1849 996 1878 tetram
1014 1849 1051 1878 et
1067 1842 1199 1879 horri—

171 1902 260 1940 dam
273 1931 282 1948 ,
301 1915 415 1952 quam
433 1914 504 1938 nos
520 1900 708 1949 vidimus,
731 1900 770 1937 in
799 1913 876 1950 qua
901 1900 1105 1951 Euripides
1122 1909 1201 1938 tra—

170 1960 310 2012 goedias
328 1959 592 2010 scriptitarit.»
699 2010 719 2046 7

227 2066 353 2105 Schol.
374 2065 508 2115 Eurip.
530 2064 579 2102 ad
607 2011 892 2115 illiissnippolyti
913 2077 948 2101 v.
967 2066 1015 2111 73
1034 2078 1090 2115 sq.
1109 2080 1117 2102 :
1138 2065 1201 2104 Σο),

174 2123 273 2162 τόνδε
291 2122 439 2162 πλεκτὸν
456 2121 624 2176 στέφανον
645 2121 679 2167 ἐξ
695 2121 872 2175 ἀκηράτου
893 2123 1075 2173 λειμῶνος,
1092 2116 1121 2161 (ἶ)
1139 2123 1202 2162 δέ-

176 2198 324 2230 σποινα,
359 2181 541 2233 κοσμήσας
570 2180 683 2235 φέρω,
713 2181 795 2218 haec
814 2182 1038 2220 adnotavit:
1065 2184 1110 2221 Οἱ
1141 2182 1202 2234 μὲν

177 2241 366 2288 ὑπέλαὸον,
389 2240 446 2279 τὸν
468 2238 673 2279 Ἱππόλυτον
692 2237 829 2292 στέφειν
852 2238 914 2286 τὴν
925 2237 1089 2292 Ἄρτεμιν
1105 2241 1203 2280 ἀνθί-

178 2317 228 2353 νῳ
248 2300 419 2353 στεφάνῳ·
440 2303 458 2338 ὃ
484 2299 520 2338 δὲ
537 2298 735 2352 Φιλόχορος
750 2297 814 2346 τὴν
831 2299 866 2336 ἐν
880 2298 1020 2352 Ἄγραις
1041 2298 1202 2352 Ἄρτεμιν

180 2361 230 2412 τῷ
252 2358 313 2410 μὲν
327 2358 421 2411 λόγῳ
441 2357 626 2411 στέφεσθαί
651 2372 772 2409 φησιν,
794 2356 846 2409 ἐφ’
864 2359 986 2395 ἑαυτοῦ
1000 2356 1036 2396 δὲ
1049 2357 1107 2396 τὸν
1125 2358 1204 2397 Ἱπ-

181 2416 331 2456 πόλυτον
351 2420 462 2454 ταῦτα
479 2415 605 2467 λέγειν,
632 2414 685 2453 ὅτι
703 2415 853 2466 ἐμαυτὸν
874 2416 929 2454 σοὶ
949 2416 1158 2469 ἀνατίθημι,
1176 2411 1204 2457 ὦ

226 2577 415 2612 celebratur
430 2577 563 2618 quidem
585 2577 720 2609 Athenis
746 2577 866 2608 festum
881 2577 1046 2618 publicum
1060 2603 1069 2619 ‚
1089 2580 1141 2612 cui
1157 2589 1212 2612 no-

185 2634 261 2658 men
276 2626 326 2657 est
349 2626 506 2660 Genesia,
525 2623 639 2665 quinta
662 2623 715 2656 die
735 2623 978 2656 Boedromionis
1002 2626 1144 2667 mensis,
1172 2630 1209 2659 ut

187 2673 399 2706 Philochorus
421 2671 520 2704 tradit
540 2674 573 2703 et
596 2671 694 2703 Solon
707 2670 740 2702 in
751 2671 859 2711 legum
879 2671 1020 2703 tabulis:
1039 2673 1095 2704 sed
1112 2683 1213 2714 quum

188 2720 259 2752 haec
280 2729 345 2752 vox
376 2719 462 2761 apud
478 2727 590 2751 omnes
615 2720 745 2751 Graecos
766 2719 800 2750 in
827 2727 890 2750 usu
904 2718 962 2757 sit,
982 2719 1060 2759 quid
1083 2720 1216 2761 impedit

189 2767 268 2808 quin
289 2776 327 2799 ea
339 2776 404 2798 non
417 2766 515 2798 modo
529 2765 569 2798 de
584 2766 666 2798 sesto
680 2766 826 2807 publico,
844 2765 901 2797 sed
920 2765 1017 2797 etiam
1036 2766 1075 2798 de
1088 2767 1215 2807 privato

191 2815 388 2855 usurpetur?

616 2869 810 2884 ...ου’-

523 2908 590 2946 ΒΕ
618 2906 878 2945 EURIPIDE.

660 2971 675 3003 1
685 2970 731 3003 65
738 2991 746 3000 .

234 3020 304 3051 Non
321 3020 370 3050 est
387 3019 496 3050 autem
510 3026 637 3056 verum,
650 3018 789 3049 matrem
805 3016 873 3056 ejus
889 3015 988 3048 ruisse
1000 3017 1123 3049 olerum
1138 3025 1215 3049 ven-

195 3066 354 3098 ditricem.
371 3066 452 3097 Nam
472 3073 584 3106 genere
601 3064 803 3096 nobilissimo
830 3064 927 3095 natus
942 3063 1005 3095 fuit
1040 3065 1076 3095 ut
1089 3063 1217 3095 demon-

197 3115 279 3144 strat
294 3112 515 3144 Philochorus.

666 3151 748 3192 167.

859 191 1183 233 'PHILOCHORI
1211 190 1542 231 FRAGMENTA.

1248 277 1330 327 θέα,
1343 277 1524 331 στέφανον,
1543 276 1700 315 τουτέστι
1717 275 1848 327 κόσμον
1868 273 2113 329 ἀνθηρότατον·
2139 275 2270 328 κόσμον

1247 334 1315 389 γὰρ
1335 329 1422 374 εἶναι
1434 338 1478 388 τῇ
1491 333 1653 388 παρθένῳ
1669 334 1708 373 τὸ
1723 333 1811 385 μετὰ
1826 337 1887 372 τοῦ
1903 334 2188 387 σωφρονεστάτου
2201 336 2270 373 τῶν

1248 393 1334 432 νέων
1354 392 1578 448 διημερεύειν.

1301 453 1419 490 Paulo
1438 460 1526 503 post
1548 452 1698 504 pergit:
1719 450 1918 503 Φιλόχορος
1941 448 1978 488 δέ
2012 465 2097 504 φησι
2130 453 2182 504 τῷ
2208 449 2272 502 μὲν

1250 507 1361 563 ξοάνῳ
1378 509 1530 548 πλεκτὸν
1547 508 1716 563 στέφανον
1744 507 1965 563 προσφέρειν,
1991 511 2037 560 τῇ
2067 508 2103 547 δὲ
2131 511 2198 562 θεῷ
2215 507 2273 547 τὸν

1249 567 1371 619 ὕμνον.
1388 569 1660 607 Valckenarius
1681 568 1799 606 verba
1819 570 1870 620 τῷ
1895 566 1956 618 μὲν
1982 566 2077 619 λόγῳ
2094 575 2276 619 corrupta

1251 641 1331 665 esse
1342 627 1561 666 existimans
1578 627 1732 678 conjicit
1747 641 1754 663 :
1778 628 1829 679 τῷ
1849 624 1911 677 μὲν
1928 627 2049 678 λωτῷ,
2067 626 2172 677 quod
2186 640 2278 677 pru-

1250 686 1317 724 bat
1331 685 1486 725 Siebelis
1499 715 1509 734 ,
1527 687 1615 736 quia
1638 684 1731 738 λόγῳ
1748 686 1810 722 hie
1829 684 1919 723 ferri
1946 698 2025 722 non
2053 685 2185 736 possit.
2203 684 2277 723 Sed

1251 744 1365 781 nobis
1381 743 1542 782 dubium
1567 757 1644 782 non
1663 752 1741 792 est,
1765 744 1858 794 quin
1881 756 1975 780 voce
1998 740 2092 796 λόγῳ
2113 743 2278 793 hymnus

1253 803 1498 854 significetur,
1513 817 1591 855 quo
1618 804 1852 854 Hippolytus
1875 804 2037 840 Dianam
2055 811 2215 841 coronat
2230 816 2278 840 ex

1252 861 1476 900 Philochori
1495 862 1704 909 sententia,
1721 875 1807 911 quae
1830 869 1965 912 postea
1994 861 2131 899 clarius
2148 861 2280 912 expri-

1254 920 1371 957 mitur
1391 919 1449 973 (τῇ
1465 922 1530 973 θεῷ
1551 919 1608 958 τὸν
1630 918 1764 971 ὕμνον).
1784 921 1927 958 Statuit
1945 920 2065 970 igitur
2078 919 2281 957 Philocho-

1254 992 1318 1016 rus
1330 1007 1341 1026 ,
1361 980 1394 1016 si
1417 979 1573 1029 quidem
1592 979 1811 1016 scholiastes
1833 978 1913 1028 ejus
1930 978 2154 1016 sententiam
2174 985 2276 1015 recte

1255 1037 1456 1087 exposuit,
1472 1036 1602 1074 verbis
1617 1034 1715 1074 τόνδε
1734 1035 1881 1074 πλεκτὸν
1902 1035 2068 1089 στέφανον
2084 1036 2278 1087 Hippoly-

1256 1102 1338 1132 tum
1361 1095 1564 1147 significari
1586 1104 1625 1133 et
1644 1107 1828 1132 coronam
1841 1125 1850 1142 ‚
1868 1108 1982 1146 quam
2007 1103 2140 1132 statuae
2156 1095 2283 1145 impo-

1255 1162 1344 1202 nat,
1376 1162 1414 1192 et
1444 1155 1655 1204 hymnum,
1685 1166 1764 1203 quo
1798 1153 1907 1191 deam
1933 1161 2137 1191 ornaturus
2151 1154 2222 1202 sit,
2244 1161 2283 1191 et

1257 1226 1296 1251 se
1309 1213 1434 1264 ipsum
1452 1221 1495 1250 ut
1507 1212 1719 1263 juventutis
1736 1221 2017 1250 ornamentum.

1310 1275 1486 1309 Fortasse
1502 1271 1754 1308 Philochorus
1768 1271 1843 1308 hoc
1858 1284 1950 1308 usus
1967 1279 2024 1308 est
2039 1271 2216 1322 exemplo
2235 1271 2283 1308 ad

1257 1329 1593 1367 demonstrandum
1614 1330 1808 1382 Euripidis
1825 1329 1993 1367 studium
2017 1328 2208 1367 subtiliter
2223 1330 2286 1367 lo·-

1258 1387 1414 1439 quendi.

1727 1441 1740 1478 1
1751 1441 1814 1480 68.

1317 1493 1430 1545 Diog.
1449 1497 1575 1532 Laert.
1589 1497 1647 1532 IX
1659 1524 1669 1542 ‚
1688 1495 1709 1532 5
1718 1495 1736 1531 5
1751 1509 1759 1531 :
1776 1492 1876 1541 Φησὶ
1888 1491 1924 1531 δὲ
1936 1492 2152 1546 Φιλόχορος,
2166 1492 2287 1532 πλέον·

1257 1567 1314 1595 τος
1334 1552 1438 1590 αὐτοῦ
1462 1550 1537 1603 (τοῦ
1567 1552 1820 1605 Πρωταγόρου)
1850 1553 1883 1594 ἐς
1902 1550 2090 1600 Σικελίαν,
2113 1550 2176 1599 τὴν
2202 1556 2284 1591 ναῦν

1259 1612 1597 1658 καταποντισθῆναι,
1617 1610 1676 1649 καὶ
1696 1615 1796 1650 τοῦτο
1815 1610 2024 1649 αἰνίττεσθαι
2042 1610 2234 1664 Εὐριπίδην
2250 1612 2285 1650 ἐν

1262 1670 1313 1722 τῷ
1329 1667 1455 1713 Ἰξίονι.

1732 1723 1818 1760 169.

1313 1774 1419 1812 Idem
1445 1777 1508 1823 11,
1533 1780 1580 1819 44
1595 1788 1602 1810 :
1619 1773 1816 1828 Φιλόχορος
1841 1772 1879 1811 δέ
1901 1788 1987 1827 φησι
2013 1775 2287 1826 προτελευτῆσαι

1259 1832 1318 1871 τὸν
1340 1832 1534 1884 Εὐριπίδην
1552 1836 1612 1870 τοῦ
1632 1833 1853 1886 Σωκράτους.

1579 1955 1700 1994 ΠΕΡΙ
1719 1954 1910 1993 ΘΥΣΙΩΝ
1927 1951 1971 1991 α’.

1316 2066 1455 2104 Athen.
1469 2069 1575 2114 XIV,
1600 2067 1659 2113 13,
1683 2079 1720 2116 p.
1737 2065 1826 2111 645,
1846 2068 1878 2103 A
1897 2078 1905 2101 :
1924 2063 2120 2118 Ἀμφιφῶν·
2137 2065 2289 2108 πλακοῦς

1262 2123 1438 2177 Ἀρτέμιδι
1461 2123 1702 2174 ἀνακείμενος,
1721 2123 1794 2175 ἔχει
1809 2123 1839 2161 δ’
1859 2125 1892 2161 ἐν
1910 2121 2028 2175 κύκλῳ
2051 2122 2207 2173 καόμενα
2221 2121 2288 2176 δᾴ-

1265 2183 1332 2220 δια.
1415 2181 1613 2236 Φιλόχορος
1639 2180 1675 2220 δὲ
1706 2182 1919 2235 ἀμφιφῶντα
1960 2180 2062 2219 αὐτὸν
2097 2181 2286 2228 κληθῆναι,

1264 2245 1323 2285 καὶ
1343 2247 1390 2290 εἷς
1405 2244 1449 2284 τὰ
1462 2248 1524 2293 τῆς
1541 2245 1736 2299 Ἀρτέμιδος
1753 2244 1829 2299 ἱερὰ
1842 2244 2004 2299 φέρεσθαι
2016 2275 2025 2293 ,
2044 2244 2094 2282 ἔτι
2112 2244 2149 2283 δὲ
2167 2244 2228 2283 καὶ
2245 2246 2291 2290 εἷς

1264 2303 1324 2346 τὰς
1343 2303 1517 2356 τριόδους,
1538 2304 1613 2342 ἐπεὶ
1627 2306 1662 2342 ἐν
1679 2302 1792 2356 ἐκείνῃ
1811 2306 1855 2356 effi
1869 2301 1986 2357 ἡμέρᾳ
2001 2301 2292 2353 ἐ’πικαταλαμὸά-

1265 2377 1361 2400 νεται
1378 2365 1399 2409 ἡ
1423 2362 1552 2410 σελήνη
1573 2362 1630 2400 ἐπὶ
1663 2367 1739 2405 ταῖς
1763 2362 1908 2413 δυσμαῖς
1939 2359 2006 2399 ὑπὸ
2027 2363 2091 2408 τῆς
2109 2365 2168 2399 τοῦ
2187 2360 2287 2408 ἡλίου

1267 2421 1455 2469 ἀνατολῆς,
1472 2420 1532 2459 καὶ
1546 2423 1564 2458 ὁ
1581 2419 1723 2473 οὐρανὸς
1741 2422 1906 2474 ἀμφιφῶς
1923 2418 2068 2471 γίνεται.

1271 2538 1310 2561 eo
1323 2539 1394 2562 esse
1408 2531 1559 2563 ornatum
1570 2554 1580 2570 ,
1594 2530 1683 2571 quod
1698 2538 1774 2562 cum
1797 2531 1917 2571 juvene
1939 2528 2192 2571 prudentissimo
2207 2528 2291 2562 diem
2316 2519 2318 2522 ’

1271 2577 1439 2617 transigat.

1312 2623 1523 2655 Philochorus
1540 2623 1597 2664 ait,
1611 2623 1784 2656 simulacro
1797 2623 1901 2664 ligneo
1913 2631 1989 2655 eum
2001 2630 2152 2654 coronam
2165 2621 2292 2662 offerre,

1271 2669 1340 2702 deae
1352 2679 1430 2702 vero
1445 2670 1616 2710 hymnum.

1313 2768 1424 2801 Tradit
1438 2768 1672 2809 Philochorus,
1697 2718 1904 2810 Priiiigghram
1925 2767 1960 2799 in
1984 2767 2126 2800 Siciliam
2141 2767 2292 2808 navigan·

1273 2817 1335 2846 tem
1350 2823 1425 2846 cum
1440 2824 1522 2847 nave
1538 2816 1571 2847 in
1588 2825 1676 2848 mare
1691 2815 1874 2849 demersum
1896 2823 1984 2855 esse,
2002 2814 2100 2855 idque
2115 2813 2292 2855 significare

1273 2862 1461 2902 Euripidem
1476 2863 1508 2894 in
1525 2863 1648 2895 Ixione.

1316 2960 1530 2994 Philochorus
1545 2962 1732 3003 Euripidem
1741 2912 1834 2995 133¹:
1848 2964 1922 2994 ante
1944 2962 2107 2993 Socratem
2125 2959 2255 2992 obiisse.
2306 2962 2307 2966 ’

1749 3025 1798 3039 Ο..

1557 3056 1623 3094 DE
1651 3026 1954 3094 sX‘c'Rffiicns
1983 3056 2014 3093 1.

1314 3164 1544 3205 Amphiphon,
1562 3165 1706 3205 placenta
1718 3119 1830 3196 nial&
1843 3164 1962 3200 oblata,
1977 3163 2011 3195 in
2027 3163 2162 3195 circuitu
2174 3161 2320 3199 facula&

239 3210 390 3243 Nonnulli
417 3211 571 3251 putarunt
595 3210 808 3252 Hippolytum
828 3210 941 3242 Dianae
977 3210 1141 3251 imponere
1170 3219 1219 3242 co·
1275 3211 1395 3243 habens
1411 3219 1572 3242 accensas.
1640 3211 1850 3243 Philochorus
1869 3219 1946 3242 vero
1969 3209 2222 3251 amphiphonta
2239 3211 2307 3240 iro-‘9

204 3265 311 3290 mnam
327 3266 345 3289 e
368 3257 500 3289 floribus
531 3267 668 3297 nexam,
692 3257 904 3289 Philochorus
927 3266 1004 3289 vero
1027 3257 1134 3290 verbis
1152 3257 1219 3298 qui·
1276 3258 1341 3290 cari
1354 3258 1410 3297 ait,
1426 3257 1508 3289 etin
1523 3258 1634 3289 Dianae
1658 3258 1789 3298 templis
1814 3257 1941 3297 offerri,
1960 3259 2057 3297 atque
2082 3258 2178 3288 etiam
2193 3255 2226 3287 in
2243 3253 2296 3290 tl'lr

199 3305 272 3337 dem
287 3305 423 3345 exprimi
437 3306 482 3336 ait
510 3306 643 3337 Dianam
672 3308 819 3345 Agraeam
829 3305 987 3344 coronari,
1001 3305 1056 3337 sed
1071 3305 1139 3337 haee
1151 3305 1220 3346 ipsa
1277 3304 1352 3343 viis,
1369 3304 1520 3344 quoniam
1537 3312 1574 3335 ea
1591 3303 1642 3335 die
1659 3304 1868 3335 antevertitur
1881 3304 1957 3335 luna
1971 3311 2083 3335 versus
2097 3302 2298 3347 occidentem*

201 3352 298 3384 verba
314 3352 353 3384 de
375 3360 409 3383 se
436 3352 541 3383 dicere
554 3352 763 3392 Hippolytum
783 3362 790 3383 :
810 3365 825 3379 «
843 3360 894 3384 me
913 3352 1019 3392 ipsum
1035 3352 1094 3384 tibi
1116 3352 1219 3384 offero
1279 3360 1298 3382 a
1311 3351 1390 3383 solis
1407 3352 1479 3382 ortu
1492 3373 1501 3389 ‚
1523 3353 1619 3390 atque
1644 3350 1724 3382 adeo
1749 3349 1866 3381 coelum
1891 3349 1928 3381 fit
1943 3350 2101 3391 ἀμφιφῶς,
2126 3349 2147 3381 i.
2175 3357 2205 3380 e.
2225 3347 2295 3379 luoo

202 3401 239 3432 ut
255 3407 406 3431 coronam
423 3411 436 3425 υ
455 3398 476 3429 i.
491 3407 533 3438 e.‚
552 3399 589 3430 ut
608 3401 756 3430 ornatum
778 3398 942 3438 ssoridum;
955 3398 1071 3439 virgini
1083 3398 1168 3431 enim
1184 3398 1217 3430 in

1246 3390 1250 3439 J
1279 3397 1443 3438 utrimque
1458 3396 1688 3429 collustratum.
