2320 3684
700 130 1032 171 APOLLODORI
1059 131 1418 172 BIBLIOTHECAE
1445 133 1478 183 1,
1492 137 1528 174 9.

60 224 161 277 γυνή.
181 223 248 268 εΩς
267 222 304 262 δὲ
323 217 426 270 ἦλθεν
445 224 467 268 ἡ
486 223 546 259 τοῦ
571 218 731 266 θνήσκειν
752 216 868 270 ἡμέρα
880 247 891 264 ,
915 215 1006 267 μήτε
1030 220 1091 254 τοῦ

61 282 192 337 πατρὸς
214 281 303 334 μήτε
336 283 399 328 τῆς
418 278 548 332 μητρὸς
567 276 654 330 ὑπὲρ
672 277 776 314 αὐτοῦ
795 274 955 321 θνήσκειν
977 273 1093 312 θελόν-

61 357 146 387 των,
165 340 352 388 Ἄλκηστις
375 335 625 392 ὑπεραπέθανε.
652 334 722 374 Καὶ
749 332 858 380 αὐτὴν
883 331 989 371 πάλιν
1009 331 1093 370 ἀνέ-

61 402 198 453 πεμψεν
219 402 242 446 ἡ
260 397 377 451 Κόρη·
401 398 448 439 ὡς
465 394 502 433 δὲ
524 393 608 432 ἔνιοι
630 392 804 444 λέγουσιν,
825 391 1004 444 Ἡρακλῆς
1025 406 1094 441 μα-

62 458 255 512 χεσάμενος
271 456 370 514 ᾍδῃ.

116 518 193 568 (16)
214 515 360 557 Αἴσονος
385 511 422 551 δὲ
447 515 508 550 τοῦ
530 510 696 566 Κρηθέως
721 508 780 548 καὶ
798 507 1015 558 Πολυμήδης
1032 509 1095 554 τῆς

61 574 286 622 Αὐτολύκου,
319 571 457 611 Ἰάσων.
479 565 593 613 Οῧτος
621 568 706 623 ᾤκει
738 570 773 607 ἐν
795 567 948 618 Ἰωλκῷ,
976 569 1038 613 τῆς
1057 564 1093 603 δὲ

63 633 206 676 Ἰωλκοῦ
219 631 346 674 Πελίας
365 629 568 668 ἐὸασίλευσε
580 626 669 679 μετὰ
682 625 835 682 Κρηθέα.
848 627 865 651 2
883 620 930 680 ’ᾯ
947 640 973 678 χ
975 623 1095 678 ρωμέ-

61 708 111 745 νῳ
130 692 210 747 περὶ
226 693 288 737 τῆς
307 688 483 742 βασιλείας
504 686 684 726 ἐθέσπισεν
699 689 717 725 ὃ
733 685 825 734 θεὸς,
844 684 903 723 τὸν
925 682 1096 735 μονοσάν-

62 751 166 789 δαλον
209 747 439 804 φυλάξασθαι.
466 746 519 787 Τὸ
546 746 610 798 μὲν
639 739 698 783 οὖν
731 746 868 798 πρῶτον
892 741 1010 794 ἠγνόει
1034 741 1093 780 τὸν

59 807 235 863 χρησμὸν,
259 800 355 850 αὖθις
381 805 419 844 δὲ
444 804 588 859 ὕστερον
617 803 721 842 αὐτὸν
749 801 851 853 ἔγνω.
875 802 998 840 Τελῶν
1028 799 1095 853 γὰρ

60 866 118 906 ἐπὶ
135 869 180 919 τῇ
200 865 360 918 θαλάσσῃ
378 864 576 904 Ποσειδῶνι
592 862 727 910 θυσίαν,
743 860 869 904 ἄλλους
887 874 926 898 τε
946 857 1097 901 πολλοὺς

58 924 248 977 ἐπὶταύτῃ,
258 923 318 962 καὶ
337 922 395 962 τὸν
413 921 553 962 Ἰάσονα
571 919 832 973 μετεπέμψατο.
849 920 866 945 3
886 918 931 957 ‘O
947 916 983 956 δὲ
999 914 1097 969 πόθῳ

58 983 228 1038 γεωργίας
244 983 280 1021 ἐν
299 987 372 1025 τοῖς
393 980 535 1035 χωρίοις
557 981 740 1027 διατελῶν,
760 976 929 1016 ἔσπευσεν
955 975 1012 1014 ἐπὶ
1031 973 1095 1022 τὴν

59 1042 194 1082 θυσίαν.
213 1039 419 1080 Διαὸαίνων
429 1038 466 1077 δὲ
481 1037 641 1089 ποταμὸν
658 1036 840 1090 Ἄναυρον,
855 1033 978 1081 ἐξῆλθε
993 1047 1098 1085 μονο-

62 1101 253 1148 σάνδαλος,
274 1099 315 1139 τὸ,
333 1097 449 1152 ἕτερον
470 1096 646 1141 ἀπολέσας
667 1097 703 1135 ἐν
732 1098 783 1148 τῷ
804 1093 926 1148 ῥείθρῳ
941 1091 1097 1131 πέδιλον.

60 1160 78 1186 4
95 1158 323 1210 Θεασάμενος
339 1156 376 1196 δὲ
397 1156 530 1200 Πελίας
548 1154 736 1204 αὐτὸν,καὶ
751 1153 809 1192 τὸν
823 1151 986 1207 χρησμὸν
1004 1167 1099 1202 συμ-

61 1216 193 1266 ὅαλὼν,
217 1215 339 1271 ἠρώτα
361 1214 576 1276 προσελθὼν,
606 1214 642 1253 τί
670 1213 711 1252 ἂν
741 1212 904 1260 ἐποίησεν
940 1209 1097 1256 ἐξουσίαν

60 1274 167 1328 ἔχων,
187 1277 218 1314 εἷ
235 1271 351 1326 λόγιον
381 1277 424 1321 ἠν
455 1275 574 1324 αὐτῷ,
602 1270 686 1326 πρός
710 1286 802 1314 τινος
829 1269 1099 1324 φονευθήσεσθαι

59 1337 130 1374 τῶν
147 1335 314 1373 πολιτῶν.
333 1331 379 1371 ‘O
398 1330 448 1380 δὲ,
468 1330 536 1370 εἴτε
553 1330 696 1369 ἐπελθὸν
714 1329 849 1378 ἄλλως,
867 1327 936 1367 εἴτε
955 1327 1012 1366 διὰ
1032 1330 1102 1379 μῆ-

60 1409 113 1433 νιν
133 1393 270 1447 Ἥρας,
289 1389 334 1429 ἵν’
365 1390 459 1429 ἔλθοι
483 1389 591 1428 κακὸν
613 1388 754 1436 Μήδεια
798 1386 912 1440 Πελία
941 1385 1016 1437 (τὴν
1032 1385 1100 1439 γὰρ

60 1453 179 1507 “Ήραν
198 1454 261 1491 οὐκ
277 1451 482 1503 ἐτίμα),,Τὸ
498 1450 745 1504 χρυσόμαλλον
764 1447 878 1502 δέρας,
892 1446 972 1501 ἔφη,
991 1461 1102 1501 προσ-

62 1513 205 1552 έταττον
213 1511 253 1551 ἂν
264 1510 378 1566 φέρειν
388 1512 495 1564 αὐτῷ.
507 1511 524 1537 ⁵
544 1512 659 1550 Τοῦτο
676 1508 808 1551 Πελίας
819 1505 970 1550 ἀκούσας
979 1537 989 1555 ,
1003 1505 1101 1549 εὐθὺς

64 1571 123 1610 ἐπὶ
139 1570 179 1609 τὸ
198 1569 298 1622 δέρας
311 1571 420 1607 ἐλθεῖν
439 1566 617 1606 ἐκέλευσεν
637 1565 753 1605 αὐτόν.
768 1568 884 1605 Τοῦτο
900 1565 935 1603 ἐν
950 1563 1101 1616 Κόλχοις

7 1635 10 1638 ’
66 1624 108 1677 ἦν
128 1631 164 1669 ἐν
184 1627 302 1683 Ἄρέος
321 1627 420 1666 ἄλσει
440 1625 659 1680 κρεμάμενον
686 1626 726 1663 ἐκ
749 1624 869 1678 δρυὸς,
901 1624 1099 1677 ἐφρουρεῖτο

64 1687 101 1726 δὲ
119 1687 187 1726 ὑπὸ
205 1686 391 1741 δράκοντος
406 1681 550 1723 ἀύπνου.

116 1747 133 1772 ⁶
154 1745 239 1784 Ἐπὶ
252 1748 355 1784 τοῦτο
362 1742 587 1795 πεμπόμενος
600 1741 739 1789 Ἰάσων,
748 1739 786 1779 Ἄ
794 1755 873 1795 ργον
881 1738 1099 1793 παρεκάλεσε

64 1804 123 1844 τὸν
143 1803 277 1859 Φρίξου
290 1819 298 1828 ·
319 1804 478 1846 κάκεῖνος
497 1802 642 1849 Ἀθηνᾶς
666 1798 882 1851 ὖποθεμένης
902 1796 1098 1845 πεντηκόν-

64 1879 162 1918 τορον
189 1866 273 1902 ναῦν
299 1860 535 1901 κατεσκεύασε
565 1859 630 1908 τὴν
658 1860 994 1914 προσαγορευθεῖσαν
1030 1857 1099 1895 ἀπὸ

65 1927 127 1962 τοῦ
164 1920 493 1964 κατασκευάσαντος
518 1918 648 1973 Ἀργώ·
677 1916 770 1957 κατὰ
800 1916 838 1955 δὲ
868 1916 933 1964 τὴν
953 1914 1097 1970 πρῴραν

65 1980 255 2036 ἐνήρμοσεν
275 1980 402 2026 Ἀ’θηνᾶ
428 1981 563 2032 φωνῆεν
590 1980 702 2031 φηγοῦ
720 1979 783 2023 τῆς
802 1974 1006 2017 Δωδωνίδος
1037 1973 1098 2019 ξύ-

64 2042 136 2079 λον.
155 2042 171 2067 7
191 2039 252 2082 Ὡς
269 2036 305 2076 δὲ
326 2040 348 2085 ἡ
369 2040 452 2081 ναῦς
467 2036 750 2084 κατεσκευάσθη,
774 2035 863 2085 [καὶ]
887 2033 1062 2088 χρωμένῳ
1082 2037 1099 2072 ὃ

67 2099 139 2142 θεὸς
155 2100 249 2152 αὐτῷ
264 2098 363 2136 πλεῖν
382 2095 550 2149 ἐπέτρεψε
567 2094 834 2149 συναθροίσαντι
847 2092 926 2136 τοὺς
940 2092 1099 2146 ἀρίστους

35 2191 37 2194 .
64 2157 313 2205 τῆςἙλλάδος.
324 2157 342 2182 ⁸
361 2157 408 2194 Οἱ
421 2154 458 2193 δὲ
469 2153 768 2208 συναθροισθέντες
785 2152 870 2191 εἰσὶν
889 2150 976 2190 οἵδε·
989 2151 1100 2204 Τίφυς

65 2215 200 2268 Ἁγνίου
216 2246 226 2264 ,
254 2214 290 2258 ὃς
309 2213 481 2268 ἐκυὸέρνα
515 2212 578 2260 τὴν
608 2215 708 2260 ναῦν,
741 2209 891 2265 Ὀρφεὺς
922 2209 1098 2263 Οἰάγρου,

67 2275 184 2323 Ζήτης
199 2274 258 2313 καὶ
280 2273 417 2316 Κάλαϊς
437 2271 566 2326 Βορέου
581 2302 590 2320 ,
611 2270 767 2324 Κάστωρ
789 2270 849 2308 καὶ
874 2268 1101 2315 Πολυδεύκης

67 2334 166 2383 Διὸς,
187 2332 363 2384 Τελαμὼν
383 2331 444 2370 καὶ
461 2329 604 2378 Πηλεὺς
631 2331 785 2378 Αἰακοῦ,
805 2327 984 2382 Ἡρακλῆς
1000 2327 1099 2381 Διὸς,

68 2393 208 2441 Θησεὺς
234 2391 393 2444 Αἰγέως,
409 2387 506 2434 Ἴδας
530 2389 590 2428 καὶ
611 2387 767 2440 Λυγκεὺς
791 2386 966 2442 Ἀφαρέως
981 2417 991 2436 ,
1012 2387 1100 2438 Ἀμ-

68 2451 214 2506 φιάραος
250 2448 440 2497 Οἰκλέους,
482 2446 634 2491 Καινεὺς
677 2445 864 2500 Κορώνου,
900 2445 1100 2496 Παλαίμων

69 2511 264 2567 Ἡφαίστου
280 2510 303 2558 ἢ
325 2511 506 2558 Αἰτωλοῦ,
525 2506 669 2562 Κηφεὺς
685 2507 825 2555 Ἀλεοῦ,
847 2505 1007 2559 Λαέρτης
1026 2505 1102 2559 Ἀρ-

69 2570 219 2619 κεισίου,
251 2568 448 2612 Αὐτόλυκος
478 2568 614 2622 Ἑρμοῦ
627 2597 637 2615 ,
672 2565 868 2612 Ἀταλάντη
906 2562 1102 2616 Σχοινέως,

71 2630 250 2674 Μενοίτιος
265 2628 448 2682 Ἄκτορος,
469 2626 605 2681 Ἄκτωρ
622 2625 814 2674 Ἱππάσου,
834 2624 1009 2676 Ἄδμητος
1026 2623 1102 2662 Φέ-

50 2729 53 2734 s
73 2704 173 2743 ρητος
183 2719 193 2738 ,
204 2687 377 2731 Ἄκαστος
387 2685 519 2726 Πελίου
532 2716 542 2734 ,
557 2684 712 2739 Εὔρυτος
722 2683 859 2737 Ἑρμοῦ
874 2714 884 2732 ,
899 2681 1105 2736 Μελέαγρος

72 2746 223 2796 Οἰνέως,
243 2747 403 2798 ’Λγκαῖος
430 2743 655 2799 Λυκούργου,
677 2742 848 2797 Εὔφημος
864 2741 1103 2789 Ποσειδῶνος,

76 2806 188 2850 Ποίας
217 2805 436 2857 Θαυμάκου,
475 2802 610 2851 Βούτης
640 2801 848 2850 Τελέοντος,
889 2800 1011 2843 Φάνος
1045 2799 1104 2837 καὶ

74 2865 256 2919 Στάφυλος
274 2862 443 2903 Διονύσου
459 2893 468 2911 ,
487 2863 648 2917 Ἐργῖνος
666 2862 906 2908 Ποσειδῶνος,
925 2859 1105 2913 Περικλύ-

76 2938 175 2974 μενος
206 2921 369 2970 Νηλέως,
402 2920 540 2973 Αὐγέας
570 2919 714 2968 Ἡλίου,
745 2919 901 2973 Ἴφικλος
931 2918 1104 2967 Θεστίου,

75 2981 194 3036 Ἀργος
208 2980 341 3035 Φρίξου
351 3011 361 3028 ,
382 2979 561 3033 Εὐρύαλος
576 2978 804 3026 Μηκιστέως,
820 2975 1009 3025 Πηνέλεως
1026 2976 1105 3015 Ἱπ-

43 3055 47 3059 ’
75 3040 236 3092 πάλμου,
289 3038 419 3085 Λήϊτος
460 3037 680 3092 Ἀλέκτορος,
725 3036 857 3091 Ἴφιτος
901 3034 1105 3083 Ναυὸόλου,

77 3097 292 3152 Ἀσκάλαφος
310 3097 369 3136 καὶ
388 3097 567 3148 Ἰάλμενος
582 3096 718 3151 Ἄρεος,
738 3093 911 3149 Ἀστέριος
922 3093 1105 3145 Κομήτου,

79 3155 291 3211 Πολύφημος
308 3156 472 3195 Ἐλάτου.

133 3215 211 3267 (17)
226 3210 335 3254 Οῧτοι
348 3218 603 3267 ναυαρχοῦντος
617 3213 771 3256 Ἰάσονος
779 3211 985 3265 ἀναχθέντες
998 3226 1107 3263 προσ-

79 3273 218 3326 ίσχουσι
252 3272 397 3325 Λήμνῳ.
424 3272 560 3325 Ἔτυχε
589 3271 625 3310 δὲ
651 3275 673 3318 ἡ
702 3274 844 3322 Λῆμνος
870 3271 1003 3322 ἀνδρῶν
1028 3267 1105 3306 τότε

78 3326 165 3371 οὖσα
198 3330 343 3386 ἔρημος,
381 3330 633 3382 βασιλευομένη
667 3329 703 3369 δὲ
731 3330 799 3368 ὑπὸ
818 3327 1016 3382 Ὑψιπύλης
1041 3330 1102 3372 τῆς

2097 135 2166 169 119

1145 231 1303 263 moriendi
1318 232 1387 265 dies
1402 232 1586 272 advenerat,
1605 232 1637 264 et
1655 239 1759 272 neque
1771 232 1860 272 pater
1876 238 1979 270 neque
1994 231 2097 262 mater
2110 238 2168 270 pro

1144 289 1210 321 filio
1229 290 1311 322 mori
1327 290 1465 330 vellent,
1484 290 1616 323 Alcestis
1639 298 1697 332 pro
1715 298 1754 322 eo
1769 290 1907 322 mortem
1929 296 2079 330 perpessa
2091 289 2141 320 est
2156 299 2167 328 3

1143 355 1243 387 quam
1257 347 1373 381 deinde
1387 349 1590 391 Proserpina,
1607 348 1674 388 vel,
1692 351 1729 381 ut
1749 346 1945 389 quibusdam
1961 346 2078 388 placet,
2096 347 2169 378 Her-

1145 405 1251 445 cules,
1272 407 1446 439 commissa
1466 416 1540 439 cum
1563 406 1700 440 Plutone
1719 415 1844 448 pugna,
1865 405 1906 438 ad
1927 413 2059 447 superas
2075 412 2170 436 auras

1146 464 1285 496 reduxit.

1189 522 1256 563 (16)
1271 525 1366 554 Iason
1380 525 1487 555 autem
1501 525 1629 564 AEsone‚
1641 524 1770 557 Crethei
1782 523 1859 564 filio,
1874 525 1906 555 et
1915 522 2098 564 Polymede,
2109 524 2170 553 Au-

1146 581 1245 621 tolyci
1268 580 1344 621 filia,
1364 584 1460 613 natus
1481 582 1605 614 Iolcum
1624 583 1801 622 habitabat,
1823 582 1879 615 ubi
1901 582 1975 623 post
1996 581 2171 615 Cretheurn

1146 647 1281 679 regnum
1296 638 1425 672 tenebat
1442 639 1555 672 Pelias.
1573 643 1619 673 20
1625 641 1702 674 uide
1712 641 1799 682 regni
1807 641 1936 674 fortuna
1943 640 2121 674 sciscitanti
2129 639 2173 672 re*-

1148 698 1279 739 spondit
1299 697 1424 738 Apollo,
1442 697 1504 741 ipsi
1522 700 1563 732 ab
1581 709 1630 739 eo,
1650 700 1706 741 qui
1721 700 1856 733 alterum
1871 699 1984 741 pedem
1997 699 2173 732 calceatum

1149 756 1290 796 haberet,
1305 756 1487 789 cavendum
1501 765 1582 789 esse.
1602 758 1745 789 Primum
1758 758 1890 798 quidem
1903 765 2094 798 responsum
2108 765 2174 789 non

1149 814 1318 853 intellexit,
1336 815 1450 856 postea
1461 824 1539 847 vero
1561 824 1692 847 sensum
1718 816 1787 857 ejus
1807 816 1960 857 percepit.
1977 818 2059 848 Nam
2071 823 2174 856 quum

1151 873 1184 904 in
1198 873 1306 905 littore
1329 874 1479 914 Neptuno
1495 881 1585 904 sacra
1601 873 1741 913 faceret,
1759 882 1833 905 cum
1859 873 1938 906 alios
1968 873 2089 906 multos
2103 874 2175 905 tum

1149 931 1247 962 etiam
1275 932 1424 963 Iasonem
1451 929 1615 962 invitavit.
1634 933 1648 952 ⁵
1664 932 1708 969 Is,
1724 930 1811 971 quod
1841 931 1886 963 rei
1905 931 2034 963 rusticae
2052 929 2176 963 deside·

1150 989 1200 1021 rio
1214 989 1396 1029 tenebatur,
1416 989 1484 1021 ruri
1498 997 1609 1030 agens,
1626 989 1667 1020 ad
1684 997 1775 1021 sacra
1787 990 1989 1030 properavit;
2007 989 2063 1022 sed
2075 991 2177 1021 Anau-

1151 1058 1222 1081 rum
1246 1048 1384 1081 fluvium
1397 1048 1557 1090 trajiciens
1573 1047 1694 1080 amisso
1710 1048 1809 1080 altero
1819 1048 1853 1079 in
1870 1057 1963 1080 amne
1978 1048 2097 1087 calceo,
2110 1056 2177 1080 uno

1150 1109 1280 1141 tantum
1294 1107 1376 1149 pede
1390 1107 1551 1140 calceatus
1567 1115 1714 1148 egressus
1730 1109 1789 1139 est.
1807 1106 1921 1145 ⁴Quod
1939 1106 1994 1138 ubi
2011 1106 2114 1139 Pelias
2133 1106 2178 1138 vi-

1153 1167 1213 1208 dit,
1236 1165 1405 1199 oraculum
1421 1165 1528 1198 animo
1545 1166 1710 1206 reputans,
1733 1164 1867 1206 propius
1890 1173 1965 1196 eum
1987 1164 2110 1196 accedit
2130 1172 2178 1195 ro-

1152 1227 1270 1267 gatque
1284 1235 1292 1256 :
1315 1224 1485 1266 quidnam,
1499 1224 1527 1256 si
1541 1223 1672 1256 haberet
1684 1224 1895 1264 potestatem,
1914 1223 2058 1254 facturus
2073 1222 2178 1261 esset,

1152 1283 1181 1315 si
1207 1291 1247 1315 ex
1273 1282 1404 1315 oraculo
1428 1281 1622 1323 praedictum
1644 1280 1727 1314 foret
1740 1305 1750 1321 ,
1777 1289 1796 1312 a
1821 1279 1944 1312 civium
1969 1278 2077 1319 aliquo
2098 1287 2180 1310 mor-

1153 1345 1218 1376 tem
1248 1342 1311 1375 sibi
1343 1342 1469 1375 illatum
1491 1342 1541 1374 iri.
1559 1341 1621 1374 Hic
1649 1342 1775 1381 autem,
1798 1340 1867 1372 sive
1894 1338 1983 1380 quod
2005 1339 2068 1370 hoc
2101 1338 2183 1370 sorte

1153 1403 1188 1435 in
1203 1403 1346 1435 mentem
1363 1401 1497 1441 veniret,
1514 1401 1584 1433 sive
1599 1399 1738 1433 Junonis
1766 1399 1814 1431 ira
1842 1399 2043 1439 suggerente,
2063 1397 2100 1429 ut
2120 1398 2183 1429 Me-

1154 1461 1247 1493 deam
1260 1461 1295 1492 in
1307 1460 1403 1500 Pelei,
1421 1459 1478 1501 qui
1494 1459 1588 1492 deam
1602 1458 1792 1500 negligebat,
1803 1457 1978 1499 perniciem
1996 1455 2182 1494 adduceret,

1157 1531 1171 1546 u
1186 1518 1296 1551 Vellus
1313 1526 1447 1550 aureum
1470 1518 1509 1549 ut
1527 1516 1581 1549 ille
1594 1516 1724 1550 afferret
1738 1515 1942 1556 imperarem,
1956 1527 1972 1542 u
1999 1512 2178 1554 respondit.

1153 1580 1248 1615 *Quo
1264 1577 1376 1609 audito
1406 1576 1510 1609 Pelias
1528 1576 1636 1617 ipsum
1662 1575 1703 1615 ad
1717 1574 1822 1607 vellus
1837 1573 2047 1615 repetendum
2072 1572 2181 1605 statim

1153 1636 1312 1678 proficisci
1332 1635 1441 1677 jussit.
1457 1637 1529 1668 Hoc
1544 1643 1621 1667 vero
1647 1633 1777 1668 Colchis
1793 1634 1863 1666 erat
1887 1632 1921 1664 in
1937 1631 2050 1664 Martis
2076 1631 2150 1663 luco
2166 1638 2185 1662 e

1152 1703 1273 1736 quercu
1290 1703 1498 1736 suspensum,
1513 1694 1570 1727 ubi
1585 1693 1683 1726 draco
1697 1693 1857 1725 insomnis
1872 1691 1906 1724 id
1917 1690 2133 1724 custodiebat.

1193 1755 1264 1787 ⁶Ad
1282 1754 1343 1786 hoc
1364 1753 1463 1795 igitur
1481 1752 1712 1794 reportandum
1727 1754 1822 1784 Iason
1849 1754 1969 1791 Argum
1991 1749 2182 1789 arcessivit,

1152 1818 1254 1850 filium
1268 1817 1397 1851 Phrixi.>
1409 1818 1442 1849 Is
1456 1816 1611 1848 Minervae
1624 1814 1760 1847 consilio
1774 1813 2008 1855 quinquaginta
2021 1820 2184 1845 remorum

1154 1891 1288 1923 navem,
1303 1891 1322 1914 a
1337 1881 1422 1914 fabri
1440 1881 1571 1913 nomine
1588 1883 1672 1921 Argo
1687 1879 1896 1921 appellatam,
1914 1877 2099 1910 construxit
2113 1887 2122 1916 ;
2143 1876 2182 1909 ad

1153 1950 1247 1991 cujus
1262 1955 1392 1990 proram
1406 1945 1517 1978 vocale
1533 1945 1678 1978 Minerva
1693 1953 1711 1977 e
1725 1944 1796 1985 sago
1811 1943 1978 1976 Dodonaea
1993 1942 2118 1983 lignum
2134 1949 2183 1974 ac-

1153 2012 1382 2047 commodavit.
1397 2014 1506 2045 ⁷Nave
1520 2011 1630 2052 itaque
1647 2009 1802 2049 confecta,
1820 2007 1927 2041 Iasoni
1943 2007 2111 2040 oraculum
2128 2007 2186 2039 sci-

1154 2079 1283 2114 scitanti
1308 2079 1391 2111 deus
1410 2077 1482 2110 vela
1496 2076 1600 2109 facere
1614 2073 1779 2117 permisit,
1803 2082 1904 2114 quum
1930 2073 2032 2106 totius
2051 2071 2185 2105 Graeciae

1152 2147 1294 2188 optimos
1304 2151 1451 2186 quosque
1459 2141 1683 2182 congregasset
1689 2150 1699 2179 ;
1706 2143 1720 2162 ⁸
1728 2147 1866 2180 quorum
1875 2138 2082 2170 collectorum
2091 2136 2188 2168 nomi-

1152 2222 1192 2245 na
1200 2213 1270 2245 haec
1282 2212 1374 2244 sunt:
1386 2209 1520 2250 Tiphys,
1530 2206 1662 2248 Hagniae
1669 2205 1767 2242 filius,
1777 2205 1829 2238 cui
1836 2204 1928 2236 navis
1935 2202 2187 2245 gubernaculum

1153 2277 1336 2319 delegatum
1366 2274 1446 2313 fuit,
1466 2273 1615 2315 Orpheus
1630 2271 1742 2313 OEagri
1753 2296 1761 2312 ‚
1780 2273 1872 2303 Zetes
1886 2271 1919 2302 et
1935 2269 2043 2303 Calais
2059 2269 2186 2305 Boreae,

1153 2343 1269 2375 Castor
1284 2343 1316 2373 et
1330 2339 1445 2372 Pollux
1462 2337 1556 2371 Jovis
1567 2359 1578 2375 ,
1594 2337 1750 2370 Telamon
1766 2336 1798 2368 et
1814 2335 1927 2367 Peleus
1944 2333 2034 2366 AEaci
2044 2356 2052 2372 ‚
2068 2334 2187 2364 Hercu-

1155 2406 1202 2438 les
1219 2405 1312 2438 Jovis
1323 2429 1332 2445 ‚
1351 2404 1498 2437 Theseus
1513 2401 1602 2442 AEgei
1612 2425 1622 2442 ,
1638 2401 1713 2433 Idas
1728 2401 1761 2432 et
1777 2401 1926 2440 Lynceus
1942 2395 2098 2438 Apharei,
2113 2397 2186 2427 Am-

1155 2473 1308 2515 phiaraus
1324 2471 1425 2504 Oiclis
1442 2494 1451 2510 ,
1478 2471 1618 2502 Caeneus
1634 2466 1777 2506 Coroni,
1798 2464 1960 2497 Palaemon
1983 2462 2120 2494 Vulcani
2135 2462 2186 2493 vel

1156 2536 1264 2576 AEtoli‚
1280 2535 1427 2577 Cepheus
1438 2533 1535 2573 Aleae,
1546 2533 1677 2565 Laertes
1690 2530 1816 2568 Arcisii,
1832 2527 2009 2567 Autolycus
2024 2524 2185 2564 Mercurii,

1157 2601 1307 2634 Atalanta
1323 2599 1482 2638 Schoenei,
1502 2598 1676 2631 Menoetius
1692 2596 1830 2634 Actoris,
1846 2595 1943 2626 Actor
1959 2589 2103 2631 Hippasi,
2126 2588 2187 2621 Ad-

1157 2667 1264 2699 metus
1279 2664 1437 2704 Pheretis,
1456 2663 1594 2696 Acastus
1607 2661 1714 2700 Peliae,
1732 2660 1876 2699 Eurytus
1892 2655 2054 2696 Mercurii,
2075 2654 2187 2687 Melea-

1157 2741 1211 2773 ger
1233 2730 1343 2769 OEnei,
1366 2732 1506 2762 Ancaeus
1527 2726 1678 2768 Lycurgi,
1701 2724 1890 2765 Euphemus
1912 2719 2070 2762 Neptuni,
2093 2721 2187 2751 Poeas

1128 2788 1134 2848 Ι
1158 2795 1348 2835 Thaumaci,
1364 2796 1463 2827 Butes
1476 2791 1650 2829 Teleontis,
1662 2790 1792 2821 Phanus
1804 2787 1837 2819 et
1850 2785 2025 2826 Staphylus
2038 2783 2185 2825 Dionysi,

1157 2862 1297 2903 Erginus
1313 2859 1466 2900 Neptuni,
1484 2856 1724 2896 Periclymenus
1738 2851 1836 2891 Nelei,
1854 2854 1979 2891 Augeas
1993 2848 2087 2888 Solis,
2103 2848 2187 2890 Iphi-

1158 2926 1228 2959 clus
1244 2923 1383 2962 Thestii,
1401 2925 1504 2962 Argus
1524 2919 1633 2952 Phrixi
1644 2941 1652 2957 ,
1670 2915 1830 2957 Euryalus
1847 2913 2010 2955 Mecistei,
2031 2913 2187 2946 Peneleus

1159 2987 1333 3030 Hippalmi,
1348 2985 1458 3018 Leitus
1479 2981 1647 3019 Alectoris‚
1660 2979 1787 3020 Iphitus
1813 2977 1969 3017 Nauboli,
1990 2976 2187 3019 Ascalaphus

1158 3055 1189 3085 et
1229 3052 1390 3084 Ialmenus
1426 3046 1555 3084 Martis,
1583 3044 1730 3076 Asterius
1762 3043 1907 3076 cometae
1919 3066 1928 3082 ,
1969 3041 2186 3084 Polyphemus

1159 3116 1252 3149 Elati.

1201 3215 1268 3257 (17)
1291 3213 1332 3246 Hi
1356 3213 1451 3254 igitur
1483 3211 1645 3243 navarcho
1676 3212 1789 3242 Iasone
1809 3208 1911 3240 evecti
1944 3207 2107 3250 appellunt
2131 3209 2186 3239 Lc-

1159 3283 1283 3308 mnum.
1299 3275 1379 3310 Quae
1389 3271 1494 3302 insula
1505 3273 1574 3301 tum
1587 3267 1665 3301 viris
1681 3268 1806 3307 orbata,
1819 3267 1920 3309 Hypsi
1924 3266 2185 3308 pyles,Thoantis

1158 3331 1385 3372 ssliae,impcrio
1401 3329 1578 3370 regebatur.
1592 3331 1697 3362 Causa
1711 3328 1754 3360 rei
1772 3327 1832 3359 suit
1846 3327 1915 3359 haec
1931 3325 2104 3358 :2Lemniae
2118 3334 2187 3362 mu·-
