2320 3684
177 151 251 184 464

647 230 733 268 199.

223 283 428 321 Athenaeus
449 286 504 331 11,
531 297 567 333 p.
590 282 639 328 65
652 310 662 327 ,
691 284 719 319 F
732 297 741 319 :
758 281 969 334 Ἐγκέφαλοι
988 280 1142 334 χοίρειοι.

173 341 427 393 Ἀπολλόδωρος
441 341 469 378 δ’
488 343 506 378 ὁ
521 340 695 387 Ἀθηναῖος
718 339 792 376 οὐδ’
812 338 992 390 ὀνομάζειν
1018 338 1096 377 τινὰ
1125 341 1194 377 τῶν

170 401 328 438 παλαιῶν
357 414 460 451 φησιν
491 396 681 451 ἐγκέφαλον
692 413 700 421 ·
737 398 798 436 καὶ
830 397 1014 451 Σοφοκλέα
1042 401 1125 449 γοῦν
1159 399 1194 436 ἐν

169 457 392 512 Τραχινίαις,
412 455 610 503 ποιήσαντα
628 455 687 494 τὸν
712 455 895 508 Ἠρακλέα
924 458 1111 509 ῥιπτοῦντα
1136 455 1194 494 τὸν

170 515 286 567 Λίχαν
309 516 342 558 ἐς
368 514 559 560 θάλασσαν,
580 515 642 551 οὐκ
673 513 847 565 ὀνομάσαι
875 512 1080 567 ἐγκέφαλον,
1105 513 1196 552 ἀλλὰ

170 573 318 611 «λευκὸν
355 572 531 623 μυελὸν»,
567 571 768 610 ἐκκλίνοντα
798 572 838 611 τὸ
867 571 916 624 μὴ
943 572 1195 625 ὀνομαζόμενον

170 633 218 682 (v-
248 631 350 683 794)-

249 694 356 735 Κόμης
368 695 400 726 δὲ
412 693 519 726 λευκὸν
533 694 642 735 μυελὸν
658 694 800 736 ἐκραίνει,
818 695 914 736 μέσου

247 741 356 783 κρατὸς
373 741 591 783 διασπαρέντος
608 741 737 782 αἵματός
754 742 779 773 θ’
796 743 886 783 ὁμοῦ·
896 755 912 770 »

166 791 279 832 καίτοι
296 793 409 831 τᾶλλα
424 793 611 847 διαῤῥήδην
644 793 877 845 ὀνομάσαντα.
905 795 977 834 Καὶ
1006 795 1197 848 Εὐριπίδης

166 850 278 898 δὲτὴν
294 851 451 899 Ἑκάὸην
467 854 659 905 θρηνοῦσαν
675 852 870 905 εἰσαγαγὼν
883 852 942 892 τὸν
957 853 1197 892 Ἀστυάνακτα

166 910 232 949 ὑπὸ
247 913 315 949 τῶν
337 909 519 957 Ἑλλήνων
535 910 697 965 ῥιφθέντα
708 942 719 961 ,
749 911 835 965 φησί
849 927 857 936 ·
878 911 1036 960 Δύστηνε
1056 913 1132 951 κτλ.
1150 918 1195 951 V.

165 970 303 1007 Troad.
321 984 357 1008 v.
384 984 398 1006 1
411 971 569 1017 ¹73-77·

216 1029 446 1080 Apollodori
475 1029 700 1080 opinionem
728 1030 867 1068 refellit
894 1031 1108 1069 Casaubon.
1149 1032 1196 1069 ad

637 1140 728 1180 200.

216 1192 320 1231 Idem
345 1196 412 1241 IV,
428 1207 465 1244 p.
488 1206 574 1242 172,
592 1197 639 1232 F:
656 1195 732 1232 Οὐκ
756 1195 870 1244 ἀγνοῶ
884 1192 919 1232 δὲ
938 1193 997 1232 καὶ
1021 1194 1101 1248 περὶ
1119 1197 1197 1242 Δη-

163 1251 248 1290 λίων
267 1250 289 1288 ἃ
310 1251 567 1305 Ἀπολλόδωρος
586 1255 604 1290 ὃ
623 1251 798 1298 Ἀθηναῖος
826 1251 974 1305 εἴρηκεν,
995 1252 1047 1291 ὅτι
1073 1254 1197 1306 μαγεί-

166 1325 234 1362 ρων
248 1309 310 1348 καὶ
327 1312 588 1362 τραπεζοποιῶν
603 1311 813 1363 παρείχοντο
828 1311 946 1364 χρείας
961 1317 1031 1354 τοῖς
1045 1328 1198 1365 παραγι-

166 1369 321 1419 νομένοις
345 1369 430 1422 πρὸς
451 1368 513 1412 τὰς
525 1369 735 1423 ἱερουργίας,
771 1369 830 1408 καὶ
862 1368 915 1408 ὅτι
933 1365 975 1417 ἦν
993 1372 1107 1415 αὐτοῖς
1127 1372 1196 1410 ἀπὸ

163 1430 232 1466 τῶν
249 1426 406 1481 πράξεων
427 1426 600 1479 ὀνόματα,
621 1428 782 1518 1121άγαδις
794 1428 852 1467 καὶ
873 1428 1060 1481 Γογγύλος.

659 1482 723 1519 01.

215 1533 323 1571 Idem
340 1536 444 1581 XIV,
467 1547 504 1584 p.
535 1535 624 1579 646,
661 1538 712 1572 A:
728 1533 929 1589 Κυριὸάνας
945 1548 953 1556 ·
975 1535 1196 1579 πλακοῦντάς

162 1607 257 1636 τινας
273 1593 510 1643 ὀνομαστικῶς
522 1591 778 1647 Ἀπολλόδωρος
792 1593 876 1646 παρ’
893 1593 1073 1644 Ἀλκμᾶνι.
1090 1611 1105 1627 (ι
1117 1597 1194 1632 Po-

166 1652 240 1689 tuit
257 1660 386 1689 autem
398 1651 473 1688 hoc
491 1665 561 1689 nec
577 1652 703 1690 minus
722 1666 769 1691 ex
783 1665 901 1704 opere
914 1652 995 1706 περὶ
1011 1654 1096 1690 θεῶν
1117 1653 1193 1691 du-

161 1719 263 1748 ctum
278 1724 399 1748 esse.»
428 1712 604 1758 Heynius.

216 1816 325 1853 Idem
346 1820 450 1863 XIV,
477 1831 514 1868 p.
536 1763 869 1865 646,2((])2;.Ψωθία
895 1816 941 1855 τὰ
970 1816 1133 1870 ψαθύρια.

164 1873 423 1928 Ἀπολλόδωρος
443 1874 479 1913 δὲ
497 1879 515 1914 ὁ
535 1875 712 1923 Ἀθηναῖος
737 1875 797 1913 καὶ
819 1875 999 1928 Θεόδωρος
1022 1878 1057 1914 ἓν
1079 1875 1194 1915 Ἀττι-

162 1938 239 1975 καῖς
258 1932 435 1983 γλώσσαις
452 1938 511 1972 τοῦ
529 1933 634 1987 ἄρτου
653 1933 698 1972 τὰ
718 1933 958 1987 ἐπιψαυόμενα
985 1935 1099 1987 ψωθία
1129 1950 1195 1972 κα-

162 1991 296 2028 λεῖσθαι
309 2006 317 2014 ·
334 1990 435 2029 ἅτινα
448 1991 628 2042 ὀνομάζειν
644 1991 868 2044 ἀτταράγους.
885 1994 1040 2044 Repetit
1054 2007 1097 2031 ea
1113 1997 1193 2032 Eu-

163 2050 276 2087 stath.
295 2063 332 2100 p.
352 2051 465 2098 1635,
486 2052 545 2088 30.

630 2164 719 2197 199.

207 2221 307 2254 Suilla
331 2221 471 2254 cerebra.
559 2217 773 2262 Apollodorus
797 2230 874 2254 vero
899 2222 1101 2255 Atheniensis
1125 2224 1190 2262 ait,

166 2277 208 2301 ne
224 2268 404 2300 nominasse
426 2268 558 2308 quidem
575 2269 679 2300 ullum
702 2278 720 2301 e
741 2269 905 2301 veteribus
926 2270 1104 2302 cerebrum.
1129 2273 1191 2303 Ita·

163 2324 227 2356 que
247 2316 280 2347 et
300 2315 487 2356 Sophoclem
506 2315 539 2347 in
556 2316 745 2357 Trachiniis,
759 2325 859 2357 quum
874 2317 1044 2349 Herculem
1061 2317 1193 2358 fingeret

163 2362 286 2395 Lichan
301 2363 335 2394 in
352 2371 440 2394 mare
452 2362 693 2403 projicientem,
711 2363 890 2396 cerebrum
906 2373 972 2395 non
987 2365 1171 2396 nominasse
1181 2388 1191 2404 ‚

164 2409 222 2441 sed
238 2409 356 2442 albam
376 2409 571 2441 medullam
579 2418 593 2445 ;
610 2410 766 2442 vitantem
788 2419 906 2442 nomen
918 2433 926 2449 ‚
943 2411 1031 2451 quod
1051 2420 1192 2452 pronun-

165 2457 250 2489 ciare
268 2457 359 2489 nefas
378 2459 461 2488 esset
479 2466 486 2487 :

291 2512 402 2541 Albam
415 2511 583 2540 medullam
600 2522 685 2541 coma
703 2512 856 2550 effundit,
873 2513 977 2542 medio

292 2558 440 2588 diffracto
456 2558 572 2598 capite,
590 2559 690 2588 multo
706 2570 777 2588 cum
793 2560 943 2598 sanguine
959 2570 967 2591 :

167 2610 317 2651 quamvis
333 2611 441 2651 aperte
467 2613 571 2642 cetera
586 2611 793 2643 nominasset.
820 2614 861 2643 Et
883 2612 1071 2653 Euripides,
1091 2614 1193 2644 Hecu·

168 2658 244 2690 bam
260 2657 416 2690 inducens
431 2657 594 2698 lugentem
611 2661 806 2699 Astyanacta
817 2682 827 2698 ,
843 2668 940 2700 quem
956 2668 974 2691 e
989 2660 1072 2691 turri
1090 2659 1194 2691 Graeci

169 2703 467 2746 praecipitaverant,
489 2703 567 2735 dicit
587 2714 595 2736 :

397 2764 423 2792 O
441 2763 552 2792 infelix
569 2769 628 2793 etc.

637 2824 727 2857 200.

213 2880 345 2913 Minime
369 2881 480 2922 ignoro
502 2890 575 2922 quae
598 2881 639 2914 de
654 2882 753 2914 Deliis
769 2881 982 2922 Apollodorus
1006 2881 1088 2914 dixit
1104 2881 1196 2914 Athe-

174 2927 291 2959 niensis
303 2951 312 2966 ,
334 2929 523 2968 praestitisse
552 2938 607 2961 eos
628 2929 698 2968 his,
715 2929 770 2970 qui
788 2938 954 2961 sacrorum
975 2928 1196 2960 faciendorum

175 2982 284 3005 caussa
305 2975 420 3006 Delum
436 2976 626 3015 veniebant,
644 2984 823 3016 coquorum
839 2978 871 3008 et
888 2978 1084 3008 structorum
1104 2976 1196 3007 mini-

176 3020 308 3051 sterium
327 3031 336 3060 ;
353 3021 515 3063 fuisseque
529 3023 576 3055 eis
592 3023 632 3055 ab
649 3023 719 3064 ipsa
735 3032 769 3055 re
785 3023 933 3064 nomina,
964 3025 1064 3056 Mazae
1089 3024 1122 3056 et
1137 3025 1197 3056 Tu-

176 3066 298 3098 rundae.

643 3124 732 3156 201.

220 3175 397 3209 cribanas:
428 3179 590 3218 placentas
618 3182 775 3221 quasdam
810 3184 939 3223 proprie
966 3183 1013 3215 sic
1054 3182 1200 3215 nominat

180 3221 267 3261 apud
287 3222 472 3256 Alcmanem
488 3227 711 3266 Apollodorus.

644 3288 732 3321 202.

888 141 1222 183 APOLLODORI
1253 141 1585 182 FRAGMENTA.

1724 229 1814 268 203.

1305 299 1432 338 Schol.
1452 300 1647 351 Aristoph.
1662 300 1761 339 Plut.
1785 299 1858 339 535
1878 314 1886 336 :
1906 302 2042 353 Φῷδες.
2109 301 2279 342 Ἀπολλό-

1253 357 1359 410 δωρος
1370 357 1415 396 τὰ
1429 360 1468 397 ἐκ
1482 362 1542 398 τοῦ
1555 358 1663 412 πυρὸς
1678 358 1880 411 ἐρυθήματα
1898 358 1921 405 ἢ
1941 360 1981 398 ἐκ
1999 359 2148 413 ψύχους,
2160 359 2184 407 ἢ
2202 360 2282 405 τοὺς

1251 415 1374 460 τύλους
1389 416 1449 455 καὶ
1465 416 1512 455 τὰ
1531 416 1758 468 ἕπικαύματα
1780 417 1824 455 τὰ
1843 418 1882 455 ἐκ
1901 421 1961 456 τοῦ
1978 418 2085 471 πυρός
2099 434 2106 443 ·
2134 421 2181 463 ὡς
2211 421 2280 457 τῶν

1252 475 1411 523 πενήτων
1432 475 1488 515 διὰ
1516 476 1555 515 τὸ
1591 479 1788 530 αὐτουργεῖν
1810 481 1911 516 τοῦτο
1929 477 2150 530 πασχόντων.
2181 483 2279 518 For-

1255 543 1352 572 tasse
1369 535 1443 573 hoc
1461 548 1510 573 ex
1527 536 1764 587 Apollodoro
1779 535 1927 574 medico
1944 537 2187 589 depromtum

1724 614 1813 652 204.

1307 683 1431 721 Schol.
1466 685 1663 735 Apollonii
1700 687 1777 732 ΙΙΙ,
1814 685 1885 722 281
1909 701 1918 724 :
1938 684 2046 730 Ὀξέα
2085 685 2282 726 δενδίλλων.

1255 739 1346 779 Ἀντὶ
1366 745 1426 779 τοῦ
1445 741 1546 787 ὀξέως
1561 741 1942 796 παρεπιστρεφόμενος,
1957 743 2017 782 καὶ
2031 744 2078 787 εἷς
2095 743 2197 783 αὐτὸν
2213 750 2285 788 τοῖς

1254 800 1442 852 ὀφθαλμοῖς
1460 799 1639 838 ἐπινεύων.
1653 799 1819 854 “Ομηρος
1835 800 1872 838 δὲ
1888 801 1945 839 ἐπὶ
1962 805 2024 840 τοῦ
2043 801 2201 856 στρέφειν
2217 803 2283 854 (sc.

1253 856 1333 902 τοὺς
1348 858 1558 911 ὀφθαλμοὺς)
1572 858 1703 897 τέθεικε
1718 859 1780 906 τὴν
1794 858 1900 908 λέξιν,
1914 859 1954 898 τὸ
1967 861 2002 898 ἐν
2017 861 2210 914 ἐπιστροφῇ
2225 865 2286 900 τοῦ

1253 916 1444 969 προσώπου
1476 917 1757 971 παρεγκλίναντα
1790 923 1862 962 τοῖς
1888 920 2078 972 ὀφθαλμοῖς
2103 918 2285 966 ἐπινεύειν,

1254 975 1373 1028 ὥσπερ
1384 975 1444 1013 καὶ
1459 975 1726 1029 Ἀπολλόδωρος.
1736 977 1970 1028 Apollodoro
1983 991 2076 1016 usus
2089 986 2148 1016 est
2166 977 2285 1016 schol.

1254 1034 1303 1071 ad
1320 1034 1363 1071 Il.
1384 1037 1420 1081 Ι,
1450 1036 1533 1073 180.
1551 1035 1610 1073 Cf.
1633 1035 1799 1085 Hesych.
1823 1050 1860 1074 v.
1877 1035 2085 1075 Δενδίλλων.

1725 1105 1800 1142 205
1807 1134 1815 1142 .

1310 1175 1437 1212 Schol.
1458 1174 1501 1212 Il.
1526 1178 1583 1224 A,
1609 1174 1680 1218 148
1697 1189 1705 1211 :
1723 1173 1881 1228 Ὑπόδρα
1895 1203 1907 1219 ,
1949 1174 2148 1228 ἐπίῤῥημα,
2182 1174 2286 1215 πόθεν

1253 1231 1408 1283 γίνεται,
1427 1236 1445 1272 ὁ
1461 1232 1524 1284 μὲν
1545 1232 1802 1286 Ἀπολλόδωρος
1822 1232 1882 1271 δύο
1898 1231 1994 1284 λέγει
2009 1233 2242 1286 παραγωγὰς,
2265 1238 2284 1275 ὁ

1255 1290 1291 1329 δὲ
1312 1291 1527 1344 Ἡρωδιανὸς
1546 1290 1643 1342 μίαν.
1666 1292 1722 1330 Cf.
1739 1293 1906 1342 Etymol.
1926 1292 1963 1330 h.
1977 1307 2015 1333 v.
2037 1301 2076 1331 et
2092 1294 2258 1344 Hesych.

1722 1361 1811 1399 206.

1309 1430 1435 1468 Schol.
1454 1434 1549 1468 Ven.
1568 1430 1615 1468 ad
1628 1431 1671 1469 11.
1691 1431 1733 1479 Ζ,
1749 1445 1814 1480 97,
1830 1431 2037 1468 nonnullos
2052 1431 2285 1484 distinguere

1254 1488 1306 1525 ait
1324 1489 1478 1526 Homeri
1495 1502 1647 1526 versum
1662 1489 1715 1526 ita
1733 1504 1741 1525 ε
1755 1488 1887 1542 ἄγριον,
1906 1487 2085 1540 αἰχμητὴν
2102 1489 2284 1544 κρατερὸν,

1255 1545 1447 1600 μνήστωρα
1470 1545 1611 1600 φόὸοιο,
1636 1548 1920 1598 Apollodorum
1947 1561 2041 1585 vero
2069 1548 2123 1586 ita
2141 1563 2150 1586 :
2166 1548 2284 1604 ἄγριον

1253 1611 1446 1663 αἰχμητήν,
1467 1611 1632 1665 κρατερὸν
1654 1611 1848 1665 μνήστωρα
1870 1610 2003 1665 φόὸοιο.

1306 1669 1413 1707 Idem
1432 1670 1480 1706 ad
1500 1671 1548 1716 Θ,
1569 1683 1639 1706 221
1666 1670 1714 1707 ad
1734 1670 1852 1708 verba
1869 1700 1880 1719 ,
1900 1676 2006 1724 φᾶρος
2028 1669 2119 1722 ἔχων
2139 1671 2175 1708 ἐν
2192 1670 2284 1725 χειρὶ

1251 1727 1382 1779 παχείῃ
1406 1742 1414 1764 :
1445 1727 1495 1766 Τί
1523 1743 1608 1765 ποτε
1641 1727 1826 1779 σημαίνει;
1858 1731 1876 1766 ὁ
1900 1727 1963 1779 μὲν
1991 1728 2281 1783 Ἀπολλόδωρος,

1252 1784 1305 1824 ὅτι
1325 1785 1549 1839 περιειλήσας
1568 1780 1660 1838 εἶχεν
1679 1789 1714 1825 ἓν
1736 1790 1780 1839 τῇ
1801 1786 1909 1840 χειρί.

1307 1933 1431 1971 Schol.
1449 1932 1631 1971 Nicandri
1651 1932 1831 1982 Alexiph.
1851 1933 1939 1982 393,
1960 1945 1998 1983 p.
2025 1932 2074 1970 58
2116 1935 2201 1971 Par.
2228 1933 2289 1984 (p.

1253 1993 1321 2038 80,
1339 1992 1365 2030 b
1377 2022 1386 2040 ‚
1409 1992 1467 2030 ed.
1492 1991 1588 2040 Ald.)
1603 2006 1611 2028 ε
1627 1990 1698 2030 Τὸν
1720 1989 1756 2028 δὲ
1773 1989 1960 2052 στρόμξον,
1978 1989 2016 2029 ὃν
2033 1989 2151 2042 ἔλεγον
2171 1993 2202 2029 οἱ
2218 1993 2282 2045 ἀρ·
2304 2009 2320 2022 „⁴

1250 2056 1346 2103 χαῐοι
1359 2049 1528 2104 ὄστρακον
1547 2051 1617 2088 τῶν
1638 2049 1834 2101 κογχυλίων
1871 2053 1919 2093 οἱς
1945 2049 2005 2087 καὶ
2023 2051 2176 2103 ἐχρῶντο
2203 2050 2283 2089 ἀντὶ

1250 2157 1371 2188 niensis
1386 2157 1419 2188 et
1434 2156 1623 2188 Theodorus
1639 2155 1673 2187 in
1690 2156 1806 2188 Atticis
1833 2155 1959 2188 Glossis
1975 2155 2084 2195 aiunt,
2115 2164 2152 2188 ea
2167 2165 2241 2197 quae
2256 2165 2276 2189 a

1250 2212 1332 2244 pane
1347 2203 1561 2244 deterguntur
1573 2203 1625 2235 vel
1642 2203 1808 2243 fricantur,
1819 2203 1948 2245 psothia
1960 2203 2084 2244 vocari,
2093 2212 2167 2244 quae
2180 2212 2199 2235 a
2211 2213 2285 2235 non·

1256 2250 1352 2282 nullis
1368 2249 1503 2291 attaragi
1517 2251 1735 2282 nominentur.

1297 2350 1405 2391 Φῷδες
1423 2349 1543 2390 (ustio,
1552 2349 1740 2390 pustulae).
1757 2348 1971 2390 Apollodorus
1981 2357 2034 2381 eas
2044 2349 2123 2381 dicit
2141 2350 2285 2382 tumores

1255 2404 1326 2428 esse
1342 2405 1380 2428 ex
1397 2396 1463 2437 igni
1482 2398 1537 2428 aut
1559 2396 1675 2436 frigore
1690 2397 1780 2428 ortos
1791 2419 1800 2435 ,
1817 2396 1886 2427 sive
1908 2395 2007 2427 callos
2023 2397 2055 2428 et
2076 2395 2261 2428 adustiones
2273 2419 2282 2436 ,
2310 2430 2312 2433 ,

1254 2443 1366 2484 quales
1383 2442 1553 2482 accidunt,
1569 2443 1764 2483 pauperibus
1775 2466 1785 2482 ‚
1802 2442 1860 2484 qui
1873 2451 1974 2483 quum
1983 2451 2083 2475 manu
2092 2451 2151 2475 sua
2161 2444 2284 2476 victum

1254 2492 1422 2531 quaerant,
1440 2490 1518 2522 talia
1536 2490 1660 2531 perpeti
1682 2490 1799 2522 solent.

1294 2590 1384 2626 Ὀξέα
1411 2589 1570 2621 δενδίλλων
1593 2597 1651 2629 pro
1668 2590 1759 2626 ὀξέως
1785 2589 2100 2632 παρεπιστρεφόμενος
2112 2611 2121 2627 ,
2137 2589 2281 2621 celeriter

1253 2637 1364 2668 oculos
1374 2637 1408 2668 in
1419 2637 1560 2676 aliquem
1573 2639 1764 2667 convertens
1777 2636 1869 2676 eique
1879 2644 2036 2667 annuens.
2051 2638 2211 2668 Homerus
2223 2636 2284 2668 hac

1254 2684 1418 2715 locutione
1434 2683 1536 2714 utitur
1553 2691 1622 2723 pro,
1641 2682 1753 2714 oculos
1770 2682 1834 2714 11110
1850 2683 1927 2714 111110
1943 2683 2067 2714 vertere
2077 2705 2087 2721 ‚
2103 2682 2218 2714 faciem
2233 2682 2286 2714 de·

1254 2730 1410 2763 flectendo
1426 2729 1528 2762 oculis
1545 2729 1640 2761 alicui
1657 2738 1764 2761 nuere.
1784 2732 1876 2762 Hanc
1891 2729 2140 2770 explicationem
2155 2729 2286 2770 Apollo·
2296 2743 2303 2749 .

1254 2778 1354 2809 dorus
1370 2786 1500 2818 quoque
1516 2776 1642 2818 probat.

1295 2870 1431 2912 Ὑπόδρα
1449 2870 1459 2908 (
1475 2871 1579 2908 torve,
1600 2871 1706 2902 torvis
1722 2870 1832 2901 oculis
1847 2869 1858 2909 )
1878 2868 2068 2901 adverbium
2086 2868 2170 2901 unde
2185 2868 2280 2901 dedu·
2297 2878 2299 2883 ¹

1253 2919 1336 2950 citur
1346 2921 1360 2950 ἓ
1376 2917 1591 2958 Apollodorus
1607 2916 1702 2948 affert
1716 2916 1798 2948 duas
1821 2916 2056 2956 derivationes,
2080 2915 2284 2948 Herodianus

1254 2975 1367 2999 unam.

1722 3013 1811 3045 206.

1298 3060 1457 3094 Pallium
1477 3061 1593 3091 tenens
1617 3059 1655 3090 in
1679 3066 1790 3090 manu
1823 3057 1965 3090 robusta
1989 3057 2069 3097 quid
2097 3056 2284 3096 significat?

1255 3107 1469 3149 Apollodorus
1496 3106 1575 3138 dicit
1591 3108 1862 3146 Agamemnonem
1885 3113 1984 3136 manu
2000 3103 2215 3144 circumagere
2231 3103 2283 3136 vel

1256 3156 1384 3187 vibrare
1397 3161 1540 3194 pannum
1558 3152 1624 3192 (sc.
1643 3153 1680 3182 ut
1706 3153 1897 3184 Graecorum
1923 3151 2045 3182 terrore
2058 3148 2309 3191 perculsorum?

1257 3203 1369 3236 oculos
1383 3201 1417 3232 in
1434 3209 1469 3232 se
1485 3198 1709 3238 converteret).

1301 3295 1455 3339 Στρὸμὸον
1473 3292 1661 3334 (concham)
1672 3295 1794 3324 veteres
1803 3291 1952 3324 dicebant
1967 3291 2086 3323 testam
2102 3288 2281 3329 conchylia·

224 3338 388 3371 Psothia:
405 3348 478 3380 quae
493 3344 523 3372 et
536 3343 722 3384 psollzyrm
798 3345 1011 3386 Apollodorus
1026 3348 1203 3381 vcroAthe-
1261 3353 1352 3384 rum,
1368 3342 1472 3385 iisque
1485 3339 1616 3374 conchis
1631 3339 1840 3373 buccinarum
1856 3339 1927 3371 loco
1939 3338 2123 3371 utebantur.
2142 3336 2194 3369 Sic
2206 3333 2283 3369 dicit
