<?xml version="1.0" encoding="UTF-8"?>
<!DOCTYPE html PUBLIC "-//W3C//DTD XHTML 1.0 Transitional//EN"
    "http://www.w3.org/TR/xhtml1/DTD/xhtml1-transitional.dtd">
<html xmlns="http://www.w3.org/1999/xhtml" xml:lang="en" lang="en">
 <head>
  <title>
</title>
<meta http-equiv="Content-Type" content="text/html;charset=utf-8" />
  <meta name='ocr-system' content='tesseract 3.04.00' />
  <meta name='ocr-capabilities' content='ocr_page ocr_carea ocr_par ocr_line ocrx_word'/>
</head>
<body>
  <div class='ocr_page' id='page_1' title='image "./fragmentahistori01mueluoft_0159.png"; bbox 0 0 2320 3684; ppageno 0'>
   <div class='ocr_carea' id='block_1_1' title="bbox 790 159 1432 202">
    <p class='ocr_par' dir='ltr' id='par_1_1' title="bbox 790 159 1432 202">
     <span class='ocr_line' id='line_1_1' title="bbox 790 159 1432 202; baseline 0.002 -4"><span class='ocrx_word' id='word_1_1' title='bbox 790 159 1072 200; x_wconf 85' lang='lat' dir='ltr'>HELLANICI</span> <span class='ocrx_word' id='word_1_2' title='bbox 1099 162 1432 202; x_wconf 87' lang='lat' dir='ltr'><strong>FRAGMENTA.</strong></span> 
     </span>
    </p>
   </div>
   <div class='ocr_carea' id='block_1_2' title="bbox 447 246 737 308">
    <p class='ocr_par' dir='ltr' id='par_1_2' title="bbox 447 246 737 308">
     <span class='ocr_line' id='line_1_2' title="bbox 447 246 737 308; baseline -0.014 -21"><span class='ocrx_word' id='word_1_3' title='bbox 447 246 716 287; x_wconf 83' lang='lat' dir='ltr'><strong>KPANAIKA.</strong></span> <span class='ocrx_word' id='word_1_4' title='bbox 734 306 737 308; x_wconf 18' lang='lat' dir='ltr'>q</span> 
     </span>
    </p>
   </div>
   <div class='ocr_carea' id='block_1_3' title="bbox 26 373 1100 781">
    <p class='ocr_par' dir='ltr' id='par_1_3' title="bbox 26 373 1100 781">
     <span class='ocr_line' id='line_1_3' title="bbox 121 373 1098 428; baseline -0.007 -10"><span class='ocrx_word' id='word_1_5' title='bbox 121 379 250 419; x_wconf 91' lang='lat' dir='ltr'><strong>Schol.</strong></span> <span class='ocrx_word' id='word_1_6' title='bbox 282 376 483 427; x_wconf 82' lang='lat' dir='ltr'><strong>Aristoph.</strong></span> <span class='ocrx_word' id='word_1_7' title='bbox 509 375 559 413; x_wconf 89' lang='lat' dir='ltr'><strong>ad</strong></span> <span class='ocrx_word' id='word_1_8' title='bbox 584 378 687 413; x_wconf 80' lang='lat' dir='ltr'><strong>Aves</strong></span> <span class='ocrx_word' id='word_1_9' title='bbox 721 375 817 419; x_wconf 81' lang='lat'>1403</span> <span class='ocrx_word' id='word_1_10' title='bbox 840 388 850 411; x_wconf 74' lang='grc' dir='ltr'><strong><em>ε</em></strong></span> <span class='ocrx_word' id='word_1_11' title='bbox 874 373 1098 428; x_wconf 84' lang='grc' dir='ltr'>Ἀντίπατρος</span> 
     </span>
     <span class='ocr_line' id='line_1_4' title="bbox 26 430 1097 491; baseline -0.007 -14"><span class='ocrx_word' id='word_1_12' title='bbox 26 436 32 441; x_wconf 75' lang='grc'><strong>’</strong></span> <span class='ocrx_word' id='word_1_13' title='bbox 68 436 130 477; x_wconf 77' lang='grc' dir='ltr'><strong>καὶ</strong></span> <span class='ocrx_word' id='word_1_14' title='bbox 148 436 337 491; x_wconf 77' lang='grc' dir='ltr'>Εὐφρόνιος</span> <span class='ocrx_word' id='word_1_15' title='bbox 352 436 387 473; x_wconf 83' lang='grc' dir='ltr'><strong>ἐν</strong></span> <span class='ocrx_word' id='word_1_16' title='bbox 406 439 476 478; x_wconf 84' lang='grc' dir='ltr'>τοῖς</span> <span class='ocrx_word' id='word_1_17' title='bbox 495 430 728 483; x_wconf 74' lang='grc' dir='ltr'>ὑπομνήμασί</span> <span class='ocrx_word' id='word_1_18' title='bbox 743 447 829 486; x_wconf 79' lang='grc' dir='ltr'>φασι</span> <span class='ocrx_word' id='word_1_19' title='bbox 841 430 919 475; x_wconf 67' lang='grc' dir='ltr'>τοὺς</span> <span class='ocrx_word' id='word_1_20' title='bbox 937 431 1097 476; x_wconf 78' lang='grc' dir='ltr'>κυκλίους</span> 
     </span>
     <span class='ocr_line' id='line_1_5' title="bbox 70 489 1096 549; baseline -0.007 -14"><span class='ocrx_word' id='word_1_21' title='bbox 70 495 194 549; x_wconf 76' lang='grc' dir='ltr'>χοροὺς</span> <span class='ocrx_word' id='word_1_22' title='bbox 215 497 343 541; x_wconf 78' lang='grc' dir='ltr'>στῆσαι</span> <span class='ocrx_word' id='word_1_23' title='bbox 366 494 504 546; x_wconf 85' lang='grc' dir='ltr'>πρῶτον</span> <span class='ocrx_word' id='word_1_24' title='bbox 535 491 652 530; x_wconf 86' lang='grc' dir='ltr'>Αασὸν</span> <span class='ocrx_word' id='word_1_25' title='bbox 677 490 737 529; x_wconf 88' lang='grc' dir='ltr'><strong>τὸν</strong></span> <span class='ocrx_word' id='word_1_26' title='bbox 763 489 975 545; x_wconf 79' lang='grc' dir='ltr'>Ἑρμιονέα·</span> <span class='ocrx_word' id='word_1_27' title='bbox 1003 493 1035 528; x_wconf 82' lang='grc' dir='ltr'>οἱ</span> <span class='ocrx_word' id='word_1_28' title='bbox 1060 490 1096 529; x_wconf 82' lang='grc' dir='ltr'>δὲ</span> 
     </span>
     <span class='ocr_line' id='line_1_6' title="bbox 69 548 1096 608; baseline -0.006 -15"><span class='ocrx_word' id='word_1_29' title='bbox 69 553 311 608; x_wconf 89' lang='grc' dir='ltr'>ἀρχαιότεροι,</span> <span class='ocrx_word' id='word_1_30' title='bbox 326 549 533 594; x_wconf 84' lang='grc' dir='ltr'>Ἑλλάνικος</span> <span class='ocrx_word' id='word_1_31' title='bbox 553 549 613 589; x_wconf 80' lang='grc' dir='ltr'><strong>καὶ</strong></span> <span class='ocrx_word' id='word_1_32' title='bbox 631 548 866 603; x_wconf 85' lang='grc' dir='ltr'>Δικαίαρχος,</span> <span class='ocrx_word' id='word_1_33' title='bbox 884 548 1020 603; x_wconf 86' lang='grc' dir='ltr'>Ἀρίονα</span> <span class='ocrx_word' id='word_1_34' title='bbox 1038 549 1096 588; x_wconf 83' lang='grc' dir='ltr'><strong>τὸν</strong></span> 
     </span>
     <span class='ocr_line' id='line_1_7' title="bbox 71 607 1098 663; baseline -0.005 -12"><span class='ocrx_word' id='word_1_35' title='bbox 71 614 304 663; x_wconf 83' lang='grc' dir='ltr'>Μηθυμναῖον</span> <span class='ocrx_word' id='word_1_36' title='bbox 320 625 329 634; x_wconf 93' lang='grc'>·</span> <span class='ocrx_word' id='word_1_37' title='bbox 349 608 563 662; x_wconf 86' lang='grc' dir='ltr'>Δικαίαρχος</span> <span class='ocrx_word' id='word_1_38' title='bbox 588 607 651 660; x_wconf 87' lang='grc' dir='ltr'><strong>μὲν</strong></span> <span class='ocrx_word' id='word_1_39' title='bbox 671 610 706 647; x_wconf 82' lang='grc' dir='ltr'><strong>ἐν</strong></span> <span class='ocrx_word' id='word_1_40' title='bbox 728 611 779 662; x_wconf 83' lang='grc' dir='ltr'><strong>τῷ</strong></span> <span class='ocrx_word' id='word_1_41' title='bbox 797 608 877 662; x_wconf 82' lang='grc' dir='ltr'>περὶ</span> <span class='ocrx_word' id='word_1_42' title='bbox 908 611 1098 647; x_wconf 89' lang='grc' dir='ltr'>Διονυσια-</span> 
     </span>
     <span class='ocr_line' id='line_1_8' title="bbox 70 666 1100 721; baseline -0.006 -11"><span class='ocrx_word' id='word_1_43' title='bbox 70 673 141 710; x_wconf 84' lang='grc' dir='ltr'><strong>κῶν</strong></span> <span class='ocrx_word' id='word_1_44' title='bbox 152 668 310 721; x_wconf 80' lang='grc' dir='ltr'>ἀγώνων,</span> <span class='ocrx_word' id='word_1_45' title='bbox 323 667 531 712; x_wconf 85' lang='grc' dir='ltr'>Ἑλλάνικος</span> <span class='ocrx_word' id='word_1_46' title='bbox 540 666 581 706; x_wconf 85' lang='grc' dir='ltr'>δὲ</span> <span class='ocrx_word' id='word_1_47' title='bbox 592 669 627 706; x_wconf 84' lang='grc' dir='ltr'><strong>ἐν</strong></span> <span class='ocrx_word' id='word_1_48' title='bbox 637 673 708 711; x_wconf 89' lang='grc' dir='ltr'>τοῖς</span> <span class='ocrx_word' id='word_1_49' title='bbox 719 670 941 721; x_wconf 86' lang='grc' dir='ltr'>Κραναϊκοῖς.</span> <span class='ocrx_word' id='word_1_50' title='bbox 954 668 1100 705; x_wconf 82' lang='lat' dir='ltr'><strong>Exscri-</strong></span> 
     </span>
     <span class='ocr_line' id='line_1_9' title="bbox 70 726 1099 781; baseline -0.004 -13"><span class='ocrx_word' id='word_1_51' title='bbox 70 730 148 781; x_wconf 88' lang='lat' dir='ltr'><strong>psit</strong></span> <span class='ocrx_word' id='word_1_52' title='bbox 169 729 273 768; x_wconf 90' lang='lat' dir='ltr'><strong>hunc</strong></span> <span class='ocrx_word' id='word_1_53' title='bbox 297 729 426 766; x_wconf 87' lang='lat' dir='ltr'><strong>locum</strong></span> <span class='ocrx_word' id='word_1_54' title='bbox 448 728 653 766; x_wconf 87' lang='lat' dir='ltr'><strong>Phavorin.</strong></span> <span class='ocrx_word' id='word_1_55' title='bbox 679 728 718 765; x_wconf 89' lang='lat' dir='ltr'><strong>in</strong></span> <span class='ocrx_word' id='word_1_56' title='bbox 735 741 772 765; x_wconf 92' lang='lat' dir='ltr'><strong>v.</strong></span> <span class='ocrx_word' id='word_1_57' title='bbox 791 726 1099 766; x_wconf 84' lang='grc' dir='ltr'>Κυκλιοδιδάσκα-</span> 
     </span>
    </p>
   </div>
   <div class='ocr_carea' id='block_1_4' title="bbox 66 788 136 827">
    <p class='ocr_par' dir='ltr' id='par_1_4' title="bbox 66 788 136 827">
     <span class='ocr_line' id='line_1_10' title="bbox 66 788 136 827; baseline -0.014 0"><span class='ocrx_word' id='word_1_58' title='bbox 66 788 136 827; x_wconf 85' lang='grc' dir='ltr'>λοι.</span> 
     </span>
    </p>
   </div>
   <div class='ocr_carea' id='block_1_5' title="bbox 516 875 661 886">
    <p class='ocr_par' dir='ltr' id='par_1_5' title="bbox 516 875 661 886">
     <span class='ocr_line' id='line_1_11' title="bbox 516 875 661 886; baseline 0 0"><span class='ocrx_word' id='word_1_59' title='bbox 516 875 661 886; x_wconf 52' lang='grc' dir='ltr'>ψ</span> 
     </span>
    </p>
   </div>
   <div class='ocr_carea' id='block_1_6' title="bbox 463 924 699 964">
    <p class='ocr_par' dir='ltr' id='par_1_6' title="bbox 463 924 699 964">
     <span class='ocr_line' id='line_1_12' title="bbox 463 924 699 964; baseline -0.008 0"><span class='ocrx_word' id='word_1_60' title='bbox 463 924 699 964; x_wconf 87' lang='grc' dir='ltr'><strong>ΙΣΤΟΡΙΑΙ.</strong></span> 
     </span>
    </p>
   </div>
   <div class='ocr_carea' id='block_1_7' title="bbox 70 992 1110 2158">
    <p class='ocr_par' dir='ltr' id='par_1_7' title="bbox 70 992 1100 1104">
     <span class='ocr_line' id='line_1_13' title="bbox 122 992 1100 1044; baseline -0.002 -12"><span class='ocrx_word' id='word_1_61' title='bbox 122 993 220 1032; x_wconf 86' lang='lat' dir='ltr'>Vide</span> <span class='ocrx_word' id='word_1_62' title='bbox 242 993 288 1031; x_wconf 88' lang='lat' dir='ltr'><strong>fr.</strong></span> <span class='ocrx_word' id='word_1_63' title='bbox 313 995 335 1031; x_wconf 83' lang='lat'>3</span> <span class='ocrx_word' id='word_1_64' title='bbox 355 1001 393 1032; x_wconf 92' lang='lat' dir='ltr'><strong>et</strong></span> <span class='ocrx_word' id='word_1_65' title='bbox 414 994 477 1044; x_wconf 81' lang='lat'><strong>96.</strong></span> <span class='ocrx_word' id='word_1_66' title='bbox 494 995 642 1044; x_wconf 83' lang='lat' dir='ltr'><strong>Cetera,</strong></span> <span class='ocrx_word' id='word_1_67' title='bbox 656 1006 742 1044; x_wconf 85' lang='lat' dir='ltr'><strong>quae</strong></span> <span class='ocrx_word' id='word_1_68' title='bbox 761 993 936 1031; x_wconf 91' lang='lat' dir='ltr'><strong>Sturzius</strong></span> <span class='ocrx_word' id='word_1_69' title='bbox 957 992 1006 1030; x_wconf 87' lang='lat' dir='ltr'><strong>ad</strong></span> <span class='ocrx_word' id='word_1_70' title='bbox 1029 992 1100 1030; x_wconf 90' lang='lat' dir='ltr'><strong>Hi-</strong></span> 
     </span>
     <span class='ocr_line' id='line_1_14' title="bbox 70 1052 795 1104; baseline -0.001 -13"><span class='ocrx_word' id='word_1_71' title='bbox 70 1053 208 1092; x_wconf 77' lang='lat' dir='ltr'><strong>storias</strong></span> <span class='ocrx_word' id='word_1_72' title='bbox 227 1052 429 1095; x_wconf 77' lang='lat' dir='ltr'><strong>referenda</strong></span> <span class='ocrx_word' id='word_1_73' title='bbox 446 1060 569 1104; x_wconf 85' lang='lat' dir='ltr'><strong>putat,</strong></span> <span class='ocrx_word' id='word_1_74' title='bbox 586 1052 667 1090; x_wconf 87' lang='lat' dir='ltr'><strong>haec</strong></span> <span class='ocrx_word' id='word_1_75' title='bbox 687 1060 795 1090; x_wconf 92' lang='lat' dir='ltr'><strong>sunt:</strong></span> 
     </span>
    </p>

    <p class='ocr_par' dir='ltr' id='par_1_8' title="bbox 72 1111 1103 1282">
     <span class='ocr_line' id='line_1_15' title="bbox 123 1111 1046 1222; baseline -0.004 -11"><span class='ocrx_word' id='word_1_76' title='bbox 123 1171 252 1211; x_wconf 91' lang='lat' dir='ltr'><strong>Schol.</strong></span> <span class='ocrx_word' id='word_1_77' title='bbox 282 1171 460 1222; x_wconf 89' lang='lat' dir='ltr'><strong>Apollon.</strong></span> <span class='ocrx_word' id='word_1_78' title='bbox 491 1174 532 1218; x_wconf 95' lang='lat' dir='ltr'><strong>I,</strong></span> <span class='ocrx_word' id='word_1_79' title='bbox 555 1111 648 1217; x_wconf 50' lang='lat'>18236:</span> <span class='ocrx_word' id='word_1_80' title='bbox 666 1170 817 1214; x_wconf 79' lang='grc' dir='ltr'>Αἰτωλὶς</span> <span class='ocrx_word' id='word_1_81' title='bbox 833 1200 844 1220; x_wconf 90' lang='grc'><strong><em>,</em></strong></span> <span class='ocrx_word' id='word_1_82' title='bbox 872 1174 894 1218; x_wconf 84' lang='grc' dir='ltr'>ἠ</span> <span class='ocrx_word' id='word_1_83' title='bbox 931 1169 1046 1217; x_wconf 83' lang='grc' dir='ltr'>Λήδα.</span> 
     </span>
     <span class='ocr_line' id='line_1_16' title="bbox 72 1228 830 1282; baseline -0.004 -12"><span class='ocrx_word' id='word_1_84' title='bbox 72 1228 281 1274; x_wconf 73' lang='grc' dir='ltr'>ἹΞλλάνικος</span> <span class='ocrx_word' id='word_1_85' title='bbox 297 1228 334 1267; x_wconf 83' lang='grc' dir='ltr'>δὲ</span> <span class='ocrx_word' id='word_1_86' title='bbox 354 1229 587 1269; x_wconf 85' lang='grc' dir='ltr'>Καλυδωνίαν</span> <span class='ocrx_word' id='word_1_87' title='bbox 608 1229 716 1277; x_wconf 80' lang='grc' dir='ltr'>αὐτήν</span> <span class='ocrx_word' id='word_1_88' title='bbox 733 1245 830 1282; x_wconf 82' lang='grc' dir='ltr'>φησι.</span> 
     </span>
    </p>

    <p class='ocr_par' dir='ltr' id='par_1_9' title="bbox 74 1288 1106 1459">
     <span class='ocr_line' id='line_1_17' title="bbox 125 1288 1106 1398; baseline -0.004 -12"><span class='ocrx_word' id='word_1_89' title='bbox 125 1347 254 1386; x_wconf 87' lang='lat' dir='ltr'><strong>Schol.</strong></span> <span class='ocrx_word' id='word_1_90' title='bbox 282 1347 462 1398; x_wconf 82' lang='lat' dir='ltr'><strong>Apollon.</strong></span> <span class='ocrx_word' id='word_1_91' title='bbox 481 1351 533 1396; x_wconf 83' lang='grc' dir='ltr'><strong>ΙΙ,</strong></span> <span class='ocrx_word' id='word_1_92' title='bbox 557 1288 634 1391; x_wconf 60' lang='grc' dir='ltr'><strong>ῗζδ</strong></span> <span class='ocrx_word' id='word_1_93' title='bbox 648 1362 656 1384; x_wconf 88' lang='lat'>:</span> <span class='ocrx_word' id='word_1_94' title='bbox 671 1345 880 1390; x_wconf 85' lang='grc' dir='ltr'>Ἑλλάνικος</span> <span class='ocrx_word' id='word_1_95' title='bbox 900 1346 935 1383; x_wconf 82' lang='grc' dir='ltr'><strong>ἐν</strong></span> <span class='ocrx_word' id='word_1_96' title='bbox 953 1347 1003 1398; x_wconf 83' lang='grc' dir='ltr'><strong>τῷ</strong></span> <span class='ocrx_word' id='word_1_97' title='bbox 1023 1346 1106 1398; x_wconf 80' lang='grc' dir='ltr'>ἱερῷ</span> 
     </span>
     <span class='ocr_line' id='line_1_18' title="bbox 74 1405 682 1459; baseline 0 -15"><span class='ocrx_word' id='word_1_98' title='bbox 74 1408 135 1444; x_wconf 75' lang='grc' dir='ltr'>τοῦ</span> <span class='ocrx_word' id='word_1_99' title='bbox 152 1405 233 1450; x_wconf 85' lang='grc' dir='ltr'>Διὸς</span> <span class='ocrx_word' id='word_1_100' title='bbox 254 1405 341 1459; x_wconf 78' lang='grc' dir='ltr'>φησὶ</span> <span class='ocrx_word' id='word_1_101' title='bbox 361 1408 496 1444; x_wconf 86' lang='grc' dir='ltr'>κεῖσθαι</span> <span class='ocrx_word' id='word_1_102' title='bbox 513 1405 553 1445; x_wconf 84' lang='grc' dir='ltr'><strong>τὸ</strong></span> <span class='ocrx_word' id='word_1_103' title='bbox 573 1406 682 1458; x_wconf 84' lang='grc' dir='ltr'>δέρας.</span> 
     </span>
    </p>

    <p class='ocr_par' dir='ltr' id='par_1_10' title="bbox 73 1465 1107 1692">
     <span class='ocr_line' id='line_1_19' title="bbox 128 1465 1107 1573; baseline -0.001 -13"><span class='ocrx_word' id='word_1_104' title='bbox 128 1522 257 1560; x_wconf 87' lang='lat' dir='ltr'><strong>Schol.</strong></span> <span class='ocrx_word' id='word_1_105' title='bbox 272 1522 453 1573; x_wconf 90' lang='lat' dir='ltr'><strong>Apollon.</strong></span> <span class='ocrx_word' id='word_1_106' title='bbox 471 1525 523 1571; x_wconf 93' lang='lat' dir='ltr'><strong>II,</strong></span> <span class='ocrx_word' id='word_1_107' title='bbox 551 1465 648 1571; x_wconf 48' lang='grc'><strong>1837</strong></span> <span class='ocrx_word' id='word_1_108' title='bbox 669 1523 913 1568; x_wconf 72' lang='grc' dir='ltr'>εΤελευτῆσαι</span> <span class='ocrx_word' id='word_1_109' title='bbox 935 1520 999 1568; x_wconf 85' lang='grc' dir='ltr'><strong>τὴν</strong></span> <span class='ocrx_word' id='word_1_110' title='bbox 1015 1519 1107 1559; x_wconf 54' lang='lat' dir='ltr'><strong>“Ei-</strong></span> 
     </span>
     <span class='ocr_line' id='line_1_20' title="bbox 73 1578 1105 1633; baseline -0.001 -15"><span class='ocrx_word' id='word_1_111' title='bbox 73 1580 139 1627; x_wconf 90' lang='grc' dir='ltr'><strong>λην</strong></span> <span class='ocrx_word' id='word_1_112' title='bbox 158 1579 251 1618; x_wconf 81' lang='grc' dir='ltr'>κατὰ</span> <span class='ocrx_word' id='word_1_113' title='bbox 280 1579 450 1627; x_wconf 82' lang='grc' dir='ltr'>Πακτύην</span> <span class='ocrx_word' id='word_1_114' title='bbox 479 1580 596 1633; x_wconf 79' lang='grc' dir='ltr'>φασὶν,</span> <span class='ocrx_word' id='word_1_115' title='bbox 623 1581 670 1625; x_wconf 82' lang='grc' dir='ltr'><strong>ὥς</strong></span> <span class='ocrx_word' id='word_1_116' title='bbox 699 1580 760 1620; x_wconf 86' lang='grc' dir='ltr'><strong>καὶ</strong></span> <span class='ocrx_word' id='word_1_117' title='bbox 782 1578 990 1623; x_wconf 86' lang='grc' dir='ltr'>Ἑλλάνικος</span> <span class='ocrx_word' id='word_1_118' title='bbox 1010 1595 1105 1633; x_wconf 88' lang='grc' dir='ltr'>μαρ-</span> 
     </span>
     <span class='ocr_line' id='line_1_21' title="bbox 73 1644 180 1692; baseline -0.009 -15"><span class='ocrx_word' id='word_1_119' title='bbox 73 1644 180 1692; x_wconf 88' lang='grc' dir='ltr'>τυρεῖ.</span> 
     </span>
    </p>

    <p class='ocr_par' dir='ltr' id='par_1_11' title="bbox 555 1698 618 1737">
     <span class='ocr_line' id='line_1_22' title="bbox 555 1698 618 1737; baseline 0.016 -1"><span class='ocrx_word' id='word_1_120' title='bbox 555 1698 618 1737; x_wconf 87' lang='grc'><strong>89.</strong></span> 
     </span>
    </p>

    <p class='ocr_par' dir='ltr' id='par_1_12' title="bbox 74 1755 1108 1927">
     <span class='ocr_line' id='line_1_23' title="bbox 126 1755 1106 1807; baseline 0 -13"><span class='ocrx_word' id='word_1_121' title='bbox 126 1755 318 1807; x_wconf 88' lang='lat' dir='ltr'><strong>Josephus</strong></span> <span class='ocrx_word' id='word_1_122' title='bbox 336 1757 527 1796; x_wconf 86' lang='lat' dir='ltr'><strong>Archaeol.</strong></span> <span class='ocrx_word' id='word_1_123' title='bbox 550 1761 567 1796; x_wconf 90' lang='lat'><strong>1</strong></span> <span class='ocrx_word' id='word_1_124' title='bbox 580 1787 590 1804; x_wconf 94' lang='lat'>‚</span> <span class='ocrx_word' id='word_1_125' title='bbox 612 1765 653 1803; x_wconf 65' lang='grc' dir='ltr'><strong>[μ</strong></span> <span class='ocrx_word' id='word_1_126' title='bbox 675 1756 883 1800; x_wconf 86' lang='grc' dir='ltr'>Ἑλλάνικος</span> <span class='ocrx_word' id='word_1_127' title='bbox 898 1756 960 1794; x_wconf 88' lang='grc' dir='ltr'><strong>καὶ</strong></span> <span class='ocrx_word' id='word_1_128' title='bbox 981 1755 1106 1794; x_wconf 89' lang='grc' dir='ltr'>Ἀκου-</span> 
     </span>
     <span class='ocr_line' id='line_1_24' title="bbox 74 1813 1108 1870; baseline -0.001 -16"><span class='ocrx_word' id='word_1_129' title='bbox 74 1813 212 1864; x_wconf 85' lang='grc' dir='ltr'>σίλαος,</span> <span class='ocrx_word' id='word_1_130' title='bbox 225 1815 286 1854; x_wconf 81' lang='grc' dir='ltr'><strong>καὶ</strong></span> <span class='ocrx_word' id='word_1_131' title='bbox 305 1815 391 1869; x_wconf 87' lang='grc' dir='ltr'>πρὸς</span> <span class='ocrx_word' id='word_1_132' title='bbox 405 1814 538 1859; x_wconf 84' lang='grc' dir='ltr'>τούτοις</span> <span class='ocrx_word' id='word_1_133' title='bbox 553 1815 707 1870; x_wconf 84' lang='grc' dir='ltr'>Ἔφορος</span> <span class='ocrx_word' id='word_1_134' title='bbox 725 1815 786 1855; x_wconf 82' lang='grc' dir='ltr'><strong>καὶ</strong></span> <span class='ocrx_word' id='word_1_135' title='bbox 805 1815 996 1863; x_wconf 64' lang='grc' dir='ltr'>ΝικοἍαος,</span> <span class='ocrx_word' id='word_1_136' title='bbox 1012 1817 1108 1853; x_wconf 83' lang='grc' dir='ltr'>ἱστο-</span> 
     </span>
     <span class='ocr_line' id='line_1_25' title="bbox 76 1872 866 1927; baseline 0.003 -16"><span class='ocrx_word' id='word_1_137' title='bbox 76 1876 173 1926; x_wconf 82' lang='grc' dir='ltr'>ροῦσι</span> <span class='ocrx_word' id='word_1_138' title='bbox 191 1872 269 1917; x_wconf 76' lang='grc' dir='ltr'>τοὺς</span> <span class='ocrx_word' id='word_1_139' title='bbox 294 1873 461 1927; x_wconf 75' lang='grc' dir='ltr'>ἀρχαιοὺς</span> <span class='ocrx_word' id='word_1_140' title='bbox 483 1874 655 1922; x_wconf 81' lang='grc' dir='ltr'>ζήσαντας</span> <span class='ocrx_word' id='word_1_141' title='bbox 674 1873 735 1923; x_wconf 86' lang='grc' dir='ltr'><strong>ἔτη</strong></span> <span class='ocrx_word' id='word_1_142' title='bbox 756 1874 866 1927; x_wconf 88' lang='grc' dir='ltr'>χίλια.</span> 
     </span>
    </p>

    <p class='ocr_par' dir='ltr' id='par_1_13' title="bbox 74 1932 1110 2158">
     <span class='ocr_line' id='line_1_26' title="bbox 127 1932 1107 1985; baseline 0.001 -15"><span class='ocrx_word' id='word_1_143' title='bbox 127 1932 271 1971; x_wconf 89' lang='lat' dir='ltr'><strong>Eadem</strong></span> <span class='ocrx_word' id='word_1_144' title='bbox 284 1933 362 1971; x_wconf 87' lang='lat' dir='ltr'><strong>fere</strong></span> <span class='ocrx_word' id='word_1_145' title='bbox 375 1933 520 1973; x_wconf 87' lang='lat' dir='ltr'><strong>habent</strong></span> <span class='ocrx_word' id='word_1_146' title='bbox 530 1933 719 1972; x_wconf 88' lang='lat' dir='ltr'><strong>Eusebius</strong></span> <span class='ocrx_word' id='word_1_147' title='bbox 736 1938 862 1985; x_wconf 82' lang='lat' dir='ltr'><strong>Praep.</strong></span> <span class='ocrx_word' id='word_1_148' title='bbox 877 1947 938 1973; x_wconf 89' lang='lat' dir='ltr'><strong>ev.</strong></span> <span class='ocrx_word' id='word_1_149' title='bbox 955 1936 1028 1983; x_wconf 89' lang='lat' dir='ltr'><strong>IX,</strong></span> <span class='ocrx_word' id='word_1_150' title='bbox 1049 1934 1107 1981; x_wconf 82' lang='lat'><strong>13,</strong></span> 
     </span>
     <span class='ocr_line' id='line_1_27' title="bbox 74 1991 1106 2044; baseline -0.003 -12"><span class='ocrx_word' id='word_1_151' title='bbox 74 2003 114 2042; x_wconf 90' lang='lat' dir='ltr'><strong>p.</strong></span> <span class='ocrx_word' id='word_1_152' title='bbox 145 1991 235 2040; x_wconf 81' lang='lat'><strong>415,</strong></span> <span class='ocrx_word' id='word_1_153' title='bbox 269 1995 319 2040; x_wconf 89' lang='lat' dir='ltr'><strong>D,</strong></span> <span class='ocrx_word' id='word_1_154' title='bbox 343 1997 381 2031; x_wconf 89' lang='lat' dir='ltr'><strong>et</strong></span> <span class='ocrx_word' id='word_1_155' title='bbox 408 1994 475 2032; x_wconf 89' lang='lat' dir='ltr'><strong>Ge.</strong></span> <span class='ocrx_word' id='word_1_156' title='bbox 507 1993 704 2044; x_wconf 85' lang='lat' dir='ltr'><strong>Syncellus</strong></span> <span class='ocrx_word' id='word_1_157' title='bbox 737 1992 1030 2043; x_wconf 83' lang='lat' dir='ltr'><strong>Chronograph.</strong></span> <span class='ocrx_word' id='word_1_158' title='bbox 1068 2005 1106 2042; x_wconf 91' lang='lat' dir='ltr'><strong>p.</strong></span> 
     </span>
     <span class='ocr_line' id='line_1_28' title="bbox 76 2050 1110 2158; baseline -0.001 -12"><span class='ocrx_word' id='word_1_159' title='bbox 76 2050 304 2147; x_wconf 44' lang='lat' dir='ltr'><strong>43371131ierius</strong></span> <span class='ocrx_word' id='word_1_160' title='bbox 315 2110 510 2148; x_wconf 80' lang='lat' dir='ltr'>Maximus</span> <span class='ocrx_word' id='word_1_161' title='bbox 524 2114 635 2158; x_wconf 89' lang='lat' dir='ltr'>VIII,</span> <span class='ocrx_word' id='word_1_162' title='bbox 661 2111 721 2158; x_wconf 82' lang='lat'><strong>13,</strong></span> <span class='ocrx_word' id='word_1_163' title='bbox 737 2118 813 2148; x_wconf 84' lang='lat' dir='ltr'><strong>ext.</strong></span> <span class='ocrx_word' id='word_1_164' title='bbox 828 2111 851 2147; x_wconf 90' lang='lat'>6</span> <span class='ocrx_word' id='word_1_165' title='bbox 864 2125 873 2148; x_wconf 74' lang='grc' dir='ltr'>ε</span> <span class='ocrx_word' id='word_1_166' title='bbox 886 2110 1110 2147; x_wconf 78' lang='lat' dir='ltr'><em>Hellanicus</em></span> 
     </span>
    </p>
   </div>
   <div class='ocr_carea' id='block_1_8' title="bbox 452 2220 729 2261">
    <p class='ocr_par' dir='ltr' id='par_1_14' title="bbox 452 2220 729 2261">
     <span class='ocr_line' id='line_1_29' title="bbox 452 2220 729 2261; baseline 0 0"><span class='ocrx_word' id='word_1_167' title='bbox 452 2220 729 2261; x_wconf 85' lang='lat' dir='ltr'>CRANAICA.</span> 
     </span>
    </p>
   </div>
   <div class='ocr_carea' id='block_1_9' title="bbox 560 2303 624 2336">
    <p class='ocr_par' dir='ltr' id='par_1_15' title="bbox 560 2303 624 2336">
     <span class='ocr_line' id='line_1_30' title="bbox 560 2303 624 2336; baseline 0 0"><span class='ocrx_word' id='word_1_168' title='bbox 560 2303 624 2336; x_wconf 89' lang='lat'><strong>85.</strong></span> 
     </span>
    </p>
   </div>
   <div class='ocr_carea' id='block_1_10' title="bbox 78 2352 1106 2585">
    <p class='ocr_par' dir='ltr' id='par_1_16' title="bbox 78 2352 1106 2585">
     <span class='ocr_line' id='line_1_31' title="bbox 118 2352 1105 2395; baseline 0.004 -11"><span class='ocrx_word' id='word_1_169' title='bbox 118 2352 287 2393; x_wconf 68' lang='lat' dir='ltr'><strong>Antipater</strong></span> <span class='ocrx_word' id='word_1_170' title='bbox 313 2354 346 2385; x_wconf 87' lang='lat' dir='ltr'><strong>et</strong></span> <span class='ocrx_word' id='word_1_171' title='bbox 375 2353 585 2395; x_wconf 86' lang='lat' dir='ltr'><strong>Euphronius</strong></span> <span class='ocrx_word' id='word_1_172' title='bbox 618 2354 654 2386; x_wconf 92' lang='lat' dir='ltr'><strong>in</strong></span> <span class='ocrx_word' id='word_1_173' title='bbox 674 2355 938 2388; x_wconf 87' lang='lat' dir='ltr'><strong>Memorabilibus</strong></span> <span class='ocrx_word' id='word_1_174' title='bbox 959 2357 1083 2388; x_wconf 90' lang='lat' dir='ltr'><strong>Lasum</strong></span> <span class='ocrx_word' id='word_1_175' title='bbox 1096 2378 1105 2395; x_wconf 89' lang='lat'>‚</span> 
     </span>
     <span class='ocr_line' id='line_1_32' title="bbox 79 2399 1106 2444; baseline 0.005 -13"><span class='ocrx_word' id='word_1_176' title='bbox 79 2399 349 2432; x_wconf 87' lang='lat' dir='ltr'><strong>Hermionensem</strong></span> <span class='ocrx_word' id='word_1_177' title='bbox 362 2424 372 2440; x_wconf 97' lang='lat'>,</span> <span class='ocrx_word' id='word_1_178' title='bbox 395 2400 539 2442; x_wconf 91' lang='lat' dir='ltr'><strong>primum</strong></span> <span class='ocrx_word' id='word_1_179' title='bbox 562 2402 678 2435; x_wconf 89' lang='lat' dir='ltr'><strong>choros</strong></span> <span class='ocrx_word' id='word_1_180' title='bbox 701 2403 840 2444; x_wconf 87' lang='lat' dir='ltr'><strong>cyclicos</strong></span> <span class='ocrx_word' id='word_1_181' title='bbox 858 2403 1039 2436; x_wconf 86' lang='lat' dir='ltr'><strong>instituisse</strong></span> <span class='ocrx_word' id='word_1_182' title='bbox 1061 2403 1106 2436; x_wconf 92' lang='lat' dir='ltr'><strong>di-</strong></span> 
     </span>
     <span class='ocr_line' id='line_1_33' title="bbox 78 2445 1104 2490; baseline 0.005 -13"><span class='ocrx_word' id='word_1_183' title='bbox 78 2448 168 2486; x_wconf 85' lang='lat' dir='ltr'><strong>eunt,</strong></span> <span class='ocrx_word' id='word_1_184' title='bbox 189 2445 388 2487; x_wconf 82' lang='lat' dir='ltr'><strong>antiquiores</strong></span> <span class='ocrx_word' id='word_1_185' title='bbox 403 2455 492 2487; x_wconf 83' lang='lat' dir='ltr'><strong>vero,</strong></span> <span class='ocrx_word' id='word_1_186' title='bbox 510 2447 696 2481; x_wconf 85' lang='lat' dir='ltr'><strong>Hellanicus</strong></span> <span class='ocrx_word' id='word_1_187' title='bbox 717 2451 750 2482; x_wconf 91' lang='lat' dir='ltr'><strong>et</strong></span> <span class='ocrx_word' id='word_1_188' title='bbox 771 2450 995 2490; x_wconf 73' lang='lat' dir='ltr'><strong>Dicaearchus,</strong></span> <span class='ocrx_word' id='word_1_189' title='bbox 1014 2450 1104 2482; x_wconf 85' lang='lat' dir='ltr'><strong>Ario-</strong></span> 
     </span>
     <span class='ocr_line' id='line_1_34' title="bbox 79 2493 1105 2538; baseline 0.005 -13"><span class='ocrx_word' id='word_1_190' title='bbox 79 2500 154 2525; x_wconf 90' lang='lat' dir='ltr'><strong>nem</strong></span> <span class='ocrx_word' id='word_1_191' title='bbox 171 2493 427 2535; x_wconf 82' lang='lat' dir='ltr'><strong>Methymnaeum</strong></span> <span class='ocrx_word' id='word_1_192' title='bbox 443 2494 630 2535; x_wconf 89' lang='lat' dir='ltr'><strong>nominant,</strong></span> <span class='ocrx_word' id='word_1_193' title='bbox 644 2496 697 2528; x_wconf 91' lang='lat' dir='ltr'><strong>ille</strong></span> <span class='ocrx_word' id='word_1_194' title='bbox 711 2497 745 2528; x_wconf 91' lang='lat' dir='ltr'><strong>in</strong></span> <span class='ocrx_word' id='word_1_195' title='bbox 758 2497 876 2530; x_wconf 84' lang='lat' dir='ltr'><strong>cranai</strong></span> <span class='ocrx_word' id='word_1_196' title='bbox 890 2497 1038 2538; x_wconf 86' lang='lat' dir='ltr'><strong>historia,</strong></span> <span class='ocrx_word' id='word_1_197' title='bbox 1052 2498 1105 2530; x_wconf 90' lang='lat' dir='ltr'><strong>hic</strong></span> 
     </span>
     <span class='ocr_line' id='line_1_35' title="bbox 79 2539 806 2585; baseline 0.007 -13"><span class='ocrx_word' id='word_1_198' title='bbox 79 2540 114 2572; x_wconf 82' lang='lat' dir='ltr'><strong>ln</strong></span> <span class='ocrx_word' id='word_1_199' title='bbox 124 2539 218 2581; x_wconf 90' lang='lat' dir='ltr'><strong>libro,</strong></span> <span class='ocrx_word' id='word_1_200' title='bbox 231 2541 288 2582; x_wconf 92' lang='lat' dir='ltr'><strong>qui</strong></span> <span class='ocrx_word' id='word_1_201' title='bbox 301 2541 353 2574; x_wconf 86' lang='lat' dir='ltr'><strong>est</strong></span> <span class='ocrx_word' id='word_1_202' title='bbox 368 2540 410 2574; x_wconf 87' lang='lat' dir='ltr'><strong>de</strong></span> <span class='ocrx_word' id='word_1_203' title='bbox 421 2541 580 2582; x_wconf 74' lang='lat' dir='ltr'><strong>agonibus</strong></span> <span class='ocrx_word' id='word_1_204' title='bbox 591 2543 806 2585; x_wconf 87' lang='lat' dir='ltr'><strong>Dionysiacis.</strong></span> 
     </span>
    </p>
   </div>
   <div class='ocr_carea' id='block_1_11' title="bbox 520 2619 666 2630">
    <p class='ocr_par' dir='ltr' id='par_1_17' title="bbox 520 2619 666 2630">
     <span class='ocr_line' id='line_1_36' title="bbox 520 2619 666 2630; baseline -0.007 0"><span class='ocrx_word' id='word_1_205' title='bbox 520 2619 666 2630; x_wconf 70' lang='lat'><strong>——·—-··-—</strong></span> 
     </span>
    </p>
   </div>
   <div class='ocr_carea' id='block_1_12' title="bbox 447 2681 722 2724">
    <p class='ocr_par' dir='ltr' id='par_1_18' title="bbox 447 2681 722 2724">
     <span class='ocr_line' id='line_1_37' title="bbox 447 2681 722 2724; baseline 0.011 -3"><span class='ocrx_word' id='word_1_206' title='bbox 447 2681 722 2724; x_wconf 87' lang='lat' dir='ltr'>HISTORIAE.</span> 
     </span>
    </p>
   </div>
   <div class='ocr_carea' id='block_1_13' title="bbox 556 2754 651 2798">
    <p class='ocr_par' dir='ltr' id='par_1_19' title="bbox 556 2754 651 2798">
     <span class='ocr_line' id='line_1_38' title="bbox 556 2754 651 2798; baseline 0.011 -1"><span class='ocrx_word' id='word_1_207' title='bbox 556 2765 620 2798; x_wconf 84' lang='lat'><strong>86.</strong></span> <span class='ocrx_word' id='word_1_208' title='bbox 648 2754 651 2755; x_wconf 69' lang='grc'>’</span> 
     </span>
    </p>
   </div>
   <div class='ocr_carea' id='block_1_14' title="bbox 78 2813 1105 2951">
    <p class='ocr_par' dir='ltr' id='par_1_20' title="bbox 78 2813 1105 2951">
     <span class='ocr_line' id='line_1_39' title="bbox 78 2813 1105 2892; baseline 0.008 -47"><span class='ocrx_word' id='word_1_209' title='bbox 78 2813 243 2892; x_wconf 56' lang='lat' dir='ltr'><strong>ess{lt-olis,</strong></span> <span class='ocrx_word' id='word_1_210' title='bbox 256 2814 358 2855; x_wconf 86' lang='lat' dir='ltr'><strong>Leda,</strong></span> <span class='ocrx_word' id='word_1_211' title='bbox 371 2833 414 2843; x_wconf 89' lang='lat'><strong>--</strong></span> <span class='ocrx_word' id='word_1_212' title='bbox 426 2815 482 2849; x_wconf 87' lang='lat' dir='ltr'><strong>sed</strong></span> <span class='ocrx_word' id='word_1_213' title='bbox 505 2816 694 2850; x_wconf 80' lang='lat' dir='ltr'><strong>Hellanicus</strong></span> <span class='ocrx_word' id='word_1_214' title='bbox 709 2817 789 2851; x_wconf 81' lang='lat' dir='ltr'><strong>dicit</strong></span> <span class='ocrx_word' id='word_1_215' title='bbox 803 2827 874 2851; x_wconf 88' lang='lat' dir='ltr'><strong>eam</strong></span> <span class='ocrx_word' id='word_1_216' title='bbox 890 2819 1105 2861; x_wconf 79' lang='lat' dir='ltr'><strong>calydoniam</strong></span> 
     </span>
     <span class='ocr_line' id='line_1_40' title="bbox 557 2912 619 2951; baseline 0.032 -2"><span class='ocrx_word' id='word_1_217' title='bbox 557 2912 619 2951; x_wconf 89' lang='grc'><strong>87.</strong></span> 
     </span>
    </p>
   </div>
   <div class='ocr_carea' id='block_1_15' title="bbox 78 2965 1106 3044">
    <p class='ocr_par' dir='ltr' id='par_1_21' title="bbox 78 2965 1106 3044">
     <span class='ocr_line' id='line_1_41' title="bbox 78 2965 1106 3044; baseline 0.009 -47"><span class='ocrx_word' id='word_1_218' title='bbox 78 2965 306 3044; x_wconf 53' lang='grc' dir='ltr'>ωξοὲιίῖιιῑίοιιε</span> <span class='ocrx_word' id='word_1_219' title='bbox 327 2967 362 2999; x_wconf 86' lang='lat' dir='ltr'><strong>in</strong></span> <span class='ocrx_word' id='word_1_220' title='bbox 384 2968 477 3001; x_wconf 71' lang='lat' dir='ltr'><strong>,lovis</strong></span> <span class='ocrx_word' id='word_1_221' title='bbox 499 2970 620 3011; x_wconf 89' lang='lat' dir='ltr'><strong>templo</strong></span> <span class='ocrx_word' id='word_1_222' title='bbox 641 2971 746 3004; x_wconf 87' lang='lat' dir='ltr'><strong>vellus</strong></span> <span class='ocrx_word' id='word_1_223' title='bbox 764 2979 898 3005; x_wconf 84' lang='lat' dir='ltr'><strong>aureum</strong></span> <span class='ocrx_word' id='word_1_224' title='bbox 921 2972 1106 3014; x_wconf 87' lang='lat' dir='ltr'><strong>depositum</strong></span> 
     </span>
     <span class='ocr_line' id='line_1_42' title="bbox 216 3021 253 3044; baseline -0.027 0"><span class='ocrx_word' id='word_1_225' title='bbox 216 3021 227 3044; x_wconf 84' lang='lat'>1</span> <span class='ocrx_word' id='word_1_226' title='bbox 245 3034 253 3043; x_wconf 90' lang='lat'><strong>.</strong></span> 
     </span>
    </p>
   </div>
   <div class='ocr_carea' id='block_1_16' title="bbox 970 2268 982 2286">
    <p class='ocr_par' dir='ltr' id='par_1_22' title="bbox 970 2268 982 2286">
     <span class='ocr_line' id='line_1_43' title="bbox 970 2268 982 2286; baseline 0 0"><span class='ocrx_word' id='word_1_227' title='bbox 970 2268 982 2286; x_wconf 63' lang='grc' dir='ltr'>ἱ</span> 
     </span>
    </p>
   </div>
   <div class='ocr_carea' id='block_1_17' title="bbox 80 3070 1104 3258">
    <p class='ocr_par' dir='ltr' id='par_1_23' title="bbox 80 3070 1104 3258">
     <span class='ocr_line' id='line_1_44' title="bbox 118 3070 1104 3167; baseline 0.008 -17"><span class='ocrx_word' id='word_1_228' title='bbox 118 3117 230 3151; x_wconf 83' lang='lat' dir='ltr'><strong>Hellen</strong></span> <span class='ocrx_word' id='word_1_229' title='bbox 244 3118 285 3151; x_wconf 86' lang='lat' dir='ltr'><strong>ad</strong></span> <span class='ocrx_word' id='word_1_230' title='bbox 299 3121 440 3162; x_wconf 77' lang='lat' dir='ltr'><strong>Pactyen</strong></span> <span class='ocrx_word' id='word_1_231' title='bbox 457 3070 626 3162; x_wconf 43' lang='lat' dir='ltr'><strong>(oppidsuffn</strong></span> <span class='ocrx_word' id='word_1_232' title='bbox 637 3124 828 3158; x_wconf 85' lang='lat' dir='ltr'><strong>Chersonesi</strong></span> <span class='ocrx_word' id='word_1_233' title='bbox 843 3124 1000 3167; x_wconf 78' lang='lat' dir='ltr'><strong>Thraciae)</strong></span> <span class='ocrx_word' id='word_1_234' title='bbox 1016 3134 1104 3158; x_wconf 89' lang='lat' dir='ltr'><strong>mor-</strong></span> 
     </span>
     <span class='ocr_line' id='line_1_45' title="bbox 80 3165 770 3204; baseline 0.013 -9"><span class='ocrx_word' id='word_1_235' title='bbox 80 3165 166 3196; x_wconf 83' lang='lat' dir='ltr'><strong>tuam</strong></span> <span class='ocrx_word' id='word_1_236' title='bbox 181 3173 252 3198; x_wconf 89' lang='lat' dir='ltr'><strong>esse</strong></span> <span class='ocrx_word' id='word_1_237' title='bbox 267 3166 378 3199; x_wconf 84' lang='lat' dir='ltr'><strong>aiunt:</strong></span> <span class='ocrx_word' id='word_1_238' title='bbox 395 3169 557 3202; x_wconf 84' lang='lat' dir='ltr'><strong>consentit</strong></span> <span class='ocrx_word' id='word_1_239' title='bbox 574 3169 770 3204; x_wconf 83' lang='lat' dir='ltr'><strong>Hellanicus.</strong></span> 
     </span>
     <span class='ocr_line' id='line_1_46' title="bbox 562 3224 624 3258; baseline -0.032 0"><span class='ocrx_word' id='word_1_240' title='bbox 562 3224 624 3258; x_wconf 85' lang='lat'><strong>89.</strong></span> 
     </span>
    </p>
   </div>
   <div class='ocr_carea' id='block_1_18' title="bbox 120 3269 1104 3318">
    <p class='ocr_par' dir='ltr' id='par_1_24' title="bbox 120 3269 1104 3318">
     <span class='ocr_line' id='line_1_47' title="bbox 120 3269 1104 3318; baseline 0.01 -19"><span class='ocrx_word' id='word_1_241' title='bbox 120 3269 304 3303; x_wconf 87' lang='lat' dir='ltr'><strong>Hellanicus</strong></span> <span class='ocrx_word' id='word_1_242' title='bbox 325 3274 357 3303; x_wconf 87' lang='lat' dir='ltr'><strong>et</strong></span> <span class='ocrx_word' id='word_1_243' title='bbox 377 3274 560 3311; x_wconf 84' lang='lat' dir='ltr'><strong>Acusilaus,</strong></span> <span class='ocrx_word' id='word_1_244' title='bbox 580 3277 612 3308; x_wconf 88' lang='lat' dir='ltr'><strong>et</strong></span> <span class='ocrx_word' id='word_1_245' title='bbox 625 3278 742 3317; x_wconf 84' lang='lat' dir='ltr'><strong>praeter</strong></span> <span class='ocrx_word' id='word_1_246' title='bbox 757 3277 817 3309; x_wconf 91' lang='lat' dir='ltr'><strong>hos</strong></span> <span class='ocrx_word' id='word_1_247' title='bbox 835 3276 984 3318; x_wconf 87' lang='lat' dir='ltr'><strong>Ephorus</strong></span> <span class='ocrx_word' id='word_1_248' title='bbox 999 3277 1032 3309; x_wconf 92' lang='lat' dir='ltr'><strong>et</strong></span> <span class='ocrx_word' id='word_1_249' title='bbox 1053 3277 1104 3309; x_wconf 85' lang='lat' dir='ltr'><strong>Ni-</strong></span> 
     </span>
    </p>
   </div>
   <div class='ocr_carea' id='block_1_19' title="bbox 79 3314 1105 3396">
    <p class='ocr_par' dir='ltr' id='par_1_25' title="bbox 79 3314 1105 3396">
     <span class='ocr_line' id='line_1_48' title="bbox 80 3314 1105 3396; baseline 0.009 -50"><span class='ocrx_word' id='word_1_250' title='bbox 80 3314 202 3368; x_wconf 66' lang='lat' dir='ltr'><strong>colaitis,</strong></span> <span class='ocrx_word' id='word_1_251' title='bbox 221 3317 456 3396; x_wconf 50' lang='lat' dir='ltr'><strong>gntiqnissimis</strong></span> <span class='ocrx_word' id='word_1_252' title='bbox 474 3322 674 3363; x_wconf 79' lang='lat' dir='ltr'><strong>temporibus</strong></span> <span class='ocrx_word' id='word_1_253' title='bbox 688 3324 835 3357; x_wconf 89' lang='lat' dir='ltr'><strong>homines</strong></span> <span class='ocrx_word' id='word_1_254' title='bbox 849 3323 889 3356; x_wconf 87' lang='lat' dir='ltr'><strong>ad</strong></span> <span class='ocrx_word' id='word_1_255' title='bbox 902 3323 989 3356; x_wconf 89' lang='lat' dir='ltr'><strong>mille</strong></span> <span class='ocrx_word' id='word_1_256' title='bbox 1003 3332 1105 3356; x_wconf 88' lang='lat' dir='ltr'><strong>annos</strong></span> 
     </span>
     <span class='ocr_line' id='line_1_49' title="bbox 79 3369 344 3396; baseline 0.011 -3"><span class='ocrx_word' id='word_1_257' title='bbox 79 3369 200 3395; x_wconf 75' lang='lat' dir='ltr'><strong>vixisse</strong></span> <span class='ocrx_word' id='word_1_258' title='bbox 244 3372 318 3396; x_wconf 81' lang='lat' dir='ltr'><strong>icun</strong></span> <span class='ocrx_word' id='word_1_259' title='bbox 336 3389 344 3396; x_wconf 90' lang='lat'><strong>.</strong></span> 
     </span>
    </p>
   </div>
   <div class='ocr_carea' id='block_1_20' title="bbox 2126 175 2176 210">
    <p class='ocr_par' dir='ltr' id='par_1_26' title="bbox 2126 175 2176 210">
     <span class='ocr_line' id='line_1_50' title="bbox 2126 175 2176 210; baseline 0.02 -1"><span class='ocrx_word' id='word_1_260' title='bbox 2126 175 2176 210; x_wconf 71' lang='lat'><strong>⁵7</strong></span> 
     </span>
    </p>
   </div>
   <div class='ocr_carea' id='block_1_21' title="bbox 1154 250 2189 1235">
    <p class='ocr_par' dir='ltr' id='par_1_27' title="bbox 1154 250 2179 358">
     <span class='ocr_line' id='line_1_51' title="bbox 1154 250 2179 302; baseline 0.009 -18"><span class='ocrx_word' id='word_1_261' title='bbox 1154 250 1221 296; x_wconf 83' lang='lat' dir='ltr'><strong>ait,</strong></span> <span class='ocrx_word' id='word_1_262' title='bbox 1246 251 1428 298; x_wconf 78' lang='lat' dir='ltr'><strong>quosdam</strong></span> <span class='ocrx_word' id='word_1_263' title='bbox 1451 262 1501 286; x_wconf 74' lang='lat' dir='ltr'><strong>ex</strong></span> <span class='ocrx_word' id='word_1_264' title='bbox 1531 258 1643 299; x_wconf 80' lang='lat' dir='ltr'><strong>gente</strong></span> <span class='ocrx_word' id='word_1_265' title='bbox 1662 253 1854 301; x_wconf 79' lang='lat' dir='ltr'><strong>Epiorum,</strong></span> <span class='ocrx_word' id='word_1_266' title='bbox 1888 265 1976 302; x_wconf 81' lang='lat' dir='ltr'><strong>quoe</strong></span> <span class='ocrx_word' id='word_1_267' title='bbox 2009 267 2103 302; x_wconf 80' lang='lat' dir='ltr'><strong>pars</strong></span> <span class='ocrx_word' id='word_1_268' title='bbox 2121 265 2179 293; x_wconf 81' lang='lat' dir='ltr'><strong>est</strong></span> 
     </span>
     <span class='ocr_line' id='line_1_52' title="bbox 1156 309 1852 358; baseline 0.009 -16"><span class='ocrx_word' id='word_1_269' title='bbox 1156 309 1320 358; x_wconf 74' lang='lat' dir='ltr'><strong>AEtolice,</strong></span> <span class='ocrx_word' id='word_1_270' title='bbox 1340 310 1525 345; x_wconf 80' lang='lat' dir='ltr'><strong>ducentos</strong></span> <span class='ocrx_word' id='word_1_271' title='bbox 1547 312 1703 358; x_wconf 76' lang='lat' dir='ltr'><strong>explere</strong></span> <span class='ocrx_word' id='word_1_272' title='bbox 1717 323 1852 348; x_wconf 81' lang='lat' dir='ltr'><strong>annos.</strong></span> 
     </span>
    </p>

    <p class='ocr_par' dir='ltr' id='par_1_28' title="bbox 1155 366 2179 535">
     <span class='ocr_line' id='line_1_53' title="bbox 1207 366 2178 420; baseline 0.007 -18"><span class='ocrx_word' id='word_1_273' title='bbox 1207 366 1355 403; x_wconf 88' lang='lat' dir='ltr'><strong>Plinius</strong></span> <span class='ocrx_word' id='word_1_274' title='bbox 1365 369 1557 414; x_wconf 89' lang='lat' dir='ltr'><strong>H.N.VII,</strong></span> <span class='ocrx_word' id='word_1_275' title='bbox 1570 369 1667 414; x_wconf 75' lang='lat' dir='ltr'><strong>48,s.</strong></span> <span class='ocrx_word' id='word_1_276' title='bbox 1681 374 1730 420; x_wconf 72' lang='lat'><strong>49</strong></span> <span class='ocrx_word' id='word_1_277' title='bbox 1743 383 1751 406; x_wconf 76' lang='grc' dir='ltr'>ε</span> <span class='ocrx_word' id='word_1_278' title='bbox 1762 371 1988 407; x_wconf 81' lang='lat' dir='ltr'><strong>Hellanicus</strong></span> <span class='ocrx_word' id='word_1_279' title='bbox 1995 374 2178 420; x_wconf 85' lang='lat' dir='ltr'><strong>quosdam</strong></span> 
     </span>
     <span class='ocr_line' id='line_1_54' title="bbox 1155 424 2179 483; baseline 0.011 -25"><span class='ocrx_word' id='word_1_280' title='bbox 1155 424 1194 459; x_wconf 82' lang='lat' dir='ltr'><strong>in</strong></span> <span class='ocrx_word' id='word_1_281' title='bbox 1211 425 1351 461; x_wconf 84' lang='lat' dir='ltr'><strong>AEtolia</strong></span> <span class='ocrx_word' id='word_1_282' title='bbox 1366 427 1548 474; x_wconf 80' lang='lat' dir='ltr'><strong>Epiorum</strong></span> <span class='ocrx_word' id='word_1_283' title='bbox 1573 429 1698 476; x_wconf 82' lang='lat' dir='ltr'><strong>gentis</strong></span> <span class='ocrx_word' id='word_1_284' title='bbox 1718 429 1898 466; x_wconf 82' lang='lat' dir='ltr'><strong>ducentos</strong></span> <span class='ocrx_word' id='word_1_285' title='bbox 1916 429 2017 481; x_wconf 85' lang='lat' dir='ltr'><strong>(vitae</strong></span> <span class='ocrx_word' id='word_1_286' title='bbox 2042 432 2179 483; x_wconf 84' lang='lat' dir='ltr'><strong>annos)</strong></span> 
     </span>
     <span class='ocr_line' id='line_1_55' title="bbox 1155 482 1484 535; baseline 0.018 -19"><span class='ocrx_word' id='word_1_287' title='bbox 1155 484 1311 530; x_wconf 62' lang='lat' dir='ltr'><strong>emplere</strong></span> <span class='ocrx_word' id='word_1_288' title='bbox 1326 482 1484 535; x_wconf 80' lang='lat' dir='ltr'><strong>(tradit).</strong></span> 
     </span>
    </p>

    <p class='ocr_par' dir='ltr' id='par_1_29' title="bbox 1156 594 2184 882">
     <span class='ocr_line' id='line_1_56' title="bbox 1208 594 2181 652; baseline 0.009 -19"><span class='ocrx_word' id='word_1_289' title='bbox 1208 594 1336 633; x_wconf 90' lang='lat' dir='ltr'><strong>Schol.</strong></span> <span class='ocrx_word' id='word_1_290' title='bbox 1346 596 1497 635; x_wconf 86' lang='lat' dir='ltr'><strong>Pindar.</strong></span> <span class='ocrx_word' id='word_1_291' title='bbox 1507 599 1661 650; x_wconf 83' lang='lat' dir='ltr'><strong>Olymp.</strong></span> <span class='ocrx_word' id='word_1_292' title='bbox 1671 603 1740 650; x_wconf 92' lang='lat' dir='ltr'>III,</span> <span class='ocrx_word' id='word_1_293' title='bbox 1757 613 1818 648; x_wconf 84' lang='lat'><strong>22,</strong></span> <span class='ocrx_word' id='word_1_294' title='bbox 1830 614 1867 652; x_wconf 90' lang='lat' dir='ltr'><strong>p.</strong></span> <span class='ocrx_word' id='word_1_295' title='bbox 1880 602 1930 652; x_wconf 83' lang='lat'><strong>95</strong></span> <span class='ocrx_word' id='word_1_296' title='bbox 1941 602 2001 640; x_wconf 90' lang='lat' dir='ltr'><strong>ed.</strong></span> <span class='ocrx_word' id='word_1_297' title='bbox 2016 604 2181 642; x_wconf 88' lang='lat' dir='ltr'><strong>Boeckh.:</strong></span> 
     </span>
     <span class='ocr_line' id='line_1_57' title="bbox 1157 651 2183 715; baseline 0.011 -24"><span class='ocrx_word' id='word_1_298' title='bbox 1157 651 1247 706; x_wconf 73' lang='grc' dir='ltr'>Περὶ</span> <span class='ocrx_word' id='word_1_299' title='bbox 1269 657 1330 691; x_wconf 85' lang='grc' dir='ltr'>τοῦ</span> <span class='ocrx_word' id='word_1_300' title='bbox 1346 656 1414 691; x_wconf 82' lang='grc' dir='ltr'><strong>τῶν</strong></span> <span class='ocrx_word' id='word_1_301' title='bbox 1433 654 1692 696; x_wconf 83' lang='grc' dir='ltr'>Ἑλλανοδικῶν</span> <span class='ocrx_word' id='word_1_302' title='bbox 1707 661 1853 713; x_wconf 82' lang='grc' dir='ltr'>ἀριθμοῦ</span> <span class='ocrx_word' id='word_1_303' title='bbox 1870 659 2077 706; x_wconf 85' lang='grc' dir='ltr'>Ἑλλάνικός</span> <span class='ocrx_word' id='word_1_304' title='bbox 2098 677 2183 715; x_wconf 83' lang='grc' dir='ltr'>φησι</span> 
     </span>
     <span class='ocr_line' id='line_1_58' title="bbox 1156 710 2183 772; baseline 0.012 -24"><span class='ocrx_word' id='word_1_305' title='bbox 1156 710 1216 749; x_wconf 81' lang='grc' dir='ltr'><strong>καὶ</strong></span> <span class='ocrx_word' id='word_1_306' title='bbox 1237 711 1504 764; x_wconf 84' lang='grc' dir='ltr'>Ἀριστόδημος,</span> <span class='ocrx_word' id='word_1_307' title='bbox 1527 713 1579 753; x_wconf 79' lang='grc' dir='ltr'><strong>ὅτι</strong></span> <span class='ocrx_word' id='word_1_308' title='bbox 1597 716 1638 754; x_wconf 84' lang='grc' dir='ltr'><strong>τὸ</strong></span> <span class='ocrx_word' id='word_1_309' title='bbox 1651 716 1714 767; x_wconf 83' lang='grc' dir='ltr'><strong>μὲν</strong></span> <span class='ocrx_word' id='word_1_310' title='bbox 1730 721 1868 771; x_wconf 85' lang='grc' dir='ltr'>πρῶτον</span> <span class='ocrx_word' id='word_1_311' title='bbox 1890 718 1937 772; x_wconf 85' lang='grc' dir='ltr'><strong>β’,</strong></span> <span class='ocrx_word' id='word_1_312' title='bbox 1951 719 1991 759; x_wconf 85' lang='grc' dir='ltr'><strong>τὸ</strong></span> <span class='ocrx_word' id='word_1_313' title='bbox 2009 719 2043 759; x_wconf 84' lang='grc' dir='ltr'>δὲ</span> <span class='ocrx_word' id='word_1_314' title='bbox 2061 722 2183 760; x_wconf 82' lang='grc' dir='ltr'>τελευ-</span> 
     </span>
     <span class='ocr_line' id='line_1_59' title="bbox 1156 769 2184 833; baseline 0.011 -26"><span class='ocrx_word' id='word_1_315' title='bbox 1156 769 1307 808; x_wconf 78' lang='grc' dir='ltr'>ταῖον.ι’.</span> <span class='ocrx_word' id='word_1_316' title='bbox 1322 772 1501 832; x_wconf 31' lang='grc' dir='ltr'><strong>7[οσιιὶιιῧται</strong></span> <span class='ocrx_word' id='word_1_317' title='bbox 1520 772 1586 826; x_wconf 86' lang='grc' dir='ltr'><strong>γὰρ</strong></span> <span class='ocrx_word' id='word_1_318' title='bbox 1606 777 1641 813; x_wconf 77' lang='grc' dir='ltr'><strong>αἱ</strong></span> <span class='ocrx_word' id='word_1_319' title='bbox 1656 778 1725 815; x_wconf 80' lang='grc' dir='ltr'><strong>τῶν</strong></span> <span class='ocrx_word' id='word_1_320' title='bbox 1737 777 1886 816; x_wconf 82' lang='grc' dir='ltr'>Ἠλείων</span> <span class='ocrx_word' id='word_1_321' title='bbox 1905 778 2026 832; x_wconf 72' lang='grc' dir='ltr'>φυλαὶ,</span> <span class='ocrx_word' id='word_1_322' title='bbox 2047 778 2106 817; x_wconf 82' lang='grc' dir='ltr'><strong>καὶ</strong></span> <span class='ocrx_word' id='word_1_323' title='bbox 2125 780 2184 833; x_wconf 78' lang='grc' dir='ltr'><strong>ἀφ’</strong></span> 
     </span>
     <span class='ocr_line' id='line_1_60' title="bbox 1159 828 1714 882; baseline 0.009 -15"><span class='ocrx_word' id='word_1_324' title='bbox 1159 828 1309 876; x_wconf 79' lang='grc' dir='ltr'>ἑκάστης</span> <span class='ocrx_word' id='word_1_325' title='bbox 1327 832 1373 873; x_wconf 81' lang='grc' dir='ltr'><strong>εἱς</strong></span> <span class='ocrx_word' id='word_1_326' title='bbox 1392 833 1435 877; x_wconf 86' lang='grc' dir='ltr'><strong>ἠν</strong></span> <span class='ocrx_word' id='word_1_327' title='bbox 1453 830 1714 882; x_wconf 88' lang='grc' dir='ltr'>Ἑλλανοδίκης.</span> 
     </span>
    </p>

    <p class='ocr_par' dir='ltr' id='par_1_30' title="bbox 1160 952 2189 1235">
     <span class='ocr_line' id='line_1_61' title="bbox 1214 952 2188 1011; baseline 0.01 -21"><span class='ocrx_word' id='word_1_328' title='bbox 1214 952 1356 991; x_wconf 85' lang='lat' dir='ltr'><strong>Strabo</strong></span> <span class='ocrx_word' id='word_1_329' title='bbox 1374 957 1480 1001; x_wconf 92' lang='lat' dir='ltr'>VIII,</span> <span class='ocrx_word' id='word_1_330' title='bbox 1499 969 1537 1005; x_wconf 88' lang='lat' dir='ltr'><strong>p.</strong></span> <span class='ocrx_word' id='word_1_331' title='bbox 1554 957 1643 1005; x_wconf 82' lang='lat'>366,</span> <span class='ocrx_word' id='word_1_332' title='bbox 1657 961 1691 995; x_wconf 90' lang='lat' dir='ltr'>A</span> <span class='ocrx_word' id='word_1_333' title='bbox 1706 971 1713 993; x_wconf 96' lang='lat'><strong>:</strong></span> <span class='ocrx_word' id='word_1_334' title='bbox 1732 957 1937 1002; x_wconf 83' lang='grc' dir='ltr'>Ἑλλάνικος</span> <span class='ocrx_word' id='word_1_335' title='bbox 1953 959 2014 1011; x_wconf 80' lang='grc' dir='ltr'><strong>μὲν</strong></span> <span class='ocrx_word' id='word_1_336' title='bbox 2035 955 2093 999; x_wconf 65' lang='grc' dir='ltr'><strong>οὖν</strong></span> <span class='ocrx_word' id='word_1_337' title='bbox 2118 963 2188 1000; x_wconf 82' lang='grc' dir='ltr'><strong>Εὐ-</strong></span> 
     </span>
     <span class='ocr_line' id='line_1_62' title="bbox 1163 1011 2186 1068; baseline 0.011 -20"><span class='ocrx_word' id='word_1_338' title='bbox 1163 1011 1307 1064; x_wconf 82' lang='grc' dir='ltr'>ρυσθένη</span> <span class='ocrx_word' id='word_1_339' title='bbox 1332 1011 1392 1050; x_wconf 77' lang='grc' dir='ltr'><strong>καὶ</strong></span> <span class='ocrx_word' id='word_1_340' title='bbox 1423 1012 1588 1066; x_wconf 83' lang='grc' dir='ltr'>Προκλέα</span> <span class='ocrx_word' id='word_1_341' title='bbox 1610 1015 1695 1068; x_wconf 79' lang='grc' dir='ltr'>φησὶ</span> <span class='ocrx_word' id='word_1_342' title='bbox 1719 1015 1878 1061; x_wconf 84' lang='grc' dir='ltr'>διατάξαι</span> <span class='ocrx_word' id='word_1_343' title='bbox 1899 1017 1962 1065; x_wconf 90' lang='grc' dir='ltr'><strong>τὴν</strong></span> <span class='ocrx_word' id='word_1_344' title='bbox 1994 1019 2186 1059; x_wconf 85' lang='grc' dir='ltr'>πολιτείαν.</span> 
     </span>
     <span class='ocr_line' id='line_1_63' title="bbox 1160 1068 2188 1128; baseline 0.01 -21"><span class='ocrx_word' id='word_1_345' title='bbox 1160 1068 1312 1124; x_wconf 84' lang='grc' dir='ltr'>Ἔφορος</span> <span class='ocrx_word' id='word_1_346' title='bbox 1345 1071 1375 1108; x_wconf 85' lang='grc' dir='ltr'>δ’</span> <span class='ocrx_word' id='word_1_347' title='bbox 1403 1073 1565 1126; x_wconf 74' lang='grc' dir='ltr'>ἐπιτιμᾷ,</span> <span class='ocrx_word' id='word_1_348' title='bbox 1595 1073 1725 1127; x_wconf 83' lang='grc' dir='ltr'>φήσας,</span> <span class='ocrx_word' id='word_1_349' title='bbox 1762 1075 1963 1128; x_wconf 82' lang='grc' dir='ltr'>Λυκούργου</span> <span class='ocrx_word' id='word_1_350' title='bbox 1992 1077 2055 1128; x_wconf 80' lang='grc' dir='ltr'><strong>μὲν</strong></span> <span class='ocrx_word' id='word_1_351' title='bbox 2087 1078 2188 1117; x_wconf 80' lang='grc' dir='ltr'>αὐτὸν</span> 
     </span>
     <span class='ocr_line' id='line_1_64' title="bbox 1163 1129 2189 1189; baseline 0.009 -23"><span class='ocrx_word' id='word_1_352' title='bbox 1163 1129 1330 1180; x_wconf 83' lang='grc' dir='ltr'>μηδαμοῦ</span> <span class='ocrx_word' id='word_1_353' title='bbox 1351 1133 1562 1182; x_wconf 76' lang='grc' dir='ltr'>μεμνῆσθαι,</span> <span class='ocrx_word' id='word_1_354' title='bbox 1577 1131 1622 1170; x_wconf 85' lang='grc' dir='ltr'><strong>τὰ</strong></span> <span class='ocrx_word' id='word_1_355' title='bbox 1639 1132 1668 1170; x_wconf 85' lang='grc' dir='ltr'>δ’</span> <span class='ocrx_word' id='word_1_356' title='bbox 1682 1132 1813 1171; x_wconf 80' lang='grc' dir='ltr'>ἐκείνου</span> <span class='ocrx_word' id='word_1_357' title='bbox 1828 1133 1914 1187; x_wconf 85' lang='grc' dir='ltr'>ἔργα</span> <span class='ocrx_word' id='word_1_358' title='bbox 1923 1141 1993 1179; x_wconf 85' lang='grc' dir='ltr'>τοῖς</span> <span class='ocrx_word' id='word_1_359' title='bbox 2014 1135 2063 1186; x_wconf 80' lang='grc' dir='ltr'><strong>μὴ</strong></span> <span class='ocrx_word' id='word_1_360' title='bbox 2081 1152 2189 1189; x_wconf 89' lang='grc' dir='ltr'>προσ-</span> 
     </span>
     <span class='ocr_line' id='line_1_65' title="bbox 1162 1187 1539 1235; baseline 0.005 -9"><span class='ocrx_word' id='word_1_361' title='bbox 1162 1187 1306 1235; x_wconf 85' lang='grc' dir='ltr'>ήκουσιν</span> <span class='ocrx_word' id='word_1_362' title='bbox 1327 1188 1539 1228; x_wconf 85' lang='grc' dir='ltr'>ἀνατιθέναι.</span> 
     </span>
    </p>
   </div>
   <div class='ocr_carea' id='block_1_22' title="bbox 1556 1271 1805 1286">
    <p class='ocr_par' dir='ltr' id='par_1_31' title="bbox 1556 1271 1805 1286">
     <span class='ocr_line' id='line_1_66' title="bbox 1556 1271 1805 1286; baseline 0 2398"><span class='ocrx_word' id='word_1_363' title='bbox 1556 1271 1805 1286; x_wconf 95' lang='lat' dir='ltr'><strong> </strong></span> 
     </span>
    </p>
   </div>
   <div class='ocr_carea' id='block_1_23' title="bbox 1512 1319 1846 1359">
    <p class='ocr_par' dir='ltr' id='par_1_32' title="bbox 1512 1319 1846 1359">
     <span class='ocr_line' id='line_1_67' title="bbox 1512 1319 1846 1359; baseline 0.006 -2"><span class='ocrx_word' id='word_1_364' title='bbox 1512 1319 1634 1358; x_wconf 89' lang='grc' dir='ltr'><strong>ΠΕΡΙ</strong></span> <span class='ocrx_word' id='word_1_365' title='bbox 1664 1320 1846 1359; x_wconf 87' lang='grc' dir='ltr'>ΕΘΝΩΝ.</span> 
     </span>
    </p>
   </div>
   <div class='ocr_carea' id='block_1_24' title="bbox 1163 1389 2193 1617">
    <p class='ocr_par' dir='ltr' id='par_1_33' title="bbox 1163 1389 2193 1617">
     <span class='ocr_line' id='line_1_68' title="bbox 1646 1389 1710 1427; baseline -0.031 0"><span class='ocrx_word' id='word_1_366' title='bbox 1646 1389 1710 1427; x_wconf 84' lang='lat'><strong>92.</strong></span> 
     </span>
     <span class='ocr_line' id='line_1_69' title="bbox 1217 1447 2192 1504; baseline 0.002 -19"><span class='ocrx_word' id='word_1_367' title='bbox 1217 1448 1344 1485; x_wconf 83' lang='lat' dir='ltr'><strong>Schol.</strong></span> <span class='ocrx_word' id='word_1_368' title='bbox 1361 1448 1541 1498; x_wconf 88' lang='lat' dir='ltr'><strong>Apollon.</strong></span> <span class='ocrx_word' id='word_1_369' title='bbox 1562 1451 1628 1495; x_wconf 88' lang='lat' dir='ltr'><strong>IV,</strong></span> <span class='ocrx_word' id='word_1_370' title='bbox 1651 1450 1747 1486; x_wconf 79' lang='lat'><strong>322:</strong></span> <span class='ocrx_word' id='word_1_371' title='bbox 1769 1447 1974 1492; x_wconf 83' lang='grc' dir='ltr'>Ἑλλάνικος</span> <span class='ocrx_word' id='word_1_372' title='bbox 1988 1450 2023 1486; x_wconf 81' lang='grc' dir='ltr'><strong>ἐν</strong></span> <span class='ocrx_word' id='word_1_373' title='bbox 2046 1450 2096 1502; x_wconf 80' lang='grc' dir='ltr'><strong>τῷ</strong></span> <span class='ocrx_word' id='word_1_374' title='bbox 2113 1450 2192 1504; x_wconf 83' lang='grc' dir='ltr'>περὶ</span> 
     </span>
     <span class='ocr_line' id='line_1_70' title="bbox 1163 1505 2193 1559; baseline 0.004 -16"><span class='ocrx_word' id='word_1_375' title='bbox 1163 1506 1269 1544; x_wconf 82' lang='grc' dir='ltr'>ἐθνῶν</span> <span class='ocrx_word' id='word_1_376' title='bbox 1284 1520 1380 1559; x_wconf 84' lang='grc' dir='ltr'>φησι·</span> <span class='ocrx_word' id='word_1_377' title='bbox 1394 1522 1408 1539; x_wconf 77' lang='lat' dir='ltr'>x</span> <span class='ocrx_word' id='word_1_378' title='bbox 1418 1505 1597 1559; x_wconf 88' lang='grc' dir='ltr'>Βόσπορον</span> <span class='ocrx_word' id='word_1_379' title='bbox 1613 1505 1649 1545; x_wconf 81' lang='grc' dir='ltr'>δὲ</span> <span class='ocrx_word' id='word_1_380' title='bbox 1663 1506 1911 1546; x_wconf 85' lang='grc' dir='ltr'>διαπλεύσαντι</span> <span class='ocrx_word' id='word_1_381' title='bbox 1921 1507 2051 1547; x_wconf 85' lang='grc' dir='ltr'>Σινδοί·</span> <span class='ocrx_word' id='word_1_382' title='bbox 2062 1507 2193 1547; x_wconf 87' lang='grc' dir='ltr'>τούτων</span> 
     </span>
     <span class='ocr_line' id='line_1_71' title="bbox 1164 1562 1765 1617; baseline 0.005 -15"><span class='ocrx_word' id='word_1_383' title='bbox 1164 1562 1200 1602; x_wconf 78' lang='grc' dir='ltr'>δὲ</span> <span class='ocrx_word' id='word_1_384' title='bbox 1221 1563 1385 1617; x_wconf 86' lang='grc' dir='ltr'>ἀνωτέρω</span> <span class='ocrx_word' id='word_1_385' title='bbox 1411 1566 1575 1603; x_wconf 86' lang='grc' dir='ltr'>Μαιῶται</span> <span class='ocrx_word' id='word_1_386' title='bbox 1598 1565 1765 1616; x_wconf 80' lang='grc' dir='ltr'>Σκύθαι.»</span> 
     </span>
    </p>
   </div>
   <div class='ocr_carea' id='block_1_25' title="bbox 1574 1645 1792 1661">
    <p class='ocr_par' dir='ltr' id='par_1_34' title="bbox 1574 1645 1792 1661">
     <span class='ocr_line' id='line_1_72' title="bbox 1574 1645 1792 1661; baseline 0 2023"><span class='ocrx_word' id='word_1_387' title='bbox 1574 1645 1792 1661; x_wconf 95' lang='lat' dir='ltr'><strong> </strong></span> 
     </span>
    </p>
   </div>
   <div class='ocr_carea' id='block_1_26' title="bbox 1430 1688 1927 1728">
    <p class='ocr_par' dir='ltr' id='par_1_35' title="bbox 1430 1688 1927 1728">
     <span class='ocr_line' id='line_1_73' title="bbox 1430 1688 1927 1728; baseline 0 -2"><span class='ocrx_word' id='word_1_388' title='bbox 1430 1688 1604 1727; x_wconf 84' lang='grc' dir='ltr'><strong>ΕΘΝΩΝ</strong></span> <span class='ocrx_word' id='word_1_389' title='bbox 1635 1689 1927 1728; x_wconf 79' lang='grc' dir='ltr'><strong>ΟΝΟΜΑΣΙΑΙ.</strong></span> 
     </span>
    </p>
   </div>
   <div class='ocr_carea' id='block_1_27' title="bbox 1166 1804 2196 2161">
    <p class='ocr_par' dir='ltr' id='par_1_36' title="bbox 1166 1804 2196 2161">
     <span class='ocr_line' id='line_1_74' title="bbox 1218 1804 2193 1862; baseline 0.003 -13"><span class='ocrx_word' id='word_1_390' title='bbox 1218 1811 1425 1849; x_wconf 73' lang='lat' dir='ltr'><strong>Athenaeus</strong></span> <span class='ocrx_word' id='word_1_391' title='bbox 1452 1814 1523 1859; x_wconf 86' lang='lat' dir='ltr'><strong>XI,</strong></span> <span class='ocrx_word' id='word_1_392' title='bbox 1542 1824 1580 1862; x_wconf 89' lang='lat' dir='ltr'><strong>p.</strong></span> <span class='ocrx_word' id='word_1_393' title='bbox 1600 1813 1690 1862; x_wconf 77' lang='lat'>462,</span> <span class='ocrx_word' id='word_1_394' title='bbox 1710 1816 1739 1850; x_wconf 94' lang='lat' dir='ltr'><strong>B</strong></span> <span class='ocrx_word' id='word_1_395' title='bbox 1756 1826 1763 1848; x_wconf 93' lang='lat'>:</span> <span class='ocrx_word' id='word_1_396' title='bbox 1788 1804 1881 1850; x_wconf 70' lang='grc' dir='ltr'>Οἶδα</span> <span class='ocrx_word' id='word_1_397' title='bbox 1898 1810 1934 1849; x_wconf 84' lang='grc' dir='ltr'>δὲ</span> <span class='ocrx_word' id='word_1_398' title='bbox 1951 1812 2011 1850; x_wconf 81' lang='grc' dir='ltr'><strong>καὶ</strong></span> <span class='ocrx_word' id='word_1_399' title='bbox 2026 1811 2193 1852; x_wconf 82' lang='grc' dir='ltr'>Ἑλλάνι-</span> 
     </span>
     <span class='ocr_line' id='line_1_75' title="bbox 1166 1869 2194 1921; baseline 0 -11"><span class='ocrx_word' id='word_1_400' title='bbox 1166 1885 1227 1910; x_wconf 87' lang='grc' dir='ltr'><strong>κον</strong></span> <span class='ocrx_word' id='word_1_401' title='bbox 1261 1872 1295 1908; x_wconf 84' lang='grc' dir='ltr'><strong>ἐν</strong></span> <span class='ocrx_word' id='word_1_402' title='bbox 1325 1871 1430 1908; x_wconf 78' lang='grc' dir='ltr'>ἐθνῶν</span> <span class='ocrx_word' id='word_1_403' title='bbox 1460 1869 1666 1921; x_wconf 83' lang='grc' dir='ltr'>ὀνομασίαις</span> <span class='ocrx_word' id='word_1_404' title='bbox 1687 1869 1847 1921; x_wconf 82' lang='grc' dir='ltr'>λέγοντα,</span> <span class='ocrx_word' id='word_1_405' title='bbox 1881 1869 1934 1908; x_wconf 79' lang='grc' dir='ltr'><strong>ὅτι</strong></span> <span class='ocrx_word' id='word_1_406' title='bbox 1965 1870 2106 1910; x_wconf 73' lang='grc' dir='ltr'>Λιὸύων</span> <span class='ocrx_word' id='word_1_407' title='bbox 2126 1874 2194 1910; x_wconf 84' lang='grc' dir='ltr'><strong>τῶν</strong></span> 
     </span>
     <span class='ocr_line' id='line_1_76' title="bbox 1167 1928 2194 1981; baseline 0 -12"><span class='ocrx_word' id='word_1_408' title='bbox 1167 1929 1344 1981; x_wconf 82' lang='grc' dir='ltr'>Νομάδων</span> <span class='ocrx_word' id='word_1_409' title='bbox 1361 1929 1451 1973; x_wconf 83' lang='grc' dir='ltr'>τινὲς</span> <span class='ocrx_word' id='word_1_410' title='bbox 1468 1928 1564 1967; x_wconf 82' lang='grc' dir='ltr'>οὐδὲν</span> <span class='ocrx_word' id='word_1_411' title='bbox 1591 1928 1680 1967; x_wconf 84' lang='grc' dir='ltr'>ἄλλο</span> <span class='ocrx_word' id='word_1_412' title='bbox 1711 1928 1913 1976; x_wconf 82' lang='grc' dir='ltr'>κέκτηνται,</span> <span class='ocrx_word' id='word_1_413' title='bbox 1940 1928 1961 1976; x_wconf 86' lang='grc' dir='ltr'>ἢ</span> <span class='ocrx_word' id='word_1_414' title='bbox 1986 1929 2113 1969; x_wconf 86' lang='grc' dir='ltr'>κύλικα</span> <span class='ocrx_word' id='word_1_415' title='bbox 2136 1931 2194 1969; x_wconf 82' lang='grc' dir='ltr'><strong>καὶ</strong></span> 
     </span>
     <span class='ocr_line' id='line_1_77' title="bbox 1167 1987 2195 2042; baseline 0.001 -15"><span class='ocrx_word' id='word_1_416' title='bbox 1167 1988 1348 2042; x_wconf 85' lang='grc' dir='ltr'>μάχαιραν</span> <span class='ocrx_word' id='word_1_417' title='bbox 1368 1988 1428 2027; x_wconf 86' lang='grc' dir='ltr'><strong>καὶ</strong></span> <span class='ocrx_word' id='word_1_418' title='bbox 1452 1988 1582 2042; x_wconf 70' lang='grc' dir='ltr'>ὑδρίαν.</span> <span class='ocrx_word' id='word_1_419' title='bbox 1607 1988 1678 2027; x_wconf 90' lang='grc' dir='ltr'><strong>Καὶ</strong></span> <span class='ocrx_word' id='word_1_420' title='bbox 1705 1987 1758 2027; x_wconf 79' lang='grc' dir='ltr'><strong>ὅτι</strong></span> <span class='ocrx_word' id='word_1_421' title='bbox 1781 1989 1890 2032; x_wconf 81' lang='grc' dir='ltr'>οἰκίας</span> <span class='ocrx_word' id='word_1_422' title='bbox 1909 1988 2047 2041; x_wconf 84' lang='grc' dir='ltr'>ἔχουσιν</span> <span class='ocrx_word' id='word_1_423' title='bbox 2077 1989 2111 2034; x_wconf 82' lang='grc' dir='ltr'><strong>ἐξ</strong></span> <span class='ocrx_word' id='word_1_424' title='bbox 2130 1991 2195 2028; x_wconf 87' lang='grc' dir='ltr'><strong>ἀν-</strong></span> 
     </span>
     <span class='ocr_line' id='line_1_78' title="bbox 1168 2046 2196 2102; baseline 0.001 -16"><span class='ocrx_word' id='word_1_425' title='bbox 1168 2047 1304 2102; x_wconf 89' lang='grc' dir='ltr'>θερίκου</span> <span class='ocrx_word' id='word_1_426' title='bbox 1323 2046 1563 2099; x_wconf 84' lang='grc' dir='ltr'>πεποιημένας</span> <span class='ocrx_word' id='word_1_427' title='bbox 1583 2046 1708 2101; x_wconf 84' lang='grc' dir='ltr'>μικρὰς</span> <span class='ocrx_word' id='word_1_428' title='bbox 1723 2046 1802 2086; x_wconf 75' lang='grc' dir='ltr'>ὅσον</span> <span class='ocrx_word' id='word_1_429' title='bbox 1823 2054 1923 2092; x_wconf 81' lang='grc' dir='ltr'>σκιᾶς</span> <span class='ocrx_word' id='word_1_430' title='bbox 1940 2047 2040 2087; x_wconf 80' lang='grc' dir='ltr'>ἕνεκα</span> <span class='ocrx_word' id='word_1_431' title='bbox 2052 2080 2061 2098; x_wconf 87' lang='lat'>‚</span> <span class='ocrx_word' id='word_1_432' title='bbox 2081 2048 2120 2093; x_wconf 78' lang='grc' dir='ltr'><strong>ἃς</strong></span> <span class='ocrx_word' id='word_1_433' title='bbox 2137 2048 2196 2086; x_wconf 79' lang='grc' dir='ltr'><strong>καὶ</strong></span> 
     </span>
     <span class='ocr_line' id='line_1_79' title="bbox 1167 2105 1832 2161; baseline 0 -16"><span class='ocrx_word' id='word_1_434' title='bbox 1167 2106 1424 2161; x_wconf 82' lang='grc' dir='ltr'>περιφέρουσιν,</span> <span class='ocrx_word' id='word_1_435' title='bbox 1445 2105 1531 2145; x_wconf 80' lang='grc' dir='ltr'>ὅπου</span> <span class='ocrx_word' id='word_1_436' title='bbox 1550 2105 1591 2144; x_wconf 79' lang='grc' dir='ltr'><strong>ἂν</strong></span> <span class='ocrx_word' id='word_1_437' title='bbox 1602 2105 1832 2158; x_wconf 84' lang='grc' dir='ltr'>πορεύωνται.</span> 
     </span>
    </p>
   </div>
   <div class='ocr_carea' id='block_1_28' title="bbox 1164 2270 2194 2689">
    <p class='ocr_par' dir='ltr' id='par_1_37' title="bbox 1166 2270 2194 2446">
     <span class='ocr_line' id='line_1_80' title="bbox 1207 2270 2194 2304; baseline -0.001 0"><span class='ocrx_word' id='word_1_438' title='bbox 1207 2273 1255 2304; x_wconf 91' lang='lat' dir='ltr'><strong>De</strong></span> <span class='ocrx_word' id='word_1_439' title='bbox 1275 2270 1559 2304; x_wconf 83' lang='lat' dir='ltr'><strong>Hellanodicarum</strong></span> <span class='ocrx_word' id='word_1_440' title='bbox 1575 2280 1711 2303; x_wconf 82' lang='lat' dir='ltr'><strong>numero</strong></span> <span class='ocrx_word' id='word_1_441' title='bbox 1726 2270 1914 2303; x_wconf 85' lang='lat' dir='ltr'><strong>Hellanicus</strong></span> <span class='ocrx_word' id='word_1_442' title='bbox 1926 2275 1958 2303; x_wconf 91' lang='lat' dir='ltr'><strong>et</strong></span> <span class='ocrx_word' id='word_1_443' title='bbox 1971 2271 2194 2304; x_wconf 84' lang='lat' dir='ltr'><strong>Aristodemus</strong></span> 
     </span>
     <span class='ocr_line' id='line_1_81' title="bbox 1167 2318 2192 2360; baseline -0.001 -9"><span class='ocrx_word' id='word_1_444' title='bbox 1167 2319 1280 2351; x_wconf 87' lang='lat' dir='ltr'><strong>dicunt</strong></span> <span class='ocrx_word' id='word_1_445' title='bbox 1295 2318 1388 2351; x_wconf 91' lang='lat' dir='ltr'><strong>initio</strong></span> <span class='ocrx_word' id='word_1_446' title='bbox 1402 2318 1533 2360; x_wconf 88' lang='lat' dir='ltr'><strong>quidem</strong></span> <span class='ocrx_word' id='word_1_447' title='bbox 1550 2318 1651 2350; x_wconf 80' lang='lat' dir='ltr'><strong>fuisse</strong></span> <span class='ocrx_word' id='word_1_448' title='bbox 1664 2319 1742 2359; x_wconf 90' lang='lat' dir='ltr'><strong>duo,</strong></span> <span class='ocrx_word' id='word_1_449' title='bbox 1756 2320 1922 2360; x_wconf 88' lang='lat' dir='ltr'><strong>postremo</strong></span> <span class='ocrx_word' id='word_1_450' title='bbox 1941 2321 2048 2351; x_wconf 88' lang='lat' dir='ltr'><strong>autem</strong></span> <span class='ocrx_word' id='word_1_451' title='bbox 2064 2318 2192 2358; x_wconf 81' lang='lat' dir='ltr'><strong>decem3</strong></span> 
     </span>
     <span class='ocr_line' id='line_1_82' title="bbox 1166 2366 2193 2407; baseline -0.001 -9"><span class='ocrx_word' id='word_1_452' title='bbox 1166 2369 1216 2398; x_wconf 92' lang='lat' dir='ltr'><strong>tot</strong></span> <span class='ocrx_word' id='word_1_453' title='bbox 1233 2367 1320 2399; x_wconf 89' lang='lat' dir='ltr'><strong>enim</strong></span> <span class='ocrx_word' id='word_1_454' title='bbox 1339 2369 1431 2398; x_wconf 89' lang='lat' dir='ltr'><strong>erant</strong></span> <span class='ocrx_word' id='word_1_455' title='bbox 1446 2366 1600 2398; x_wconf 88' lang='lat' dir='ltr'><strong>Eleorum</strong></span> <span class='ocrx_word' id='word_1_456' title='bbox 1625 2366 1729 2398; x_wconf 89' lang='lat' dir='ltr'><strong>tribus</strong></span> <span class='ocrx_word' id='word_1_457' title='bbox 1740 2389 1750 2406; x_wconf 92' lang='lat'>,</span> <span class='ocrx_word' id='word_1_458' title='bbox 1767 2375 1808 2398; x_wconf 87' lang='lat' dir='ltr'><strong>ex</strong></span> <span class='ocrx_word' id='word_1_459' title='bbox 1824 2366 1944 2407; x_wconf 84' lang='lat' dir='ltr'><strong>quibus</strong></span> <span class='ocrx_word' id='word_1_460' title='bbox 1960 2366 2093 2407; x_wconf 88' lang='lat' dir='ltr'><strong>singulis</strong></span> <span class='ocrx_word' id='word_1_461' title='bbox 2109 2374 2193 2398; x_wconf 91' lang='lat' dir='ltr'><strong>unus</strong></span> 
     </span>
     <span class='ocr_line' id='line_1_83' title="bbox 1166 2413 1633 2446; baseline -0.002 0"><span class='ocrx_word' id='word_1_462' title='bbox 1166 2413 1400 2446; x_wconf 85' lang='lat' dir='ltr'><strong>desumebatur</strong></span> <span class='ocrx_word' id='word_1_463' title='bbox 1414 2413 1633 2446; x_wconf 84' lang='lat' dir='ltr'><strong>Hellanodica.</strong></span> 
     </span>
    </p>

    <p class='ocr_par' dir='ltr' id='par_1_38' title="bbox 1164 2506 2192 2689">
     <span class='ocr_line' id='line_1_84' title="bbox 1210 2506 2192 2549; baseline -0.003 -9"><span class='ocrx_word' id='word_1_464' title='bbox 1210 2508 1395 2540; x_wconf 86' lang='lat' dir='ltr'><strong>Hellanicus</strong></span> <span class='ocrx_word' id='word_1_465' title='bbox 1412 2508 1651 2549; x_wconf 85' lang='lat' dir='ltr'><strong>Eurysthenem</strong></span> <span class='ocrx_word' id='word_1_466' title='bbox 1673 2509 1705 2540; x_wconf 90' lang='lat' dir='ltr'><strong>et</strong></span> <span class='ocrx_word' id='word_1_467' title='bbox 1719 2507 1865 2540; x_wconf 89' lang='lat' dir='ltr'><strong>Proclem</strong></span> <span class='ocrx_word' id='word_1_468' title='bbox 1882 2507 2028 2538; x_wconf 85' lang='lat' dir='ltr'><strong>auctores</strong></span> <span class='ocrx_word' id='word_1_469' title='bbox 2044 2506 2120 2537; x_wconf 82' lang='lat' dir='ltr'><strong>facit</strong></span> <span class='ocrx_word' id='word_1_470' title='bbox 2136 2507 2192 2538; x_wconf 85' lang='lat' dir='ltr'><strong>rei-</strong></span> 
     </span>
     <span class='ocr_line' id='line_1_85' title="bbox 1166 2553 2191 2596; baseline -0.003 -9"><span class='ocrx_word' id='word_1_471' title='bbox 1166 2555 1304 2596; x_wconf 81' lang='lat' dir='ltr'><strong>publicae</strong></span> <span class='ocrx_word' id='word_1_472' title='bbox 1322 2557 1496 2596; x_wconf 84' lang='lat' dir='ltr'><strong>Spartanae.</strong></span> <span class='ocrx_word' id='word_1_473' title='bbox 1522 2557 1627 2593; x_wconf 91' lang='lat' dir='ltr'><strong>Quem</strong></span> <span class='ocrx_word' id='word_1_474' title='bbox 1647 2555 1794 2596; x_wconf 87' lang='lat' dir='ltr'><strong>Ephorus</strong></span> <span class='ocrx_word' id='word_1_475' title='bbox 1826 2555 1994 2594; x_wconf 83' lang='lat' dir='ltr'><strong>increpans</strong></span> <span class='ocrx_word' id='word_1_476' title='bbox 2018 2553 2081 2592; x_wconf 86' lang='lat' dir='ltr'><strong>ait,</strong></span> <span class='ocrx_word' id='word_1_477' title='bbox 2104 2562 2191 2593; x_wconf 90' lang='lat' dir='ltr'><strong>eum,</strong></span> 
     </span>
     <span class='ocr_line' id='line_1_86' title="bbox 1164 2599 2191 2644; baseline -0.003 -10"><span class='ocrx_word' id='word_1_478' title='bbox 1164 2602 1327 2643; x_wconf 86' lang='lat' dir='ltr'><strong>praeterita</strong></span> <span class='ocrx_word' id='word_1_479' title='bbox 1342 2603 1483 2644; x_wconf 85' lang='lat' dir='ltr'><strong>Lycurgi</strong></span> <span class='ocrx_word' id='word_1_480' title='bbox 1506 2602 1687 2642; x_wconf 90' lang='lat' dir='ltr'><strong>mentione,</strong></span> <span class='ocrx_word' id='word_1_481' title='bbox 1709 2602 1792 2634; x_wconf 80' lang='lat' dir='ltr'><strong>facta</strong></span> <span class='ocrx_word' id='word_1_482' title='bbox 1810 2601 1913 2642; x_wconf 88' lang='lat' dir='ltr'><strong>ipsius</strong></span> <span class='ocrx_word' id='word_1_483' title='bbox 1944 2599 2054 2632; x_wconf 80' lang='lat' dir='ltr'><strong>alienis</strong></span> <span class='ocrx_word' id='word_1_484' title='bbox 2076 2599 2191 2631; x_wconf 83' lang='lat' dir='ltr'><strong>adseri-</strong></span> 
     </span>
     <span class='ocr_line' id='line_1_87' title="bbox 1164 2657 1280 2689; baseline -0.009 -8"><span class='ocrx_word' id='word_1_485' title='bbox 1164 2657 1280 2689; x_wconf 81' lang='lat' dir='ltr'><strong>pslsse.</strong></span> 
     </span>
    </p>
   </div>
   <div class='ocr_carea' id='block_1_29' title="bbox 1630 2701 1753 2712">
    <p class='ocr_par' dir='ltr' id='par_1_39' title="bbox 1630 2701 1753 2712">
     <span class='ocr_line' id='line_1_88' title="bbox 1630 2701 1753 2712; baseline 0.008 -1"><span class='ocrx_word' id='word_1_486' title='bbox 1630 2701 1753 2712; x_wconf 53' lang='lat'><strong>*-</strong></span> 
     </span>
    </p>
   </div>
   <div class='ocr_carea' id='block_1_30' title="bbox 1163 2735 2191 2970">
    <p class='ocr_par' dir='ltr' id='par_1_40' title="bbox 1163 2735 2191 2970">
     <span class='ocr_line' id='line_1_89' title="bbox 1497 2735 1859 2779; baseline -0.014 0"><span class='ocrx_word' id='word_1_487' title='bbox 1497 2739 1565 2779; x_wconf 89' lang='lat' dir='ltr'><strong>DE</strong></span> <span class='ocrx_word' id='word_1_488' title='bbox 1593 2735 1859 2778; x_wconf 88' lang='lat' dir='ltr'><strong>GENTIBUS.</strong></span> 
     </span>
     <span class='ocr_line' id='line_1_90' title="bbox 1207 2797 2189 2883; baseline -0.004 -7"><span class='ocrx_word' id='word_1_489' title='bbox 1207 2844 1392 2876; x_wconf 85' lang='lat' dir='ltr'><strong>Hellanicus</strong></span> <span class='ocrx_word' id='word_1_490' title='bbox 1407 2844 1442 2875; x_wconf 91' lang='lat' dir='ltr'><strong>in</strong></span> <span class='ocrx_word' id='word_1_491' title='bbox 1456 2843 1539 2875; x_wconf 92' lang='lat' dir='ltr'><strong>libro</strong></span> <span class='ocrx_word' id='word_1_492' title='bbox 1553 2842 1610 2883; x_wconf 92' lang='lat' dir='ltr'><strong>qui</strong></span> <span class='ocrx_word' id='word_1_493' title='bbox 1624 2797 1736 2874; x_wconf 54' lang='lat' dir='ltr'><strong>e3t213e</strong></span> <span class='ocrx_word' id='word_1_494' title='bbox 1747 2839 1895 2881; x_wconf 82' lang='lat' dir='ltr'><strong>gentibus</strong></span> <span class='ocrx_word' id='word_1_495' title='bbox 1908 2838 1973 2871; x_wconf 87' lang='lat' dir='ltr'><strong>ait:</strong></span> <span class='ocrx_word' id='word_1_496' title='bbox 1987 2839 2189 2880; x_wconf 88' lang='lat' dir='ltr'><strong>«Bosporum</strong></span> 
     </span>
     <span class='ocr_line' id='line_1_91' title="bbox 1165 2885 2191 2932; baseline -0.003 -9"><span class='ocrx_word' id='word_1_497' title='bbox 1165 2890 1404 2932; x_wconf 87' lang='lat' dir='ltr'><strong>(Cimmerium)</strong></span> <span class='ocrx_word' id='word_1_498' title='bbox 1432 2888 1654 2932; x_wconf 83' lang='lat' dir='ltr'><strong>pernaviganti</strong></span> <span class='ocrx_word' id='word_1_499' title='bbox 1678 2888 1781 2927; x_wconf 87' lang='lat' dir='ltr'><strong>Sindi,</strong></span> <span class='ocrx_word' id='word_1_500' title='bbox 1805 2890 1838 2919; x_wconf 88' lang='lat' dir='ltr'><strong>et</strong></span> <span class='ocrx_word' id='word_1_501' title='bbox 1859 2895 1957 2928; x_wconf 90' lang='lat' dir='ltr'><strong>supra</strong></span> <span class='ocrx_word' id='word_1_502' title='bbox 1974 2885 2035 2919; x_wconf 89' lang='lat' dir='ltr'><strong>hos</strong></span> <span class='ocrx_word' id='word_1_503' title='bbox 2062 2887 2191 2928; x_wconf 86' lang='lat' dir='ltr'><strong>Scythae</strong></span> 
     </span>
     <span class='ocr_line' id='line_1_92' title="bbox 1163 2939 1336 2970; baseline 0 0"><span class='ocrx_word' id='word_1_504' title='bbox 1163 2939 1301 2970; x_wconf 84' lang='lat' dir='ltr'><strong>Maeotae.</strong></span> <span class='ocrx_word' id='word_1_505' title='bbox 1320 2950 1336 2966; x_wconf 85' lang='lat'>»</span> 
     </span>
    </p>
   </div>
   <div class='ocr_carea' id='block_1_31' title="bbox 1164 3021 2188 3409">
    <p class='ocr_par' dir='ltr' id='par_1_41' title="bbox 1346 3021 2006 3064">
     <span class='ocr_line' id='line_1_93' title="bbox 1346 3021 2006 3064; baseline -0.003 0"><span class='ocrx_word' id='word_1_506' title='bbox 1346 3026 1412 3064; x_wconf 90' lang='lat' dir='ltr'><strong>DE</strong></span> <span class='ocrx_word' id='word_1_507' title='bbox 1441 3024 1682 3064; x_wconf 87' lang='lat' dir='ltr'>GENTIUM</span> <span class='ocrx_word' id='word_1_508' title='bbox 1710 3021 2006 3063; x_wconf 86' lang='lat' dir='ltr'>NOMINIBUS.</span> 
     </span>
    </p>

    <p class='ocr_par' dir='ltr' id='par_1_42' title="bbox 1164 3132 2188 3409">
     <span class='ocr_line' id='line_1_94' title="bbox 1208 3132 2188 3173; baseline -0.003 -5"><span class='ocrx_word' id='word_1_509' title='bbox 1208 3135 1341 3169; x_wconf 89' lang='lat' dir='ltr'><strong>Memini</strong></span> <span class='ocrx_word' id='word_1_510' title='bbox 1357 3135 1455 3167; x_wconf 86' lang='lat' dir='ltr'><strong>etiam</strong></span> <span class='ocrx_word' id='word_1_511' title='bbox 1467 3133 1669 3166; x_wconf 85' lang='lat' dir='ltr'><strong>Hellanicum</strong></span> <span class='ocrx_word' id='word_1_512' title='bbox 1681 3157 1690 3173; x_wconf 92' lang='lat'>‚</span> <span class='ocrx_word' id='word_1_513' title='bbox 1705 3132 1737 3165; x_wconf 90' lang='lat' dir='ltr'><strong>in</strong></span> <span class='ocrx_word' id='word_1_514' title='bbox 1745 3132 1899 3166; x_wconf 86' lang='lat' dir='ltr'><strong>Gentium</strong></span> <span class='ocrx_word' id='word_1_515' title='bbox 1914 3132 2110 3173; x_wconf 90' lang='lat' dir='ltr'><strong>nominibus,</strong></span> <span class='ocrx_word' id='word_1_516' title='bbox 2126 3136 2188 3166; x_wconf 78' lang='lat' dir='ltr'><strong>tra-</strong></span> 
     </span>
     <span class='ocr_line' id='line_1_95' title="bbox 1164 3179 2187 3220; baseline -0.002 -6"><span class='ocrx_word' id='word_1_517' title='bbox 1164 3181 1239 3214; x_wconf 93' lang='lat' dir='ltr'><strong>dere</strong></span> <span class='ocrx_word' id='word_1_518' title='bbox 1257 3194 1272 3209; x_wconf 85' lang='lat'>«</span> <span class='ocrx_word' id='word_1_519' title='bbox 1286 3180 1500 3213; x_wconf 83' lang='lat' dir='ltr'><strong>Numidarum</strong></span> <span class='ocrx_word' id='word_1_520' title='bbox 1520 3179 1633 3220; x_wconf 85' lang='lat' dir='ltr'><strong>Libyae</strong></span> <span class='ocrx_word' id='word_1_521' title='bbox 1652 3179 1826 3212; x_wconf 90' lang='lat' dir='ltr'><strong>nonnullos</strong></span> <span class='ocrx_word' id='word_1_522' title='bbox 1844 3179 1925 3212; x_wconf 92' lang='lat' dir='ltr'><strong>nihil</strong></span> <span class='ocrx_word' id='word_1_523' title='bbox 1941 3179 2030 3212; x_wconf 87' lang='lat' dir='ltr'><strong>aliud</strong></span> <span class='ocrx_word' id='word_1_524' title='bbox 2044 3180 2079 3211; x_wconf 90' lang='lat' dir='ltr'><strong>in</strong></span> <span class='ocrx_word' id='word_1_525' title='bbox 2094 3180 2187 3212; x_wconf 87' lang='lat' dir='ltr'><strong>bonis</strong></span> 
     </span>
     <span class='ocr_line' id='line_1_96' title="bbox 1164 3226 2186 3268; baseline -0.002 -7"><span class='ocrx_word' id='word_1_526' title='bbox 1164 3229 1299 3268; x_wconf 87' lang='lat' dir='ltr'><strong>habere,</strong></span> <span class='ocrx_word' id='word_1_527' title='bbox 1316 3227 1379 3259; x_wconf 92' lang='lat' dir='ltr'><strong>nisi</strong></span> <span class='ocrx_word' id='word_1_528' title='bbox 1395 3227 1545 3267; x_wconf 84' lang='lat' dir='ltr'><strong>calicem,</strong></span> <span class='ocrx_word' id='word_1_529' title='bbox 1560 3229 1592 3259; x_wconf 82' lang='lat' dir='ltr'><strong>et</strong></span> <span class='ocrx_word' id='word_1_530' title='bbox 1604 3226 1763 3267; x_wconf 85' lang='lat' dir='ltr'><strong>gladium,</strong></span> <span class='ocrx_word' id='word_1_531' title='bbox 1787 3229 1819 3259; x_wconf 92' lang='lat' dir='ltr'><strong>et</strong></span> <span class='ocrx_word' id='word_1_532' title='bbox 1835 3227 1984 3268; x_wconf 87' lang='lat' dir='ltr'><strong>hydriam</strong></span> <span class='ocrx_word' id='word_1_533' title='bbox 1998 3237 2006 3259; x_wconf 91' lang='lat'>:</span> <span class='ocrx_word' id='word_1_534' title='bbox 2020 3228 2066 3259; x_wconf 91' lang='lat' dir='ltr'><strong>uti</strong></span> <span class='ocrx_word' id='word_1_535' title='bbox 2079 3229 2186 3260; x_wconf 87' lang='lat' dir='ltr'><strong>autem</strong></span> 
     </span>
     <span class='ocr_line' id='line_1_97' title="bbox 1164 3274 2188 3315; baseline -0.001 -8"><span class='ocrx_word' id='word_1_536' title='bbox 1164 3274 1369 3308; x_wconf 86' lang='lat' dir='ltr'><strong>domunculis</strong></span> <span class='ocrx_word' id='word_1_537' title='bbox 1391 3283 1430 3306; x_wconf 88' lang='lat' dir='ltr'><strong>ex</strong></span> <span class='ocrx_word' id='word_1_538' title='bbox 1453 3274 1568 3306; x_wconf 88' lang='lat' dir='ltr'><strong>albuco</strong></span> <span class='ocrx_word' id='word_1_539' title='bbox 1591 3274 1812 3315; x_wconf 80' lang='lat' dir='ltr'><strong>(anthericon</strong></span> <span class='ocrx_word' id='word_1_540' title='bbox 1834 3274 1939 3306; x_wconf 79' lang='lat' dir='ltr'><strong>Graeci</strong></span> <span class='ocrx_word' id='word_1_541' title='bbox 1960 3275 2091 3315; x_wconf 85' lang='lat' dir='ltr'><strong>vocant)</strong></span> <span class='ocrx_word' id='word_1_542' title='bbox 2113 3282 2188 3307; x_wconf 85' lang='lat' dir='ltr'><strong>con-</strong></span> 
     </span>
     <span class='ocr_line' id='line_1_98' title="bbox 1164 3320 2186 3363; baseline 0 -9"><span class='ocrx_word' id='word_1_543' title='bbox 1164 3322 1257 3354; x_wconf 83' lang='lat' dir='ltr'><strong>sectis</strong></span> <span class='ocrx_word' id='word_1_544' title='bbox 1270 3320 1411 3362; x_wconf 84' lang='lat' dir='ltr'><strong>exiguis,</strong></span> <span class='ocrx_word' id='word_1_545' title='bbox 1426 3321 1551 3353; x_wconf 80' lang='lat' dir='ltr'><strong>umbrae</strong></span> <span class='ocrx_word' id='word_1_546' title='bbox 1562 3322 1690 3354; x_wconf 88' lang='lat' dir='ltr'><strong>tantum</strong></span> <span class='ocrx_word' id='word_1_547' title='bbox 1702 3321 1869 3363; x_wconf 85' lang='lat' dir='ltr'><strong>captandae</strong></span> <span class='ocrx_word' id='word_1_548' title='bbox 1883 3321 2000 3363; x_wconf 85' lang='lat' dir='ltr'><strong>gratia;</strong></span> <span class='ocrx_word' id='word_1_549' title='bbox 2017 3330 2098 3363; x_wconf 85' lang='lat' dir='ltr'><strong>quas</strong></span> <span class='ocrx_word' id='word_1_550' title='bbox 2109 3330 2186 3363; x_wconf 87' lang='lat' dir='ltr'><strong>quo·</strong></span> 
     </span>
     <span class='ocr_line' id='line_1_99' title="bbox 1165 3368 1857 3409; baseline -0.001 -8"><span class='ocrx_word' id='word_1_551' title='bbox 1165 3377 1305 3409; x_wconf 86' lang='lat' dir='ltr'><strong>cumque</strong></span> <span class='ocrx_word' id='word_1_552' title='bbox 1321 3368 1568 3409; x_wconf 87' lang='lat' dir='ltr'><strong>proficiscuntur</strong></span> <span class='ocrx_word' id='word_1_553' title='bbox 1582 3369 1824 3402; x_wconf 77' lang='lat' dir='ltr'><strong>circumferunt.</strong></span> <span class='ocrx_word' id='word_1_554' title='bbox 1841 3382 1857 3397; x_wconf 92' lang='lat'>»</span> 
     </span>
    </p>
   </div>
   <div class='ocr_carea' id='block_1_32' title="bbox 1608 2987 1752 2997">
    <p class='ocr_par' dir='ltr' id='par_1_43' title="bbox 1608 2987 1752 2997">
     <span class='ocr_line' id='line_1_100' title="bbox 1608 2987 1752 2997; baseline 0 687"><span class='ocrx_word' id='word_1_555' title='bbox 1608 2987 1752 2997; x_wconf 95' lang='lat' dir='ltr'><strong> </strong></span> 
     </span>
    </p>
   </div>
  </div>
 </body>
</html>
