2320 3684
138 203 186 236 42
909 187 1110 227 XANTHI
1135 185 1468 227 FRAGMENTA.

133 279 191 318 ταί
225 293 264 318 τε
288 277 440 330 γίνονται
479 275 538 314 καὶ
575 272 752 326 ἀστραπαι
787 277 955 324 συνεχεῖς·
1000 275 1160 316 τοσοῦτος

136 337 172 375 δὲ
194 336 394 390 κατερράγη
414 333 528 379 υετὸς,
553 332 644 373 ὥστε,
660 329 709 382 μὴ
735 329 839 382 μόνον
857 329 921 377 τὴν
941 329 1067 403 πυρὰν
1076 330 1160 368 σὸε-

136 399 277 442 σθῆναι,
313 392 402 432 ἀλλὰ
439 392 498 430 καὶ
519 390 597 433 τους
628 388 828 443 ἀνθρώπους
863 388 961 440 μόλις
986 388 1157 441 ἀντέχειν.

136 454 278 507 Κροίσῳ
308 454 369 503 μὲν
397 455 454 489 οὖν
479 465 569 501 ταχυ
601 449 784 499 στέγασμα
808 451 1006 501 πορφυροῦν
1034 446 1159 501 υπερέ-

135 528 256 551 τεινον·
271 517 341 554 τοῖς
362 508 397 547 δὲ
421 507 611 561 ἀνθρώποις
630 506 675 545 τὰ
699 505 789 558 μὲν
780 506 846 545 υπὸ
868 506 972 560 ζόφου
998 506 1058 545 καὶ
1077 505 1160 544 λαί-

135 573 244 614 λαπος
262 565 547 622 ταραττομένοις,
565 565 610 603 τὰ
634 565 670 604 δὲ
696 564 763 603 ὑπο
789 568 857 603 τῶν
875 567 1076 618 ἀστραπῶν,
1095 580 1161 603 κα-

135 626 408 679 ταπατουμένοις
423 624 491 664 ὑπὸ
503 627 570 663 τῶν
585 623 702 662 ι’ππων
717 623 984 677 τραχυνομένων
1000 623 1085 677 πρὸς
1103 623 1161 662 τὸν

135 686 245 740 ψόφον
265 701 333 724 των
356 686 520 738 βροντῶν,
544 682 692 733 δείματα
710 681 904 733 δαιμόνια’
889 683 1081 730 ενέπιπτεν,
1101 681 1162 719 καὶ

126 751 175 786 οἴ·
184 760 223 782 τε
237 747 299 791 τῆς
315 743 490 789 Σιὸύλλης
508 741 664 803 χρησμοὶ
677 741 737 779 καὶ
753 739 798 779 τὰ
814 740 1045 794 Ζωροάστρου
1060 739 1163 792 λόγια

136 802 257 855 εἰσῄει.
290 804 440 855 Κροῖσον
462 799 524 852 μὲν
542 804 600 838 οὖν
621 798 779 838 ἐὸόων”
759 815 809 838 ετι
839 800 972 850 μᾶλλον
999 798 1021 846 ἢ
1050 798 1163 837 πάλαι

137 861 271 906 σώζειν·
289 859 386 899 αὐτοὶ
409 858 445 898 δὲ
464 858 742 902 καταπίπτοντες
761 860 808 902 εἷς
828 873 893 909 γην
911 856 1162 911 προσεκύνουν,

137 918 316 971 εὐμένειαν
335 917 433 972 παρὰ
456 921 518 955 τοῦ
540 920 616 955 θεοῦ
641 916 850 968 αἰτούμενοι.
880 916 980 955 Φασὶ
1013 915 1050 954 δέ
1076 931 1162 959 τινες

135 979 261 1025 Θαλῆν
281 975 525 1031 προειδόμενον
545 975 585 1014 ἔκ
603 990 706 1014 τινων
725 974 879 1026 σημείων
901 974 1032 1027 ὅμὸρον
1056 989 1163 1025 γενη-

137 1036 282 1087 σόμενον
296 1036 354 1074 καὶ
376 1033 561 1086 ἀναμένειν
581 1032 644 1081 τὴν
665 1033 758 1087 ὥραν
772 1033 917 1080 ἐκείνην.
938 1033 1009 1072 Τόν
1028 1049 1068 1084 γε
1092 1031 1162 1083 μὴν

136 1095 370 1149 Ζωροάστρην
385 1093 523 1146 Πέρσαι
537 1093 600 1130 ἀπ’
616 1092 746 1131 ἐκείνου
759 1093 906 1139 διεῖπαν,
924 1091 1012 1143 μήτε
1026 1090 1164 1145 νεκροὺς

135 1152 260 1198 καίειν,
281 1152 365 1203 μήτ’
385 1151 498 1194 ἄλλως
515 1149 663 1201 μιαίνειν
677 1153 760 1202 πῦρ,
781 1149 840 1188 καὶ
856 1149 968 1188 πάλαι
986 1153 1087 1188 τοῦτο
1099 1164 1164 1187 κα-

136 1211 263 1255 θεστὼς
279 1211 320 1249 τὸ
337 1210 485 1262 νόμιμον
503 1208 581 1247 τότε
600 1208 890 1263 βεὸαιωσάμενοι.
922 1210 1036 1261 Κῦρος
1060 1207 1089 1245 δ’
1118 1209 1165 1250 εἷς

135 1269 179 1308 τὰ
194 1269 353 1322 βασίλεια
372 1271 528 1328 Κροῖσον
538 1267 630 1318 ἄγων
644 1267 836 1320 παρεκάλει
849 1282 887 1304 τε
902 1266 993 1304 mle
979 1268 1163 1320 ἐφιλοφρο-

138 1334 244 1379 νεῖτο,
267 1326 469 1378 πειθόμενος
496 1330 583 1364 εἰναι
603 1324 886 1363 θεοσεὸεστατον·
904 1323 1042 1362 ἐκέλευέ
1063 1339 1114 1375 τε,
1135 1323 1167 1361 εἴ

137 1403 172 1425 τι
190 1385 352 1447 βούλεταί
371 1388 403 1424 οἱ
421 1383 592 1436 γενέσθαι,
608 1382 688 1434 μὴ
672 1389 796 1431 οκνεῖν,
819 1383 896 1421 ἀλλ’
916 1383 1098 1420 αἰτεῖσθαι.
1121 1381 1164 1421 Ὁ

138 1445 174 1483 δὲ
193 1448 301 1483 εἶπεν·
315 1437 368 1483 Ω
388 1443 584 1490 δέσποτα,’
569 1441 644 1480 επεί
664 1441 708 1493 μέ
734 1457 788 1480 σοι
805 1441 874 1479 θεοὶ
897 1440 1034 1488 ἔδοσαν,
1055 1439 1097 1478 σύ
1122 1456 1160 1478 τε

136 1501 276 1556 χρηστὰ
299 1501 544 1553 ἐπαγγέλλεις,
559 1499 725 1550 αἰτοῦμαί
743 1515 781 1538 σε
800 1498 918 1538 δοῦναί
943 1514 1001 1550 μοι
1026 1497 1165 1552 πέμψαι

138 1562 285 1601 Πυθῶδε
305 1559 366 1604 τὰς
383 1560 489 1603 πέδας
505 1558 631 1608 τάσδε,
658 1558 718 1597 καὶ
749 1558 806 1597 τὸν
829 1558 904 1596 θεὸν
936 1556 1094 1611 ἐρέσθαι,
1132 1557 1165 1595 τί

137 1618 257 1657 παθὼν
276 1617 438 1665 ’ἐξηπάτα
457 1633 500 1668 με
516 1623 585 1661 τοῖς
612 1623 784 1671 χρησμοῖς
805 1616 936 1670 ἐπάρας
961 1615 1163 1669 στράτευειν

139 1677 196 1716 ἐπί
217 1694 256 1716 σε
272 1679 317 1720 ὡς
340 1675 601 1730 περιεσόμενον,
619 1676 653 1720 ἐξ
671 1674 750 1714 ὅτου
781 1678 874 1730 αὐτῷ
885 1675 967 1714 τάδε
988 1674 1165 1728 ἀκροθίνια

147 1735 279 1787 πέμπω
295 1735 420 1788 (δείξας
438 1734 499 1778 τὰς
517 1734 651 1786 πέδας),
669 1734 728 1773 καὶ
748 1734 782 1773 τί
795 1735 924 1781 δήποτε
940 1736 1161 1785 ἀμνημονοῦ-

139 1810 174 1832 σι
211 1794 355 1848 χάριτος
373 1797 404 1832 οἱ
423 1796 491 1832 τῶν
513 1793 693 1840 Ἑλλήνων
711 1793 791 1831 θεοί.
813 1795 928 1844 Κῦρος
955 1791 991 1830 δὲ
1016 1791 1166 1843 γελάσας

138 1853 198 1891 καὶ
214 1853 298 1891 τάδε
317 1852 382 1905 ἔφη
403 1852 524 1890 δώσειν
547 1851 606 1890 καὶ
626 1851 742 1890 ἄλλων
765 1853 828 1889 οὐκ
848 1850 1036 1903 ἀτυχήσειν
1062 1848 1164 1888 αὐτὸν

140 1911 320 1962 μειζόνων.
346 1913 461 1963 Κῦρος
489 1909 525 1947 δὲ
561 1909 678 1960 ὂλίγου
703 1908 829 1962 χρόνου
855 1909 952 1962 φίλον
979 1908 1165 1955 ἐπεποίητο

142 1973 308 2024 Κροῖσον,
336 1968 434 2013 ἐξιών
449 1984 486 2006 τε
503 1970 543 2006 ἐκ
564 1967 727 2020 Σάρδεων
749 1967 909 2006 ἀπέδωκε
945 1968 1071 2010 παῖδας
1108 1967 1166 2005 καὶ

143 2034 325 2079 γυναῖκας,
347 2027 405 2065 καὶ
420 2026 482 2065 σὺν
502 2028 595 2080 αὐτῷ
613 2025 784 2078 ἀπήγετο.
807 2025 907 2065 Φασὶ
930 2024 966 2062 δέ
985 2040 1075 2068 τινες
1106 2025 1166 2062 καὶ

141 2085 325 2139 ἐπιτρέψαι
340 2084 382 2123 ἂν
398 2087 492 2138 αὐτῷ
509 2083 572 2132 τὴν
593 2083 708 2131 πόλιν,
730 2086 759 2122 εἷ
777 2083 826 2136 μὴ
848 2083 936 2138 ᾤετο
959 2089 1164 2136 νεωτεριεῖν.

141 2149 237 2183 Cum
256 2146 314 2194 iis,
333 2158 418 2195 quae
451 2146 490 2181 in
519 2145 636 2182 Croesi
661 2144 821 2180 historia
843 2143 890 2180 de
913 2143 994 2193 rogi
1017 2143 1165 2179 flamma

141 2204 270 2254 pluvia
314 2203 499 2241 exstincta
552 2211 771 2248 narrantur,
807 2201 937 2239 confer
973 2201 1166 2251 Mythogr.

139 2263 262 2300 Vatic.
286 2265 317 2308 Ι,
353 2263 425 2311 196
450 2270 487 2299 et
505 2264 554 2309 ΙΙ,
574 2275 645 2310 190
666 2261 724 2298 ed.
746 2261 866 2298 Bode.

194 2323 312 2367 «Quae
329 2321 367 2358 in
392 2321 541 2357 Nicolai
558 2320 779 2370 fragmentis
788 2319 835 2357 de
849 2319 969 2357 Croesi
989 2326 1026 2356 et
1043 2331 1116 2355 avo
1130 2327 1168 2355 et

140 2387 250 2429 patre
270 2387 489 2423 narrantur,
515 2378 666 2428 gemina
695 2379 772 2415 sere
797 2377 1064 2427 intelliguntur
1086 2390 1167 2414 esse

140 2437 198 2483 iis,
213 2450 298 2487 quae
313 2437 450 2475 Suidas
464 2436 582 2473 habet
601 2437 639 2473 in
655 2435 843 2482 Ἀλυάττης
859 2436 895 2484 (e
911 2436 1072 2472 Nicolao
1086 2435 1167 2472 sine

142 2495 278 2545 dubio)
312 2503 350 2533 et
387 2495 634 2544 Xenophilus
672 2494 775 2544 apud
818 2499 1060 2542 Anonymum
1095 2493 1118 2529 l.
1144 2493 1167 2530 l.

198 2551 384 2599 Ἀλυάττης
409 2552 532 2591 Λυδῶν
558 2550 727 2603 βασιλεύς·
744 2551 778 2595 ὃς
802 2546 843 2598 ἦν
871 2550 933 2601 μὲν
951 2550 996 2588 τὰ
1015 2549 1168 2601 πολέμια

143 2617 316 2663 γενναῖος,
337 2610 451 2654 ἄλλως
471 2610 507 2648 δὲ
524 2609 727 2652 ἀκόλαστος·
743 2610 802 2648 καὶ
818 2609 884 2662 γάρ
907 2624 992 2647 ποτε
1005 2608 1068 2656 τὴν
1086 2612 1168 2646 ἑαυ-

142 2674 202 2708 τοῦ
236 2669 427 2724 ἀδελφὴν”
405 2685 567 2722 ῃσχυνεν·
593 2669 753 2720 ἐγέννησε
779 2666 815 2706 δὲ
840 2667 1041 2714 Ἀλυάττην·
1077 2683 1169 2710 οστις

143 2728 205 2771 ἕως
225 2728 287 2780 μὲν
324 2727 398 2773 νέος
416 2732 472 2775 ἠν,
491 2727 690 2781 &pure->25⁷
673 2743 714 2774 ην
735 2727 793 2765 καὶ
810 2726 1011 2768 ἀκόλαστος.
1034 2726 1079 2764 Γ
1083 2724 1169 2768 ὤας

145 2786 180 2824 δὲ
195 2789 228 2830 ἐς
248 2787 392 2841 ἄνδρας,
413 2785 693 2841 σωφρονέστατος
710 2801 770 2825 και
788 2783 1004 2827 δικαιότατος
1026 2783 1085 2822 καὶ
1105 2786 1168 2821 ἀν-

145 2845 366 2897 δρικώτατος·
394 2845 594 2897 ἐπολέμησε
619 2843 655 2882 δὲ
676 2842 908 2897 Σμυρναίοις,
935 2858 995 2880 και
1029 2836 1098 2880 εἷλε
1127 2842 1167 2880 τὸ

147 2903 245 2942 ἄστυ·
276 2909 371 2948 οὗτος
389 2911 492 2958 γεννᾷ
523 2903 581 2943 τὸν
604 2906 765 2958 Κροῖσον·
798 2900 1012 2956 στρατεύσας
1041 2900 1077 2938 δὲ
1111 2901 1168 2939 ἐπὶ

149 2963 297 3016 Καρίαν,
326 2966 542 3025 παρήγγειλε
569 2970 641 3007 τοῖς
678 2966 801 3002 ἑαυτοῦ
829 2961 976 3024 στρατὸν
1009 2961 1105 3013 ἄγειν
1137 2963 1169 3004 ἐς

149 3020 312 3072 Σάροεις,
334 3025 368 3060 ἐν
389 3027 437 3066 οἷς
456 3039 515 3061 και
537 3023 699 3077 Κροίσω,
719 3021 846 3064 ὅστις
827 3037 870 3068 ην
897 3022 991 3074 αὐτῷ
1009 3018 1167 3073 arpi-:⁶66-

149 3093 253 3122 τατος
272 3082 339 3117 τῶν
362 3081 507 3130 παίδων,
530 3081 649 3134 ἄρχων
671 3079 956 3131 ἀποδεδειγμένος
976 3079 1169 3132 Ἀδραμυτ-

149 3137 241 3176 τείου
259 3153 296 3176 τε
314 3139 371 3176 καὶ
392 3140 516 3187 Θήὸης
539 3139 670 3178 πεδίου.
694 3139 879 3179 Ἀλυάττου
902 3140 1166 3191 πολιορκοῦντος

1217 271 1376 324 Πριήνην
1393 271 1507 325 φησίν.
1525 271 1672 308 Suidas.
1690 274 1815 308 Locus
1830 272 1868 307 in
1885 271 2066 308 extremis
2085 270 2234 310 videtur

1216 330 1385 378 mutilus,
1401 340 1438 368 et
1457 329 1702 367 obliteratum
1717 328 1930 378 scriptoris,
1946 329 2048 366 unde
2062 329 2143 367 haec
2162 329 2232 367 de-

1220 396 1356 435 sumta‚
1369 402 1524 426 nomen.

1270 445 1379 494 Λύδη.
1405 445 1548 492 Ταύτην
1596 444 1680 498 φησὶ
1726 443 1914 498 Ξενόφιλος
1953 447 1971 483 ὃ
1995 443 2056 487 τὰς
2087 444 2239 489 Λυδικὰς

1216 504 1369 558 ἱστορίας
1385 505 1518 558 γράψας
1530 535 1540 553 ,
1552 502 1700 555 γυναῖκά
1715 518 1754 540 τε
1770 501 1830 541 καὶ
1849 503 1999 556 ἀδελφὴν
2017 497 2104 541 εἶναι
2119 503 2239 542 Ἀλυα-

1217 562 1285 601 τέω
1303 566 1363 602 τοῦ
1381 563 1531 617 Κροίσου
1559 561 1789 615 προπάτορος.
1810 559 1953 607 Ἰαύτης
1982 559 2052 604 υἱὸς
2070 559 2239 608 Ἀλυάτης

1219 621 1458 672 διαδεξάμενος
1474 620 1537 668 τὴν
1551 624 1610 658 τοῦ
1624 620 1754 673 πατρὸς
1771 618 1964 671 βασιλείαν,
1982 618 2117 670 ἐγένετο
2133 618 2240 663 δεινὸς

1220 679 1402 732 ὓὸριστὴς,
1422 685 1468 723 ὡς
1486 679 1545 718 καὶ
1564 678 1607 716 τὰ
1626 677 1751 728 ἱμάτια
1777 676 1963 728 ἀξιολόγων
1989 678 2120 731 ἀνδρῶν
2139 693 2239 731 περι-

1220 737 1340 790 σχίσαι
1355 769 1364 787 ,
1385 738 1444 776 καὶ
1463 735 1673 791 προσπτύειν
1702 737 1854 779 πολλοῖς.
1882 734 1982 782 Αὐτὴ
2002 735 2039 773 δὲ
2059 735 2119 774 τὸν
2143 735 2216 775 υἱὸν
2231 765 2243 783 ,

1219 798 1299 834 ὅσον
1318 795 1487 845 ἠδύνατο,
1510 795 1755 834 κατέστελλεν·
1769 793 1848 839 τοὺς
1865 793 1902 832 δὲ
1915 793 2158 847 ὓὸριζομένους
2183 796 2246 836 καὶ

1219 855 1332 906 λόγοις
1351 861 1516 908 χρηστοῖς
1530 855 1590 893 καὶ
1609 854 1719 909 ἔργοις
1731 853 1896 905 ἠμείὸετο
1906 869 1914 876 ·
1934 859 2052 891 πᾶσαν
2066 853 2103 891 δὲ
2115 855 2166 906 τῷ
2179 854 2244 906 υἱῷ

1220 912 1471 966 φιλοφροσύνην
1487 912 1742 966 προσφέρουσα,
1753 914 1799 955 εἷς
1809 910 1956 965 στοργὴν
1977 913 2101 958 ἑαυτῆς
2109 909 2243 959 πολλὴν

1220 970 1432 1024 περιέτρεψε.
1446 973 1476 1010 Ν
1481 970 1634 1022 ομίσασα
1644 970 1680 1008 δὲ
1691 972 1870 1025 αὖταρκῶς
1881 972 2095 1021 ἀγαπᾶσθαι,
2103 970 2245 1023 σκηψα-

1222 1029 1328 1080 μένη,
1349 1029 1446 1068 σίτου
1468 1029 1527 1068 καὶ
1544 1032 1612 1067 τῶν
1635 1031 1766 1068 λοιπῶν
1788 1027 1973 1081 ἀπέσχετο.
1990 1028 2059 1068 Τὸν
2079 1029 2116 1066 δὲ
2134 1043 2246 1081 παρε-

1222 1087 1385 1142 δρεύοντα
1401 1087 1461 1126 καὶ
1480 1087 1605 1139 ὁμοίως
1629 1090 1635 1118 ,¹
1660 1092 1807 1126 .ιτοῦντα
1822 1088 2107 1136 κατασταλῆναι,
2121 1086 2181 1125 καὶ
2200 1088 2246 1130 εἷς

1220 1150 1321 1184 τοῦτο
1339 1146 1640 1197 μεταὸάλλεσθαι,
1657 1145 1747 1184 ὥστε
1767 1146 1870 1199 φησὶν
1901 1145 2084 1199 ὀρθότατον
2108 1145 2168 1183 καὶ
2191 1146 2247 1184 δι·-

1221 1204 1403 1242 καιότατον
1425 1204 1527 1242 αὐτον
1547 1204 1716 1256 γενέσθαι.

1275 1279 1291 1296 ι(
1304 1265 1386 1299 Hoc
1400 1263 1482 1300 solo
1496 1263 1738 1313 discrepant
1728 1271 1829 1301 mter
1839 1276 1931 1311 sese,
1950 1263 2055 1313 quod
2067 1263 2249 1302 Nicolaus

1223 1321 1343 1358 Croesi
1375 1334 1491 1358 avum
1538 1321 1760 1371 Sadyattem
1797 1321 1905 1370 dicit,
1936 1330 2084 1372 patrem
2121 1329 2247 1359 autem

1222 1379 1416 1428 Alyattem
1432 1407 1442 1425 ,
1480 1381 1595 1430 plane
1628 1379 1740 1417 sicuti
1770 1379 1993 1417 Herodotus
2007 1392 2016 1415 :
2030 1379 2087 1417 illi
2115 1386 2250 1416 contra

1226 1446 1447 1487 utrumque,
1467 1446 1505 1476 et
1528 1446 1675 1488 patrem
1699 1446 1738 1475 et
1769 1451 1882 1475 avum
1900 1438 2101 1488 Alyattem.
2137 1437 2250 1486 Quod

1223 1496 1253 1533 si
1270 1498 1526 1546 reputaveris,
1544 1497 1612 1534 has
1633 1510 1692 1534 res
1707 1505 1934 1547 argumento
1953 1496 2163 1547 persimiles
2181 1496 2246 1534 in-

1225 1562 1280 1591 ter
1297 1568 1379 1592 sese
1398 1569 1446 1593 ex
1474 1568 1552 1592 uno
1570 1555 1677 1592 fonte
1693 1552 1875 1606 repetitas
1891 1554 2062 1601 videbis,
2084 1554 2122 1593 h.
2143 1567 2176 1592 e.
2203 1567 2252 1592 ex

1222 1613 1370 1651 Xanthi
1387 1614 1571 1657 Λυδιακοῖς
1593 1629 1601 1650 ;
1623 1615 1784 1651 sortasse
1802 1614 1840 1651 in
1861 1613 2048 1651 universis
2074 1613 2134 1651 his
2146 1612 2252 1652 ‚scri-
2270 1644 2275 1649 .

1228 1671 1402 1722 ptoribus
1428 1682 1590 1724 excepto
1620 1673 1832 1718 Herodoto,
1859 1671 1983 1710 sicubi
2003 1674 2122 1710 Croesi
2157 1685 2252 1709 avus

1224 1731 1451 1781 cogitandus
1471 1732 1535 1778 sit,
1552 1731 1822 1784 reponendum
1839 1744 1993 1768 censeas
2009 1731 2071 1768 vel
2092 1727 2254 1769 Σαδυάτ-

1225 1804 1312 1836 της,
1341 1790 1416 1837 vel,
1440 1790 1471 1827 si
1496 1790 1595 1827 forte
1626 1790 1772 1828 Nicolai
1806 1798 1932 1827 textus
1955 1803 1978 1827 a
2007 1788 2175 1827 librariis
2203 1789 2253 1827 ad

1223 1847 1486 1886 Herodoteum
1507 1849 1659 1886 relictus
1674 1848 1851 1886 videatur
1865 1877 1877 1895 ‚
1891 1846 2091 1894 Ἀλυάττης.
2121 1847 2254 1895 Quid?

1225 1906 1265 1943 in
1312 1907 1509 1956 Anonymi
1540 1907 1627 1944 loco
1658 1907 1820 1944 fortasse
1851 1914 2036 1956 praeterea
2066 1905 2254 1959 Ξενόφιλος

1226 1965 1509 2003 emendandum
1530 1974 1587 2003 est
1602 1966 1641 2002 in
1665 1965 1811 2009 Ξάνθος.
1844 1968 1932 2011 Quo
1949 1965 2024 2012 fiet,
2046 1974 2090 2003 ut
2106 1964 2155 2003 ab
2177 1978 2254 2003 uuo

1229 2033 1332 2062 certe
1349 2025 1488 2062 horum
1509 2025 1756 2075 scriptorum,
1776 2028 1982 2074 Anonymo
1999 2024 2179 2062 nimirum
2195 2024 2255 2062 hi-

1226 2084 1357 2121 storici
1373 2083 1495 2121 nostri
1510 2091 1690 2133 tanquam
1715 2083 1853 2120 harum
1867 2095 1996 2121 rerum
2010 2083 2176 2120 auctoris
2188 2096 2255 2120 no-

1230 2154 1314 2179 men
1326 2142 1466 2179 diserte
1474 2142 1670 2192 proditum
1682 2141 1843 2180 dicatur.
1857 2142 1928 2180 Cui
1939 2140 2170 2191 conjecturae
2178 2141 2252 2179 hoc

1231 2200 1641 2251 videtnrfavere‚quod
1651 2200 1764 2251 hujus
1773 2200 1986 2250 Xenophili
1994 2200 2140 2237 nullum
2150 2200 2255 2238 aliud

1228 2272 1299 2309 per
1309 2268 1484 2296 veterum
1500 2260 1733 2297 monimenta
1743 2259 1955 2310 reperiatur
1962 2258 2177 2309 vestigium.

1282 2318 1446 2367 Alyattis
1467 2318 1627 2369 alicujus
1639 2319 1794 2356 nomine
1808 2317 1994 2355 nonnulla
2007 2317 2254 2368 reperiuntur

1228 2379 1267 2415 in
1290 2379 1562 2429 scriptoribus,
1579 2392 1664 2428 quae
1687 2392 1707 2415 e
1727 2377 1887 2416 Xantho
1907 2377 2068 2415 fortasse
2089 2385 2156 2415 aut
2175 2377 2252 2415 alio

1229 2436 1483 2486 Lydiacarum
1504 2437 1750 2475 historiarum
1769 2443 1925 2473 auctore
1939 2435 2110 2486 prosecta
2130 2435 2253 2473 videri

1230 2496 1389 2546 possint,
1407 2510 1440 2533 v.
1457 2510 1490 2533 c.
1513 2509 1599 2546 quae
1622 2496 1820 2545 Polyaenus
1839 2497 1925 2540 VII,
1944 2507 1980 2542 2,
1995 2493 2044 2531 de
2062 2493 2164 2531 bello
2183 2493 2253 2532 ad-

1228 2567 1360 2591 versus
1375 2555 1601 2592 Cimmerios
1611 2555 1780 2605 itemque
1797 2553 1980 2591 adversus
1992 2553 2256 2603 Colophonios

1228 2621 1333 2662 gesto
1354 2613 1489 2659 refert3
1510 2627 1579 2651 nec
1592 2613 1716 2651 minus
1733 2625 1819 2664 quae
1846 2612 2038 2662 Diogenes
2069 2614 2195 2648 Laert.
2224 2614 2255 2659 Ι,

1229 2671 1292 2718 83,
1307 2671 1354 2708 de
1370 2672 1513 2709 Biantis
1529 2685 1734 2722 congressu
1755 2683 2007 2721 sermoneque
2019 2683 2106 2707 cum
2120 2669 2254 2720 Alyat-

1234 2738 1271 2767 te
1292 2738 1436 2774 narrat,
1453 2730 1525 2767 nisi
1557 2731 1655 2768 forte
1675 2731 1712 2768 in
1730 2731 1775 2767 iis
1799 2729 1927 2780 potius
1946 2729 2127 2766 Xanthus
2147 2728 2253 2774 latet,

1227 2801 1323 2837 quos
1339 2789 1559 2826 Herodotus
1577 2792 1595 2826 I
1609 2818 1619 2836 ‚
1636 2803 1682 2836 27
1702 2789 1795 2826 dicit
1811 2787 2010 2825 tradidisse
2040 2786 2088 2824 de
2113 2787 2257 2824 Biantis

1227 2846 1420 2896 colloquio
1440 2860 1525 2884 cum
1548 2850 1682 2885 Croeso
1698 2861 1800 2898 rege.
1812 2864 1827 2880 u
1843 2848 1905 2884 Cr.

1624 2928 1627 2929 ⁷
1641 2923 1837 2936 ⁴000*—

1530 2967 1682 3005 LIBER
1711 2965 1945 3004 TERTIUS.

1279 3077 1460 3126 Stephan.
1476 3080 1578 3125 Byz.:
1591 3022 1789 3127 Εὖπάτῖρῗά,
1803 3073 1902 3117 πόλις
1915 3073 2050 3112 Λυδῶν·
2067 3075 2098 3111 οἱ
2114 3074 2253 3112 πολῖται

1246 3134 1618 3188 Εὗπατρίδαι,μᾶλλον
1630 3132 1666 3170 δὲ
1681 3134 1886 3185 Εὖπατρεῖς.
1915 3131 1959 3170 Ξ.
1983 3133 2017 3169 ἐν
2042 3130 2075 3182 γ’
2098 3131 2254 3170 Λυδικῶν

1003 3248 1151 3286 LIBER
1180 3247 1213 3283 Τ
1216 3213 1410 3284 ΕΒΤΙῐῙ-ξ.

1176 3356 1239 3388 20.

204 3426 365 3465 {inpetu-in,
393 3421 547 3460 oppidum
577 3422 737 3459 Lydorum
752 3446 760 3459 ‚
781 3430 873 3460 (nmis
890 3420 1040 3461 oppidani
1063 3419 1266 3459 Eupatridax·;
1285 3417 1342 3450 sed
1360 3419 1489 3457 praestat
1508 3418 1722 3457 Eupatrenses
1739 3415 1854 3454 dicere,
1875 3419 1909 3446 ut
1924 3416 2035 3446 ⁴auctor
2051 3417 2099 3446 est
2116 3415 2150 3445 X.
