2320 3684
157 179 231 214 564

155 260 380 307 buimus‚in
400 269 547 296 canone
569 263 700 292 nostro
721 251 968 290 scribendum
989 250 1087 288 foret
1107 250 1161 287 ita

262 318 396 370 [1193]
478 313 610 368 [3257]
689 311 797 363 [680]
896 309 1069 348 Pandion

262 376 395 425 (1192)
477 372 609 424 (3258)
690 369 799 422 (679)
907 381 967 406 an.
989 381 1025 414 7.

430 459 565 509 Epoclz.
591 470 649 494 12.
675 470 730 495 vs.
753 457 822 503 23,
848 463 910 500 24.

211 547 278 580 Vs.
310 544 370 579 23.
399 540 558 577 Palmer.
591 537 755 587 conjecit
786 551 794 573 :
829 535 889 574 καὶ
923 534 1092 589 πρ[ίνινον
1125 533 1179 585 ἐ]-

156 602 308 656 πρά[ὓνε
335 598 392 637 τὸν
423 597 495 649 βίον
525 594 663 649 πρ]ώτη
693 594 765 647 δ[ιὰ
790 595 839 646 Τ]
849 593 1068 647 ριπτόλεμον,
1095 594 1121 632 i.
1146 606 1178 630 e.

158 665 299 699 iliceum
328 655 569 704 mansuefecit
592 657 740 692 vivendi
763 668 880 705 genus
899 668 975 704 per
1002 655 1181 702 Triptole-

159 734 269 757 mum.
308 716 422 764 Quod
457 728 614 766 prorsus
646 713 868 751 absurdum.
905 712 1178 750 Prideauxius:

157 779 218 817 καὶ
245 776 343 829 πρ[ὸς
360 775 483 817 ἄλλους
509 772 645 825 ἔπεμψε
670 770 807 824 πρ]ώτη
833 770 904 823 &suit
922 769 1180 823 Τριπτόλεμον.

157 837 212 882 Ad
229 837 310 873 haec
329 833 531 872 Boeckhius
548 846 556 869 :
574 849 588 864 «
603 831 739 868 Literis
754 830 1024 881 superstitibus
1043 843 1180 880 parum

158 894 359 938 convenit;
382 905 451 928 nec
474 889 730 941 probabiliter
749 889 1010 939 Triptolemus
1031 888 1182 926 dicetur

157 953 285 1003 fruges
309 950 416 1002 prius
444 948 491 986 ad
514 948 608 985 alios
630 947 882 986 transmisisse
910 961 1025 997 quam
1053 960 1117 984 eas
1144 947 1181 983 in

156 1006 274 1043 Rario
297 1003 516 1042 seminasset
534 1013 674 1051 campo
697 1001 775 1052 (ep.
798 1000 871 1050 13).
899 1000 1013 1047 Quod
1031 999 1079 1036 de
1097 1012 1182 1036 meo

159 1064 268 1110 dedi,
304 1069 603 1100 consentaneum
637 1061 689 1097 rei
701 1073 712 1105 ;
744 1059 907 1097 verbum
944 1057 1102 1112 ἐπράχθη
1134 1072 1183 1095 ne

159 1123 296 1159 fortius
324 1133 439 1171 quam
468 1132 540 1170 pro
568 1131 697 1156 rerum
726 1118 876 1155 ratione
902 1130 984 1154 esse
1007 1129 1182 1164 censeas,

158 1180 308 1232 insigne
338 1186 428 1216 nota
452 1178 633 1214 molimen
663 1189 749 1214 cum
779 1189 956 1213 successu
978 1175 1182 1219 effectum;

157 1239 198 1276 in
236 1252 314 1289 quo
340 1236 582 1275 commodum
615 1244 672 1273 est
698 1233 883 1287 ἐπράχθη,
911 1242 952 1271 ut
980 1234 1012 1271 si
1043 1233 1184 1270 dicitur

159 1295 318 1350 ἐπράχθη
345 1298 448 1333 τοῦτο
465 1294 505 1332 τὸ
523 1292 664 1347 ἔργον.»
688 1293 780 1340 Sed,
804 1300 847 1330 ut
865 1292 1030 1342 ingenue
1050 1292 1183 1337 fatear,

161 1357 318 1394 minime
338 1355 463 1405 placet
485 1353 580 1390 illud
604 1349 791 1404 πρ[όπειρα
814 1351 1006 1403 ἐ]πρά[χθη
1022 1348 1183 1403 πρ]ώτη;

161 1425 286 1464 neque
305 1421 429 1450 tamen
447 1411 583 1447 melius
604 1409 815 1459 quidquam
835 1409 971 1446 habeo.

211 1475 258 1510 In
276 1471 321 1508 iis
346 1469 619 1521 quaedeinceps
637 1467 742 1518 apud
758 1467 975 1504 Boeckhium
991 1469 1183 1518 leguntur,

163 1529 345 1573 δειξάντων
360 1525 608 1580 Τριπτολέμου
624 1528 685 1563 τοῦ
701 1526 834 1563 Κελεοῦ
849 1524 907 1563 καὶ
922 1525 1091 1578 Νεαίρας,
1108 1538 1186 1562 vox

164 1581 348 1627 δειξάντων
378 1581 537 1618 fortasse
566 1578 778 1630 typothetae
805 1591 936 1615 errore
965 1586 1089 1615 exstat
1115 1591 1186 1628 pro

162 1639 331 1685 δείξαντος
343 1669 353 1688 ,
369 1652 488 1690 quum
502 1637 595 1675 illud
609 1635 667 1675 καὶ
682 1635 833 1689 Νεαίρας
846 1637 999 1674 nonnisi
1012 1636 1058 1674 ad
1072 1637 1187 1687 signi-

163 1699 351 1737 ficandam
381 1697 610 1748 Triptolemi
643 1704 803 1733 matrem
831 1695 936 1746 (quae
971 1697 1088 1746 vulgo
1121 1696 1182 1733 di-

163 1760 264 1796 citur
278 1755 492 1808 Μετάνειρα)
517 1755 736 1805 appositum
761 1767 841 1792 esse
868 1755 999 1804 possit.

220 1818 273 1854 De
286 1829 326 1853 re
343 1829 378 1852 v.
393 1814 618 1865 Apollodor.
636 1816 673 1859 Ι,
693 1813 713 1849 5
727 1843 736 1861 ‚
758 1827 798 1859 1;
818 1815 892 1860 111,
916 1818 980 1859 14,
1001 1826 1037 1860 7,
1056 1812 1186 1863 ibique

162 1875 373 1925 Heynium;
394 1872 554 1910 Diodor.
572 1875 610 1918 Ι,
629 1883 691 1920 29.

214 1934 397 1972 Tatianus
416 1940 454 1969 et
473 1930 612 1968 Euseb.
633 1930 670 1966 in
691 1933 812 1980 Praep.
830 1932 974 1981 Evang.
994 1943 1074 1967 rem
1095 1943 1187 1967 eve-

163 1992 265 2029 nisse
297 1991 470 2028 referunt
500 1988 572 2026 sub
598 1991 774 2038 Lynceo,
804 2000 892 2038 rege
933 1989 1187 2039 Argivorum,

163 2051 229 2101 qui
247 2063 310 2101 ap.
330 2048 469 2087 Euseb.
493 2060 652 2097 regnare
676 2047 809 2097 incipit
837 2060 869 2084 a.
897 2053 940 2091 14
963 2047 1187 2095 Pandionis,

163 2109 278 2147 desiit
297 2121 329 2146 a.
357 2115 402 2153 ιι,
423 2106 639 2145 Erechthei.
666 2104 807 2144 Euseb.
831 2108 937 2142 Arm.
970 2106 1009 2143 in
1034 2108 1189 2143 Canone

162 2168 446 2219 Triptolemum
475 2165 584 2216 ponit
610 2178 644 2202 a.
671 2165 716 2201 32
735 2163 940 2202 Pandionis
949 2178 960 2211 ;
982 2172 1019 2202 et
1041 2173 1187 2216 septem

163 2227 272 2264 annis
292 2234 394 2276 post,
411 2238 445 2263 a.
464 2225 513 2274 39
532 2222 747 2271 Erechthei,
766 2231 920 2274 raptum
939 2224 1188 2274 Proserpinae.

439 2313 580 2362 Epoclz.
603 2313 662 2350 13.
698 2324 754 2350 vs.
777 2311 917 2356 24-25.

217 2405 346 2445 Verba
379 2406 398 2442 ὁ
418 2404 548 2443 Κελεοῦ
579 2404 693 2454 spatii
712 2405 895 2455 explendi
912 2417 1024 2442 causa
1042 2405 1189 2443 addidit

164 2464 367 2504 Boeckhius
378 2478 388 2510 ;
404 2461 536 2515 καρπόν
546 2470 603 2499 est
612 2463 800 2500 Palmerii.
812 2466 999 2501 Praeterea
1009 2464 1189 2502 Prideau-

164 2518 257 2567 xius⁴
271 2526 357 2565 cum
373 2527 705 2577 eoqueBoeckhius
723 2518 759 2566 ΓΙ
780 2535 1026 2565 mutaverunt
1048 2529 1086 2565 in
1122 2521 1154 2570 ll
1176 2557 1187 2580 7

166 2586 347 2637 quoniam
372 2597 581 2635 numquam
603 2583 687 2621 duae
707 2585 864 2636 epochae
879 2586 918 2622 in
937 2587 1098 2624 eundem
1114 2601 1187 2625 an-

165 2659 258 2683 num
277 2645 525 2682 referrentur.
551 2647 647 2691 Quae
670 2644 773 2681 ratio
801 2657 893 2681 num
915 2646 1058 2693 valeat,
1081 2649 1188 2696 peri-

166 2706 284 2742 tiores
301 2703 523 2754 dijudicent.
541 2705 637 2740 Rem
651 2702 690 2739 in
706 2702 869 2740 eundem
883 2716 1025 2741 annum
1040 2705 1189 2752 cadere,

166 2765 206 2801 in
225 2776 339 2814 quem
361 2761 398 2799 id
415 2760 519 2812 quod
541 2773 603 2811 ep.
634 2773 677 2797 12
710 2769 964 2809 memoratur,
988 2770 1190 2800 consenta-

168 2835 280 2859 neum
295 2835 304 2866 3
316 2829 429 2870 atque
438 2819 633 2856 hominem
642 2827 815 2856 nostrum
826 2819 975 2857 Parium
995 2821 1032 2857 in
1042 2822 1190 2859 Cereris

169 2880 283 2918 rebus
300 2879 548 2930 prolixiorem
577 2877 712 2924 fuisse,
738 2877 904 2927 ideoque
923 2877 1017 2917 duas
1038 2893 1097 2916 res
1118 2893 1189 2917 eo-

170 2939 255 2976 dem
287 2951 386 2974 anno
418 2945 540 2987 gestas
574 2936 779 2986 separatim
813 2937 988 2974 retulisse
1022 2951 1099 2974 non
1133 2947 1191 2976 est

171 2996 370 3034 absonum.
390 2998 437 3033 Et
455 2996 536 3032 sine
553 2995 673 3033 dubio
693 3009 871 3045 magnum
891 2996 952 3033 hic
974 3009 1094 3033 annus
1111 3004 1192 3034 erat

170 3055 209 3092 in
227 3054 439 3091 vetustiore
456 3054 707 3105 chronologia
723 3053 958 3106 παράπηγμα.
981 3055 1092 3103 Quod
1110 3056 1192 3106 qui-

171 3113 256 3150 dem
273 3114 310 3150 in
331 3117 524 3150 Marmore
543 3122 675 3151 nostro
691 3126 739 3150 ex
757 3114 886 3151 multis
908 3113 1078 3152 sontibus
1098 3128 1192 3152 con-

173 3173 261 3209 flato
275 3170 354 3221 jam
373 3184 451 3208 non
469 3180 644 3210 accurate
665 3185 871 3222 agnoscere
890 3173 989 3210 licet.
1012 3173 1087 3211 Sed
1112 3187 1189 3210 non

174 3242 312 3279 magna
345 3242 443 3278 opus
479 3237 536 3267 est
570 3231 794 3270 mutatione.
835 3235 971 3270 Sumas
1004 3233 1191 3283 epocham

173 3297 342 3327 nostram
367 3301 444 3324 non
471 3289 606 3326 cadere
632 3290 670 3326 in
697 3303 838 3328 annum
852 3292 941 3338 632,
970 3291 1034 3329 sed
1053 3292 1093 3329 in
1116 3292 1192 3329 630

174 3355 262 3385 ante
289 3346 439 3397 Olymp.
463 3360 493 3383 1.
519 3350 616 3384 Tum
646 3349 762 3398 igitur
788 3349 837 3387 ab
857 3351 1010 3401 Olymp.
1039 3364 1055 3388 1
1080 3350 1194 3388 distat

1061 161 1359 203 ANNOTATIO

1239 262 1273 286 a.
1295 260 1341 286 10
1366 256 1400 291 ><
1422 248 1471 286 63
1485 277 1496 296 ,
1514 263 1632 301 porro
1648 250 1697 289 ab
1713 261 1788 289 aera
1804 250 1966 302 Trojana
1981 249 2068 303 (441
2088 259 2175 290 ante
2192 252 2255 291 Ol.

1240 306 1276 358 1)
1294 320 1327 344 a.
1349 307 1373 344 3·
1396 314 1432 349 Χ
1455 309 1518 346 63.

1289 367 1346 402 De
1376 378 1511 416 campo
1541 367 1658 406 Rario
1671 381 1794 419 prope
1809 367 2027 405 Eleusinem
2042 371 2205 406 Pausan.
2222 371 2255 416 1,

1239 422 1288 459 38
1301 453 1310 471 ,
1331 423 1354 460 6
1375 436 1383 460 :
1407 422 1461 461 Τὸ
1480 424 1598 463 πεδίον
1623 424 1663 464 τὸ
1680 425 1820 479 Ῥαρίον
1841 428 2020 478 σπαρῆναι
2043 427 2182 478 πρῶτον
2201 424 2259 465 λέ-

1237 494 1357 531 γουσι,
1377 482 1437 520 καὶ
1455 484 1592 535 πρῶτον
1619 483 1766 530 αὐξῆσαι
1787 483 1962 538 καρποὺς,
1986 484 2044 522 καὶ
2074 483 2131 523 διὰ
2157 488 2260 524 τοῦτο

1239 540 1353 584 οὐλαῖς
1371 540 1406 586 ἐξ
1421 542 1526 579 αὐτοῦ
1543 541 1695 595 χρῆσθαί
1710 557 1808 596 σφισι
1823 542 1882 580 καὶ
1900 545 2074 581 ποιεῖσθαι
2088 542 2261 595 πέμματα

1240 599 1273 641 ἐς
1284 597 1344 643 τὰς
1363 599 1481 644 θυσίας
1500 599 1728 648 καθέστηκεν.
1749 602 1886 640 Suidas
1908 617 1916 639 :
1945 601 2110 654 Ῥαριὰς,
2135 606 2158 651 ἡ
2181 605 2261 650 Δη-

1241 656 1371 711 μήτηρ.
1406 658 1531 713 Ῥάρος
1560 658 1626 712 γὰρ
1642 658 1742 711 ἔσχεν
1777 658 1848 698 υἱὸν
1878 659 2020 698 Κελεόν.
2051 659 2179 704 Κελεὸς
2199 660 2261 709 δὲ,

1242 718 1498 771 Τριπτόλεμον·
1515 722 1534 758 ὃ
1548 719 1584 758 δὲ
1600 719 1725 773 Ῥάρος
1742 719 1975 771 πλανωμένην
1991 719 2055 767 τὴν
2066 721 2261 775 Δημήτραν

1241 777 1300 816 καὶ
1320 779 1490 824 ζητοῦσαν
1508 777 1572 826 τὴν
1591 776 1697 831 κόρην
1717 776 1903 822 ὑπεδέξατο
1923 780 1957 816 ἓν
1977 781 2028 831 τῷ
2047 777 2151 832 οἴκῳ·
2174 778 2263 834 ὑπὲρ

1241 839 1302 882 τῆς
1328 835 1489 882 τοιαύτης
1510 830 1567 874 οῧν
1597 836 1738 889 χάριτος
1757 841 1779 884 ἡ
1802 836 1976 889 Δημήτηρ
2005 835 2063 875 τὸν
2094 837 2262 890 ἀπόγονον

1243 893 1372 948 Ῥάρου
1393 894 1637 947 Τριπτόλεμον
1647 893 1781 939 ἐδίδαξε
1800 893 1863 941 τὴν
1881 898 1942 932 τοῦ
1960 893 2056 933 σίτου
2077 896 2262 950 γεωργίαν.

1507 972 1646 1020 Epoclz.
1675 977 1731 1016 14.
1751 985 1807 1009 vs.
1828 972 1877 1008 25
1895 994 1915 999 -
1935 984 1998 1019 27·

1295 1040 1459 1077 Primam
1493 1041 1670 1078 lacunam
1703 1041 1938 1079 Chandlcrus
1969 1043 2140 1092 explevit
2168 1044 2222 1082 ita
2252 1057 2263 1084 :

1242 1097 1316 1150 [ἀφ’
1337 1091 1391 1148 ο]ῧ
1411 1097 1575 1151 [Ὀρφεὺς
1593 1097 1672 1149 τὴ]ν
1689 1113 1698 1145 ;
1721 1099 1824 1149 quod
1843 1100 1894 1137 ob
1911 1114 2074 1138 vacuum
2094 1102 2134 1140 in
2154 1105 2264 1141 Mar-

1243 1171 1351 1195 more
1378 1159 1542 1208 spatium
1570 1160 1816 1209 amplificavit
1842 1161 2055 1199 Bceckhius.
2084 1162 2193 1201 Idem
2218 1164 2267 1202 ad

1244 1225 1404 1254 extrem.
1433 1230 1490 1255 vs,
1522 1218 1570 1254 25
1598 1226 1756 1255 annotat
1782 1219 1891 1256 haec:
1919 1220 2139 1259 «Videntur
2155 1223 2267 1272 plura

1245 1275 1402 1324 periisse
1431 1289 1439 1311 :
1473 1288 1607 1314 versus
1649 1278 1749 1314 enim
1783 1277 1887 1327 apud
1921 1278 2126 1317 Seldenum
2157 1281 2267 1319 valde

1244 1332 1372 1371 brevis
1400 1342 1468 1371 est.
1506 1334 1622 1380 Quod
1653 1348 1722 1385 ego
1754 1335 1843 1373 dedi
1871 1337 2045 1387 sequitur
2069 1339 2268 1378 literarum

1245 1392 1412 1442 vestigia.
1431 1391 1550 1444 Κόρης
1566 1392 1706 1445 ἁρπαγὴ
1728 1391 1788 1430 καὶ
1807 1394 1994 1448 Δήμητρος
2014 1395 2156 1443 ζήτησις
2171 1410 2268 1435 con-

1246 1451 1403 1488 veniunt
1419 1451 1596 1501 Orphe03
1615 1465 1647 1488 v.
1666 1451 1828 1490 Lobeck.
1845 1453 2097 1503 Aglaopham.
2115 1468 2152 1505 p.
2171 1456 2246 1500 546
2258 1485 2267 1503 ‚

1246 1510 1319 1556 827
1345 1523 1441 1560 sqq.‚
1466 1510 1542 1547 818
1563 1523 1661 1560 sqq.,
1683 1519 1720 1547 et
1742 1519 1832 1548 nota
1851 1512 1996 1562 Orphei
2017 1526 2169 1551 carmen
2190 1514 2268 1551 cir—

1245 1569 1454 1605 cumlatum
1481 1581 1562 1605 esse
1581 1567 1766 1622 Λήμητρος
1799 1568 1945 1612 πλάνας.
1980 1574 2076 1608 Mox
2110 1572 2270 1610 Chand-

1245 1627 1347 1664 lerus
1370 1642 1378 1664 :
1404 1625 1475 1664 Καὶ
1510 1625 1605 1677 τ[ὴ]ν
1646 1628 1751 1664 αὐτοῦ
1779 1627 1987 1678 [κατάὸασιν
2010 1628 2070 1667 καὶ
2095 1627 2270 1683 μύἹθο[υ]ς

1246 1687 1335 1734 τῶν,
1355 1694 1441 1735 etc.‚
1459 1685 1533 1722 hoc
1555 1684 1680 1733 μύθους
1704 1686 1932 1724 Prideauxio
1960 1680 2161 1739 acceptum
2199 1704 2266 1728 re-

1246 1744 1382 1781 ferens.
1415 1744 1605 1794 Orphicus
1639 1744 1738 1781 liber
1772 1745 1844 1782 fuit
1878 1745 2085 1790 Κατάὸασις
2117 1749 2151 1792 ἐς
2182 1747 2268 1802 ᾅδου

1249 1802 1429 1848 (Lobeck.
1447 1802 1630 1852 Aglaoph.
1648 1816 1685 1853 p.
1701 1803 1790 1852 373)
1807 1803 1894 1840 :sed
1911 1802 1983 1852 τὸν,
1999 1819 2076 1842 non
2092 1805 2155 1852 τὴν
2174 1808 2268 1859 lapis

1246 1862 1362 1900 habet
1382 1876 1390 1899 :
1424 1862 1542 1912 igitur
1573 1861 1660 1899 dedi
1688 1860 1747 1899 καὶ
1766 1861 1824 1900 τὸν
1844 1863 1947 1900 αὐτοῦ
1974 1863 2216 1917 [καταὸαθμὸν
2235 1868 2270 1910 ἐς

1248 1919 1344 1973 ᾅδου.
1362 1918 1502 1962 Μύθους
1515 1932 1608 1957 vero
1624 1920 1715 1957 ferri
1730 1934 1806 1958 non
1820 1930 1962 1972 potest,
1978 1936 2066 1960 nam
2085 1923 2124 1961 in
2140 1925 2268 1976 lapide

1247 1993 1304 2022 est
1331 1976 1594 2034 ΘΟΣΤΩΝ;
1633 1984 1875 2035 debebatque
1902 1994 2004 2023 certe
2036 1985 2163 2037 μύθους
2193 1988 2270 2033 τοὺς

1248 2041 1326 2096 περὶ
1358 2045 1427 2081 τῶν
1463 2051 1533 2080 etc.
1563 2043 1660 2088 dici3
1689 2056 1759 2080 nec
1788 2042 1905 2094 μύθων
1935 2045 2078 2083 mentio
2102 2049 2270 2086 auctoris

1249 2101 1398 2138 videtur
1423 2101 1579 2151 ingenio
1606 2101 1837 2150 convenire,
1865 2102 1931 2151 qui
1961 2102 2052 2139 satis
2077 2103 2268 2144 credulus.

1248 2161 1414 2198 Primum
1437 2159 1676 2210 conjeceram
1703 2158 1830 2207 πάθος,
1853 2160 2138 2209 condicionem,
2160 2165 2269 2213 quasi

1247 2218 1287 2257 τὸ
1304 2222 1391 2257 θεῖον
1408 2218 1514 2261 πάθος
1531 2232 1663 2257 eorum
1682 2219 1747 2269 qui
1763 2218 1866 2269 apud
1881 2219 2025 2257 inferos
2036 2229 2141 2268 sunt;
2157 2231 2269 2273 post-

1248 2292 1292 2316 ea
1310 2279 1458 2329 praetuli
1482 2281 1603 2329 γῆθος,
1632 2291 1709 2328 quo
1728 2277 1850 2315 verbo
1871 2278 1912 2316 in
1947 2279 2074 2317 soluta
2095 2282 2270 2320 oratione

1249 2339 1371 2376 utitur
1394 2338 1586 2378 Plutarch,
1613 2340 1725 2387 Ages.
1750 2350 1782 2374 e.
1817 2350 1878 2386 29.
1907 2338 2064 2376 Viderat
2089 2341 2268 2391 Orpheus

1249 2403 1353 2454 apud
1369 2402 1511 2440 inferos
1527 2415 1575 2439 ex
1588 2402 1682 2447 illis,
1708 2403 1775 2452 qui
1798 2403 1946 2440 Cereris
1963 2403 2090 2453 fruges
2109 2417 2270 2456 accepe-
2288 2396 2291 2399 ¹

1249 2470 1356 2508 rant,
1386 2474 1503 2498 unum
1527 2469 1565 2498 et
1588 2462 1750 2498 alterum
1773 2460 1853 2510 jam
1881 2461 2126 2509 defunctum,
2143 2464 2270 2515 iisque

1251 2522 1437 2557 fruentem
1457 2520 1620 2567 deliciis,
1640 2533 1724 2569 quae
1744 2533 1792 2558 ex
1810 2521 1920 2557 istius
1938 2529 2050 2558 sectae
2068 2522 2270 2574 disciplina

1249 2579 1487 2616 initiatorum
1504 2579 1672 2629 propriae
1686 2586 1774 2615 sunt
1793 2577 1913 2628 (Plato
1938 2583 2034 2630 Rep.
2052 2583 2103 2628 11,
2122 2595 2159 2632 p.
2177 2582 2268 2630 363,

1249 2640 1298 2685 C;
1315 2638 1362 2675 cf.
1381 2637 1545 2674 Lobeck.
1561 2650 1598 2687 p.
1617 2636 1721 2687 806).
1740 2654 1755 2669 υ

1302 2701 1503 2750 Orpheum
1523 2705 1665 2740 Noster
1684 2701 1795 2751 ponit
1820 2701 2022 2739 Erechthei
2045 2715 2078 2740 a.
2108 2704 2178 2752 253
2201 2718 2270 2742 eo-

1249 2759 1335 2796 dem
1362 2761 1447 2797 fere
1472 2773 1572 2797 anno
1598 2761 1644 2809 (a.
1675 2760 1722 2796 23
1749 2760 1968 2806 Erechthei)
1997 2761 2136 2799 Euseb.
2163 2766 2267 2801 Arm.

1249 2819 1292 2856 N.
1315 2819 1388 2862 6=42
1410 2826 1518 2855 notat
1543 2818 1788 2867 Eumolpum.
1817 2819 1999 2856 Tatianus
2013 2821 2210 2870 Orpheum
2229 2830 2269 2860 et

1250 2880 1436 2914 Musaeum
1467 2877 1631 2914 collocat
1656 2875 1727 2913 sub
1754 2879 1880 2913 Proeto
1908 2877 2075 2927 Argivo,
2103 2880 2169 2929 qui
2194 2880 2270 2918 im-

1251 2935 1398 2985 perium
1413 2936 1571 2985 suscipit
1582 2948 1613 2972 a.
1630 2936 1680 2984 39
1695 2935 1896 2972 Erechthei
1909 2945 2119 2988 regnatque
2139 2951 2209 2989 per
2221 2953 2264 2987 17

1250 3008 1382 3032 annos.
1410 2995 1594 3033 Tatianus
1621 2993 1737 3042 igitur
1766 2994 1964 3043 Orpheum
1992 2995 2039 3032 ad
2070 2996 2267 3034 minimum

1255 3058 1299 3097 14
1316 3053 1424 3091 annis
1440 3053 1621 3090 seriorem
1642 3052 1730 3093 facit
1746 3064 1859 3101 quam
1878 3053 1987 3102 lapis.
2008 3053 2149 3092 Euseb.
2165 3059 2268 3094 Arm.

1250 3112 1446 3163 Orpheum
1463 3119 1649 3149 memorat
1667 3110 1738 3148 sub
1753 3123 1785 3147 a.
1799 3112 1844 3147 13
1854 3111 1974 3162 AEgei,
1984 3113 2051 3162 qui
2066 3121 2270 3164 computus

1251 3173 1425 3208 aNostro
1441 3171 1527 3222 plus
1548 3183 1616 3207 100
1632 3170 1740 3207 annis
1762 3169 1887 3206 distat.
1911 3171 2061 3208 Etenim
2081 3173 2268 3210 maximus

1250 3239 1485 3269 estveterum
1501 3229 1689 3266 dissensus
1703 3228 1750 3265 de
1762 3228 2033 3277 antiquissimis
2046 3231 2119 3267 illis
2130 3233 2268 3281 poetis,
2311 3257 2320 3271 ε.

1253 3290 1425 3340 OrpheO,
1435 3288 1622 3338 Eumolpo
1639 3287 1689 3339 (v.
1703 3300 1763 3337 ep.
1786 3287 1860 3338 15),
1872 3288 2144 3336 Philammone,
2159 3290 2267 3328 Tha-
2311 3298 2320 3325 ἶ

1252 3361 1371 3400 myre.
1389 3347 1503 3396 Quod
1518 3347 1565 3385 de
1580 3360 1670 3394 uno,
1684 3346 1786 3385 idem
1800 3346 1846 3384 de
1860 3347 1996 3386 ceteris
2011 3348 2122 3387 valet.
2135 3352 2268 3396 Quan-
