2320 3684
170 188 243 222 176

165 268 203 307 83
217 271 261 321 τῇ
282 267 443 322 θυγατρὶ,
467 266 525 304 τὸν
548 263 683 316 πατέρα
704 260 924 314 μαστευούσῃ
937 291 947 309 ,
970 259 1063 299 κύων
1081 259 1186 307 συνή-

165 330 226 375 θης
251 326 361 377 ὄνομα
381 325 530 378 Μαίρα,
549 322 572 369 ὴ
591 324 641 375 τῷ
666 319 806 374 Ἰκαρίῳ
823 319 1020 368 συνείπετο,
1045 319 1102 357 τὸν
1127 334 1186 357 νε-

165 385 247 439 κρὸν
277 384 444 436 ἐμήνυσε·
483 380 626 427 κάκείνη
659 377 919 432 κατοδυρομένη
947 378 1005 416 τὸν
1038 376 1186 431 πατέρα,

167 442 292 490 ἑαυτὴν
311 442 497 494 ἀνήρτησε.

220 501 277 552 (8)
299 498 458 538 Πανδίων
477 496 514 535 δὲ
533 495 648 548 γήμας
673 493 872 541 Ζευξίππην
890 496 952 540 τῆς
971 493 1100 547 μητρὸς
1123 492 1186 541 τὴν

168 558 338 612 ἀδελφὴν,
359 554 548 609 θυγατέρας
566 553 662 605 μέν’
647 552 817 590 ετέκνωσε
846 551 1009 605 Πρόκνην
1036 551 1095 589 καὶ
1113 554 1188 591 Φι-

167 617 347 667 λομήλαν·
376 615 501 656 παῖδας
521 612 556 651 δὲ
575 611 738 662 διδύμους
761 610 932 665 Ἐρεχθέα
959 610 1019 648 καὶ
1039 609 1188 658 Βούτην.

168 673 361 725 2Πολέμου
381 672 418 711 83
435 670 685 717 ἐξαναστάντος
700 684 786 723 προς
814 668 1000 708 Λάὸδακον
1026 668 1105 722 περὶ
1127 671 1191 720 γῆς

169 733 277 787 ὅρων,
307 729 545 770 ἐπεκαλέσατο
578 727 702 781 βοηθὸν
736 729 777 765 ἐκ
793 726 952 796 Θράκης
981 725 1103 780 Τηρέα
1130 726 1188 765 τὸν

166 790 296 845 ”-Αρεος
313 789 385 829 Και
402 789 459 827 τὸν
477 787 629 838 πόλεμον
645 785 706 825 συν
724 787 819 839 αὐτῷ
834 784 1101 839 κατορθώσας,”
1081 785 1190 823 εδωκε

166 852 278 902 Τηρει
288 863 373 902 προς
382 847 494 899 γάμον
513 845 576 893 τὴν
595 848 718 883 ἑαυτου
737 843 908 898 θυγατέρα
923 842 1100 897 Πρόκνην.
1116 844 1132 869 3
1145 843 1190 883 ‘O

169 907 228 956 83,
248 909 287 945 ἐκ
306 905 435 953 ταύτης
450 904 618 977 γεννήσρις
637 904 745 942 παῖδα
766 899 881 951 Ἴτυν,
900 902 960 940 καὶ
980 901 1192 953 Φιλομήλας

167 938 346 1020 ἐράσθεὶς,
373 964 506 1018 ἔφθειρε
532 962 591 1001 καὶ
611 960 761 1010 ταύτην,
779 959 885 999 εἷπὼν
904 960 1066 999 τεθνάναι
1091 960 1191 1014 Πρό-

168 1040 268 1072 κνην,
278 1022 442 1077 κρύπτων
457 1038 514 1060 επι
524 1036 593 1060 των
613 1019 765 1093 χωρίων.
784 1020 798 1044 4
811 1013 918 1063 Αὖθις
935 1017 971 1056 83
986 1019 1103 1070 γήμας
1116 1020 1191 1057 Φι-

168 1082 351 1134 λομήλαν,
381 1080 637 1128 συνηυνάζετο,
669 1078 728 1116 καὶ
754 1076 817 1124 τὴν
845 1079 1009 1129 γλωσσαν
1033 1076 1190 1128 ἐξέτεμεν

169 1142 287 1187 αὖτης.
307 1140 353 1180 Ἤ
371 1139 436 1177 83
424 1138 585 1193 υφήνασα
608 1139 643 1175 ἐν
661 1135 785 1189 πέπλῳ
802 1136 997 1190 γράμματα
1020 1135 1110 1185 [καὶ]
1137 1134 1193 1172 διὰ

168 1198 301 1237 τούτων
321 1198 473 1249 ἐμήνυσε
492 1195 635 1250 Πρόκνῃ
653 1195 714 1239 τὰς
731 1175 818 1238 ἰδίας
838 1193 1029 1247 συμφοράς.
1047 1195 1063 1218 5
1073 1193 1117 1232 H
1143 1191 1192 1242 83,

170 1257 420 1304 ἀναζητήσασα
440 1255 502 1303 τὴν
523 1253 694 1308 ἀδελφὴν,
722 1253 848 1291 κτείνει
870 1252 929 1290 τὸν
957 1253 1066 1290 παῖδα
1082 1249 1192 1300 Ἴτυν,

169 1315 228 1353 καὶ
246 1314 489 1366 καθεψήσασα,
509 1315 620 1366 Τηρεῖ
641 1313 775 1349 δεῖπνον
798 1313 979 1361 ἀγνοοῦντι
995 1309 1191 1363 προτίθησν

169 1373 229 1411 καὶ
245 1372 334 1424 μετὰ
352 1376 413 1419 τῆς
440 1373 589 1424 ἀδελφῆς
614 1369 670 1407 διὰ
685 1368 811 1421 ταχέος
836 1368 951 1422 ἔφυγε.
971 1379 988 1403 6
1000 1367 1137 1422 Τηρευς
1156 1367 1192 1406 83

170 1430 384 1482 αἰσθόμενος,
404 1430 564 1483 ἁρπάσας
577 1426 739 1475 πέλεκυν,
760 1427 913 1465 ἐδίωκεν.
936 1429 980 1465 Αἱ
997 1426 1033 1464 83
1051 1429 1085 1465 ἐν
1100 1429 1194 1465 Δαυ-

170 1488 230 1528 λία
261 1493 323 1535 τῆς
359 1488 522 1531 Φωκίδος
557 1485 736 1538 γινόμεναι
770 1485 1073 1538 περικατάληπτοι
1106 1488 1194 1529 θεοῖς

173 1547 336 1600 εὔχονται
368 1548 639 1600 ἀπορνεωθῆναι.
659 1546 674 1571 7
694 1543 766 1583 Καὶ
788 1542 927 1597 Πρόκνη
965 1542 1027 1594 μὲν
1063 1543 1194 1594 γίνεται

172 1605 310 1655 ἀηδὼν,
337 1605 531 1657 Φιλομήλα
559 1602 595 1642 83
625 1602 788 1655 χελιδών.
810 1602 1055 1655 Ἀπορνεουται
1081 1601 1118 1640 83
1134 1618 1193 1640 και

170 1664 319 1718 Τηρευς,
335 1664 394 1703 καὶ
411 1664 543 1716 γίνεται
561 1661 662 1714 ἔποψ.

530 1821 778 1854 ΚΕΦΑΑΑΙΟΝ
800 1819 862 1851 IE'.

228 1895 281 1946 (ι)
299 1894 490 1937 Πανδίονος
516 1892 553 1931 83
571 1886 820 1939 ἀποθανόντος,
849 1891 881 1927 οῗ
908 1889 1028 1932 παῖδες
1051 1888 1095 1927 τὰ
1119 1904 1194 1926 πα-

173 1954 270 2006 τρῷα
287 1951 503 2005 ἐμερίσαντο.
523 1950 591 1988 Καὶ
610 1953 674 1996 τῆν
697 1948 875 2002 βασιλείαν
894 1946 1080 2001 Ἐρεχθεὺς
1098 1948 1195 1998 λαμ-

175 2010 291 2059 ὅάνει,
309 2009 372 2056 τὴν
393 2008 429 2046 83
444 2007 635 2063 ἱερωσύνην
653 2011 716 2055 τῆς
739 2008 883 2054 Ἀθηνᾶς
901 2006 960 2044 καὶ
981 2009 1041 2044 τοῦ
1062 2008 1194 2044 Ποσει-

176 2070 281 2112 δῶνος
297 2084 357 2106 του
375 2066 594 2120 Εριχθονίου
613 2064 757 2112 Βούτης.
772 2073 789 2097 2
804 2064 929 2115 Γήμας
950 2063 986 2102 83
1007 2063 1195 2117 Ἐρεχθευς

175 2126 372 2181 Πραξιθέαν
382 2127 445 2172 τὴν
457 2124 646 2179 Φρασίμου
666 2140 725 2162 και
739 2122 934 2174 Διογενείας
946 2125 1008 2168 τ’ῆς
1019 2124 1203 2175 Κηφισου,-

175 2185 259 2238 ἔσχε
276 2186 401 2227 παῖδας
418 2183 597 2237 Κέκροπα,
619 2182 827 2236 Πάνδωρον,
855 2181 1027 2228 Μητίονα·
1051 2179 1196 2231 θυγατε-

176 2260 236 2298 ρας
253 2243 287 2282 83
298 2242 497 2296 ,Πρόκριν,
517 2241 711 2295 Κρέουσαν,
733 2240 897 2289 Χθονίαν,
921 2238 1134 2293 Ωρείθυιαν,
1151 2239 1193 2286 ἢν

174 2274 312 2357 ἥρπασε
330 2301 470 2355 Βορέας.

228 2365 246 2390 3
257 2359 406 2400 Χθονίαν
423 2358 485 2410 μὲν
505 2352 562 2396 οὖν
577 2357 687 2409 ἔγημε
698 2356 844 2405 Βούτης,
857 2355 1039 2427 Κρέουσαν
1052 2354 1089 2392 83
1106 2355 1196 2392 Ξου-

176 2422 244 2468 θος,
263 2417 417 2472 Πρόκριν
429 2416 465 2455 83
486 2416 647 2470 Κέφαλος
665 2420 683 2454 ὁ
699 2413 854 2463 Δηιόνος.
870 2414 907 2438 4
909 2417 943 2453 H
960 2413 996 2451 83
1008 2413 1194 2462 ,λαὸοῧσα

176 2493 324 2532 χρυσουν
345 2475 527 2530 στέφανον,
551 2474 740 2514 Πτελέοντι
759 2473 1019 2517 συνευνάζεται·
1037 2471 1097 2510 και
1117 2487 1193 2525 φω-

179 2537 352 2590 ραθεῖσα
339 2535 406 2573 υπὸ
436 2533 618 2587 Κεφάλου,
639 2533 724 2586 πρὸς
749 2532 876 2571 Μίνωα
902 2547 942 2584 <pe
945 2530 1005 2581 ύγε
1009 2547 1030 2568 ι.
1050 2544 1065 2567 5
1087 2530 1131 2568 Ο
1159 2529 1194 2568 83

177 2596 283 2641 αὐτῆς
308 2595 390 2647 ἐρᾷ,
410 2593 469 2631 καὶ
497 2591 607 2630 πείθει
631 2592 785 2629 συνελθε
776 2606 816 2628 ιν.
848 2591 893 2627 Εἰ
917 2587 954 2626 δέ
975 2604 1014 2639 γε
1038 2587 1195 2626 συνέλθοι

176 2651 262 2705 γυνὴ
282 2652 422 2699 Μίνωι,
445 2642 661 2688 ἀδύνατον
639 2665 680 2695 ην
708 2647 815 2695 αὐτὴν
833 2649 998 2693 σωθηναι.
1022 2645 1193 2700 Πασιφάη

176 2712 267 2783 γὰρ,
299 2708 417 2756 ἐπειδὴ
446 2709 591 2751 πολλαῖς
619 2707 739 2751 Μίνως
772 2704 1002 2752 συνηυνάζετο
1027 2703 1194 2755 γυναιξιν,

177 2766 438 2823 ἐφαρμάκευσεν
456 2766 577 2815 αὖτον,
602 2765 685 2814 και,
715 2763 819 2803 ὁπότε
843 2763 931 2815 ἄλλῃ
951 2762 1193 2810 συνηυνάζετο,

177 2829 224 2871 εἷς
254 2826 298 2865 τὰ
332 2826 440 2887 ἄρθρα
471 2797 578 2898 &pieri
589 2824 712 2877 θηρία,
747 2822 807 2861 καὶ
841 2821 949 2864 ούτως
978 2819 1192 2859 ἀπώλλυντο.

178 2891 195 2916 6
210 2885 380 2937 Ἔχοντος
397 2888 455 2922 οὐν
475 2885 578 2922 αὐτοῦ
595 2882 683 2921 κύνα
698 2897 823 2933 ταχυν,
842 2878 998 2918 ἀκόντιόν
1018 2894 1056 2916 τε
1072 2878 1192 2916 ἷθυὸό-

178 2945 253 2992 λον,
273 2944 330 2982 ἐπὶ
349 2942 482 2986 τούτοις
498 2941 669 2996 Πρόκρις,
694 2941 800 2978 δοῦσα
817 2938 881 2986 τὴν
908 2937 1079 2992 Κιρκαίαν
1102 2942 1193 2975 πιεῖν

181 2975 288 3061 ῥίζάν,
299 3001 384 3054 πρὸς
393 3001 432 3039 τὸ
444 2999 532 3052 μηδὲ
534 3016 551 3038 ν
575 2999 719 3052 βλάψαι,
739 2997 992 3041 συνευνάζεται.
1012 2994 1193 3034 7Δείσασα

179 3057 215 3096 δὲ
233 3062 328 3101 αὐθις
345 3059 407 3105 τὴν
425 3058 565 3101 Μίνωος
581 3063 749 3109 γυναῖκα,
777 3059 859 3102 ἡκεν
880 3056 926 3099 εἷς
946 3052 1105 3100 Ἀθήνας·
1133 3052 1192 3090 καὶ

179 3117 402 3167 διαλλαγεῖσα
422 3116 595 3170 Κεφάλῳ,
623 3115 712 3166 μετὰ
739 3113 862 3153 τούτου
886 3112 1116 3167 παραγίνεται
1135 3110 1192 3148 ἐπὶ

180 3175 305 3229 θήραν·
330 3179 372 3222 ἠν
389 3176 455 3229 γὰρ
475 3175 672 3229 θηρευτική.
687 3177 704 3202 ⁸
721 3173 922 3221 Διωκούσης
940 3171 1007 3226 γὰρ
1034 3173 1139 3218 αυτης
1156 3172 1191 3209 ἓν

182 3237 221 3286 τῇ
246 3232 364 3286 λόχμῃ
391 3234 563 3284 ἀγνοήσας
588 3233 748 3287 Κέφαλος
771 3232 959 3280 ἀκοντίζει,
987 3230 1047 3269 καὶ
1074 3227 1190 3282 τυχὼν

181 3291 373 3330 ἀποκτείνει
392 3290 557 3345 Πρόκριν.
579 3292 649 3330 Καὶ
666 3292 826 3345 κριθεὶς’
812 3307 846 3329 εν
868 3290 990 3344 Ἀρείῳ
1008 3288 1111 3341 πάγῳ
1129 3304 1192 3342 φυ-

184 3349 242 3402 γὴν
263 3346 369 3388 ἀιδιον
390 3349 667 3393 καταδικάζεται.

766 173 1145 215 ΑΠΟΛΛΟΔΩΡΟΥ
1172 173 1520 212 ΒΙΒΛΙΟΘΗΚΗΣ
1547 172 1590 224 Γ,
1621 170 1660 210 ιε’

1245 271 1470 312 sepeliverunt.
1480 275 1493 295 ⁴
1500 272 1648 313 Erigonae
1658 273 1765 303 autem
1777 270 1852 302 filiae
1862 272 1985 311 patrem
1992 269 2150 310 quaerenti
2162 268 2271 302 herilis

1246 328 1357 368 canis,
1377 329 1428 360 cui
1447 331 1555 361 Maerae
1581 337 1700 360 nomen
1716 330 1801 367 erat,
1824 327 1962 359 Icarium
1985 326 2160 359 consectari
2178 327 2275 359 solita

1246 395 1364 427 corpus
1387 387 1560 428 indicavit;
1585 387 1638 420 illa
1655 396 1732 420 vero
1755 388 1879 428 patrem
1901 385 2022 418 deflens
2045 378 2222 427 suspendio
2236 393 2274 418 se

1246 444 1383 477 necavit.

1290 503 1335 545 (8)
1352 503 1499 536 Pandion
1524 504 1622 536 ducta
1651 503 1815 544 zeuxippe
1829 502 1942 534 matris
1957 493 2083 542 sorore,
2103 501 2186 535 filias
2199 510 2272 544 pro·

1248 563 1367 594 creavit
1386 564 1532 594 Procnen
1553 564 1586 595 et
1600 562 1810 594 Philomelam
1822 585 1831 600 ‚
1848 561 1930 592 filios
1950 569 2026 593 vero
2039 560 2183 601 geminos
2198 563 2275 594 Ere-

1248 623 1402 656 chtheum
1416 626 1448 656 et
1458 625 1572 656 Buten.
1581 629 1596 648 2
1606 623 1729 655 Deinde
1741 624 1854 655 exorto
1867 623 1980 654 contra
1987 622 2174 654 Labdacum
2188 621 2275 654 bello

1249 682 1289 715 de
1310 685 1404 714 terrae
1426 682 1565 723 finibus,
1588 683 1714 714 socium
1733 690 1751 713 e
1772 681 1907 713 Thracia
1928 680 2095 712 arcessivit
2115 681 2272 719 Tereum,

1249 739 1361 771 Martis
1374 739 1487 771 filium.
1503 740 1604 780 Cujus
1616 739 1737 772 auxilio
1749 739 1880 779 adjutus
1893 747 1994 779 quum
2007 738 2128 770 bellum
2141 737 2274 774 feliciter

1250 796 1411 837 gessisset,
1419 798 1565 828 Procnen
1574 796 1672 828 filiam
1682 796 1712 828 ei
1722 796 1812 828 dedit
1825 796 1858 827 in
1867 794 2122 827 matrimonium.
2134 806 2148 824 s
2155 796 2275 827 Tereus

1251 856 1359 888 autem
1371 878 1381 895 ,
1395 857 1545 896 suscepto
1565 864 1606 887 ex
1629 854 1684 886 illa
1698 857 1768 895 Itye
1785 854 1850 886 tilio
1859 879 1868 895 ,
1887 853 2071 886 Philomelae
2085 861 2195 885 amore
2209 861 2277 885 cor-

1251 915 1361 954 reptus
1376 922 1451 946 cum
1474 913 1535 945 hac
1549 921 1678 954 quoque
1694 921 1885 953 congressus
1901 913 1951 945 est
1961 935 1971 952 ‚
1986 914 2132 944 Procnen
2143 935 2152 952 ,
2176 919 2276 952 quam

1251 972 1283 1004 in
1309 971 1392 1012 agris
1406 971 1622 1004 occultaverat
1633 995 1642 1012 ‚
1664 973 1826 1004 mortuam
1842 979 1914 1003 esse
1940 970 2110 1002 simulans.
2127 974 2142 994 ⁴
2153 969 2277 1003 Deinde

1251 1029 1461 1062 Philomelam
1480 1037 1616 1061 uxorem
1637 1029 1761 1061 ducens
1776 1037 1852 1060 cum
1873 1037 1911 1060 ea
1926 1027 2163 1060 concumbebat
2178 1028 2277 1068 atque

1251 1088 1393 1128 linguam
1413 1087 1443 1119 ei
1464 1087 1595 1119 excidit.
1620 1089 1699 1119 Haec
1722 1088 1829 1119 tamen
1848 1095 1904 1127 per
1924 1086 2033 1118 literas
2048 1085 2082 1117 in
2093 1084 2189 1126 peplo
2201 1093 2276 1117 con-

1251 1147 1356 1178 textas
1377 1154 1453 1178 suas
1468 1148 1601 1178 Procnae
1616 1144 1762 1177 miserias
1779 1144 1983 1185 significavit.
2001 1150 2016 1169 ὃ
2028 1146 2152 1176 Procne
2167 1143 2276 1185 igitur,

1252 1203 1392 1245 quaesita
1407 1212 1528 1243 sorore,
1545 1205 1619 1244 Ityn
1633 1211 1770 1244 puerum
1782 1202 1979 1235 trucidatum
1991 1202 2211 1243 elixatumque
2221 1203 2277 1235 Te-

1252 1271 1307 1294 reo
1334 1262 1443 1302 ignaro
1470 1261 1668 1303 epulandum
1692 1262 1854 1302 apposuit,
1871 1269 1909 1292 ac
1931 1260 2046 1293 deinde
2069 1269 2144 1293 cum
2167 1269 2277 1293 sorore

1252 1329 1350 1361 quam
1360 1320 1524 1352 celerrime
1537 1319 1670 1360 aufugit.
1682 1321 1829 1358 ‘’Tereus,
1844 1327 1879 1350 re
1891 1319 2028 1359 cognita,
2037 1319 2163 1359 arrepta
2171 1319 2277 1351 securi

1253 1379 1416 1411 insecutus
1443 1380 1505 1410 est.
1529 1379 1588 1410 Hae
1612 1386 1689 1409 vero
1712 1377 1747 1408 in
1762 1376 1876 1409 Daulia
1895 1376 2048 1409 Phocidis
2071 1376 2154 1409 urbe
2173 1385 2277 1418 quum

1250 1437 1317 1478 jam
1331 1435 1690 1477 comprehenderentur,
1711 1435 1790 1467 deos
1805 1436 1969 1476 rogarunt,
1986 1437 2023 1467 ut
2037 1435 2072 1466 in
2085 1444 2162 1467 aves
2175 1437 2277 1468 muta-

1253 1495 1376 1526 rentur.
1395 1497 1407 1516 ⁷
1422 1495 1464 1525 Et
1481 1495 1605 1525 Procne
1618 1492 1750 1533 quidem
1763 1492 1799 1524 fit
1818 1491 1964 1532 luscinia,
1980 1491 2158 1524 Philomela
2168 1493 2279 1526 autem

1253 1552 1404 1585 hirundo.
1426 1554 1546 1584 Tereus
1561 1559 1691 1592 quoque
1704 1550 1738 1582 in
1756 1558 1900 1591 upupam
1920 1559 2014 1583 avem
2029 1550 2278 1586 transformatus

1252 1614 1312 1644 est.

1713 1760 1818 1773 -——G

1645 1827 1782 1858 CAPUT
1813 1826 1882 1857 XV.

1296 1896 1342 1938 (1)
1365 1895 1528 1928 Pandione
1544 1894 1695 1927 defuncto
1708 1894 1764 1925 filii
1778 1893 1882 1934 patria
1896 1892 1982 1925 bona
1998 1893 2081 1926 inter
2106 1902 2141 1926 se
2162 1893 2276 1927 divise-

1254 1957 1340 1987 runt.
1351 1954 1549 1986 Erechtheus
1562 1961 1694 1994 regnum
1710 1952 1844 1993 accepit,
1861 1953 1958 1984 Butes
1972 1960 2049 1984 vero
2059 1952 2275 1985 sacerdotium

1255 2014 1409 2046 Minervae
1434 2014 1466 2045 et
1492 2011 1631 2053 Neptuni
1655 2010 1865 2043 Erichthonii.
1878 2014 1893 2033 2
1910 2012 2052 2042 Uxorem
2075 2011 2276 2044 Erechtheus

1255 2073 1350 2105 duxit
1360 2071 1563 2103 Praxitheam
1577 2069 1735 2102 Phrasimi
1745 2072 1777 2101 et
1786 2069 1949 2110 Diogeniae
1975 2069 2118 2110 Cephisi,
2129 2078 2169 2101 ex
2175 2077 2277 2111 eaque

1255 2130 1336 2162 filios
1365 2129 1506 2170 suscepit
1525 2132 1700 2169 cecropem
1716 2151 1726 2167 ‚
1750 2127 1933 2159 Pandorum
1947 2151 1956 2167 ‚
1979 2127 2170 2168 Metionem,
2194 2127 2279 2174 filias

1253 2190 1403 2228 Procrin,
1419 2190 1594 2227 Creusam,
1610 2186 1806 2220 Chthoniam
1816 2208 1826 2226 ‚
1843 2185 2034 2227 Orithyiam,
2057 2194 2154 2227 quam
2168 2185 2276 2228 rapuit

1254 2251 1383 2281 Boreas.

1296 2374 1310 2393 ³
1330 2352 1526 2388 Chthoniam
1539 2358 1676 2383 uxorem
1697 2349 1791 2382 duxit
1814 2349 1929 2389 ButeS,
1950 2351 2106 2382 Creusam
2121 2350 2248 2383 Xuthus
2261 2373 2286 2391 ,,

1254 2406 1384 2439 Procrin
1402 2403 1562 2445 Cephalus
1575 2401 1704 2435 Deionis
1723 2401 1819 2432 filius.
1838 2402 1950 2442 *Haec‚
1964 2402 2072 2433 sumta
2086 2409 2204 2434 corona
2219 2410 2272 2434 au·

1254 2469 1319 2500 rea,
1333 2469 1352 2491 a
1367 2458 1532 2491 Pteleonte
1548 2454 1770 2496 comprimitur
1782 2455 1813 2485 et
1829 2462 1848 2484 a
1863 2453 2005 2494 Cephalo
2021 2453 2219 2495 deprehensa
2232 2453 2274 2487 ad

1254 2514 1393 2546 Minoem
1409 2509 1563 2550 confugit.
1578 2513 1592 2531 ⁶
1602 2507 1664 2545 Qui
1680 2514 1788 2538 amore
1803 2506 1916 2546 captus
1931 2505 1961 2537 ei
1971 2505 2141 2546 persuadet
2150 2507 2187 2539 ut
2198 2514 2272 2547 cum

1254 2568 1325 2608 ipso
1340 2563 1578 2598 concumberet.
1587 2563 1629 2593 At
1636 2561 1663 2592 si
1671 2559 1785 2591 mulier
1797 2559 1984 2599 cunr'Minoe
1991 2559 2174 2599 concubuit,
2183 2559 2273 2593 nullo
2311 2556 2316 2557 ⁷

1254 2620 1351 2652 modo
1366 2619 1473 2660 potuit
1482 2615 1613 2648 servari.
1622 2616 1702 2646 Nam
1717 2612 1884 2653 Pasiphae,
1896 2611 1984 2653 quod
1993 2620 2068 2643 cum
2083 2611 2195 2644 multis
2203 2618 2292 2652 mu-b-

1253 2671 1386 2704 lieribus
1401 2671 1508 2702 Minos
1523 2676 1590 2699 rem
1604 2665 1753 2705 habebat,
1774 2673 1849 2696 eum
1864 2662 2028 2696 veneficiis
2042 2663 2165 2705 infecit,
2179 2664 2224 2697 ita
2233 2664 2297 2700 utf*

1253 2724 1380 2766 quoties
1396 2730 1472 2754 cum
1487 2720 1549 2752 alia
1563 2718 1819 2759 congrederetur,
1836 2716 1871 2747 in
1883 2715 1970 2748 illius
1982 2717 2071 2748 artus
2083 2716 2203 2758 viperae
2213 2716 2286 2753 im„

1253 2777 1468 2813 mitterentur,
1479 2772 1615 2811 ideoque
1627 2770 1755 2811 pellices
1765 2770 1916 2811 perirent.
1931 2773 1945 2792 ὃ
1956 2771 2064 2806 Quum
2076 2778 2153 2803 vero
2165 2760 2287 2817 Minoo}⁴

1254 2838 1367 2862 canem
1393 2827 1559 2868 pernicem
1582 2825 1714 2857 haberet
1734 2824 1767 2855 et
1786 2821 1930 2863 jaculum
1953 2830 1972 2854 a
1984 2830 2082 2863 scopo
2103 2828 2282 2864 nunquam
2319 2826 2320 2829 ’

1253 2884 1421 2920 aberrans,
1442 2889 1480 2912 ea
1496 2878 1680 2911 conditione
1694 2877 1731 2907 ut
1751 2875 1822 2906 haec
1842 2874 2015 2915 acciperet,
2031 2874 2179 2914 Procris,
2195 2873 2281 2907 aar·

1252 2936 1292 2968 ad
1305 2933 1482 2966 bibendum
1493 2931 1618 2963 Circaea
1629 2927 1753 2966 radice,
1767 2935 1807 2958 ne
1828 2925 1903 2966 quid
1923 2925 1986 2957 sibi
2001 2925 2106 2958 Minos
2122 2898 2278 2968 noceret23

1252 2997 1328 3021 cum
1342 2996 1381 3020 eo
1396 2982 1593 3018 concumbit
1608 2986 1621 3004 ⁷
1631 2979 1754 3012 Deinde
1770 2987 1845 3010 vero
1867 2978 1985 3009 timens
2005 2977 2121 3010 Minois
2137 2974 2278 3015 uxoratis

1252 3040 1420 3074 revertitur
1433 3037 1586 3073 Athenas,
1599 3035 1630 3065 et
1645 3030 1786 3072 cephalo
1801 3029 2003 3061 reconciliata
2018 3038 2092 3061 cum
2108 3038 2146 3062 eo
2164 3029 2204 3062 ad
2216 3031 2277 3062 π’-

1251 3093 1395 3127 nandum
1409 3089 1493 3128 exit;
1519 3094 1594 3118 nam
1610 3081 1790 3115 venationis
1805 3080 1913 3112 studio
1927 3080 2020 3112 valde
2035 3080 2272 3116 oblectabatur?

1251 3145 1333 3184 „Sed
1348 3144 1429 3175 seras
1447 3138 1610 3181 quondam
1623 3134 1846 3175 insequentem
1860 3133 1892 3164 in
1909 3132 2057 3172 virgultis
2071 3132 2270 3173 ignarusssoe¹
2318 3128 2320 3140 ²

1250 3197 1366 3241 phalus
1385 3193 1490 3237 jaculo
1504 3190 1600 3232 petit,
1618 3190 1649 3220 et
1664 3186 1846 3220 confossam
1867 3185 1998 3216 Procrin
2014 3185 2173 3218 interficit.
2185 3187 2279 3224 Quo-v

1250 3251 1334 3283 circa
1349 3245 1511 3288 Cephalus
1527 3242 1568 3274 ab
1591 3239 1745 3281 Areopagi
1763 3236 1926 3279 judicibus
1941 3236 1983 3268 ad
1999 3236 2131 3269 exilium
2152 3233 2270 3282 semp}-⁴

1248 3304 1376 3336 ternum
1391 3296 1631 3332 condemnatur.
