2320 3684
175 190 249 223 398

171 268 368 322 Φιλόχορος
387 267 423 306 δὲ
447 269 481 306 ἐν
501 270 543 320 τῇ
560 267 659 319 τρίτῃ
676 268 737 312 τῆς
757 265 906 309 Ἀτθίδος
935 266 1032 320 φησί·
1051 285 1066 301 ι(
1082 267 1135 305 Τὸ
1153 265 1189 304 δὲ

171 327 334 380 θεωρικὸν
352 323 394 375 ἦν
434 326 472 364 τὸ
506 327 641 379 πρῶτον
667 323 826 375 νομισθὲν
847 324 987 377 δραχμὴ
1010 328 1072 372 τ’ῆς
1091 324 1190 374 θέας,

170 386 245 424 ὅθεν
265 386 323 425 καὶ
340 385 491 435 τοῦνομα
509 383 611 422 ἔλαὸε
624 402 652 431 υ,
673 383 732 420 καὶ
750 382 794 420 τὰ
810 382 898 429 ἑξῆς.

223 445 441 484 Philochori
466 442 580 480 verba
600 455 621 479 a
642 442 758 479 Suida
781 442 835 480 ita
855 442 1106 481 exhibentur:
1120 436 1190 481 ’Ἦν

170 502 207 540 δὲ
228 502 268 540 τὸ
292 501 354 553 μὲν
374 500 540 553 πρότερον
567 499 727 552 νομισθὲν
753 499 893 554 δραχμὴ
915 503 977 548 τῆς
998 500 1097 550 θέας,
1116 501 1190 540 ὅθεν

168 561 228 599 καὶ
242 559 388 613 θεωρικὴ
407 558 536 606 ἐκλήθη
551 575 559 583 ·
577 568 615 596 et
633 573 718 597 cum
734 560 851 598 Suida
868 561 1026 599 Photius
1038 561 1077 599 in
1097 564 1190 599 Lex.

168 633 206 670 p.
228 633 270 667 71
298 619 502 664 consentit,
522 619 594 655 nisi
616 618 721 669 quod
738 618 854 657 habet
874 617 1024 673 θεωρικὰ
1039 619 1111 657 ἐκλ.

654 678 717 714 86.

222 730 351 781 Steph.
382 733 459 780 Byz
476 743 484 765 :
513 728 639 767 Αἷθαία
660 760 670 777 ,
688 729 786 773 πόλις
810 732 1018 776 Λακωνικῆς
1038 730 1102 781 μία
1123 732 1190 768 τῶν

169 786 302 825 ἑκατόν.
325 787 523 840 Φιλόχορος
539 789 571 825 ἐν
593 787 741 832 Ἀτθίδος
758 787 875 842 τρίτῳ.

220 908 354 947 idem:
373 908 468 958 Θέα,
482 907 580 952 πόλις
591 911 809 957 Λακωνικῆς.
826 909 1023 963 Φιλόχορος
1038 910 1156 963 τρίτῳ.

610 986 754 997 -οοο-

559 1015 714 1055 LIBER
741 1017 809 1056 IV.

222 1074 233 1110 l
241 1073 338 1111 ibro
386 1082 524 1124 quarto
567 1073 765 1125 probabile
811 1083 869 1113 est
913 1075 1111 1112 historiam
1143 1075 1193 1112 ab

166 1132 319 1183 Olymp.
349 1135 532 1183 LXXXI,
555 1146 570 1169 1
591 1146 714 1183 usque
738 1133 785 1171 ad
812 1135 965 1184 Olymp.
994 1136 1131 1180 XCIV,
1152 1148 1193 1182 2,

166 1204 244 1240 quo
269 1205 371 1228 anno
387 1191 566 1230 Euclides
585 1192 730 1229 archon
753 1201 856 1240 erat,
877 1191 1191 1256 comprehensam

166 1262 259 1288 esse.
286 1252 330 1286 In
350 1250 423 1287 hoc
449 1249 552 1287 enim
577 1250 702 1287 locum
728 1249 908 1287 habuisse
933 1250 1086 1295 scimus,
1108 1263 1193 1299 quae

166 1308 384 1345 referuntur
403 1307 450 1345 de
469 1307 571 1346 bello
593 1321 701 1346 sacro
716 1308 884 1359 (Olymp.
912 1310 1134 1354 LXXXIII,
1153 1321 1190 1343 1·
1182 1336 1192 1354 ,

164 1365 208 1403 fr.
230 1367 311 1416 88),
335 1367 382 1404 de
403 1367 544 1404 civium
563 1367 784 1404 recensione
801 1367 955 1416 Olymp.
971 1369 1191 1412 LXXXIII,

165 1430 187 1469 4
210 1426 383 1462 instituta
399 1425 457 1475 (fr.
476 1424 554 1474 90),
577 1425 623 1462 de
639 1424 864 1475 gentilibus,
884 1424 931 1461 de
952 1423 1093 1474 quibus
1113 1424 1193 1461 dis-

163 1484 378 1535 putandum
394 1492 475 1522 erat
486 1483 533 1520 ad
551 1483 815 1521 illustrandam
832 1483 975 1520 civium
997 1483 1191 1520 recensio-

162 1556 274 1591 nem,
315 1543 363 1580 de
405 1555 522 1580 aureo
579 1543 766 1580 Minervae
812 1542 1014 1580 simulacro
1041 1542 1190 1593 Olymp.

160 1605 368 1650 LXXXV,
413 1604 433 1640 3
471 1602 679 1649 collocato,
712 1602 760 1639 de
797 1601 1010 1653 Propylaeis
1033 1601 1189 1652 Olymp.

162 1665 360 1709 LXXXV,
383 1669 403 1707 4
419 1663 599 1700 aedificari
614 1664 748 1714 coeptis
773 1663 830 1712 (fr.
850 1677 920 1712 97,
944 1661 1026 1712 98),
1042 1661 1088 1699 de
1111 1665 1190 1711 Ly-

161 1735 229 1759 ceo
261 1722 396 1759 eodem
420 1722 498 1759 fere
524 1731 698 1773 tempore
716 1731 912 1760 exstructo
933 1721 995 1773 (fr.
1014 1720 1093 1772 96).

212 1781 271 1817 Ad
292 1781 443 1818 initium
454 1780 542 1818 belli
560 1781 875 1832 Peloponnesiaci
897 1779 1093 1818 referenda
1111 1793 1191 1817 esse

159 1839 355 1885 videntur,
382 1853 467 1889 quae
482 1853 529 1877 ex
551 1848 688 1890 quarto
708 1839 808 1877 libro
825 1839 1039 1877 afferuntur
1056 1838 1102 1875 de
1126 1838 1193 1874 mi-

160 1897 241 1934 litia
254 1898 289 1935 ἐν
303 1897 568 1949 errwvduoiqffl.
584 1898 667 1947 101)
682 1908 718 1936 et
736 1899 783 1936 ‹le
802 1897 998 1950 equitibus
1010 1898 1068 1947 (fr
1088 1895 1188 1947 100).

160 1956 216 1992 Cf.
235 1956 410 2005 Thucyd.
441 1960 493 2003 ΙΙ,
524 1958 581 1994 13.
614 1957 716 1995 Finis
745 1956 859 2008 hujus
882 1957 971 1995 libri
1002 1969 1190 2006 nusquam

158 2013 364 2058 indicatur,
384 2015 450 2052 sed
470 2015 702 2052 Boeckhius
687 2030 775 2066 Jure
795 2017 944 2062 statuit,
974 2028 1061 2052 eum
1096 2027 1188 2065 per—

161 2073 319 2110 tinuisse
339 2087 461 2124 usque
493 2073 541 2110 ad
570 2074 723 2125 Olymp
759 2078 893 2122 XCIV,
934 2088 966 2120 1,
1002 2073 1146 2124 quippe
1169 2085 1191 2109 a

158 2145 237 2182 quo
258 2145 358 2170 anno
387 2146 486 2170 nova
509 2132 624 2183 plane
651 2133 816 2172 historiae
838 2133 975 2171 Atticae
1010 2131 1189 2183 periodus

158 2190 331 2242 incipiat.

372 2243 435 2280 88.
466 2243 634 2294 [Olymp
672 2247 894 2290 LXXXIII,
928 2258 941 2280 1
950 2243 977 2294 .]

211 2301 336 2340 Schol.
349 2302 547 2353 Aristoph.
558 2306 626 2340 Av.
644 2304 735 2341 556:
748 2299 1191 2375 Ὀἳερὸςπόλεμοςέγένετο

158 2359 350 2406 Ἀθηναίοις
363 2376 449 2414 προς
462 2361 634 2405 Βοιωτους
647 2361 875 2414 βουλομένους
891 2361 1078 2415 ἀφελέσθαι
1096 2362 1186 2399 Φω-

156 2417 246 2457 κέων
265 2434 305 2457 το
317 2426 491 2470 μαντεῖον.
510 2420 727 2468 Νικήσαντες
738 2421 774 2460 δὲ
791 2423 959 2460 Φωκευσι
975 2419 1113 2458 πάλιν
1095 2417 1186 2456 απέ-

198 2527 411 2560 Philochorus
426 2528 509 2560 libro
533 2529 627 2561 tertio
649 2529 792 2561 Atthidis
812 2529 937 2562 tradit:
958 2529 1181 2561 «Theon‘cum

156 2575 237 2615 erat,
251 2582 352 2615 quum
364 2575 505 2616 primum
520 2575 739 2608 introductum
755 2579 856 2616 esset,
874 2575 1027 2607 drachma
1046 2583 1120 2615 quae
1136 2574 1183 2606 lu-

156 2623 273 2655 dorum
290 2623 537 2664 spectandorum
552 2633 668 2657 caussa
682 2625 878 2666 solvebatur,
894 2624 982 2656 unde
1003 2623 1101 2656 etiam
1125 2631 1182 2654 no·

157 2678 230 2702 men
246 2671 415 2711 accepit.»

197 2769 339 2809 AEthaea,
361 2778 462 2802 unum
479 2779 519 2803 ex
541 2775 670 2803 centum
687 2770 813 2813 oppidis
829 2771 1007 2810 Laconicae,
1022 2770 1059 2801 ut
1074 2768 1181 2800 Philo-

156 2815 274 2848 chorus
289 2817 333 2848 ait
344 2817 427 2849 libro
448 2818 541 2851 tertio
554 2819 707 2851 Attliidis.

639 2880 701 2912 87.

156 2973 170 3004 t
198 2927 304 3005 'fheffi
329 2929 482 2970 oppidum
507 2930 699 2970 Laconicae,
716 2930 756 2963 de
774 2938 840 2971 quo
861 2929 1075 2962 Philochorus
1097 2928 1180 2960 libro

172 2982 205 3004 (ΞΓ
221 2983 252 3006 10

557 3076 709 3115 LIBER
737 3078 804 3116 IV.

197 3186 319 3220 Bellum
335 3199 460 3223 sacrum
470 3192 676 3224 Athenienses
692 3194 859 3233 gesserunt
871 3201 945 3224 cum
974 3193 1104 3232 Boeotis,
1125 3193 1179 3233 qui

155 3234 374 3268 Phocensibus
390 3239 555 3270 oraculum
574 3239 713 3272 adimere
729 3240 870 3279 vellent;
889 3249 991 3280 quum
1011 3240 1177 3280 vicissent,

157 3280 373 3314 Phocensibus
399 3284 432 3315 id
460 3285 686 3324 reddiderunt,
715 3288 751 3317 ut
777 3286 988 3318 Philochorus
1019 3285 1064 3317 ait
1094 3286 1175 3318 libro

154 3329 306 3366 quarto.
327 3332 495 3363 ,Fuerunt
510 3341 586 3364 vero
614 3333 680 3365 duo
694 3333 777 3365 bella
791 3342 908 3366 sacra:
926 3334 958 3365 in
971 3334 1069 3374 priori
1085 3334 1178 3366 Lace-

154 3372 302 3406 daemonii
314 3354 501 3416 pugnabant
519 3382 661 3411 contraP
664 3380 817 3412 hocenses
834 3390 891 3422 pio
904 3381 1054 3422 Delphis,
1080 3383 1176 3421 atque

899 180 1215 220 PHILOCHORI
1243 183 1571 225 FRAGMENTA.

1250 269 1380 318 δωκαν,
1393 271 1439 313 ὣς
1458 270 1654 324 Φιλόχορος
1665 272 1699 309 ἐν
1711 273 1754 323 τῇ
1771 269 1917 324 τετάρτῃ
1934 271 2028 323 λέγει
2101 273 2268 324 Γεγόνασι

1250 325 1286 363 δὲ
1297 325 1356 365 δύο
1366 326 1513 379 πόλεμοι
1528 328 1625 382 ἱεροὶ,
1637 329 1798 382 πρότερος
1813 327 1874 380 μὲν
1887 331 2170 382 Λακεδαιμονίοις
2185 333 2270 386 πρὸς

1251 387 1390 430 Φωκεῖς
1407 387 1493 440 ὑπὲρ
1509 390 1653 441 Δελφῶν
1666 404 1673 411 ·
1692 388 1750 426 καὶ
1767 387 2002 441 κρατήσαντες
2013 393 2072 428 τοῦ
2088 392 2179 444 ἱεροῦ
2196 394 2271 430 Λα-

1250 444 1462 496 κεδαιμόνιοι
1487 446 1548 493 τὴν
1577 446 1811 500 προμαντείαν
1839 448 1936 500 παρὰ
1971 450 2114 502 Δελφῶν
2134 449 2270 490 ἔλαὸον.

1249 503 1419 558 ιὝστερον
1434 503 1470 542 δὲ
1482 504 1588 559 τρίτῳ
1602 504 1670 543 ἔτει
1686 509 1745 543 τοῦ
1762 503 1897 558 πρώτου
1914 505 2068 556 πολέμου
2083 505 2273 554 Ἀθηναίοις

1251 561 1335 615 πρὸς
1363 563 1655 615 Λακεδαιμονίους
1690 562 1777 617 ὑπὲρ
1805 563 1976 602 Φωκέων.
2006 564 2076 603 Καὶ
2106 564 2146 603 τὸ
2181 565 2271 619 ἱερὸν

1252 620 1493 661 ἀποδεδώκασι
1523 624 1710 669 Φωκεῦσι,
1754 621 1912 674 καθάπερ
1931 622 1990 660 καὶ
2011 622 2208 677 Φιλόχορος
2236 625 2272 662 ἐν

1252 681 1294 730 τῇ
1313 679 1459 733 τετάρτῃ
1475 679 1580 731 λέγει.
1595 681 1764 719 Καλεῖται
1787 678 1823 718 δὲ
1847 680 1954 734 ἱερὸς,
1978 679 2031 718 ὅτι
2052 681 2132 734 περὶ
2160 684 2221 720 τοῦ
2237 682 2272 719 ἐν

1251 738 1397 790 Δελφοῖς
1414 740 1504 792 ἱεροῦ
1524 738 1668 790 ἐγένετο.

1305 800 1379 834 Pro
1408 796 1491 851 πρὸς
1514 796 1686 840 Βοιωτοὺς
1706 797 1925 849 βουλομένοις
1947 797 2016 849 (sic
2036 798 2138 836 enim
2156 798 2274 850 vulgo

1252 854 1350 907 erat)
1386 859 1501 893 Lenz.
1524 857 1649 907 legere
1669 857 1751 893 vult
1776 854 2068 906 Λακεδαιμονίους
2101 854 2274 907 βουλομέ-

1252 929 1346 960 νους,
1364 914 1429 952 sed
1461 915 1740 965 praeferendum
1778 923 1956 966 putamus
1984 927 2069 951 cum
2110 913 2274 960 Siebeli,

1253 973 1356 1023 quod
1369 973 1504 1011 Suidas
1518 987 1546 1011 s.
1554 987 1589 1011 v.
1608 971 1713 1026 Ἱερὸς
1725 973 1876 1023 πόλεμος
1886 972 2040 1024 praebet,
2056 971 2140 1024 πρὸς
2161 973 2276 1011 Βοιω-

1252 1029 1330 1074 τους
1382 1030 1610 1082 βουλομένους
1662 1040 1758 1069 etc.-
1750 1060 1760 1077 ,
1810 1044 1923 1081 quam
1973 1030 2277 1068 emendationem

1253 1090 1451 1127 confirmat
1476 1090 1603 1127 Schol.
1637 1090 1685 1126 ad
1710 1090 1884 1139 Thucyd.
1908 1092 1948 1137 I,
1976 1103 2070 1126 111:
2084 1086 2186 1131 Τινὲς
2205 1090 2276 1126 τῶν

1254 1151 1414 1188 Βοιωτων
1455 1148 1504 1200 μὴ
1539 1148 1692 1192 θέλοντες
1728 1149 1911 1187 ὖπακούειν
1951 1155 2022 1192 τοῖς
2060 1148 2252 1195 Ἀθηναίοις
2265 1178 2276 1196 ,

1253 1207 1446 1246 κατέλαὸον
1486 1211 1598 1245 ταῦτα
1638 1206 1684 1245 τὰ
1717 1206 1832 1260 χωρία
1861 1205 2008 1260 ταχέως.
2045 1211 2103 1246 De
2147 1206 2276 1244 verbis

1251 1265 1358 1319 τρίτῳ
1375 1265 1443 1303 ἔτει
1464 1266 1552 1303 vide
1571 1266 1737 1304 Clinton.
1756 1269 1798 1304 F.
1814 1269 1861 1304 H.
1879 1266 1956 1303 vol.
1974 1269 2013 1303 II
2023 1278 2085 1316 ,.p
2105 1266 2195 1315 259.

1470 1336 1534 1375 89.
1565 1336 1732 1386 [Olymp.
1762 1337 1983 1381 LXXXIII,
2007 1335 2059 1385 3.]

1306 1400 1428 1440 Schol.
1443 1399 1639 1451 Aristoph.
1667 1398 1771 1437 Nub.
1791 1401 1888 1436 213.
1897 1397 2109 1451 Περικλέους
2120 1412 2276 1451 στρατη-

1251 1474 1391 1510 γουντος
1423 1457 1728 1511 καταστρέψασθαι
1747 1456 1899 1495 Εὔὸοιαν
1920 1455 2036 1495 πᾶσάν
2056 1471 2141 1510 φησι
2160 1454 2278 1496 Φιλό-

1252 1533 1354 1615 χορος
1374 1517 1433 1555 καὶ
1451 1516 1513 1565 τὴν
1534 1515 1597 1567 μὲν
1617 1515 1726 1563 ἄλλην
1744 1515 1800 1554 ἐπὶ
1821 1514 1988 1591 ὁμολογία
1998 1517 2275 1561 κατασταθῆναι.

1269 1577 1480 1629 ..Περικλης
1493 1574 1560 1628 γὰρ
1585 1573 1692 1621 αὐτὴν
1716 1574 1782 1612 ὕπὸ
1801 1573 1878 1617 τους
1894 1572 2090 1621 Ἀθηναίους
2115 1572 2275 1621 ἐποίησεν

1252 1637 1287 1674 ἓν
1303 1634 1448 1687 πολέμῳ
1465 1633 1610 1682 νικήσας
1631 1632 1710 1676 τους
1729 1630 1911 1676 Ἄδαντας.

1303 1698 1415 1732 Ηιιιιο
1437 1695 1564 1732 locum
1580 1707 1660 1731 esse
1685 1693 1861 1731 mutilum
1883 1700 1988 1743 patet
2008 1705 2055 1729 ex
2076 1690 2276 1740 Thucydi-

1251 1754 1299 1792 de
1317 1757 1348 1800 Ι,
1373 1769 1387 1790 1
1400 1759 1458 1799 14,
1478 1767 1525 1791 ex
1539 1766 1617 1803 quo
1637 1752 1891 1790 Philochorus
1911 1765 1978 1789 sua
1997 1751 2148 1787 hausit.
2170 1749 2275 1795 Ἀθη-

1250 1817 1365 1849 ναῖοι.
1382 1809 1625 1863 .Περικλεόυς
1666 1813 1958 1863 στρατηγοῦντος,
1995 1807 2276 1861 κατεστρέψαντο

1250 1876 1365 1908 πᾶσαν
1371 1840 1574 1921 ,[Εὔὸοιανῂ
1586 1868 1645 1906 και
1656 1867 1738 1918 τὴν
1734 1867 1796 1906 μὲν
1810 1867 1917 1914 ἄλλην
1928 1866 2095 1920 ὁμολογία
2108 1864 2276 1912 κατεστή-

1251 1944 1367 1977 σαντο,
1386 1928 1567 1972 Εστιαιᾶς
1577 1927 1613 1966 δὲ
1633 1906 1859 1972 ἐξοικίσαντες
1883 1925 1979 1964 αὐτοι
1998 1924 2061 1973 τὴν
2075 1929 2141 1977 γῆν
2159 1924 2274 1977 ἔσχον.

1469 1998 1728 2049 90.[01ymp.
1750 2000 1971 2044 LXXXIII,
1998 2003 2031 2041 4.
2035 1997 2048 2047 ]

1303 2062 1428 2101 Schol.
1440 2062 1550 2099 Arist.
1562 2064 1675 2112 Vesp.
1693 2061 1781 2108 718,
1801 2060 1848 2098 ad
1868 2060 1986 2099 verba
2003 2058 2112 2104 ξενίας
2124 2059 2271 2113 φεύγωνε

1276 2120 1435 2168 ,Φησιν
1483 2123 1541 2158 οὖν
1576 2122 1594 2158 ὁ
1631 2118 1827 2172 Φιλόχορος
1841 2149 1851 2168 ,
1886 2122 1982 2163 αὖθις
2029 2117 2114 2157 ποτὲ
2147 2134 2273 2172 τετρα-

1250 2178 1440 2232 κισχιλίους
1463 2177 1727 2222 ἑπτακοσίουςξ’
1741 2179 1888 2231 ὄφθηναι
1902 2176 2188 2231 παρεγγράφους,
2202 2192 2271 2215 >tot-¹

1251 2239 1387 2291 θάπερ’
1371 2253 1406 2276 εν
1425 2240 1467 2289 τῇ
1481 2252 1651 2290 προκειμε
1635 2252 1694 2288 ..νῃ
1707 2235 1798 2281 λέξει
1815 2236 2019 2283 δεδήλωται.
2041 2234 2098 2275 Τὰ
2109 2235 2188 2290 περι
2207 2235 2270 2283 τὴν

1251 2297 1404 2337 Εὔὸοιαν
1420 2295 1562 2333 δύναται
1574 2295 1634 2333 καὶ
1654 2294 1742 2333 αυτὰ
1761 2295 1917 2334 συνάδειν
1930 2300 2005 2339 ταῖς
2022 2294 2270 2337 διδασκαλίαις·
2318 2345 2320 2348 ¹

1249 2355 1374 2409 πέρυσι
1395 2353 1461 2407 γὰρ
1489 2353 1594 2392 girl*
1572 2369 1736 2408 αρχοντος
1760 2353 1922 2406 Ἰσάρχου
1953 2353 2184 2406 ἐστράτευσαν
2215 2351 2270 2391 ἐπ’
2311 2372 2314 2382 =

1251 2415 1372 2463 αὐτὴν,
1384 2417 1430 2459 ὡς
1443 2413 1650 2468 Φιλόχορος.
1668 2413 1816 2461 Μήποτε
1825 2414 1861 2451 δὲ
1871 2413 1950 2467 περὶ
1966 2416 2029 2460 τῆς
2044 2412 2079 2458 ἐξ
2090 2411 2269 2465 Αἷγυπτου
2310 2440 2314 2442 -

1246 2534 1349 2566 quum
1366 2523 1601 2556 Lacedaemonii
1618 2522 1738 2563 templo
1762 2522 1855 2564 potiti
1874 2525 1998 2562 essent,
2019 2503 2233 2563 promantiarn
2247 2531 2268 2554 a
2308 2551 2309 2554 ,

1246 2573 1377 2613 Delphis
1393 2573 1595 2612 acceperunt.
1610 2570 1718 2602 Tertio
1734 2578 1819 2601 anno
1835 2572 1908 2611 post
1922 2569 2025 2610 prius,
2039 2569 2158 2602 bellum
2172 2569 2320 2602 Athe·

1245 2619 1372 2652 nienses
1382 2619 1495 2650 contra
1504 2616 1770 2650 Lacedaemonios
1780 2625 1838 2657 pro
1854 2615 2072 2648 Phooensibus
2082 2615 2268 2657 pugnabant
2303 2617 2320 2629 ‘⁷

1248 2671 1344 2707 atque
1352 2665 1508 2706 templum
1524 2664 1576 2695 his
1589 2662 1809 2702 reddiderunt,
1826 2664 1862 2694 ut
1876 2662 1972 2694 etiam
1983 2662 2190 2694 Philochorus
2203 2664 2266 2695 tra·
2303 2682 2310 2686 ι

1242 2714 1289 2746 dit
1304 2713 1387 2744 libro
1401 2713 1525 2752 quarto.
1543 2712 1676 2742 Sacrum
1693 2711 1802 2742 autem
1827 2709 2003 2750 appellatur
2017 2709 2152 2749 bellum,
2176 2709 2265 2750 quod
2300 2707 2315 2735 θ’

1242 2760 1282 2792 de
1298 2759 1416 2800 templo
1431 2757 1586 2798 Delphico
1602 2755 1732 2788 exarsit.
2307 2754 2310 2755 ’

1283 2863 1404 2895 Pericle
1419 2863 1502 2894 duce
1514 2861 1724 2894 Athenienses
1740 2862 1839 2892 totam
1851 2859 2030 2891 Euboeam
2021 2869 2055 2891 ιιι
2069 2868 2161 2892 suam
2175 2860 2262 2900 pote-
2297 2877 2310 2899 ς.

1243 2912 1358 2942 statem
1379 2909 1540 2948 redegisse
1564 2908 1609 2939 ait
1633 2908 1843 2939 Philochorus
1866 2907 1999 2947 ejusque
2020 2906 2174 2947 reliquam
2196 2915 2263 2947 par-
2298 2920 2307 2945 ss

1241 2959 1305 2988 tem
1331 2955 1478 2996 pactione
1500 2955 1709 2986 constitutam
1737 2962 1820 2985 esse.
1852 2978 1857 2984 .
1879 2953 2049 2985 QPeiicles
2077 2953 2163 2985 enim
2189 2961 2260 2985 eam
2291 2968 2303 2995 ,-

1242 3002 1485 3035 Atheniensium
1500 3000 1636 3041 imperio
1652 3000 1801 3040 subjecit,
1818 3008 1918 3040 quum
1937 2999 2078 3031 Abantes
2097 2999 2238 3031 vicisset.
2292 3013 2303 3042 λς,

1281 3100 1392 3134 Tradit
1419 3099 1656 3137 Philochorus,
1673 3107 1784 3130 rursus
1798 3098 1861 3130 alio
1882 3098 2026 3139 tempore
2048 3097 2260 3139 quatermille

1239 3148 1456 3189 septingentos
1466 3146 1631 3186 sexaginta
1646 3145 1734 3177 cives
1744 3145 1846 3177 salso*
1839 3154 1924 3176 insci·
1927 3145 2011 3186 iptos
2023 3154 2093 3177 esse
2106 3147 2258 3185 repertos,
2285 3175 2291 3189 ἱ,

1240 3197 1275 3225 ut
1308 3194 1368 3225 hoc
1391 3193 1461 3224 loco
1495 3191 1690 3223 declaratum
1716 3192 1774 3222 est.
1802 3194 1907 3231 Atque
1941 3191 2029 3231 quod
2060 3191 2100 3222 ad
2131 3192 2259 3231 tempus
2282 3199 2320 3225 ις’-

1237 3239 1350 3272 attinet
1385 3247 1450 3279 quo
1479 3237 1601 3270 Euboea
1625 3237 1757 3268 subacta
1786 3239 1853 3276 est,
1881 3238 1989 3291 potest
2013 3237 2075 3268 hoc
2106 3245 2180 3268 cum
2203 3236 2256 3268 Di·
2287 3255 2293 3260 „

1237 3286 1384 3318 dascaliis
1407 3293 1578 3325 congruere
1603 3294 1610 3315 :
1637 3284 1845 3316 antecedente
1863 3285 1950 3315 enim
1981 3293 2077 3322 anno,
2105 3284 2288 3315 archonte

1236 3334 1365 3366 Isarcho
1383 3333 1443 3373 (Ol.
1464 3335 1521 3370 89,
1552 3332 1603 3371 1),
1624 3331 1784 3371 expeditio
1815 3331 1899 3363 facta
1927 3333 1995 3363 erat
2023 3332 2055 3362 in
2083 3330 2255 3364 Euboeam,
2289 3331 2291 3333 ’

1236 3379 1411 3413 secundum
1453 3355 1691 3415 Philochorum
1736 3380 1883 3410 Fortasse
1939 3386 2015 3410 vero
2049 3385 2154 3409 sermo
2207 3377 2255 3408 est
