2320 3684
787 137 1090 177 THEOPOMPI
1118 139 1455 179 FRAGMENTA.

71 224 269 279 ἐχρήσαντο
286 223 435 272 δούλοις,
459 222 523 271 τὴν
543 222 664 275 μέντοι
687 224 812 270 κτῆσιν
838 224 952 261 αὐτῶν
978 224 1018 262 οὗ
1036 224 1095 263 τὸν

67 285 169 325 αὐτὸν
195 284 322 340 τρόπον
348 283 499 328 ἐκείνοις.
534 281 807 334 Λακεδαιμόνιοι
843 281 907 334 μὲν
941 281 1009 336 γὰρ
1035 283 1095 321 καὶ

68 345 243 384 Θετταλοὶ
263 343 479 398 φανήσονται
495 341 845 394 κατασκευασάμενοι
859 340 924 388 τὴν
939 341 1095 380 δουλείαν

66 405 107 442 ἐκ
122 406 192 442 τῶν
213 403 395 451 Ἑλλήνων
415 404 486 441 τῶν
521 401 706 440 οἰκούντων
735 399 903 454 πρότερον
927 399 991 447 τὴν
1014 400 1093 453 χώ-

68 478 144 516 ραν,
163 463 207 510 ἣν
227 465 351 502 ἐκεῖνοι
372 465 432 500 νῦν
450 460 603 515 ἔχουσιν,
631 463 663 499 οἱ
691 459 753 512 μὲν
771 460 935 512 Ἀχαιῶν,
952 461 1094 499 Θεττα-

66 522 119 560 λοὶ
145 521 181 560 δὲ
209 521 416 575 Πεῤῥαιὸῶν
438 521 497 560 καὶ
525 521 744 574 Μαγνήτων·
763 520 824 559 καὶ
850 517 1095 574 προσηγόρευ-

66 594 131 618 σαν
159 579 238 624 τοὺς
274 579 601 624 καταδουλωθέντας
633 582 665 619 οἱ
704 580 767 631 μὲν
799 577 964 627 εἵλωτας,
995 580 1027 617 οἱ
1058 576 1094 616 δὲ

65 636 243 682 πενέστας.
264 640 345 678 Χῖοι
362 637 398 677 δὲ
422 638 617 693 βαρὸάρους
635 638 825 686 κέκτηνται
840 637 917 681 τοὺς
934 636 1092 686 οἰκέτας,

65 696 124 735 καὶ
140 697 246 748 τιμὴν
263 698 375 735 αὐτῶν
394 697 687 741 καταὸάλλοντες.
703 715 718 732 »

118 756 182 796 Cf.
204 756 330 795 Schol.
360 755 409 793 ad
439 757 631 795 Theocrit.
651 757 761 808 Idyll.
792 759 904 802 XVI,
941 755 1003 803 35,
1027 754 1094 792 ubi

63 814 158 853 item
188 815 368 853 laudatur
395 815 693 867 Theopompus,
711 823 750 853 et
774 815 909 865 steph.
935 817 1023 864 Byz.
1055 827 1092 852 v.

65 875 159 918 Χῖος.

420 988 571 1027 LIBER
599 988 744 1028 XVIII.

537 1052 621 1090 135.

117 1115 260 1153 Athen.
274 1119 342 1164 VI,
360 1129 399 1167 p.
425 1116 515 1164 252,
530 1120 582 1163 A,
617 1118 660 1162 B,
690 1117 718 1153 C
737 1113 973 1166 εΘεόπομπος
1006 1115 1036 1154 δ’
1056 1117 1091 1154 ἓν

63 1173 347 1227 ὀκτωκαιδεκάτῃ
367 1173 548 1227 Ἱστοριῶν
576 1173 656 1227 περὶ
675 1174 917 1228 Νικοστράτου
938 1174 1092 1228 Ἀργείου

62 1233 189 1285 λέγων,
208 1235 255 1278 ὡς
276 1232 462 1273 ἐκολάκευε
486 1233 545 1272 τὸν
587 1234 737 1286 Περσῶν
771 1231 938 1285 βασιλέα,
967 1234 1093 1288 γράφει

62 1293 269 1332 καὶταῦτα·
300 1311 316 1327 «
333 1292 572 1346 Νικόστρατον
603 1291 638 1330 δὲ
669 1291 727 1330 τὸν
762 1291 912 1346 Ἀργεῖον
948 1295 1022 1336 πῶς
1053 1295 1093 1332 οὗ

26 1384 32 1389 .
61 1350 131 1404 χρὴ
164 1353 294 1405 φαῦλον
320 1351 485 1403 νομίζειν;
518 1350 552 1394 ὃς
583 1350 784 1405 προστάτης
816 1349 999 1402 γενόμενος
1029 1353 1093 1398 τῆς

63 1409 225 1463 Ἀργείων
241 1410 376 1454 πόλεως
392 1410 452 1449 καὶ
472 1408 690 1463 παραλαὸὼν
709 1413 770 1448 καὶ
787 1407 885 1460 γένος
912 1410 972 1448 καὶ
998 1410 1091 1466 χρή-
1121 1447 1125 1475 1

0 1463 2 1467 ’
62 1483 159 1519 ματα
187 1468 247 1507 καὶ
263 1468 398 1516 πολλὴν
433 1467 552 1507 οὐσίαν
570 1466 666 1521 παρὰ
680 1470 751 1506 τῶν
768 1467 962 1524 προγόνων,
981 1470 1094 1510 ἅπαν-

0 1555 1 1558 ,
60 1543 123 1571 τας
139 1527 372 1582 ὑπερεὸάλετο
389 1531 434 1581 effi
459 1527 627 1584 κολακείᾳ
643 1527 703 1568 καὶ
738 1535 815 1573 ταῖς
833 1530 1031 1584 θεραπείαις
1053 1532 1092 1569 οὗ

62 1592 166 1640 μόνον
200 1587 281 1631 τοὺς
313 1586 391 1626 τότε
425 1587 608 1644 στρατείας
638 1587 898 1641 μετασχόντας,
917 1588 1009 1627 ἀλλὰ
1033 1589 1092 1628 καὶ

60 1649 138 1693 τοὺς
163 1649 358 1703 ἔμπροσθεν
385 1648 601 1701 γενομένους.
631 1651 777 1703 Πρῶτον
808 1647 872 1700 μὲν
888 1646 955 1702 γὰρ
984 1647 1093 1693 οὕτως

61 1707 225 1760 ἠγάπησε
240 1707 305 1756 τὴν
323 1707 421 1762 παρὰ
439 1711 500 1747 τοῦ
535 1706 713 1761 βαρὸάρου
733 1706 855 1760 τιμὴν,
889 1706 980 1746 ὥστε
1007 1710 1092 1759 βου-

60 1765 203 1819 λόμενος
220 1765 379 1821 ἀρέσκειν
399 1768 457 1805 καὶ
481 1766 705 1805 πιστεύεσθαι
743 1767 876 1817 μᾶλλον
905 1765 1092 1817 ἀνεκόμισε

60 1825 145 1880 πρὸς
165 1824 313 1878 βασιλέα
337 1824 397 1864 τὸν
421 1825 507 1865 υἱόν·
530 1825 549 1865 ὃ
577 1827 647 1864 τῶν
671 1825 787 1865 ἄλλων
807 1824 917 1870 οὐδεὶς
946 1824 1090 1864 πώποτε

62 1884 254 1940 φανήσεται
284 1885 434 1933 ποιήσας
451 1901 460 1910 ·
489 1884 612 1924 ἔπειτα
652 1885 731 1924 καθ’
767 1884 919 1931 ἑκάστην
952 1884 1088 1939 ἡμέραν

60 1943 162 1983 ὁπότε
195 1944 317 1996 μέλλοι
353 1945 525 1994 δειπνεῖν,
554 1944 731 1998 τράπεζαν
757 1944 935 1999 παρετίθει
981 1944 1090 1998 χωρὶς

60 2005 237 2055 ὀνομάζων
256 2006 307 2057 τῷ
326 2003 467 2055 δαίμονι
483 2007 544 2042 τοῦ
566 2002 759 2057 βασιλέως,
783 2003 967 2055 ἐμπλήσας
991 2005 1089 2042 σίτου

60 2063 119 2102 καὶ
137 2065 206 2102 τῶν
227 2062 340 2102 ἄλλων
361 2063 581 2113 ἐπιτηδείων,
602 2063 738 2102 ἀκούων
768 2062 831 2115 μὲν
848 2068 951 2103 τοῦτο
975 2070 1087 2102 ποιεῖν

63 2214 139 2243 sunt
149 2210 201 2242 usi
213 2210 272 2242 :ad
278 2219 418 2251 quorum
434 2211 673 2252 possessionem
685 2211 819 2252 quidem
834 2221 900 2244 non
915 2211 1028 2244 eadem
1036 2211 1091 2244 via

60 2260 285 2299 pervenerunt.
309 2257 573 2290 Lacedaemonios
591 2258 679 2290 enim
704 2260 738 2291 et
762 2259 934 2291 Thessalos
956 2259 1090 2292 servitia

59 2312 119 2336 sua
130 2304 193 2337 sihi
208 2314 339 2346 parasse
354 2305 507 2337 novimus
523 2314 542 2338 e
561 2306 694 2346 Graecis,
712 2307 874 2348 regionem
892 2316 975 2347 eam,
990 2316 1090 2348 quam

60 2351 119 2392 ipsi
141 2361 230 2384 nunc
256 2353 368 2385 tenent
381 2376 391 2393 ,
420 2353 511 2394 prius
538 2353 761 2386 habitantibus
776 2363 784 2385 t
802 2354 848 2386 illi
875 2354 1009 2395 quidem
1048 2363 1088 2387 ex

59 2399 187 2431 Achaeis
199 2410 208 2438 ;
221 2400 366 2432 Thessali
387 2409 465 2432 vero
480 2425 489 2441 ‚
517 2409 535 2432 e
560 2401 741 2433 Perrhaebis
762 2403 795 2433 et
815 2401 1029 2442 Magnetibus.
1047 2404 1089 2434 Et

59 2445 268 2478 nominarunt
281 2446 429 2479 redactos
454 2456 473 2478 a
487 2456 522 2479 se
542 2447 576 2479 in
592 2447 798 2489 servitutem,
816 2448 863 2480 illi
879 2448 1012 2489 quidem
1028 2450 1089 2481 He-

58 2491 151 2532 lotas,
171 2492 203 2524 hi
214 2494 378 2525 Penestas.
391 2493 465 2526 Chii
479 2502 555 2526 vero
566 2494 712 2528 barbaris
729 2496 866 2528 utuntur
875 2495 991 2538 servis,
1006 2504 1089 2538 quos

58 2539 164 2571 soluto
178 2548 236 2581 pro
252 2540 300 2573 eis
315 2539 421 2581 pretio
435 2541 616 2581 possident.
642 2555 658 2571 υ

440 2615 710 2634 ἥθ’-

404 2666 557 2706 LIBER
590 2667 736 2708 XVIII.

529 2737 618 2770 135.

99 2792 327 2834 Theopompus
361 2801 438 2826 vero
463 2794 590 2828 decimo
606 2796 723 2828 octavo
745 2796 964 2829 Historiarum
980 2797 1084 2837 libro,

57 2839 99 2872 de
116 2840 298 2873 Nicostrato
314 2841 433 2882 Argivo
452 2842 588 2884 loquens
600 2867 609 2883 ,
625 2843 682 2884 qui
696 2845 868 2876 Persarum
891 2844 958 2885 regi
980 2844 1086 2877 adula-

58 2888 111 2921 tus
121 2888 190 2927 est,
205 2896 280 2920 cum
299 2888 361 2920 alia
382 2889 516 2929 scribit,
533 2891 603 2922 tum
622 2890 691 2922 haec
715 2901 753 2922 :«
769 2891 989 2924 Nicostratum
1008 2901 1086 2924 vero

57 2934 210 2975 Argivum
225 2943 290 2975 quo
305 2936 400 2976 pacto
420 2936 575 2977 nequitiae
589 2937 726 2970 crimine
742 2937 972 2971 absolvamus?
996 2939 1061 2977 Qui
1076 2962 1084 2978 ‚

57 2989 159 3022 quum
171 2981 297 3014 civitati
312 2985 466 3023 praeesset
481 2984 684 3025 Argivorum,
700 2986 733 3018 et
750 2994 851 3026 genus
867 2988 899 3018 et
914 2987 1084 3028 pecuniam

57 3029 90 3059 et
103 3028 222 3061 multas
241 3037 318 3070 opes
331 3038 351 3061 a
365 3029 543 3071 maj0ribus
562 3031 760 3073 accepisset,
775 3032 958 3065 adulatione
973 3035 1006 3065 et
1022 3042 1085 3066 ser-

57 3073 174 3107 vilibus
189 3075 352 3117 obsequiis
371 3085 485 3109 omnes
500 3078 645 3118 anteivit,
662 3088 729 3111 non
751 3079 848 3112 modo
871 3081 1085 3122 expeditionis

57 3119 145 3155 illius
157 3123 339 3164 participes,
354 3124 410 3156 sed
421 3125 520 3158 etiam
532 3127 724 3167 superiores.
744 3127 888 3159 Primum
899 3128 988 3159 enim
1001 3127 1083 3159 tanti

59 3167 133 3202 tecit
147 3170 295 3202 honorari
312 3180 331 3203 a
349 3173 453 3213 Rege,
469 3175 522 3213 ut,
537 3182 604 3214 quo
617 3174 720 3215 magis
737 3182 772 3207 se
793 3175 828 3207 iu
843 3175 930 3207 illius
946 3175 1082 3215 gratiam

59 3214 220 3257 iidemque
237 3217 431 3259 insinuaret,
449 3219 552 3251 filium
569 3229 666 3252 suum
688 3220 730 3252 ad
747 3221 925 3252 Barbarum
947 3221 1084 3253 adduce-

59 3263 125 3306 ret;
140 3263 227 3304 ,qumi
252 3272 347 3296 nemo
372 3265 509 3298 aliorum
535 3276 680 3308 unquam
710 3267 825 3300 secisse
851 3268 1080 3309 comperietur.

52 3308 179 3343 'Deinde
198 3311 344 3352 quotidie
355 3335 364 3350 ,
386 3313 517 3353 quando
532 3323 656 3346 coenam
670 3316 739 3347 erat
755 3316 920 3356 capturus,
938 3323 1083 3347 seorsum

56 3363 200 3390 mensam
223 3358 332 3399 posuit
353 3359 457 3392 Genio
480 3361 561 3402 regis
583 3364 815 3402 consecratam,
835 3362 916 3394 cibis
939 3363 972 3394 et
990 3362 1085 3394 rebus

2112 146 2185 182 301

1156 225 1216 264 καὶ
1246 228 1316 264 τῶν
1346 227 1495 280 Περσῶν
1514 225 1594 271 τοὺς
1608 226 1689 281 περὶ
1708 226 1769 271 τὰς
1795 225 1900 281 θύρας
1925 227 2188 282 διατρίὸοντας,

1156 282 1310 335 οἰόμενος
1335 284 1372 324 δὲ
1392 285 1450 324 διὰ
1468 288 1528 333 τῆς
1546 285 1731 339 θεραπείας
1758 285 1890 334 ταύτης
1914 287 2189 341 χρηματιεῖσθαι

1157 344 1290 392 μᾶλλον
1322 343 1420 397 παρὰ
1453 348 1514 384 τοῦ
1549 344 1739 397 βασιλέως·
1763 339 1807 394 ἧν
1833 344 1901 400 γὰρ
1932 345 2189 401 αἰσχροκερδὴς

1155 400 1215 438 καὶ
1235 401 1443 454 χρημάτων,
1463 405 1510 447 ὣς
1533 405 1596 442 οὐκ
1612 397 1678 443 οἷδ’
1695 407 1794 448 εἴτις
1816 403 1943 458 ἕτερος,
1962 404 2093 452 ἥττων.
2112 422 2128 440 »

1208 462 1320 498 Hunc
1349 462 1612 502 Nicostratum
1643 467 1877 503 Artaxerxes
1901 465 2035 504 ochus
2065 468 2189 516 AEgy-

1156 526 1266 569 ptum
1285 519 1516 560 subacturus
1545 523 1683 561 ducem
1706 524 2032 563 mercenariorum
2047 523 2097 563 ab
2110 528 2190 564 Ar-

1154 578 1253 629 givis
1273 580 1524 630 expetiverat.
1542 582 1705 621 Diodor.
1724 586 1838 632 XVI,
1857 589 1919 630 44.

1559 668 1773 683 κω,-

1529 719 1679 755 LIBER
1707 720 1812 758 XIX.

1622 788 1712 828 136.

1207 850 1412 888 Athenaeus
1432 853 1496 899 VI,
1509 865 1547 902 p.
1567 852 1658 902 259,
1679 855 1722 898 F;
1741 854 1831 900 260,
1852 858 1905 892 A:
1926 852 1996 893 Καὶ
2016 853 2188 905 Θεόπομ-

1153 925 1218 953 πος
1242 909 1310 963 γὰρ
1329 911 1364 948 ἐν
1391 912 1435 962 τῇ
1459 911 1754 964 ἐννεακαιδεκάτῃ
1776 912 1895 964 (Epit.
1922 914 1957 951 ἐν
1980 916 2023 966 effi
2048 912 2092 966 θ’)
2117 915 2188 952 τῶν

1154 969 1387 1008 Φιλιππικῶν
1414 984 1519 1023 φησιν
1533 985 1541 993 ·
1563 987 1579 1003 «
1600 969 1811 1021 Ἀγαθοκλέα
1849 972 1971 1011 δοῦλον
2002 972 2187 1024 γενόμενον

1152 1028 1212 1067 καὶ
1229 1030 1299 1067 τῶν
1315 1030 1355 1068 ἐκ
1367 1028 1565 1072 Θετταλίας
1575 1031 1760 1068 Πενεστῶν
1784 1028 1983 1079 Φίλιππος,
1996 1030 2088 1083 μέγα
2104 1031 2189 1085 παρ’

1154 1088 1251 1141 αὐτῷ
1277 1087 1467 1139 δυνάμενον
1488 1086 1546 1126 διὰ
1575 1086 1639 1135 τὴν
1666 1087 1865 1136 κολακείαν,
1894 1088 1954 1127 καὶ
1972 1088 2026 1128 ὅτι
2059 1092 2094 1129 ἐν
2117 1095 2190 1134 τοῖς

1154 1146 1364 1198 συμποσίοις
1382 1144 1495 1185 συνὼν
1519 1148 1615 1201 αὐτῷ
1655 1148 1805 1201 ὠρχεῖτο
1832 1148 1891 1185 καὶ
1917 1147 2055 1199 γέλωτα
2091 1165 2188 1203 παρ-

1153 1206 1352 1256 εσκεύαζεν,
1388 1205 1574 1246 ἀπέστειλε
1605 1208 1855 1261 διαφθεροῦντα
1881 1209 2099 1262 Πεῤῥαιὸοὺς
2129 1210 2188 1250 καὶ

1152 1268 1222 1305 τῶν
1253 1267 1325 1304 ἐκεῖ
1351 1264 1571 1320 πραγμάτων
1601 1265 1915 1317 ἐπιμελησόμενον.
1941 1268 2130 1313 Τοιούτους
2159 1270 2188 1307 δ’

1154 1319 1248 1379 εἶχεν
1269 1326 1322 1365 ἀεὶ
1338 1325 1420 1380 περὶ
1440 1324 1543 1364 αὑτὸν
1563 1324 1766 1381 ἀνθρώπους
1790 1329 1808 1366 ὁ
1837 1327 2027 1377 Μακεδὼν,
2060 1323 2110 1372 οἷς
2132 1329 2190 1367 διὰ

1154 1385 1362 1442 φιλοποσίαν
1374 1384 1436 1426 καὶ
1451 1387 1677 1440 βωμολοχίαν
1691 1386 1802 1425 πλείω
1817 1385 1943 1440 χρόνον
1954 1389 2001 1432 ὡς
2013 1387 2058 1426 τὰ
2073 1387 2190 1427 πολλὰ

1154 1446 1370 1501 συνδιέτριὸε
1399 1446 1459 1485 καὶ
1483 1445 1673 1500 συνήδρευε
1692 1445 1775 1499 περὶ
1800 1447 1871 1484 τῶν
1904 1445 2079 1498 μεγίστων
2106 1448 2190 1499 βου-

1153 1504 1349 1559 λευόμενος.
1371 1524 1386 1540 ¹>

1565 1579 1778 1593 ⁴000——

1534 1603 1688 1662 LIBER
1717 1623 1804 1662 xx.

1628 1699 1643 1736 1
1654 1697 1717 1738 37.

1205 1769 1315 1807 Idem
1334 1771 1407 1817 IX,
1421 1782 1461 1820 p.
1478 1774 1569 1817 401,
1585 1771 1635 1806 B:
1654 1768 1868 1819 Θεόπομπος
1884 1767 1916 1806 δ’
1928 1770 1963 1807 ἐν
1982 1770 2027 1822 τῇ
2046 1769 2187 1822 εἰκοστῇ

1150 1828 1220 1865 τῶν
1242 1827 1419 1881 Ἱστοριῶν
1438 1825 1519 1880 περὶ
1538 1825 1602 1874 τὴν
1623 1825 1814 1865 Βισαλτίαν
1842 1826 1928 1881 φησὶ
1955 1827 2115 1880 λαγωοὺς
2129 1828 2188 1881 γί-

1149 1889 1270 1925 νεσθαι
1295 1885 1356 1925 δύο
1369 1885 1490 1934 ἥπατα
1504 1885 1659 1938 ἔχοντας.

1204 1946 1362 1994 Eadem,
1373 1946 1634 1997 Theopompo
1653 1954 1827 1996 auctore,
1847 1945 1985 1983 AElian.
2008 1949 2054 1985 V.
2077 1949 2125 1984 H.
2140 1949 2186 1995 V,

1151 2018 1199 2053 27
1225 2014 1264 2043 et
1280 2008 1351 2054 XI,
1379 2007 1442 2053 48,
1466 2005 1651 2056 stephan.
1671 2020 1708 2043 v.
1733 2004 1907 2044 Βισάλτια
1929 2014 1967 2043 et
1986 2006 2070 2043 Aul.
2092 2006 2187 2044 Gel-

1150 2065 1222 2103 lius
1240 2068 1290 2104 N.
1307 2068 1353 2103 A.
1376 2068 1480 2113 XVI,
1505 2066 1564 2103 15.
1584 2064 1640 2103 Cf.
1664 2065 1820 2102 Aristot.
1835 2065 1875 2102 in
1898 2065 1986 2102 Mir.
2012 2064 2116 2103 ausc.

1147 2210 1301 2244 omnibus
1327 2211 1369 2243 ad
1392 2219 1519 2243 coenam
1552 2210 1789 2252 pertinentibus
1820 2211 1950 2243 abunde
1979 2211 2182 2243 instructam.

1149 2259 1271 2299 Nempe
1286 2267 1390 2299 quum
1406 2258 1617 2291 intellexisset
1630 2267 1649 2290 a
1669 2258 1777 2290 Persis
1794 2258 1856 2290 hoc
1877 2258 1945 2290 fieri
1968 2258 2054 2290 circa
2075 2258 2183 2289 aulam

1147 2305 1266 2346 regiam
1283 2305 1482 2345 viventibus,
1498 2305 1612 2338 eodem
1629 2305 1776 2348 obsequii
1789 2314 1904 2347 genere
1923 2305 2072 2346 sperabat
2084 2306 2183 2346 maJo-

1147 2362 1198 2384 res
1214 2352 1345 2385 divitias
1360 2361 1378 2384 a
1394 2361 1466 2394 rege
1485 2362 1519 2385 se
1534 2353 1782 2394 impetraturum
1797 2363 1805 2384 ε
1823 2354 1892 2385 erat
1904 2352 1990 2384 enim
2007 2352 2113 2393 turpis
2137 2353 2182 2383 lu-

1149 2399 1196 2431 cri
1219 2399 1348 2439 avidus,
1361 2401 1393 2432 et
1411 2399 1558 2441 pecuniae
1571 2399 1616 2432 ita
1630 2400 1760 2433 deditus
1772 2423 1782 2438 ‚
1804 2402 1840 2431 ut
1858 2400 2003 2432 nesciam
2023 2408 2065 2431 an
2088 2407 2182 2431 nemo

1147 2455 1260 2488 magls.
1287 2460 1302 2475 n

1517 2568 1671 2606 LIBER
1699 2567 1804 2606 XIX.

1186 2692 1267 2723 Nam
1284 2694 1317 2723 et
1329 2691 1571 2733 Theopompus,
1589 2691 1811 2724 decimonono
1826 2689 2090 2730 Philippicorum,
2105 2691 2178 2721 scri-

1143 2737 1192 2769 bit
1206 2747 1214 2768 :
1233 2750 1250 2765 «
1266 2738 1487 2779 Agathoclem,
1503 2739 1559 2779 qui
1577 2747 1692 2770 servus
1709 2738 1814 2769 suerat
1829 2741 1860 2768 et
1876 2744 1960 2767 unus
1976 2744 2015 2766 ex
2031 2735 2177 2767 Penestis

1143 2786 1337 2818 Thessalicis
1350 2809 1359 2825 ,
1373 2786 1546 2827 Philippus
1557 2809 1566 2824 ‚
1584 2785 1669 2826 apud
1688 2793 1785 2825 quem
1802 2783 1942 2815 multum
1968 2782 2021 2814 ille
2046 2782 2177 2815 valebat

1143 2835 1275 2874 propter
1288 2833 1558 2872 adsentationem,
1575 2835 1607 2864 et
1621 2832 1709 2873 quod
1723 2831 1757 2862 in
1773 2830 1931 2862 conviviis
1946 2830 2067 2861 sodalis
2081 2829 2175 2861 salta-

1143 2882 1192 2912 ret
1206 2883 1238 2912 et
1254 2880 1355 2911 risum
1369 2879 1434 2919 regi
1454 2882 1612 2915 moveret,
1631 2878 1721 2910 misit
1737 2877 1790 2918 qui
1805 2876 1996 2909 Perrhaebos
2012 2876 2171 2918 perderet,

1144 2929 1177 2959 et
1189 2936 1240 2959 res
1254 2927 1356 2967 ipsius
1368 2926 1414 2957 ibi
1427 2927 1566 2958 curaret.
1581 2926 1674 2958 Tales
1688 2933 1765 2956 vero
1782 2924 1929 2956 homines
1945 2932 2072 2964 semper
2086 2924 2176 2956 circa

1142 2983 1177 3006 se
1193 2973 1332 3005 habebat
1356 2973 1488 3005 Macedo
1501 2983 1510 3012 ;
1536 2973 1732 3013 quibuscum
1756 2972 1886 3012 propter
1918 2971 2125 3003 bibacitatem
2143 2974 2176 3003 et

1142 3020 1372 3052 scurrilitatem
1383 3020 1560 3060 plurimum
1572 3019 1727 3060 temporis
1742 3018 1846 3058 trivit,
1863 3018 1896 3049 in
1907 3026 2084 3060 eorumque
2098 3026 2176 3050 con-

1141 3076 1232 3100 sessu
1247 3068 1288 3100 de
1303 3067 1399 3099 rebus
1413 3066 1562 3098 maximis
1577 3065 1776 3099 deliberavit.
1791 3079 1806 3094 »

1573 3135 1748 3148 ⁴0*—

1515 3190 1669 3229 LIBER
1704 3191 1789 3229 XX.

1615 3263 1702 3294 137.

1183 3313 1412 3355 Theopompus
1426 3322 1502 3346 vero
1524 3313 1679 3361 vigesimo
1700 3314 1920 3348 Historiarum
1936 3313 2018 3346 libro
2037 3313 2171 3353 scribit,

1140 3361 1225 3392 circa
1239 3360 1401 3394 Bisaltiam
1415 3361 1539 3403 lepores
1557 3362 1654 3403 gigni,
1672 3362 1748 3394 bina
1764 3361 1916 3395 habentes
1933 3361 2084 3402 jecinora.
