2320 3684
784 183 1061 223 HELLANICI
1087 184 1420 225 FRAGMENTA.
2120 187 2169 221 69

129 332 271 374 Strabo
279 335 369 380 XII,
382 345 420 383 p.
433 331 522 377 550,
536 334 566 369 B
577 343 586 367 :
605 327 696 373 Τοὺς
706 328 744 366 δὲ
753 328 893 373 Σκύθας
906 327 1098 372 Ἀλαζῶνας

79 389 270 445 φάσκοντες
285 388 372 443 ὑπὲρ
387 386 446 427 τὸν
465 386 676 441 Βορυσθένη,
695 387 756 426 καὶ
779 386 999 430 Καλλιπίδας
1009 415 1020 434 ,
1038 386 1098 425 καὶ

79 450 170 487 ἄλλα
188 447 354 500 ὀνόματα,
377 446 467 500 ἅπφ
489 444 694 489 Ἑλλάνικός
707 461 746 485 τε
757 446 818 485 καὶ1
837 445 1022 501 Ἡρόδοτος
1040 444 1100 484 καὶ

81 505 230 552 Εὔδοξος
247 502 537 558 κατεφλυᾶρησαν
551 506 666 556 ἡμῶν.

482 578 698 594 ἦσθα’-ὴ

323 614 612 654 ΒΑΡΒΑΡῙΚΑ
640 615 856 654 ΝΟΜΙΜΑ.

133 731 271 770 Suidas
289 738 328 768 et
343 730 509 780 Etymol.
533 733 585 767 M.
602 746 611 768 ε
631 728 817 781 Ζάμολξις·
895 727 1105 773 Ἑλλάνικος

80 791 116 828 ἐν
130 795 200 833 τοῖς
215 788 447 842 Βαρὸαρικοῖς
464 787 595 839 Νόμοις
617 788 735 841 φησὶν,
753 787 807 827 δ’τι
829 787 1036 836 Ἑλληνικός
1053 803 1106 831 τις

80 846 229 900 γεγονὼς
257 845 397 890 τελετὰς
419 845 593 892 κατέδειξε
619 847 744 898 Γέταις
787 853 856 891 τοῖς
891 849 926 886 ἐν
946 845 1073 901 Θρᾴκῃ
1094 862 1104 871 ·

82 906 141 945 καὶ
167 905 296 958 ἔλεγεν,
329 905 381 944 ὅτι
412 904 485 943 οὔτ’
511 904 552 943 ἂν
570 905 671 950 αὐτὸς
687 906 867 955 ἀποθάνοι,
887 905 958 945 οὔθ’
983 908 1015 944 οἱ
1029 906 1106 958 μετ’

80 966 186 1003 αὐτοῦ
200 994 210 1011 ,
253 963 330 1002 ἀλλ’
373 961 504 1008 ἕξουσιν
544 963 662 1003 πάντα
707 965 822 1016 ἀγαθά
865 966 876 1016 (
892 969 1018 1015 Etym.
1061 964 1107 1003 τὰ

82 1021 225 1076 ἀγαθά)·
246 1022 321 1073 ἅμα
339 1021 375 1060 δὲ
407 1024 518 1061 ταῦτα
554 1021 666 1075 λέγων
702 1023 874 1077 ᾠκοδόμει
893 1024 1027 1076 οἴκημα
1044 1039 1107 1063 κα-

81 1081 239 1132 τάγαιον·
262 1079 383 1123 ἔπειτα
410 1081 610 1134 ἄφανισθεὶς
642 1082 809 1135 αἰφνίδιον
829 1084 869 1121 ἐκ
891 1084 1045 1136 Θρᾳκῶν
1071 1083 1106 1120 ἐν

82 1138 198 1191 τούτῳ
222 1138 378 1191 διῃτᾶτο.
399 1140 446 1178 Οἱ
466 1137 503 1176 δὲ
519 1138 626 1178 Γέται
645 1139 788 1180 ἐπόθουν
803 1140 917 1180 αὐτόν.
937 1140 1108 1194 Τετάρτῳ

82 1197 122 1250 δὲ
141 1196 210 1235 ἔτει
230 1195 339 1235 πάλιν
364 1196 537 1250 φαίνεται,
559 1199 620 1238 καὶ
649 1200 683 1238 οἱ
709 1201 848 1253 Θρᾷκες
878 1202 973 1254 αὐτῷ
990 1200 1107 1238 πάντα

83 1256 306 1299 ἐπίστευσαν.
326 1257 390 1297 Cf.
404 1257 590 1298 Herodot.
610 1261 674 1306 1V,
692 1260 756 1308 93,
774 1274 819 1298 ex
838 1274 916 1311 quo
931 1274 998 1299 sua
1015 1261 1108 1298 hau-

85 1317 183 1355 sisse
191 1317 346 1355 videtur
359 1314 761 1358 Pseudo-Hellanicus.

367 1425 481 1464 ΔΙΟΣ
514 1427 822 1469 ΠΟΛΥΤΥΧΙΑ.

558 1490 573 1528 1
583 1490 644 1530 74.

140 1547 366 1600 Fulgentius
387 1546 602 1597 Mythol.1‚
625 1563 661 1598 2,
677 1564 717 1602 p.
738 1552 802 1600 35,
825 1552 886 1590 ed.
906 1554 1082 1592 Munker.
1099 1569 1107 1591 :

86 1623 102 1640 «
115 1606 392 1657 Theopompus
411 1606 452 1644 in
470 1609 664 1658 Cypriaco
682 1611 863 1656 carmine,
877 1620 915 1649 et
936 1613 1110 1651 Hellani-

86 1680 154 1705 cus
174 1667 215 1704 iu
236 1668 331 1704 Dios
346 1669 569 1716 pob‘tychia,
590 1683 706 1720 quam
725 1671 941 1723 descripsit,
964 1673 1018 1711 ait
1040 1677 1109 1712 Ju-

87 1737 228 1768 nonem
250 1724 299 1762 ab
311 1728 406 1764 Jove
423 1726 587 1765 vinctam
605 1730 748 1768 catenis
767 1731 906 1779 aureis,
922 1740 961 1770 et
980 1732 1111 1784 degra-

87 1791 216 1821 vatam
229 1783 437 1823 incudibus
453 1785 599 1824 ferreis.
617 1805 632 1821 1,

496 1854 704 1870 —Qm—-v

314 1890 625 1932 FRAGMENTA
651 1894 879 1932 INCERTA.

559 1952 646 1994 176.

114 2032 116 2035 ·
141 2009 267 2048 Schol.
288 2009 337 2047 ad
365 2005 616 2063 Hesjfheog.
645 2017 739 2064 139:
758 2014 966 2062 Ἑλλάνικος
980 2018 1016 2058 δὲ
1035 2019 1113 2064 τοὺς

84 2066 290 2114 Κύκλωπας
307 2067 536 2119 ὀνομάζεσθαι
550 2071 619 2109 ἀπὸ
639 2072 833 2118 Κύκλωπος
846 2077 920 2114 υἱοῦ
937 2079 1111 2130 Οὐρανοῦ,

88 2128 125 2164 οὐ
132 2115 228 2180 *trapi
244 2129 318 2198 ,τῶν
334 2128 418 2182 παρ’
436 2128 812 2226 ὈμήριΐἹΙξυκλώπων
826 2133 931 2187 λέγει.

620 2204 651 2229 l.

142 2242 279 2281 Suidas
298 2243 525 2299 ᾈμφίσματα
547 2247 567 2298 <
576 2261 648 2298 pro
676 2263 754 2299 quo
780 2252 1044 2301 Phavorinus,
1073 2263 1115 2292 ut

89 2301 303 2349 Hesychius
320 2301 543 2349 et'Zonarfis
559 2305 607 2353 5¹⁸?
617 2309 769 2360 Lexmp.
790 2311 859 2358 ¹57
876 2320 978 2350 recte
999 2312 1115 2354 hdJet

90 2356 329 2412 ἀμφίσὸατα),
349 2358 394 2399 τὰ
413 2362 723 2417 ἀμφισὸητήσιμα.

561 2422 647 2463 178.

142 2476 248 2514 Idem
269 2489 298 2514 s.
317 2490 350 2514 v.
371 2476 662 2533 Ἀναρῥιχᾶσθαι,
685 2496 733 2520 ex
757 2486 959 2535 Hellanico
985 2489 1115 2526 laudat

89 2533 210 2572 verba
227 2551 243 2568 «
259 2534 502 2589 Ἀναρῤιχᾶτᾶι
529 2537 564 2577 δὲ
582 2537 703 2593 ὥσπερ
719 2533 865 2591 πίθηκος
884 2545 939 2583 ἐπ’
959 2545 1051 2599 ἄκρα
1069 2546 1114 2585 τὰ

90 2589 225 2645 δένδρα.
248 2610 264 2628 u

563 2709 649 2749 172.

132 2755 268 2795 Scythas
282 2756 418 2797 quidem
437 2758 594 2793 Alazonas
623 2770 720 2804 supra
747 2765 980 2806 Borysthenem
1001 2770 1037 2802 et
1049 2769 1119 2802 Gal-

91 2794 206 2840 lipssas
218 2806 489 2844 commemorant,
507 2806 631 2848 aliaque
643 2809 713 2852 ejus
728 2812 853 2850 generis
877 2814 1009 2846 nomina
1019 2839 1028 2855 ,
1044 2824 1119 2856 quae

92 2845 274 2880 Hellanicus
289 2850 322 2880 et
339 2851 523 2889 Herodotus
536 2851 742 2888 &Eudoxus
755 2857 849 2890 nobis
865 2860 1100 2894 confinxerunt.

297 2903 577 2946 INSTITUTA
605 2909 910 2952 BARBARICA.

131 3003 319 3058 hellanicus
341 3007 375 3039 in
403 3008 582 3043 Barbaricis
604 3014 766 3047 Institutis
788 3016 884 3057 dicit,
910 3019 1117 3059 (zamolxin)

93 3051 192 3104 fuisse
203 3054 365 3093 quendam
381 3057 543 3098 Graecum,
558 3060 615 3100 qui
630 3061 721 3095 Getis
731 3063 766 3094 in
780 3064 915 3097 Thracia
928 3066 1118 3107 degentibus

92 3098 182 3129 untia
198 3098 440 3142 demonstrarit,
454 3103 649 3147 dixeritque,
667 3117 772 3150 neque
787 3119 822 3142 se
837 3111 1030 3144 moriturum
1041 3136 1050 3152 ‚
1067 3122 1118 3146 ne-

93 3151 157 3184 que
171 3153 247 3178 suos
257 3149 430 3181 sectatores
444 3160 452 3181 :
467 3151 522 3183 sed
536 3155 645 3186 omnia
658 3154 742 3187 bona
753 3156 929 3190 habituros.
944 3161 1053 3198 Quum
1063 3169 1118 3192 au-

92 3190 160 3243 tem
180 3191 250 3224 haec
276 3194 395 3227 diceret
408 3221 417 3236 ‚
443 3197 644 3232 domicilium
675 3202 919 3236 subterraneum
944 3207 1115 3238 exstruxit.

95 3237 218 3289 Deinde
233 3243 272 3291 ex
288 3241 449 3274 Thracum
470 3245 572 3277 oculis
586 3250 618 3278 et
633 3252 807 3290 conspectu
823 3259 858 3282 se
874 3254 1002 3292 repente
1018 3253 1117 3293 prori-

94 3291 208 3323 piens,
232 3294 264 3316 in
287 3287 348 3319 hoc
369 3289 513 3330 degebat.
537 3294 627 3325 Getae
649 3304 726 3327 vero
754 3297 862 3336 ipsum
883 3298 1114 3331 desiderarunt.

96 3330 218 3383 Quarto
239 3334 348 3385 autem
376 3345 460 3368 anno
484 3342 556 3378 post
587 3349 699 3374 rursus
727 3344 891 3384 apparuit,
915 3347 947 3378 et
977 3346 1116 3381 Thraces

95 3384 204 3409 omma
218 3387 247 3411 ei
263 3381 475 3415 crediderunt.

1625 273 1640 310 l
1651 274 1711 312 79.

1210 330 1377 367 Lexicon
1428 333 1752 382 sangermanense
1804 329 1909 382 apud
1961 331 2177 368 Bekkerum

1157 387 1302 424 Anecd.
1339 392 1461 426 Graec.
1498 403 1537 439 p.
1565 389 1635 428 351
1658 387 1726 428 z‘H
1749 387 1860 442 ἀθάρη
1879 386 1989 442 τροφὴ
2007 390 2046 427 ἔκ
2059 391 2179 442 πυρῶν

1158 443 1348 495 ἡψημένων
1364 445 1423 482 καὶ
1446 445 1717 498 διακεχυμένων.
1733 446 1839 486 Ἔστι
1857 445 1895 484 δὲ
1917 449 1939 493 ἡ
1965 449 2090 499 χρῆσις
2119 451 2180 495 τῆς

1159 499 1283 545 λέξεως
1300 501 1413 550 πολλὴ
1433 503 1530 557 παρὰ
1548 511 1619 549 τοῖς
1636 505 1800 549 Ἀττικοῖς
1811 536 1821 554 ,
1837 504 1929 543 κατὰ
1949 505 2011 556 μὲν
2028 504 2068 543 τὸ
2085 504 2182 550 τέλος

1161 557 1221 596 διὰ
1247 564 1307 598 τοῦ
1324 576 1348 607 η
1369 562 1618 614 προαγομένη,
1643 562 1736 602 κατὰ
1765 563 1802 602 δὲ
1825 562 1888 610 τὴν
1912 562 2023 615 μέσην
2052 567 2113 602 τοῦ
2137 580 2181 613 α,

1160 615 1251 656 κατὰ
1271 617 1308 656 δὲ
1329 619 1478 664 πολλοὺς
1494 620 1616 665 ἄλλους
1637 621 1728 660 κατὰ
1746 621 1808 674 μὲν
1825 621 1865 661 τὸ
1879 621 1976 665 τέλος
1992 621 2050 661 διὰ
2065 626 2126 660 τοῦ
2143 638 2183 670 α,

1163 673 1255 713 κατὰ
1270 675 1307 714 δὲ
1334 676 1398 724 τὴν
1420 678 1530 728 μέσην
1552 679 1608 717 διὰ
1635 684 1695 719 τοῦ
1713 697 1747 728 η.
1766 681 1890 724 Οὕτως
1913 679 1950 719 δὲ
1972 681 2032 720 καὶ
2051 680 2183 721 Ἑλλά-

1162 748 1254 778 νικος
1263 733 1323 772 καὶ
1334 735 1505 789 Σώφρων.
1517 739 1624 776 Conf.
1641 739 1742 777 dicta
1759 740 1806 778 ad
1815 740 1999 780 Thesaur.
2014 741 2182 792 HSteph.

1163 792 1240 831 vol.
1263 796 1301 842 Ι,
1322 807 1358 844 p.
1381 795 1470 832 835.

1216 903 1439 953 Sequuntur
1479 903 1573 950 loci,
1599 903 1640 941 in
1670 904 1811 955 quibus
1839 906 2023 944 Hellanici
2043 920 2184 944 nomen

1165 961 1419 1012 depravatum
1441 974 1525 999 esse
1541 961 1708 1000 videtur.
1731 963 1883 1001 Primus
1903 972 1959 1001 est
1976 966 2080 1015 apud
2099 969 2186 1004 Ste-

1166 1020 1282 1071 phan.
1300 1022 1390 1070 Byz.
1403 1022 1444 1057 in
1462 1033 1502 1058 v.
1523 1018 1745 1071 Ἀγὸάτανα,
1759 1020 1826 1059 ubi
1843 1022 2073 1062 laudatur‘E
2083 1024 2133 1061 λλ
2144 1023 2186 1061 ά·

1166 1079 1185 1116 δ
1197 1093 1234 1117 ιο
1245 1093 1259 1121 ς
1270 1079 1305 1116 ἐν
1315 1080 1366 1131 τῷ
1380 1093 1402 1116 α
1419 1077 1594 1131 στοιχείῳ.
1607 1096 1622 1112 «
1633 1082 1720 1117 Non
1738 1081 1846 1126 male,
1859 1080 1911 1117 ait
1931 1084 2067 1126 Sturz,
2079 1082 2187 1119 vide—

1168 1147 1230 1176 tur
1239 1138 1435 1176 Berkelius
1446 1138 1649 1189 legendum
1661 1138 1854 1188 conjicere
1864 1137 2069 1182 Ἑλλάνικος
2083 1141 2136 1177 ita
2147 1149 2190 1176 ut

1165 1197 1403 1247 intelligatur
1421 1196 1502 1247 ejus
1525 1210 1642 1247 opus,
1662 1197 1768 1247 quod
1797 1196 2042 1247 inscripserat
2058 1197 2189 1237 Ἐθνῶν

1166 1255 1367 1308 ὀνομασίας,
1379 1255 1564 1306 quodque
1581 1255 1738 1293 videtur
1748 1254 1796 1292 ad
1807 1255 2002 1292 literarum
2018 1256 2190 1295 ordinem

1167 1314 1426 1365 compositum
1450 1314 1578 1352 fuisse.
1590 1330 1606 1347 »
1618 1313 1735 1360 Quod
1756 1314 1937 1365 equidem
1953 1314 2153 1353 addubito.

1220 1373 1328 1411 Alter
1353 1380 1411 1411 est
1426 1385 1487 1423 ap.
1509 1372 1675 1411 Plinium
1694 1375 1741 1411 H.
1771 1376 1819 1411 N.
1843 1376 1911 1424 IV,
1950 1386 2012 1419 12,
2043 1386 2106 1421 22,
2127 1374 2193 1412 ubi

1167 1431 1303 1470 Rhene
1319 1430 1368 1469 ab
1387 1431 1579 1469 Anticlide
1597 1432 1730 1469 vocari
1746 1431 1887 1469 dici-tur
1908 1432 2126 1483 Celadussa,
2146 1432 2194 1470 ab

1169 1493 1363 1528 Hellanico
1400 1491 1577 1529 Artemis.
1610 1490 1671 1528 Sic
1699 1499 1802 1529 recte
1830 1490 1952 1528 edidit
1974 1491 2194 1529 Harduinus

1169 1563 1242 1602 pro
1254 1551 1410 1601 vulgata
1422 1579 1432 1598 ,
1452 1564 1537 1602 quae
1549 1552 1719 1588 Helladii
1729 1564 1869 1589 nomen
1887 1551 2014 1590 habet.
2035 1555 2133 1590 Nam
2155 1553 2194 1590 in

1167 1609 1295 1648 indice
1334 1618 1555 1658 auctorum,
1573 1609 1663 1647 huic
1679 1609 1782 1647 libro
1802 1611 1958 1661 praefixo
1979 1611 2196 1649 Hellanicus

1170 1675 1418 1715 memoratur,
1434 1667 1563 1705 nullus
1581 1681 1675 1705 vero
1703 1668 1912 1706 Helladius.
1948 1671 2070 1707 Porro
2090 1669 2194 1720 apud

1169 1726 1383 1773 Lutatium,
1402 1726 1512 1765 statii
1532 1725 1733 1774 (Thebaid.
1758 1741 1774 1764 1
1791 1754 1802 1773 ,
1827 1727 1920 1778 5801)
1943 1727 2171 1766 scholiasten
2186 1757 2196 1775 ,

1168 1798 1310 1823 nomen
1329 1786 1496 1836 pastoris
1516 1785 1579 1822 cui
1597 1786 1736 1823 Linum
1757 1794 1878 1823 mater
1899 1786 2069 1834 tradidit,
2089 1800 2197 1837 repe-

1169 1843 1240 1881 riri
1256 1843 1350 1881 dicit
1370 1844 1411 1881 in
1430 1843 1593 1881 historia
1610 1847 1763 1891 Heleni,
1787 1845 1896 1895 quod·
1920 1844 2001 1895 jam
2019 1845 2197 1883 Barthius

1170 1903 1332 1940 mutavit
1355 1903 1396 1940 in
1418 1905 1609 1941 Hellanici.
1624 1906 1786 1954 «Neque
1805 1899 1937 1942 tamen
1968 1918 2196 1955 repugnem,

1170 1961 1341 1999 Sturzius
1365 1962 1434 2010 ait,
1459 1962 1490 1999 si
1510 1962 1597 2012 quis
1625 1960 1707 2012 ejus
1736 1962 1855 2000 verba
1887 1963 1940 2001 ita
1970 1964 2198 2014 explicanda

1170 2028 1296 2071 putet,
1316 2028 1359 2058 ut
1377 2034 1509 2058 sensus
1529 2021 1590 2068 sit,
1612 2034 1755 2059 nomen
1773 2021 1877 2059 illius
1896 2022 2060 2073 pastoris
2084 2022 2198 2060 fuisse

1171 2079 1328 2127 Heleni,
1349 2087 1540 2117 servatum
1557 2079 1606 2117 ab
1621 2080 1825 2118 historicis.
1838 2097 1854 2114 »

1226 2141 1389 2175 Exstant
1407 2138 1576 2189 denique
1620 2139 1751 2190 plures
1781 2140 1878 2186 loci,
1911 2140 1976 2177 ubi
2010 2140 2198 2178 Hellanici

1172 2210 1314 2235 nomen
1331 2210 1410 2234 non
1431 2197 1480 2234 ad
1494 2197 1719 2235 historicum
1743 2207 1917 2236 nostrum
1930 2228 1943 2247 ,
1961 2199 2026 2236 sed
2048 2199 2095 2235 ad
2110 2199 2199 2236 Hel-

1173 2255 1341 2295 lanicum
1374 2257 1682 2306 grammaticum,
1716 2257 1950 2309 discipulum
1980 2258 2198 2308 Agathoclis

1175 2313 1328 2364 (Suidas
1351 2314 1392 2352 in
1416 2328 1454 2352 v.
1480 2315 1703 2366 Πτολεμαῖος
1727 2315 2006 2368 γραμματικός),
2028 2317 2195 2355 Aristar-

1174 2371 1236 2409 chi
1248 2402 1258 2420 ‚
1280 2381 1324 2409 ut
1342 2373 1508 2421 videtur,
1525 2375 1708 2424 aequalem
1727 2375 1970 2413 referendum
1988 2385 2056 2414 est.
2092 2379 2198 2421 Quos

1168 2431 1264 2469 >satis
1283 2431 1688 2471 habemusindicasse:
1707 2434 1854 2472 scholia
1870 2438 2014 2473 Veneta
2037 2443 2074 2472 et
2112 2437 2191 2471 Eu-

1173 2490 1294 2527 stath.-
1309 2490 1357 2527 ad
1377 2491 1419 2528 Il.
1447 2494 1502 2535 Ο,
1528 2491 1625 2539 651»,
1646 2506 1685 2544 p.
1712 2494 1807 2531 1035
1822 2522 1832 2540 ,
1852 2495 1920 2540 643
1942 2494 1984 2531 Il.
2002 2495 2138 2542 T,9o,
2159 2506 2197 2542 p.

1179 2562 1193 2585 1
1206 2550 1292 2596 173,
1307 2555 1378 2595 243
1397 2550 1526 2588 Schol.
1543 2554 1677 2589 Venet.
1694 2551 1742 2589 ad
1765 2552 1808 2589 Il.
1827 2555 1875 2600 E,
1891 2552 1985 2601 2695
2006 2551 2131 2588 Schol.
2149 2551 2197 2588 ad

1176 2607 1356 2658 Sophocl.
1379 2608 1539 2646 Philoct.
1562 2623 1648 2647 201.

1400 2719 1722 2758 FRAGMENTA
1750 2720 1981 2759 INCERTA.

1220 2834 1408 2880 {hellanicus
1439 2835 1526 2870 dicit,
1543 2785 1836 2876 Cycloflezssnomen
1856 2835 1973 2867 habere
1993 2844 2012 2867 a
2034 2835 2174 2877 Cyclope
2189 2859 2197 2875 ,

1178 2881 1276 2914 Urani
1287 2881 1370 2921 filio,
1387 2891 1492 2923 neque
1506 2891 1582 2914 vero
1595 2882 1635 2914 de
1647 2882 1825 2914 Homericis
1833 2882 2028 2923 Cyclopibus
2043 2883 2196 2925 loquitur.

1218 2991 1425 3032 Ἀμφίσὸατα,
1443 2999 1492 3023 res
1508 2992 1549 3024 de
1564 2941 1913 3032 quibiis7c7ontroversia
1929 2996 1988 3026 est.

1651 3051 1666 3083 1
1678 3052 1736 3084 78.

1222 3100 1324 3132 Sicuti
1340 3100 1434 3132 simia
1450 3100 1483 3132 in
1501 3109 1650 3134 summas
1669 3102 1799 3134 arbores
1818 3104 1971 3136 ascendit.

1640 3162 1654 3193 1
1664 3162 1680 3192 7
1688 3161 1710 3194 9
1718 3185 1727 3195 .

1218 3210 1343 3252 Ἀθάρη,
1360 3210 1501 3242 edulium
1523 3221 1541 3243 e
1558 3211 1662 3244 tritico
1678 3215 1770 3245 cocto
1783 3216 1816 3246 et
1833 3214 1954 3248 diffuso
1973 3218 2197 3257 praeparatum.

1177 3257 1341 3295 Frequens
1354 3258 1404 3287 est
1420 3256 1517 3296 hujus
1542 3258 1631 3290 vocis
1650 3259 1736 3300 apud
1751 3260 1875 3293 Atticos
1891 3271 1991 3301 usus,
2016 3262 2048 3294 in
2066 3262 2128 3294 fine
2143 3271 2199 3303 per

1177 3313 1214 3340 η,
1230 3301 1263 3332 in
1283 3302 1390 3333 medio
1412 3311 1469 3344 per
1490 3315 1510 3334 α
1533 3304 1683 3345 scriptae3
1699 3315 1813 3339 verum
1829 3308 1914 3349 apud
1937 3309 2016 3341 alios
2030 3308 2150 3341 multos
2166 3308 2198 3340 in

1176 3347 1239 3425 filne
1254 3349 1304 3379 est
1325 3360 1356 3388 α,
1375 3348 1406 3380 in
1430 3350 1534 3382 media
1551 3360 1630 3384 voce
1645 3363 1682 3391 ης
1700 3353 1746 3384 sic
1768 3354 1864 3386 etiam
1888 3356 2070 3388 Hellanicus
2091 3355 2125 3388 et
2144 3355 2198 3387 So:

1176 3402 1196 3434 p
1210 3402 1290 3425 non.
