2320 3684
145 232 219 271 340

135 326 192 356 est
207 331 278 369 pro
291 313 635 367 ἐπισυμὸαλλομένῃ.
656 313 715 355 Ad
737 325 818 350 rem
846 324 883 349 v.
905 310 1035 349 Flathe
1062 309 1160 349 Hist.

134 377 279 416 Maced.
297 377 346 424 ΙΙ,
367 389 406 427 p.
429 375 516 412 206.
619 425 663 462 2!

653 435 682 463 l.

188 488 392 525 Athenaeus
409 488 494 532 XV,
511 485 573 531 48,
594 497 631 534 p.
645 484 737 533 693,
753 486 782 521 F
798 496 806 519 ε
820 480 926 535 Παρὰ
938 479 975 519 δὲ
987 486 1058 525 τοῖς
1073 478 1164 518 Ἕλ-

135 548 236 593 λησιν
262 548 292 583 οἱ
313 544 448 586 θύοντες
464 545 515 596 τῷ
532 541 663 595 Ἡλίῳ,
681 542 728 585 ὥς
746 556 832 595 φησι
854 539 1046 600 Φύλαρχος
1062 540 1097 577 ἐν
1117 540 1160 590 τῇ

137 602 316 655 δωδεκάτῃ
346 604 415 640 τῶν
441 601 632 654 Ἱστοριῶν,
655 598 735 651 μέλι
755 598 974 647 σπένδουσιν,
1001 601 1092 636 οἶνον
1124 598 1161 635 οὐ

137 661 296 715 φέροντες
313 667 385 703 τοῖς
411 662 561 712 βωμοῖς,
587 660 657 697 δεῖν
676 657 834 710 λέγοντες
849 657 908 696 τὸν
931 656 976 696 τὰ
995 655 1060 696 ὅλα
1083 671 1162 694 συν·

116 749 119 751 -
137 721 263 773 έχοντα
283 719 341 758 καὶ
361 721 614 773 διακρατοῦντα
633 717 708 756 θεὸν
727 717 786 756 καὶ
812 716 865 755 ἀεὶ
890 714 1163 770 περιπολεύοντα

136 779 193 818 τὸν
215 778 344 830 κόσμον
360 777 540 830 ἀλλότριον
561 771 649 816 εἶναι
666 776 785 828 μέθης.

190 842 246 876 Ex
264 838 450 876 Athenaeo
474 836 608 875 eadem
633 837 752 874 refert
766 836 937 874 Eustath.
954 835 1002 873 ad
1031 834 1108 873 Od.
1124 847 1163 884 p.

144 899 253 935 1668.
275 901 335 935 De
355 896 550 934 sacrificiis
569 896 645 934 illis
670 894 851 948 νηφαλίοις
870 894 917 932 cf.
938 894 1063 933 Schol.
1090 895 1164 930 So—

139 957 265 1008 phocl.
283 959 331 995 O.
354 956 437 994 Col.
462 969 545 1003 ioo,
566 956 713 994 Dissen.
732 954 780 992 ad
799 953 951 992 Pindar.
974 956 1081 991 Nem.
1098 953 1166 1001 111,

138 1029 175 1066 p.
191 1016 264 1062 378
277 1014 334 1052 ed.
347 1014 510 1063 Boeckh.,
520 1022 559 1052 et
577 1013 840 1053 Wachsmuth.
867 1012 1056 1065 Antiquit.
1082 1013 1168 1051 Hel·

138 1074 214 1111 len.
234 1077 287 1122 ΙΙ,
309 1087 345 1122 2,
369 1087 407 1125 p.
434 1076 524 1115 232.
741 1083 744 1087 ·

627 1132 691 1170 25.

195 1192 397 1230 Athenaeus
414 1194 526 1240 XIII,
543 1190 606 1236 85,
627 1204 664 1242 p.
681 1191 770 1238 606,
790 1194 820 1228 E
838 1204 846 1226 :
864 1189 1053 1244 Φύλαρχος
1071 1191 1106 1228 ἐν
1126 1192 1170 1242 τῆ

142 1250 336 1303 δωδεκάτη,
357 1268 372 1284 «
386 1249 574 1303 Κοίρανος,
592 1249 711 1303 φησὶν,
725 1252 743 1288 ὁ
758 1248 933 1296 Μιλήσιος
948 1248 1030 1287 ἰδὼν
1053 1247 1172 1291 ἁλιέας

141 1311 192 1362 τῷ
210 1308 338 1361 δικτύῳ
354 1307 528 1351 λαὸόντας
547 1308 690 1360 δελφῖνα
715 1306 776 1345 καὶ
801 1306 991 1358 μέλλοντας
1013 1305 1170 1345 κατακό-

142 1383 255 1415 πτειν,
274 1366 436 1421 ἀργύριον
455 1365 532 1411 δοὺς
550 1366 611 1404 καὶ
630 1366 950 1419 παραστησάμενος
974 1368 1106 1419 ἀφῆκεν
1127 1366 1174 1408 εἷς

141 1425 182 1465 τὸ
201 1425 364 1477 πέλαγος.
397 1425 470 1465 Καὶ
507 1423 595 1477 μετὰ
629 1428 741 1463 ταῦτα
774 1425 924 1478 ναυαγία
953 1423 1175 1477 χρησάμενος

142 1485 223 1539 περὶ
257 1484 417 1523 Μύκονον
448 1484 507 1522 καὶ
538 1483 679 1522 πάντων
716 1482 943 1534 ἀπολομένων
973 1482 1076 1535 μόνος
1107 1482 1174 1521 ὑπὸ

145 1544 301 1596 δελφῖνος
324 1541 438 1590 ἐσώθη
462 1545 480 1581 ὁ
510 1542 693 1596 Κοίρανος.
715 1541 998 1589 Τελευτήσαντος
1018 1542 1048 1580 δ’
1068 1543 1174 1580 αὐτοῦ

143 1605 292 1656 γηραιοῦ
307 1603 342 1639 ἐν
362 1604 406 1653 τῇ
423 1601 565 1655 πατρίδι
582 1600 717 1648 καὶτῆς
736 1601 884 1654 ἐκφορᾶς
901 1599 1000 1654 παρὰ
1027 1599 1090 1648 τὴν
1112 1600 1174 1640 θά-

144 1663 276 1699 λατταν
294 1658 503 1711 γιγνομένης
524 1657 616 1698 κατὰ
635 1657 747 1711 τύχην
767 1659 803 1698 ἐν
823 1662 867 1711 τῇ
888 1658 1052 1712 Μιλήτῳ,
1072 1660 1107 1697 ἐν
1125 1661 1176 1712 τῷ

145 1719 263 1771 λιμένι
282 1721 414 1766 πλῆθος
433 1718 601 1771 δελφίνων
623 1717 733 1772 ἐφάνη
761 1720 796 1756 ἐν
823 1721 866 1771 τῇ
893 1716 1011 1772 ἡμέρᾳ
1037 1717 1151 1770 ἐκείνῃ
1165 1749 1175 1767 ,

146 1779 269 1832 μικρὸν
291 1778 461 1833 ἀπωτέρω
483 1781 552 1817 τῶν
573 1777 891 1829 συνεκκομιζόντων
911 1777 970 1816 τὸν
989 1777 1175 1831 Κοίρανον,

145 1838 229 1876 ὡσεὶ
246 1837 523 1892 συνεκφερόντων
549 1837 609 1876 καὶ
635 1835 918 1889 συγκηδευόντων
948 1835 1007 1874 τὸν
1036 1836 1175 1891 ἄνθρω-

145 1913 244 1935 πον.»

200 1957 372 1994 AElianus
388 1959 446 1994 De
460 1964 535 1994 nat.
549 1956 662 1993 anim.
676 1957 784 2003 VIII,
798 1956 818 1992 3
830 1963 868 1992 et
881 1954 1106 1992 Plutarchus
1120 1958 1178 1992 De

148 2017 293 2055 sollert.
313 2017 427 2054 anim.
461 2030 498 2067 p.
520 2017 611 2066 985,
632 2020 678 2064 A,
696 2015 856 2053 eandem
876 2014 1060 2053 exhibent
1083 2028 1176 2052 nar-

148 2077 338 2114 rationem
351 2105 362 2127 ,
377 2075 444 2113 sed
463 2075 546 2113 aliis
565 2075 789 2113 auctoribus
807 2074 867 2113 usi
884 2087 965 2112 esse
982 2074 1175 2112 videntur.

635 2134 697 2172 26.

202 2193 374 2231 AElianus
394 2196 453 2231 De
472 2201 610 2230 natura
639 2193 790 2230 animal.
807 2195 932 2240 XVII,
969 2192 1012 2229 5:
1028 2191 1179 2244 Φύλαρ-

147 2268 209 2305 χος
245 2254 279 2291 ἐν
311 2256 355 2306 τῇ
388 2252 566 2304 δωδεκάτῃ
593 2251 680 2304 ὑπὲρ
696 2254 777 2305 τῶν,
795 2251 997 2303 Αἰγυπτίων
1021 2251 1177 2290 ἀσπίδων

190 2420 286 2463 Apud
300 2423 431 2454 Graecos
445 2420 541 2461 vero',
556 2421 612 2462 qui
630 2420 694 2453 Soli
708 2429 800 2452 sacra
814 2420 955 2461 faciunt,
973 2420 1017 2460 hi,
1042 2422 1080 2453 ut
1093 2420 1177 2461 Phy-

147 2470 278 2501 larchus
304 2468 350 2501 ait
378 2468 570 2500 duodecimo
595 2468 809 2500 Historiarum
839 2468 941 2507 libro,
967 2467 1030 2500 mel
1057 2467 1177 2507 libant,

147 2525 207 2548 nec
229 2516 344 2547 vinum
367 2514 409 2547 ad
430 2515 543 2547 altana
573 2515 738 2554 afferunt3
761 2514 905 2547 dicentes
927 2516 1178 2547 consentaneum

147 2571 218 2595 esse
232 2586 241 2602 ,
270 2564 308 2595 ut
330 2562 500 2595 continens
524 2565 643 2594 cuncta
666 2563 699 2595 et
726 2570 784 2594 sua
811 2562 955 2603 potentia
982 2571 1178 2594 conservans

147 2609 227 2641 deus
242 2633 251 2648 ,
274 2611 444 2650 totumque
465 2609 626 2641 mundum
647 2608 778 2643 assidue
798 2608 1033 2649 obambulans,
1056 2609 1179 2642 alienus

148 2656 191 2688 sit
207 2664 226 2687 a
242 2655 441 2688 temulentia.

191 2761 389 2801 Phylarchus
416 2761 498 2794 libro
526 2761 720 2794 duodecimo
744 2761 815 2794 haec
841 2761 954 2794 scribit
973 2772 1007 2793 z«
1023 2764 1179 2795 coeranus

150 2807 305 2846 Milesius,
327 2817 428 2848 quum
444 2808 637 2849 piscatores,
659 2808 716 2849 qui
738 2808 926 2850 delphinum
942 2809 1001 2841 reti
1013 2811 1178 2849 ceperant,

152 2854 183 2884 in
205 2862 243 2884 eo
265 2863 334 2886 esse
356 2854 479 2888 videret
502 2858 538 2887 ut
559 2855 593 2887 in
616 2855 720 2887 frusta
741 2855 834 2887 illum
856 2855 1081 2895 conciderent,
1106 2855 1181 2887 data

152 2902 286 2941 pecunia
306 2903 350 2935 eis
373 2904 534 2944 persuasit
555 2906 592 2937 ut
615 2905 695 2936 mari
718 2905 890 2938 redderent
911 2905 1112 2946 liberumque
1134 2904 1179 2936 di-

152 2947 322 2980 mitterent.
347 2952 425 2982 Post
446 2951 478 2983 id
500 2953 629 2992 tempus
650 2952 853 2992 naufragium
875 2961 992 2993 passus
1015 2952 1055 2984 ad
1076 2954 1181 2992 Myco-

152 3002 231 3024 num
246 3018 255 3033 ‚
277 2997 486 3035 pereuntibus
507 2998 681 3038 omnibus,
709 3007 795 3030 unus
817 3008 836 3030 a
857 2998 1010 3040 delphino
1032 3001 1180 3031 servatus

152 3043 201 3072 est
214 3043 380 3074 coeranus.
398 3043 487 3075 Idem
504 3054 606 3085 quum
624 3054 721 3077 senex
738 3047 808 3078 vita
824 3046 956 3078 functus
974 3051 1060 3078 esset
1079 3045 1110 3076 in
1130 3055 1181 3087 pa·

152 3087 235 3124 tria,
265 3089 297 3118 et
318 3090 478 3129 exsequiae
505 3091 587 3122 sorte
613 3091 742 3124 fortuna
764 3092 943 3124 secundum
966 3101 1054 3124 mare
1082 3092 1180 3124 Mileti

154 3133 286 3170 tierent,
314 3134 424 3174 ingens
447 3137 672 3177 delphinorum
695 3139 871 3171 multitudo
893 3149 931 3171 eo
953 3139 1004 3171 die
1025 3139 1058 3170 in
1085 3142 1180 3180 portu

154 3178 412 3218 conspiciebatur
428 3182 514 3214 haud
531 3185 643 3223 procul
660 3185 700 3216 ab
715 3186 761 3217 eis
778 3186 834 3226 qui
850 3186 948 3218 sunus
966 3188 1093 3218 Coerani
1110 3196 1180 3227 pro·

155 3223 392 3264 sequebantur,
423 3229 516 3266 quasi
542 3231 575 3261 et
599 3229 661 3270 ipsi
686 3231 784 3263 sunus
811 3235 1020 3273 sequerentur
1043 3235 1076 3266 et
1094 3234 1181 3274 justa

156 3271 226 3303 viro
246 3271 292 3303 illi
310 3274 539 3312 persolverent.
558 3290 573 3304 n

635 3332 699 3365 26.

197 3381 395 3422 Phylarchus
414 3383 497 3416 libro
514 3385 704 3420 duodecimo
723 3389 755 3420 in
775 3390 892 3430 vulgus
912 3391 1029 3432 edidit,
1054 3393 1180 3433 aspides

155 3428 197 3460 ab
229 3429 389 3469 AEgyptiis
409 3431 615 3465 vehementer
641 3435 701 3466 coli
717 3458 727 3474 ,
754 3436 947 3477 easdemque
968 3447 1006 3470 ex
1029 3448 1067 3471 eo
1090 3441 1179 3473 cultu

863 220 1165 262 PHYLARCHI
1195 219 1529 259 FRAGMENTA.

1220 305 1295 360 ᾅδει
1312 310 1474 346 τοιαῦτα·
1493 305 1663 358 τιμᾶσθαί
1682 321 1786 360 φησιν
1803 305 1909 350 αὖτὰς
1925 307 2097 360 ἰσχυρῶς,
2115 311 2177 350 καὶ
2203 314 2245 352 ἐκ

1220 363 1348 413 ταύτης
1377 380 1418 416 γε
1446 367 1508 412 τῆς
1536 368 1641 416 τιμῆς
1670 364 1900 417 ἡμερωτάτας
1918 380 1956 403 τε
1975 365 2034 404 καὶ
2053 369 2246 422 χειροήθεις

1220 422 1376 474 γίνεσθαι
1393 422 1456 468 τὰς
1473 424 1512 462 ἐκ
1531 426 1593 471 τῆς
1606 425 1734 477 τροφῆς
1749 422 2022 475 πεπωλευμένας
2033 440 2041 449 ·
2061 431 2133 470 τοῖς
2162 444 2247 467 παι-

1221 481 1305 526 δίοις
1320 475 1379 520 οὗν
1399 481 1676 536 συντρεφομένας
1694 481 1802 533 μηδὲν
1826 483 1971 531 ἀδικεῖν,
1988 483 2048 522 καὶ
2068 486 2247 538 καλουμέ-

1221 557 1282 585 νας
1300 541 1335 580 δὲ
1349 540 1502 595 ἐξέρπειν
1531 543 1601 580 τῶν
1621 543 1764 595 φωλεῶν
1784 540 1844 579 καὶ
1863 542 2099 595 ἀφικνεῖσθαι·
2126 545 2250 592 κλῆσις

1222 600 1259 638 δὲ
1273 601 1386 638 αὐτῶν
1405 603 1424 639 ὁ
1439 603 1509 639 τῶν
1526 599 1706 639 δακτύλων
1720 599 1793 638 ἐστὶ
1811 599 1942 653 κρότος.
1963 601 2193 654 Προτείνουσι
2212 605 2250 643 δὲ

1223 658 1292 712 ἄρα
1315 661 1346 697 οἱ
1372 658 1560 710 Αἰγύπτιοι
1586 658 1646 697 καὶ
1680 657 1773 703 ξένια
1807 662 1944 702 αὐταῖς·
1964 658 2053 698 ἐπὰν
2083 660 2152 716 γὰρ
2179 661 2252 701 ἀπὸ

1224 717 1363 756 δείπνου
1381 717 1566 770 γένωνται,
1595 717 1726 771 ἄλφιτα
1747 717 1830 771 οἴνῳ
1863 718 1923 756 καὶ
1958 717 2075 769 μέλιτι
2105 720 2254 760 ἀναδεύ-

1225 791 1347 819 σαντες
1361 776 1454 814 κατὰ
1471 779 1534 823 τῆς
1551 775 1725 829 τραπέζης
1738 774 1873 814 τιθέασι
1884 806 1894 825 ,
1919 777 1973 830 ἐφ’
1991 771 2034 824 ἧς
2046 776 2170 831 ἔτυχον
2191 779 2252 818 δε·-

1225 833 1464 883 δειπνηκότες·
1484 828 1559 873 εἶτα
1577 833 1695 886 μέντοι
1714 833 1944 887 κροτήσαντες
1963 835 2065 875 οἱονεὶ
2082 836 2254 888 δαιτυμό-

1225 909 1286 938 νας
1310 895 1476 941 καλοῦσι,
1503 893 1564 932 καὶ
1594 894 1725 932 ἐκεῖναι
1749 895 1929 946 ὡσπεροῦν
1962 893 2030 933 ὑπὸ
2058 895 2256 947 συνθήματι

1227 952 1491 1006 παραγίνονται,
1511 952 1572 991 καὶ
1591 951 1681 999 ἄλλη
1714 951 1907 1004 ἀλλαχόθεν
1933 951 2087 1006 ἐξέρπει,
2105 954 2166 992 καὶ
2194 969 2258 992 πε-

1229 1017 1392 1065 ριστᾶσαι
1407 1010 1472 1059 τὴν
1491 1010 1680 1063 τράπεζαν,
1693 1009 1758 1057 τὴν
1776 1009 1840 1062 μὲν
1858 1009 1983 1058 λοιπὴν
2007 1017 2152 1065 σπεῖραν
2173 1013 2259 1051 ἐῶσι

1228 1069 1320 1107 κατὰ
1340 1072 1402 1108 τοῦ
1422 1068 1590 1118 δαπέδου,
1610 1068 1740 1122 ἅρασαι
1776 1068 1814 1107 δὲ
1843 1067 1908 1115 τὴν
1942 1069 2098 1123 κεφαλὴν
2117 1071 2257 1125 περιλι-

1228 1143 1255 1180 χ
1257 1129 1392 1179 μῶνται
1413 1127 1472 1166 καὶ
1491 1130 1608 1180 ἡσυχῆ
1628 1127 1688 1165 καὶ
1705 1128 1782 1166 κατ’
1802 1126 1917 1178 ὀλίγον
1935 1127 2175 1179 ἐμπίπλανται
2188 1131 2259 1168 τῶν

1231 1186 1386 1240 ἀλφίτων
1405 1186 1464 1224 καὶ
1484 1185 1801 1224 καταναλίσκουσιν
1830 1185 1931 1224 αὐτά.
1964 1185 2115 1241 Νύκτωρ
2135 1186 2172 1226 δὲ
2200 1186 2260 1226 ἐὰν

1231 1244 1353 1297 ἐπείγῃ
1378 1260 1413 1282 τι
1439 1244 1518 1288 τοὺς
1538 1243 1769 1296 Αἰγυπτίους,
1791 1248 1955 1297 κροτοῦσι
1971 1244 2078 1284 πάλιν
2094 1261 2102 1270 ·
2124 1247 2261 1294 ὑποση-

1233 1302 1349 1354 μαίνει
1365 1301 1402 1340 δὲ
1433 1302 1502 1356 ἄρα
1519 1301 1575 1341 ὅδε
1597 1305 1616 1341 ὁ
1636 1302 1744 1356 ψόφος
1775 1302 1975 1347 ἐξίστασθαί
2002 1319 2041 1342 τε
2077 1302 2182 1348 αὐτὰς
2201 1303 2261 1342 καὶ

1233 1362 1427 1414 ἀναχωρεῖν
1438 1377 1446 1385 ·
1462 1363 1586 1400 οὐκοῦν
1600 1367 1738 1400 συνιᾶσι
1751 1361 1811 1400 καὶ
1828 1363 1958 1400 ἐκεῖναι
1972 1361 2037 1410 τὴν
2055 1365 2116 1401 τοῦ
2129 1361 2263 1401 κτύπου

1233 1418 1402 1474 διαφορὰν
1421 1420 1481 1458 καὶ
1500 1420 1553 1474 ἐφ’
1567 1419 1636 1473 ὅτῳ
1652 1424 1755 1458 τοῦτο
1781 1421 1922 1474 δρᾶται,
1952 1421 2013 1460 καὶ
2042 1424 2263 1476 παραχρῆμα

1234 1477 1508 1517 ἀναστέλλονται
1527 1478 1587 1517 καὶ
1606 1477 1831 1532 ἀφανίζονται
1851 1481 1898 1523 εἷς
1920 1478 2000 1523 τοὺς
2021 1479 2205 1534 χηραμούς
2224 1495 2263 1519 τε

1234 1537 1293 1576 καὶ
1314 1536 1467 1592 φωλεοὺς
1485 1536 1673 1591 ἕρπουσαι·
1693 1541 1711 1577 ὃ
1733 1541 1816 1589 γοῦν
1843 1539 2071 1590 ἀνιστάμενος
2099 1538 2178 1578 οὔτε
2196 1540 2265 1591 ἐμ-

1235 1596 1347 1635 ὅαίνει
1359 1596 1427 1635 τινὶ
1442 1597 1556 1635 αὐτῶν
1571 1595 1649 1635 οὔτε
1662 1596 1876 1650 περιπίπτει.
1893 1602 1985 1650 Cap.
2002 1599 2038 1637 6.
2069 1597 2112 1637 Ὁ
2136 1598 2264 1652 κροκό-

1236 1656 1345 1700 δειλος
1377 1655 1511 1706 γίνεται
1531 1655 1700 1707 μήκιστος
1729 1655 1921 1700 πολλάκις’
1953 1656 2011 1695 ἐπὶ
2039 1660 2121 1709 γοῦν
2145 1658 2266 1709 Ψαμ-

1237 1713 1379 1767 μιτίχου
1400 1718 1462 1753 τοῦ
1483 1714 1686 1766 Αἰγυπτίων
1718 1715 1888 1766 βασιλέως
1921 1715 2027 1754 πέντε
2061 1714 2122 1754 καὶ
2156 1715 2267 1755 εἴκοσι

1234 1777 1362 1827 πηχῶν
1388 1774 1607 1828 κροκόδειλον
1629 1775 1919 1829 φανῆναίὶφησιν·
1940 1775 1998 1815 ἐπὶ
2021 1775 2058 1816 δὲ
2078 1775 2269 1829 Ἀμάσιδος

1235 1835 1443 1872 παλαιστῶν
1457 1833 1635 1888 τεττάρων
1649 1834 1709 1872 καὶ
1727 1837 1856 1886 πηχῶν
1876 1834 1911 1880 ἓξ
1924 1834 1985 1874 καὶ
2003 1834 2126 1874 εἴκοσι.

1290 1957 1433 1995 Plinius
1452 1959 1501 1995 H.
1519 1960 1564 1995 N.
1585 1960 1638 2006 X,
1661 1964 1709 2006 74
1731 1958 1797 2009 (96
1818 1958 1876 1996 ed.
1892 1957 1992 2010 Bip.)
2006 1973 2015 1996 :
2031 1975 2047 1992 «
2063 1959 2121 1998 De
2139 1959 2271 2011 aspide

1238 2017 1464 2054 miraculum
1487 2018 1695 2065 Phylarcho
1714 2017 1919 2064 reddatur;
1947 2018 1980 2056 is
2014 2018 2115 2056 enim
2136 2026 2271 2056 auctor

1238 2083 1306 2123 est,
1327 2088 1446 2126 quum
1462 2075 1509 2112 ad
1524 2089 1693 2114 mensam
1707 2075 1904 2126 cujusdam
1923 2076 2080 2115 veniens
2100 2077 2140 2116 in
2151 2080 2272 2128 AEgy-

1238 2141 1306 2185 pto
1325 2134 1494 2171 aleretur
1514 2134 1677 2180 assidue,
1696 2135 1849 2172 enixam
1865 2135 2025 2184 catulos,
2039 2149 2206 2187 quorum
2221 2135 2271 2174 ab

1238 2207 1316 2231 uno
1332 2193 1452 2231 filium
1466 2194 1630 2245 hospitis
1643 2194 1918 2245 interemptum
1932 2209 1943 2242 ;
1962 2195 2065 2233 illam
2079 2207 2272 2234 reversam

1238 2251 1286 2289 ad
1304 2251 1618 2290 consuetudinem
1630 2251 1722 2300 cibi,
1733 2252 1964 2291 intellexisse
1979 2253 2133 2305 culpam
2146 2262 2184 2292 et
2201 2269 2272 2293 ne—

1237 2369 1371 2402 prorsus
1392 2370 1635 2401 mansuescere,
1657 2363 1690 2394 et
1713 2362 1838 2395 cicures
1860 2362 1949 2403 fieri,
1973 2361 2135 2396 alimentis
2157 2363 2274 2397 condo-

1238 2407 1393 2448 caraem,
1413 2417 1517 2448 neque
1533 2408 1630 2440 simul
1646 2417 1721 2441 cum
1738 2410 1847 2450 pueris
1865 2409 2044 2442 infantibus
2060 2409 2211 2443 viventes
2227 2410 2274 2443 eis

1238 2454 1404 2496 quippiam
1425 2464 1543 2488 nocere
1555 2479 1564 2495 ,
1591 2458 1624 2488 et
1644 2465 1723 2488 vero
1744 2457 1919 2498 appellatas
1940 2466 1979 2489 ex
2003 2456 2093 2489 cavis
2121 2457 2272 2499 prodire,

1239 2503 1336 2542 atque
1351 2502 1392 2534 ad
1410 2502 1624 2543 appellantem
1641 2503 1813 2544 accedere3
1830 2504 2007 2544 digitorum
2023 2505 2134 2536 autem
2149 2503 2274 2545 crepitu

1239 2550 1409 2581 vocantur.
1439 2549 1581 2590 AEgyptii
1604 2550 1700 2582 etiam
1728 2550 1958 2592 hospitalitatis
1981 2559 2116 2583 munera
2136 2550 2177 2583 iis
2203 2559 2275 2592 pro-

1241 2598 1365 2635 ponunt
1389 2605 1397 2627 :
1425 2596 1568 2637 primum
1590 2596 1678 2628 enim
1700 2598 1738 2629 ut
1765 2598 1876 2638 pransi
1898 2599 1993 2637 sunt,
2022 2596 2134 2630 statim
2155 2599 2275 2639 tempe-

1240 2643 1327 2674 ratas
1348 2642 1425 2673 vino
1447 2644 1481 2675 et
1502 2643 1598 2675 melle
1620 2643 1741 2676 farinas
1763 2644 1798 2676 in
1824 2653 1991 2684 mensam,
2021 2644 2055 2677 in
2079 2653 2144 2686 qua
2165 2644 2274 2686 pransi
2318 2668 2320 2670 -

1240 2691 1331 2728 sunt,
1356 2691 1541 2730 exponunt;
1562 2693 1674 2731 postea
1691 2691 1814 2732 crepitu
1834 2692 2008 2732 digitorum
2024 2699 2100 2732 eam,
2118 2692 2274 2732 tanquam

1240 2736 1395 2768 convivas
1406 2759 1416 2776 ,
1440 2737 1481 2768 ad
1497 2737 1672 2778 prandium
1689 2740 1809 2770 vocant
1828 2749 1836 2769 ε
1857 2739 1921 2770 illae
1939 2747 2017 2771 vero
2033 2738 2125 2771 velut
2142 2738 2184 2770 ad
2202 2747 2275 2770 con-

1240 2782 1361 2816 dictam
1378 2792 1503 2816 coenam
1521 2784 1667 2817 invitatae
1678 2809 1687 2824 ,
1707 2785 1779 2818 aliae
1796 2786 1926 2819 aliunde
1942 2786 2168 2828 prorepentes,
2188 2793 2275 2818 acce·
2311 2826 2314 2827 ⁷

1241 2830 1324 2863 dunt
1352 2833 1384 2863 et
1411 2840 1558 2864 mensam
1584 2832 1820 2874 circumstant;
1850 2842 1888 2865 ac
1917 2833 2042 2874 reliqua
2068 2832 2158 2865 omni
2189 2832 2274 2874 spira

1241 2877 1334 2910 humi
1350 2878 1471 2919 relicta,
1484 2880 1582 2921 eaput
1598 2879 1775 2912 allevantes
1791 2880 2076 2921 circumlambunt,
2089 2879 2275 2920 sensimque

1241 2926 1338 2965 atque
1364 2925 1528 2958 moderate
1554 2926 1656 2958 farina
1677 2927 1870 2968 explentur,
1900 2936 2038 2969 eamque
2064 2928 2273 2960 consumunt.
2299 2946 2302 2950 -

1241 2973 1351 3009 Quum
1372 2974 1482 3005 autem
1496 2973 1638 3014 AEgyptii
1655 2973 1696 3006 de
1717 2976 1811 3006 nocte
1834 2973 1954 3006 habent
1974 2982 2106 3007 necesse
2126 2981 2274 3014 surgere,

1241 3027 1281 3050 ne
1302 3018 1388 3059 ipsas
1409 3019 1443 3050 in
1465 3020 1606 3052 tenebris
1628 3021 1839 3060 conculcent,
1863 3021 1982 3053 iterum
2003 3020 2212 3063 percussione
2231 3019 2276 3052 di·
2300 3063 2302 3067 Ι

1241 3065 1381 3105 gitorum
1401 3067 1548 3101 utuntur,
1570 3067 1635 3106 eis,
1655 3068 1695 3100 ,ut
1716 3067 1757 3099 de
1779 3068 1832 3098 via
1853 3067 2028 3108 decedant,
2051 3068 2180 3108 signum
2199 3066 2276 3098 dan·
2298 3103 2299 3106 Ἴ

1241 3116 1307 3153 tes;
1329 3113 1390 3145 illae
1414 3122 1491 3145 sane
1508 3113 1634 3146 sonitus
1656 3114 1830 3146 discrimen
1843 3137 1852 3153 ,
1879 3117 1912 3146 et
1935 3123 1993 3146 cur
2016 3114 2073 3146 fiat
2100 3112 2275 3153 intelligen-

1241 3161 1290 3191 tes
1299 3183 1308 3199 ‚
1325 3160 1495 3192 confestim
1512 3170 1547 3193 se
1559 3161 1764 3200 subducunt,
1778 3160 1859 3193 etin
1875 3161 2008 3194 latibula
2020 3159 2315 3205 abstrudunturfss

1241 3205 1350 3248 itaque
1371 3207 1399 3239 is
1422 3208 1479 3248 qui
1505 3207 1546 3240 de
1569 3209 1652 3240 lecto
1668 3208 1771 3249 surgit
1787 3217 1893 3250 neque
1912 3208 2084 3241 conculcat
2099 3215 2154 3239 eas
2174 3208 2275 3247 lngre·
2298 3208 2304 3228 ἱ

1246 3253 1367 3287 diendo
1384 3264 1489 3296 neque
1504 3256 1574 3296 ipse
1591 3255 1719 3288 labitur.
2302 3283 2303 3286 ,

1283 3302 1473 3336 Crocodilus
1500 3311 1586 3344 saepe
1613 3302 1821 3344 longissimus
1846 3302 1884 3335 fit
1911 3312 1919 3333 :
1948 3301 2010 3334 sub
2038 3299 2276 3333 Psammeticho

1242 3349 1328 3381 enim
1341 3372 1350 3388 ,
1372 3358 1447 3389 rege
1469 3349 1614 3390 AEgypti‚
1635 3350 1835 3382 crocodilum
1857 3349 1972 3390 viginti
1995 3348 2138 3389 quinque
2159 3346 2276 3379 cubito·

1243 3404 1313 3427 rum
1329 3394 1517 3437 apparuisse
1533 3396 1629 3436 dicit,
1647 3397 1709 3428 sub
1727 3396 1878 3429 Amaside
1893 3395 2007 3437 viginti
2023 3403 2077 3428 sex
2093 3394 2275 3427 cubitorum

1243 3445 1273 3473 et
1288 3443 1470 3482 palmorum
1487 3446 1652 3483 quattuor.
