2320 3684
166 199 237 232 116

161 284 334 319 κατοικεῖν
366 279 399 316 ἐν
419 271 514 330 ᾧπερ
529 274 570 314 ἂν
582 273 677 326 τόπῳ
697 272 763 311 ὑπὸ
779 271 877 326 ζῴων
892 271 1021 327 ἀγρίων
1036 272 1188 325 ξενισθῇ,

160 337 294 385 πολλὴν
331 336 449 390 χώραν
483 333 624 372 διελθὼν
640 363 649 380 ,
686 331 827 384 ἐνέτυχε
854 330 972 375 λύκοις
1000 331 1187 387 προὸάτων

162 397 284 450 μοίρας
306 394 525 447 νεμομένοις·
550 393 582 430 οἵ
603 390 639 429 δὲ
663 390 902 444 θεωρήσαντες
922 390 1045 439 αὐτὸν,
1066 390 1088 428 ἃ
1107 393 1187 443 διῃ-

161 459 282 509 ροῦντο
305 451 544 498 ἀπολιπόντες,
553 449 692 503 ἔφυγον.
710 450 726 474 ³
745 448 895 500 Ἀθάμας
913 447 949 486 δὲ
979 449 1100 494 κτίσας
1123 449 1188 497 τὴν

159 514 297 567 χώραν,
326 508 559 562 Ἀθαμαντίαν
584 508 643 562 ἀφ’
673 509 798 546 ἑαυτοῦ
820 506 1101 562 προσηγόρευσε,
1129 508 1189 547 καὶ

159 559 276 624 γήμας
286 568 454 621 Θεμιστὼ
469 567 533 615 τὴν
545 566 696 621 Ὑψέως,
709 565 873 618 ἐγέννησε
884 565 1065 616 Λεύκωνα,
1078 566 1190 620 Ἔρυ-

159 634 251 684 θρον,
274 627 440 681 Σχοινέα,
463 629 602 666 Πτῶον.

214 691 263 740 (3)
284 688 436 741 Σίσυφος
453 686 488 725 δὲ
508 684 637 724 Αἰόλου
656 684 779 728 κτίσας
798 682 953 738 Ἐφύραν
969 683 1033 731 τὴν
1053 687 1114 723 νῦν
1132 686 1189 723 λε-

159 748 314 800 γομένην
346 746 540 800 Κόρινθον,
569 749 677 795 γαμεῖ
703 742 872 797 Μερόπην
901 742 966 790 τὴν
989 739 1187 787 Ἄτλαντος.

160 807 223 852 Ἓξ
244 808 357 844 αὐτῶν
378 810 460 847 παῖς
475 803 608 855 γίνεται
629 804 797 850 Γλαῦκος,
816 795 845 855 ᾧ
862 807 944 845 παῖς
957 801 1190 856 Βελλεροφόν-

159 881 221 912 της
239 864 273 909 ἐξ
296 861 503 918 Εὐρυμέδης
521 860 698 913 ἐγεννήθη·
719 860 755 904 ὃς
770 860 900 899 ἔκτεινε
916 859 980 908 τὴν
997 861 1188 915 πυρίπνουν

160 924 352 977 Χίμαιραν.
375 925 392 948 2
413 921 610 966 Κολάζεται
629 918 665 958 δὲ
685 920 837 973 Σίσυφος
860 921 895 958 ἓν
908 918 1012 977 ᾍδου
1028 951 1038 968 ,
1064 920 1189 974 πέτρον

159 988 234 1025 ταῖς
250 981 351 1036 χερσὶ
378 980 437 1019 καὶ
457 982 502 1032 τῇ
521 979 657 1032 κεφαλῇ
680 977 828 1026 κυλίων,
854 977 915 1016 καὶ
939 982 1060 1017 τοῦτον
1081 980 1188 1033 ὓπερ-

159 1041 301 1080 ὅάλλειν
320 1040 439 1079 θέλων·
458 1033 559 1081 οἶτος
577 1037 612 1076 δὲ
625 1036 818 1088 ὠθούμενος
837 1036 896 1075 ὑπ’
911 1038 1030 1084 αὐτοῦ,
1050 1038 1191 1076 ὠθεῖται

158 1099 264 1139 πάλιν
286 1100 333 1142 εἷς
352 1097 518 1137 τούπίσω.
551 1096 651 1135 Τίνει
676 1094 712 1134 δὲ
728 1094 861 1143 ταύτην
901 1094 962 1142 τὴν
992 1095 1091 1143 δίκην
1135 1095 1191 1134 διὰ

158 1159 222 1206 τὴν
238 1159 396 1198 Ἀσωποῦ
414 1155 587 1210 θυγατέρα
604 1154 761 1206 Αἴγιναν·
777 1154 986 1208 ἁρπάσαντα
1001 1153 1068 1208 γὰρ
1082 1154 1190 1202 αὐτὴν

103 1217 105 1219 ’
159 1218 275 1272 κρύφα
294 1217 361 1256 Δία
382 1217 530 1268 Ἀσωπῷ
548 1217 703 1266 μηνῦσαι
721 1216 881 1261 ζητοῦντι
896 1212 1047 1264 λέγεται.

215 1278 264 1328 (4)
277 1274 395 1324 Δηϊὼν
413 1274 448 1312 δὲ
465 1271 658 1326 βασιλεύων
673 1275 735 1318 τῆς
747 1271 1113 1322 Φωκίδος,Διομήδην
1127 1270 1190 1318 τὴν

159 1335 296 1374 Ξούθου
314 1339 441 1386 γαμεῖ,
463 1332 522 1371 καὶ
543 1333 638 1383 αὐτῷ
657 1330 790 1382 γίνεται
810 1330 964 1383 θυγάτηρ
985 1328 1048 1381 μὲν
1070 1330 1190 1368 Ἀστε-

160 1393 293 1448 ρόπεια·
314 1394 435 1435 παῖδες
460 1391 495 1429 δὲ
516 1390 677 1438 Αἰνετὸς,
698 1386 847 1442 Ἄκτωρ,
866 1388 1051 1435 Φύλακος,
1068 1387 1192 1442 Κέφα-

159 1455 228 1499 λος,
243 1452 278 1496 ὃς
293 1458 399 1503 γαμεῖ
416 1450 572 1504 Πρόκριν
587 1447 650 1495 τὴν
663 1446 862 1501 Ἐρεχθέως
874 1463 882 1470 ·
901 1441 999 1490 αῧθις
1012 1446 1049 1485 δὲ
1066 1450 1088 1494 ἡ
1100 1446 1193 1490 Ἠὼς

159 1512 261 1550 αὐτὸν
282 1510 429 1564 ἁρπάζει
447 1511 644 1561 ἐρασθεῖσα.

212 1572 262 1621 (5)
285 1568 463 1623 Περιήρης
480 1566 515 1606 δὲ
534 1565 725 1612 Μεσσήνην
743 1562 948 1616 κατασχὼν,
970 1564 1190 1619 Γοργοφόνην

157 1629 220 1676 τὴν
244 1627 407 1682 Περσέως
426 1626 577 1678 ἔγημεν,
603 1624 637 1670 ἐξ
654 1618 696 1671 ἧς
720 1621 885 1677 Ἀφαρεὺς
905 1624 1000 1676 αὐτῷ
1018 1623 1078 1661 καὶ
1099 1622 1191 1661 Λεύ-

158 1702 286 1730 κιππος
314 1685 374 1723 καὶ
401 1683 627 1737 Τυνδάρεως,
657 1677 709 1721 ἔτι
730 1698 768 1720 τε
790 1682 939 1736 Ἰκάριος
961 1682 1081 1725 παῖδες
1112 1680 1193 1732 ἐγέ-

145 1751 268 1784 ’νοντο.
301 1743 435 1783 Πολλοὶ
457 1742 493 1781 δὲ
518 1743 576 1781 τὸν
597 1741 777 1795 Περιήρην
797 1740 957 1793 λέγουσιν
981 1741 1044 1778 οὐκ
1064 1739 1193 1779 Αἰόλου

158 1806 288 1853 παῖδα,
315 1803 405 1842 ἀλλὰ
434 1802 596 1856 Κυνόρτα
617 1805 679 1839 τοῦ
708 1798 878 1851 Ἀμύκλα·
899 1798 1019 1852 διόπερ
1043 1796 1088 1836 τὰ
1113 1798 1193 1851 περὶ

159 1866 227 1902 τῶν
262 1862 439 1917 Περιήρου
475 1861 626 1912 ἐκγόνων
652 1861 686 1897 ἓν
706 1861 757 1911 τῷ
778 1858 989 1910 Ἀτλαντικῷ
1017 1856 1108 1909 γένει
1129 1857 1194 1905 δη-

160 1921 332 1974 λώσομεν.

213 1982 262 2032 (6)
276 1979 426 2031 Μάγνης
446 1977 482 2016 δὲ
499 1977 626 2016 Αἰόλου
640 1981 746 2028 γαμεῖ
763 1974 902 2028 νύμφην
923 1974 1053 2022 Νηΐδα,
1070 1973 1194 2034 καὶγί-

158 2055 276 2078 νονται
322 2040 418 2090 αὐτῷ
441 2037 560 2080 παῖδες
602 2033 824 2081 Πολυδέκτης
845 2034 904 2072 καὶ
926 2032 1062 2076 Δίκτυς.
1084 2035 1194 2071 Οὗτοι

161 2098 310 2152 Σέριφον
331 2097 480 2151 ᾤκισαν.

214 2159 264 2208 (7)
283 2154 495 2207 Σαλμωνεὺς
518 2153 553 2192 δὲ
572 2154 612 2193 τὸ
633 2151 696 2204 μὲν
725 2154 862 2206 πρῶτον
889 2150 965 2204 περὶ
991 2149 1193 2190 Θεσσαλίαν

159 2215 322 2269 κατῴκει·
341 2213 622 2269 παραγενόμενος
637 2211 675 2250 δὲ
693 2206 790 2254 αὖθις
803 2212 851 2254 εἷς
867 2204 988 2258 ῗἨλιν,
1006 2211 1077 2248 ἐκεῖ
1090 2207 1192 2247 πόλιν

160 2275 307 2314 ἔκτισεν.
328 2272 520 2328 Ὑέριστὴς
539 2272 576 2310 δὲ
595 2270 663 2320 ὢν,
690 2270 750 2308 καὶ
768 2272 819 2323 τῷ
839 2269 897 2308 Διὶ
917 2267 1113 2313 ἐξισοῦσθαι
1133 2265 1193 2304 θέ-

159 2337 253 2383 λων,
283 2333 339 2372 διὰ
367 2332 431 2379 τὴν
452 2331 615 2370 ἀσέὸειαν
638 2327 823 2376 ἐκολάσθη·
852 2327 950 2378 ἔλεγε
974 2326 1042 2380 γὰρ
1071 2325 1191 2364 ἑαυτὸν

161 2386 249 2432 εἶναι
267 2392 334 2431 Δία
347 2423 357 2440 ,
375 2392 434 2430 καὶ
455 2391 516 2434 τὰς
535 2390 668 2428 ἐκείνου
686 2387 898 2442 ἀφελόμενος
914 2386 1034 2429 θυσίας
1046 2417 1055 2434 ,
1078 2386 1193 2438 ἑαυτῷ

160 2451 380 2507 προσέτασσε
413 2449 518 2488 θύειν·
545 2449 606 2487 καὶ
640 2447 769 2501 βύρσας
795 2445 858 2497 μὲν
887 2443 1132 2498 ἐξηραμμένας
1160 2442 1194 2488 ἐξ

161 2513 315 2567 ἅρματος
334 2509 423 2563 μετὰ
439 2508 597 2555 λεὸήτων
615 2509 758 2560 χαλκῶν
777 2504 905 2559 σύρων,
920 2504 1017 2555 ἔλεγε
1035 2505 1193 2557 βροντᾷν·

163 2571 302 2623 βάλλων
328 2569 364 2608 δὲ
391 2570 438 2612 εἷς
462 2566 606 2620 οὐρανὸν
635 2563 821 2616 αἰθομένας
842 2562 1052 2614 λαμπάδας,
1076 2560 1193 2612 ἔλεγεν

162 2630 389 2684 ἀστράπτειν.
429 2626 516 2670 Ζεὺς
548 2625 585 2664 δὲ
615 2623 718 2663 αὐτὸν
752 2621 975 2676 κεραυνώσας
989 2651 999 2669 ,
1030 2619 1093 2667 τὴν
1119 2635 1194 2657 κτι-

162 2694 302 2728 σθεῖσαν
330 2688 388 2727 ὓπ’
403 2689 508 2726 αὐτοῦ
533 2685 635 2724 πόλιν
659 2683 720 2722 καὶ
745 2681 824 2725 τοὺς
843 2680 1027 2733 οἰκήτορας
1045 2678 1195 2732 ἠφάνισε

162 2749 306 2792 πάντας.

218 2808 268 2858 (8)
289 2804 396 2859 Τυρὼ
411 2803 447 2842 δὲ
460 2806 483 2850 ἡ
497 2799 721 2853 Σαλμωνέως
743 2796 896 2850 θυγάτηρ
915 2795 975 2835 καὶ
986 2794 1195 2844 Ἀλκιδίκης,

163 2865 258 2919 παρὰ
290 2867 425 2918 Κρηθεῖ
460 2865 510 2915 τῷ
546 2857 770 2910 Σαλμωνέως
803 2857 942 2909 ἀδελφῷ
977 2852 1171 2907 τρεφομένη
1185 2883 1195 2902 ,

164 2923 277 2977 ἔρωτα
296 2923 390 2976 ἴσγει
410 2919 583 2963 Ἐνιπέως
598 2921 659 2956 τοῦ
674 2919 836 2967 ποταμοῦ
850 2930 858 2939 ·
883 2913 943 2952 καὶ
963 2914 1117 2965 συνεχῶς
1138 2911 1195 2950 ἐπὶ

164 2983 208 3020 τὰ
227 2969 360 3020 τούτου1
376 2984 492 3034 ῥεῖθρα
517 2979 692 3032 φοιτῶσα,
717 2973 851 3018 τούτοις
873 2971 1086 3026 ἀπωδύρετο.
1116 2972 1196 3009 Πο-

165 3042 287 3078 σειδῶν
309 3040 344 3078 δὲ
366 3038 537 3081 εἰκασθεὶς
566 3037 725 3083 Ἐνιπεῖ,
755 3030 1011 3085 συγκατεκλίθη
1039 3030 1144 3081 αὐτῇ·
1172 3031 1194 3075 ἡ

167 3098 202 3136 δὲ
219 3098 418 3150 γεννήσασα
432 3096 548 3150 κρύφα
566 3094 728 3146 διδύμους
743 3092 870 3134 παῖδας
881 3088 1068 3136 ἐκτίθησιν.
1078 3088 1094 3112 2
1113 3087 1197 3126 Ἐκ-

166 3156 335 3207 κειμένων
368 3156 404 3193 δὲ
438 3158 507 3194 τῶν
538 3156 672 3208 βρεφῶν
684 3182 694 3200 ,
725 3150 922 3205 παριόντων
954 3145 1195 3200 ἵπποφορὸῶν,

166 3214 272 3258 ἵππος
283 3214 346 3266 μία
359 3212 618 3267 προσαψαμένη
632 3214 675 3263 τῇ
690 3212 785 3263 χηλῇ
801 3207 946 3262 θατέρου
957 3208 1026 3245 τῶν
1046 3206 1195 3258 βρεφῶν,

167 3272 287 3311 πέλιόν
306 3288 341 3310 τι
360 3275 420 3309 τοῦ
440 3270 629 3323 προσώπου
651 3270 754 3323 μέρος
770 3267 946 3314 ἐποίησεν.
968 3265 1012 3304 Ὁ
1030 3263 1067 3302 δὲ
1086 3265 1196 3301 ἱππο-

168 3331 293 3386 <popae
322 3330 536 3383 ἀμφοτέρους
559 3327 637 3371 τοὺς
669 3328 798 3370 παῖδας
825 3323 1031 3375 ἀνελόμενος
1057 3321 1195 3375 ἔθρεψε,

170 3390 227 3428 καὶ
245 3389 303 3427 τὸν
325 3388 386 3439 μὲν
404 3386 618 3425 πελιωθέντα
630 3385 760 3424 Πελίαν
779 3383 937 3429 ἐκάλεσε,
956 3381 1014 3419 τὸν
1029 3379 1064 3418 δὲ
1081 3380 1195 3433 ἕτερον

786 186 1161 226 ΑΠΟΛΛΟΔΩΡΟΥ
1192 187 1534 228 ΒΙΒΛΙΟΘΗΚΗΣ
1563 191 1608 237 Α,
1637 186 1682 227 θ’.

1245 282 1284 306 eo
1299 274 1332 306 in
1348 274 1419 306 loco
1438 275 1548 307 sedem
1561 275 1822 307 constituendam
1839 284 1911 308 esse
1922 299 1931 315 ,
1954 275 2010 308 ubi
2032 277 2073 308 ab
2091 278 2269 318 agrestibus

1246 321 1440 353 animalibus
1458 322 1599 363 hospitio
1616 323 1829 364 exciperetur.
1853 323 1916 360 Qui
1932 331 2034 363 quum
2057 325 2197 357 multum
2209 328 2270 357 ter·

1246 377 1354 399 rarum
1374 372 1596 409 peragrasset,
1620 369 1737 401 obvius
1759 370 1863 402 sactus
1885 372 1935 402 est
1949 369 2033 410 lupis
2046 394 2056 410 ,
2076 371 2132 412 q'ui
2157 371 2270 404 ovium

1245 416 1353 455 partes
1369 414 1583 456 devorabant;
1607 417 1664 449 sed
1680 416 1735 448 ubi
1748 416 1839 448 illum
1857 420 2102 458 conspexerant,
2119 427 2193 459 quae
2208 418 2270 451 dis·

1246 461 1464 502 pertiebantur
1479 462 1610 504 relictis,
1630 463 1662 494 in
1679 463 1790 504 fugam
1816 472 1886 496 sese
1906 463 2074 496 dederunt.
2103 465 2271 498 ⁵Athamas

1246 517 1324 540 vero
1341 509 1387 541 ibi
1399 509 1490 542 sedes
1505 509 1567 541 sibi
1582 511 1712 550 sumsit,
1730 513 1762 542 et
1775 513 1892 543 terram
1910 519 1928 542 a
1938 519 1972 542 se
1987 511 2169 544 nominavit
2180 513 2272 545 Atha·

1246 555 1415 588 mantiam.
1430 556 1551 588 Deinde
1563 557 1739 597 Themisto,
1754 558 1873 599 Hypsei
1884 558 1995 597 filiam,
2011 558 2108 591 duxit
2123 568 2269 599 uxorem,

1246 610 1288 682 ἓξ
1323 611 1424 644 eaque
1451 603 1562 644 genuit
1591 606 1777 637 Leuconem
1791 628 1801 644 ,
1824 605 2000 645 Erythrum
2015 628 2026 645 ,
2058 605 2272 644 Schoeneum,

1288 658 1376 681 oum.

1290 696 1336 737 (3)
1346 696 1516 738 Sisyphus,
1533 697 1614 730 AEoli
1629 697 1724 734 filius,
1740 699 1871 731 condita
1884 699 2029 740 Ephyra,
2044 699 2098 730 cui
2110 707 2198 731 nunc
2212 701 2272 732 Go-

1247 755 1356 787 rintho
1373 757 1423 788 est
1439 765 1570 796 nomen,
1591 758 1755 798 Meropen,
1775 757 1912 790 Atlantis
1929 757 2040 798 tiliam,
2059 757 2121 790 sibi
2138 767 2273 790 uxorem

1248 815 1425 856 conjungit.
1449 816 1498 846 Ex
1522 815 1570 847 his
1593 817 1690 848 natus
1706 819 1755 848 est
1769 816 1912 848 Glaucus
1929 840 1937 856 ,
1960 816 2017 856 qui
2038 824 2079 848 ex
2092 816 2275 857 Eurymede

1249 871 1391 913 suscepit
1404 871 1680 914 Bellerophontem
1693 898 1702 914 ,
1717 882 1736 905 a
1750 882 1815 914 quo
1832 873 1995 914 ignivoma
2009 873 2171 906 Chimaera
2182 872 2275 906 inter-

1249 930 1332 963 fecta
1370 933 1430 963 est.
1446 933 1461 952 ²
1477 932 1615 964 Punitur
1638 940 1716 963 vero
1739 932 1896 972 Sisyphus
1922 931 2009 972 apud
2027 930 2146 963 inferos
2175 930 2274 963 mani·

1249 987 1312 1019 bus
1326 988 1493 1029 capiteque
1510 997 1640 1020 sursum
1655 988 1790 1020 volvens
1804 996 1936 1028 saxum,
1953 987 2040 1028 quod
2054 1011 2064 1027 ,
2079 987 2136 1019 ubi
2153 987 2274 1020 montis

1249 1047 1474 1088 verticemjam
1489 1048 1714 1088 superaturum
1726 1049 1786 1086 est,
1800 1046 1963 1086 deintegro
1977 1045 2142 1086 repulsum
2156 1045 2198 1078 ad
2211 1046 2276 1077 ima

1253 1103 1448 1136 devolvitur.
1466 1105 1536 1136 Hoc
1551 1104 1578 1136 ei
1596 1103 1792 1146 supplicium
1810 1103 1968 1135 inflictum
1985 1106 2035 1135 est
2050 1105 2179 1144 propter
2194 1103 2275 1144 AEgi-

1250 1171 1337 1202 nam,
1352 1163 1450 1204 Asopi
1466 1163 1576 1202 filiam,
1591 1163 1679 1204 quod
1692 1163 1819 1202 Jovem,
1834 1163 1889 1203 qui
1902 1162 2014 1194 furtim
2029 1170 2101 1194 eam
2115 1163 2276 1202 rapuerat,

1251 1222 1359 1261 Asopo
1374 1220 1471 1252 filiam
1486 1221 1659 1262 vestiganti
1677 1221 1837 1253 indicasse
1850 1221 1961 1253 fertur.

1294 1278 1340 1318 (4)
1349 1278 1462 1318 Deion,
1473 1279 1626 1311 Phocidis
1638 1278 1902 1319 (Phthiotidem)
1911 1287 1979 1319 rex,
1993 1278 2170 1311 Diomeden
2177 1277 2278 1310 Xuthi

1251 1333 1350 1366 filiam
1373 1335 1462 1367 ducit
1483 1344 1620 1368 uxorem
1635 1359 1644 1376 ,
1668 1344 1742 1377 quae
1762 1335 1859 1368 tiliam
1881 1336 1910 1368 ei
1937 1336 2022 1377 parit
2043 1338 2250 1376 Asteropeam
2266 1359 2276 1375 ,

1252 1391 1336 1424 filios
1352 1395 1516 1434 AEnetum‚
1535 1395 1696 1434 Actorem‚
1713 1394 1903 1436 Phylacum,
1923 1394 2112 1436 Cephalum,
2130 1394 2186 1435 qui
2203 1396 2277 1426 Pro·
2315 1431 2318 1434 ,

1252 1451 1321 1483 crin
1332 1475 1342 1491 ,
1356 1452 1527 1485 Erechthei
1555 1452 1671 1492 filiam,
1694 1453 1728 1484 in
1755 1453 1998 1486 matrimonium
2025 1454 2146 1495 sumit,
2171 1454 2278 1496 ipsum
2316 1466 2320 1467 ⁷

1253 1518 1331 1542 vero
1345 1511 1430 1552 rapit
1442 1514 1568 1543 Aurora
1583 1520 1692 1544 amore
1706 1513 1775 1553 ejus
1790 1512 2000 1544 inflammata.

1296 1570 1343 1611 (5)
1355 1569 1496 1601 Perieres
1502 1572 1671 1602 Messenen
1686 1570 1835 1603 obtinens
1847 1580 1983 1604 uxorem
1993 1571 2087 1603 duxit
2096 1572 2279 1614 Gorgoplio-

1255 1649 1319 1673 nen
1331 1664 1340 1680 ,
1357 1640 1464 1673 Persei
1479 1640 1590 1680 filiam,
1611 1649 1650 1672 ex
1666 1649 1731 1681 qua
1746 1641 1926 1682 Aphareus,
1942 1642 2139 1683 Leucippus,
2151 1642 2277 1683 Tynda-

1253 1720 1341 1752 reus,
1356 1713 1473 1752 praeter
1492 1712 1551 1744 hos
1567 1712 1688 1744 Icarius
1710 1712 1767 1744 filii
1783 1712 1848 1744 nati
1861 1713 1949 1745 sunt.
1971 1712 2064 1745 Multi
2082 1722 2160 1745 vero
2176 1713 2279 1746 Perie-

1254 1791 1322 1815 rem
1335 1784 1482 1815 asserunt
1492 1791 1558 1814 non
1570 1782 1661 1815 AEolo
1677 1784 1796 1822 ortum,
1814 1783 1871 1815 sed
1881 1785 2024 1824 Cynorta
2037 1783 2181 1824 Amycloe
2198 1783 2277 1815 filio.

1254 1853 1360 1890 Quare
1371 1861 1444 1894 quae
1457 1853 1497 1885 de
1510 1852 1644 1885 Perieris
1657 1853 1808 1894 progenie
1821 1853 2003 1893 traduntur,
2016 1853 2072 1885 ubi
2085 1853 2125 1886 ad
2139 1848 2279 1886 Atlantis

1254 1932 1354 1965 genus
1370 1925 1561 1964 perventum
1576 1922 1648 1963 erit,
1666 1931 1876 1964 exponemus.

1297 1981 1342 2023 (6)
1350 1983 1493 2022 Magnes,
1504 1981 1586 2014 AEoli
1599 1980 1694 2022 tilius,
1707 1990 1840 2014 uxorem
1848 1981 2077 2014 ducitNaidem
2087 1981 2277 2023 nympham,

1254 2043 1348 2084 eique
1362 2043 1419 2075 filii
1434 2043 1502 2075 nati
1513 2043 1785 2084 suntPolydectes
1796 2051 1834 2075 ac
1849 2042 1973 2084 Dictys3
1988 2043 2045 2084 qui
2059 2042 2093 2074 in
2109 2042 2278 2083 Seriphum

1255 2102 1395 2134 insulam
1411 2102 1573 2133 coloniam
1589 2101 1804 2134 deduxerunt.

1298 2161 1344 2202 (7)
1368 2161 1557 2193 Salmoneus
1575 2160 1680 2201 primo
1703 2160 1833 2200 quidem
1853 2159 1886 2191 in
1909 2159 2075 2192 Thessalia
2089 2159 2278 2198 habitabat,

1253 2222 1328 2261 post
1345 2228 1422 2252 vero
1438 2220 1471 2251 in
1491 2219 1616 2251 Elidem
1635 2218 1796 2260 profectus
1820 2218 1934 2250 urbem
1964 2218 2010 2250 ibi
2039 2218 2194 2251 condidit.
2215 2218 2279 2256 Qui

1254 2287 1355 2320 quum
1372 2278 1545 2310 insolenter
1561 2286 1631 2310 sese
1646 2278 1780 2318 gereret,
1796 2285 1895 2318 seque
1905 2276 1979 2309 Jovi
1991 2276 2154 2318 adaequari
2170 2278 2278 2318 vellet,
2309 2315 2320 2331 γ’,

1255 2346 1323 2370 suae
1339 2337 1442 2378 ipsius
1458 2336 1633 2378 impietatis
1647 2345 1759 2377 poenas
1779 2335 1850 2368 luit.
1871 2335 1999 2368 Etenim
2022 2343 2057 2368 se
2078 2337 2194 2368 Jovem
2208 2345 2280 2370 esse
2306 2346 2310 2350 ’

1255 2396 1476 2438 praedicabat,
1496 2398 1528 2428 et
1543 2404 1617 2437 quae
1631 2395 1677 2428 illi
1693 2395 1835 2427 dedicari
1852 2394 1998 2427 solebant
2015 2421 2025 2436 ,
2041 2404 2079 2427 ea
2106 2395 2167 2428 sibi
2187 2405 2280 2428 sacra
2307 2423 2310 2426 .

1254 2454 1363 2486 offerri
1377 2453 1521 2494 jubebat.
1536 2454 1641 2493 Atque
1656 2453 1742 2484 coria
1757 2452 1907 2484 indurata
1919 2460 1994 2483 cum
2009 2451 2168 2484 lebetibus
2180 2453 2280 2486 aeneis

1254 2520 1294 2543 ex
1313 2519 1409 2542 curru
1426 2518 1583 2551 suspensa
1598 2518 1654 2550 per
1668 2510 1804 2541 humum
1817 2516 1949 2541 verrens
1965 2508 2107 2541 tonitrua
2127 2517 2163 2542 se
2177 2509 2280 2542 conci·
2299 2509 2310 2548 {2

1255 2572 1340 2610 tare,
1357 2570 1389 2602 et
1410 2568 1558 2600 ardentes
1583 2568 1669 2600 faces
1698 2567 1730 2599 in
1754 2567 1872 2599 coelum
1891 2566 2037 2608 jaculans
2059 2567 2219 2608 fulgurare
2244 2577 2280 2601 se

1255 2627 1433 2660 dictitabat.
1452 2626 1515 2658 Sed
1537 2626 1664 2667 Jupiter
1689 2626 1797 2667 ipsum
1813 2625 1949 2657 fulmine
1961 2625 2090 2665 occidit,
2102 2625 2290 2667 urbemque·

1255 2687 1296 2719 ab
1325 2695 1363 2718 eo
1385 2685 1566 2723 conditam,
1588 2684 1756 2716 exstinctis
1778 2684 1906 2716 civibus
1918 2683 2088 2723 omnibus,
2110 2684 2180 2716 solo
2200 2693 2302 2717 exat-2

1254 2744 1378 2786 quavit.

1299 2802 1344 2842 (8)
1368 2803 1471 2842 Tyro,
1488 2800 1646 2832 Salmonei
1669 2808 1709 2831 ex
1726 2798 1865 2831 Alcidice
1880 2798 1945 2830 filia
1958 2823 1968 2839 ‚
1985 2807 2086 2839 quum
2102 2798 2188 2839 apud
2206 2800 2301 2834 (Ζωι-

1256 2867 1376 2902 tticum,
1388 2865 1547 2898 Salmonei
1559 2865 1702 2904 fratrem,
1715 2864 1863 2903 aleretur,
1877 2863 1990 2904 Enipei
2003 2863 2095 2896 fluvii
2108 2871 2218 2895 amore
2231 2854 2281 2895 af>-

1255 2940 1353 2964 censa
1367 2933 1424 2966 est,
1440 2932 1472 2962 et
1485 2929 1525 2962 ad
1542 2929 1659 2961 ssuctus
1681 2929 1750 2969 ejus
1773 2936 1899 2968 semper
1918 2927 2072 2959 accedens
2087 2911 2303 2970 lamentabit-„¹3

1255 2998 1319 3029 tur.
1346 2998 1467 3028 Verum
1504 2995 1674 3035 Neptunus
1701 2994 1846 3025 assumta
1875 2991 1989 3032 Enipei
2017 2991 2119 3022 forma
2142 2999 2219 3023 cum
2244 2981 2299 3039 eas

1256 3060 1442 3093 concubuit.
1460 3061 1538 3091 Haec
1552 3059 1661 3090 autem
1675 3057 1819 3098 geminos
1833 3055 2014 3088 clanculum
2026 3054 2148 3096 peperit
2162 3061 2295 3106 eosquej

1255 3124 1415 3166 exposuit.
1439 3122 1571 3155 2Pueris
1583 3121 1741 3163 expositis
1756 3123 1788 3153 et
1801 3121 1940 3161 equariis
1955 3118 2140 3161 pastoribus
2152 3119 2280 3159 praeter·
2287 3139 2295 3162 ⁴.

1254 3188 1420 3228 euntibus,
1434 3195 1592 3228 equarum
1613 3195 1679 3218 una
1694 3194 1795 3226 quum
1815 3184 1989 3217 infantium
2008 3183 2145 3216 alterum
2160 3181 2305 3228 unqu

1255 3252 1429 3294 tetigisset,
1447 3251 1539 3284 faciei
1554 3253 1677 3292 partem
1695 3250 1828 3282 lividam
1849 3249 1999 3281 reddidit.
2026 3250 2110 3281 Tum
2129 3235 2291 3289 equariue}

1255 3317 1392 3349 infantes
1407 3316 1520 3348 ambos
1534 3315 1676 3356 suscepit
1691 3313 1836 3353 alendos,
1857 3315 1889 3345 et
1906 3313 1958 3345 cui
1972 3312 2073 3345 livida
2087 3314 2156 3344 erat
2169 3310 2289 3356 faciesg
2319 3353 2320 3360 ἶ

1255 3380 1376 3413 Peliam
1397 3379 1503 3421 (qnasi
1520 3380 1654 3411 Livium
1671 3376 1823 3417 dixeris),
1841 3376 1976 3408 alterum
1993 3376 2125 3408 Neleum
2147 3373 2286 3416 appellabv
2317 3370 2320 3436 )
