2320 3684
143 159 191 191 66

494 245 813 284 ΑΙΓΥΠΤΙΑΚΑ.

195 316 353 354 Photius
373 316 457 353 cod.
475 316 609 365 161,p.
632 329 702 362 ¹77
718 343 729 361 ‚
747 315 768 352 3
792 315 852 353 ed.
873 317 1064 356 Hoeschel.
1088 318 1168 356 sive

94 392 97 396 ·
143 389 180 426 p.
210 381 295 422 ¹04,
326 388 370 412 ιο
392 374 520 422 Bekk„
549 373 616 411 ubi
642 373 720 424 agit
737 373 786 411 de
804 376 959 425 Sopatri
977 376 1169 427 Sophistae

142 434 300 484 ἐκλογαῖς
342 431 534 486 διαφόροις,
582 445 645 470 eas
693 432 787 470 dicit
824 435 1057 485 compositas
1087 449 1168 474 esse

143 492 183 529 ἐκ
210 493 278 529 τῶν
312 490 448 538 Αἰλίου,
469 489 513 527 δι’
535 482 583 527 ὧν
610 490 780 540 (Bekker.
817 490 939 531 Αἰλίου
970 491 1069 545 Δίου)
1088 494 1167 548 περὶ

143 547 416 602 Ἀλεξανδρείας·
437 547 497 586 καὶ
518 549 557 586 ἐκ
572 550 642 587 τῶν
666 551 918 601 Αἰγυπτιακῶν
939 550 1166 591 Ἑλλανίκου·

143 607 186 645 δι’
209 601 256 644 ὧν
286 606 416 658 μυθικά
435 622 474 645 τε
499 606 559 645 καὶ
588 607 820 659 πλασματικὰ
842 608 957 648 πολλὰ
982 610 1167 658 συλλέξας,

142 665 201 703 καὶ
222 665 370 718 διάφορα
393 664 494 720 ἕτερα
507 694 517 712 ,
539 666 586 709 εἷς
600 665 640 705 τὸ
667 666 765 711 τέλος
779 671 840 706 τοῦ
864 666 965 707 ἕκτου
985 668 1089 722 λόγου
1104 686 1169 708 κα-

141 739 332 771 ταντησεις.

618 790 704 830 148.

195 858 290 900 Quae
304 868 348 892 ex
370 855 535 892 Arriano
558 855 598 892 in
618 855 779 894 Dissert.
800 857 962 907 Epictet.
978 859 1027 903 Π,
1053 871 1113 907 19,
1132 864 1169 895 et

142 912 243 962 apud
265 913 362 951 Gell.
384 916 430 951 N.
447 917 491 951 A.
507 918 546 961 I,
573 915 825 966 12‚apposuit
853 915 1045 962 Sturzius,
1067 915 1170 953 dele—

141 971 292 1009 vimus:
315 985 392 1009 non
425 973 527 1010 euim
557 973 663 1024 quod
692 974 769 1011 illic
797 974 939 1012 dicitur
961 973 1169 1018 Ἑλλάνικος

141 1026 253 1079 λέγειν
274 1029 309 1067 ἓν
330 1035 400 1073 τοῖς
412 1031 682 1082 Αἰγυπτιακοῖς,
701 1031 911 1070 historicus
931 1032 1085 1083 scripsit
1100 1046 1168 1070 un-

141 1100 271 1137 quam,
292 1088 359 1126 sed
380 1089 510 1127 stoicis
529 1089 680 1140 placitis
703 1089 806 1127 hunc
837 1098 972 1128 testem
991 1090 1097 1128 dedit
1119 1091 1166 1129 ad

140 1145 380 1185 illudendum
403 1147 682 1187 adversarium.

193 1276 399 1314 Athenaeus
411 1280 481 1323 XI,
491 1290 528 1328 p.
541 1277 561 1314 4
571 1290 633 1324 70,
642 1280 677 1314 D
689 1292 697 1314 :
709 1275 912 1320 Ἑλλάνικος
927 1278 963 1315 ἐν
976 1279 1171 1329 Αἰγυπτια-

141 1339 212 1377 κοῖς
232 1333 341 1379 οῧτως
357 1334 500 1389 γράφει·
520 1352 535 1368 «
552 1334 752 1386 Αἰγυπτίων
778 1336 813 1372 ἐν
839 1340 910 1379 τοῖς
934 1334 1040 1378 οἴκοις
1058 1341 1170 1373 κεῖται

142 1392 250 1446 φιάλη
270 1395 408 1446 χαλκῆ,
428 1394 489 1432 καὶ
505 1393 630 1437 κύαθος
648 1395 822 1446 χαλκοῦς,
839 1393 899 1432 καὶ
918 1394 1059 1440 ἠθάνιον
1075 1393 1170 1446 χάλ-

141 1466 229 1489 κεον.
247 1470 262 1484 »

616 1512 700 1550 150.

195 1571 400 1608 Athenaeus
421 1574 508 1617 XV,
529 1584 567 1622 p.
590 1573 689 1621 679,
715 1575 766 1608 F:
787 1570 876 1624 Περὶ
897 1569 933 1608 δὲ
954 1573 1024 1609 τῶν
1043 1571 1079 1609 ἐν
1098 1572 1168 1610 Αἰ-

143 1627 264 1682 γύπτῳ
288 1628 342 1667 ἀεὶ
367 1628 562 1668 ἀνθούντων
592 1628 772 1684 στεφάνων
801 1629 1009 1673 Ἑλλάνικος
1034 1631 1069 1668 ἐν
1102 1635 1171 1674 τοῖς

143 1689 395 1738 Αἰγυπτιακοῖς
413 1686 502 1726 οὕτω
519 1687 655 1743 γράφει·
677 1706 692 1723 α
708 1687 818 1732 Πόλις
836 1689 1067 1740 ἐπιποταμίη,
1087 1689 1172 1728 Τίν-

143 1746 214 1784 διον
231 1745 353 1798 ὅνομα.
373 1745 473 1795 Αὕτη
491 1750 576 1785 θεῶν
599 1747 767 1800 ὁμήγυρις
781 1776 791 1795 ,
811 1747 872 1786 καὶ
889 1747 978 1800 ἱερὸν
999 1746 1091 1799 μέγα
1108 1748 1170 1787 καὶ

142 1804 245 1855 ἁγνὸν
264 1807 299 1844 ἓν
320 1806 410 1859 μέσῃ
436 1809 480 1854 τῆ
505 1805 604 1845 πόλει
631 1808 774 1853 λίθινον,
800 1806 861 1845 καὶ
880 1805 1026 1861 θύρετρα
1045 1806 1169 1845 λίθινα.

141 1863 244 1903 ’Έσω
263 1868 324 1903 τοῦ
342 1867 433 1919 ἱεροῦ
450 1865 599 1903 ἄκανθαι
614 1864 790 1918 πεφύκασι
811 1865 935 1904 λευκαὶ
955 1865 1015 1903 καὶ
1045 1865 1172 1917 μέλαι-

141 1939 210 1962 ναι.
234 1923 318 1962 Ἐπ’
335 1926 454 1968 αὐταῖς
468 1924 497 1962 δ’
517 1926 548 1962 οἳ
571 1923 734 1978 στέφανοι
750 1923 1000 1971 ἐπιὸέὸληνται
1019 1924 1092 1962 ἄνω
1110 1927 1172 1972 τῆς

141 1981 292 2021 ἀκάνθου
310 1986 371 2021 τοῦ
388 1983 509 2027 ἄνθους
524 1982 585 2021 καὶ
599 1985 692 2036 ῥοιῆς
711 1982 833 2027 ἄνθους
846 1982 907 2021 καὶ
927 1982 1086 2034 ἀμπέλου
1104 1999 1172 2022 πε-

142 2040 345 2093 πλεγμένοι.
368 2041 442 2080 Καὶ
462 2036 557 2080 οὗτοι
585 2041 638 2080 ἀεὶ
663 2041 835 2080 ἀνθέουσι.
866 2039 957 2086 Τοὺς
983 2041 1173 2095 στεφάνους

143 2099 310 2139 ἀπέθεντο
336 2102 367 2138 οἳ
392 2100 462 2139 θεοὶ
486 2101 521 2139 ἐν
549 2099 730 2154 Αἰγύπτῳ,
755 2099 944 2152 πυθόμενοι
976 2099 1171 2152 βασιλεύειν

144 2158 201 2197 τὸν
222 2159 356 2209 Βάὸυν,
377 2158 412 2203 ὅς
427 2161 500 2197 ἐστι
515 2161 548 2198 Τ
551 2159 657 2212 υφών.
671 2178 686 2194 »

622 2226 705 2263 151.

197 2288 403 2326 Atlienaeus
434 2290 519 2336 XV,
549 2303 586 2340 p.
607 2290 696 2338 680,
711 2292 739 2327 B
754 2303 762 2325 :
777 2287 820 2329 Ὁ
852 2287 887 2326 δὲ
920 2288 1172 2343 προειρημένος

143 2345 352 2390 Ἑλλάνικος
369 2347 428 2385 καὶ
450 2346 600 2398 Ἄμασιν
630 2346 807 2399 Αἰγύπτου
834 2349 1054 2400 βασιλεῦσαι,
1073 2348 1173 2386 ἰδιώ-

498 2509 818 2549 AEGYPTIACA.

186 2630 372 2664 Hellanicus
396 2631 431 2662 in
455 2581 742 2673 AEgyptiagisuiiaec
758 2631 894 2664 scribit:
915 2644 929 2659 ιι
948 2633 1173 2674 AEgyptiorum

145 2678 179 2711 in
191 2677 343 2710 domibus
361 2677 470 2710 videas
483 2678 623 2720 phialam
641 2687 764 2712 aeneam
775 2703 783 2719 ,
808 2679 965 2720 cyathum
978 2688 1125 2717 aeneum,
1142 2682 1175 2713 et

146 2725 311 2757 ethanium
327 2733 465 2758 aeneum.
485 2738 501 2753 υ

187 2833 236 2863 De
257 2831 385 2863 coronis
404 2831 531 2864 veroin
546 2834 688 2874 AEgypto
708 2840 835 2874 semper
857 2832 1049 2866 florentibus
1071 2832 1175 2865 Hella-

147 2878 239 2910 nicus
272 2878 304 2910 in
331 2878 530 2920 AEgyptiacis
551 2879 597 2912 ita
624 2879 757 2912 scribit:
775 2891 791 2907 «
810 2879 974 2921 Oppidum
996 2880 1038 2912 ad
1054 2879 1175 2912 flumen

149 2925 258 2965 situm,
276 2925 429 2958 Tindium
456 2926 598 2959 nornine.
623 2927 685 2959 Hic
706 2929 756 2959 est
780 2926 916 2959 deorum
940 2929 1122 2960 conventus
1144 2929 1176 2959 et

149 2973 304 3013 templum
320 2981 473 3013 magnum
486 2974 521 3006 et
533 2974 681 3006 sanctum
695 2973 727 3006 in
744 2973 854 3006 medio
864 2974 983 3015 oppido
995 2973 1174 3015 lapideum,

149 3019 181 3048 et
191 3019 292 3057 ponae
305 3018 448 3059 lapideae.
461 3021 549 3051 Intra
558 3019 717 3061 templum
729 3019 860 3051 arbores
870 3020 987 3051 acaciae
997 3022 1177 3051 nascuntur

151 3063 231 3095 albae
246 3067 278 3095 ct
290 3065 400 3105 nigrae.
426 3066 484 3098 His
499 3076 636 3108 superne
654 3067 816 3108 impositae
839 3075 968 3098 coronae
989 3075 1030 3098 ex
1049 3066 1178 3098 acanthi

152 3110 227 3141 flore
239 3114 269 3141 et
284 3112 358 3142 mali
371 3113 496 3152 punicae
510 3113 586 3146 ssore
599 3115 632 3147 et
643 3114 709 3146 vite
724 3122 817 3145 nexae
832 3123 840 3144 :
858 3121 1047 3154 semperque
1059 3113 1110 3144 hae
1124 3112 1177 3144 llo·

152 3158 232 3188 rent.
250 3159 393 3189 Coronas
410 3159 487 3191 istas
505 3160 722 3201 deposuerunt
737 3160 782 3192 dii
798 3160 832 3192 in
847 3162 998 3201 AEgypto,
1013 3168 1115 3201 quum
1136 3160 1179 3192 in-

151 3202 349 3236 tellexissent
362 3213 491 3245 regnare
505 3207 618 3248 Babyn
629 3231 637 3247 ,
660 3207 717 3248 qui
733 3209 784 3240 est
799 3208 948 3248 Typhon.

621 3268 707 3300 151.

195 3314 298 3350 Quem
312 3322 408 3355 supra
418 3323 489 3347 com
494 3318 743 3351 memoravimus
757 3319 942 3351 Hellanicus
951 3318 1061 3351 narrat
1070 3318 1180 3358 etiam,

153 3360 284 3392 Amasin
297 3383 306 3400 ,
322 3361 483 3401 privatum
499 3364 590 3396 initio
607 3365 833 3406 plebeiumque
861 3366 1037 3406 hominem,
1051 3365 1178 3407 AEgypti

879 153 1159 194 HELLANICI
1186 156 1515 199 FRAGMENTA.

1229 259 1290 290 την
1310 244 1394 283 ὄντα
1419 244 1477 283 καὶ
1506 247 1574 284 τῶν
1603 244 1778 298 τυχόντων
1807 244 1899 283 κατὰ
1922 245 1984 284 ’τὸν
2004 248 2142 299 πρῶτον
2161 246 2246 300 βίον,

1229 300 1284 339 διὰ
1302 302 1470 354 στεφάνου
1484 302 1635 357 δωρεὰν,
1651 303 1688 342 ὃν
1708 302 1862 357 ἔπεμψεν
1883 304 2012 342 ἀνθέων
2037 303 2248 357 πλεξάμενος

1227 362 1271 412 τῇ
1290 359 1366 414 ὥρᾳ
1391 361 1731 415 περικαλλεστάτων,
1751 361 1909 412 γενέθλια
1927 363 2141 402 ἐπιτελοῦντι
2165 365 2250 404 Ποι-

1227 417 1371 472 τάρμιδι
1400 422 1451 473 τῷ
1469 423 1532 467 τῆς
1555 419 1736 472 Αἰγύπτου
1755 421 1832 458 τότε
1866 419 2095 472 βασιλεύοντι.
2116 423 2248 460 Τοῦτον

1228 476 1297 530 γὰρ
1320 478 1470 524 ἡσθέντα
1496 481 1548 532 τῷ
1577 479 1699 517 κάλλει
1726 482 1787 516 τοῦ
1811 478 1993 532 στεφάνου,
2019 479 2079 518 καὶ
2101 479 2158 518 ἐπὶ
2182 480 2249 518 δεῖ-

1228 551 1312 575 πνον
1333 537 1479 576 καλέσαι
1495 537 1554 575 τὸν
1573 535 1736 589 Ἄμασιν,
1750 537 1810 575 καὶ
1829 536 1919 588 μετὰ
1931 541 2043 576 ταῦτα
2054 540 2126 576 τῶν
2141 537 2250 592 φίλων

1229 593 1289 633 ἕνα
1310 595 1412 634 αὐτὸν
1431 595 1555 648 ἔχοντα
1586 595 1765 650 ἐκπέμψαι
1778 595 1863 634 ποτὲ
1886 596 1947 634 καὶ
1963 596 2170 650 στρατηγὸν,
2187 598 2250 636 Αἰ-

1228 653 1384 705 γυπτίων
1409 656 1503 709 αὐτῷ
1522 654 1780 706 πολεμούντων,
1804 655 1860 707 ὑφ’
1882 648 1929 692 Ii’w
1952 653 2010 693 διὰ
2034 653 2075 694 τὸ
2092 659 2153 694 τοῦ
2175 657 2252 695 Πα-

1228 710 1395 766 τάρμιδος
1421 719 1520 764 μῖσος
1543 715 1786 766 ἀποφανθῆναι
1802 712 1959 765 βασιλέα.

1281 824 1458 875 Antigon.
1487 829 1635 876 Caryst.
1658 825 1755 864 Hist.
1774 824 2007 862 mirabilium
2027 838 2059 863 c.
2091 829 2164 875 ¹39
2193 838 2250 876 sq.

1232 881 1320 932 (vol.
1347 885 1419 921 VII
1442 886 1547 934 opp.
1578 884 1739 921 Meursii
1765 897 1801 934 p.
1833 883 1897 930 54)
1919 881 2152 927 τἝλλάνικος
2178 883 2209 922 δ’
2235 887 2254 922 ὁ

1229 938 1377 984 Λέσὸιος
1396 935 1430 979 ἐν
1450 941 1590 989 Θήὸαις
1607 947 1682 985 ταῖς
1706 940 1912 993 Αἰγυπτίαις
1931 943 2061 994 ἱστορεῖ
2082 940 2255 989 σπήλαιον

1229 999 1264 1036 ἓν
1289 998 1400 1046 ἄστει,
1419 1000 1497 1038 καθ’
1516 999 1535 1039 ὃ
1551 995 1639 1039 εἶναι
1663 999 1724 1044 τὰς
1751 999 1814 1051 μὲν
1835 1001 2046 1053 τριακάδας,
2065 999 2255 1052 νηνεμίαν·

1229 1056 1288 1100 τὰς
1307 1057 1336 1095 δ’
1355 1057 1463 1102 ἄλλας
1475 1058 1628 1113 ἡμέρας,
1643 1060 1782 1111 ἄνεμον.
1806 1059 1913 1104 Δόξαι
1929 1060 1960 1097 δ’
1980 1058 2205 1104 ἀνεξέταστόν
2221 1075 2257 1098 τι

1229 1114 1321 1167 ἔχειν
1333 1117 1394 1155 καὶ
1405 1117 1715 1171 δυσπαρατήρητον
1725 1122 1747 1166 ἡ
1758 1117 1898 1169 ἐκλογὴ,
1909 1117 2068 1171 καθάπερ
2076 1120 2094 1156 ὁ
2106 1118 2258 1171 Εὔριπος

1228 1179 1304 1216 ταῖς
1319 1173 1485 1224 ἑὸδόμαις
1502 1177 1539 1213 οὐ
1558 1174 1755 1230 στρέφεται·
1774 1174 1837 1214 καὶ
1856 1175 1910 1214 ὅτι
1929 1178 1960 1214 οἱ
1981 1174 2162 1229 μύρμηκες
2181 1191 2257 1214 νου-

1223 1231 1370 1283 μηνίαις
1391 1232 1642 1274 ἀναπαύονται.

1285 1309 1299 1324 «
1314 1294 1374 1329 De
1397 1292 1519 1342 priori
1539 1292 1655 1344 hujus
1674 1293 1749 1330 loci
1768 1300 1890 1343 parte,
1905 1306 2028 1343 usque
2045 1293 2094 1330 ad
2114 1291 2257 1344 ἄνεμον,

1230 1350 1419 1387 consentit
1431 1363 1518 1388 cum
1528 1351 1727 1389 Hellanico
1742 1351 1995 1389 Callimachus
2009 1352 2113 1403 apud
2122 1353 2257 1403 steph.

1231 1410 1319 1457 Byz.
1341 1407 1381 1444 in
1407 1422 1442 1446 v.
1468 1407 1595 1456 Θήὸη,
1611 1407 1715 1449 Κατὰ
1733 1407 1795 1453 τὰς
1813 1408 2008 1461 Αἰγυπτίας
2027 1409 2174 1462 Θήὸας,
2195 1413 2258 1449 in-

1231 1466 1380 1517 quiens,
1410 1465 1485 1505 ἔστι
1521 1467 1709 1515 σπήλαιον,
1734 1467 1754 1506 ὃ
1780 1474 1856 1511 ταῖς
1877 1466 1940 1520 μὲν
1964 1468 2086 1512 ἄλλαις
2111 1468 2260 1523 ἡμέραις

1230 1529 1426 1582 πληροῦται
1457 1526 1608 1579 ἀνέμου·
1635 1525 1727 1565 κατὰ
1753 1525 1790 1565 δὲ
1814 1525 1876 1570 τὰς
1901 1525 2092 1580 τριακάδας
2113 1529 2152 1566 οὗ
2180 1533 2258 1566 πνεῖ

1229 1589 1421 1632 παντελῶς.
1439 1590 1536 1634 Quae
1568 1586 1708 1624 deinde
1734 1594 1963 1636 sequuntur,
1987 1585 2124 1624 dubito
2143 1600 2191 1624 an
2210 1587 2259 1625 ad

1232 1647 1472 1684 Hellanicum
1514 1654 1700 1696 tanquam
1741 1644 1790 1682 ad
1829 1653 2027 1683 auctorem
2058 1645 2260 1684 referenda

1231 1706 1320 1751 sint,
1343 1705 1462 1742 immo
1490 1713 1586 1756 puto
1615 1703 1798 1755 Antigoni
1821 1702 1937 1740 verba
1967 1717 2064 1752 esse,
2085 1711 2123 1741 et
2144 1717 2259 1742 voca-

1230 1763 1325 1801 bulo
1353 1762 1481 1814 ἐκλογὴ
1502 1763 1610 1801 illum
1635 1763 1765 1813 ipsum
1785 1762 1975 1800 Hellanici
1993 1762 2119 1800 locum
2144 1763 2260 1801 intel-

1233 1825 1313 1874 ligi,
1334 1823 1383 1861 ad
1403 1837 1517 1874 quem
1537 1823 1810 1861 illustrandum
1829 1823 1966 1860 similia
1981 1823 2118 1861 afferat
2139 1823 2259 1862 mira—

1231 1882 1366 1920 bilium
1386 1883 1564 1933 scriptor.
1582 1900 1597 1916 »
1613 1883 1732 1919 Stat-z.

1707 1939 1792 1977 153.

1285 1997 1410 2044 Etym.
1429 1997 1479 2031 M.
1500 1993 1709 2048 εἘρεμὸοὶ,
1727 1994 1758 2031 οἳ
1777 1990 1942 2046 Ἀραὸες.
1961 2022 1969 2029 .
1987 2022 1996 2030 .
2015 1991 2210 2047 Ἐρεμὸοὺς
2228 1994 2260 2032 οἱ

1233 2051 1296 2103 μὲν
1326 2052 1404 2097 τοὺς
1430 2051 1585 2105 Ἄραὸας
1614 2052 1741 2106 φασὶν,
1770 2055 1817 2097 ὡς
1844 2051 2053 2096 Ἑλλάνικος
2073 2068 2082 2076 ·
2107 2051 2192 2090 ἔνιοι
2224 2050 2260 2090 δὲ

1231 2110 1310 2156 τοὺς
1326 2109 1579 2164 Τρωγλοδύτας
1593 2110 1760 2158 ἤκουσαν.

1286 2175 1410 2208 Tzetz.
1437 2171 1484 2207 ad
1508 2170 1702 2221 Lycophr.
1730 2173 1829 2218 827:
1852 2167 2059 2214 Ἑλλάνικός
2079 2185 2165 2224 φησι
2182 2169 2261 2214 τοὺς

1234 2228 1428 2282 Ἔρεμὸοὺς
1444 2228 1525 2283 περὶ
1542 2227 1605 2273 τὰς
1624 2228 1753 2269 Νείλου
1772 2228 1852 2283 ῥοὰς
1875 2229 1994 2268 οἰκεῖν.

1708 2290 1794 2327 154.

1287 2349 1481 2388 Plutarch.
1499 2352 1558 2386 De
1574 2349 1624 2387 Is.
1646 2357 1690 2386 ›et
1707 2349 1806 2386 Osir.
1829 2361 1866 2398 p.
1885 2348 1979 2395 364,
1995 2351 2054 2385 D:
2072 2345 2144 2386 Τὸν
2158 2346 2263 2387 Ὀσι-

1233 2518 1339 2550 regem
1364 2509 1464 2542 fuisse
1478 2509 1602 2542 sactum
1619 2511 1747 2550 propter
1765 2517 1894 2540 coronae
1910 2508 2051 2548 donum,
2067 2517 2166 2548 quam
2178 2507 2231 2541 ille
2244 2517 2263 2541 e

1231 2556 1452 2597 pulcerrimis,
1469 2565 1552 2597 quos
1568 2565 1626 2588 ver
1645 2556 1784 2595 ferebat,
1801 2555 1934 2587 ssoribus
1953 2563 2069 2587 nexam
2086 2555 2261 2587 Patarmidi

1230 2604 1374 2643 miserat,
1384 2603 1513 2644 AEgypti
1526 2604 1605 2635 tunc
1618 2602 1694 2644 regi,
1709 2602 1853 2634 natalitia
1865 2602 2048 2634 celebranti.
2064 2604 2160 2635 Hunc
2172 2601 2258 2634 enim

1231 2650 1425 2682 delectatum
1440 2650 1655 2691 pulcritudine
1669 2658 1815 2689 coronae,
1829 2650 1870 2682 ad
1885 2657 2012 2681 coenam
2023 2657 2158 2681 vocasse
2171 2651 2253 2681 Ama

1230 2697 1300 2736 sin3
1318 2699 1350 2729 et
1366 2697 1406 2728 ab
1421 2706 1459 2729 eo
1474 2698 1620 2738 tempore
1631 2697 1666 2729 in
1682 2697 1860 2728 amicorum
1872 2705 2008 2728 numero
2023 2696 2182 2736 habitum,
2198 2696 2259 2728 du-

1231 2753 1301 2776 cem
1316 2744 1482 2784 copiarum
1499 2744 1672 2784 aliquando
1688 2744 1815 2776 misisse
1827 2743 1983 2775 adversus
1993 2742 2160 2784 AEgyptios
2169 2751 2260 2775 asma

1232 2793 1344 2823 contra
1366 2791 1474 2832 ipsum
1499 2790 1653 2830 serentes;
1679 2790 1720 2822 ab
1750 2791 1801 2823 his
1830 2791 1940 2822 autem
1949 2811 1961 2827 ,
1995 2789 2038 2822 ob
2065 2789 2260 2822 Patarmidis

1232 2838 1341 2870 odium
1351 2861 1360 2878 ,
1379 2846 1484 2878 regem
1499 2846 1571 2870 esse
1586 2837 1822 2870 renunciatum.

1705 2903 1792 2935 152.

1275 2966 1458 2999 Hellanicus
1473 2965 1610 2998 Lesbius
1625 2965 1659 2996 in
1673 2964 1857 2997 Thebarum
1873 2963 2093 3004 AEgyptiarum
2107 2961 2188 2994 urbe
2205 2970 2260 2994 an-

1233 3014 1320 3046 trum
1330 3022 1400 3045 esse
1410 3013 1500 3053 dicit,
1508 3012 1596 3053 quod
1606 3011 1677 3044 aliis
1693 3011 1825 3052 quidem
1835 3010 1951 3043 diebus
1963 3011 2060 3041 vento
2073 3007 2267 3050 repleretur,

1233 3061 1288 3093 sed
1303 3060 1468 3101 trigesimo
1483 3067 1612 3100 quoque
1627 3058 1748 3090 mensis
1765 3057 1818 3089 die
1833 3057 1938 3089 ventis
1954 3064 2095 3088 vaculun
2109 3057 2205 3087 esset,

1707 3123 1793 3156 153.

1275 3189 1431 3222 Erembos
1447 3187 1605 3227 nonnulli,
1626 3188 1663 3218 ut
1676 3185 1870 3224 Hellanicus,
1892 3184 2009 3216 Arabes
2027 3181 2148 3217 dicunt.

1279 3236 1459 3270 Hellanicus
1474 3234 1552 3268 dicit
1566 3233 1722 3267 Erembos
1738 3233 1779 3265 ad
1793 3232 1903 3265 Nilum
1915 3231 2049 3263 fluvium
2063 3231 2214 3264 habitare.

1717 3305 1731 3337 1
1743 3305 1791 3338 54

1277 3364 1405 3406 Quippe
1427 3362 1611 3397 Hellanicus
1627 3361 1758 3403 Hysirin
1773 3369 1832 3403 pro
1854 3360 1979 3393 osiride
2002 3368 2021 3391 a
2038 3354 2255 3391 sacerdotibus
