2320 3684
788 171 1028 211 ACUSILAI
1055 171 1391 212 FRAGMENTA.

22 278 70 304 ex
88 263 213 303 Codd.
230 267 319 302 Mss.
341 263 465 302 edita:
482 259 697 309 Δευκαλίων,
711 259 764 313 ἐφ’
783 263 823 298 οὗ
839 262 858 298 ὁ
876 260 1057 298 κατακλυ-

24 323 112 375 σμὸς
130 338 171 374 γε
155 322 269 376 ’,γονε
294 320 512 376 Προμηθέως
536 312 648 371 μὲνῗ
624 334 667 366 ην
693 318 783 365 υἱὸς,
804 316 935 371 μητρὸς
955 317 1028 355 83‘
1010 333 1057 361 ως

22 382 181 420 πλεῖστοι
196 381 338 434 λέγουσι
353 379 591 431 Κλυμένης,“
571 394 618 422 ως
638 377 674 416 δὲ
688 376 848 420 Ἡσίοδος
867 375 1055 430 Πρυνείης,

24 443 71 484 ὡς
92 439 128 479 83
153 440 378 484 Ἀκουσίλαος
405 436 572 485 (Ησιόνης
599 439 663 485 τῆς
693 435 868 475 Ὠκεανοῦ
902 434 964 474 καὶ
995 439 1057 474 τοῦ

24 498 254 552 Προμηθέως.

77 562 201 597 Sturz.
227 571 300 609 pro
314 553 502 607 Ἥσιόνης,
529 568 615 606 quae
632 555 671 592 h.
689 555 714 594 l.
731 554 879 593 Oceani
895 553 974 592 filia
995 553 1057 591 di—

23 617 136 665 citur,
168 616 372 667 legendum
412 622 525 666 putat
553 612 672 657 Ἀσίας
692 621 730 651 et
765 626 839 665 pro
871 620 1057 664 corrupto

22 676 90 714 illo
111 674 284 729 Πρυνείης
295 674 435 725 reponi
452 673 537 711 vult
553 670 760 725 Πανδώρας.

77 735 203 773 Schol.
222 732 331 771 Pind.
348 733 410 771 Ol.
427 746 465 782 9,
481 745 549 780 70:
567 730 680 770 Κοινὰ
697 729 742 769 τὰ
758 730 839 785 περὶ
856 729 1060 769 Δευκαλίω-

21 807 66 831 να
78 791 138 830 καὶ
158 790 318 845 Πύῤῥαν,
334 790 394 829 καὶ
411 789 465 829 ὅτι
482 788 564 835 τοὺς
580 789 695 834 λίθους
711 788 860 829 κατόπιν
882 788 1060 843 ῥίπτοντες

23 850 225 905 ἀνθρώπους
243 849 396 900 ἐποίουν,
415 855 584 904 μαρτυρεῖ
603 849 838 892 Ἀκουσίλαος.

76 969 204 1008 Schol.
218 968 399 1020 Apollon.
410 970 483 1015 ΙΙΙ,
502 981 516 1004 1
529 968 601 1005 123
616 981 624 1004 :
636 965 859 1011 Ἀκουσίλαος
867 965 1060 1006 καὶἭσίο-

24 1028 80 1071 δος
97 1028 134 1065 ἐν
153 1033 230 1071 ταῖς
255 1026 426 1079 μεγάλαις
446 1025 583 1070 Ἠοίαις
605 1026 710 1081 φασὶν
734 1024 770 1071 ἐξ
786 1024 983 1080 Ἰοφώσσης
998 1028 1061 1073 τῆς

25 1085 158 1134 Αἰήτου
176 1086 379 1139 (Phrixum
401 1086 576 1138 genuisse
588 1084 764 1138 Argum).

78 1206 205 1245 Schol.
222 1206 344 1258 Apoll.
365 1207 440 1245 Rh.
454 1209 522 1253 IV,
541 1211 665 1253 11:47
684 1203 776 1258 Περὶ
795 1203 832 1243 δὲ
850 1207 911 1243 τοῦ
932 1203 1063 1259 δέρους,

26 1258 122 1304 ὅτι
99 1281 142 1312 ην
157 1269 322 1318 χρυσοῦν,
333 1267 365 1303 οἱ
382 1266 540 1303 πλεῖστοι
557 1267 765 1318 ἱστοροῦσιν.
785 1263 1008 1336 Ἀκουσίλαρς
1027 1261 1064 1302 δὲ

27 1325 63 1364 ἐν
82 1326 133 1378 τῷ
149 1323 230 1378 περὶ
247 1325 477 1376 γενεαλογιῶν
495 1326 774 1378 πορφυρευθηναι
794 1322 897 1376 φησὶν
919 1322 990 1361 ἀπὸ
1003 1338 1066 1370 της

27 1382 220 1431 θαλάσσης.

521 1441 580 1479 10.

83 1501 213 1540 Schol.
226 1501 408 1552 Apollon.
422 1504 490 1547 IV,
510 1501 583 1549 57:
604 1499 676 1539 Τὸν
688 1500 913 1552 Ἐνδυμίωνα
933 1499 1060 1539 Ἡσίο-

31 1561 87 1604 δος
105 1559 170 1612 μὲν
188 1558 340 1599 Ἀεθλίου
358 1563 421 1598 τοῦ
440 1558 521 1603 Διὸς
548 1559 608 1598 καὶ
624 1558 795 1606 Καλύκης
811 1560 925 1598 παῖδα
946 1558 1065 1611 λέγει,

31 1618 130 1673 παρὰ
149 1617 230 1662 Διος
247 1617 414 1672 εἰληφότα
433 1618 556 1672 δῶρον,
574 1616 678 1656 αὗτὸν
698 1617 829 1669 ταμίαν
849 1611 938 1656 εἶναι
955 1617 1067 1657 θανά-

31 1694 112 1728 του,
137 1676 194 1716 ὅτε
214 1676 337 1729 μέλλοι
356 1675 508 1716 ὀλέσθαι.
528 1675 600 1716 Καὶ
622 1675 839 1731 Πείσανδρος
859 1676 895 1716 δὲ
911 1675 957 1715 τὰ
976 1675 1067 1716 αὐτά

34 1753 137 1792 φησι,
166 1736 226 1775 καὶ
245 1735 489 1786 Ἀκουσίλαος,
517 1734 578 1775 καὶ
610 1734 825 1789 Φερεκύδης.

87 1859 244 1895 Tzetzes
255 1855 303 1893 ad
315 1854 546 1906 Lycophr.1
558 1868 630 1903 77:
645 1853 819 1894 Ὠκεανοῦ
835 1854 896 1894 καὶ
917 1854 1068 1904 Τηθύος,

36 1914 192 1968 Ἴναχος·
213 1912 353 1967 Ἰνάχου
381 1913 442 1952 καὶ
473 1913 610 1958 Μελίας
639 1916 701 1960 τῆς
724 1913 918 1963 Ὠκεανοῦ,
939 1914 1068 1967 Φορω-

36 1972 129 2023 νευς,
145 1972 205 2012 καὶ
226 1971 453 2026 Αἰγιαλευς”
430 1988 556 2020 απαις,
578 1972 637 2027 ἀφ’
652 1976 692 2011 ου
714 1972 899 2025 Αἰγιάλεια
915 1975 937 2019 ἠ
952 1972 1066 2027 χώρα.

37 2031 221 2087 Φορωνευς
239 2031 456 2071 δυναστεύων
482 2031 776 2080 Πελοποννήσου,
802 2033 842 2071 ἐκ
869 2031 1070 2079 Ἱηλοδίκης

35 2090 172 2145 νύμφης
189 2097 295 2144 γεννᾷ
317 2090 419 2130 Ἄπιν
444 2090 504 2130 καὶ
524 2090 673 2139 Νιόὸην.
690 2090 792 2136 Απις
815 2095 874 2130 οὖν
905 2106 1069 2145 τυραννι-

29 2152 105 2195 κῶς
117 2152 200 2199 ζῶν,
224 2152 417 2204 ἀναιρεῖται
434 2150 502 2189 υπὸ
521 2149 706 2195 Θελξίονος
724 2150 784 2189 καὶ
801 2151 1028 2203 Τελχῖνος,’
1009 2149 1068 2205 αφ’

37 2296 74 2327 ut
88 2294 220 2336 plurimi
235 2294 366 2333 dicunt,
381 2293 566 2335 Clymenae,
586 2293 770 2326 secundum
791 2294 972 2327 Hesiodum
989 2303 1067 2327 vero

37 2341 215 2380 Pandorae;
242 2340 425 2373 secundum
448 2340 638 2373 Acusilaum
658 2343 756 2373 natus
779 2343 830 2374 est
845 2350 886 2374 ex
901 2342 1042 2375 Hesione
1055 2366 1066 2383 ‚

37 2388 155 2421 oceani
174 2387 240 2420 filia
250 2411 259 2427 ‚
275 2389 362 2421 etex
378 2388 584 2421 Prometheo.

78 2435 249 2468 TralatIcia
262 2437 339 2468 sunt
354 2434 411 2467 illa
423 2435 464 2468 de
475 2435 672 2468 Deucalione
686 2437 720 2468 et
733 2435 774 2468 de
789 2436 924 2476 Pyrrha,
943 2445 1066 2477 eosque

40 2482 162 2524 lapides
191 2484 267 2524 post
294 2484 419 2524 tergum
440 2482 595 2524 iacientes
611 2482 726 2516 fecisse
750 2482 900 2516 homines
929 2484 1068 2516 testatur

44 2529 226 2563 Acusilaus.

82 2623 250 2656 Acusilaus
270 2628 302 2657 et
324 2624 485 2658 Hesiodus
510 2624 543 2656 in
558 2623 647 2656 Eoeis
673 2624 799 2665 magnis
823 2624 939 2658 dicunt
963 2633 1004 2658 ex
1019 2626 1069 2658 10-

43 2669 160 2712 phossa
171 2694 180 2711 ,
196 2673 299 2705 AEetae
313 2671 397 2713 filia,
417 2672 576 2705 Phrixum
590 2672 742 2713 genuisse
756 2674 891 2713 Argum.

83 2769 216 2803 Plurimi
238 2772 371 2804 narrant
388 2772 494 2804 vellus
511 2771 590 2803 illud
612 2780 747 2804 aureum
769 2771 881 2812 suisse3
899 2771 1069 2805 Acusilaus

20 2830 23 2832 >
43 2823 118 2849 vero
129 2817 254 2850 inlibro
269 2818 310 2851 de
322 2818 523 2860 Genealogiis
536 2818 617 2851 dicit
627 2827 668 2851 ex
679 2818 762 2850 mari
774 2826 918 2860 purpura
930 2818 1069 2851 tinctum

45 2871 124 2897 esse.

525 2915 540 2947 1
549 2914 585 2946 0.

83 2964 319 3006 Endymionem
338 2965 500 2998 Hesiodus
522 2965 602 2998 dicit
624 2965 771 3005 Aethli0‚
794 2965 888 2997 Jovis
912 2964 979 2997 filio
993 2988 1002 3004 ‚
1029 2973 1070 2997 ex

45 3010 160 3052 calyce
172 3014 298 3052 natum,
311 3013 365 3045 cui
385 3022 403 3045 a
421 3015 504 3046 Jove
520 3013 608 3045 dono
624 3013 738 3045 datum
754 3015 858 3052 esset,
880 3021 915 3045 se
933 3012 1069 3044 moritu-

45 3067 116 3091 rum
151 3061 263 3093 mortis
288 3061 446 3093 arbitrum
472 3069 553 3094 esse.
575 3061 699 3094 Eadem
734 3062 866 3093 narrant
886 3060 1043 3093 Pisander
1058 3084 1068 3100 ,

45 3106 224 3147 Acusilaus,
243 3108 456 3149 Pherecydes.

85 3201 204 3233 Oceani
209 3203 242 3233 et
250 3203 391 3243 Tethyos
400 3202 553 3241 Inachus,
562 3202 673 3234 Inachi
684 3204 715 3234 et
725 3201 840 3241 Meliae,
853 3202 972 3234 Oceani
985 3201 1071 3240 filiae,

46 3246 231 3280 Phoroncus
247 3251 279 3281 et
294 3249 455 3290 AEgialeus
470 3249 580 3282 liberis
593 3258 718 3288 carens,
738 3258 757 3281 a
769 3258 835 3290 quo
848 3249 988 3290 AEgialea
1015 3257 1072 3279 no—

46 3301 119 3326 men
130 3294 236 3327 habet.
256 3296 455 3336 Phoroneus,
471 3297 685 3337 Peloponnesi
701 3297 867 3337 princeps,
885 3305 903 3328 0
919 3295 1071 3328 Telodice

48 3341 191 3382 nympha
206 3342 289 3383 Apin
311 3344 421 3383 genuit
436 3346 468 3375 et
482 3344 617 3376 Nioben.
642 3344 720 3384 Apis
733 3367 742 3383 ,
762 3352 780 3375 a
797 3352 862 3384 quo
878 3343 964 3383 regio
985 3342 1072 3374 Pelo·

47 3387 237 3427 ponnesiaca
253 3388 334 3429 Apia
350 3388 517 3421 nominata
532 3392 582 3422 est
592 3413 601 3430 ,
619 3398 720 3430 quum
737 3389 905 3430 tyrannice
921 3389 1048 3420 viveret
1063 3411 1072 3426 ‚

2074 177 2145 212 101

1120 254 1160 298 οὗ
1179 260 1239 308 καὶ
1258 263 1280 307 ἡ
1301 259 1401 314 χώρα
1421 259 1546 309 Ἀπία,
1564 262 1586 307 ἡ
1606 261 1669 307 τῆς
1692 258 1976 307 Πελοποννήσου.
2002 260 2148 311 Νιόὸης,

1114 321 1176 365 τῆς
1195 314 1338 363 Ἄπιδος
1368 320 1536 372 ἀδελφης,
1565 317 1625 358 καὶ
1657 317 1758 368 Διὸς,
1780 317 1927 372 Ἄργος,
1963 318 2023 372 ἀφ’
2057 314 2097 358 ου
2125 323 2148 367 ἡ

1113 376 1231 452 χώηρα
1243 376 1348 416 Κατὰ
1361 377 1398 416 δὲ
1415 377 1722 426 Ἀκουσίλαον,καὶ
1739 376 1922 429 Πελασγὸς
1942 376 2004 416 συν
2018 376 2149 432 Ἀργῳ,

1115 435 1174 488 ἀφ’
1191 439 1231 474 οὗ
1251 438 1274 483 ἡ
1290 437 1562 484 Πελοποννήσου
1579 437 1702 491 χώρα,
1718 439 1741 485 ἡ
1762 437 1822 476 καὶ
1838 437 1944 477 Ἀπία
1962 437 2149 489 λεγομένη,

1116 493 1223 548 μέχρι
1248 495 1461 548 Φαρσαλίας
1479 497 1539 535 καὶ
1559 497 1760 550 Λαρίσσης,
1782 496 1969 549 Πελασγία
2002 496 2148 545 ἐκλήθη.

1592 556 1633 593 ll
1670 570 1704 596 a.

1167 612 1359 663 Didymus
1375 614 1478 665 apud
1493 615 1666 653 Macrob.
1686 619 1840 655 Saturn.
1863 618 1909 663 V,
1934 618 1980 654 18
1996 616 2050 670 (p.
2077 618 2150 654 130

1116 671 1217 723 Bip.)
1233 685 1242 708 ε
1257 671 1302 711 Ὁ
1318 674 1402 722 γοῦν
1424 671 1629 724 Ἀγησίλαος
1647 673 1735 726 (leg.
1755 674 1993 727 Ἀκουσίλαος)
2013 674 2070 714 διὰ
2088 678 2151 722 τ’ῆς

1115 729 1258 784 πρώτης
1274 730 1429 784 ἱστορίας
1442 730 1651 782 δεδήλωκεν,
1664 731 1717 770 ὅτι
1733 732 1905 788 Ἀχελῷος
1921 734 2063 774 πάντων
2080 737 2150 774 τῶν

1116 791 1287 841 ποταμῶν
1313 789 1570 844 πρεσὸύτατος·
1594 789 1661 844 ἔφη
1688 790 1755 845 γὰρ
1780 792 1945 837 Ὠκεανὸς
1975 793 2013 832 83
2044 799 2153 846 γαμεῖ

1117 847 1237 896 Τηθὺν
1256 850 1380 887 ἑαυτοῦ
1408 848 1582 904 ἀδελφήν·
1602 851 1671 888 τῶν
1705 850 1744 888 δὲ
1775 850 1929 902 γίνονται
1963 853 2153 907 τρισχίλιοι

1117 907 1289 959 ποταμοί·
1311 907 1482 962 Ἀχελῷος
1507 907 1545 947 83
1572 909 1686 947 αὐτῶν
1713 909 1951 963 πρεσὸύτατος
1978 913 2037 951 καὶ
2057 912 2153 952 τετί-

1119 983 1230 1019 μηται
1250 966 1417 1019 μάλιστα.

1174 1085 1715 1137 Apollod.11,1‚1:N266⁷1<
1737 1086 1798 1124 καὶ
1817 1086 1939 1132 Διὸς..
1945 1095 2051 1133 παῖς
2068 1089 2155 1143 Ἄρ-

1119 1160 1178 1192 γος
1202 1144 1364 1196 ἐγένετο·
1385 1146 1431 1189 ὡς
1450 1114 1487 1183 83
1509 1144 1730 1189 Ἀκουσίλαός
1745 1161 1849 1199 φησι,
1866 1147 1926 1186 καὶ
1949 1149 2154 1200 Πελασγὸς,

1121 1204 1180 1258 ἀφ’
1209 1208 1249 1243 οὑ
1282 1205 1459 1253 κληθῆναι
1482 1202 1563 1248 τους
1586 1203 1650 1252 τὴν
1683 1204 1952 1254 Πελοπόννησον
1978 1209 2156 1251 οἰκοῦντας

1122 1262 1340 1324 Πελασγούς.
1361 1262 1523 1308 Ἡσίοδος
1539 1262 1576 1302 δὲ
1592 1263 1651 1303 τὸν
1668 1264 1855 1317 Πελασγὸν
1876 1264 2070 1318 αὐτόχθονά
2090 1282 2157 1320 φη-

1123 1337 1178 1360 σιν
1193 1325 1294 1361 εἰναι.

1180 1381 1288 1419 Idem
1306 1385 1376 1430 ΙΙΙ,
1397 1382 1436 1429 8,
1470 1396 1484 1419 1
1500 1381 1592 1421 εΤὸν
1618 1381 1805 1434 Πελασγὸν
1825 1382 2046 1427 Ἀκουσίλαος
2077 1382 2158 1428 Διὸς

1124 1438 1221 1493 λέγει
1239 1439 1300 1479 καὶ
1320 1439 1455 1488 Νιόὸης
1466 1471 1477 1490 ,
1555 1440 1718 1486 Ἡσίοδος
1738 1440 1775 1480 δὲ
1798 1441 2006 1496 αὐτόχθονα.

1179 1562 1245 1597 Ge.
1260 1559 1457 1610 Syncellus
1474 1559 1769 1614 Chronograph.
1781 1574 1820 1612 p.
1837 1562 1903 1612 64,
1916 1564 1945 1599 Β
1957 1563 2029 1607 ‚C.:
2048 1559 2159 1601 Οὐδὲν

1125 1615 1441 1669 ἀξιομνημόνευτον
1463 1617 1640 1665 οΈλλησιν
1673 1620 1864 1672 ἱστορεῖται
1888 1619 1957 1672 πρὸ
1988 1618 2160 1671 Ὠγύγου,

1124 1675 1217 1723 πλὴν
1241 1680 1303 1715 τοῦ
1329 1676 1526 1731 Φορωνέως
1553 1681 1613 1716 τοῦ
1640 1677 1932 1731 συγ-χρονίσαντος
1958 1679 2052 1731 αὐτῷ
2065 1709 2076 1730 ,
2099 1678 2160 1717 καὶ

1125 1734 1266 1788 Ἰνάχου
1295 1739 1357 1774 τοῦ
1390 1735 1588 1789 Φορωνέως
1615 1735 1770 1790 πατρὸς,
1794 1736 1830 1781 ὃς
1857 1739 1994 1790 πρῶτος
2016 1736 2161 1791 Ἄργους

1125 1793 1398 1844 ἕδασίλευσεν,“
1380 1811 1427 1838 ως
1444 1794 1668 1840 Ἀκουσίλαος
1681 1796 1824 1849 ἱστορεῖ.

1178 1853 1289 1892 Conf.
1310 1857 1472 1893 Pausan.
1491 1858 1541 1892 II.
1569 1854 1628 1901 15,
1647 1868 1686 1906 p.
1713 1861 1783 1900 144
1804 1869 1859 1906 sq.

1180 1972 1356 2011 Clemens
1372 1972 1579 2011 Alexandr.
1601 1975 1742 2011 Strom.
1759 1976 1791 2022 Ι,
1821 1987 1858 2024 p.
1882 1975 1970 2021 321,
1986 1976 2083 2020 Α,οῐ
2115 1989 2162 2012 ex

1127 2046 1172 2070 eo
1207 2031 1348 2070 Euseb.
1364 2035 1485 2084 Praep.
1501 2046 1633 2084 evang.
1653 2036 1706 2081 X,
1728 2047 1790 2081 12,
1805 2046 1845 2085 p.
1866 2039 1954 2084 497,
1978 2033 2162 2072 Dzv’Axou-

1128 2090 1247 2135 σίλαος
1276 2091 1452 2145 Φορωνέα
1470 2094 1609 2145 πρῶτον
1635 2091 1817 2146 ἄνθρωπον
1847 2092 2003 2145 (Euseb.
2025 2092 2163 2146 ἀνθρώ-

1126 2151 1218 2202 πων)
1240 2150 1410 2202 ’γενέσθαι
1434 2150 1541 2203 λέγει.
1623 2151 1806 2191 Ἐντεῦθεν
1827 2154 1846 2190 ὃ
1867 2152 2020 2192 Πλάτων
2037 2154 2072 2190 ἐν
2090 2154 2161 2191 Τι-

1131 2304 1151 2327 a
1163 2295 1341 2328 Thelxione
1355 2298 1387 2327 et
1402 2295 1556 2328 Telchine
1572 2295 1773 2329 interficitur.
1792 2295 1924 2335 Niobes,
1943 2296 2056 2337 Apidis
2072 2305 2160 2328 soro-

1131 2342 1188 2383 ris,
1209 2351 1250 2375 ex
1267 2344 1350 2375 Jove
1363 2342 1449 2375 filius
1461 2346 1512 2375 est
1528 2346 1646 2383 Argus,
1663 2352 1682 2374 a
1696 2352 1761 2384 quo
1776 2345 1862 2375 terra
1874 2344 2042 2375 nominata
2054 2346 2115 2382 est,
2130 2346 2163 2374 et

1132 2391 1251 2432 praeter
1270 2392 1404 2431 Argum,
1426 2392 1463 2422 ut
1480 2390 1651 2422 Acusilaus
1665 2390 1754 2430 dicit,
1772 2390 1939 2432 Pelasgus,
1954 2399 1973 2423 a
1991 2399 2057 2431 quo
2074 2390 2164 2422 Pelo-

1131 2446 1308 2479 ponnesus,
1323 2446 1397 2479 quae
1411 2440 1444 2470 et
1458 2438 1540 2479 Apia
1552 2438 1654 2477 audit,
1669 2447 1774 2479 usque
1789 2438 1829 2471 ad
1846 2438 2045 2473 Pharsaliam
2059 2440 2092 2470 et
2102 2439 2162 2470 La-

1127 2484 1255 2526 rissam,
1270 2485 1429 2527 appellata
1443 2487 1494 2518 est
1508 2485 1663 2526 Pelasgia.

1604 2541 1617 2572 1
1634 2540 1644 2572 1
1661 2545 1695 2572 a.

1170 2590 1345 2624 Acusilaus
1361 2592 1395 2623 in
1414 2591 1521 2633 primo
1549 2591 1635 2623 libro
1663 2591 1785 2632 passim
1815 2591 1959 2624 ostendit
1987 2590 2163 2623 Acheloum

1129 2638 1280 2671 omnium
1321 2638 1499 2670 fluviorum
1524 2647 1597 2670 esse
1628 2638 1903 2678 antiquissimum.
1937 2636 2022 2668 Dicit
2051 2637 2162 2668 enim:

1132 2699 1147 2714 «
1158 2688 1308 2718 Oceanus
1323 2694 1402 2718 vero
1418 2694 1553 2718 uxorem
1569 2686 1660 2718 ducit
1682 2686 1807 2726 Tethyn
1823 2685 1928 2726 ipsius
1944 2692 2100 2723 sororem,
2113 2686 2162 2716 Ex

1129 2733 1181 2766 his
1207 2735 1389 2766 nascuntur
1408 2735 1457 2765 ter
1479 2732 1569 2765 mille
1594 2732 1698 2772 fluvii,
1723 2740 1863 2773 quorum
1894 2730 2054 2763 Achelous
2084 2733 2164 2764 natu

1129 2781 1294 2813 maximus
1310 2782 1372 2820 est,
1390 2781 1423 2813 et
1438 2789 1506 2822 prae
1525 2780 1639 2812 ceteris
1653 2780 1790 2812 habetur
1806 2778 1840 2810 in
1856 2779 1988 2810 honore.
1998 2791 2014 2806 ι»

1615 2840 1676 2872 12.

1173 2893 1268 2925 Jovis
1284 2901 1325 2925 ex
1347 2891 1468 2930 Niobe,
1487 2890 1571 2923 filius
1585 2894 1653 2923 erat
1666 2894 1769 2931 Argus
1786 2891 1817 2922 et
1830 2889 1982 2922 Acusilao
2002 2892 2134 2924 auctore
2148 2916 2157 2931 ,

1130 2940 1296 2981 Pelasgus,
1308 2949 1327 2971 a
1339 2948 1405 2980 quo
1415 2938 1628 2979 Peloponnesi
1642 2938 1756 2970 incolae
1766 2937 1890 2978 Pelasgi
1902 2937 2060 2970 nominati
2070 2941 2147 2971 sunt
2154 2962 2162 2970 .

1131 2987 1293 3019 Hesiodus
1306 2995 1383 3018 vero
1395 2984 1566 3026 Pelasgum
1581 2984 1835 3016 autochthonem
1849 2992 1921 3017 esse
1935 2983 2025 3017 dicit.

1175 3094 1259 3124 Ante
1272 3093 1403 3132 Ogygen
1420 3091 1501 3122 nihil
1517 3091 1602 3132 apud
1615 3039 1748 3122 (llriffaecos
1764 3092 1911 3123 narratur
1923 3090 2057 3132 dignum
2074 3093 2162 3133 quod

1131 3141 1339 3178 memoretur,
1350 3141 1485 3180 excepto
1495 3139 1676 3177 Phoroneo,
1689 3138 1776 3170 illius
1786 3138 1916 3180 aequali,
1924 3141 2021 3180 atque
2030 3141 2161 3180 Inacho,

1132 3187 1292 3220 Phoronei
1309 3188 1411 3227 patre,
1429 3185 1485 3227 qui
1501 3185 1625 3226 primus
1641 3185 1805 3226 Argolidis
1822 3194 1880 3218 rex
1895 3188 1975 3227 erat,
1998 3189 2036 3220 ut
2051 3191 2163 3220 narrat

1136 3233 1317 3266 Acusilaus.

1619 3279 1678 3318 14.

1174 3338 1345 3370 Acusilaus
1385 3338 1464 3369 dicit
1500 3338 1704 3370 Phoroneum
1746 3338 1846 3377 fnisse
1877 3339 2016 3380 primum
2066 3338 2165 3370 homi-

1136 3395 1225 3418 num.
1282 3385 1364 3417 Hinc
1378 3385 1468 3417 Plato
1482 3385 1514 3417 in
1527 3385 1651 3418 Timaeo
1664 3387 1795 3418 secutus
1808 3386 2009 3427 Acusilaum,
2028 3385 2139 3418 scribit
2155 3396 2163 3418 :
