2320 3684
23 150 2119 229 ffifflfflfflssfflffltffifflssfflfflssffffissffissfflffi

738 324 1400 478 TIMAEI

658 586 1478 672 FRAGMENTA.

966 766 1217 785 ψ

418 875 655 914 ΙΣΤΟΡΙΑΙ.

275 947 447 979 mam
469 946 542 978 ΚΑΙ
563 945 777 977 nmmum.

338 1012 489 1048 LIBER
516 1011 727 1048 PRIMUS.

75 1133 202 1172 Schol.
223 1132 405 1185 Apollon.
430 1132 555 1171 Rhod.
580 1134 644 1180 IV,
664 1132 764 1182 965:
787 1129 939 1182 Τίμαιος
956 1131 1050 1183 Θρι-

22 1191 145 1232 νακίαν
166 1191 251 1246 φησὶ
268 1192 450 1230 καλεῖσθαι
467 1190 532 1238 τὴν
549 1189 729 1239 Σικελίαν,
749 1188 803 1228 ὅτι
823 1195 916 1243 τρεῖς
943 1190 1052 1242 ἄκρας

24 1249 178 1304 ἔχει.οἱ
195 1249 232 1288 δὲ
248 1248 416 1303 ἱστορικοὶ
431 1248 608 1301 Θρίνακον
626 1246 731 1302 φασὶν
749 1247 850 1302 ἄρξαι
865 1263 928 1293 της
944 1249 1052 1287 Σικε-

24 1309 112 1353 λίας.
149 1308 275 1353 Μύλας
308 1307 358 1357 δὲ,
377 1307 591 1361 χερρόνησον
615 1306 799 1355 Σικελίας,
825 1308 860 1345 ἐν
883 1309 906 1359 ᾖ
929 1308 964 1344 αἳ
989 1322 1051 1345 του

24 1367 148 1407 Ἡλίου
172 1367 247 1420 βόες
266 1366 440 1419 ἐνέμοντο.
460 1367 602 1406 Scholl.
620 1366 780 1404 Parissst
801 1364 996 1419 Τρινακρία
1017 1363 1053 1403 δὲ

25 1429 48 1474 ἡ
78 1426 248 1474 Σικελία,
281 1425 373 1466 κατὰ
396 1423 459 1477 μὲν
486 1424 653 1476 Τίμαιον,
685 1423 743 1463 διὰ
769 1424 810 1463 τὸ
834 1429 926 1478 τρεῖς
959 1423 1052 1476 ἔχειν

26 1485 155 1539 ἄκρας,
172 1485 265 1524 κατὰ
288 1484 327 1524 δέ
349 1500 446 1528 τινας
472 1486 541 1522 τῶν
567 1485 765 1536 ἱστορικῶν,
792 1482 862 1522 ἀπὸ
881 1483 1054 1537 Ἰρίνακος

26 1548 86 1584 τοῦ
110 1548 174 1592 τῆς
194 1544 358 1589 Σικελίας
380 1544 557 1598 ἄρξαντος.
576 1542 701 1588 Μύλας
719 1542 757 1582 δέ
774 1559 861 1597 φησι
881 1542 1054 1597 χεῤῥόνη-

28 1619 87 1643 σον
105 1597 226 1642 εἶναι’
210 1619 245 1642 εν
268 1602 437 1656 Σικελία,
457 1604 492 1640 ἐν
511 1597 537 1655 ᾗ
556 1603 592 1640 αἱ
610 1617 670 1641 του
688 1601 812 1640 Ἡλίου
827 1601 928 1654 βόες’
913 1601 1054 1654 ενέμον-

29 1677 80 1702 το.
103 1663 160 1702 Cf.
180 1663 310 1714 Steph.
330 1666 420 1712 Byz.
441 1675 470 1701 5.
491 1675 526 1699 v.
548 1660 758 1713 Τρινακρία.

73 1780 240 1819 Diodor.
275 1783 323 1828 V,
353 1781 398 1818 6:
414 1778 505 1834 Περὶ
533 1777 570 1817 δὲ
604 1781 674 1818 τῶν
706 1779 991 1826 κατοικησάντων
1019 1782 1054 1819 ἐν

31 1839 119 1890 αὖτῇ
138 1839 152 1885 (
155 1853 206 1878 sc.
222 1841 266 1892 τῇ
287 1837 448 1891 Σικελία)
464 1836 614 1891 πρώτων
633 1839 808 1886 Σικανῶν,
831 1837 950 1885 ἐπειδή
967 1853 1056 1882 τινες

31 1899 99 1936 τῶν
112 1897 338 1952 συγγραφέων
358 1897 602 1951 διαφωνοῦσιν,
619 1895 808 1948 ἀναγκαῖόν
834 1897 909 1934 ἐστι
934 1895 1057 1935 συντό-

33 1972 106 2008 μως
122 1958 241 1996 εἰπεῖν.
257 1956 425 2000 Φίλιστος
439 1955 501 2008 μὲν
519 1954 588 2009 γάρ
609 1970 715 2009 φησιν
756 1954 790 2001 ἐξ
807 1954 962 2008 Ἶὸηρίας
989 1956 1055 1993 αὖ-

28 2014 108 2060 ’robe
121 2014 386 2059 ἀποικισθέντας
411 2016 621 2061 κατοικῆσαι
640 2013 704 2062 τὴν
726 2016 845 2063 νῆσον,
867 2012 939 2052 ἀπό
962 2030 1055 2059 τινος

33 2071 183 2113 Σικανοῦ
223 2077 381 2125 ποταμοῦ
417 2074 495 2112 κατ’
534 2072 692 2128 Ἰὃηρίαν
718 2072 815 2116 ὄντος
846 2072 1056 2126 τετευχότας

32 2132 160 2180 ταύτης
177 2135 238 2180 τῆς
254 2131 498 2186 προσηγορίας.
514 2131 666 2182 Τίμαιος
684 2131 720 2171 δὲ
738 2131 801 2179 τὴν
819 2130 961 2183 ἄγνοιαν
978 2131 1056 2170 τού-

34 2205 95 2229 του
128 2196 188 2230 τοῦ
221 2207 264 2230 συ
289 2189 448 2244 γραφέως
476 2188 615 2241 ἐλέγξας
644 2190 798 2244 ἀκριὸῶς
826 2190 1058 2243 ἀποφαίνεται

33 2248 244 2299 αὗτόχθονας
261 2265 276 2287 ε
292 2264 369 2288 ναι·
382 2247 514 2293 πολλὰς
528 2248 564 2287 δὲ
576 2249 682 2286 αὐτοῦ
696 2247 855 2302 φέροντος
869 2248 1059 2294 ἀποδείξεις

33 2310 97 2356 τῆς
124 2307 255 2346 τούτων
293 2306 543 2361 ἀρχαιότητος,
570 2308 636 2359 οὐχ
664 2308 852 2360 ἀναγκαῖον
880 2307 1059 2359 ἡγούμεθα

34 2368 113 2412 περὶ
127 2364 258 2405 τούτων
277 2365 447 2411 διεξιέναι.

88 2428 185 2473 Quae
205 2434 417 2476 sequuntur
433 2438 481 2462 ex
500 2425 635 2463 eodem
654 2425 797 2463 Timaeo
817 2425 971 2463 fluxisse
995 2426 1056 2464 vi—

234 2537 476 2581 ITALICA
512 2536 587 2579 ET
623 2536 852 2581 SICULA.

441 2610 592 2650 LIBER
621 2611 638 2649 Ι
643 2639 650 2647 .

530 2681 563 2712 l.

78 2729 240 2763 Trinacria
252 2732 387 2762 vocatur
398 2730 508 2763 Sicilia
519 2730 698 2763 secundum
712 2730 884 2771 Timaeum,
895 2731 984 2772 quod
998 2731 1060 2763 tria

39 2775 135 2811 habet
146 2776 375 2818 promontoria.

81 2878 128 2909 De
140 2876 274 2916 Sicanis,
291 2876 403 2917 primis
413 2876 533 2909 Siciliae
543 2877 669 2917 incolis,
684 2886 785 2918 quum
795 2877 967 2918 scriptores
979 2886 1058 2909 non-

42 2922 120 2955 nulli
135 2923 301 2956 sententiis
325 2923 467 2963 varient,
485 2925 523 2956 ut
538 2923 678 2956 breviter
701 2924 824 2965 aliquid
840 2924 1038 2956 disseramus
1048 2948 1058 2964 ‚

41 2970 253 3002 necessarium
267 2970 329 3002 est.
345 2970 501 3002 Philistus
515 2970 645 3011 quidem
659 2971 712 3011 (fr.
729 2972 758 3010 3)
769 2980 810 3003 ex
824 2970 929 3003 Iberia
947 2980 1003 3012 per
1011 2979 1060 3002 co-

41 3015 135 3048 loniae
150 3016 378 3049 deductionem
390 3017 565 3050 translatos
584 3018 617 3050 in
638 3019 876 3059 possessionem
891 3019 987 3050 terrae
1005 3027 1059 3050 ve-

42 3062 127 3095 nisse
145 3062 295 3104 affirmat,
318 3073 338 3095 a
353 3065 480 3104 Sicano,
497 3065 611 3097 lberiae
627 3064 760 3097 flumine
772 3065 928 3106 quodam,
940 3073 1059 3096 nomen

41 3109 120 3142 illud
138 3111 278 3143 sortitos.
300 3111 364 3144 Sed
382 3111 525 3144 Timaeus
547 3112 761 3152 ignorantiam
778 3112 947 3153 scriptoris
973 3111 1060 3144 retel-

41 3153 122 3195 lens,
137 3156 301 3198 indigenas
315 3166 386 3190 esse
401 3157 526 3198 liquido
545 3158 699 3191 ostendit.
714 3159 778 3197 Qui
793 3158 869 3199 quia
883 3158 1003 3189 multas
1019 3156 1059 3188 ad

43 3202 322 3237 demonstrandam
342 3205 458 3236 horum
474 3206 700 3246 antiquitatem
717 3206 860 3238 rationes
873 3205 968 3237 affert
978 3228 987 3244 ‚
1005 3204 1058 3236 ali-

43 3249 120 3292 quid
135 3250 260 3283 illarum
277 3252 509 3284 recensendum
522 3261 592 3285 esse
607 3262 671 3285 non
687 3253 891 3285 arbitramur.

84 3349 271 3391 Atabyrum,
290 3360 382 3383 mons
389 3353 505 3392 Rhodi,
513 3308 552 3385 (12
558 3332 630 3394 ’quo
637 3353 780 3385 Rhianus
788 3352 869 3384 libro
878 3352 970 3384 sexto
977 3352 1059 3383 Mes-

123 3415 314 3446 Fnacur-:NTA
337 3423 575 3447 msromcorum.

1107 874 1259 912 dentur.
1280 897 1332 903 —
1349 875 1493 914 Sicanis
1511 887 1774 916 successerunt
1793 893 1838 917 ex
1866 882 1973 918 Italia
1992 881 2134 931 Siculi;

1107 933 1156 970 de
1177 933 1236 971 his
1255 933 1351 971 nihil
1366 942 1501 972 exstat.
1518 936 1666 974 Deinde
1686 938 1787 987 apud
1808 939 2019 976 Diodorum
2038 953 2069 977 c.
2095 954 2135 990 9,

1107 1000 1370 1030 memorantur
1388 994 1516 1032 Cnidii
1537 1003 1574 1031 et
1593 995 1756 1043 Rhodii,
1772 997 1838 1047 qui
1869 998 1928 1035 Ol.
1946 998 1994 1035 50
2013 999 2051 1035 in
2073 999 2136 1036 si-

1107 1050 1234 1089 ciliam
1255 1052 1576 1103 commigrarunt,
1602 1062 1691 1104 post
1716 1067 1808 1092 vero
1826 1056 1866 1092 in
1884 1057 2060 1106 Liparam
2082 1059 2137 1094 in-

1108 1112 1227 1149 sulam
1246 1115 1451 1152 transvecti
1467 1122 1566 1152 sunt.
1588 1118 1644 1153 Ex
1659 1115 1729 1152 hac
1748 1116 1906 1154 fortasse
1919 1118 2136 1155 narratione

1108 1171 1228 1222 petita
1263 1180 1321 1210 est
1352 1174 1495 1211 mentio
1537 1173 1727 1224 Atabyrii,
1770 1175 1902 1213 incerti
1933 1176 2029 1213 situs
2060 1189 2134 1226 op-

1108 1230 1200 1281 pidi.

1608 1298 1643 1336 3.

1162 1362 1293 1412 steph.
1316 1365 1425 1412 Byz.:
1441 1361 1734 1416 Ἀτάὸυρον,ὄρος
1742 1362 1879 1402 Ῥόδου
1893 1362 2069 1407 Ptavbc⁰
2049 1379 2139 1417 εκτῳ

1110 1420 1384 1466 Μεσσηνιακων.
1418 1418 1472 1458 Τὸ
1502 1419 1634 1459 ἐθνικὸν
1671 1420 1885 1474 Ἀταὸύριος.
1914 1421 1975 1467 Ἐξ
2004 1416 2042 1460 ου
2078 1423 2138 1461 και

1111 1477 1313 1532 Ἀταὸύριος
1335 1477 1434 1522 Ζεύς.
1455 1477 1564 1518 Ἔστι
1583 1495 1644 1518 και
1664 1480 1828 1523 Σικελίας
1858 1480 2112 1534 Ἀταὸύριον,“
2094 1498 2139 1525 ως

1112 1537 1277 1588 Τίμαιος.
1316 1536 1499 1584 Κέκληται
1522 1536 1559 1576 δὲ
1590 1538 1635 1576 τὰ
1665 1538 1728 1592 ὅρη
1753 1538 1824 1577 ἀπό
1854 1555 1945 1584 τινος
1972 1541 2140 1592 Τελχῖνος

1112 1595 1328 1648 Ἀταὸυρίου.
1346 1594 1454 1635 Ἔστι
1470 1595 1529 1635 καὶ
1547 1596 1706 1652 Περσικὴ
1723 1596 1833 1642 πόλις.
1851 1598 1958 1638 Ἔστι
1974 1598 2033 1638 καὶ
2053 1601 2141 1638 Φοι-

1111 1670 1220 1702 νικης.

1606 1723 1645 1759 4.

1166 1780 1343 1817 Parthen.
1375 1783 1484 1818 Erot.
1509 1795 1542 1818 c.
1571 1779 1804 1834 29εἹστορεῖ
1824 1781 1976 1832 Τίμαιος
1996 1783 2141 1821 Σικελι-

1113 1841 1199 1882 κοῖς.
1222 1837 1283 1876 Ἐν
1313 1838 1463 1877 Σικελία
1489 1838 1526 1877 δὲ
1551 1838 1684 1891 Δάφνις
1711 1839 1848 1893 Ερμοῧ
1877 1845 1960 1884 παῖς
1989 1839 2141 1892 ἐγένετο,

1113 1894 1261 1972 σύριγγί
1282 1912 1320 1934 τε
1356 1896 1462 1943 δεξιὸς
1493 1897 1707 1952 χρήσασθαι,
1742 1897 1803 1937 καὶ
1820 1898 1883 1945 τὴν
1905 1898 2031 1937 ἷδέαν’
2016 1914 2143 1973 εκπρε-

1112 1954 1193 2001 πής.
1205 1949 1318 1998 Ουτος
1332 1957 1378 1999 εις
1392 1955 1453 2008 μὲν
1471 1956 1530 1995 τὸν
1543 1955 1651 1995 πολυν
1665 1956 1786 2008 ὅμιλον
1804 1958 1937 2011 ἀνδρῶν
1950 1960 1987 1996 οὗ
2007 1957 2142 2011 κατῄει·

1116 2015 1290 2066 βουκολων
1306 2015 1342 2053 δὲ
1361 2015 1453 2054 κατὰ
1465 2014 1528 2063 τὴν
1547 2015 1678 2064 Αιτνην
1696 2015 1861 2068 χείματός
1875 2032 1912 2055 τε
1931 2016 1990 2055 καὶ
2027 2017 2143 2070 θέρους

1114 2072 1293 2127 ἠγραύλει.
1321 2072 1458 2112 Τούτου
1487 2074 1649 2126 λέγουσιν
1679 2075 1871 2127 Ἔχεναιδα
1890 2074 2028 2128 νύμφην
2058 2078 2143 2128 ἐρα-

1115 2135 1255 2171 σθεῖσαν
1273 2133 1607 2185 παρακελεύσασθαι
1628 2135 1723 2188 αὐτῷ
1741 2133 1881 2186 γυναικὶ
1906 2134 1955 2186 μὴ
1986 2134 2145 2180 πλησιά-

1115 2193 1202 2236 ζειν·
1223 2191 1273 2243 μὴ
1295 2191 1499 2244 πειθομένου
1514 2193 1582 2247 γὰρ
1602 2194 1710 2231 αὐτοῦ
1727 2193 1947 2245 συμὸήσεται
1969 2193 2031 2238 τὰς
2051 2193 2144 2246 ὄψεις

1116 2250 1319 2289 ἀποὸαλεῖν.
1339 2250 1384 2291 ‘O
1407 2250 1444 2290 δὲ
1463 2251 1588 2305 χρόνον
1611 2252 1674 2304 μέν
1693 2268 1773 2291 τινα
1793 2254 1968 2307 καρτερῶς
1986 2254 2142 2303 ἀντεῖχε,

1116 2308 1243 2363 καίπερ
1259 2311 1321 2348 οὐκ
1340 2309 1466 2362 ὀλίγων
1487 2311 1769 2362 ἐπιμαινομένων
1789 2313 1894 2366 αὐτῷ.
1917 2311 2090 2363 ”Υστερον
2108 2310 2143 2348 δὲ

1118 2367 1182 2418 μία
1209 2370 1278 2407 τῶν
1305 2368 1396 2407 κατὰ
1415 2369 1478 2416 τὴν
1506 2369 1672 2409 Σικελίαν
1702 2370 1891 2422 βασιλίδων
1917 2371 1999 2423 οἴνῳ
2024 2371 2144 2421 πολλῷ

1118 2426 1346 2479 δηλησαμένη
1365 2427 1483 2476 αὐτὸν,
1503 2428 1633 2480 ἤγαγεν
1654 2430 1701 2472 εἷς
1721 2428 1905 2480 ἐπιθυμίαν
1930 2430 2017 2480 αὐτῇ
2040 2430 2142 2478 μιγῆ-

1120 2535 1323 2568 seniacorum
1351 2537 1548 2570 mentionem
1564 2537 1650 2569 facit.
1666 2537 1804 2576 Gentile,
1821 2537 2003 2577 Atabyrius.
2019 2536 2068 2567 Ab
2083 2536 2143 2566 hoc

1119 2585 1228 2615 monte
1244 2583 1373 2624 Jupiter
1396 2584 1571 2624 Atabyrius
1586 2593 1703 2616 nomen
1720 2585 1828 2616 habet.
1856 2586 1915 2615 Est
1931 2583 2009 2615 item
2026 2583 2143 2615 Siciliae

1120 2629 1324 2670 Atabyrium‚
1339 2631 1421 2662 teste
1436 2630 1570 2663 Timaeo.
1588 2633 1715 2663 Montes
1729 2631 1773 2662 ita
1785 2630 1862 2663 dicti
1880 2632 1955 2661 sunt
1967 2638 1986 2660 a
2001 2629 2141 2669 quodam

1119 2676 1276 2717 atabyrio
1292 2676 1456 2708 Telchine.
1483 2679 1542 2710 Est
1559 2678 1620 2710 hoc
1643 2677 1774 2710 nomine
1793 2677 1890 2709 ctiam
1910 2675 1986 2708 urbs
2004 2676 2142 2715 Persica,

1119 2724 1181 2756 alia
1194 2724 1272 2756 item
1294 2723 1470 2756 Phoenicia.

1612 2806 1649 2838 4.

1160 2877 1280 2909 Scribit
1300 2877 1443 2909 Timaeus
1457 2876 1491 2907 in
1507 2875 1614 2907 Rebus
1639 2874 1755 2906 Siculis
1770 2884 1778 2905 :
1795 2876 1832 2906 In
1861 2875 1967 2906 Sicilia
1991 2877 2060 2907 erat
2082 2877 2142 2908 Da-

1119 2924 1226 2965 phnis,
1243 2923 1394 2956 Mercurii
1418 2922 1514 2961 filius,
1530 2921 1645 2953 fistulis
1666 2929 1778 2952 canere
1809 2921 1927 2953 eximie
1948 2922 2082 2962 doctus,
2111 2926 2143 2955 et

1119 2971 1236 3011 insigni
1264 2970 1369 3011 specie
1382 2969 1548 3010 praeditus.
1566 2971 1599 3000 Is
1617 2970 1649 2999 in
1669 2968 1878 3008 frequentiam
1896 2969 2064 3001 hominum
2078 2979 2142 3001 non

1119 3018 1286 3056 veniebat,
1304 3025 1415 3049 verum
1428 3016 1513 3047 circa
1526 3017 1656 3047 AEtnam
1673 3015 1772 3047 boum
1787 3019 1896 3057 pastor
1911 3018 1944 3049 et
1963 3016 2077 3049 hiemis
2110 3019 2143 3050 et

1118 3065 1241 3097 aestatis
1257 3067 1400 3104 tempore
1414 3063 1447 3093 in
1479 3071 1555 3102 agro
1567 3062 1788 3103 pernoctabat.
1810 3063 1914 3104 Hujus
1930 3072 2039 3096 amore
2051 3064 2143 3096 aiunt

1118 3111 1335 3145 Echenaidem
1352 3109 1528 3150 nympham
1539 3110 1680 3150 captam,
1693 3110 1871 3151 injunxisse
1888 3110 1917 3143 ei
1936 3120 1976 3144 ne
1989 3111 2140 3152 cuiquam

1119 3158 1245 3191 mulieri
1259 3166 1293 3189 se
1314 3156 1498 3197 applicaret.
1515 3156 1549 3188 Si
1566 3157 1653 3188 enim
1676 3165 1742 3188 non
1758 3157 1921 3196 obediret,
1938 3158 2083 3190 futurum
2105 3161 2142 3191 ut

1118 3206 1219 3238 oculis
1232 3205 1421 3245 privaretur.
1434 3202 1606 3243 Illeitaque
1615 3203 1813 3243 aliquamdiu
1824 3204 1949 3237 fortiter
1961 3205 2140 3245 resistebat,

1119 3251 1269 3294 quamvis
1285 3260 1304 3282 a
1316 3249 1463 3291 plurimis
1476 3250 1684 3282 veliementer
1699 3250 1916 3292 impeteretur.
1937 3253 2140 3284 Postremum

1119 3302 1227 3332 autem
1242 3307 1307 3330 una
1319 3306 1359 3330 ex
1373 3297 1489 3329 Siciliae
1507 3297 1624 3337 reginis
1641 3297 1745 3329 multo
1756 3298 1833 3330 vino
1844 3307 1919 3330 eum
1936 3299 2091 3338 inficiens,
2108 3299 2141 3330 in

1119 3344 1411 3387 concupiscentiam
1436 3344 1574 3385 induxit,
1591 3346 1628 3378 ut
1641 3353 1715 3376 cum
1745 3354 1783 3378 ea
1796 3346 2059 3379 commisceretur
2076 3356 2083 3378 τ
2097 3348 2140 3378 at-

1961 3412 1997 3443 13
