2320 3684
129 208 204 242 226

130 288 259 341 βίὸλῳ,
280 287 338 326 καὶ
358 287 484 334 ταύτης
509 286 565 324 ἐπὶ
586 287 747 336 τελευτῇ,
772 282 866 334 λέγει
885 282 976 322 κατὰ
1001 283 1065 331 τὴν
1087 287 1148 322 τοῦ

127 347 358 398 Τιμολέοντος
381 345 603 398 παράκλησιν
623 347 733 381 ταῦτα
747 358 755 366 ·
784 341 871 380 διότι
899 344 962 388 τ’ἥς
983 345 1065 394 γῆς,
1088 345 1150 389 τῆς

128 405 196 444 ὑπὸ
213 408 262 459 τῷ
281 403 403 456 κόσμῳ
429 402 611 454 κειμένης,
641 403 688 444 εἷς
706 400 785 454 τρία
805 399 895 455 μέρη
915 399 1126 452 διῃρημένης
1138 430 1148 445 ,

127 465 186 503 καὶ
205 467 267 511 τῆς
286 462 348 514 μὲν
370 462 504 510 Ἀσίας,
527 463 588 507 τῆς
613 458 649 497 δὲ
668 458 820 507 Λιὸύης,
842 462 901 506 τῆς
925 459 954 497 δ’
975 458 1149 513 Εὐρώπης

126 520 482 576 προσαγορευομένης.
516 522 640 558 Ταῦτα
676 517 743 571 γὰρ
788 519 855 566 οὐχ
888 512 960 556 οἷον
995 517 1148 569 Τίμαιον

128 580 301 633 εἰρηκέναι
318 595 367 622 τις
386 577 426 615 ἂν
441 576 670 624 πιστεύσειεν,
690 576 767 614 ἀλλ’
793 575 871 615 οὐδὲ
889 576 947 614 τὸν
963 575 1148 628 λεγόμενον

127 638 313 692 Μαργίτην
341 638 481 674 ἐκεῖνον.
527 634 593 678 Τίς
616 634 684 688 γὰρ
710 634 817 679 οὕτως
844 634 938 674 ἐστὶν
964 635 1091 685 ἀδαὴς,
1111 637 1150 673 οὗ

126 698 218 749 λέγω
234 699 301 734 τῶν
320 695 403 748 πρὸς
417 694 646 746 ὑπομνήμασι
668 695 874 746 γεγονότων,
887 695 935 734 **.

179 755 235 793 lb.
261 756 308 792 26
330 769 362 792 a.
386 755 499 792 Πάλιν
517 752 553 791 δὲ
575 752 688 804 [ὅταν]
708 756 726 791 ὅ
745 753 928 805 Τιμολέων
946 755 981 792 ἐν
999 756 1040 806 τῇ
1061 757 1148 806 αὐτῇ

129 813 257 866 βίὸλῳ,
275 814 492 865 παρακαλῶν
516 811 595 856 τοὺς
609 811 790 859 ’Έλληνας
813 812 899 866 πρὸς
922 812 980 852 τὸν
1001 813 1057 851 ἐπὶ
1074 813 1149 856 τοὺς

127 871 387 926 Καρχηδονίους
403 872 573 921 κίνδυνον,
587 871 647 911 καὶ
667 871 771 924 μόνον
790 874 852 911 οὐκ
864 873 930 920 ἤδη
953 873 1149 924 μελλόντων

126 932 285 983 συνάγειν
312 933 357 974 εἷς
382 930 443 974 τὰς
468 933 589 985 χεῖρας
609 937 680 974 τοῖς
711 932 847 984 ἐχθροῖς
874 931 1152 975 πολλαπλασίοις

126 985 219 1038 offici,
256 992 394 1043 πρῶτον
426 988 490 1040 μὲν
509 989 597 1034 ἀξιοῖ
622 988 671 1040 μὴ
692 989 830 1041 βλέπειν
854 990 938 1044 πρὸς
965 990 1005 1029 τὸ
1022 991 1152 1038 πλῆθος

125 1052 194 1088 τῶν
230 1048 444 1087 ὑπεναντίων
461 1079 472 1097 ,
505 1047 595 1086 ἀλλὰ
626 1047 710 1102 πρὸς
742 1048 806 1096 τὴν
848 1048 1032 1102 ἀνανδρίαν
1049 1065 1056 1073 ·
1092 1049 1152 1087 καὶ

126 1107 194 1162 γὰρ
227 1110 289 1154 τῆς
323 1106 456 1155 Λιὸύης
489 1107 629 1154 ἁπάσης
662 1109 816 1159 συνεχῶς
850 1105 1053 1158 οἰκουμένης
1092 1107 1152 1146 καὶ

126 1165 348 1213 πληθυούσης
364 1164 569 1218 ἀνθρώπων,
585 1164 679 1216 ὅμως
695 1167 730 1204 ἐν
745 1171 819 1210 ταῖς
832 1165 1036 1218 παροιμίαις
1046 1196 1057 1216 ,
1071 1164 1152 1204 ὅταν

127 1226 207 1278 περὶ
225 1223 375 1279 ἐρημίας
395 1223 499 1276 φάσιν
529 1224 734 1275 βουλώμεθα
750 1227 912 1271 ποιῆσαι,
928 1223 1040 1276 λέγειν
1060 1227 1155 1276 ἡμᾶς

129 1302 143 1317 «
155 1281 349 1337 ἐρημότερα
365 1285 427 1329 τῆς
444 1281 622 1331 Λιὸύης,»
637 1284 699 1321 οὖκ
715 1283 772 1321 ἐπὶ
786 1282 849 1330 τὴν
867 1282 1015 1336 ἐρημίαν
1034 1281 1155 1336 φέρον-

131 1358 193 1386 τας
213 1339 401 1392 τὸνλόγον,
423 1341 500 1379 ἀλλ’
518 1341 575 1379 ἐπὶ
588 1339 651 1389 τὴν
671 1341 854 1394 ἀνανδρίαν
871 1343 940 1380 τῶν
958 1341 1156 1380 κατοικούν-

128 1418 215 1440 των·
254 1401 402 1439 καθόλου
420 1400 475 1449 δὲ,
500 1401 602 1454 φησὶ,
633 1401 683 1445 τίς
708 1401 875 1455 φοὸηθείη
904 1400 985 1444 τοὺς
1016 1402 1153 1454 ἄνδρας,

129 1459 250 1503 οἵτινες
268 1463 330 1507 τῆς
364 1459 499 1513 φύσεως
521 1463 623 1498 τοῦτο
651 1466 721 1503 τοῖς
739 1458 932 1513 ἀνθρώποις
968 1458 1154 1501 δεδωκυίας

129 1519 214 1556 ἴδιον
232 1517 329 1570 παρὰ
343 1517 387 1556 τὰ
403 1517 511 1561 λοιπὰ
530 1521 600 1556 τῶν
620 1518 733 1571 ζῴων,
754 1519 846 1570 λέγω
872 1517 908 1556 δὲ
932 1516 994 1560 τὰς
1017 1523 1154 1571 χεῖρας,

128 1576 256 1620 ταύτας
274 1576 356 1630 παρ’
377 1575 454 1614 ὅλον
472 1576 529 1614 τὸν
546 1577 618 1628 βίον
639 1577 732 1620 ἐντὸς
747 1579 816 1615 τῶν
833 1575 992 1628 χιτώνων
1006 1574 1154 1628 ἔχοντες,

130 1634 329 1688 ἀπράκτους
349 1633 595 1688 περιφέρουσι,
619 1635 658 1673 τὸ
691 1634 726 1673 δὲ
755 1634 917 1686 μέγιστον
949 1634 982 1672 οἳ
1009 1634 1069 1672 καὶ
1089 1634 1156 1673 ὑπὸ

129 1699 200 1736 τοῖς
230 1692 472 1745 χιτωνίσκοις,
496 1693 596 1746 φησὶ,
631 1692 872 1747 περιζωμάτια
905 1696 1080 1746 φοροῦσιν,
1099 1691 1156 1731 ἵνα

131 1752 213 1803 μηδ’
222 1750 303 1790 ὅταν
324 1750 544 1790 ἀποθάνωσιν
564 1753 598 1790 ἐν
621 1758 692 1795 ταῖς
713 1752 858 1804 μάχαις,
873 1751 1011 1804 φανεροὶ
1024 1750 1157 1802 γένων-

128 1826 186 1848 ται
202 1816 271 1853 τοῖς
289 1810 526 1857 ὑπεναντίοις;

187 1873 315 1916 Quum
334 1869 668 1919 Carthaginienses
688 1869 889 1906 maximam
916 1869 994 1905 vim
1026 1869 1158 1919 copia-

129 1941 213 1965 rum
252 1928 291 1964 in
323 1927 489 1964 Siciliam
526 1927 782 1978 trajecissent,
819 1935 934 1977 atque
962 1928 1157 1964 Timoleon

130 1986 293 2023 militum
325 1998 484 2023 numero
511 1986 626 2036 longe
659 1986 818 2023 inferior
850 1993 983 2022 contra
1011 1985 1159 2023 hostem

130 2046 237 2094 signa
259 2052 502 2095 promoveret
517 2073 528 2091 ,
546 2044 726 2082 Thrasius
744 2043 899 2095 quidam
916 2044 955 2080 in
987 2044 1073 2094 ipso
1090 2044 1157 2081 iti-

129 2116 219 2140 nere
235 2102 461 2140 seditionem
477 2103 674 2150 excitavit,
696 2103 743 2140 ad
757 2103 1004 2140 certissimam
1022 2103 1159 2140 milites

129 2169 292 2199 mortem
322 2160 410 2198 duci
443 2160 652 2199 clamitans.
670 2165 765 2199 Tum
798 2161 942 2198 indicta
975 2161 1159 2198 concione

130 2220 305 2266 militari,
346 2219 543 2257 Diodorus
586 2223 692 2267 (XVI
705 2249 715 2267 ‚
749 2219 813 2271 79)
859 2220 933 2267 ait,
964 2219 1157 2257 Timoleon

128 2280 383 2329 exaggerando
399 2280 595 2316 Poenorum
609 2283 788 2329 ignaviam
802 2277 1056 2316 multitudinis
1072 2278 1158 2315 ani—

129 2349 211 2373 mos
225 2335 273 2373 ad
301 2337 468 2386 praelium
486 2336 729 2374 audentiores
757 2336 859 2376 fecit.
893 2337 1006 2374 Unde
1036 2337 1160 2373 elucet

130 2394 341 2433 Diodorum
362 2403 448 2433 ante
463 2396 595 2433 oculos
621 2394 801 2433 habuisse
828 2395 1040 2432 orationem
1058 2408 1078 2432 a
1091 2395 1160 2432 Ti—

129 2466 220 2490 maeo
237 2453 360 2491 datam
373 2454 614 2492 Timoleonti.
633 2457 723 2492 Haec
738 2454 930 2505 pertinent
938 2453 985 2491 ad
995 2453 1054 2492 Ol.
1072 2467 1084 2489 1
1098 2466 1111 2489 1
1121 2466 1158 2499 o,

136 2526 166 2547 1.
183 2515 268 2548 Jam
283 2525 374 2549 vero
388 2513 555 2550 vidimus
580 2513 832 2563 fragmentum
863 2526 946 2559 127,
974 2511 1079 2562 quod
1111 2510 1159 2548 ad

130 2570 225 2607 illud
246 2578 397 2621 tempus
411 2580 558 2621 spectat
570 2601 579 2618 ,
596 2585 673 2622 quo
686 2572 894 2621 Dionysius
905 2570 1038 2621 junior
1055 2583 1160 2608 sum—

131 2644 189 2668 ma
206 2631 330 2668 adhuc
353 2639 538 2682 potestate
558 2632 735 2682 vigebat,
752 2631 902 2669 disertis
918 2630 1047 2669 verbis
1062 2631 1158 2668 assi-

135 2734 301 2766 moleontis
318 2735 540 2767 exhortatione
562 2736 631 2768 haec
650 2735 695 2768 ait
713 2745 720 2766 :
741 2737 879 2772 «Quum
896 2735 983 2766 orbis
997 2735 1155 2766 terrarum

140 2780 181 2811 sit
195 2781 299 2812 omnis
317 2781 442 2813 divisus
458 2782 490 2813 in
506 2784 571 2814 tres
587 2786 704 2824 partes,
721 2784 752 2814 et
767 2782 829 2814 alia
841 2781 972 2823 quidem
992 2780 1079 2819 Asia,
1095 2780 1157 2811 alia

133 2828 238 2858 autem
260 2827 365 2859 Africa
378 2852 386 2867 ,
403 2829 498 2861 tertia
521 2832 648 2870 Europa
668 2829 855 2870 appelletur.
872 2842 888 2856 ιι
917 2830 996 2861 Haec
1008 2827 1154 2868 quidem,

135 2881 199 2903 non
216 2872 286 2905 dico
304 2875 474 2916 Timaeum,
488 2877 545 2908 sed
556 2885 596 2909 ne
611 2877 768 2917 Margiten
785 2877 917 2918 quidem
934 2874 1026 2907 illum
1043 2875 1151 2916 protu-

137 2919 221 2958 lisse,
251 2921 402 2954 credibile
429 2923 589 2955 videatur.
618 2923 699 2962 Quis
717 2926 766 2956 est
792 2923 878 2956 enim
901 2922 980 2955 adeo
1010 2922 1157 2962 ignarus,

135 2975 198 2996 non
206 2966 330 2998 illorum
341 2969 395 3008 qui
404 2970 546 3002 historiis
554 2971 794 3004 conscribendis
801 2980 930 3012 operam
942 2970 1109 3004 dederunt,
1119 2969 1155 2986 **

175 3013 296 3044 Rursus
311 3022 411 3053 quum
419 3016 584 3049 Timoleon
600 3018 632 3049 in
649 3018 762 3050 eodem
775 3017 857 3050 libro
870 3019 1000 3050 Graecos
1015 3017 1159 3048 adhorta-

136 3060 190 3088 tur
202 3058 242 3088 ad
262 3062 529 3094 committendum
551 3072 624 3095 cum
647 3063 966 3105 Carthaginiensibus
981 3063 1131 3105 proelium
1145 3084 1156 3099 ,

138 3113 303 3144 qmimque
314 3107 378 3146 jam
396 3117 509 3141 manus
525 3119 598 3142 cum
621 3112 713 3143 hoste
737 3111 840 3143 multo
856 3111 1035 3152 copiosiore
1051 3110 1161 3142 essent

138 3152 328 3192 conserturi,
342 3154 479 3193 primum
493 3157 624 3195 quidem
640 3159 721 3197 orat,
741 3167 781 3190 ne
791 3158 1032 3190 multitudinem
1051 3158 1161 3189 adver-

136 3197 294 3228 sariorum
322 3200 541 3241 considerent,
572 3203 627 3234 sed
655 3204 817 3237 imbellem
848 3205 1010 3244 animum3
1044 3204 1162 3246 quippe

137 3247 262 3280 etiamsi
277 3249 378 3290 Libya
389 3252 594 3286 multitudine
605 3255 771 3288 hominum
786 3257 906 3298 ubique
919 3259 1003 3289 esset
1016 3257 1162 3297 frequen-

138 3297 222 3334 tata,
242 3295 451 3328 nihilominus
475 3299 502 3329 si
524 3301 652 3339 quando
672 3303 835 3335 desertum
860 3304 968 3335 locum
991 3303 1162 3344 proverbio

137 3340 302 3381 designare
316 3343 483 3382 vellemus,
500 3353 573 3376 eum
590 3355 650 3378 nos
671 3360 685 3374 a
695 3349 779 3388 plus
797 3358 906 3390 quam
922 3350 1066 3390 Libyam
1079 3351 1161 3382 soli-

137 3387 271 3420 tarium
288 3401 302 3416 υ
320 3388 436 3428 dicere,
453 3391 624 3423 referentes
641 3393 722 3425 hanc
737 3395 958 3435 loquutionem
976 3405 1040 3428 non
1054 3397 1094 3429 ad
1113 3406 1164 3429 so-

1179 430 1196 2675 M&

915 199 1081 238 TlMAEl
1108 197 1440 239 FRAGMENTA.

1210 285 1316 336 gnari
1334 285 1435 324 libro
1444 286 1626 324 vicesimo
1640 287 1827 334 secundo,
1845 288 1911 337 qui
1930 287 2019 325 libri
2038 301 2231 338 numerus,

1208 343 1239 380 si
1272 344 1530 381 antecedentia
1556 352 1727 395 reputes,
1749 345 1892 396 optime
1918 345 2068 383 videtur
2085 360 2231 384 conve—

1209 402 1301 439 nire.
1326 406 1459 453 Itaque
1477 416 1595 454 quum
1615 403 1654 440 in
1672 403 1921 453 sequentibus
1945 417 2080 454 magna
2107 419 2233 445 rerum

1210 473 1230 496 a
1243 461 1366 498 Dione
1381 469 1418 498 et
1431 462 1671 499 Timoleonte
1688 469 1878 511 gestarum
1896 463 2015 500 moles
2025 465 2234 502 enarranda

1211 518 1342 566 fuerit,
1363 533 1487 569 neque
1510 521 1669 558 nimium
1695 520 1874 557 brevitati
1898 522 2060 559 Timaeus
2083 522 2235 560 studere

1209 578 1350 624 soleat,
1378 578 1485 615 vides
1519 579 1609 616 satis
1646 592 1784 629 magno
1822 579 2007 617 librorum
2037 581 2235 619 intervallo

1209 636 1455 674 Timoleontis
1484 645 1619 674 contra
1651 637 1980 687 Carthaginienses
2015 652 2184 690 pugnam
2214 652 2236 677 a

1210 694 1341 744 primis
1362 696 1539 746 Dionysii
1564 697 1716 746 tyranni
1742 697 1849 734 annis
1879 697 2088 747 sejunctam
2120 698 2236 736 fuisse

1209 752 1360 791 debere.
1379 758 1432 791 Ac
1449 755 1630 804 quoniam
1662 768 1824 805 sequens
1850 755 2105 806 fragmentum
2135 757 2237 795 libro

1209 812 1392 849 vicesimo
1411 820 1547 850 octavo
1567 813 1801 863 assignatum
1816 841 1826 859 ‚
1843 814 1916 850 nisi
1933 815 2061 851 omnia
2077 827 2138 852 rne
2164 815 2235 852 sal-

1209 869 1304 917 lunt,
1331 870 1378 907 ad
1401 871 1650 908 Nicodemum
1669 872 2003 922 Centoripinorum
2035 881 2238 922 tyrannum

1210 929 1453 967 referendum
1469 930 1536 977 sit,
1557 943 1692 980 quem,
1709 930 1821 967 sicuti
1847 930 1944 968 alios
1971 931 2133 979 multos,
2151 939 2239 982 post

1211 996 1445 1039 reportatam
1463 988 1510 1026 de
1524 989 1644 1026 Poenis
1664 989 1860 1026 victoriam
1882 989 2079 1027 Timoleon
2096 989 2238 1028 exstir-

1213 1047 1319 1097 pavit
1337 1047 1464 1098 (Diod.
1483 1051 1594 1094 XVI,
1615 1047 1679 1098 82)
1696 1062 1703 1084 :
1719 1047 1910 1097 probabili
1921 1048 2141 1098 conjectura
2156 1047 2240 1086 effi·-

1212 1107 1326 1155 citur,
1341 1114 1383 1142 ut
1397 1106 1510 1143 etiam
1535 1107 1662 1143 locum
1693 1119 1714 1143 e
1741 1105 1901 1156 Polybio
1920 1106 2164 1158 depromtum
2192 1107 2240 1145 ad

1212 1165 1376 1202 eundem
1410 1164 1573 1211 librum,
1604 1165 1665 1202 vel
1681 1165 1729 1201 ad
1757 1166 1933 1215 proxime
1963 1165 2240 1216 subsequentes

1212 1223 1458 1273 relegandum
1476 1231 1665 1274 putemus.
1679 1226 1802 1270 Quam
1822 1223 1873 1261 ob
1891 1238 1972 1261 rem
1996 1233 2062 1262 aut
2085 1238 2156 1275 pro
2177 1230 2242 1278 μιᾷ

1212 1280 1272 1318 καὶ
1286 1282 1425 1332 εἰκοστῇ
1444 1281 1689 1319 scribendum
1704 1283 1923 1332 putaverim
1937 1281 2001 1336 μιᾷ
2016 1282 2078 1321 καὶ
2095 1298 2242 1335 τριακο-

1213 1343 1293 1392 στῇ,
1313 1349 1378 1378 aut
1397 1354 1644 1378 numerorum
1661 1341 1752 1391 sigla
1768 1340 1825 1380 κα’
1838 1350 1879 1379 et
1896 1339 2060 1379 xe'inter
2077 1355 2116 1380 se
2135 1355 2242 1380 com-

1213 1407 1358 1436 mutata
1376 1413 1470 1438 esse.
1506 1399 1611 1438 idem
1639 1399 1740 1437 cadit
1759 1401 1800 1437 in
1827 1401 1988 1438 alterum
2012 1400 2163 1451 Polybii
2179 1401 2241 1439 lo-

1214 1472 1320 1505 cum,
1339 1457 1407 1495 ubi
1426 1458 1545 1496 verba
1564 1459 1599 1496 ἐν
1622 1460 1666 1509 τῇ
1689 1459 1777 1511 αὐτῇ
1801 1457 1911 1511 βίὸλῳ
1933 1458 2058 1496 videri
2082 1468 2242 1510 possunt

1214 1518 1452 1567 excerptoris
1471 1531 1564 1555 esse.
1592 1519 1685 1554 Nam
1711 1517 1793 1555 fieri
1822 1531 1899 1554 non
1917 1517 2065 1567 potuit,
2092 1526 2135 1555 ut
2160 1517 2243 1568 ipse

1214 1575 1397 1625 Polybius
1417 1576 1564 1613 diceret
1579 1576 1840 1614 Hermocratis
1855 1576 2067 1614 orationem
2082 1606 2092 1623 ,
2104 1576 2152 1615 de
2168 1590 2243 1627 qua

1215 1636 1253 1673 in
1271 1634 1569 1686 praecedentibus
1583 1634 1812 1672 disseruerat
1827 1633 1869 1686 (f.
1887 1633 1967 1685 97),
1983 1642 2022 1672 et
2033 1635 2243 1673 Timoleon-

1216 1694 1263 1731 tis
1277 1693 1325 1731 ad
1343 1694 1482 1731 milites
1506 1693 1812 1731 exhortationem
1833 1694 1870 1730 in
1886 1692 2022 1731 eodem
2050 1693 2150 1731 libro
2178 1707 2243 1732 re·-

1217 1753 1344 1803 periri.
1370 1755 1457 1790 Non
1485 1752 1539 1789 ita
1559 1761 1684 1789 tamen
1705 1764 1820 1802 quam
1841 1751 1958 1788 modo
1981 1751 2067 1789 dedi
2097 1752 2152 1789 rei
2172 1765 2242 1789 ex-

1218 1810 1405 1862 plicandae
1434 1811 1622 1847 rationem
1643 1811 1877 1860 amplector,
1912 1818 1956 1847 ut
1984 1811 2168 1859 alteram,
2198 1824 2241 1847 ex

1218 1884 1294 1921 qua
1309 1869 1492 1920 Polybius
1512 1870 1625 1907 aliam
1643 1882 1757 1920 quam
1777 1869 1975 1906 Athenaeus
1994 1870 2128 1907 Timaei
2146 1883 2244 1920 ope-

1219 1930 1270 1966 ris
1287 1928 1516 1965 divisionem
1545 1935 1698 1965 secutus
1723 1928 1794 1975 sit,
1816 1928 1943 1965 locum
1965 1928 2107 1966 habere
2133 1941 2246 1979 posse

1218 2000 1366 2037 negem.
1396 1989 1438 2023 V.
1460 1986 1724 2037 praefationem
1753 1985 1800 2024 de
1827 1986 1907 2023 vita
1932 1994 1970 2024 et
1992 1987 2145 2037 scriptis
2168 1987 2241 2025 'ri-

1219 2045 1312 2083 maei.
1702 2037 1707 2045 ’

1694 2121 1781 2160 135.

1273 2192 1480 2230 Athenaeus
1494 2193 1572 2237 XI,
1592 2191 1628 2238 6,
1653 2204 1690 2241 p.
1721 2197 1810 2239 471,
1834 2192 1861 2229 F
1878 2205 1886 2228 ε
1906 2190 2057 2241 Τίμαιος
2083 2190 2114 2227 δ’
2142 2191 2178 2230 ἐν
2199 2193 2244 2244 τῇ

1219 2249 1323 2302 ὀγδόῃ
1347 2249 1405 2288 καὶ
1431 2250 1571 2298 εἰκοστῇ
1598 2250 1666 2286 τῶν
1693 2247 1884 2302 Ἱστοριῶν,
1914 2247 2113 2302 θηρικλείαν
2145 2249 2244 2287 καλεῖ

1219 2308 1282 2355 τὴν
1304 2307 1452 2357 κύλικα,
1469 2306 1612 2359 γράφων
1635 2305 1763 2351 οὕτως·
1785 2324 1800 2340 «
1816 2306 2010 2351 Πολύξενός
2039 2322 2091 2350 τις
2121 2308 2190 2345 τῶν
2206 2307 2245 2345 ἐκ

1219 2365 1458 2421 Ταυρομενίου
1497 2365 1777 2413 καθεστηκότων,
1804 2365 1945 2418 ταχθεὶς
1973 2365 2030 2404 ἐπὶ
2067 2364 2131 2413 τὴν
2157 2380 2245 2419 πρε·

1220 2425 1355 2473 σὸείαν,
1372 2423 1476 2477 ἕτερά
1495 2440 1534 2462 τε
1552 2425 1647 2475 δῶρα
1675 2423 1773 2478 παρὰ
1795 2428 1855 2463 τοῦ
1877 2423 2080 2476 Νικοδήμου
2097 2423 2157 2466 καὶ
2175 2422 2243 2462 κύ-

1218 2485 1301 2522 λικα
1318 2482 1516 2537 θηρικλείαν
1529 2482 1647 2521 λαὸὼν
1662 2484 1872 2530 ἐπανῆκεν.»

1696 2559 1781 2597 136.

1275 2628 1413 2666 Strabo
1437 2631 1550 2679 XIV,
1581 2642 1619 2679 p.
1637 2631 1713 2674 640
1731 2644 1743 2665 :
1762 2629 1834 2668 Τὸν
1849 2628 1934 2668 νεὼν
1968 2631 2030 2676 τῆς
2050 2628 2244 2683 Ἀρτέμιδος
2305 2642 2310 2658 s

1210 2732 1402 2770 litudinem‚
1434 2741 1548 2763 verum
1579 2732 1620 2763 ad
1645 2732 1824 2764 incolarum
1847 2733 2020 2773 ignaviam.
2057 2735 2095 2765 In
2117 2741 2244 2768 summa

1208 2780 1281 2820 quis
1297 2781 1439 2818 metuat,
1460 2778 1526 2817 ait,
1541 2781 1648 2817 viros,
1665 2780 1720 2819 qui
1737 2779 1770 2811 id
1781 2803 1791 2818 ,
1806 2780 1891 2820 quod
1906 2781 2020 2811 natura
2034 2788 2102 2820 prae
2128 2779 2242 2812 ceteris

1209 2825 1427 2857 animantibus
1450 2825 1614 2866 proprium
1630 2825 1812 2857 hominibus
1834 2826 1935 2864 dedit,
1945 2834 2061 2858 manus
2081 2826 2166 2865 dico,
2186 2834 2243 2867 pet

1211 2881 1340 2904 omnem
1353 2872 1453 2903 vitam
1467 2871 1550 2903 intra
1566 2872 1691 2904 tunicas
1707 2873 1873 2904 continent
1888 2873 2121 2905 inertissimas?
2142 2872 2242 2914 quod.
2298 2890 2299 2893 =

1210 2929 1273 2960 que
1289 2919 1487 2960 praecipuum
1501 2921 1560 2957 est,
1577 2919 1631 2960 qui
1647 2919 1709 2951 sub
1723 2919 1874 2951 tunIculis
1890 2919 2102 2960 subligacula,
2118 2918 2240 2961 inquit,
2285 2956 2289 2957 ⁷

1211 2969 1347 3007 gestant,
1367 2968 1402 2997 ut
1419 2974 1460 2997 ne
1476 2965 1509 2996 in
1525 2965 1647 3006 proeliis
1662 2965 1794 3006 quidem
1808 2965 1960 2998 exstincti
1982 2965 2166 3007 aspectibus
2187 2966 2242 2998 ho-

1213 3014 1310 3045 stium
1332 3014 1473 3054 pateant.

1685 3061 1770 3093 135.

1256 3112 1398 3144 Timaeus
1422 3120 1500 3144 vero
1528 3114 1644 3144 octavo
1671 3114 1702 3143 et
1728 3112 1883 3143 vicesimo
1911 3111 2128 3144 Historiarum
2158 3112 2239 3145 libro

1215 3158 1411 3191 tlaericleam
1423 3160 1517 3190 vocat
1532 3159 1620 3190 hunc
1633 3158 1778 3198 calicem,
1787 3159 1832 3190 ita
1843 3158 2003 3190 scribens:
2022 3172 2036 3186 α
2046 3158 2240 3199 Polyxenus.

1213 3214 1299 3237 unus
1314 3214 1354 3236 ex
1376 3205 1417 3236 iis
1430 3205 1485 3245 qui
1504 3214 1523 3236 a
1542 3205 1776 3237 Tauromenitis
1800 3205 1920 3245 (legati)
1939 3206 2104 3238 constituti
2121 3206 2236 3246 erant,
2269 3207 2287 3229 ἐ

1214 3252 1363 3292 princeps
1376 3250 1553 3291 legationis,
1570 3260 1644 3283 cum
1659 3250 1739 3290 aliis,
1755 3260 1774 3283 a
1786 3252 1959 3284 Nicodemo
1969 3252 2120 3293 acceptis,
2133 3251 2238 3291 donis,
2281 3278 2283 3281 .

1215 3300 1287 3331 tum
1308 3297 1472 3330 thericlea
1491 3298 1599 3338 calice,
1618 3298 1722 3330 rediit.
1742 3311 1757 3326 »

1258 3397 1428 3438 Templum
1437 3397 1548 3430 Diauae
1556 3397 1605 3439 pri
1608 3353 1916 3431 muslaigliitectatus
1931 3401 1980 3431 est
1990 3397 2210 3439 Chersiphron
2225 3405 2234 3428 ε
