2320 3684
737 137 1072 194 APOLLODORI
1100 148 1461 190 BIBLIOTHECAE
1489 151 1523 202 Ι,
1552 157 1589 189 9.

64 235 200 284 Νηλέα.
216 237 232 263 ²
252 234 503 280 Τελειωθέντες
520 235 557 272 δὲ
577 232 814 287 ἀνεγνώρισαν
845 232 910 280 τὴν
941 233 1091 288 μητέρα,

63 295 123 334 καὶ
146 294 210 343 τὴν
235 294 406 349 μητρυιὰν
439 293 646 333 ἀπέκτειναν
672 291 835 346 Σιδηρώ·
870 292 1093 344 κακουμένην

61 352 129 408 γὰρ
148 353 286 406 γνόντες
301 353 362 392 ὑπ’
379 355 486 400 αὐτῆς
499 350 564 399 τὴν
585 349 743 404 μητέρα,
762 349 934 405 ὥρμησαν
956 350 1010 388 ἐπ’
1028 352 1094 388 αὐ-

61 412 139 459 τήψ
164 415 187 459 ἡ
209 411 246 450 δὲ
268 411 449 465 φθάσασα,
472 411 519 453 εἰς
535 409 576 448 τὸ
592 411 655 456 τῆς
682 407 799 462 σΗρας
824 407 968 460 τέμενος
984 407 1093 447 κατέ-

61 486 160 524 φυγε.
181 471 313 514 Πελίας
331 470 369 509 δὲ
395 469 451 508 ἐπ’
471 470 584 507 αὐτῶν
604 470 674 507 τῶν
704 470 834 520 βωμῶν
860 466 969 515 αὐτὴν
988 467 1094 507 κατέ-

61 529 189 584 σφαξε·
222 529 281 568 καὶ
308 527 458 567 καθόλου
490 526 635 566 διετέλει
659 526 724 574 τὴν
748 525 868 581 ’Ἥραν
899 525 1092 578 ἀτιμάζων.

5 637 10 641 ,
60 589 120 640 (9)
151 587 389 629 Ἐστασίασαν
407 585 444 625 δὲ
463 585 606 641 ὕστερον
623 586 709 640 πρὸς
725 585 908 633 ἀλλήλους.
929 586 1000 625 Καὶ
1017 588 1093 634 Νη-

59 646 139 691 λεὺς
156 646 223 699 μὲν
240 643 418 694 ἐκπεσὼν,
442 639 527 692 ἧκεν
560 646 608 689 εἷς
639 644 831 692 Μεσσήνην
845 678 857 694 ,
890 644 949 683 καὶ
971 645 1090 685 Πύλον

59 705 180 751 κτίζει·
200 705 260 744 καὶ
278 709 386 756 γαμεῖ
399 702 565 758 Χλωρίδα
581 702 645 750 τὴν
664 703 866 758 Ἀμφίονος,
887 702 922 748 ἐξ
941 697 982 750 ἧς
996 704 1092 758 αὐτῷ

58 763 192 816 γίνεται
215 762 371 817 θυγάτηρ
400 762 464 814 μὲν
491 761 618 817 Πηρώ·
647 761 785 816 ἄῤῥενες
811 761 848 800 δὲ
874 765 1013 816 Ταῦρος
1031 763 1090 802 καὶ

59 820 249 876 Ἀστέριος,
271 820 447 871 Πυλάων,
471 820 675 874 Δηίμαχος,
693 820 885 874 Εὗρύὸιος,
909 821 1089 872 Ἔπίδαος,

59 881 211 931 Ῥάδιος,
234 880 458 937 Εὐρυμένης,
480 881 682 936 Εὐαγόρας,
703 881 910 936 Ἀλάστωρ,
927 881 1089 936 Νέστωρ,

59 940 358 996 Περικλύμενος.2
376 935 424 997 ’ᾯ
445 939 486 988 δὴ
509 941 690 980 Ποσειδῶν
718 940 840 980 δίδωσι
857 940 1089 992 μεταὸάλλειν

58 1000 120 1045 τὰς
140 1000 286 1055 μορφάς.
307 1000 380 1040 Καὶ
400 999 623 1054 μαχόμενος,
639 999 697 1039 ὅτε
718 1000 898 1054 Ἡρακλῆς
917 999 1091 1055 ἐξεπόρθει

59 1058 178 1100 Πύλον
190 1090 202 1108 ,
220 1057 400 1112 γινόμενος
417 1058 474 1098 ὁτὲ
495 1058 559 1111 μὲν
578 1058 668 1098 λέων
681 1090 691 1109 ,
717 1058 775 1099 ὁτὲ
802 1059 839 1098 δὲ
856 1059 953 1113 ὄφις,
978 1057 1036 1098 ὁτὲ
1054 1057 1090 1097 δὲ

58 1117 230 1170 μέλισσα,
263 1118 320 1173 ὕφ’
345 1116 560 1173 Ἡρακλέους
587 1117 677 1170 μετὰ
700 1120 770 1157 τῶν
801 1117 917 1157 ἄλλων
944 1117 1092 1166 Νηλέως

56 1177 192 1217 παίδων
213 1176 396 1217 ἀπέθανεν.
415 1178 432 1204 ³
452 1176 596 1225 Ἐσώθη
609 1176 646 1216 δὲ
665 1177 814 1232 Νέστωρ
833 1178 948 1229 μόνος,
969 1176 1088 1224 ἐπειδὴ

56 1235 154 1290 παρὰ
178 1236 356 1291 Γερηνίοις
385 1235 559 1291 ἐτρέφετο·
590 1236 626 1281 ὃς
653 1236 771 1289 γήμας
802 1236 996 1282 Ἀναξιὸίαν
1025 1235 1089 1284 τὴν

58 1294 251 1349 Κρατιέως,
269 1294 459 1349 θυγατέρας
478 1295 542 1347 μὲν
560 1295 765 1344 Πεισιδίκην
782 1296 842 1335 καὶ
852 1295 1089 1343 Πολυκάστην

56 1352 233 1405 ἐγέννησε·
264 1355 392 1398 παῖδας
415 1353 472 1403 δὲ,
502 1353 645 1408 Περσέα
660 1385 670 1403 ,
703 1355 875 1409 Στρατίον
887 1386 896 1404 ,
928 1353 1090 1409 Ἄρητον,

58 1411 279 1467 Ἐχέφρονα,
300 1412 570 1467 Πεισίστρατον,
591 1413 791 1466 Ἀντίλοχον
804 1445 814 1462 ,
832 1413 1089 1468 Θρασυμήδην.

111 1473 188 1523 (10)
203 1471 335 1516 Πελίας
352 1471 389 1510 δὲ
402 1471 481 1526 περὶ
499 1472 702 1511 Θεσσαλίαν
716 1471 882 1526 κατῴκει,
902 1472 960 1511 καὶ
975 1472 1091 1524 γήμας

56 1529 251 1575 Ἀναξιὸίαν
265 1530 329 1578 τὴν
351 1530 515 1580 Βίαντος,
535 1533 582 1575 ὣς
601 1530 638 1568 δὲ
667 1530 752 1570 ἔνιοι
782 1531 944 1583 λέγουσι,
971 1533 1089 1571 Φιλο-

56 1588 178 1641 μάχην
197 1588 260 1637 τὴν
279 1588 482 1643 Ἀμφίονος,
501 1588 666 1641 ἐγέννησε
687 1590 799 1628 παῖδα
817 1589 880 1641 μὲν
903 1588 1089 1640 Ἄκαστον,

55 1647 246 1703 θυγατέρας
263 1647 300 1687 δὲ
316 1648 537 1697 Πεισιδίκην,
557 1647 770 1698 Πελόπειαν,
788 1647 994 1699 Ἱπποθόην,
1008 1649 1091 1689 Ἄλ-

54 1726 190 1759 κηστιν.

109 1770 186 1821 (11)
207 1769 366 1824 Κρηθεὺς
385 1769 422 1808 δὲ
453 1769 576 1814 κτίσας
599 1769 757 1819 Ἰωλκὸν,
775 1776 882 1822 γαμεῖ
899 1770 1006 1825 Τυρὼ
1024 1772 1088 1820 τὴν

56 1828 300 1881 Σαλμωνέως,
318 1829 396 1882 [τὴν
427 1831 533 1869 αὐτοῦ
561 1830 778 1884 ἀδελφιδῆν,]
799 1829 834 1875 ἐξ
854 1826 895 1879 ἧς
918 1832 1014 1884 αὐτῷ
1029 1831 1089 1883 γί-

53 1903 169 1927 νονται
186 1889 306 1933 παῖδες
317 1919 327 1938 ,
344 1888 479 1938 Αἴσων,
500 1888 696 1940 Ἀμυθάων,
714 1888 847 1942 Φέρης.
862 1888 864 1891 ’

104 1948 122 1973 ²
142 1947 325 1999 Ἀμυθάων
344 1946 407 2000 μὲν
426 1942 485 1987 οῧν
500 1949 605 1987 οἰκῶν
624 1947 758 1997 Πύλον,
774 1947 971 2000 Εἰδομένην
981 1955 1089 2001 γαμεῖ

52 2005 114 2054 τὴν
134 2005 314 2062 Φέρητος,
331 2007 390 2046 καὶΙ
411 2007 566 2059 γίνονται
579 2008 702 2051 παῖδες
722 2009 818 2061 αὐτῷ
833 2007 919 2052 Βίας
933 2007 993 2047 καὶ
1014 2010 1087 2047 Με-

51 2065 220 2117 λάμπους.
236 2067 252 2092 3
271 2066 340 2110 ζ’ος
356 2066 413 2105 ἐπὶ
432 2069 501 2105 τῶν
522 2066 662 2121 χωρίων
684 2067 866 2116 διατελῶν,
885 2067 990 2116 οὔσης
1019 2068 1088 2122 πρὸ

50 2127 114 2171 τῆς
131 2125 299 2172 οἰκήσεως
318 2126 424 2164 αὐτοῦ
445 2125 565 2180 δρυὸς,
592 2127 628 2164 ἐν
648 2119 673 2177 ᾗ
693 2125 825 2179 φωλεὸς
843 2125 954 2180 ὄφεων
975 2129 1088 2181 ὑπῆρ-

49 2197 125 2235 χεν,
144 2184 424 2223 ἀποκτεινάντων
448 2187 517 2223 τῶν
538 2183 760 2238 θεραπόντων
790 2183 870 2229 τοὺς
899 2185 1015 2240 ὄφεις,
1042 2186 1086 2224 τὰ

50 2240 114 2292 μὲν
134 2243 281 2296 ἑρπετὰ,
301 2242 386 2288 ξύλα
404 2243 633 2297 συμφορήσας
648 2274 658 2293 ,
685 2243 813 2282 ἔκαυσε
825 2275 836 2293 ,
855 2243 935 2288 τοὺς
958 2243 995 2283 δὲ
1016 2247 1086 2284 τῶν

43 2299 160 2355 ’ὄφεων
174 2301 346 2353 νεοσσοὺς
362 2301 516 2356 ἔθρεψεν.
538 2304 585 2342 Οἱ
603 2300 640 2340 δὲ
659 2301 841 2353 γενόμενοι
859 2301 1004 2351 τέλειοι,
1025 2319 1087 2342 πε-

50 2360 228 2414 ριστάντες
247 2362 343 2414 αὐτῷ
362 2360 575 2412 κοιμωμένῳ
600 2363 671 2399 τῶν
702 2360 810 2413 ὤμων
839 2360 873 2406 ἐξ
897 2360 1085 2416 ἑκατέρου,

49 2417 110 2462 τὰς
129 2419 236 2463 ἀκοὰς
252 2425 328 2463 ταῖς
342 2418 521 2471 γλώσσαις
543 2418 777 2473 ἐξεκάθαιρον.
799 2418 844 2458 Ὁ
865 2418 902 2458 δὲ
913 2419 1085 2469 ἀναστὰς,

49 2477 108 2516 καὶ
133 2476 317 2530 γενόμενος
337 2477 520 2532 περιδεὴς,
539 2479 610 2516 τῶν
638 2477 931 2532 ὑπερπετομένων
955 2478 1084 2531 ὀρνέων

47 2535 109 2580 τὰς
127 2536 242 2591 φωνὰς
260 2536 386 2576 συνίει·
405 2537 466 2575 καὶ
482 2537 566 2592 παρ’
583 2536 724 2575 ἐκείνων
755 2537 956 2588 μανθάνων,
973 2538 1085 2593 προῦ-

27 2596 125 2648 ’λεγε
141 2602 211 2641 τοῖς
226 2594 420 2650 ἀνθρώποις
436 2596 480 2636 τὰ
504 2595 692 2648 μέλλοντα.
730 2595 939 2650 Προσέλαὸε
965 2596 1002 2636 δὲ
1023 2598 1084 2637 καὶ

46 2653 110 2702 τὴν
133 2654 191 2694 ἐπὶ
222 2658 292 2694 τῶν
311 2658 413 2710 ἱερῶν
446 2655 632 2707 μαντικήν.
653 2654 744 2709 Περὶ
776 2654 814 2694 δὲ
839 2655 898 2695 τὸν
927 2655 1083 2710 Ἀλφειὸν

48 2712 226 2767 συντυχὼν
247 2713 463 2763 Ἀπόλλωνι,
479 2714 519 2753 τὸ
534 2714 656 2753 λοιπὸν
677 2714 817 2769 ἄριστος
832 2709 875 2762 ἦν
894 2715 1028 2766 μάντις.

47 2826 50 2827 ⁷
100 2773 178 2826 (12)
204 2773 289 2818 Βίας
305 2773 343 2812 δὲ
363 2777 382 2813 ὃ
401 2773 610 2825 Ἀμυθάονος
633 2773 866 2826 ἐμνηστεύετο
884 2774 999 2827 Πηρὼ
1017 2775 1081 2823 τὴν

47 2830 192 2879 Νηλέως
203 2847 210 2855 ·
229 2835 247 2870 ὁ
266 2831 302 2870 δὲ
315 2833 455 2870 πολλῶν
471 2833 567 2885 αὐτῷ
586 2831 878 2883 μνηστευομένων
896 2832 961 2879 τὴν
979 2835 1082 2884 θυγα-

45 2888 149 2943 τέρα,
180 2889 303 2929 δώσειν
337 2889 403 2952 ἔφη
432 2893 483 2944 τῷ
498 2890 561 2935 τὰς
587 2890 759 2930 Φυλάκου
786 2890 868 2943 βόας
895 2891 1082 2943 κομίσαντι

46 2949 150 3003 αὐτῷ.
168 2943 283 2989 Αἶται
302 2949 338 2988 δὲ
357 2953 447 2998 ἠσαν
472 2952 507 2989 ἐν
527 2951 701 3004 Φυλάκῃ,
719 2951 779 2989 καὶ
801 2950 895 2989 κύων
924 2949 1082 3003 ἐφύλασ-

45 3021 102 3046 σεν
117 3007 244 3060 αὗτὰς,
267 3002 315 3047 ῶν
342 3008 421 3048 οὔτε
441 3009 643 3064 ἄνθρωπος,
662 3010 740 3049 οὔτε
758 3009 875 3063 θηρίον
895 3011 1003 3053 πέλας
1025 3011 1082 3049 ἐλ-

45 3067 112 3104 θεῖν
124 3065 285 3113 ἠδύνατο.
302 3068 319 3092 2
337 3067 479 3112 Ταύτας
486 3069 666 3107 ἀδυνατῶν
675 3068 761 3113 Βίας
773 3067 834 3113 τὰς
844 3067 926 3121 βόας
939 3067 1080 3122 κλέψαι,

46 3124 236 3178 παρεκάλει
257 3125 316 3164 τὸν
339 3127 486 3181 ἀδελφὸν
510 3127 758 3167 συλλάὸεσθαι.
796 3127 1017 3178 Μελάμπους
1044 3127 1080 3166 δὲ

46 3181 237 3234 δπέσχετο,
256 3184 316 3223 καὶ
338 3191 516 3239 προεῖπεν,
540 3185 594 3224 ὅτι
630 3186 876 3241 φωραθήσεται
904 3186 1079 3231 κλέπτων,

43 3241 102 3280 καὶ
120 3242 226 3286 δεθεὶς
241 3244 410 3293 ἐνιαυτὸν,
424 3244 516 3283 οὕτω
529 3245 592 3289 τὰς
612 3244 692 3298 βόας
706 3245 866 3300 λήψεται.
886 3246 902 3271 ³
922 3244 1023 3283 Μετὰ
1043 3244 1080 3282 δὲ

43 3298 105 3348 τὴν
127 3300 316 3353 ὑπόσχεσιν
336 3304 383 3347 εἷς
400 3305 574 3351 Φυλάκην
591 3304 714 3357 ἀπῄει·
734 3304 793 3343 καὶ
812 3304 970 3356 καθάπερ
990 3318 1078 3355 προ-

2107 161 2176 194 117

1148 244 1205 276 vit.
1219 250 1232 269 ³
1248 248 1311 284 Qui
1325 257 1427 289 quum
1443 250 1483 282 ad
1510 249 1635 282 virilem
1662 251 1791 282 aetatem
1819 250 2057 291 pervenissent,
2072 252 2180 292 agnita

1148 305 1262 344 matre,
1276 306 1387 339 sidero
1401 308 1472 349 ejus
1485 316 1659 341 novercam
1677 308 1835 341 occidere.
1852 311 2078 350 cognoverant
2094 311 2179 342 enim

1149 365 1284 395 matrem
1298 365 1339 397 ab
1349 375 1387 398 ea
1400 368 1484 400 male
1499 367 1642 401 habitam
1653 377 1735 401 esse.
1749 368 1811 401 Sed
1827 368 1883 400 ubi
1897 368 2053 410 impetum
2068 369 2179 402 ineam

1146 419 1302 462 fecerunt,
1319 423 1385 456 cito
1395 425 1428 456 in
1445 426 1584 459 Junonis
1599 427 1757 468 templum
1775 426 1931 467 confugit,
1944 426 2000 459 ubi
2018 427 2122 459 Pelias
2138 428 2178 461 ad

1147 477 1251 520 ipsam
1269 488 1357 513 aram
1374 491 1445 515 eam
1462 485 1634 525 jugulavit,
1647 485 1736 518 nulla
1747 488 1766 519 J
1770 486 1887 518 unonis
1902 486 1972 518 deae
1991 486 2114 519 ratione
2129 487 2180 519 ha-

1146 537 1216 570 bita
1228 560 1238 577 ,
1255 548 1354 579 quam
1380 541 1478 573 etiam
1500 545 1613 583 postea
1627 552 1754 585 semper
1775 544 1964 586 negligebat.
1983 545 2028 586 (9)
2056 545 2180 577 Deinde

1146 607 1224 631 vero
1239 598 1355 631 fratres
1370 599 1454 631 inter
1466 608 1501 632 se
1516 601 1732 634 dissederunt.
1750 604 1793 635 Et
1814 603 1930 636 Neleus
1942 602 2074 644 quidem
2091 603 2179 636 Iolco

1144 656 1300 698 expulsus
1308 657 1343 689 in
1352 659 1522 691 Messenen
1529 659 1762 702 commigravit,
1771 661 1838 701 ubi,
1855 661 1934 703 Pylo
1946 661 2026 694 urbe
2035 662 2177 701 condita,

1144 714 1343 754 Chloridem,
1352 715 1543 756 Amphionis
1550 715 1659 756 filiam,
1668 718 1729 750 sibi
1738 719 1914 760 copulavit,
1925 729 1963 752 ex
1973 728 2074 760 eaque
2081 719 2177 751 liliam

1143 773 1353 814 genuitPero,
1366 773 1449 806 filios
1463 783 1542 807 vero
1558 777 1712 817 Taurum,
1728 778 1900 818 Asterium,
1913 778 2178 819 Pylaonem,Dei-

1143 831 1309 873 machum‚
1338 831 1533 873 Eurybium,
1555 833 1727 874 Epidamn,
1744 836 1918 877 Rhadium,
1945 840 2175 878 Eurymenem,

1143 891 1336 931 Evagoram‚
1352 891 1545 931 Alastorem,
1560 893 2041 936 Nestorem,Periclymenuni,²
2051 897 2104 929 cui
2120 899 2178 930 Ne-

1143 951 1266 990 ptunus
1279 950 1314 981 in
1329 950 1437 982 varias
1452 959 1524 987 sese
1539 950 1659 983 formas
1671 953 1910 986 transmutandi
1925 958 2114 996 potestatem
2136 956 2178 988 se·

1143 1007 1198 1039 cit.
1211 1010 1324 1049 Itaque
1339 1008 1373 1040 in
1388 1018 1507 1050 pugna,
1524 1019 1589 1051 quo
1605 1012 1750 1052 tempore
1765 1012 1880 1052 Pylum
1900 1014 2011 1046 urbem
2024 1015 2178 1048 Hercules

1143 1065 1254 1107 diruit,
1266 1066 1365 1099 modo
1379 1066 1413 1098 in
1425 1066 1563 1108 leonem,
1574 1068 1673 1100 modo
1681 1069 1715 1100 in
1725 1071 1918 1111 serpentem,
1931 1073 2028 1104 modo
2038 1073 2071 1104 in
2084 1082 2177 1114 apem

1143 1133 1322 1157 conversus
1338 1125 1380 1158 ab
1395 1125 1534 1158 Hercule
1549 1135 1615 1159 una
1630 1135 1707 1159 cum
1723 1128 1838 1160 ceteris
1854 1130 1943 1162 Nelei
1958 1131 2033 1163 filiis
2052 1131 2178 1164 occisus

1143 1184 1203 1217 est.
1218 1188 1232 1208 ³
1242 1184 1337 1217 Solus
1353 1186 1463 1218 autem
1481 1186 1609 1225 Nestor,
1619 1186 1740 1228 quippe
1755 1187 1811 1228 qui
1832 1188 1919 1229 apud
1935 1190 2088 1222 Gerenios
2103 1192 2177 1223 edu-

1144 1245 1282 1285 caretur,
1294 1244 1443 1276 servatus
1455 1245 1508 1276 est
1520 1243 1704 1276 incolumis.
1717 1246 1762 1284 Is,
1776 1245 1874 1277 ducta
1887 1255 1989 1278 uxore
2005 1247 2175 1287 Anaxibia,

1145 1302 1264 1335 Cratiei
1280 1302 1384 1343 (Atrei
1397 1302 1428 1343 P)
1446 1302 1510 1334 filia
1522 1327 1530 1343 ,
1544 1303 1627 1335 filias
1642 1304 1825 1345 procreavit
1843 1305 2005 1337 Pisidicen
2023 1306 2056 1337 et
2085 1306 2178 1347 Poly-

1144 1362 1267 1401 casten,
1281 1360 1364 1393 filios
1382 1370 1459 1393 vero
1470 1363 1636 1402 Perseum,
1651 1362 1819 1402 Stratium,
1834 1365 1980 1404 Aretum‚
1996 1364 2178 1406 Echephro-

1143 1428 1231 1459 nem,
1250 1419 1468 1460 Pisistratum,
1486 1420 1708 1461 Antilochum,
1729 1422 1984 1463 Thrasymeden.

1188 1477 1256 1518 (10)
1269 1476 1375 1509 Pelias
1392 1486 1470 1509 vero
1483 1478 1683 1510 Thessaliam
1705 1478 1878 1520 incolebat,
1897 1480 1954 1521 qui
1972 1480 2071 1513 ducta
2085 1482 2177 1513 Bian-

1143 1534 1186 1567 tis
1202 1535 1267 1567 filia
1282 1535 1455 1576 Anaxibia‚
1473 1536 1553 1576 sive,
1571 1538 1606 1568 ut
1622 1537 1756 1578 quidam
1773 1538 1899 1578 volunt,
1913 1539 2122 1572 Philomache
2137 1549 2176 1572 ex

1144 1594 1326 1635 Amphione
1341 1596 1428 1634 orta,
1449 1594 1550 1626 filium
1568 1595 1682 1636 genuit·
1699 1598 1874 1638 Acastum,
1892 1597 1975 1630 filias
1995 1598 2156 1631 Pisidicen
2169 1623 2178 1638 ,

1143 1653 1326 1695 Pelopeam,
1346 1654 1567 1696 Hippothoen,
1584 1655 1738 1688 Alcestin.

1187 1767 1213 1808 (l
1225 1767 1252 1809 l)
1264 1768 1435 1808 Cretheus,
1446 1769 1577 1802 condita
1596 1770 1694 1809 Iolco,
1711 1772 1884 1811 Tyronem,
1899 1770 2059 1803 Salmonei
2070 1772 2177 1804 fratris

1142 1825 1241 1858 filiam
1266 1827 1352 1868 cepit
1378 1837 1512 1860 uxorem
1526 1852 1536 1868 ,
1559 1837 1599 1860 ex
1622 1837 1687 1870 qua
1708 1831 1887 1861 nascuntur
1917 1829 1946 1861 ei
1969 1829 2025 1861 filii
2051 1832 2151 1862 AEson
2167 1856 2175 1871 ,

1142 1889 1337 1931 Amythaon,
1356 1890 1486 1922 Pheres.

1186 1951 1254 1981 2Ex
1269 1949 1321 1981 his
1333 1949 1655 1991 Amythaon,Pylum
1671 1949 1827 1990 incolens,
1843 1950 2017 1984 ldonienen
2033 1952 2177 1985 Pheretis

1142 2009 1241 2042 filiam
1257 2010 1320 2042 sibi
1340 2010 1490 2052 conjugio
1504 2010 1621 2051 jungit,
1639 2019 1680 2043 ex
1702 2019 1806 2052 eaque
1826 2011 1918 2044 liberi
1936 2013 2087 2045 oriuntur
2103 2013 2176 2046 Bias

1141 2073 1172 2103 et
1188 2070 1392 2112 Melampus;
1418 2070 1496 2111 zqui
1518 2079 1621 2111 quum
1642 2070 1709 2102 ruri
1729 2073 1834 2111 ageret
1854 2072 1952 2112 atque
1976 2074 2050 2104 ante
2074 2072 2176 2113 ipsius

1141 2130 1277 2161 domum
1292 2138 1431 2170 quercus
1448 2131 1546 2170 esset,
1564 2129 1599 2161 in
1615 2138 1717 2170 eaque
1732 2132 1917 2170 serpentum
1935 2130 2070 2170 latebra,
2087 2131 2175 2171 ipsos

1140 2188 1273 2230 quidem
1290 2190 1455 2230 serpentes
1471 2197 1490 2220 a
1505 2187 1664 2220 ministris
1680 2188 1807 2220 occisos
1821 2189 1982 2230 congestis
1995 2189 2088 2231 lignis
2102 2200 2175 2222 con-

1140 2247 1315 2288 cremavit,
1333 2248 1368 2280 at
1385 2248 1584 2288 serpentium
1606 2247 1713 2288 pullos
1736 2247 1898 2280 educavit.
1921 2248 1983 2286 Qui
2011 2258 2113 2290 quum
2133 2250 2174 2282 ad

1137 2307 1264 2347 Justum
1279 2306 1422 2347 corporis
1436 2306 1571 2338 modum
1583 2306 1832 2346 succrevissent,
1845 2308 1951 2348 ipsum
1963 2307 2173 2340 dormientem

1139 2365 1416 2398 circumsistentes
1443 2375 1483 2398 ex
1510 2367 1650 2406 utroque
1673 2366 1808 2398 humero
1832 2366 1918 2398 illius
1937 2376 2030 2399 aures
2057 2366 2173 2408 linguis

1139 2424 1359 2466 extergebant.
1384 2424 1529 2457 Tandem
1552 2434 1570 2457 e
1592 2433 1709 2457 sonmo
1731 2425 1891 2458 excitatus
1914 2427 1946 2458 et
1969 2426 2171 2467 serpentibus

1139 2484 1322 2525 conspectis
1335 2483 1582 2525 perterrefactus
1600 2508 1609 2524 ,
1627 2484 1930 2525 supervolitantium
1949 2486 2058 2516 avium
2076 2494 2172 2517 voces

1137 2543 1345 2586 intelligebat,
1359 2546 1392 2576 et
1406 2552 1482 2585 quae
1497 2543 1538 2576 ab
1554 2543 1593 2576 iis
1607 2544 1715 2576 futura
1746 2544 1950 2578 edocebatur,
1982 2544 2172 2576 mortalibus

1137 2603 1344 2645 praedicebat.
1361 2605 1446 2636 cum
1461 2603 1604 2644 auguriis
1618 2603 1777 2644 extispicii
1794 2611 1924 2643 quoque
1940 2602 2106 2635 scientiam
2124 2603 2171 2635 di-

1137 2662 1263 2695 vinitus
1283 2662 1422 2705 accepit;
1452 2664 1550 2704 atque
1578 2662 1718 2704 Apollini
1745 2669 1843 2702 prope
1861 2660 2020 2700 Alpheum
2037 2660 2167 2692 obviam

1138 2722 1256 2763 factus,
1267 2723 1402 2755 omnino
1418 2722 1618 2755 vaticinandi
1633 2720 1849 2763 peritissimus
1864 2719 1978 2751 evasit.

1179 2782 1247 2823 (12)
1257 2782 1331 2814 Bias
1347 2791 1436 2822 vero,
1448 2780 1659 2822 Amythaonis
1669 2779 1766 2818 filius,
1777 2780 1945 2816 Pei-onem,
1957 2777 2042 2810 Nelei
2057 2778 2167 2819 filiam,

1136 2844 1272 2867 uxorem
1289 2835 1478 2876 postulavit.
1497 2835 1559 2866 Hic
1575 2835 1695 2872 autem,
1710 2831 1880 2872 permultis
1892 2829 1991 2862 filiam
2008 2839 2101 2862 suam
2116 2839 2168 2862 ex·

1137 2888 1334 2929 petentibus,
1349 2896 1422 2920 eam
1438 2886 1518 2918 nulli
1534 2910 1543 2927 ‚
1564 2886 1626 2917 nisi
1649 2884 1705 2924 qui
1723 2883 1853 2923 Phylaci
1872 2883 1911 2915 ad
1930 2891 1964 2914 se
1984 2881 2085 2914 boves
2100 2882 2169 2915 abe-

1135 2941 1246 2982 gisset,
1257 2950 1291 2973 se
1300 2940 1494 2973 traditurum
1509 2937 1686 2970 dIctitabat.
1703 2937 1806 2967 Boves
1820 2935 1882 2967 illae
1895 2935 2045 2976 Phylacae
2055 2944 2074 2966 a
2090 2944 2168 2967 cane

1135 2994 1418 3032 custodiebantur,
1437 2992 1479 3023 ad
1506 2999 1604 3031 quem
1630 2997 1736 3029 neque
1758 2988 1945 3020 mortalium
1967 2988 2139 3029 quisquam
2153 3012 2161 3027 ‚

1135 3056 1239 3088 neque
1256 3047 1396 3078 serarum
1415 3044 1481 3075 ulla
1496 3051 1595 3084 prope
1610 3041 1762 3073 accedere
1778 3040 1928 3073 audehat.
1943 3041 2166 3081 umquem-as,

1134 3110 1237 3142 quum
1253 3108 1318 3131 non
1335 3100 1444 3139 posset
1456 3105 1511 3129 eas
1527 3096 1610 3128 clam
1626 3094 1799 3132 abducere,
1818 3094 2030 3135 Melampodis
2056 3091 2165 3126 fratris

1134 3162 1229 3194 opem
1245 3150 1449 3192 imploravit;
1465 3158 1563 3190 quam
1581 3148 1634 3180 ille
1647 3156 1682 3180 se
1694 3148 1912 3188 praestituram
1925 3147 2089 3188 pollicitus
2102 3149 2163 3180 est.

1135 3210 1180 3241 Ac
1212 3204 1379 3246 praedixit,
1405 3212 1440 3235 se
1463 3203 1494 3234 in
1523 3203 1609 3234 furto
1633 3202 1871 3242 deprehensum
1914 3202 2087 3242 postquam
2109 3210 2165 3242 per

1135 3268 1255 3291 annum
1270 3258 1303 3289 in
1321 3257 1458 3288 vinculis
1472 3256 1623 3288 detentus
1638 3257 1740 3295 esset,
1758 3257 1827 3287 tum
1844 3254 1977 3286 demum
1995 3254 2095 3285 boves
2111 3253 2163 3283 ha—

1134 3312 1292 3344 biturum.
1308 3312 1442 3350 ³1taque
1459 3312 1494 3341 ut
1506 3309 1703 3350 promissum
1721 3308 1852 3347 faceret,
1868 3307 2041 3348 Phylacam
2050 3313 2164 3338 versus

44 3362 138 3407 Εῗπδ,
168 3361 336 3413 φωραθεὶς
360 3362 416 3400 ἐπὶ
437 3366 479 3414 τῇ
502 3365 638 3416 κλοπῇ,
666 3366 805 3414 δεσμοῖς
837 3365 871 3400 ἐν
911 3362 1077 3411 οἰκήματι
1103 3362 1111 3400 3
1135 3363 1312 3403 contendit,
1338 3365 1444 3404 atque,
1471 3364 1506 3395 ut
1519 3361 1722 3404 praedixerat,
1742 3360 1960 3402 deprehensus
1978 3359 2010 3391 in
2032 3358 2117 3391 furto
2131 3358 2167 3390 et
