2320 3684
852 119 1019 159 TIMAEI
1049 120 1380 161 FRAGMENTA.

114 276 242 318 Tzetz.
264 273 313 312 ad
336 273 528 324 Lycophr.
560 272 654 321 796:
674 269 719 309 ‘H
752 267 788 307 δὲ
813 267 962 322 Σαρδὼ,
988 270 1092 315 ν’ἥσος

60 332 140 385 περὶ
158 332 218 377 τὰς
230 330 428 387 Ἡρακλέας
443 332 531 383 (leg.
550 328 596 369 ‘H
601 328 774 382 ρακλείας)
791 327 931 374 στήλας.
946 327 1090 375 Ταύτης

63 389 206 429 ἄποικοι
229 391 332 442 (sort.
352 389 499 440 ἔποικοι)
521 388 580 427 καὶ
611 390 643 427 οἱ
673 385 925 441 Καρχηδόνιοι.
966 386 1029 425 Ἐν
1066 381 1091 438 ἧ

61 449 160 502 νήσῳ
181 450 312 502 Σαρδοῖ
348 447 479 501 βοτάνη
515 447 649 499 γίνεται
685 446 789 498 ὁμοία
829 446 977 499 σελίνῳ,
998 441 1040 494 ἧς
1059 449 1090 485 οἱ

62 506 243 559 γευόμενοι
262 509 418 560 σπασμῷ
436 505 666 559 κατεχόμενοι
685 505 857 548 ἀκουσίως
880 506 1009 556 γελῶσι
1031 505 1090 543 καὶ

60 564 152 604 οὕτω
179 566 377 604 τελευτῶσι.
399 564 551 616 Τίμαιος
565 563 603 603 δέ
619 580 737 619 φησιν,
748 566 795 608 ὡς
814 565 886 603 ἐκεῖ
905 563 982 607 τοὺς
1002 564 1090 618 ὑπὲρ

59 620 94 662 o‘
111 623 172 672 ἔτη
188 623 372 676 γεγονότας
390 629 500 676 γονεῖς
522 625 636 662 αὐτῶν
662 623 778 662 θύουσι
796 625 846 676 τῷ
866 622 992 677 Κρόνῳ
1003 654 1013 673 ,
1034 639 1092 676 γε-

61 684 188 727 λῶντες
211 683 271 721 καὶ
291 682 477 727 τύπτοντες
497 682 637 733 [αὐτοὺς
661 683 747 734 τοῖς]
765 681 876 727 ξύλοις
889 713 900 731 ,
926 683 985 721 καὶ
1003 683 1091 737 πρὸς

60 743 203 794 ἀχανεῖς
229 740 406 796 κρημνοὺς
437 745 686 786 κατωθοῦντες.
717 740 825 780 ”Όθεν
854 744 872 780 ὁ
891 740 1092 796 Σαρδώνιος

59 800 169 851 γέλως
196 800 337 852 ἐλέχθη.
358 799 476 840 Ἄλλοι
508 800 547 839 δέ
577 815 693 854 φασιν,
718 799 770 838 ὅτι
802 802 927 839 ἐκεῖνοι
946 803 977 839 οἱ
1006 801 1090 848 θνή-

60 873 201 903 σκοντες
213 858 386 914 -γέροντες
407 861 587 911 μειδιῶσιν
606 859 778 904 ἀκουσίως
797 859 883 914 πρὸς
909 858 972 907 τὴν
992 858 1090 912 παρὰ

58 919 128 956 τῶν
141 917 276 957 παίδων
306 919 502 972 ἀφορῶντες
523 919 757 974 ἀπάνθρωπον
778 918 954 967 τελευτήν.
981 918 1090 958 “Ὀθεν

59 978 81 1022 ἡ
99 976 272 1030 παροιμία
288 972 417 1031 ἐλέχθη
429 1007 439 1026 ,
462 977 661 1032 Σαρδώνιος
673 977 794 1030 γέλως.

115 1037 260 1075 Eadem
280 1038 490 1075 exstantia
513 1039 644 1077 Schol.
667 1038 824 1076 Luciau.
859 1038 967 1076 Asin.
994 1045 1089 1074 tom.

59 1097 114 1132 vl
125 1123 137 1145 ,
156 1108 194 1146 p.
219 1095 293 1146 159
311 1095 410 1147 Bip„
429 1097 600 1148 exceptis
620 1096 747 1135 verbis
765 1109 848 1147 quae
868 1096 1018 1134 uncinis
1034 1095 1093 1133 in-

59 1152 252 1192 clusimus.

113 1281 271 1319 Suidas:
294 1282 490 1335 Σαρδάνιος
518 1283 638 1335 γέλως.
671 1283 714 1322 Ὁ
735 1282 985 1336 προσποίητος.
1012 1285 1093 1322 Κα-

61 1343 197 1378 λεῖσθαι
213 1339 250 1379 δὲ
270 1339 373 1379 αὐτόν
395 1357 500 1395 φασιν
519 1342 588 1381 ἀπὸ
607 1346 669 1381 τοῦ
693 1341 879 1394 σεσηρέναι
897 1348 970 1385 τοῖς
991 1343 1095 1381 ὀδοῦ-

61 1414 109 1436 σι.
142 1399 214 1438 Kal
233 1399 432 1454 Σαρδώνιος
467 1400 588 1452 γέλως·
632 1400 833 1454 παροιμία,
860 1401 917 1439 ἐπὶ
944 1403 1014 1440 τῶν
1039 1402 1095 1440 ἐπ’

61 1455 193 1512 ὀλέθρῳ
211 1461 307 1512 σφῶν
326 1460 440 1498 αὐτῶν
461 1459 659 1511 γελώντων,
686 1460 729 1506 ἣν
748 1460 882 1511 Δήμων
902 1459 964 1512 μὲν
981 1461 1096 1499 διαδο-

61 1518 163 1564 θῆναι
181 1517 325 1570 (suppl.
344 1518 462 1572 φησὶ),
480 1517 576 1557 ὅτιοὶ
596 1518 760 1573 Σαρδόνα
776 1522 1019 1563 κατοικοῦντες
1035 1522 1095 1558 αῖ-

60 1574 262 1626 χμαλώτων
282 1575 362 1621 τοὺς
382 1576 590 1621 καλλίστους
608 1592 646 1616 τε
659 1577 719 1616 καὶ
732 1577 998 1631 πρεσὸυτέρουςι
1009 1578 1096 1633 ὑπὲρ

62 1631 93 1672 o'
114 1632 176 1681 ἔτη
194 1636 245 1688 τῷ
261 1634 386 1689 Κρόνῳ
404 1634 514 1684 ἔθυον,
534 1638 708 1688 γελῶντας
728 1635 829 1676 ἕνεκα
846 1641 908 1676 τοῦ
926 1637 967 1676 τὸ
994 1637 1095 1676 εὔαν-

62 1696 142 1751 δρον
162 1699 334 1753 ἐμφῆναι·
363 1698 544 1738 τουτέστιν
573 1700 741 1753 ἀνδρεῖον.
772 1701 926 1751 Τίμαιος
945 1701 999 1748 δὲ,
1018 1701 1096 1744 τοὺς

63 1756 182 1795 ἱκανὸν
205 1755 417 1810 βεὸιωκότας
443 1758 569 1812 χρόνον
596 1760 632 1798 ἐν
658 1760 790 1814 Σαρδοῖ
815 1759 1097 1811 συνωθουμένους

62 1815 197 1868 σχίζαις
209 1816 276 1855 ὑπὸ
292 1819 362 1855 τῶν
379 1819 462 1855 υἱῶν
479 1819 526 1862 εἷς
538 1817 576 1856 ὃν
590 1816 736 1869 ἔμελλον
754 1817 948 1857 θάπτεσθαι
964 1818 1098 1872 βόθρον,

61 1876 187 1927 γελᾶν·
208 1877 239 1914 οἱ
278 1873 314 1913 δὲ
337 1874 407 1914 ἀπὸ
433 1879 493 1914 τοῦ
521 1876 706 1930 σεσηρέναι
743 1877 820 1928 μετ’
859 1877 988 1921 ἀνοίας.
1024 1877 1098 1917 Καί

63 1948 168 1986 φασιν
199 1935 299 1973 ἄλλοι
324 1934 364 1973 τε
402 1934 462 1973 καὶ
492 1935 733 1989 Κλείταρχος,
765 1937 800 1975 ἐν
828 1935 1032 1990 Καρχηδόνι
1062 1937 1097 1974 ἐν

64 1998 140 2037 ταῖς
159 1992 331 2045 μεγάλαις
355 1995 474 2047 εὐχαῖς
504 1995 615 2033 παῖδα
646 2001 722 2039 ταῖς
748 1995 851 2050 χερσὶ
879 1999 939 2033 τοῦ
959 1994 1098 2049 Κρόνου

67 2051 276 2091 ἐπιτίθενται
296 2053 382 2104 (scr.
423 2053 643 2106 ἐπιτιθέναι),
660 2053 855 2109 -ῗδρυται
875 2054 912 2093 δὲ
934 2056 1098 2107 χαλκοῦς,

552 2170 615 2203 28.

2096 127 2172 167 199

1149 206 1439 260 προὸεὸλημένας
1459 206 1550 260 ἔχων
1571 207 1633 252 τὰς
1652 213 1791 262 χεῖρας,
1813 209 1869 263 ὑφ’
1888 203 1917 263 ᾧ
1939 211 2103 264 κρίὸανος
2119 236 2175 244 —-—

1149 265 1270 304 ἔπειτα
1290 266 1481 306 ὑποκαίειν.
1511 267 1583 306 Τὸν
1604 267 1641 306 δὲ
1661 269 1911 319 συνελκόμενον
1933 270 2000 309 ὑπὸ
2019 274 2080 310 τοῦ
2105 288 2176 312 πυ-

1149 324 1226 377 ρὸς,
1248 326 1358 364 δοκεῖν
1375 328 1493 378 γελᾶν.
1509 327 1710 377 Σιμωνίδης
1731 327 1786 375 δὲ,
1810 328 1940 368 Τάλων
1972 329 2030 369 τὸν
2063 334 2175 386 ἡφαι-

1148 382 1351 422 στότευκτον
1364 384 1575 438 Σαρδανίους
1591 387 1629 425 οὗ
1642 386 1869 438 βουλομένους
1886 391 2082 441 περαιῶσαι
2092 391 2178 445 πρὸς

1148 442 1295 488 Μίνωα,
1319 445 1366 485 εἷς
1395 448 1464 496 πῦρ
1486 445 1758 496 καθαλλόμενον,
1777 448 1823 490 ὡς
1842 447 1883 485 ἂν
1903 449 2072 500 χαλκοῦν,
2092 465 2177 504 προ-

1148 501 1407 554 στερνιζόμενον
1425 505 1556 542 ἀνελεῖν
1573 505 1842 558 ἐπιχάσκοντας.
1858 508 2024 555 Σειληνὸς
2035 508 2070 547 δὲ
2081 511 2117 548 ἐν
2127 513 2178 564 τῷ

1149 559 1298 613 δευτέρῳ
1320 563 1390 599 τῶν
1409 562 1489 615 περὶ
1513 564 1761 617 Συρακούσας,
1789 564 1943 618 λάχανον
1973 560 2062 607 εἶναι
2082 570 2179 623 παρὰ

1148 618 1362 670 Σαρδωνίοις
1389 618 1474 667 ἡδὺ,
1505 622 1632 675 σελίνῳ
1651 623 1816 678 ἐμφερές·
1841 619 1880 663 οἷ
1898 625 1979 670 τοὺς
2005 627 2179 679 γευσαμέ-

1147 690 1225 719 νους
1239 675 1300 719 τάς
1316 693 1354 715 τε
1374 678 1536 729 σιαγόνας
1562 681 1622 719 καὶ
1649 681 1709 726 τὰς
1737 682 1870 737 σάρκας
1897 687 2010 724 αὐτῶν
2041 687 2179 726 ἀποδά-

1147 749 1252 772 κνειν.
1928 763 1945 770 ..

1201 794 1357 840 Eadem,
1373 796 1440 833 sed
1458 796 1678 848 depravata,
1689 799 1806 838 habet
1817 802 1925 842 Phot.
1941 806 2032 842 Lex.
2043 795 2073 841 c.¹
2088 805 2135 852 37
2147 818 2180 843 1.

1149 853 1205 891 Cf.
1221 854 1394 891 Eustath.
1409 862 1446 892 et
1468 855 1595 893 Schol.
1617 856 1723 895 brev.
1746 859 1792 896 ad
1810 862 1923 898 Hom.
1942 861 2021 899 Od.
2036 862 2082 908 Υ,
2104 863 2178 899 302

1148 912 1250 964 (ubi,
1289 922 1332 951 ut
1352 915 1539 952 Goellerus
1559 915 1735 967 adnotat,
1756 932 1827 968 pro
1839 917 1875 956 τί
1889 935 1948 970 μοι
1966 921 2003 958 δέ
2023 936 2107 975 φησι
2124 921 2181 958 le—

1149 972 1316 1023 gendum
1337 986 1345 1008 :
1363 972 1515 1024 Τίμαιος
1536 972 1573 1012 δέ
1591 975 1705 1027 φησι),
1727 976 1774 1014 ad
1793 978 1836 1015 Il.
1856 980 1899 1025 Ο,
1928 993 1994 1017 101
2012 994 2021 1025 3
2037 979 2180 1019 Zenob.

1149 1034 1257 1070 Cent.
1275 1035 1324 1079 V,
1341 1031 1402 1069 85.

1639 1099 1702 1137 30.

1205 1155 1345 1194 Strabo
1354 1158 1506 1207 X1V‚p.
1520 1157 1595 1201 654
1612 1172 1621 1195 z
1637 1157 1740 1202 Τινὲς
1756 1157 1791 1196 δὲ
1812 1159 1901 1209 μετὰ
1919 1159 1982 1207 τὴν
1997 1162 2036 1199 ἐκ
2055 1162 2184 1215 Τροίας

1151 1213 1272 1267 ἔφοδον
1305 1212 1367 1258 τὰς
1395 1215 1601 1265 Γυμνησίας
1620 1215 1747 1263 νήσους
1765 1217 1823 1254 ὑπ’
1841 1219 1954 1256 αὐτῶν
1971 1219 2006 1269 (a
2024 1220 2185 1260 Rhodiis

1153 1273 1219 1324 sc.)
1239 1275 1426 1318 κτισθῆναι
1444 1272 1605 1325 λέγουσιν
1619 1289 1628 1298 ·
1648 1268 1697 1313 ῶν
1721 1273 1785 1322 τὴν
1806 1275 1914 1326 μείζω
1933 1276 2017 1328 φησὶ
2035 1278 2068 1315 T
2072 1277 2185 1328 ίμαιος

1153 1330 1322 1382 μεγίστην
1344 1323 1432 1369 εἶναι
1462 1331 1552 1382 μετὰ
1575 1331 1637 1376 τὰς
1673 1332 1784 1382 ἑπτὰ,
1820 1332 1972 1385 Σαρδὼ,
2006 1335 2185 1384 Σικελίαν,

1155 1388 1314 1443 Κύπρον,
1341 1389 1501 1444 Κρήτην,
1535 1390 1705 1440 Εὕὸοιαν,
1742 1391 1892 1447 Κύρνον,
1928 1392 2079 1442 Λέσὸον,
2116 1394 2187 1432 οὐδ’

1154 1450 1266 1496 ἀληθῆ
1285 1447 1397 1500 λέγων
1410 1464 1418 1473 ·
1438 1449 1528 1489 πολὺ
1545 1449 1612 1504 γὰρ
1630 1449 1735 1489 ἄλλαι
1754 1451 1903 1502 μείζους.

1207 1508 1351 1546 Eadem
1387 1508 1523 1546 iisdem
1561 1509 1641 1547 fere
1666 1509 1794 1548 verbis
1820 1525 1841 1549 e
1879 1511 2043 1560 Timaeo,
2083 1513 2187 1550 nulla

1155 1576 1279 1605 tamen
1300 1567 1432 1606 addita
1464 1568 1582 1606 fontis
1608 1569 1764 1614 notitia,
1791 1570 1996 1621 exscripsit
2026 1571 2188 1609 Diodor.

1154 1629 1201 1672 V,
1227 1639 1240 1663 1
1251 1639 1285 1672 7.

1644 1694 1707 1732 31.

1209 1762 1335 1798 Tzetz.
1357 1760 1405 1797 ad
1430 1761 1623 1812 Lycophr.
1645 1763 1744 1801 633:
1766 1763 1813 1801 Αἱ
1841 1762 1878 1800 δὲ
1907 1762 2107 1815 Γυμνησίαι
2124 1757 2189 1801 013-

1154 1834 1233 1866 ται,
1254 1814 1363 1865 ν’ἧσοι
1386 1818 1467 1872 περὶ
1495 1817 1560 1866 τὴν
1588 1819 1792 1873 Τυρσηνίαν
1817 1820 1897 1859 εἷσί.
1935 1821 2125 1873 Μέμνηται
2153 1821 2190 1860 δὲ

1155 1878 1270 1915 αὐτῶν
1294 1876 1355 1915 καὶ
1372 1876 1634 1932 Ἀρτεμίδωρος.
1658 1878 1811 1930 Τίμαιος
1829 1878 1866 1917 δέ
1889 1895 2008 1933 φησιν,
2036 1882 2084 1924 εἷς
2105 1880 2190 1919 ταύ-

1155 1950 1217 1980 τας
1236 1935 1296 1979 τὰς
1312 1935 1439 1984 νήσους
1458 1938 1568 1976 ἐλθεῖν
1591 1953 1687 1981 τινας
1705 1939 1776 1976 τῶν
1810 1940 1988 1988 Βοιωτῶν,
2010 1938 2049 1982 ἃς
2068 1938 2191 1987 νήσους

1157 1995 1335 2049 Χοιράδας
1357 1990 1444 2036 εἷπε.
1473 1995 1630 2039 Φιλτέας
1652 1995 1688 2034 δὲ
1715 1999 1750 2036 ἐν
1779 1996 1888 2051 τρίτῳ
1915 1996 2094 2045 Ναξικῶν,
2121 2001 2193 2038 Βα-

1158 2055 1318 2109 λιαρίδας
1346 2055 1452 2109 φησὶν
1475 2054 1581 2099 αὐτὰς
1609 2054 1750 2108 ὕστερον
1772 2057 2021 2108 ὀνομασθῆναι.
2049 2056 2133 2096 Εἰσὶ
2154 2059 2190 2096 δὲ

1156 2165 1238 2196 bunt
1252 2188 1261 2203 ,
1297 2164 1578 2205 Carthaginienses
1622 2164 1656 2196 in
1686 2164 1874 2197 solennibus
1902 2165 2192 2207 supplicationibus

107 2226 369 2259 Sardiffiainsula
381 2236 480 2268 prope
493 2228 660 2260 columnas
679 2228 940 2261 Herculis-Hanc
953 2229 1101 2261 incolunt
1155 2220 1292 2252 puerum
1316 2211 1444 2243 Saturni
1461 2211 1612 2243 manibus
1632 2212 1797 2252 imponere
1827 2213 2035 2245 consuevisse
2068 2214 2187 2253 (statua

66 2274 164 2307 etiam
178 2274 472 2314 Carthaginienses.
492 2276 646 2308 Provenit
661 2275 695 2307 in
717 2284 755 2308 ea
769 2275 870 2308 herba
882 2276 955 2318 apio
971 2275 1100 2315 similis,

66 2324 166 2363 quam
181 2321 239 2361 qui
254 2320 425 2362 degustant
441 2330 572 2362 spasmo
584 2323 722 2364 correpti
753 2323 856 2354 risum
872 2323 974 2356 edunt
1005 2323 1101 2355 inviti

66 2371 99 2402 et
127 2368 174 2400 ita
202 2368 400 2399 moriuntur.
418 2369 541 2401 Timaeo
560 2371 691 2401 auctore
720 2369 836 2402 incolae
864 2369 960 2411 huJ'us
985 2370 1100 2402 insulae

67 2415 208 2447 Saturno
251 2414 432 2447 sacrificant
475 2419 625 2456 parentes
665 2417 939 2458 septuagesimum
978 2426 1100 2449 annum

67 2470 226 2504 egressos,
258 2462 357 2503 idque
381 2462 504 2494 faciunt
531 2463 684 2503 ridentes,
698 2472 819 2504 eosque
831 2463 973 2496 fustibus
988 2464 1100 2496 verbe-

70 2511 177 2542 rantes
195 2510 228 2541 et
261 2508 302 2541 de
325 2509 460 2550 rupibus
483 2509 652 2542 immensae
674 2510 858 2543 altitudinis
880 2510 1099 2544 detrudentes.

70 2555 149 2588 Inde
181 2555 266 2588 risus
292 2555 467 2588 sardonius
492 2565 610 2589 nomen
638 2557 746 2589 habet.
772 2557 837 2589 Alii
862 2565 940 2589 vero
969 2557 1099 2598 dicunt,

71 2610 164 2635 senes
182 2601 254 2634 illos
275 2603 450 2636 morientes
477 2604 579 2636 risum
600 2603 695 2636 edere
714 2604 852 2644 invitos,
886 2604 966 2636 dum
998 2605 1100 2637 intue-

72 2651 166 2681 antur
190 2650 274 2682 filios
299 2650 510 2683 inhumanam
537 2651 616 2692 ipsis
649 2660 762 2684 necem
799 2653 974 2693 parantes;
1017 2652 1103 2685 unde

73 2697 279 2738 proverbium
295 2697 420 2730 dictum
435 2701 498 2738 est,
512 2700 606 2731 risus
619 2699 820 2732 sardonius.

115 2809 313 2842 sardanius
327 2811 435 2847 risus,
450 2810 485 2842 id
498 2813 558 2851 est,
578 2811 759 2843 simulatus.
775 2813 860 2843 Eum
874 2812 983 2844 autem
994 2811 1042 2843 sic
1053 2812 1102 2844 di-

73 2856 162 2889 ctum
175 2865 245 2889 esse
258 2858 349 2889 aiunt
359 2866 378 2889 a
389 2859 563 2900 σεσηρέναι,
579 2859 668 2899 quod
679 2859 792 2890 dentes
806 2859 999 2900 restringere
1009 2859 1103 2900 signi—

48 2939 51 2941 ,
74 2899 158 2936 licat.
173 2905 216 2936 Et
243 2906 345 2936 Risus
361 2904 567 2945 sardonius,
586 2905 796 2946 proverbium
819 2905 860 2937 de
874 2905 926 2945 iis,
941 2906 1008 2947 qui,
1028 2914 1104 2937 cum

75 2952 219 2991 pereunt,
235 2950 353 2983 rident.
369 2951 406 2983 Id
428 2954 537 2984 autem
553 2952 630 2984 inde
643 2955 753 2984 ortum
769 2960 840 2984 esse
855 2954 980 2984 Demon
994 2953 1103 2992 tradit,

76 2996 161 3037 quod
185 2997 276 3029 Sardi
306 2997 509 3038 captivorum
539 2999 776 3039 pulcherrimos
805 3002 838 3031 et
851 3000 1105 3040 septuagenariis

77 3045 213 3084 majores
226 3046 366 3077 Saturno
379 3044 585 3078 immolarent
596 3070 605 3085 ,
622 3046 764 3078 ridentes
781 3046 822 3078 ad
843 3047 1058 3078 constantiam
1074 3049 1106 3078 et

78 3088 298 3123 tortimdinem
310 3101 403 3124 suam
413 3092 652 3124 declarandam.
671 3093 814 3125 Timaeus
826 3102 904 3125 vero
914 3095 1028 3126 auctor
1044 3095 1103 3133 est,

73 3137 146 3176 eoa,
167 3138 224 3178 qui
237 3139 315 3171 satis
327 3139 394 3179 jam
406 3139 566 3171 vixissent
579 3140 612 3171 in
629 3140 778 3172 Sardinia
797 3149 899 3181 quum
916 3140 1059 3172 fustibus
1073 3140 1106 3170 in

80 3183 206 3216 foveam
223 3209 232 3226 ,
261 3195 293 3217 1n
324 3194 389 3227 qua
421 3186 594 3227 sepeliendi
644 3189 763 3226 essent,
789 3195 808 3218 a
835 3187 911 3219 filiis
939 3186 1106 3228 compelle-

81 3232 191 3263 rentur
203 3254 214 3271 ,
245 3232 349 3265 ridere
373 3233 485 3265 solitos
528 3233 639 3266 fuisse.
676 3234 736 3265 Alii
781 3234 843 3265 hoc
874 3233 998 3265 dictum
1038 3241 1107 3264 esse

81 3277 197 3322 volunt
214 3289 234 3312 a
248 3281 410 3323 σεσηρέναι
423 3306 431 3319 ,
448 3282 537 3322 quod
566 3282 740 3323 significat,
770 3282 923 3314 dentibus
950 3281 1106 3313 restrictis

82 3332 150 3364 prae
179 3325 309 3359 insania
345 3327 459 3360 ridere.
498 3328 546 3360 Ad
568 3329 637 3360 haec
673 3329 856 3360 Clitarchus
884 3331 916 3360 et
946 3328 999 3359 alii
1031 3327 1105 3359 scri-

1155 2261 1264 2291 autem
1282 2258 1411 2291 Saturni
1430 2260 1499 2291 erat
1521 2267 1622 2299 aenea,
1646 2267 1763 2291 manus
1779 2258 1901 2292 habens
1916 2262 2084 2302 protensas
2095 2283 2105 2297 ,
2121 2262 2189 2302 qui-

1155 2305 1218 2338 bus
1234 2306 1401 2347 subjectus
1426 2307 1495 2338 erat
1511 2305 1692 2346 clibanus),
1709 2308 1885 2349 posteaque
1907 2307 2013 2348 ignem
2033 2308 2062 2340 ei
2094 2309 2190 2349 subji-

1155 2362 1244 2393 cere;
1276 2353 1373 2394 hujus
1386 2352 1492 2384 calore
1507 2361 1644 2394 puerum
1661 2354 1882 2386 excruciatum
1895 2354 2031 2386 ridentis
2049 2356 2187 2395 speciem

1128 2392 1133 2452 Ι
1155 2400 1309 2441 praebere.
1339 2399 1519 2432 Simonides
1548 2409 1626 2432 vero
1646 2399 1756 2440 refert,
1782 2401 2188 2442 Talum,quemVulcanus

1156 2447 1381 2483 fabricaverat,
1397 2447 1431 2478 in
1447 2447 1555 2488 ignem
1570 2446 1737 2479 insiluisse
1756 2447 1838 2488 (erat
1854 2448 1939 2480 enim
1952 2447 2075 2488 aeneus)
2091 2451 2187 2488 atque

1157 2494 1382 2527 candefactum
1402 2494 1576 2526 Sardonios
1599 2494 1640 2526 ad
1656 2494 1798 2526 Minoem
1819 2495 1962 2535 trajicere
1983 2494 2128 2526 nolentes
2146 2495 2187 2527 ad

1156 2544 1269 2584 pectus
1303 2541 1469 2583 pressisse,
1495 2549 1616 2582 eosque
1634 2549 1764 2573 necasse
1792 2541 1826 2573 in
1843 2546 1946 2573 morte
1959 2542 2095 2574 hiantes.
2113 2541 2188 2573 Sile—

1158 2597 1221 2621 nus
1235 2597 1311 2621 vero
1326 2588 1407 2620 libro
1422 2588 1566 2620 secundo
1589 2590 1709 2620 Rerum
1732 2590 2003 2629 syracusanarum
2020 2587 2081 2628 ait,
2101 2588 2186 2628 apud

1163 2636 1283 2669 Sardos
1314 2645 1385 2668 esse
1406 2635 1539 2667 herbam
1562 2635 1727 2676 quandam
1755 2634 1901 2670 dulcem,
1925 2634 1996 2675 apio
2027 2633 2187 2671 similem,

1157 2692 1257 2724 quam
1272 2683 1327 2724 qui
1349 2683 1531 2724 gustarint,
1547 2684 1580 2714 et
1596 2682 1742 2713 maxillas
1764 2684 1796 2713 et
1811 2690 1923 2712 carnes
1945 2688 2020 2712 suas
2034 2689 2187 2721 praemor-

1159 2731 1246 2763 dere.

1642 2782 1702 2815 30.

1200 2841 1340 2879 Quidam
1351 2842 1425 2882 post
1434 2839 1575 2872 reditum
1588 2848 1606 2872 e
1614 2838 1700 2870 bello
1715 2839 1853 2878 Trojano
1863 2838 2056 2878 Gymnasias
2066 2837 2189 2871 insulas

1158 2888 1200 2920 ab
1212 2889 1250 2920 iis
1263 2888 1372 2920 ferunt
1383 2888 1565 2927 occupatas.
1586 2887 1709 2917 Harum
1724 2892 1798 2924 quae
1809 2885 1860 2916 est
1878 2883 2037 2924 grandior,
2057 2893 2129 2917 eam
2141 2886 2191 2919 Ti-

1159 2944 1262 2968 maeus
1281 2935 1427 2966 omnium
1455 2933 1634 2964 insularum
1660 2931 1835 2962 maximam
1846 2931 1960 2963 asserit
1970 2934 2044 2972 post
2067 2935 2188 2973 septem

1159 2984 1237 3015 has:
1255 2981 1453 3018 Sardiniam,
1481 2979 1639 3017 Siciliam,
1664 2980 1825 3018 Cyprum,
1861 2980 2002 3018 Cretam,
2018 2978 2188 3019 Euboeam,

1160 3029 1336 3067 Corsicam,
1365 3026 1525 3064 Lesbum;
1559 3025 1615 3056 sed
1643 3024 1761 3056 salsum
1790 3024 1879 3064 dicit,
1913 3033 2015 3065 quum
2032 3024 2098 3057 sint
2113 3025 2185 3057 aliae

1161 3076 1263 3107 multo
1274 3075 1422 3114 mnjores.

1645 3131 1707 3164 31.

1202 3184 1388 3225 Gymnasiae
1404 3186 1479 3215 sunt
1495 3183 1611 3215 insulae
1625 3183 1710 3215 circa
1723 3183 1946 3224 Tyrrheniam.
1964 3184 2120 3216 Memorat
2134 3192 2188 3216 eas

1161 3232 1258 3264 etiam
1274 3231 1505 3263 Artemidorus.
1521 3230 1661 3262 Timaeus
1673 3238 1755 3262 vero.
1766 3229 1845 3262 dicit
1855 3231 2045 3262 Boeotorum
2060 3231 2187 3271 aliquos

1163 3279 1289 3311 venisse
1305 3279 1336 3310 in
1355 3279 1413 3310 has
1429 3277 1563 3316 insulas,
1583 3286 1665 3318 quas
1686 3276 1862 3310 Choerades
1882 3277 2031 3318 appellat.
2047 3277 2188 3310 Philteas

1163 3326 1244 3357 libro
1256 3326 1351 3358 tertio
1364 3325 1540 3357 Naxiorum
1558 3324 1739 3356 Balearides
1751 3325 1796 3356 ait
1808 3333 1862 3356 eas
1875 3326 1986 3365 postea
2007 3324 2188 3356 nominatas
