<?xml version="1.0" encoding="UTF-8"?>
<!DOCTYPE html PUBLIC "-//W3C//DTD XHTML 1.0 Transitional//EN"
    "http://www.w3.org/TR/xhtml1/DTD/xhtml1-transitional.dtd">
<html xmlns="http://www.w3.org/1999/xhtml" xml:lang="en" lang="en">
 <head>
  <title>
</title>
<meta http-equiv="Content-Type" content="text/html;charset=utf-8" />
  <meta name='ocr-system' content='tesseract 3.04.00' />
  <meta name='ocr-capabilities' content='ocr_page ocr_carea ocr_par ocr_line ocrx_word'/>
</head>
<body>
  <div class='ocr_page' id='page_1' title='image "./fragmentahistori01mueluoft_0363.png"; bbox 0 0 2320 3684; ppageno 0'>
   <div class='ocr_carea' id='block_1_1' title="bbox 0 2889 26 3684">
    <p class='ocr_par' dir='ltr' id='par_1_1' title="bbox 0 2889 26 3684">
     <span class='ocr_line' id='line_1_1' title="bbox 0 2889 26 3684; baseline 0 0"><span class='ocrx_word' id='word_1_1' title='bbox 0 2889 26 3684; x_wconf 95' lang='lat' dir='ltr'><strong> </strong></span> 
     </span>
    </p>
   </div>
   <div class='ocr_carea' id='block_1_2' title="bbox 843 165 1399 206">
    <p class='ocr_par' dir='ltr' id='par_1_2' title="bbox 843 165 1399 206">
     <span class='ocr_line' id='line_1_2' title="bbox 843 165 1399 206; baseline -0.004 0"><span class='ocrx_word' id='word_1_2' title='bbox 843 166 1037 206; x_wconf 88' lang='lat' dir='ltr'><strong>EPHORI</strong></span> <span class='ocrx_word' id='word_1_3' title='bbox 1066 165 1399 205; x_wconf 85' lang='lat' dir='ltr'><strong>FRAGMENTA.</strong></span> 
     </span>
    </p>
   </div>
   <div class='ocr_carea' id='block_1_3' title="bbox 70 251 1105 1073">
    <p class='ocr_par' dir='ltr' id='par_1_3' title="bbox 73 251 1098 373">
     <span class='ocr_line' id='line_1_3' title="bbox 73 251 1098 316; baseline -0.012 -16"><span class='ocrx_word' id='word_1_4' title='bbox 73 264 172 316; x_wconf 79' lang='grc' dir='ltr'>βᾶρις</span> <span class='ocrx_word' id='word_1_5' title='bbox 202 264 224 308; x_wconf 82' lang='grc' dir='ltr'>ἠ</span> <span class='ocrx_word' id='word_1_6' title='bbox 251 258 356 305; x_wconf 87' lang='grc' dir='ltr'>οἷκία,</span> <span class='ocrx_word' id='word_1_7' title='bbox 373 260 420 301; x_wconf 82' lang='grc' dir='ltr'><strong>ὣς</strong></span> <span class='ocrx_word' id='word_1_8' title='bbox 453 255 711 303; x_wconf 85' lang='grc' dir='ltr'>Ποσείδιππος,</span> <span class='ocrx_word' id='word_1_9' title='bbox 740 253 800 291; x_wconf 82' lang='grc' dir='ltr'>καὶ</span> <span class='ocrx_word' id='word_1_10' title='bbox 825 255 848 300; x_wconf 79' lang='grc' dir='ltr'>ἦ</span> <span class='ocrx_word' id='word_1_11' title='bbox 869 251 1027 290; x_wconf 87' lang='grc' dir='ltr'>συνοικία</span> <span class='ocrx_word' id='word_1_12' title='bbox 1052 254 1098 295; x_wconf 79' lang='grc' dir='ltr'><strong>ὡς</strong></span> 
     </span>
     <span class='ocr_line' id='line_1_4' title="bbox 70 317 232 373; baseline -0.015 -13.748"><span class='ocrx_word' id='word_1_13' title='bbox 70 317 232 373; x_wconf 70' lang='grc' dir='ltr'>’.Εφορος</span> 
     </span>
    </p>

    <p class='ocr_par' dir='ltr' id='par_1_4' title="bbox 70 370 1105 1073">
     <span class='ocr_line' id='line_1_5' title="bbox 125 370 1097 423; baseline -0.013 -6.605"><span class='ocrx_word' id='word_1_14' title='bbox 125 379 263 416; x_wconf 81' lang='lat' dir='ltr'><strong>«Sitne</strong></span> <span class='ocrx_word' id='word_1_15' title='bbox 296 377 359 414; x_wconf 83' lang='lat' dir='ltr'><strong>hic</strong></span> <span class='ocrx_word' id='word_1_16' title='bbox 387 377 494 414; x_wconf 89' lang='lat' dir='ltr'><strong>locus</strong></span> <span class='ocrx_word' id='word_1_17' title='bbox 523 383 800 423; x_wconf 85' lang='lat' dir='ltr'>usquequaque</span> <span class='ocrx_word' id='word_1_18' title='bbox 823 370 1097 420; x_wconf 88' lang='lat' dir='ltr'><strong>incorruptus,</strong></span> 
     </span>
     <span class='ocr_line' id='line_1_6' title="bbox 70 427 1098 482; baseline -0.012 -6"><span class='ocrx_word' id='word_1_19' title='bbox 70 450 150 475; x_wconf 90' lang='lat' dir='ltr'><strong>non</strong></span> <span class='ocrx_word' id='word_1_20' title='bbox 173 435 465 482; x_wconf 84' lang='lat' dir='ltr'><strong>affirmaverim,</strong></span> <span class='ocrx_word' id='word_1_21' title='bbox 490 445 579 470; x_wconf 90' lang='lat' dir='ltr'><strong>eum</strong></span> <span class='ocrx_word' id='word_1_22' title='bbox 604 431 737 469; x_wconf 87' lang='lat' dir='ltr'><strong>saltem</strong></span> <span class='ocrx_word' id='word_1_23' title='bbox 761 428 971 467; x_wconf 84' lang='lat' dir='ltr'>admodum</span> <span class='ocrx_word' id='word_1_24' title='bbox 996 427 1098 465; x_wconf 85' lang='lat' dir='ltr'><strong>osci—</strong></span> 
     </span>
     <span class='ocr_line' id='line_1_7' title="bbox 72 489 1098 544; baseline -0.012 -10"><span class='ocrx_word' id='word_1_25' title='bbox 72 504 199 533; x_wconf 86' lang='lat' dir='ltr'><strong>tanter</strong></span> <span class='ocrx_word' id='word_1_26' title='bbox 221 501 447 544; x_wconf 86' lang='lat' dir='ltr'><strong>excerptum</strong></span> <span class='ocrx_word' id='word_1_27' title='bbox 463 491 511 530; x_wconf 88' lang='lat' dir='ltr'><strong>ad</strong></span> <span class='ocrx_word' id='word_1_28' title='bbox 524 503 594 528; x_wconf 91' lang='lat' dir='ltr'><strong>nos</strong></span> <span class='ocrx_word' id='word_1_29' title='bbox 611 489 844 541; x_wconf 85' lang='lat' dir='ltr'><strong>pervenisse,</strong></span> <span class='ocrx_word' id='word_1_30' title='bbox 869 500 978 538; x_wconf 87' lang='lat' dir='ltr'><strong>paene</strong></span> <span class='ocrx_word' id='word_1_31' title='bbox 992 499 1053 523; x_wconf 87' lang='lat' dir='ltr'><strong>cer</strong></span> <span class='ocrx_word' id='word_1_32' title='bbox 1060 494 1098 522; x_wconf 88' lang='lat' dir='ltr'><strong>to</strong></span> 
     </span>
     <span class='ocr_line' id='line_1_8' title="bbox 71 545 1099 603; baseline -0.011 -11"><span class='ocrx_word' id='word_1_33' title='bbox 71 553 246 591; x_wconf 84' lang='lat' dir='ltr'>dixerim.</span> <span class='ocrx_word' id='word_1_34' title='bbox 285 551 432 603; x_wconf 91' lang='lat' dir='ltr'>Ephori</span> <span class='ocrx_word' id='word_1_35' title='bbox 466 548 696 588; x_wconf 83' lang='lat' dir='ltr'><strong>narrationis</strong></span> <span class='ocrx_word' id='word_1_36' title='bbox 725 546 886 597; x_wconf 84' lang='lat' dir='ltr'><strong>vestigia</strong></span> <span class='ocrx_word' id='word_1_37' title='bbox 907 545 948 583; x_wconf 93' lang='lat' dir='ltr'><strong>in</strong></span> <span class='ocrx_word' id='word_1_38' title='bbox 975 545 1099 583; x_wconf 90' lang='lat' dir='ltr'><strong>Plinio</strong></span> 
     </span>
     <span class='ocr_line' id='line_1_9' title="bbox 71 607 1105 658; baseline -0.011 -8"><span class='ocrx_word' id='word_1_39' title='bbox 71 611 443 657; x_wconf 87' lang='lat' dir='ltr'><strong>animadvertuntur,</strong></span> <span class='ocrx_word' id='word_1_40' title='bbox 478 611 524 658; x_wconf 87' lang='lat' dir='ltr'><strong>V,</strong></span> <span class='ocrx_word' id='word_1_41' title='bbox 554 609 598 646; x_wconf 81' lang='lat'><strong>31</strong></span> <span class='ocrx_word' id='word_1_42' title='bbox 623 621 631 644; x_wconf 92' lang='lat'><strong>:</strong></span> <span class='ocrx_word' id='word_1_43' title='bbox 666 609 843 657; x_wconf 79' lang='lat' dir='ltr'><strong>·Att1&#39;ngit</strong></span> <span class='ocrx_word' id='word_1_44' title='bbox 888 607 1038 642; x_wconf 83' lang='lat' dir='ltr'><strong>Galatia</strong></span> <span class='ocrx_word' id='word_1_45' title='bbox 1066 612 1105 640; x_wconf 81' lang='lat' dir='ltr'><strong>et</strong></span> 
     </span>
     <span class='ocr_line' id='line_1_10' title="bbox 71 662 1102 720; baseline -0.009 -12"><span class='ocrx_word' id='word_1_46' title='bbox 71 671 293 720; x_wconf 81' lang='lat' dir='ltr'><strong>Pamphylia</strong></span> <span class='ocrx_word' id='word_1_47' title='bbox 313 668 509 707; x_wconf 81' lang='lat' dir='ltr'><strong>Cabaliam</strong></span> <span class='ocrx_word' id='word_1_48' title='bbox 533 675 572 703; x_wconf 84' lang='lat' dir='ltr'><strong>et</strong></span> <span class='ocrx_word' id='word_1_49' title='bbox 596 667 750 714; x_wconf 72' lang='grc' dir='ltr'><strong>ΙΙῙίζγαε,</strong></span> <span class='ocrx_word' id='word_1_50' title='bbox 779 668 843 714; x_wconf 80' lang='lat' dir='ltr'><strong>qui</strong></span> <span class='ocrx_word' id='word_1_51' title='bbox 869 667 964 700; x_wconf 86' lang='lat' dir='ltr'><strong>circa</strong></span> <span class='ocrx_word' id='word_1_52' title='bbox 987 662 1102 701; x_wconf 89' lang='lat' dir='ltr'><strong>Barin</strong></span> 
     </span>
     <span class='ocr_line' id='line_1_11' title="bbox 71 724 1101 777; baseline -0.01 -10"><span class='ocrx_word' id='word_1_53' title='bbox 71 738 160 767; x_wconf 82' lang='lat' dir='ltr'><strong>sunt</strong></span> <span class='ocrx_word' id='word_1_54' title='bbox 180 738 219 766; x_wconf 82' lang='lat' dir='ltr'><strong>et</strong></span> <span class='ocrx_word' id='word_1_55' title='bbox 237 729 491 777; x_wconf 83' lang='lat' dir='ltr'><strong>Cyllandicum</strong></span> <span class='ocrx_word' id='word_1_56' title='bbox 511 734 551 762; x_wconf 86' lang='lat' dir='ltr'><strong>et</strong></span> <span class='ocrx_word' id='word_1_57' title='bbox 569 725 812 762; x_wconf 76' lang='lat' dir='ltr'><strong>Oroandicum</strong></span> <span class='ocrx_word' id='word_1_58' title='bbox 839 724 988 759; x_wconf 72' lang='lat' dir='ltr'><strong>Pisidioe</strong></span> <span class='ocrx_word' id='word_1_59' title='bbox 1018 730 1101 758; x_wconf 83' lang='lat' dir='ltr'><strong>tra-</strong></span> 
     </span>
     <span class='ocr_line' id='line_1_12' title="bbox 71 780 1100 834; baseline -0.009 -8"><span class='ocrx_word' id='word_1_60' title='bbox 71 792 183 827; x_wconf 70' lang='lat' dir='ltr'><strong>cmm.</strong></span> <span class='ocrx_word' id='word_1_61' title='bbox 222 789 400 825; x_wconf 88' lang='lat' dir='ltr'>Fortasse</span> <span class='ocrx_word' id='word_1_62' title='bbox 424 785 540 822; x_wconf 86' lang='lat' dir='ltr'><strong>etiam</strong></span> <span class='ocrx_word' id='word_1_63' title='bbox 565 783 725 834; x_wconf 88' lang='lat' dir='ltr'>Ephoro</span> <span class='ocrx_word' id='word_1_64' title='bbox 739 795 808 820; x_wconf 89' lang='lat' dir='ltr'><strong>sua</strong></span> <span class='ocrx_word' id='word_1_65' title='bbox 824 781 941 819; x_wconf 92' lang='lat' dir='ltr'><strong>debet</strong></span> <span class='ocrx_word' id='word_1_66' title='bbox 975 780 1100 818; x_wconf 88' lang='lat' dir='ltr'><strong>Nicol.</strong></span> 
     </span>
     <span class='ocr_line' id='line_1_13' title="bbox 72 835 1101 896; baseline -0.008 -12"><span class='ocrx_word' id='word_1_67' title='bbox 72 850 247 884; x_wconf 83' lang='lat' dir='ltr'><strong>Damaso.</strong></span> <span class='ocrx_word' id='word_1_68' title='bbox 282 859 321 896; x_wconf 91' lang='lat' dir='ltr'><strong>p.</strong></span> <span class='ocrx_word' id='word_1_69' title='bbox 347 857 419 882; x_wconf 81' lang='lat'><strong>122</strong></span> <span class='ocrx_word' id='word_1_70' title='bbox 434 846 502 882; x_wconf 89' lang='lat' dir='ltr'><strong>Or</strong></span> <span class='ocrx_word' id='word_1_71' title='bbox 520 843 555 893; x_wconf 87' lang='lat' dir='ltr'><strong>(e</strong></span> <span class='ocrx_word' id='word_1_72' title='bbox 579 841 737 892; x_wconf 88' lang='lat' dir='ltr'><strong>Joseph.</strong></span> <span class='ocrx_word' id='word_1_73' title='bbox 751 841 799 880; x_wconf 87' lang='lat' dir='ltr'><strong>A.</strong></span> <span class='ocrx_word' id='word_1_74' title='bbox 830 844 866 884; x_wconf 90' lang='lat' dir='ltr'><strong>J</strong></span> <span class='ocrx_word' id='word_1_75' title='bbox 895 839 955 891; x_wconf 78' lang='lat'><strong>4):</strong></span> <span class='ocrx_word' id='word_1_76' title='bbox 974 835 1101 877; x_wconf 85' lang='grc' dir='ltr'>Ἔστιν</span> 
     </span>
     <span class='ocr_line' id='line_1_14' title="bbox 72 897 1103 958; baseline -0.007 -15"><span class='ocrx_word' id='word_1_77' title='bbox 72 902 161 958; x_wconf 76' lang='grc' dir='ltr'>ὑπὲρ</span> <span class='ocrx_word' id='word_1_78' title='bbox 185 902 249 951; x_wconf 68' lang='grc' dir='ltr'><strong>τὴν</strong></span> <span class='ocrx_word' id='word_1_79' title='bbox 274 901 441 942; x_wconf 83' lang='grc' dir='ltr'>Μινυάδα</span> <span class='ocrx_word' id='word_1_80' title='bbox 464 900 557 952; x_wconf 86' lang='grc' dir='ltr'>μέγα</span> <span class='ocrx_word' id='word_1_81' title='bbox 585 899 662 953; x_wconf 84' lang='grc' dir='ltr'>ὅρος</span> <span class='ocrx_word' id='word_1_82' title='bbox 689 898 781 938; x_wconf 81' lang='grc' dir='ltr'>κατὰ</span> <span class='ocrx_word' id='word_1_83' title='bbox 807 897 872 946; x_wconf 82' lang='grc' dir='ltr'><strong>τὴν</strong></span> <span class='ocrx_word' id='word_1_84' title='bbox 898 897 1103 952; x_wconf 90' lang='grc' dir='ltr'>Αρμηνίαν,</span> 
     </span>
     <span class='ocr_line' id='line_1_15' title="bbox 74 956 1103 1016; baseline -0.008 -14"><span class='ocrx_word' id='word_1_85' title='bbox 74 965 183 1016; x_wconf 82' lang='grc' dir='ltr'>Βᾶρις</span> <span class='ocrx_word' id='word_1_86' title='bbox 202 961 403 1014; x_wconf 84' lang='grc' dir='ltr'>λεγόμενον,</span> <span class='ocrx_word' id='word_1_87' title='bbox 430 961 477 1005; x_wconf 87' lang='grc' dir='ltr'><strong>εἷς</strong></span> <span class='ocrx_word' id='word_1_88' title='bbox 495 959 514 998; x_wconf 85' lang='grc' dir='ltr'>ὃ</span> <span class='ocrx_word' id='word_1_89' title='bbox 538 958 688 1003; x_wconf 85' lang='grc' dir='ltr'>πολλους</span> <span class='ocrx_word' id='word_1_90' title='bbox 707 956 952 1013; x_wconf 85' lang='grc' dir='ltr'>συμφυγόντας</span> <span class='ocrx_word' id='word_1_91' title='bbox 968 956 1026 995; x_wconf 83' lang='grc' dir='ltr'>ἐπὶ</span> <span class='ocrx_word' id='word_1_92' title='bbox 1042 972 1103 995; x_wconf 86' lang='grc' dir='ltr'><strong>του</strong></span> 
     </span>
     <span class='ocr_line' id='line_1_16' title="bbox 73 1018 1103 1073; baseline -0.007 -12"><span class='ocrx_word' id='word_1_93' title='bbox 73 1022 325 1073; x_wconf 86' lang='grc' dir='ltr'>κατακλυσμου</span> <span class='ocrx_word' id='word_1_94' title='bbox 355 1019 457 1072; x_wconf 84' lang='grc' dir='ltr'>λόγος</span> <span class='ocrx_word' id='word_1_95' title='bbox 483 1018 557 1071; x_wconf 87' lang='grc' dir='ltr'>ἔχει</span> <span class='ocrx_word' id='word_1_96' title='bbox 578 1021 815 1073; x_wconf 85' lang='grc' dir='ltr'>περισωθηναι</span> <span class='ocrx_word' id='word_1_97' title='bbox 845 1018 922 1056; x_wconf 86' lang='grc' dir='ltr'>κτλ.</span> <span class='ocrx_word' id='word_1_98' title='bbox 942 1018 1103 1055; x_wconf 48' lang='lat' dir='ltr'><strong>»Mamm</strong></span> 
     </span>
    </p>
   </div>
   <div class='ocr_carea' id='block_1_4' title="bbox 75 1151 1111 2077">
    <p class='ocr_par' dir='ltr' id='par_1_5' title="bbox 75 1151 1109 1446">
     <span class='ocr_line' id='line_1_17' title="bbox 129 1151 1104 1208; baseline -0.005 -13"><span class='ocrx_word' id='word_1_99' title='bbox 129 1156 366 1208; x_wconf 87' lang='lat' dir='ltr'><strong>Stephanus:</strong></span> <span class='ocrx_word' id='word_1_100' title='bbox 381 1153 536 1208; x_wconf 84' lang='grc' dir='ltr'>Καρικὸν</span> <span class='ocrx_word' id='word_1_101' title='bbox 554 1155 696 1206; x_wconf 83' lang='grc' dir='ltr'>Τεῖχος,</span> <span class='ocrx_word' id='word_1_102' title='bbox 711 1152 811 1197; x_wconf 85' lang='grc' dir='ltr'>πόλις</span> <span class='ocrx_word' id='word_1_103' title='bbox 821 1151 955 1200; x_wconf 76' lang='grc' dir='ltr'>Λιὸύης</span> <span class='ocrx_word' id='word_1_104' title='bbox 966 1154 1000 1191; x_wconf 81' lang='grc' dir='ltr'>ἐν</span> <span class='ocrx_word' id='word_1_105' title='bbox 1022 1153 1104 1206; x_wconf 87' lang='grc' dir='ltr'>ἀρι-</span> 
     </span>
     <span class='ocr_line' id='line_1_18' title="bbox 75 1210 1106 1269; baseline -0.005 -15"><span class='ocrx_word' id='word_1_106' title='bbox 75 1221 181 1269; x_wconf 76' lang='grc' dir='ltr'>στερᾷ</span> <span class='ocrx_word' id='word_1_107' title='bbox 196 1216 266 1253; x_wconf 85' lang='grc' dir='ltr'><strong>τῶν</strong></span> <span class='ocrx_word' id='word_1_108' title='bbox 284 1212 503 1267; x_wconf 81' lang='grc' dir='ltr'>Ἡρακλείων</span> <span class='ocrx_word' id='word_1_109' title='bbox 525 1214 678 1262; x_wconf 82' lang='grc' dir='ltr'>στηλῶν,</span> <span class='ocrx_word' id='word_1_110' title='bbox 705 1215 752 1256; x_wconf 84' lang='grc' dir='ltr'><strong>ὡς</strong></span> <span class='ocrx_word' id='word_1_111' title='bbox 774 1210 927 1266; x_wconf 80' lang='grc' dir='ltr'>Ἔφορος</span> <span class='ocrx_word' id='word_1_112' title='bbox 945 1210 1106 1264; x_wconf 83' lang='grc' dir='ltr'>πέμπτῃ.</span> 
     </span>
     <span class='ocr_line' id='line_1_19' title="bbox 75 1271 1109 1326; baseline -0.004 -13"><span class='ocrx_word' id='word_1_113' title='bbox 75 1279 134 1314; x_wconf 91' lang='lat' dir='ltr'><strong>Ex</strong></span> <span class='ocrx_word' id='word_1_114' title='bbox 157 1274 317 1326; x_wconf 83' lang='lat' dir='ltr'>Ephoro</span> <span class='ocrx_word' id='word_1_115' title='bbox 329 1277 440 1311; x_wconf 83' lang='lat' dir='ltr'><strong>Marx</strong></span> <span class='ocrx_word' id='word_1_116' title='bbox 452 1272 672 1310; x_wconf 90' lang='lat' dir='ltr'><strong>desumtum</strong></span> <span class='ocrx_word' id='word_1_117' title='bbox 685 1272 903 1323; x_wconf 89' lang='lat' dir='ltr'><strong>suspicatur</strong></span> <span class='ocrx_word' id='word_1_118' title='bbox 922 1271 1037 1310; x_wconf 88' lang='lat' dir='ltr'><strong>etiam</strong></span> <span class='ocrx_word' id='word_1_119' title='bbox 1051 1271 1109 1309; x_wconf 94' lang='lat' dir='ltr'><strong>lo—</strong></span> 
     </span>
     <span class='ocr_line' id='line_1_20' title="bbox 75 1326 1108 1384; baseline -0.001 -13"><span class='ocrx_word' id='word_1_120' title='bbox 75 1347 164 1371; x_wconf 87' lang='lat' dir='ltr'><strong>cum</strong></span> <span class='ocrx_word' id='word_1_121' title='bbox 199 1332 312 1371; x_wconf 88' lang='lat' dir='ltr'><strong>Plinii</strong></span> <span class='ocrx_word' id='word_1_122' title='bbox 336 1331 429 1384; x_wconf 88' lang='lat' dir='ltr'><strong>(VI,</strong></span> <span class='ocrx_word' id='word_1_123' title='bbox 456 1330 541 1382; x_wconf 87' lang='lat'><strong>25),</strong></span> <span class='ocrx_word' id='word_1_124' title='bbox 573 1330 643 1369; x_wconf 87' lang='lat' dir='ltr'><strong>ubi</strong></span> <span class='ocrx_word' id='word_1_125' title='bbox 665 1332 767 1370; x_wconf 87' lang='grc' dir='ltr'>Θεῶν</span> <span class='ocrx_word' id='word_1_126' title='bbox 795 1326 949 1383; x_wconf 85' lang='grc' dir='ltr'>’Όχημα</span> <span class='ocrx_word' id='word_1_127' title='bbox 977 1339 1016 1368; x_wconf 91' lang='lat' dir='ltr'><strong>et</strong></span> <span class='ocrx_word' id='word_1_128' title='bbox 1040 1328 1108 1370; x_wconf 89' lang='grc' dir='ltr'><strong>Ἑ-</strong></span> 
     </span>
     <span class='ocr_line' id='line_1_21' title="bbox 76 1389 657 1446; baseline -0.003 -16"><span class='ocrx_word' id='word_1_129' title='bbox 76 1391 207 1446; x_wconf 85' lang='grc' dir='ltr'>σπέρου</span> <span class='ocrx_word' id='word_1_130' title='bbox 232 1389 347 1445; x_wconf 83' lang='grc' dir='ltr'>Κέρας</span> <span class='ocrx_word' id='word_1_131' title='bbox 369 1399 657 1428; x_wconf 88' lang='lat' dir='ltr'><strong>commemorat.</strong></span> 
     </span>
    </p>

    <p class='ocr_par' dir='ltr' id='par_1_6' title="bbox 77 1447 1110 1562">
     <span class='ocr_line' id='line_1_22' title="bbox 130 1447 1110 1503; baseline -0.004 -13"><span class='ocrx_word' id='word_1_132' title='bbox 130 1447 492 1503; x_wconf 75' lang='grc' dir='ltr'>ΙὰεῐῐιεἏὸρότονον,</span> <span class='ocrx_word' id='word_1_133' title='bbox 520 1447 620 1494; x_wconf 86' lang='grc' dir='ltr'>πόλις</span> <span class='ocrx_word' id='word_1_134' title='bbox 645 1447 915 1502; x_wconf 75' lang='grc' dir='ltr'>Λιὸυφοινίκων.</span> <span class='ocrx_word' id='word_1_135' title='bbox 936 1449 1110 1488; x_wconf 86' lang='grc' dir='ltr'>Καλεῖται</span> 
     </span>
     <span class='ocr_line' id='line_1_23' title="bbox 77 1505 642 1562; baseline -0.005 -13"><span class='ocrx_word' id='word_1_136' title='bbox 77 1509 114 1549; x_wconf 81' lang='grc' dir='ltr'><strong>δὲ</strong></span> <span class='ocrx_word' id='word_1_137' title='bbox 131 1510 191 1549; x_wconf 76' lang='grc' dir='ltr'>καὶ</span> <span class='ocrx_word' id='word_1_138' title='bbox 211 1509 399 1557; x_wconf 82' lang='grc' dir='ltr'>Νεάπολις,</span> <span class='ocrx_word' id='word_1_139' title='bbox 415 1510 463 1552; x_wconf 82' lang='grc' dir='ltr'><strong>ὣς</strong></span> <span class='ocrx_word' id='word_1_140' title='bbox 477 1505 642 1562; x_wconf 85' lang='grc' dir='ltr'>Ἔφορος.</span> 
     </span>
    </p>

    <p class='ocr_par' dir='ltr' id='par_1_7' title="bbox 78 1563 1111 1737">
     <span class='ocr_line' id='line_1_24' title="bbox 131 1563 1109 1621; baseline -0.004 -13"><span class='ocrx_word' id='word_1_141' title='bbox 131 1569 263 1608; x_wconf 90' lang='lat' dir='ltr'><strong>Idem:</strong></span> <span class='ocrx_word' id='word_1_142' title='bbox 280 1566 454 1616; x_wconf 86' lang='grc' dir='ltr'>Χαλισία,</span> <span class='ocrx_word' id='word_1_143' title='bbox 485 1566 586 1610; x_wconf 86' lang='grc' dir='ltr'>πόλις</span> <span class='ocrx_word' id='word_1_144' title='bbox 604 1565 748 1613; x_wconf 74' lang='grc' dir='ltr'>Λιὸύης.</span> <span class='ocrx_word' id='word_1_145' title='bbox 776 1563 931 1620; x_wconf 86' lang='grc' dir='ltr'>Ἔφορος</span> <span class='ocrx_word' id='word_1_146' title='bbox 956 1565 1109 1621; x_wconf 84' lang='grc' dir='ltr'>πέμπτῳ</span> 
     </span>
     <span class='ocr_line' id='line_1_25' title="bbox 78 1623 1111 1680; baseline -0.002 -14"><span class='ocrx_word' id='word_1_147' title='bbox 78 1628 196 1680; x_wconf 86' lang='lat' dir='ltr'><strong>(vulg.</strong></span> <span class='ocrx_word' id='word_1_148' title='bbox 228 1625 394 1680; x_wconf 87' lang='grc' dir='ltr'>πρώτῳ)“</span> <span class='ocrx_word' id='word_1_149' title='bbox 414 1642 430 1660; x_wconf 85' lang='lat'>«</span> <span class='ocrx_word' id='word_1_150' title='bbox 451 1623 654 1678; x_wconf 82' lang='grc' dir='ltr'>Ἀναχθέντι</span> <span class='ocrx_word' id='word_1_151' title='bbox 676 1625 706 1663; x_wconf 85' lang='grc' dir='ltr'><strong>δ’</strong></span> <span class='ocrx_word' id='word_1_152' title='bbox 725 1624 796 1663; x_wconf 84' lang='grc' dir='ltr'>ἀπὸ</span> <span class='ocrx_word' id='word_1_153' title='bbox 829 1624 975 1674; x_wconf 84' lang='grc' dir='ltr'>τούτων,</span> <span class='ocrx_word' id='word_1_154' title='bbox 1010 1624 1111 1670; x_wconf 88' lang='grc' dir='ltr'>πόλις</span> 
     </span>
     <span class='ocr_line' id='line_1_26' title="bbox 78 1683 550 1737; baseline -0.011 -12"><span class='ocrx_word' id='word_1_155' title='bbox 78 1685 319 1737; x_wconf 80' lang='grc' dir='ltr'>ὀνομαζομένη</span> <span class='ocrx_word' id='word_1_156' title='bbox 345 1683 514 1725; x_wconf 87' lang='grc' dir='ltr'>Χαλισία.</span> <span class='ocrx_word' id='word_1_157' title='bbox 534 1702 550 1719; x_wconf 82' lang='grc'>»</span> 
     </span>
    </p>

    <p class='ocr_par' dir='ltr' id='par_1_8' title="bbox 79 1741 1111 1858">
     <span class='ocr_line' id='line_1_27' title="bbox 132 1741 1111 1798; baseline -0.002 -14"><span class='ocrx_word' id='word_1_158' title='bbox 132 1746 257 1784; x_wconf 86' lang='lat' dir='ltr'><strong>Idem:</strong></span> <span class='ocrx_word' id='word_1_159' title='bbox 273 1744 404 1798; x_wconf 73' lang='grc' dir='ltr'>’Ύδρα,</span> <span class='ocrx_word' id='word_1_160' title='bbox 424 1745 528 1790; x_wconf 77' lang='grc' dir='ltr'>νῆσος</span> <span class='ocrx_word' id='word_1_161' title='bbox 548 1741 694 1793; x_wconf 77' lang='grc' dir='ltr'>Λιὸύης,</span> <span class='ocrx_word' id='word_1_162' title='bbox 711 1743 790 1797; x_wconf 75' lang='grc' dir='ltr'>περὶ</span> <span class='ocrx_word' id='word_1_163' title='bbox 811 1742 1046 1796; x_wconf 78' lang='grc' dir='ltr'>Καρχηδόνα,</span> <span class='ocrx_word' id='word_1_164' title='bbox 1064 1745 1111 1787; x_wconf 83' lang='grc' dir='ltr'><strong>ὡς</strong></span> 
     </span>
     <span class='ocr_line' id='line_1_28' title="bbox 79 1800 1080 1858; baseline 0 -16"><span class='ocrx_word' id='word_1_165' title='bbox 79 1804 231 1858; x_wconf 83' lang='grc' dir='ltr'>Ἔφορος</span> <span class='ocrx_word' id='word_1_166' title='bbox 249 1802 415 1856; x_wconf 84' lang='grc' dir='ltr'>πέμπτῳ.</span> <span class='ocrx_word' id='word_1_167' title='bbox 437 1800 491 1841; x_wconf 77' lang='grc' dir='ltr'><strong>Τὸ</strong></span> <span class='ocrx_word' id='word_1_168' title='bbox 510 1801 643 1841; x_wconf 81' lang='grc' dir='ltr'>ἐθνικὸν</span> <span class='ocrx_word' id='word_1_169' title='bbox 664 1801 827 1855; x_wconf 87' lang='grc' dir='ltr'>Ὑδραῖος</span> <span class='ocrx_word' id='word_1_170' title='bbox 844 1801 867 1849; x_wconf 87' lang='grc' dir='ltr'>ἢ</span> <span class='ocrx_word' id='word_1_171' title='bbox 893 1802 1080 1856; x_wconf 84' lang='grc' dir='ltr'>Ὑδράτης.</span> 
     </span>
    </p>

    <p class='ocr_par' dir='ltr' id='par_1_9' title="bbox 80 1861 1109 2033">
     <span class='ocr_line' id='line_1_29' title="bbox 131 1861 1109 1915; baseline -0.001 -13"><span class='ocrx_word' id='word_1_172' title='bbox 131 1863 357 1915; x_wconf 86' lang='lat' dir='ltr'><strong>Apostolius</strong></span> <span class='ocrx_word' id='word_1_173' title='bbox 380 1861 563 1900; x_wconf 85' lang='lat' dir='ltr'><strong>Proverb.</strong></span> <span class='ocrx_word' id='word_1_174' title='bbox 587 1865 673 1910; x_wconf 89' lang='lat' dir='ltr'><strong>VII,</strong></span> <span class='ocrx_word' id='word_1_175' title='bbox 689 1863 737 1910; x_wconf 86' lang='lat'><strong>37</strong></span> <span class='ocrx_word' id='word_1_176' title='bbox 755 1878 763 1900; x_wconf 78' lang='lat' dir='ltr'><em>z</em></span> <span class='ocrx_word' id='word_1_177' title='bbox 784 1861 926 1901; x_wconf 83' lang='grc' dir='ltr'>Δούλων</span> <span class='ocrx_word' id='word_1_178' title='bbox 945 1861 1059 1910; x_wconf 85' lang='grc' dir='ltr'>πόλις,</span> <span class='ocrx_word' id='word_1_179' title='bbox 1074 1863 1109 1901; x_wconf 82' lang='grc' dir='ltr'>ἐν</span> 
     </span>
     <span class='ocr_line' id='line_1_30' title="bbox 81 1919 1109 1976; baseline -0.001 -15"><span class='ocrx_word' id='word_1_180' title='bbox 81 1921 206 1975; x_wconf 73' lang='grc' dir='ltr'>Λιὸύῃ.</span> <span class='ocrx_word' id='word_1_181' title='bbox 234 1919 388 1976; x_wconf 86' lang='grc' dir='ltr'>Ἔφορος</span> <span class='ocrx_word' id='word_1_182' title='bbox 409 1922 448 1959; x_wconf 85' lang='grc' dir='ltr'><strong>ε’.</strong></span> <span class='ocrx_word' id='word_1_183' title='bbox 470 1921 617 1960; x_wconf 86' lang='lat' dir='ltr'><strong>Eadem</strong></span> <span class='ocrx_word' id='word_1_184' title='bbox 642 1921 790 1960; x_wconf 90' lang='lat' dir='ltr'><strong>Suidas.</strong></span> <span class='ocrx_word' id='word_1_185' title='bbox 810 1921 920 1961; x_wconf 89' lang='lat' dir='ltr'><strong>Conf.</strong></span> <span class='ocrx_word' id='word_1_186' title='bbox 946 1923 1109 1972; x_wconf 90' lang='lat' dir='ltr'><strong>Hesych.</strong></span> 
     </span>
     <span class='ocr_line' id='line_1_31' title="bbox 80 1981 445 2033; baseline -0.003 -14"><span class='ocrx_word' id='word_1_187' title='bbox 80 1990 119 2019; x_wconf 90' lang='lat' dir='ltr'><strong>et</strong></span> <span class='ocrx_word' id='word_1_188' title='bbox 142 1981 325 2033; x_wconf 79' lang='lat' dir='ltr'><strong>stephan.</strong></span> <span class='ocrx_word' id='word_1_189' title='bbox 352 1995 382 2019; x_wconf 88' lang='lat' dir='ltr'><strong>s.</strong></span> <span class='ocrx_word' id='word_1_190' title='bbox 408 1994 445 2019; x_wconf 89' lang='lat' dir='ltr'><strong>v.</strong></span> 
     </span>
    </p>

    <p class='ocr_par' dir='ltr' id='par_1_10' title="bbox 543 2039 655 2077">
     <span class='ocr_line' id='line_1_32' title="bbox 543 2039 655 2077; baseline 0 0"><span class='ocrx_word' id='word_1_191' title='bbox 543 2039 595 2077; x_wconf 85' lang='lat'><strong>96</strong></span> <span class='ocrx_word' id='word_1_192' title='bbox 623 2053 655 2077; x_wconf 86' lang='lat' dir='ltr'><strong>a.</strong></span> 
     </span>
    </p>
   </div>
   <div class='ocr_carea' id='block_1_5' title="bbox 80 2103 1114 2334">
    <p class='ocr_par' dir='ltr' id='par_1_11' title="bbox 80 2103 1114 2334">
     <span class='ocr_line' id='line_1_33' title="bbox 134 2103 1113 2154; baseline 0 -11"><span class='ocrx_word' id='word_1_193' title='bbox 134 2104 230 2143; x_wconf 89' lang='lat' dir='ltr'><strong>Plin.</strong></span> <span class='ocrx_word' id='word_1_194' title='bbox 256 2107 305 2142; x_wconf 90' lang='lat' dir='ltr'><strong>H.</strong></span> <span class='ocrx_word' id='word_1_195' title='bbox 330 2107 376 2143; x_wconf 94' lang='lat' dir='ltr'><strong>N.</strong></span> <span class='ocrx_word' id='word_1_196' title='bbox 402 2108 455 2144; x_wconf 91' lang='lat' dir='ltr'><strong>VI</strong></span> <span class='ocrx_word' id='word_1_197' title='bbox 468 2119 482 2154; x_wconf 61' lang='lat'><strong>,*</strong></span> <span class='ocrx_word' id='word_1_198' title='bbox 507 2105 570 2153; x_wconf 84' lang='lat'><strong>36,</strong></span> <span class='ocrx_word' id='word_1_199' title='bbox 595 2103 663 2142; x_wconf 93' lang='lat' dir='ltr'><strong>ubi</strong></span> <span class='ocrx_word' id='word_1_200' title='bbox 688 2103 736 2141; x_wconf 90' lang='lat' dir='ltr'><strong>de</strong></span> <span class='ocrx_word' id='word_1_201' title='bbox 761 2103 887 2142; x_wconf 86' lang='lat' dir='ltr'><strong>insula</strong></span> <span class='ocrx_word' id='word_1_202' title='bbox 907 2106 1030 2143; x_wconf 89' lang='lat' dir='ltr'><strong>Cerne</strong></span> <span class='ocrx_word' id='word_1_203' title='bbox 1053 2106 1113 2143; x_wconf 93' lang='lat' dir='ltr'><strong>lo-</strong></span> 
     </span>
     <span class='ocr_line' id='line_1_34' title="bbox 82 2162 1113 2215; baseline 0 -15"><span class='ocrx_word' id='word_1_204' title='bbox 82 2164 212 2215; x_wconf 86' lang='lat' dir='ltr'><strong>quitur</strong></span> <span class='ocrx_word' id='word_1_205' title='bbox 231 2177 240 2200; x_wconf 89' lang='lat'>:</span> <span class='ocrx_word' id='word_1_206' title='bbox 269 2164 437 2213; x_wconf 76' lang='lat' dir='ltr'><strong>Ephorus</strong></span> <span class='ocrx_word' id='word_1_207' title='bbox 459 2173 587 2201; x_wconf 83' lang='lat' dir='ltr'><strong>auctor</strong></span> <span class='ocrx_word' id='word_1_208' title='bbox 596 2172 686 2200; x_wconf 83' lang='lat' dir='ltr'><strong>esta</strong></span> <span class='ocrx_word' id='word_1_209' title='bbox 699 2162 805 2199; x_wconf 79' lang='lat' dir='ltr'><strong>rubro</strong></span> <span class='ocrx_word' id='word_1_210' title='bbox 821 2168 917 2199; x_wconf 83' lang='lat' dir='ltr'><strong>mari</strong></span> <span class='ocrx_word' id='word_1_211' title='bbox 934 2168 1113 2214; x_wconf 79' lang='lat' dir='ltr'><strong>navigan-</strong></span> 
     </span>
     <span class='ocr_line' id='line_1_35' title="bbox 80 2224 1114 2272; baseline 0.001 -13"><span class='ocrx_word' id='word_1_212' title='bbox 80 2231 135 2259; x_wconf 83' lang='lat' dir='ltr'><strong>tes</strong></span> <span class='ocrx_word' id='word_1_213' title='bbox 153 2226 190 2259; x_wconf 83' lang='lat' dir='ltr'><strong>in</strong></span> <span class='ocrx_word' id='word_1_214' title='bbox 210 2235 292 2259; x_wconf 84' lang='lat' dir='ltr'><strong>eam</strong></span> <span class='ocrx_word' id='word_1_215' title='bbox 310 2236 383 2259; x_wconf 83' lang='lat' dir='ltr'><strong>non</strong></span> <span class='ocrx_word' id='word_1_216' title='bbox 398 2236 504 2272; x_wconf 81' lang='lat' dir='ltr'><strong>posse</strong></span> <span class='ocrx_word' id='word_1_217' title='bbox 524 2230 682 2272; x_wconf 83' lang='lat' dir='ltr'><strong>propter</strong></span> <span class='ocrx_word' id='word_1_218' title='bbox 699 2224 849 2258; x_wconf 83' lang='lat' dir='ltr'><strong>ardores</strong></span> <span class='ocrx_word' id='word_1_219' title='bbox 873 2225 970 2259; x_wconf 83' lang='lat' dir='ltr'><strong>ultra</strong></span> <span class='ocrx_word' id='word_1_220' title='bbox 999 2237 1114 2272; x_wconf 83' lang='lat' dir='ltr'><strong>quas-</strong></span> 
     </span>
     <span class='ocr_line' id='line_1_36' title="bbox 81 2281 1114 2334; baseline 0 -16"><span class='ocrx_word' id='word_1_221' title='bbox 81 2283 167 2318; x_wconf 82' lang='lat' dir='ltr'><strong>dam</strong></span> <span class='ocrx_word' id='word_1_222' title='bbox 186 2284 373 2318; x_wconf 82' lang='lat' dir='ltr'><strong>columnas</strong></span> <span class='ocrx_word' id='word_1_223' title='bbox 385 2283 453 2333; x_wconf 77' lang='lat' dir='ltr'><strong>(ita</strong></span> <span class='ocrx_word' id='word_1_224' title='bbox 469 2284 706 2331; x_wconf 79' lang='lat' dir='ltr'><strong>appellantur</strong></span> <span class='ocrx_word' id='word_1_225' title='bbox 712 2295 846 2330; x_wconf 82' lang='lat' dir='ltr'><strong>parvoe</strong></span> <span class='ocrx_word' id='word_1_226' title='bbox 863 2281 1008 2334; x_wconf 80' lang='lat' dir='ltr'><strong>insuloe)</strong></span> <span class='ocrx_word' id='word_1_227' title='bbox 1019 2296 1114 2331; x_wconf 83' lang='lat' dir='ltr'><strong>pro-</strong></span> 
     </span>
    </p>
   </div>
   <div class='ocr_carea' id='block_1_6' title="bbox 82 2401 1115 2498">
    <p class='ocr_par' dir='ltr' id='par_1_12' title="bbox 82 2401 1115 2498">
     <span class='ocr_line' id='line_1_37' title="bbox 82 2401 1115 2462; baseline 0 -10"><span class='ocrx_word' id='word_1_228' title='bbox 82 2401 238 2460; x_wconf 59' lang='lat' dir='ltr'><strong>accipitur</strong></span> <span class='ocrx_word' id='word_1_229' title='bbox 253 2418 338 2460; x_wconf 88' lang='lat' dir='ltr'><strong>apud</strong></span> <span class='ocrx_word' id='word_1_230' title='bbox 360 2418 586 2460; x_wconf 86' lang='lat' dir='ltr'><strong>Posidippum,</strong></span> <span class='ocrx_word' id='word_1_231' title='bbox 602 2427 663 2451; x_wconf 87' lang='lat' dir='ltr'><strong>nec</strong></span> <span class='ocrx_word' id='word_1_232' title='bbox 676 2427 744 2451; x_wconf 89' lang='lat' dir='ltr'><strong>non</strong></span> <span class='ocrx_word' id='word_1_233' title='bbox 758 2418 799 2451; x_wconf 90' lang='lat' dir='ltr'><strong>de</strong></span> <span class='ocrx_word' id='word_1_234' title='bbox 813 2419 887 2452; x_wconf 85' lang='lat' dir='ltr'><strong>vico</strong></span> <span class='ocrx_word' id='word_1_235' title='bbox 904 2419 992 2461; x_wconf 88' lang='lat' dir='ltr'><strong>apud</strong></span> <span class='ocrx_word' id='word_1_236' title='bbox 1009 2420 1115 2462; x_wconf 89' lang='lat' dir='ltr'><strong>Epho-</strong></span> 
     </span>
     <span class='ocr_line' id='line_1_38' title="bbox 82 2474 167 2498; baseline -0.012 0"><span class='ocrx_word' id='word_1_237' title='bbox 82 2474 167 2498; x_wconf 88' lang='lat' dir='ltr'><strong>rum.</strong></span> 
     </span>
    </p>
   </div>
   <div class='ocr_carea' id='block_1_7' title="bbox 107 2526 1114 2618">
    <p class='ocr_par' dir='ltr' id='par_1_13' title="bbox 107 2526 1114 2618">
     <span class='ocr_line' id='line_1_39' title="bbox 562 2526 626 2559; baseline -0.016 0"><span class='ocrx_word' id='word_1_238' title='bbox 562 2526 626 2559; x_wconf 84' lang='lat'><strong>96.</strong></span> 
     </span>
     <span class='ocr_line' id='line_1_40' title="bbox 107 2576 1114 2618; baseline -0.001 -8"><span class='ocrx_word' id='word_1_239' title='bbox 107 2576 379 2617; x_wconf 72' lang='lat' dir='ltr'><strong>‘Caricontichos,</strong></span> <span class='ocrx_word' id='word_1_240' title='bbox 405 2578 550 2610; x_wconf 80' lang='lat' dir='ltr'><strong>Caricus</strong></span> <span class='ocrx_word' id='word_1_241' title='bbox 563 2585 701 2614; x_wconf 71' lang='lat' dir='ltr'><strong>murm,</strong></span> <span class='ocrx_word' id='word_1_242' title='bbox 726 2576 806 2609; x_wconf 89' lang='lat' dir='ltr'><strong>urbs</strong></span> <span class='ocrx_word' id='word_1_243' title='bbox 833 2576 947 2618; x_wconf 85' lang='lat' dir='ltr'><strong>Libyae</strong></span> <span class='ocrx_word' id='word_1_244' title='bbox 975 2578 1017 2609; x_wconf 88' lang='lat' dir='ltr'><strong>ad</strong></span> <span class='ocrx_word' id='word_1_245' title='bbox 1039 2577 1114 2610; x_wconf 86' lang='lat' dir='ltr'><strong>sini-</strong></span> 
     </span>
    </p>
   </div>
   <div class='ocr_carea' id='block_1_8' title="bbox 84 2623 1114 2710">
    <p class='ocr_par' dir='ltr' id='par_1_14' title="bbox 84 2623 1114 2710">
     <span class='ocr_line' id='line_1_41' title="bbox 84 2623 1114 2666; baseline 0.002 -11"><span class='ocrx_word' id='word_1_246' title='bbox 84 2624 182 2655; x_wconf 80' lang='lat' dir='ltr'><strong>stram</strong></span> <span class='ocrx_word' id='word_1_247' title='bbox 213 2623 443 2655; x_wconf 88' lang='lat' dir='ltr'><strong>Herculearum</strong></span> <span class='ocrx_word' id='word_1_248' title='bbox 466 2624 712 2664; x_wconf 86' lang='lat' dir='ltr'><strong>columnarum,</strong></span> <span class='ocrx_word' id='word_1_249' title='bbox 733 2624 827 2665; x_wconf 78' lang='lat' dir='ltr'><strong>cuius</strong></span> <span class='ocrx_word' id='word_1_250' title='bbox 849 2625 1000 2666; x_wconf 84' lang='lat' dir='ltr'><strong>Ephorus</strong></span> <span class='ocrx_word' id='word_1_251' title='bbox 1031 2624 1114 2657; x_wconf 92' lang='lat' dir='ltr'><strong>libro</strong></span> 
     </span>
     <span class='ocr_line' id='line_1_42' title="bbox 84 2669 374 2710; baseline 0.004 -10"><span class='ocrx_word' id='word_1_252' title='bbox 84 2669 199 2710; x_wconf 79' lang='lat' dir='ltr'><strong>quinto</strong></span> <span class='ocrx_word' id='word_1_253' title='bbox 211 2669 374 2704; x_wconf 84' lang='lat' dir='ltr'><strong>meminit.</strong></span> 
     </span>
    </p>
   </div>
   <div class='ocr_carea' id='block_1_9' title="bbox 84 2715 1114 2993">
    <p class='ocr_par' dir='ltr' id='par_1_15' title="bbox 84 2715 1114 2805">
     <span class='ocr_line' id='line_1_43' title="bbox 124 2715 1114 2759; baseline 0.001 -11"><span class='ocrx_word' id='word_1_254' title='bbox 124 2715 336 2756; x_wconf 76' lang='lat' dir='ltr'><strong>Abrotonum,</strong></span> <span class='ocrx_word' id='word_1_255' title='bbox 353 2717 433 2749; x_wconf 89' lang='lat' dir='ltr'><strong>urbs</strong></span> <span class='ocrx_word' id='word_1_256' title='bbox 448 2716 732 2758; x_wconf 86' lang='lat' dir='ltr'><strong>Libyphoenicum,</strong></span> <span class='ocrx_word' id='word_1_257' title='bbox 749 2726 825 2758; x_wconf 81' lang='lat' dir='ltr'><strong>quae</strong></span> <span class='ocrx_word' id='word_1_258' title='bbox 841 2717 929 2759; x_wconf 89' lang='lat' dir='ltr'><strong>apud</strong></span> <span class='ocrx_word' id='word_1_259' title='bbox 945 2717 1114 2759; x_wconf 82' lang='lat' dir='ltr'><strong>Ephorum</strong></span> 
     </span>
     <span class='ocr_line' id='line_1_44' title="bbox 84 2763 438 2805; baseline 0.003 -10"><span class='ocrx_word' id='word_1_260' title='bbox 84 2763 232 2805; x_wconf 83' lang='lat' dir='ltr'><strong>Neapolis</strong></span> <span class='ocrx_word' id='word_1_261' title='bbox 248 2764 438 2805; x_wconf 86' lang='lat' dir='ltr'><strong>appellatur.</strong></span> 
     </span>
    </p>

    <p class='ocr_par' dir='ltr' id='par_1_16' title="bbox 125 2811 1113 2854">
     <span class='ocr_line' id='line_1_45' title="bbox 125 2811 1113 2854; baseline 0.001 -11"><span class='ocrx_word' id='word_1_262' title='bbox 125 2811 277 2852; x_wconf 83' lang='lat' dir='ltr'><strong>chalisia‚</strong></span> <span class='ocrx_word' id='word_1_263' title='bbox 298 2811 376 2843; x_wconf 89' lang='lat' dir='ltr'><strong>urbs</strong></span> <span class='ocrx_word' id='word_1_264' title='bbox 406 2811 528 2852; x_wconf 87' lang='lat' dir='ltr'><strong>Libyae.</strong></span> <span class='ocrx_word' id='word_1_265' title='bbox 544 2812 696 2853; x_wconf 82' lang='lat' dir='ltr'><strong>Ephorus</strong></span> <span class='ocrx_word' id='word_1_266' title='bbox 710 2811 826 2852; x_wconf 86' lang='lat' dir='ltr'><strong>quinto</strong></span> <span class='ocrx_word' id='word_1_267' title='bbox 843 2811 959 2854; x_wconf 77' lang='lat' dir='ltr'><strong>(vulqo</strong></span> <span class='ocrx_word' id='word_1_268' title='bbox 973 2812 1113 2853; x_wconf 90' lang='lat' dir='ltr'><strong>primo);</strong></span> 
     </span>
    </p>

    <p class='ocr_par' dir='ltr' id='par_1_17' title="bbox 85 2836 944 2890">
     <span class='ocr_line' id='line_1_46' title="bbox 85 2836 944 2890; baseline 0.001 -1.04"><span class='ocrx_word' id='word_1_269' title='bbox 85 2858 200 2890; x_wconf 71' lang='lat' dir='ltr'><strong>«Hinc</strong></span> <span class='ocrx_word' id='word_1_270' title='bbox 214 2836 322 2889; x_wconf 63' lang='lat' dir='ltr'><strong>aut’em</strong></span> <span class='ocrx_word' id='word_1_271' title='bbox 340 2857 478 2889; x_wconf 88' lang='lat' dir='ltr'><strong>solventi</strong></span> <span class='ocrx_word' id='word_1_272' title='bbox 495 2857 573 2889; x_wconf 87' lang='lat' dir='ltr'><strong>urbs</strong></span> <span class='ocrx_word' id='word_1_273' title='bbox 587 2858 754 2890; x_wconf 85' lang='lat' dir='ltr'><strong>nominata</strong></span> <span class='ocrx_word' id='word_1_274' title='bbox 769 2858 944 2890; x_wconf 87' lang='lat' dir='ltr'><strong>Chalisia.</strong></span> 
     </span>
    </p>

    <p class='ocr_par' dir='ltr' id='par_1_18' title="bbox 86 2903 1111 2993">
     <span class='ocr_line' id='line_1_47' title="bbox 126 2903 1111 2947; baseline 0.001 -11"><span class='ocrx_word' id='word_1_275' title='bbox 126 2903 246 2945; x_wconf 82' lang='lat' dir='ltr'><strong>Hydra,</strong></span> <span class='ocrx_word' id='word_1_276' title='bbox 261 2903 367 2936; x_wconf 86' lang='lat' dir='ltr'><strong>insula</strong></span> <span class='ocrx_word' id='word_1_277' title='bbox 379 2903 508 2944; x_wconf 85' lang='lat' dir='ltr'><strong>Libyae,</strong></span> <span class='ocrx_word' id='word_1_278' title='bbox 525 2905 612 2936; x_wconf 89' lang='lat' dir='ltr'><strong>circa</strong></span> <span class='ocrx_word' id='word_1_279' title='bbox 636 2905 878 2946; x_wconf 87' lang='lat' dir='ltr'><strong>Carthaginem,</strong></span> <span class='ocrx_word' id='word_1_280' title='bbox 898 2906 936 2937; x_wconf 91' lang='lat' dir='ltr'><strong>ut</strong></span> <span class='ocrx_word' id='word_1_281' title='bbox 959 2905 1111 2947; x_wconf 87' lang='lat' dir='ltr'><strong>Ephorus</strong></span> 
     </span>
     <span class='ocr_line' id='line_1_48' title="bbox 86 2951 804 2993; baseline 0.003 -11"><span class='ocrx_word' id='word_1_282' title='bbox 86 2951 209 2993; x_wconf 83' lang='lat' dir='ltr'><strong>quinto.</strong></span> <span class='ocrx_word' id='word_1_283' title='bbox 226 2951 364 2990; x_wconf 88' lang='lat' dir='ltr'><strong>Gentile,</strong></span> <span class='ocrx_word' id='word_1_284' title='bbox 378 2951 550 2991; x_wconf 87' lang='lat' dir='ltr'><strong>Hydraeus‚</strong></span> <span class='ocrx_word' id='word_1_285' title='bbox 563 2952 615 2984; x_wconf 85' lang='lat' dir='ltr'><strong>vel</strong></span> <span class='ocrx_word' id='word_1_286' title='bbox 632 2952 804 2993; x_wconf 85' lang='lat' dir='ltr'><strong>Hydrates.</strong></span> 
     </span>
    </p>
   </div>
   <div class='ocr_carea' id='block_1_10' title="bbox 87 2998 1115 3086">
    <p class='ocr_par' dir='ltr' id='par_1_19' title="bbox 87 2998 1115 3086">
     <span class='ocr_line' id='line_1_49' title="bbox 128 2998 1115 3076; baseline 0.002 -47"><span class='ocrx_word' id='word_1_287' title='bbox 128 2999 299 3076; x_wconf 53' lang='lat' dir='ltr'><strong>§egorum</strong></span> <span class='ocrx_word' id='word_1_288' title='bbox 325 2998 402 3030; x_wconf 86' lang='lat' dir='ltr'><strong>urbs</strong></span> <span class='ocrx_word' id='word_1_289' title='bbox 418 3021 427 3037; x_wconf 93' lang='lat'><strong>,</strong></span> <span class='ocrx_word' id='word_1_290' title='bbox 455 2998 488 3029; x_wconf 89' lang='lat' dir='ltr'><strong>in</strong></span> <span class='ocrx_word' id='word_1_291' title='bbox 513 2999 635 3040; x_wconf 85' lang='lat' dir='ltr'><strong>Libya,</strong></span> <span class='ocrx_word' id='word_1_292' title='bbox 657 3000 697 3031; x_wconf 85' lang='lat' dir='ltr'><strong>ut</strong></span> <span class='ocrx_word' id='word_1_293' title='bbox 727 2999 878 3040; x_wconf 89' lang='lat' dir='ltr'><strong>Ephorus</strong></span> <span class='ocrx_word' id='word_1_294' title='bbox 897 2999 1011 3032; x_wconf 85' lang='lat' dir='ltr'><strong>scribit</strong></span> <span class='ocrx_word' id='word_1_295' title='bbox 1032 2999 1115 3031; x_wconf 90' lang='lat' dir='ltr'><strong>libro</strong></span> 
     </span>
     <span class='ocr_line' id='line_1_50' title="bbox 87 3053 210 3086; baseline -0.008 -9"><span class='ocrx_word' id='word_1_296' title='bbox 87 3053 165 3086; x_wconf 89' lang='lat' dir='ltr'><strong>qum</strong></span> <span class='ocrx_word' id='word_1_297' title='bbox 203 3069 210 3076; x_wconf 95' lang='lat'><strong>.</strong></span> 
     </span>
    </p>
   </div>
   <div class='ocr_carea' id='block_1_11' title="bbox 548 3098 674 3110">
    <p class='ocr_par' dir='ltr' id='par_1_20' title="bbox 548 3098 674 3110">
     <span class='ocr_line' id='line_1_51' title="bbox 548 3098 674 3110; baseline -0.008 -3"><span class='ocrx_word' id='word_1_298' title='bbox 548 3098 674 3110; x_wconf 38' lang='lat' dir='ltr'><strong>Q...—</strong></span> 
     </span>
    </p>
   </div>
   <div class='ocr_carea' id='block_1_12' title="bbox 405 3148 793 3188">
    <p class='ocr_par' dir='ltr' id='par_1_21' title="bbox 405 3148 793 3188">
     <span class='ocr_line' id='line_1_52' title="bbox 405 3148 793 3188; baseline 0.008 -3"><span class='ocrx_word' id='word_1_299' title='bbox 405 3148 557 3186; x_wconf 84' lang='lat' dir='ltr'>LIBER</span> <span class='ocrx_word' id='word_1_300' title='bbox 586 3148 793 3188; x_wconf 91' lang='lat' dir='ltr'><strong>SEXTUS.</strong></span> 
     </span>
    </p>
   </div>
   <div class='ocr_carea' id='block_1_13' title="bbox 568 3219 632 3252">
    <p class='ocr_par' dir='ltr' id='par_1_22' title="bbox 568 3219 632 3252">
     <span class='ocr_line' id='line_1_53' title="bbox 568 3219 632 3252; baseline 0.016 -1"><span class='ocrx_word' id='word_1_301' title='bbox 568 3219 632 3252; x_wconf 83' lang='lat'><strong>97.</strong></span> 
     </span>
    </p>
   </div>
   <div class='ocr_carea' id='block_1_14' title="bbox 89 3276 1118 3362">
    <p class='ocr_par' dir='ltr' id='par_1_23' title="bbox 89 3276 1118 3362">
     <span class='ocr_line' id='line_1_54' title="bbox 129 3276 1116 3316; baseline 0.004 -9"><span class='ocrx_word' id='word_1_302' title='bbox 129 3276 277 3316; x_wconf 90' lang='lat' dir='ltr'><strong>Ephorus</strong></span> <span class='ocrx_word' id='word_1_303' title='bbox 289 3278 398 3308; x_wconf 88' lang='lat' dir='ltr'><strong>autem</strong></span> <span class='ocrx_word' id='word_1_304' title='bbox 411 3278 503 3309; x_wconf 89' lang='lat' dir='ltr'><strong>sexto</strong></span> <span class='ocrx_word' id='word_1_305' title='bbox 519 3276 734 3308; x_wconf 82' lang='lat' dir='ltr'><strong>Historiarum</strong></span> <span class='ocrx_word' id='word_1_306' title='bbox 750 3300 758 3313; x_wconf 95' lang='lat'>‚</span> <span class='ocrx_word' id='word_1_307' title='bbox 780 3291 795 3306; x_wconf 90' lang='lat'>«</span> <span class='ocrx_word' id='word_1_308' title='bbox 812 3278 948 3311; x_wconf 85' lang='lat' dir='ltr'><strong>Bellicas</strong></span> <span class='ocrx_word' id='word_1_309' title='bbox 965 3279 1116 3311; x_wconf 85' lang='lat' dir='ltr'><strong>exercita-</strong></span> 
     </span>
     <span class='ocr_line' id='line_1_55' title="bbox 89 3320 1118 3362; baseline 0.003 -10"><span class='ocrx_word' id='word_1_310' title='bbox 89 3320 208 3360; x_wconf 84' lang='lat' dir='ltr'><strong>tiones,</strong></span> <span class='ocrx_word' id='word_1_311' title='bbox 234 3321 351 3362; x_wconf 89' lang='lat' dir='ltr'><strong>inquit‚</strong></span> <span class='ocrx_word' id='word_1_312' title='bbox 367 3322 576 3355; x_wconf 83' lang='lat' dir='ltr'><strong>instituerunt</strong></span> <span class='ocrx_word' id='word_1_313' title='bbox 612 3323 834 3356; x_wconf 82' lang='lat' dir='ltr'><strong>Mantinenses</strong></span> <span class='ocrx_word' id='word_1_314' title='bbox 855 3328 887 3356; x_wconf 89' lang='lat' dir='ltr'><strong>et</strong></span> <span class='ocrx_word' id='word_1_315' title='bbox 903 3325 1069 3357; x_wconf 85' lang='lat' dir='ltr'><strong>Arcades:</strong></span> <span class='ocrx_word' id='word_1_316' title='bbox 1086 3326 1118 3356; x_wconf 86' lang='lat' dir='ltr'><strong>et</strong></span> 
     </span>
    </p>
   </div>
   <div class='ocr_carea' id='block_1_15' title="bbox 2108 169 2178 202">
    <p class='ocr_par' dir='ltr' id='par_1_24' title="bbox 2108 169 2178 202">
     <span class='ocr_line' id='line_1_56' title="bbox 2108 169 2178 202; baseline 0 0"><span class='ocrx_word' id='word_1_317' title='bbox 2108 169 2178 202; x_wconf 78' lang='lat'><strong>261</strong></span> 
     </span>
    </p>
   </div>
   <div class='ocr_carea' id='block_1_16' title="bbox 1156 251 2185 364">
    <p class='ocr_par' dir='ltr' id='par_1_25' title="bbox 1156 251 2185 364">
     <span class='ocr_line' id='line_1_57' title="bbox 1156 251 2185 304; baseline 0.001 -16"><span class='ocrx_word' id='word_1_318' title='bbox 1156 253 1243 290; x_wconf 66' lang='lat' dir='ltr'><strong>velli.</strong></span> <span class='ocrx_word' id='word_1_319' title='bbox 1277 253 1334 291; x_wconf 86' lang='lat' dir='ltr'><strong>Cf.</strong></span> <span class='ocrx_word' id='word_1_320' title='bbox 1371 267 1454 304; x_wconf 87' lang='lat' dir='ltr'><strong>quae</strong></span> <span class='ocrx_word' id='word_1_321' title='bbox 1477 253 1594 291; x_wconf 88' lang='lat' dir='ltr'><strong>habet</strong></span> <span class='ocrx_word' id='word_1_322' title='bbox 1629 253 1724 291; x_wconf 89' lang='lat' dir='ltr'><strong>Plin.</strong></span> <span class='ocrx_word' id='word_1_323' title='bbox 1751 255 1808 301; x_wconf 84' lang='grc' dir='ltr'>Π,</span> <span class='ocrx_word' id='word_1_324' title='bbox 1838 253 1886 295; x_wconf 89' lang='lat'><strong>67</strong></span> <span class='ocrx_word' id='word_1_325' title='bbox 1914 251 1962 289; x_wconf 91' lang='lat' dir='ltr'><strong>de</strong></span> <span class='ocrx_word' id='word_1_326' title='bbox 1985 252 2185 290; x_wconf 89' lang='lat' dir='ltr'><strong>Hannonis</strong></span> 
     </span>
     <span class='ocr_line' id='line_1_58' title="bbox 1157 311 2183 364; baseline 0.001 -16"><span class='ocrx_word' id='word_1_327' title='bbox 1157 312 1327 362; x_wconf 86' lang='lat' dir='ltr'><strong>periplo,</strong></span> <span class='ocrx_word' id='word_1_328' title='bbox 1352 326 1400 350; x_wconf 87' lang='lat' dir='ltr'><strong>ex</strong></span> <span class='ocrx_word' id='word_1_329' title='bbox 1425 313 1562 351; x_wconf 88' lang='lat' dir='ltr'><strong>eodem</strong></span> <span class='ocrx_word' id='word_1_330' title='bbox 1587 313 1766 364; x_wconf 89' lang='lat' dir='ltr'><strong>Ephoro,</strong></span> <span class='ocrx_word' id='word_1_331' title='bbox 1791 321 1834 350; x_wconf 89' lang='lat' dir='ltr'><strong>ut</strong></span> <span class='ocrx_word' id='word_1_332' title='bbox 1857 311 2024 361; x_wconf 84' lang='lat' dir='ltr'><strong>videtur,</strong></span> <span class='ocrx_word' id='word_1_333' title='bbox 2050 311 2183 363; x_wconf 88' lang='lat' dir='ltr'><strong>petita.</strong></span> 
     </span>
    </p>
   </div>
   <div class='ocr_carea' id='block_1_17' title="bbox 1615 397 1731 408">
    <p class='ocr_par' dir='ltr' id='par_1_26' title="bbox 1615 397 1731 408">
     <span class='ocr_line' id='line_1_59' title="bbox 1615 397 1731 408; baseline 0 3276"><span class='ocrx_word' id='word_1_334' title='bbox 1615 397 1731 408; x_wconf 95' lang='lat' dir='ltr'><strong> </strong></span> 
     </span>
    </p>
   </div>
   <div class='ocr_carea' id='block_1_18' title="bbox 1158 449 2191 1113">
    <p class='ocr_par' dir='ltr' id='par_1_27' title="bbox 1477 449 1868 559">
     <span class='ocr_line' id='line_1_60' title="bbox 1477 449 1868 490; baseline 0.005 -2"><span class='ocrx_word' id='word_1_335' title='bbox 1477 449 1629 489; x_wconf 87' lang='lat' dir='ltr'>LIBER</span> <span class='ocrx_word' id='word_1_336' title='bbox 1659 450 1868 490; x_wconf 90' lang='lat' dir='ltr'><strong>SEXTUS.</strong></span> 
     </span>
     <span class='ocr_line' id='line_1_61' title="bbox 1644 519 1707 559; baseline 0.016 -2"><span class='ocrx_word' id='word_1_337' title='bbox 1644 519 1707 559; x_wconf 88' lang='lat'><strong>97.</strong></span> 
     </span>
    </p>

    <p class='ocr_par' dir='ltr' id='par_1_28' title="bbox 1158 584 2190 989">
     <span class='ocr_line' id='line_1_62' title="bbox 1210 584 2186 641; baseline 0.003 -19"><span class='ocrx_word' id='word_1_338' title='bbox 1210 584 1418 623; x_wconf 86' lang='lat' dir='ltr'><strong>Athenaeus</strong></span> <span class='ocrx_word' id='word_1_339' title='bbox 1443 588 1510 632; x_wconf 91' lang='lat' dir='ltr'><strong>IV,</strong></span> <span class='ocrx_word' id='word_1_340' title='bbox 1534 599 1572 636; x_wconf 93' lang='lat' dir='ltr'><strong>p.</strong></span> <span class='ocrx_word' id='word_1_341' title='bbox 1604 586 1689 632; x_wconf 82' lang='lat'><strong>154,</strong></span> <span class='ocrx_word' id='word_1_342' title='bbox 1715 590 1750 624; x_wconf 92' lang='lat' dir='ltr'>D</span> <span class='ocrx_word' id='word_1_343' title='bbox 1771 584 1947 641; x_wconf 74' lang='grc' dir='ltr'>εἜφορος</span> <span class='ocrx_word' id='word_1_344' title='bbox 1967 586 2000 627; x_wconf 80' lang='grc' dir='ltr'><strong>δ’</strong></span> <span class='ocrx_word' id='word_1_345' title='bbox 2034 587 2069 625; x_wconf 83' lang='grc' dir='ltr'>ἓν</span> <span class='ocrx_word' id='word_1_346' title='bbox 2103 585 2186 639; x_wconf 82' lang='grc' dir='ltr'>ἕκτῃ</span> 
     </span>
     <span class='ocr_line' id='line_1_63' title="bbox 1159 642 2189 698; baseline 0.004 -17"><span class='ocrx_word' id='word_1_347' title='bbox 1159 642 1356 696; x_wconf 85' lang='grc' dir='ltr'>Ἱστοριῶν·</span> <span class='ocrx_word' id='word_1_348' title='bbox 1384 642 1556 693; x_wconf 88' lang='grc' dir='ltr'>Ἤσκουν,</span> <span class='ocrx_word' id='word_1_349' title='bbox 1579 645 1683 697; x_wconf 73' lang='grc' dir='ltr'>φησὶ,</span> <span class='ocrx_word' id='word_1_350' title='bbox 1711 644 1757 684; x_wconf 85' lang='grc' dir='ltr'><strong>τὰ</strong></span> <span class='ocrx_word' id='word_1_351' title='bbox 1787 645 1964 698; x_wconf 82' lang='grc' dir='ltr'>πολεμικὰ</span> <span class='ocrx_word' id='word_1_352' title='bbox 1995 647 2027 685; x_wconf 80' lang='grc' dir='ltr'>οἱ</span> <span class='ocrx_word' id='word_1_353' title='bbox 2052 647 2189 685; x_wconf 86' lang='grc' dir='ltr'>Μαντι-</span> 
     </span>
     <span class='ocr_line' id='line_1_64' title="bbox 1158 701 2189 757; baseline 0.004 -18"><span class='ocrx_word' id='word_1_354' title='bbox 1158 707 1226 746; x_wconf 88' lang='grc' dir='ltr'>νεῖς</span> <span class='ocrx_word' id='word_1_355' title='bbox 1245 701 1304 740; x_wconf 81' lang='grc' dir='ltr'>καὶ</span> <span class='ocrx_word' id='word_1_356' title='bbox 1326 701 1512 756; x_wconf 82' lang='grc' dir='ltr'>Ἀρκάδες·</span> <span class='ocrx_word' id='word_1_357' title='bbox 1537 701 1599 749; x_wconf 83' lang='grc' dir='ltr'><strong>τήν</strong></span> <span class='ocrx_word' id='word_1_358' title='bbox 1617 719 1655 741; x_wconf 89' lang='grc' dir='ltr'><strong>τε</strong></span> <span class='ocrx_word' id='word_1_359' title='bbox 1674 703 1801 752; x_wconf 86' lang='grc' dir='ltr'>στολὴν</span> <span class='ocrx_word' id='word_1_360' title='bbox 1827 704 1890 753; x_wconf 83' lang='grc' dir='ltr'><strong>τὴν</strong></span> <span class='ocrx_word' id='word_1_361' title='bbox 1915 703 2110 757; x_wconf 84' lang='grc' dir='ltr'>πολεμικὴν</span> <span class='ocrx_word' id='word_1_362' title='bbox 2129 705 2189 744; x_wconf 78' lang='grc' dir='ltr'>καὶ</span> 
     </span>
     <span class='ocr_line' id='line_1_65' title="bbox 1158 758 2190 818; baseline 0.006 -20"><span class='ocrx_word' id='word_1_363' title='bbox 1158 758 1223 807; x_wconf 84' lang='grc' dir='ltr'><strong>τὴν</strong></span> <span class='ocrx_word' id='word_1_364' title='bbox 1242 759 1381 799; x_wconf 80' lang='grc' dir='ltr'>ὅπλισιν</span> <span class='ocrx_word' id='word_1_365' title='bbox 1406 759 1510 808; x_wconf 81' lang='grc' dir='ltr'><strong>τὴν</strong></span> <span class='ocrx_word' id='word_1_366' title='bbox 1491 761 1658 814; x_wconf 79' lang='grc' dir='ltr'>αρχαίαν,</span> <span class='ocrx_word' id='word_1_367' title='bbox 1687 765 1733 807; x_wconf 81' lang='grc' dir='ltr'><strong>ὥς</strong></span> <span class='ocrx_word' id='word_1_368' title='bbox 1765 763 1932 818; x_wconf 74' lang='grc' dir='ltr'>εὑρόντων</span> <span class='ocrx_word' id='word_1_369' title='bbox 1959 764 2112 814; x_wconf 81' lang='grc' dir='ltr'>ἐκείνων,</span> <span class='ocrx_word' id='word_1_370' title='bbox 2138 764 2190 804; x_wconf 82' lang='grc' dir='ltr'><strong>ἔτι</strong></span> 
     </span>
     <span class='ocr_line' id='line_1_66' title="bbox 1159 818 2190 877; baseline 0.005 -20"><span class='ocrx_word' id='word_1_371' title='bbox 1159 834 1219 857; x_wconf 85' lang='grc' dir='ltr'><strong>και</strong></span> <span class='ocrx_word' id='word_1_372' title='bbox 1246 822 1306 857; x_wconf 80' lang='grc' dir='ltr'><strong>νῦν</strong></span> <span class='ocrx_word' id='word_1_373' title='bbox 1327 818 1548 867; x_wconf 85' lang='grc' dir='ltr'>Μαντινικὴν</span> <span class='ocrx_word' id='word_1_374' title='bbox 1566 821 1800 860; x_wconf 84' lang='grc' dir='ltr'>ἀποκαλουσι·</span> <span class='ocrx_word' id='word_1_375' title='bbox 1821 823 1907 877; x_wconf 81' lang='grc' dir='ltr'>πρὸς</span> <span class='ocrx_word' id='word_1_376' title='bbox 1923 821 1959 861; x_wconf 84' lang='grc' dir='ltr'><strong>δὲ</strong></span> <span class='ocrx_word' id='word_1_377' title='bbox 1981 822 2115 868; x_wconf 77' lang='grc' dir='ltr'>τούτοις</span> <span class='ocrx_word' id='word_1_378' title='bbox 2130 823 2190 862; x_wconf 74' lang='grc' dir='ltr'>καὶ</span> 
     </span>
     <span class='ocr_line' id='line_1_67' title="bbox 1160 877 2189 936; baseline 0.006 -20"><span class='ocrx_word' id='word_1_379' title='bbox 1160 877 1384 931; x_wconf 79' lang='grc' dir='ltr'>ὁπλομαχίας</span> <span class='ocrx_word' id='word_1_380' title='bbox 1402 878 1608 929; x_wconf 84' lang='grc' dir='ltr'>μαθήσεις’</span> <span class='ocrx_word' id='word_1_381' title='bbox 1593 895 1628 917; x_wconf 88' lang='grc' dir='ltr'><strong>εν</strong></span> <span class='ocrx_word' id='word_1_382' title='bbox 1658 881 1852 921; x_wconf 87' lang='grc' dir='ltr'>Μαντινεία</span> <span class='ocrx_word' id='word_1_383' title='bbox 1877 885 2015 936; x_wconf 84' lang='grc' dir='ltr'>πρῶτον</span> <span class='ocrx_word' id='word_1_384' title='bbox 2044 881 2189 936; x_wconf 78' lang='grc' dir='ltr'>εὑρέθη-</span> 
     </span>
     <span class='ocr_line' id='line_1_68' title="bbox 1162 922 1933 989; baseline 0.007 -15"><span class='ocrx_word' id='word_1_385' title='bbox 1162 951 1240 982; x_wconf 88' lang='grc' dir='ltr'>σαν,</span> <span class='ocrx_word' id='word_1_386' title='bbox 1261 934 1404 987; x_wconf 83' lang='grc' dir='ltr'>Δημέου</span> <span class='ocrx_word' id='word_1_387' title='bbox 1422 936 1463 975; x_wconf 82' lang='grc' dir='ltr'><strong>τὸ</strong></span> <span class='ocrx_word' id='word_1_388' title='bbox 1481 935 1644 989; x_wconf 76' lang='grc' dir='ltr'>τέχνημα</span> <span class='ocrx_word' id='word_1_389' title='bbox 1659 922 1933 985; x_wconf 67' lang='grc' dir='ltr'>καταδείξαντος.</span> 
     </span>
    </p>

    <p class='ocr_par' dir='ltr' id='par_1_29' title="bbox 1163 996 2191 1113">
     <span class='ocr_line' id='line_1_69' title="bbox 1217 996 2191 1052; baseline 0.006 -19.012"><span class='ocrx_word' id='word_1_390' title='bbox 1217 996 1456 1047; x_wconf 89' lang='lat' dir='ltr'><strong>Stephanus:</strong></span> <span class='ocrx_word' id='word_1_391' title='bbox 1477 996 1639 1050; x_wconf 85' lang='grc' dir='ltr'>Φορίεια,</span> <span class='ocrx_word' id='word_1_392' title='bbox 1656 997 1761 1049; x_wconf 86' lang='grc' dir='ltr'>κώμη</span> <span class='ocrx_word' id='word_1_393' title='bbox 1787 999 1979 1052; x_wconf 84' lang='grc' dir='ltr'>Ἀρκαδίας·</span> <span class='ocrx_word' id='word_1_394' title='bbox 1998 999 2038 1039; x_wconf 85' lang='grc' dir='ltr'><strong>τὸ</strong></span> <span class='ocrx_word' id='word_1_395' title='bbox 2060 999 2191 1039; x_wconf 83' lang='grc' dir='ltr'>ἐθνικὸν</span> 
     </span>
     <span class='ocr_line' id='line_1_70' title="bbox 1163 1053 2051 1113; baseline 0.007 -21"><span class='ocrx_word' id='word_1_396' title='bbox 1163 1053 1392 1108; x_wconf 75' lang='grc' dir='ltr'>Φοριαευς,“</span> <span class='ocrx_word' id='word_1_397' title='bbox 1374 1071 1420 1099; x_wconf 89' lang='grc' dir='ltr'><strong>ως</strong></span> <span class='ocrx_word' id='word_1_398' title='bbox 1436 1054 1592 1110; x_wconf 80' lang='grc' dir='ltr'>Ἔφορος</span> <span class='ocrx_word' id='word_1_399' title='bbox 1610 1058 1645 1095; x_wconf 79' lang='grc' dir='ltr'>ἐν</span> <span class='ocrx_word' id='word_1_400' title='bbox 1662 1055 1753 1111; x_wconf 78' lang='grc' dir='ltr'>ἕκτῳ</span> <span class='ocrx_word' id='word_1_401' title='bbox 1771 1060 1840 1097; x_wconf 81' lang='grc' dir='ltr'><strong>τῶν</strong></span> <span class='ocrx_word' id='word_1_402' title='bbox 1862 1058 2051 1113; x_wconf 82' lang='grc' dir='ltr'>Ἱστοριῶν.</span> 
     </span>
    </p>
   </div>
   <div class='ocr_carea' id='block_1_19' title="bbox 1651 1127 1714 1165">
    <p class='ocr_par' dir='ltr' id='par_1_30' title="bbox 1651 1127 1714 1165">
     <span class='ocr_line' id='line_1_71' title="bbox 1651 1127 1714 1165; baseline 0 -1"><span class='ocrx_word' id='word_1_403' title='bbox 1651 1127 1714 1165; x_wconf 86' lang='grc'><strong>98.</strong></span> 
     </span>
    </p>
   </div>
   <div class='ocr_carea' id='block_1_20' title="bbox 1165 1190 2195 1354">
    <p class='ocr_par' dir='ltr' id='par_1_31' title="bbox 1165 1190 2195 1354">
     <span class='ocr_line' id='line_1_72' title="bbox 1217 1190 2191 1247; baseline 0.003 -17"><span class='ocrx_word' id='word_1_404' title='bbox 1217 1191 1459 1243; x_wconf 87' lang='lat' dir='ltr'><strong>Stephanus:</strong></span> <span class='ocrx_word' id='word_1_405' title='bbox 1478 1191 1610 1240; x_wconf 85' lang='grc' dir='ltr'>Ἁλιεῖς,</span> <span class='ocrx_word' id='word_1_406' title='bbox 1621 1190 1721 1236; x_wconf 88' lang='grc' dir='ltr'>πόλις</span> <span class='ocrx_word' id='word_1_407' title='bbox 1734 1194 1944 1240; x_wconf 88' lang='grc' dir='ltr'>Λακωνικης</span> <span class='ocrx_word' id='word_1_408' title='bbox 1958 1196 2191 1247; x_wconf 86' lang='grc' dir='ltr'>παραθαλασ-</span> 
     </span>
     <span class='ocr_line' id='line_1_73' title="bbox 1166 1246 2195 1306; baseline 0.005 -19"><span class='ocrx_word' id='word_1_409' title='bbox 1166 1249 1236 1288; x_wconf 87' lang='grc' dir='ltr'>σία.</span> <span class='ocrx_word' id='word_1_410' title='bbox 1307 1246 1491 1303; x_wconf 84' lang='grc' dir='ltr'>Ἔφορος’</span> <span class='ocrx_word' id='word_1_411' title='bbox 1475 1266 1511 1288; x_wconf 87' lang='grc' dir='ltr'><strong>εν</strong></span> <span class='ocrx_word' id='word_1_412' title='bbox 1530 1252 1580 1288; x_wconf 87' lang='grc' dir='ltr'><strong>τῶ</strong></span> <span class='ocrx_word' id='word_1_413' title='bbox 1599 1250 1710 1304; x_wconf 80' lang='grc' dir='ltr'>ἕκτῳ,</span> <span class='ocrx_word' id='word_1_414' title='bbox 1732 1249 1785 1290; x_wconf 81' lang='grc' dir='ltr'><strong>ὅτι</strong></span> <span class='ocrx_word' id='word_1_415' title='bbox 1806 1255 1901 1291; x_wconf 90' lang='grc' dir='ltr'>ουτοι</span> <span class='ocrx_word' id='word_1_416' title='bbox 1919 1252 2098 1306; x_wconf 84' lang='grc' dir='ltr'>Τιρύνθιοί</span> <span class='ocrx_word' id='word_1_417' title='bbox 2114 1255 2195 1302; x_wconf 84' lang='grc' dir='ltr'>εἰσι,</span> 
     </span>
     <span class='ocr_line' id='line_1_74' title="bbox 1165 1307 2195 1354; baseline 0.004 -7"><span class='ocrx_word' id='word_1_418' title='bbox 1165 1308 1224 1347; x_wconf 79' lang='grc' dir='ltr'>καὶ</span> <span class='ocrx_word' id='word_1_419' title='bbox 1253 1307 1501 1354; x_wconf 83' lang='grc' dir='ltr'>εξαναστάντες</span> <span class='ocrx_word' id='word_1_420' title='bbox 1523 1309 1747 1350; x_wconf 67' lang='grc' dir='ltr'>ἐδουλεύοντο</span> <span class='ocrx_word' id='word_1_421' title='bbox 1774 1312 1879 1350; x_wconf 85' lang='grc' dir='ltr'>οἰκεῖν</span> <span class='ocrx_word' id='word_1_422' title='bbox 1908 1328 1987 1350; x_wconf 86' lang='grc' dir='ltr'>τινα</span> <span class='ocrx_word' id='word_1_423' title='bbox 2007 1311 2113 1351; x_wconf 89' lang='grc' dir='ltr'>τόπον</span> <span class='ocrx_word' id='word_1_424' title='bbox 2135 1312 2195 1351; x_wconf 78' lang='grc' dir='ltr'>καὶ</span> 
     </span>
    </p>
   </div>
   <div class='ocr_carea' id='block_1_21' title="bbox 1165 1366 2200 1646">
    <p class='ocr_par' dir='ltr' id='par_1_32' title="bbox 1165 1366 2198 1536">
     <span class='ocr_line' id='line_1_75' title="bbox 1165 1366 2196 1422; baseline 0.004 -17"><span class='ocrx_word' id='word_1_425' title='bbox 1165 1366 1312 1421; x_wconf 79' lang='grc' dir='ltr'>ἠρώτων</span> <span class='ocrx_word' id='word_1_426' title='bbox 1346 1367 1405 1406; x_wconf 88' lang='grc' dir='ltr'><strong>τὸν</strong></span> <span class='ocrx_word' id='word_1_427' title='bbox 1430 1367 1567 1407; x_wconf 89' lang='grc' dir='ltr'>θεόν·</span> <span class='ocrx_word' id='word_1_428' title='bbox 1547 1384 1677 1422; x_wconf 88' lang='grc' dir='ltr'>εχρησε</span> <span class='ocrx_word' id='word_1_429' title='bbox 1706 1369 1742 1409; x_wconf 81' lang='grc' dir='ltr'><strong>δὲ</strong></span> <span class='ocrx_word' id='word_1_430' title='bbox 1772 1369 1883 1408; x_wconf 77' lang='grc' dir='ltr'>οὕτω·</span> <span class='ocrx_word' id='word_1_431' title='bbox 1913 1373 1985 1410; x_wconf 90' lang='grc' dir='ltr'>Ποῖ</span> <span class='ocrx_word' id='word_1_432' title='bbox 2008 1369 2049 1410; x_wconf 87' lang='grc' dir='ltr'><strong>τυ</strong></span> <span class='ocrx_word' id='word_1_433' title='bbox 2077 1371 2196 1410; x_wconf 74' lang='grc' dir='ltr'>λαὸῶν</span> 
     </span>
     <span class='ocr_line' id='line_1_76' title="bbox 1166 1426 2198 1483; baseline 0.004 -19"><span class='ocrx_word' id='word_1_434' title='bbox 1166 1426 1226 1464; x_wconf 73' lang='grc' dir='ltr'>καὶ</span> <span class='ocrx_word' id='word_1_435' title='bbox 1252 1432 1312 1465; x_wconf 89' lang='grc' dir='ltr'><strong>ποῖ</strong></span> <span class='ocrx_word' id='word_1_436' title='bbox 1334 1426 1376 1465; x_wconf 77' lang='grc' dir='ltr'><strong>τὺ</strong></span> <span class='ocrx_word' id='word_1_437' title='bbox 1404 1426 1535 1473; x_wconf 80' lang='grc' dir='ltr'>καθίξω</span> <span class='ocrx_word' id='word_1_438' title='bbox 1556 1428 1616 1467; x_wconf 84' lang='grc' dir='ltr'>καὶ</span> <span class='ocrx_word' id='word_1_439' title='bbox 1635 1434 1696 1467; x_wconf 87' lang='grc' dir='ltr'><strong>ποῖ</strong></span> <span class='ocrx_word' id='word_1_440' title='bbox 1710 1427 1752 1467; x_wconf 79' lang='grc' dir='ltr'><strong>τὺ</strong></span> <span class='ocrx_word' id='word_1_441' title='bbox 1769 1427 1906 1477; x_wconf 85' lang='grc' dir='ltr'>οἴκησιν</span> <span class='ocrx_word' id='word_1_442' title='bbox 1926 1429 2018 1483; x_wconf 85' lang='grc' dir='ltr'>ἔχων</span> <span class='ocrx_word' id='word_1_443' title='bbox 2044 1429 2145 1470; x_wconf 85' lang='grc' dir='ltr'>ἁλιέα</span> <span class='ocrx_word' id='word_1_444' title='bbox 2160 1446 2198 1469; x_wconf 89' lang='grc' dir='ltr'><strong>τε</strong></span> 
     </span>
     <span class='ocr_line' id='line_1_77' title="bbox 1166 1490 1370 1536; baseline 0.01 -9"><span class='ocrx_word' id='word_1_445' title='bbox 1166 1490 1370 1536; x_wconf 76' lang='grc' dir='ltr'>κεκλῆσθαι.</span> 
     </span>
    </p>

    <p class='ocr_par' dir='ltr' id='par_1_33' title="bbox 1169 1549 2200 1646">
     <span class='ocr_line' id='line_1_78' title="bbox 1221 1549 2200 1606; baseline 0.005 -20"><span class='ocrx_word' id='word_1_446' title='bbox 1221 1549 1416 1587; x_wconf 84' lang='lat' dir='ltr'><strong>Berkelius</strong></span> <span class='ocrx_word' id='word_1_447' title='bbox 1449 1550 1563 1602; x_wconf 86' lang='lat' dir='ltr'><strong>(pag.</strong></span> <span class='ocrx_word' id='word_1_448' title='bbox 1590 1551 1906 1606; x_wconf 35' lang='grc' dir='ltr'>98),Λακωνικ’ῆς</span> <span class='ocrx_word' id='word_1_449' title='bbox 1944 1552 1984 1590; x_wconf 91' lang='lat' dir='ltr'><strong>in</strong></span> <span class='ocrx_word' id='word_1_450' title='bbox 1999 1551 2200 1606; x_wconf 73' lang='grc' dir='ltr'>’Ἀργολικῆς</span> 
     </span>
     <span class='ocr_line' id='line_1_79' title="bbox 1169 1607 1424 1646; baseline 0.004 -2"><span class='ocrx_word' id='word_1_451' title='bbox 1169 1607 1310 1644; x_wconf 90' lang='lat' dir='ltr'><strong>mutari</strong></span> <span class='ocrx_word' id='word_1_452' title='bbox 1329 1608 1424 1646; x_wconf 85' lang='lat' dir='ltr'><strong>vult.</strong></span> 
     </span>
    </p>
   </div>
   <div class='ocr_carea' id='block_1_22' title="bbox 1614 1685 1760 1697">
    <p class='ocr_par' dir='ltr' id='par_1_34' title="bbox 1614 1685 1760 1697">
     <span class='ocr_line' id='line_1_80' title="bbox 1614 1685 1760 1697; baseline -0.007 0"><span class='ocrx_word' id='word_1_453' title='bbox 1614 1685 1760 1697; x_wconf 57' lang='lat' dir='ltr'><strong>—aeeo—</strong></span> 
     </span>
    </p>
   </div>
   <div class='ocr_carea' id='block_1_23' title="bbox 1462 1732 1905 1840">
    <p class='ocr_par' dir='ltr' id='par_1_35' title="bbox 1462 1732 1905 1840">
     <span class='ocr_line' id='line_1_81' title="bbox 1462 1732 1905 1773; baseline 0.002 -3"><span class='ocrx_word' id='word_1_454' title='bbox 1462 1732 1614 1772; x_wconf 89' lang='lat' dir='ltr'>LIBER</span> <span class='ocrx_word' id='word_1_455' title='bbox 1643 1733 1905 1773; x_wconf 89' lang='lat' dir='ltr'><strong>SEPTIMUS.</strong></span> 
     </span>
     <span class='ocr_line' id='line_1_82' title="bbox 1651 1803 1714 1840; baseline 0.016 -1"><span class='ocrx_word' id='word_1_456' title='bbox 1651 1803 1714 1840; x_wconf 87' lang='grc'><strong>99.</strong></span> 
     </span>
    </p>
   </div>
   <div class='ocr_carea' id='block_1_24' title="bbox 1168 1865 2204 2217">
    <p class='ocr_par' dir='ltr' id='par_1_36' title="bbox 1168 1865 2203 2097">
     <span class='ocr_line' id='line_1_83' title="bbox 1222 1865 2199 1920; baseline 0.005 -18"><span class='ocrx_word' id='word_1_457' title='bbox 1222 1865 1368 1903; x_wconf 86' lang='lat' dir='ltr'><strong>Theon.</strong></span> <span class='ocrx_word' id='word_1_458' title='bbox 1416 1870 1621 1918; x_wconf 82' lang='lat' dir='ltr'><strong>Progymn.</strong></span> <span class='ocrx_word' id='word_1_459' title='bbox 1660 1882 1698 1919; x_wconf 91' lang='lat' dir='ltr'><strong>p.</strong></span> <span class='ocrx_word' id='word_1_460' title='bbox 1730 1882 1774 1905; x_wconf 82' lang='lat'><strong>12</strong></span> <span class='ocrx_word' id='word_1_461' title='bbox 1824 1869 1882 1906; x_wconf 87' lang='lat' dir='ltr'><strong>ed.</strong></span> <span class='ocrx_word' id='word_1_462' title='bbox 1912 1872 2010 1917; x_wconf 87' lang='lat' dir='ltr'><strong>Bas.,</strong></span> <span class='ocrx_word' id='word_1_463' title='bbox 2041 1883 2124 1920; x_wconf 84' lang='lat' dir='ltr'><strong>cap.</strong></span> <span class='ocrx_word' id='word_1_464' title='bbox 2153 1883 2199 1907; x_wconf 79' lang='lat'><strong>2:</strong></span> 
     </span>
     <span class='ocr_line' id='line_1_84' title="bbox 1168 1922 2202 1982; baseline 0.005 -21"><span class='ocrx_word' id='word_1_465' title='bbox 1168 1922 1323 1976; x_wconf 85' lang='grc' dir='ltr'>Ἔχουσι</span> <span class='ocrx_word' id='word_1_466' title='bbox 1343 1923 1380 1962; x_wconf 82' lang='grc' dir='ltr'><strong>δὲ</strong></span> <span class='ocrx_word' id='word_1_467' title='bbox 1399 1924 1458 1963; x_wconf 84' lang='grc' dir='ltr'>καὶ</span> <span class='ocrx_word' id='word_1_468' title='bbox 1476 1925 1556 1977; x_wconf 89' lang='grc' dir='ltr'>περὶ</span> <span class='ocrx_word' id='word_1_469' title='bbox 1574 1925 1750 1965; x_wconf 80' lang='grc' dir='ltr'>Δαιδάλου</span> <span class='ocrx_word' id='word_1_470' title='bbox 1769 1929 1831 1974; x_wconf 74' lang='grc' dir='ltr'><strong>τῆς</strong></span> <span class='ocrx_word' id='word_1_471' title='bbox 1850 1926 1996 1981; x_wconf 79' lang='grc' dir='ltr'>ἀφίξεως</span> <span class='ocrx_word' id='word_1_472' title='bbox 2014 1928 2100 1982; x_wconf 83' lang='grc' dir='ltr'>πρὸς</span> <span class='ocrx_word' id='word_1_473' title='bbox 2117 1928 2202 1968; x_wconf 86' lang='grc' dir='ltr'><strong>Κώ-</strong></span> 
     </span>
     <span class='ocr_line' id='line_1_85' title="bbox 1168 1983 2203 2041; baseline 0.005 -20"><span class='ocrx_word' id='word_1_474' title='bbox 1168 1984 1276 2022; x_wconf 85' lang='grc' dir='ltr'>καλον</span> <span class='ocrx_word' id='word_1_475' title='bbox 1305 1983 1363 2022; x_wconf 83' lang='grc' dir='ltr'><strong>τὸν</strong></span> <span class='ocrx_word' id='word_1_476' title='bbox 1395 1986 1556 2024; x_wconf 81' lang='grc' dir='ltr'>Σικανῶν</span> <span class='ocrx_word' id='word_1_477' title='bbox 1590 1985 1738 2037; x_wconf 87' lang='grc' dir='ltr'>βασιλέα</span> <span class='ocrx_word' id='word_1_478' title='bbox 1762 1985 1915 2041; x_wconf 79' lang='grc' dir='ltr'>Ἔφορος</span> <span class='ocrx_word' id='word_1_479' title='bbox 1945 1986 2008 2038; x_wconf 83' lang='grc' dir='ltr'>μὲν</span> <span class='ocrx_word' id='word_1_480' title='bbox 2036 1988 2071 2025; x_wconf 83' lang='grc' dir='ltr'>ἐν</span> <span class='ocrx_word' id='word_1_481' title='bbox 2097 1990 2141 2039; x_wconf 83' lang='grc' dir='ltr'><strong>τῇ</strong></span> <span class='ocrx_word' id='word_1_482' title='bbox 2162 1988 2203 2034; x_wconf 90' lang='grc' dir='ltr'><strong>ζ’,</strong></span> 
     </span>
     <span class='ocr_line' id='line_1_86' title="bbox 1169 2042 1677 2097; baseline 0 -15"><span class='ocrx_word' id='word_1_483' title='bbox 1169 2042 1341 2086; x_wconf 88' lang='grc' dir='ltr'>Φίλιστος</span> <span class='ocrx_word' id='word_1_484' title='bbox 1363 2042 1400 2081; x_wconf 82' lang='grc' dir='ltr'><strong>δὲ</strong></span> <span class='ocrx_word' id='word_1_485' title='bbox 1421 2045 1455 2082; x_wconf 82' lang='grc' dir='ltr'>ἐν</span> <span class='ocrx_word' id='word_1_486' title='bbox 1476 2046 1520 2095; x_wconf 80' lang='grc' dir='ltr'><strong>τῇ</strong></span> <span class='ocrx_word' id='word_1_487' title='bbox 1541 2043 1677 2097; x_wconf 84' lang='grc' dir='ltr'>πρώτῃ.</span> 
     </span>
    </p>

    <p class='ocr_par' dir='ltr' id='par_1_37' title="bbox 1171 2103 2204 2217">
     <span class='ocr_line' id='line_1_87' title="bbox 1224 2103 2202 2157; baseline 0.005 -17"><span class='ocrx_word' id='word_1_488' title='bbox 1224 2103 1279 2141; x_wconf 85' lang='lat' dir='ltr'><strong>Cf.</strong></span> <span class='ocrx_word' id='word_1_489' title='bbox 1306 2103 1468 2141; x_wconf 90' lang='lat' dir='ltr'><strong>Diodor.</strong></span> <span class='ocrx_word' id='word_1_490' title='bbox 1495 2107 1559 2151; x_wconf 92' lang='lat' dir='ltr'><strong>IV,</strong></span> <span class='ocrx_word' id='word_1_491' title='bbox 1588 2106 1636 2151; x_wconf 91' lang='lat'><strong>78</strong></span> <span class='ocrx_word' id='word_1_492' title='bbox 1652 2121 1662 2153; x_wconf 91' lang='lat'>;</span> <span class='ocrx_word' id='word_1_493' title='bbox 1677 2113 1714 2142; x_wconf 89' lang='lat' dir='ltr'><strong>et</strong></span> <span class='ocrx_word' id='word_1_494' title='bbox 1727 2119 1843 2156; x_wconf 90' lang='lat' dir='ltr'><strong>quam</strong></span> <span class='ocrx_word' id='word_1_495' title='bbox 1857 2105 2050 2145; x_wconf 90' lang='lat' dir='ltr'><strong>Zenobius</strong></span> <span class='ocrx_word' id='word_1_496' title='bbox 2067 2110 2131 2155; x_wconf 89' lang='lat' dir='ltr'><strong>IV,</strong></span> <span class='ocrx_word' id='word_1_497' title='bbox 2153 2121 2202 2157; x_wconf 80' lang='lat'><strong>92</strong></span> 
     </span>
     <span class='ocr_line' id='line_1_88' title="bbox 1171 2163 2204 2217; baseline 0.004 -17"><span class='ocrx_word' id='word_1_498' title='bbox 1171 2164 1218 2201; x_wconf 92' lang='lat' dir='ltr'><strong>de</strong></span> <span class='ocrx_word' id='word_1_499' title='bbox 1244 2163 1375 2201; x_wconf 91' lang='lat' dir='ltr'><strong>Minoe</strong></span> <span class='ocrx_word' id='word_1_500' title='bbox 1399 2165 1660 2202; x_wconf 86' lang='lat' dir='ltr'><strong>narrationem</strong></span> <span class='ocrx_word' id='word_1_501' title='bbox 1697 2164 1834 2214; x_wconf 86' lang='lat' dir='ltr'><strong>habet,</strong></span> <span class='ocrx_word' id='word_1_502' title='bbox 1864 2179 1912 2203; x_wconf 84' lang='lat' dir='ltr'><strong>ex</strong></span> <span class='ocrx_word' id='word_1_503' title='bbox 1937 2166 2097 2217; x_wconf 85' lang='lat' dir='ltr'><strong>Ephoro</strong></span> <span class='ocrx_word' id='word_1_504' title='bbox 2113 2197 2123 2215; x_wconf 89' lang='lat'>‚</span> <span class='ocrx_word' id='word_1_505' title='bbox 2161 2176 2204 2204; x_wconf 91' lang='lat' dir='ltr'><strong>ut</strong></span> 
     </span>
    </p>
   </div>
   <div class='ocr_carea' id='block_1_25' title="bbox 1170 2223 2201 2334">
    <p class='ocr_par' dir='ltr' id='par_1_38' title="bbox 1170 2223 2201 2334">
     <span class='ocr_line' id='line_1_89' title="bbox 1170 2223 2201 2277; baseline 0.003 -17"><span class='ocrx_word' id='word_1_506' title='bbox 1170 2223 1326 2261; x_wconf 84' lang='lat' dir='ltr'><strong>videtur</strong></span> <span class='ocrx_word' id='word_1_507' title='bbox 1356 2224 1606 2262; x_wconf 76' lang='lat' dir='ltr'><strong>Valckenario</strong></span> <span class='ocrx_word' id='word_1_508' title='bbox 1642 2223 1690 2262; x_wconf 89' lang='lat' dir='ltr'><strong>ad</strong></span> <span class='ocrx_word' id='word_1_509' title='bbox 1714 2224 1902 2263; x_wconf 89' lang='lat' dir='ltr'><strong>Herodot.</strong></span> <span class='ocrx_word' id='word_1_510' title='bbox 1929 2228 2021 2274; x_wconf 91' lang='lat' dir='ltr'><strong>VII,</strong></span> <span class='ocrx_word' id='word_1_511' title='bbox 2049 2226 2136 2276; x_wconf 88' lang='lat'>169,</span> <span class='ocrx_word' id='word_1_512' title='bbox 2163 2239 2201 2277; x_wconf 92' lang='lat' dir='ltr'><strong>p.</strong></span> 
     </span>
     <span class='ocr_line' id='line_1_90' title="bbox 1173 2282 1506 2334; baseline 0.003 -15"><span class='ocrx_word' id='word_1_513' title='bbox 1173 2283 1264 2330; x_wconf 73' lang='lat'><strong>584,</strong></span> <span class='ocrx_word' id='word_1_514' title='bbox 1288 2282 1506 2334; x_wconf 87' lang='lat' dir='ltr'><strong>repetitam.</strong></span> 
     </span>
    </p>
   </div>
   <div class='ocr_carea' id='block_1_26' title="bbox 1169 2420 2203 2690">
    <p class='ocr_par' dir='ltr' id='par_1_39' title="bbox 1169 2420 2201 2462">
     <span class='ocr_line' id='line_1_91' title="bbox 1169 2420 2201 2462; baseline 0.002 -10"><span class='ocrx_word' id='word_1_515' title='bbox 1169 2421 1256 2460; x_wconf 86' lang='lat' dir='ltr'><strong>tura,</strong></span> <span class='ocrx_word' id='word_1_516' title='bbox 1272 2421 1441 2462; x_wconf 85' lang='lat' dir='ltr'><strong>tamquam</strong></span> <span class='ocrx_word' id='word_1_517' title='bbox 1477 2420 1518 2452; x_wconf 85' lang='lat' dir='ltr'><strong>ab</strong></span> <span class='ocrx_word' id='word_1_518' title='bbox 1556 2421 1619 2453; x_wconf 91' lang='lat' dir='ltr'><strong>illis</strong></span> <span class='ocrx_word' id='word_1_519' title='bbox 1640 2421 1793 2462; x_wconf 83' lang='lat' dir='ltr'><strong>inventa,</strong></span> <span class='ocrx_word' id='word_1_520' title='bbox 1812 2423 2040 2454; x_wconf 73' lang='lat' dir='ltr'><strong>Mantinensis</strong></span> <span class='ocrx_word' id='word_1_521' title='bbox 2058 2425 2201 2455; x_wconf 87' lang='lat' dir='ltr'><strong>vocatur.</strong></span> 
     </span>
    </p>

    <p class='ocr_par' dir='ltr' id='par_1_40' title="bbox 1170 2467 2203 2509">
     <span class='ocr_line' id='line_1_92' title="bbox 1170 2467 2203 2509; baseline 0.002 -10"><span class='ocrx_word' id='word_1_522' title='bbox 1170 2467 1218 2500; x_wconf 85' lang='lat' dir='ltr'><strong>Ad</strong></span> <span class='ocrx_word' id='word_1_523' title='bbox 1242 2468 1313 2500; x_wconf 88' lang='lat' dir='ltr'><strong>haec</strong></span> <span class='ocrx_word' id='word_1_524' title='bbox 1333 2468 1430 2500; x_wconf 85' lang='lat' dir='ltr'><strong>etiam</strong></span> <span class='ocrx_word' id='word_1_525' title='bbox 1452 2467 1552 2501; x_wconf 83' lang='lat' dir='ltr'><strong>armis</strong></span> <span class='ocrx_word' id='word_1_526' title='bbox 1582 2468 1778 2509; x_wconf 86' lang='lat' dir='ltr'><strong>digladiandi</strong></span> <span class='ocrx_word' id='word_1_527' title='bbox 1802 2477 1854 2500; x_wconf 89' lang='lat' dir='ltr'><strong>ars</strong></span> <span class='ocrx_word' id='word_1_528' title='bbox 1878 2478 1916 2500; x_wconf 84' lang='lat' dir='ltr'><strong>ac</strong></span> <span class='ocrx_word' id='word_1_529' title='bbox 1930 2469 2099 2509; x_wconf 85' lang='lat' dir='ltr'><strong>disciplina</strong></span> <span class='ocrx_word' id='word_1_530' title='bbox 2114 2471 2203 2501; x_wconf 88' lang='lat' dir='ltr'><strong>Man-</strong></span> 
     </span>
    </p>

    <p class='ocr_par' dir='ltr' id='par_1_41' title="bbox 1169 2515 2203 2594">
     <span class='ocr_line' id='line_1_93' title="bbox 1169 2515 2203 2556; baseline 0.002 -10"><span class='ocrx_word' id='word_1_531' title='bbox 1169 2515 1266 2547; x_wconf 80' lang='lat' dir='ltr'><strong>tineae</strong></span> <span class='ocrx_word' id='word_1_532' title='bbox 1288 2515 1422 2548; x_wconf 83' lang='lat' dir='ltr'><strong>inventa</strong></span> <span class='ocrx_word' id='word_1_533' title='bbox 1446 2518 1512 2555; x_wconf 88' lang='lat' dir='ltr'><strong>est,</strong></span> <span class='ocrx_word' id='word_1_534' title='bbox 1535 2518 1655 2549; x_wconf 86' lang='lat' dir='ltr'><strong>Demea</strong></span> <span class='ocrx_word' id='word_1_535' title='bbox 1683 2516 1765 2548; x_wconf 84' lang='lat' dir='ltr'><strong>illud</strong></span> <span class='ocrx_word' id='word_1_536' title='bbox 1803 2515 1975 2548; x_wconf 86' lang='lat' dir='ltr'><strong>artificium</strong></span> <span class='ocrx_word' id='word_1_537' title='bbox 1999 2524 2039 2548; x_wconf 87' lang='lat' dir='ltr'><strong>ex</strong></span> <span class='ocrx_word' id='word_1_538' title='bbox 2057 2516 2203 2556; x_wconf 78' lang='lat' dir='ltr'><strong>professo</strong></span> 
     </span>
     <span class='ocr_line' id='line_1_94' title="bbox 1308 2575 1358 2594; baseline 0 -4"><span class='ocrx_word' id='word_1_539' title='bbox 1308 2586 1316 2594; x_wconf 82' lang='grc'>,</span> <span class='ocrx_word' id='word_1_540' title='bbox 1342 2575 1358 2590; x_wconf 76' lang='lat' dir='ltr'><strong>n</strong></span> 
     </span>
    </p>

    <p class='ocr_par' dir='ltr' id='par_1_42' title="bbox 1170 2562 2202 2650">
     <span class='ocr_line' id='line_1_95' title="bbox 1170 2562 2202 2650; baseline 0 -8"><span class='ocrx_word' id='word_1_541' title='bbox 1170 2562 1356 2649; x_wconf 48' lang='lat' dir='ltr'><strong>doglsstiiea,</strong></span> <span class='ocrx_word' id='word_1_542' title='bbox 1369 2610 1463 2642; x_wconf 85' lang='lat' dir='ltr'><strong>vicus</strong></span> <span class='ocrx_word' id='word_1_543' title='bbox 1476 2610 1635 2642; x_wconf 83' lang='lat' dir='ltr'><strong>Arcadiae.</strong></span> <span class='ocrx_word' id='word_1_544' title='bbox 1653 2609 1795 2649; x_wconf 90' lang='lat' dir='ltr'><strong>Gentile,</strong></span> <span class='ocrx_word' id='word_1_545' title='bbox 1808 2610 1987 2644; x_wconf 82' lang='lat' dir='ltr'><strong>PhoriaeuS.</strong></span> <span class='ocrx_word' id='word_1_546' title='bbox 2005 2610 2042 2642; x_wconf 93' lang='lat' dir='ltr'><strong>ut</strong></span> <span class='ocrx_word' id='word_1_547' title='bbox 2052 2610 2202 2650; x_wconf 87' lang='lat' dir='ltr'><strong>Ephorus</strong></span> 
     </span>
    </p>

    <p class='ocr_par' dir='ltr' id='par_1_43' title="bbox 1170 2656 1557 2690">
     <span class='ocr_line' id='line_1_96' title="bbox 1170 2656 1557 2690; baseline 0 -2"><span class='ocrx_word' id='word_1_548' title='bbox 1170 2656 1203 2688; x_wconf 91' lang='lat' dir='ltr'><strong>in</strong></span> <span class='ocrx_word' id='word_1_549' title='bbox 1219 2659 1311 2689; x_wconf 82' lang='lat' dir='ltr'><strong>sexto</strong></span> <span class='ocrx_word' id='word_1_550' title='bbox 1326 2657 1557 2690; x_wconf 85' lang='lat' dir='ltr'><strong>Historiarum.</strong></span> 
     </span>
    </p>
   </div>
   <div class='ocr_carea' id='block_1_27' title="bbox 1655 2711 1720 2743">
    <p class='ocr_par' dir='ltr' id='par_1_44' title="bbox 1655 2711 1720 2743">
     <span class='ocr_line' id='line_1_97' title="bbox 1655 2711 1720 2743; baseline 0 0"><span class='ocrx_word' id='word_1_551' title='bbox 1655 2711 1720 2743; x_wconf 87' lang='grc'><strong>98.</strong></span> 
     </span>
    </p>
   </div>
   <div class='ocr_carea' id='block_1_28' title="bbox 1170 2761 2205 3079">
    <p class='ocr_par' dir='ltr' id='par_1_45' title="bbox 1170 2761 2205 3079">
     <span class='ocr_line' id='line_1_98' title="bbox 1213 2761 2203 2804; baseline -0.001 -8"><span class='ocrx_word' id='word_1_552' title='bbox 1213 2764 1353 2804; x_wconf 87' lang='lat' dir='ltr'><strong>Haliees‚</strong></span> <span class='ocrx_word' id='word_1_553' title='bbox 1387 2763 1465 2795; x_wconf 91' lang='lat' dir='ltr'><strong>urbs</strong></span> <span class='ocrx_word' id='word_1_554' title='bbox 1490 2764 1640 2795; x_wconf 80' lang='lat' dir='ltr'><strong>Laconiae</strong></span> <span class='ocrx_word' id='word_1_555' title='bbox 1670 2762 1842 2794; x_wconf 87' lang='lat' dir='ltr'><strong>maritima.</strong></span> <span class='ocrx_word' id='word_1_556' title='bbox 1911 2761 2021 2794; x_wconf 79' lang='lat' dir='ltr'><strong>Refert</strong></span> <span class='ocrx_word' id='word_1_557' title='bbox 2053 2761 2203 2803; x_wconf 83' lang='lat' dir='ltr'><strong>Ephorus</strong></span> 
     </span>
     <span class='ocr_line' id='line_1_99' title="bbox 1170 2808 2205 2851; baseline -0.004 -8"><span class='ocrx_word' id='word_1_558' title='bbox 1170 2811 1254 2844; x_wconf 90' lang='lat' dir='ltr'><strong>libro</strong></span> <span class='ocrx_word' id='word_1_559' title='bbox 1282 2814 1374 2844; x_wconf 85' lang='lat' dir='ltr'><strong>sexto</strong></span> <span class='ocrx_word' id='word_1_560' title='bbox 1392 2835 1401 2851; x_wconf 91' lang='lat'><strong>,</strong></span> <span class='ocrx_word' id='word_1_561' title='bbox 1425 2819 1480 2843; x_wconf 85' lang='lat' dir='ltr'><strong>eos</strong></span> <span class='ocrx_word' id='word_1_562' title='bbox 1510 2819 1582 2843; x_wconf 87' lang='lat' dir='ltr'><strong>esse</strong></span> <span class='ocrx_word' id='word_1_563' title='bbox 1604 2810 1804 2851; x_wconf 72' lang='lat' dir='ltr'><strong>TiryntlxioS‚</strong></span> <span class='ocrx_word' id='word_1_564' title='bbox 1829 2809 1886 2850; x_wconf 91' lang='lat' dir='ltr'><strong>qui</strong></span> <span class='ocrx_word' id='word_1_565' title='bbox 1914 2808 2134 2850; x_wconf 82' lang='lat' dir='ltr'><strong>demigraturi,</strong></span> <span class='ocrx_word' id='word_1_566' title='bbox 2164 2809 2205 2842; x_wconf 84' lang='lat' dir='ltr'><strong>de</strong></span> 
     </span>
     <span class='ocr_line' id='line_1_100' title="bbox 1171 2855 2204 2899; baseline -0.003 -9"><span class='ocrx_word' id='word_1_567' title='bbox 1171 2857 1242 2890; x_wconf 90' lang='lat' dir='ltr'><strong>loco</strong></span> <span class='ocrx_word' id='word_1_568' title='bbox 1266 2858 1409 2899; x_wconf 87' lang='lat' dir='ltr'><strong>quodam</strong></span> <span class='ocrx_word' id='word_1_569' title='bbox 1440 2856 1576 2889; x_wconf 89' lang='lat' dir='ltr'><strong>colendo</strong></span> <span class='ocrx_word' id='word_1_570' title='bbox 1608 2856 1780 2888; x_wconf 86' lang='lat' dir='ltr'><strong>consilium</strong></span> <span class='ocrx_word' id='word_1_571' title='bbox 1800 2855 1942 2895; x_wconf 85' lang='lat' dir='ltr'><strong>inibant,</strong></span> <span class='ocrx_word' id='word_1_572' title='bbox 1972 2855 2134 2896; x_wconf 88' lang='lat' dir='ltr'><strong>deumque</strong></span> <span class='ocrx_word' id='word_1_573' title='bbox 2158 2855 2204 2887; x_wconf 89' lang='lat' dir='ltr'><strong>in·</strong></span> 
     </span>
     <span class='ocr_line' id='line_1_101' title="bbox 1171 2901 2203 2946; baseline -0.003 -9"><span class='ocrx_word' id='word_1_574' title='bbox 1171 2905 1394 2946; x_wconf 85' lang='lat' dir='ltr'><strong>terrogabant,</strong></span> <span class='ocrx_word' id='word_1_575' title='bbox 1417 2904 1474 2945; x_wconf 89' lang='lat' dir='ltr'><strong>qui</strong></span> <span class='ocrx_word' id='word_1_576' title='bbox 1494 2904 1574 2944; x_wconf 88' lang='lat' dir='ltr'><strong>ipsis</strong></span> <span class='ocrx_word' id='word_1_577' title='bbox 1597 2904 1684 2935; x_wconf 88' lang='lat' dir='ltr'><strong>hunc</strong></span> <span class='ocrx_word' id='word_1_578' title='bbox 1702 2903 1738 2934; x_wconf 92' lang='lat' dir='ltr'><strong>in</strong></span> <span class='ocrx_word' id='word_1_579' title='bbox 1760 2901 1894 2940; x_wconf 80' lang='lat' dir='ltr'><strong>modum</strong></span> <span class='ocrx_word' id='word_1_580' title='bbox 1917 2903 2109 2944; x_wconf 88' lang='lat' dir='ltr'><strong>respondit:</strong></span> <span class='ocrx_word' id='word_1_581' title='bbox 2127 2902 2203 2935; x_wconf 86' lang='lat' dir='ltr'><strong>Ubi-</strong></span> 
     </span>
     <span class='ocr_line' id='line_1_102' title="bbox 1172 2948 2204 2993; baseline -0.005 -8"><span class='ocrx_word' id='word_1_582' title='bbox 1172 2961 1301 2993; x_wconf 85' lang='lat' dir='ltr'><strong>cunque</strong></span> <span class='ocrx_word' id='word_1_583' title='bbox 1317 2951 1518 2984; x_wconf 84' lang='lat' dir='ltr'><strong>domicilium</strong></span> <span class='ocrx_word' id='word_1_584' title='bbox 1540 2949 1699 2990; x_wconf 88' lang='lat' dir='ltr'><strong>acceperis</strong></span> <span class='ocrx_word' id='word_1_585' title='bbox 1711 2973 1721 2989; x_wconf 89' lang='lat'><strong>,</strong></span> <span class='ocrx_word' id='word_1_586' title='bbox 1738 2948 1923 2990; x_wconf 87' lang='lat' dir='ltr'><strong>ubicunque</strong></span> <span class='ocrx_word' id='word_1_587' title='bbox 1945 2949 2131 2985; x_wconf 88' lang='lat' dir='ltr'><strong>consederis</strong></span> <span class='ocrx_word' id='word_1_588' title='bbox 2145 2974 2154 2990; x_wconf 94' lang='lat'>‚</span> <span class='ocrx_word' id='word_1_589' title='bbox 2172 2951 2204 2982; x_wconf 87' lang='lat' dir='ltr'><strong>et</strong></span> 
     </span>
     <span class='ocr_line' id='line_1_103' title="bbox 1174 2996 2203 3039; baseline -0.002 -8"><span class='ocrx_word' id='word_1_590' title='bbox 1174 2999 1361 3039; x_wconf 85' lang='lat' dir='ltr'><strong>ubicunque</strong></span> <span class='ocrx_word' id='word_1_591' title='bbox 1389 2997 1606 3035; x_wconf 83' lang='lat' dir='ltr'><strong>habitaveris,</strong></span> <span class='ocrx_word' id='word_1_592' title='bbox 1635 2998 1667 3027; x_wconf 90' lang='lat' dir='ltr'><strong>te</strong></span> <span class='ocrx_word' id='word_1_593' title='bbox 1696 2996 1888 3036; x_wconf 86' lang='lat' dir='ltr'><strong>piscatorem</strong></span> <span class='ocrx_word' id='word_1_594' title='bbox 1911 2996 2036 3029; x_wconf 86' lang='lat' dir='ltr'><strong>dictum</strong></span> <span class='ocrx_word' id='word_1_595' title='bbox 2066 2996 2104 3029; x_wconf 87' lang='lat' dir='ltr'><strong>iri</strong></span> <span class='ocrx_word' id='word_1_596' title='bbox 2131 3006 2203 3038; x_wconf 91' lang='lat' dir='ltr'><strong>pro-</strong></span> 
     </span>
     <span class='ocr_line' id='line_1_104' title="bbox 1174 3047 1301 3079; baseline -0.008 -1"><span class='ocrx_word' id='word_1_597' title='bbox 1174 3047 1301 3079; x_wconf 87' lang='lat' dir='ltr'><strong>nuntio.</strong></span> 
     </span>
    </p>
   </div>
   <div class='ocr_carea' id='block_1_29' title="bbox 1617 3100 1764 3113">
    <p class='ocr_par' dir='ltr' id='par_1_46' title="bbox 1617 3100 1764 3113">
     <span class='ocr_line' id='line_1_105' title="bbox 1617 3100 1764 3113; baseline 0 -5"><span class='ocrx_word' id='word_1_598' title='bbox 1617 3100 1764 3113; x_wconf 37' lang='lat' dir='ltr'><strong>q..—</strong></span> 
     </span>
    </p>
   </div>
   <div class='ocr_carea' id='block_1_30' title="bbox 1454 3151 1912 3191">
    <p class='ocr_par' dir='ltr' id='par_1_47' title="bbox 1454 3151 1912 3191">
     <span class='ocr_line' id='line_1_106' title="bbox 1454 3151 1912 3191; baseline 0.004 -2"><span class='ocrx_word' id='word_1_599' title='bbox 1454 3154 1605 3190; x_wconf 86' lang='lat' dir='ltr'>LIBER</span> <span class='ocrx_word' id='word_1_600' title='bbox 1647 3151 1912 3191; x_wconf 88' lang='lat' dir='ltr'><strong>SEPTIMUS.</strong></span> 
     </span>
    </p>
   </div>
   <div class='ocr_carea' id='block_1_31' title="bbox 1654 3221 1718 3255">
    <p class='ocr_par' dir='ltr' id='par_1_48' title="bbox 1654 3221 1718 3255">
     <span class='ocr_line' id='line_1_107' title="bbox 1654 3221 1718 3255; baseline 0.016 -1"><span class='ocrx_word' id='word_1_601' title='bbox 1654 3221 1718 3255; x_wconf 83' lang='lat'><strong>99.</strong></span> 
     </span>
    </p>
   </div>
   <div class='ocr_carea' id='block_1_32' title="bbox 1173 3273 2202 3363">
    <p class='ocr_par' dir='ltr' id='par_1_49' title="bbox 1173 3273 2202 3363">
     <span class='ocr_line' id='line_1_108' title="bbox 1214 3273 2202 3314; baseline 0.001 -9"><span class='ocrx_word' id='word_1_602' title='bbox 1214 3276 1312 3306; x_wconf 86' lang='lat' dir='ltr'><strong>Extat</strong></span> <span class='ocrx_word' id='word_1_603' title='bbox 1335 3274 1476 3306; x_wconf 84' lang='lat' dir='ltr'><strong>narratio</strong></span> <span class='ocrx_word' id='word_1_604' title='bbox 1510 3273 1551 3305; x_wconf 86' lang='lat' dir='ltr'><strong>de</strong></span> <span class='ocrx_word' id='word_1_605' title='bbox 1580 3273 1722 3306; x_wconf 83' lang='lat' dir='ltr'><strong>adventu</strong></span> <span class='ocrx_word' id='word_1_606' title='bbox 1740 3273 1866 3308; x_wconf 79' lang='lat' dir='ltr'><strong>Daedali</strong></span> <span class='ocrx_word' id='word_1_607' title='bbox 1889 3274 1928 3306; x_wconf 86' lang='lat' dir='ltr'><strong>ad</strong></span> <span class='ocrx_word' id='word_1_608' title='bbox 1949 3274 2122 3314; x_wconf 83' lang='lat' dir='ltr'><strong>Cocalum,</strong></span> <span class='ocrx_word' id='word_1_609' title='bbox 2157 3283 2202 3306; x_wconf 89' lang='lat' dir='ltr'><strong>re-</strong></span> 
     </span>
     <span class='ocr_line' id='line_1_109' title="bbox 1173 3321 2200 3363; baseline 0 -10"><span class='ocrx_word' id='word_1_610' title='bbox 1173 3331 1245 3362; x_wconf 86' lang='lat' dir='ltr'><strong>gem</strong></span> <span class='ocrx_word' id='word_1_611' title='bbox 1260 3321 1448 3353; x_wconf 86' lang='lat' dir='ltr'><strong>Sicanorum</strong></span> <span class='ocrx_word' id='word_1_612' title='bbox 1461 3345 1470 3361; x_wconf 92' lang='lat'><strong>,</strong></span> <span class='ocrx_word' id='word_1_613' title='bbox 1500 3323 1567 3353; x_wconf 86' lang='lat' dir='ltr'><strong>tam</strong></span> <span class='ocrx_word' id='word_1_614' title='bbox 1593 3321 1677 3362; x_wconf 89' lang='lat' dir='ltr'><strong>apud</strong></span> <span class='ocrx_word' id='word_1_615' title='bbox 1697 3322 1863 3363; x_wconf 86' lang='lat' dir='ltr'><strong>Ephorum</strong></span> <span class='ocrx_word' id='word_1_616' title='bbox 1878 3321 1912 3354; x_wconf 89' lang='lat' dir='ltr'><strong>in</strong></span> <span class='ocrx_word' id='word_1_617' title='bbox 1928 3321 2066 3362; x_wconf 87' lang='lat' dir='ltr'><strong>septimo</strong></span> <span class='ocrx_word' id='word_1_618' title='bbox 2077 3346 2087 3363; x_wconf 91' lang='lat'><strong>,</strong></span> <span class='ocrx_word' id='word_1_619' title='bbox 2104 3330 2200 3362; x_wconf 82' lang='lat' dir='ltr'><strong>quam</strong></span> 
     </span>
    </p>
   </div>
   <div class='ocr_carea' id='block_1_33' title="bbox 90 3366 1635 3411">
    <p class='ocr_par' dir='ltr' id='par_1_50' title="bbox 90 3366 1635 3411">
     <span class='ocr_line' id='line_1_110' title="bbox 90 3366 1635 3411; baseline 0.001 -12"><span class='ocrx_word' id='word_1_620' title='bbox 90 3366 131 3399; x_wconf 78' lang='lat' dir='ltr'><strong>ad</strong></span> <span class='ocrx_word' id='word_1_621' title='bbox 166 3367 251 3399; x_wconf 88' lang='lat' dir='ltr'><strong>huuc</strong></span> <span class='ocrx_word' id='word_1_622' title='bbox 265 3376 369 3409; x_wconf 86' lang='lat' dir='ltr'><strong>usque</strong></span> <span class='ocrx_word' id='word_1_623' title='bbox 402 3368 487 3401; x_wconf 88' lang='lat' dir='ltr'><strong>diem</strong></span> <span class='ocrx_word' id='word_1_624' title='bbox 507 3369 655 3402; x_wconf 87' lang='lat' dir='ltr'><strong>militaris</strong></span> <span class='ocrx_word' id='word_1_625' title='bbox 670 3371 796 3410; x_wconf 85' lang='lat' dir='ltr'><strong>cultus,</strong></span> <span class='ocrx_word' id='word_1_626' title='bbox 813 3374 844 3403; x_wconf 88' lang='lat' dir='ltr'><strong>et</strong></span> <span class='ocrx_word' id='word_1_627' title='bbox 866 3373 997 3404; x_wconf 83' lang='lat' dir='ltr'><strong>vetusta</strong></span> <span class='ocrx_word' id='word_1_628' title='bbox 1019 3380 1117 3403; x_wconf 81' lang='lat' dir='ltr'><strong>arma-</strong></span> <span class='ocrx_word' id='word_1_629' title='bbox 1174 3369 1258 3411; x_wconf 85' lang='lat' dir='ltr'><strong>apud</strong></span> <span class='ocrx_word' id='word_1_630' title='bbox 1279 3369 1450 3401; x_wconf 87' lang='lat' dir='ltr'><strong>Philistum</strong></span> <span class='ocrx_word' id='word_1_631' title='bbox 1469 3372 1501 3401; x_wconf 92' lang='lat' dir='ltr'><strong>in</strong></span> <span class='ocrx_word' id='word_1_632' title='bbox 1519 3369 1635 3410; x_wconf 89' lang='lat' dir='ltr'><strong>primo.</strong></span> 
     </span>
    </p>
   </div>
  </div>
 </body>
</html>
