2320 3684
157 245 232 277 350

238 323 300 355 Καὶ
313 321 402 358 οὗτος
416 319 595 358 τεθνηκότος
609 319 642 350 δὲ
655 320 710 349 τοῦ
725 316 851 359 Πύῤῥου
865 315 1060 353 συντεθνήκει

237 370 268 406 ἐξ
281 368 401 404 ἀσιτίας
415 368 468 399 καὶ
488 367 578 407 ὶιμοῦ
596 368 640 406 τῷ
659 364 747 405 πόθῳ
761 367 806 404 τῷ
823 363 953 395 ἐκείνου.

236 418 299 448 Καὶ
315 415 453 458 θεριστήν
476 425 519 450 τις
541 412 628 449 ἀετὸς
643 412 794 467 ἐρρύσατο
810 409 940 442 θανάτου

237 463 303 494 ἀνθ’
323 463 366 493 ὧν
382 461 472 497 αὐτὸς
487 460 636 496 ἐξέσωσεν
653 459 688 490 ἐκ
711 457 874 500 δράκοντος
888 457 1003 490 ἐκεῖνον

236 511 268 542 ἐν
291 512 336 550 τῷ
358 508 497 551 δρεπάνῳ
514 506 672 562 συντεμὼν
686 506 740 544 τὴν
762 505 890 548 σπείραν
909 508 964 536 τοῦ
983 504 1098 546 θηρίου.

236 558 356 589 Ὄντων
374 557 425 589 καὶ
440 556 497 597 γὰρ
516 553 682 585 ἑκκαίδεκα
693 555 756 584 τῶν
770 554 915 595 θεριστῶν
932 553 1044 592 ἐκεῖσε,

237 605 324 637 οὗτος
337 603 457 639 σταλεὶς
468 601 671 644 ὑδρεύσασθαι
686 601 728 637 ὡς
740 601 850 641 ἤνεγκε
863 601 897 632 τὸ
912 601 1005 642 ὕδωρ,

237 653 272 684 ἐκ
288 652 425 692 στάμνου
440 653 518 682 πᾶσι
534 649 677 692 κεραννὺς
692 649 810 690 διένεμε
821 649 873 680 τὸν
890 649 982 681 οἶνον.

237 699 290 735 Ὡς
303 699 336 730 δὲ
350 697 482 739 κεράσας
498 697 551 728 καὶ
575 697 665 733 αὐτὸς
679 695 784 737 ἔμελλε
805 696 901 728 πίνειν
916 699 1017 736 τοῦτο,

237 745 350 780 ἐκεῖνος
365 744 456 786 ῥοίζῳ
471 743 627 779 καταπτὰς
648 743 776 779 κατέαξε
790 743 843 774 τὸν
857 743 985 783 σκύφον,

238 792 311 823 ἰδὼν
334 791 401 832 ὄφιν
417 791 583 831 ἐμέσαντα,
599 792 640 827 ὡς
653 791 747 829 ἔοικε,
762 793 807 831 τῷ
821 790 920 831 ἄγγει·

238 841 255 871 ὁ
270 841 302 871 δὲ
317 841 457 882 στραφεὶς
472 841 514 876 ὡς
527 839 642 881 ἀμοιὸᾐ
655 843 692 881 τῇ
708 839 818 871 τούτου
831 839 1039 882 δυσχεραίνων

239 887 372 925 ἐκείνους
386 888 573 926 θνήσκοντας
589 889 662 919 ἰδὼν
675 891 791 926 συνῆκε
804 889 859 926 τὴν
875 888 989 919 αἰτίαν.

208 952 382 990 AElianus
399 955 456 989 De
472 960 610 989 natura
637 952 791 991 animal.
808 955 872 998 VI,
895 965 945 1002 ²9
963 965 972 988 ε
995 950 1187 1004 Φύλαρχος

156 1011 336 1064 μέμνηται
365 1011 475 1050 παῖδα
505 1012 658 1064 ἰσχυρῶς
692 1010 872 1066 φιλόρνιθα
907 1012 1022 1049 αἷετοῧ
1048 1011 1185 1049 νεοττὸν

156 1071 277 1110 λαὸεῖν
299 1072 408 1125 δῶρον
423 1070 482 1108 καὶ
502 1069 639 1124 τρέφειν
661 1073 771 1124 τροφῇ
788 1069 930 1123 ποικίλῃ
951 1070 1010 1108 καὶ
1030 1070 1186 1121 κηδεμο-

155 1130 230 1169 νίαν
267 1132 362 1184 αὐτῷ
398 1128 605 1183 προσφέρειν
636 1135 767 1167 πᾶσαν.
802 1131 855 1169 Οὐ
880 1129 948 1183 γάρ
984 1129 1018 1168 τί
1042 1145 1108 1167 που
1142 1131 1188 1172 ὡς

158 1188 300 1243 ἄθυρμα
317 1191 364 1232 εἷς
378 1188 559 1227 maetam*
540 1204 661 1260 ετρεφε
681 1187 738 1226 τὸν
760 1187 867 1242 ὄρνιν,
897 1188 987 1227 ἀλλὰ
1012 1188 1187 1241 ερωμένου

157 1247 295 1295 δίκην
275 1264 298 1294 η
318 1248 472 1308 ἀδελφου
485 1246 672 1300 νεωτέρου,
690 1247 799 1290 οὕτως
818 1247 914 1300 ἅραὸ
932 1253 1014 1290 παῖς
1031 1263 1092 1284 του
1111 1249 1186 1284 αἰε-

156 1311 217 1345 τοῦ
234 1309 422 1360 προμηθῶς
440 1323 469 1344 ει
472 1322 544 1358 χεν
567 1306 638 1345 Και
657 1306 788 1360 προῖὼν
810 1305 846 1344 δὲ
866 1306 988 1360 χρόνος
1006 1308 1053 1350 εἷς
1070 1306 1186 1360 φιλίαν

158 1365 282 1410 αὐτους
299 1365 420 1418 ἐξῆψεν
437 1365 626 1412 ἀλλήλων’
618 1365 775 1418 ισχυράν.
791 1364 998 1418 Συνηνέχθη
1010 1364 1046 1403 δὲ
1063 1370 1186 1415 καμεῖν

158 1424 198 1462 τὸ
217 1440 321 1475 σωμα
340 1424 399 1462 τὸν
417 1425 545 1472 παῖδα,
578 1423 637 1462 καὶ
669 1423 727 1462 τὸν
756 1423 867 1462 αἰετὸν
891 1422 1108 1476 παραμένειν
1127 1423 1186 1462 καὶ

157 1483 355 1531 νοσηλεύειν
378 1483 435 1521 τὸν
459 1483 609 1536 τροφέα·
634 1482 694 1520 καὶ
721 1481 946 1525 καθεύδοντος
965 1481 1026 1533 μὲν
1044 1482 1185 1535 ἡσυχά-

159 1545 241 1590 ζειν,
262 1541 488 1596 έγρηγορότος
510 1541 546 1580 δὲ
572 1541 807 1595 παρεστάναι,
833 1543 1031 1584 ἀσιτοῦντος
1052 1539 1088 1579 δὲ
1104 1556 1188 1595 τρο-

160 1601 227 1655 φὴν
265 1600 314 1652 μὴ
347 1600 569 1654 προσίεσθαι·
609 1599 684 1638 ἐπεὶ
723 1598 759 1637 δὲ
796 1599 855 1638 καὶ
885 1598 943 1638 τὸν
978 1598 1050 1652 βίον
1071 1603 1089 1638 ὁ
1107 1606 1188 1644 παῖς

159 1659 405 1713 κατέστρεψεν,
425 1659 641 1706 ἠκολούθησε
664 1658 723 1697 καὶ
740 1662 758 1697 ὁ
772 1658 883 1702 αἰετὸς
901 1658 1006 1712 μέχρι
1024 1662 1086 1697 τοῦ
1107 1658 1186 1710 μνή-

160 1732 279 1770 ματος·
297 1717 484 1770 καιομένου
501 1717 537 1756 δέ
552 1734 591 1770 γε
607 1717 729 1756 ἑαυτὸν
739 1719 786 1761 εἷς
801 1717 864 1766 τὴν
880 1717 994 1772 πυρὰν
1015 1717 1188 1756 ἐνέὸαλεν.

213 1836 416 1873 Athenaeus
434 1838 505 1884 111,
528 1839 562 1882 3,
584 1850 620 1887 p.
641 1837 702 1883 73,
722 1839 768 1873 B:
784 1836 975 1889 Φύλαρχος
1009 1835 1046 1875 δέ
1075 1851 1190 1890 φησιν·

162 1893 369 1933 «Οὐδέποτε
402 1894 569 1948 πρότερον
602 1895 636 1932 ἐν
665 1894 778 1932 οὐδενὶ
802 1893 900 1948 τόπῳ
918 1895 1064 1946 κυάμων
1084 1897 1193 1948 Αἰγυ-

161 1953 271 1992 πτίων
289 1953 368 1992 οὔτε
391 1952 610 2006 σπαρέντων,
632 1952 716 2001 οὔτ’,
740 1958 770 1991 εἰ
795 1952 948 2006 σπείρειέ
972 1970 1043 2002 τις,
1071 1969 1192 1992 τικτο-

223 2087 261 2117 Et
275 2086 340 2115 haec
356 2096 481 2126 quoque
497 2093 622 2116 mortuo
638 2086 757 2126 Pyrrho
775 2087 976 2116 commoritur

224 2140 256 2163 et
272 2133 373 2163 esurie
388 2139 480 2172 atque
496 2133 591 2174 fame,
610 2133 765 2163 desiderio
781 2134 874 2163 illius.

226 2184 328 2220 Atque
340 2190 507 2209 messorem
522 2180 663 2220 quaedam
682 2181 788 2219 aquila
804 2180 937 2211 servavit
953 2191 970 2210 a
985 2187 1085 2211 morte
1096 2204 1106 2221 ,

226 2238 262 2257 eo
278 2227 363 2267 quod
379 2229 445 2266 ipse
459 2234 608 2256 servasset
624 2238 639 2256 a
655 2227 791 2257 dracone
805 2227 889 2256 illam
899 2250 909 2266 ‚

228 2275 308 2306 falce
322 2286 418 2315 quum
435 2275 595 2306 incidisset
609 2276 725 2316 spiram
741 2275 826 2307 ferae.

227 2324 331 2360 Quum
347 2330 449 2352 essent
462 2325 544 2352 enim
560 2323 693 2353 sedecim
707 2333 858 2353 messores
871 2323 914 2352 ibi
926 2347 935 2363 ‚

226 2370 284 2400 iste
302 2369 412 2399 missus
428 2377 588 2409 aquatum.
604 2378 638 2400 ut
656 2371 760 2401 attulit
778 2381 902 2411 aquam,

228 2428 266 2447 ex
280 2419 428 2448 cantharo
442 2419 586 2448 omnibus
603 2419 749 2458 miscens,
766 2418 972 2448 distribuebat
985 2418 1102 2450 vinum.

228 2467 273 2496 Ut
286 2473 389 2496 autem
405 2466 459 2506 qui
473 2469 638 2496 miscuerat
651 2489 660 2506 ,
675 2467 832 2496 bibiturus
849 2473 914 2496 erat
927 2466 987 2498 hoc
1001 2490 1012 2507 ‚

229 2513 283 2542 illa
299 2523 370 2542 cum
387 2515 519 2552 strepitu
534 2514 642 2542 volans
657 2513 753 2553 fregit
772 2513 939 2553 poculum,

229 2562 408 2601 conspicata
434 2567 608 2600 serpentem
624 2584 633 2600 ‚
652 2560 706 2600 qui
722 2566 881 2589 vomuerat
895 2582 904 2599 ,
916 2566 953 2589 ut
967 2559 1021 2599 fit,
1041 2559 1073 2590 in
1089 2569 1152 2590 vas-

231 2608 288 2638 {lle
310 2614 412 2638 autem
425 2618 592 2637 conversus
607 2632 616 2648 ‚
645 2608 731 2637 velut
747 2608 985 2637 retributionem
1001 2608 1095 2647 hujus
1116 2617 1196 2647 aegrc

230 2655 300 2684 illos
316 2661 456 2685 mortuos
469 2655 576 2685 videns
593 2655 744 2685 intellexit
762 2665 898 2685 causam.
1055 2654 1171 2696 [ferens
1185 2677 1195 2694 ,

210 2721 352 2752 Puerum
369 2719 480 2752 avium
496 2719 793 2760 studiosissimum,
811 2720 1013 2761 Phylarchus
1032 2719 1197 2751 memoriae

169 2766 322 2807 prodidit,
340 2767 457 2808 aquilae
476 2767 614 2808 pullum,
629 2776 726 2808 quem
743 2767 829 2799 dono
844 2767 1031 2808 accepisset,
1058 2767 1149 2798 vario
1165 2769 1198 2799 et

171 2813 340 2855 multiplici
355 2813 429 2846 cibo
445 2814 575 2854 aluisse,
594 2817 627 2846 et
643 2814 788 2847 studiose
803 2814 1036 2855 diligenterque
1054 2822 1194 2845 curasse.

170 2862 251 2892 Nam
277 2870 352 2893 eum
375 2870 440 2893 non
462 2864 616 2902 tanquam
637 2870 704 2894 rem
723 2861 882 2894 ludicram
904 2861 1030 2901 alebat,
1056 2861 1113 2893 sed
1134 2863 1198 2892 tan-

171 2915 269 2946 quam
286 2910 363 2939 natu
378 2907 536 2940 minorem
551 2916 740 2949 germanum
754 2908 886 2940 fratrem
902 2917 1018 2948 magna
1032 2916 1107 2939 cum
1121 2916 1199 2939 cura

172 2951 311 2985 fovebat.
327 2956 436 2991 Quum
456 2957 565 2987 autem
590 2963 761 2996 progressu
779 2955 885 2987 aetatis
915 2958 1029 2987 mutua
1059 2954 1142 2987 inter
1165 2963 1199 2986 se

173 3000 314 3031 amicitia
328 3001 534 3033 vehementer
546 3001 756 3041 exarsissent,
771 3005 869 3043 atque
879 3001 1052 3034 accidisset
1069 3003 1105 3033 ut
1121 3010 1200 3042 puer

176 3047 347 3086 laboraret,
357 3050 428 3079 tum
441 3049 470 3080 ei
483 3049 590 3089 aquila
602 3049 792 3082 assiduitate
801 3049 898 3081 officii
908 3049 1071 3081 assidebat
1082 3057 1200 3089 :quum

175 3093 262 3124 enim
279 3094 307 3125 is
323 3094 465 3134 quietem
489 3098 632 3137 caperet,
653 3096 722 3138 ipsa
744 3106 873 3138 quoque
897 3097 999 3138 quieti
1022 3105 1057 3129 se
1078 3096 1198 3137 dabat;

176 3148 276 3179 quum
294 3141 447 3180 vigilaret,
462 3143 573 3174 eadem
588 3143 778 3183 assistebat3
793 3153 895 3185 quum
911 3153 976 3176 non
995 3143 1113 3183 ederet,
1131 3144 1202 3184 ipsa

176 3186 293 3226 pariter
307 3188 415 3218 cibum
438 3197 501 3219 non
517 3190 707 3222 admittebat
726 3201 733 3221 ε
753 3193 865 3231 postea
882 3199 960 3223 vero
983 3199 1082 3231 quam
1100 3200 1118 3222 e
1134 3191 1203 3223 vita

177 3241 323 3264 excessei
325 3236 368 3272 at
387 3234 428 3265 ad
447 3239 692 3268 monumentum
708 3237 868 3278 sepulchri
884 3246 959 3270 eum
975 3237 1083 3278 aquila
1098 3246 1204 3290 prose-

177 3281 252 3310 cuta
265 3282 325 3319 est,
342 3282 490 3321 postque,
507 3282 564 3313 ubi
579 3286 740 3316 οιθιιιειιιιε
755 3286 816 3325 est,
834 3284 868 3317 in
883 3284 1008 3317 medios
1021 3293 1115 3326 rogos
1133 3284 1204 3325 ipsa

178 3334 213 3357 se
229 3325 372 3358 immisit.

660 3385 723 3416 50.

222 3431 419 3471 Phylarchus
445 3432 577 3464 scribit:
600 3435 736 3471 «Quum
772 3445 936 3476 nunquam
968 3439 1062 3469 antea
1087 3436 1203 3469 nullibi

890 214 1184 270 PHYLAacfli
1211 226 1541 267 FRAGMENTA.

1242 312 1369 364 μένων,
1388 315 1417 352 εἷ
1433 312 1481 364 μὴ
1498 311 1589 351 κατὰ
1602 312 1793 364 Αἴγυπτον,
1812 312 1868 350 ἐπὶ
1886 315 1947 351 τοῦ
1975 312 2145 365 βασιλέως
2166 314 2266 354 Ἀλε-

1240 370 1383 425 ξάνδρου
1399 376 1459 411 τοῦ
1479 370 1620 425 Πύρρου
1639 370 1736 425 παρὰ
1751 371 1809 410 τὸν
1823 370 1965 423 Θύαμιν
1982 372 2140 424 ποταμὸν
2149 375 2213 420 τῆς
2231 374 2266 412 ἐν

1242 430 1399 506 Ἠπείρῳ
1417 430 1679 485 Θεσπρωτίας’
1664 447 1699 469 εν
1720 430 1790 469 ἕλει
1803 430 1870 469 τινι
1890 429 2018 478 συνέὸη
2038 446 2178 486 φυηναι.
2196 431 2269 471 Δύο

1243 489 1306 542 μὲν
1325 494 1383 528 οὖν
1403 489 1528 542 ἤνεγκέ
1544 505 1620 535 πως
1639 489 1700 537 ἔτη
1717 490 1850 543 καρπὸν
1871 491 2017 533 ἐκτενως
2039 489 2099 528 και
2115 489 2267 538 ηὔξησε·

1241 552 1303 587 τοῦ
1333 549 1362 587 δ’
1396 547 1617 601 Ἀλεξάνδρου
1649 547 1842 602 φυλακὴν
1827 547 2079 595 επιστήσαντος
2105 548 2165 587 και
2193 563 2270 587 κω-

1242 606 1382 652 λύοντος
1397 608 1464 659 οὐχ
1478 606 1530 644 ὅτι
1545 606 1740 658 λαμὸάνειν
1754 606 1812 645 τὸν
1832 606 2054 659 βουλόμενον,
2072 608 2163 645 ἀλλα
2179 605 2269 658 μηδὲ

1242 666 1497 719 προσέρχεσθαι
1513 665 1598 719 πρὸς
1610 665 1668 704 τὸν
1685 665 1805 714 τόπον,
1826 665 2039 720 ἀνεξηράνθη
2060 664 2101 703 τὸ
2117 663 2192 709 ἕλος
2210 664 2270 704 καὶ

1243 725 1283 763 τὸ
1299 725 1420 763 λοιπὸν
1448 726 1514 777 οὐχ
1528 724 1581 762 ὅτι
1610 725 1669 763 τὸν
1688 724 1939 779 προειρημένον
1963 724 2090 776 ἤνεγκε
2121 723 2270 778 καρπὸν,

1245 784 1323 822 ἀλλ’
1339 784 1418 822 οὐδὲ
1434 782 1526 837 ὕδωρ
1546 783 1579 822 εἴ
1598 799 1684 822 ποτε
1704 783 1787 837 ἔσχε
1805 783 1973 838 φαίνεται.
2004 783 2058 824 Τὸ
2082 783 2272 838 παραπλή-

1245 858 1319 881 σιον
1337 841 1473 894 ἐγένετο
1500 842 1559 880 καὶ
1592 843 1627 881 ἐν
1666 843 1816 896 Αἷδιψῷ.
1841 842 1954 896 Χωρὶς
1983 842 2051 896 γὰρ
2068 844 2138 880 τῶν
2155 841 2272 882 ἄλλων

1245 901 1380 940 ὑδάτων
1402 900 1571 953 ναμάτιόν
1603 917 1637 940 τι
1659 901 1770 956 ἐφάνη
1796 901 1929 955 ψυχρὸν
1957 900 2049 956 ὕδωρ
2066 899 2272 955 προϊέμενον

1246 961 1284 998 οὐ
1301 959 1421 1014 πόρρω
1451 963 1512 1007 τῆς
1538 959 1727 1008 θαλάσσης.
1752 959 1888 1000 Τούτου
1915 960 2070 1004 πίνοντες
2092 962 2125 998 οἱ
2155 961 2276 1013 ἀῤῥω-

1246 1023 1405 1062 στοῧντες
1423 1017 1468 1057 τὰ
1488 1018 1637 1071 μέγιστα
1662 1019 1873 1072 ὠφελοῦντο·
1901 1018 1953 1057 διὸ
1975 1017 2100 1057 πολλοὶ
2124 1017 2276 1091 παρεγί-

1245 1093 1344 1116 νοντο
1363 1076 1422 1115 καὶ
1448 1076 1619 1131 μακρόθεν
1640 1079 1690 1130 τῷ
1710 1076 1810 1115 ὕδατι
1828 1075 2118 1150 χρησόμενοι.οἱ
2135 1069 2193 1114 ουν
2212 1089 2275 1113 του

1248 1135 1420 1186 βασιλέως
1441 1134 1636 1187 Ἀντιγόνου
1664 1136 1853 1189 στρατηγοὶ
1874 1133 2077 1187 βουλόμενοι
2095 1135 2276 1185 οἰκονομι-

1246 1194 1391 1248 κώτεροι
1409 1198 1497 1232 εἶναι
1518 1193 1679 1248 διάφορόν
1693 1209 1727 1232 τι
1745 1193 1869 1239 ἔταξαν
1889 1192 2020 1231 διδόναι
2036 1198 2109 1236 τοῖς
2120 1193 2276 1241 πίνουσι,

1247 1269 1307 1291 και
1324 1255 1363 1291 ἐκ
1380 1252 1503 1291 τούτου
1499 1252 1754 1314 ἀπεξηράνθη
1779 1252 1819 1290 τὸ
1847 1258 1956 1303 νᾶμα.
1982 1251 2089 1290 Koet'
2074 1267 2109 1290 εν
2132 1250 2278 1305 Τρωάδι

1248 1311 1284 1350 δὲ
1301 1311 1456 1356 ἐξουσίαν
1488 1315 1581 1363 εἰχον
1611 1313 1643 1350 οἱ
1675 1310 1881 1363 βουλόμενοι
1904 1310 1963 1349 τὸν
1982 1310 2051 1365 πρὸ
2072 1313 2133 1348 τοῦ
2151 1307 2297 1363 χρόνον,

1247 1369 1305 1407 τὸν
1323 1371 1552 1422 Τραγασαῖον
1571 1369 1640 1407 ἅλα
1665 1368 1874 1420 λαμὸάνειν,
1897 1367 2110 1421 Λυσιμάχου
2127 1367 2163 1406 δὲ
2182 1366 2279 1410 τέλος

1248 1426 1473 1471 ἐπιὸαλόντος
1496 1427 1686 1481 ἠφανίσθη.
1713 1427 1971 1479 Θαυμάσαντος
1993 1425 2030 1465 δὲ
2051 1425 2111 1465 καὶ
2135 1425 2280 1479 ἀφέντος

1247 1486 1306 1526 τὸν
1323 1485 1430 1525 τόπον
1448 1488 1554 1534 ἀτελῆ
1575 1486 1680 1525 πάλιν
1695 1486 1839 1534 ηὐξήθη.
1855 1503 1871 1521 »

1301 1550 1359 1584 De
1391 1546 1546 1584 thermis
1577 1546 1725 1597 AEdipsi
1756 1546 1802 1583 cf.
1825 1545 1964 1585 Strabo
1977 1548 1995 1587 1
2007 1577 2017 1592 ‚
2047 1558 2086 1596 p.
2107 1545 2180 1590 603
2197 1545 2278 1590 IX,

1250 1619 1287 1657 p.
1308 1605 1383 1651 425
1405 1605 1465 1643 ed.
1487 1608 1586 1653 Cas„
1606 1604 1674 1643 ubi
1693 1618 1786 1643 vero
1801 1605 1940 1656 legitur
1960 1601 2128 1656 Αἰδηψός.

1738 1659 1802 1695 51.

1304 1717 1436 1768 Polyb.
1449 1721 1500 1765 II,
1517 1717 1580 1766 56,
1594 1717 1640 1754 6:
1658 1715 1873 1768 Βουλόμενος
1892 1714 1933 1762 δὴ
1954 1715 2133 1767 διασαφεῖν
2151 1715 2184 1766 (ὃ
2197 1711 2282 1752 Φύ-

1250 1778 1393 1832 λαρχος)
1406 1776 1470 1824 τὴν
1491 1776 1658 1828 ὠμότητα
1678 1776 1742 1824 τὴν
1763 1775 1956 1828 Ἀντιγόνου
1972 1775 2032 1813 καὶ
2052 1772 2283 1823 Μακεδόνων,

1252 1837 1328 1888 ἅμα
1347 1836 1383 1874 δὲ
1402 1835 1536 1879 τούτοις
1547 1835 1611 1883 τὴν
1631 1835 1775 1890 Ἀράτου
1796 1834 1854 1873 καὶ
1879 1837 1949 1872 τῶν
1977 1834 2140 1886 Ἀχαιῶν,
2171 1831 2278 1887 φησί·

1253 1893 1331 1938 τους
1362 1894 1582 1943 Μαντινέας,
1618 1893 1823 1946 γενομένους
1851 1892 2086 1946 υποχειρίους,
2118 1891 2283 1943 μεγάλοις

1252 1959 1451 2007 περιπεσεῖν
1477 1952 1708 2006 ἀτυχήμασι,
1721 1953 1782 1992 καὶ
1794 1952 1857 2000 τὴν
1879 1950 2118 2005 ἀρχαιοτάτην
2137 1950 2197 1989 καὶ
2221 1963 2280 2002 με·

1251 2085 1396 2117 locorum
1411 2085 1602 2126 AEgyptiaca
1614 2084 1688 2116 faba
1700 2086 1757 2116 aut
1772 2085 1942 2122 sereretur,
1953 2085 2010 2114 aut
2023 2083 2093 2115 sata
2106 2084 2276 2124 cresceret,

1253 2134 1469 2174 praeterquam
1495 2132 1530 2164 in
1557 2133 1695 2173 AEgypto
1711 2154 1721 2171 ,
1750 2133 1859 2163 tamen
1886 2131 2041 2171 regnante
2070 2129 2253 2162 Alexandro
2266 2153 2276 2170 ,
2309 2150 2312 2151 ν

1254 2179 1368 2220 Pyrrhi
1386 2179 1465 2218 filio,
1482 2188 1584 2220 prope
1599 2178 1759 2220 Thyamin
1774 2177 1909 2210 fluvium
1931 2176 2143 2219 Thesprotiae,
2161 2185 2234 2218 quae
2245 2178 2280 2210 iu

1254 2226 1351 2267 Epiro
1367 2228 1428 2265 est,
1441 2226 1474 2257 in
1490 2225 1607 2266 palude
1631 2225 1773 2266 quadam
1799 2226 1909 2257 nescio
1937 2233 2003 2265 quo
2022 2232 2099 2255 casu
2129 2231 2200 2255 eam
2215 2232 2286 2256 esse

1253 2275 1363 2304 natam
1382 2282 1390 2304 :
1407 2275 1438 2305 et
1453 2272 1582 2305 duobus
1600 2271 1733 2313 quidem
1758 2271 1910 2313 deinceps
1925 2271 2018 2303 annis
2043 2279 2117 2303 eam
2143 2271 2294 2304 fructum·
2315 2312 2317 2314 Ι

1254 2319 1384 2352 abunde
1396 2320 1580 2361 peperisse,
1597 2327 1739 2360 eumque
1760 2319 1802 2351 ad
1826 2320 2045 2350 maturitatem
2070 2317 2279 2359 perduxisse;
2303 2336 2305 2338 -

1254 2367 1311 2399 sed
1327 2369 1502 2408 postquam
1522 2366 1711 2407 praesidium
1733 2365 1779 2397 ibi
1801 2365 1980 2398 Alexander
2006 2364 2195 2406 posuisset,
2213 2368 2280 2406 quo
2315 2406 2318 2407 ⁷

1253 2416 1439 2446 arcerentur
1453 2422 1520 2445 non
1537 2413 1643 2445 solum
1658 2413 1714 2454 qui
1740 2412 1911 2454 decerpere
1927 2411 2068 2451 vellent,
2095 2410 2153 2444 sed
2177 2413 2211 2443 et
2225 2411 2282 2452 qui
2307 2420 2313 2453 j

1258 2460 1378 2493 adituri
1394 2460 1492 2492 modo
1515 2462 1624 2493 essent
1651 2460 1776 2499 locum,
1799 2459 1994 2491 exsiccatam
2014 2466 2085 2490 esse
2106 2456 2256 2499 paludem
2273 2481 2284 2499 ,
2310 2464 2320 2503 J-

1252 2517 1294 2540 ex
1309 2516 1411 2548 eoque
1423 2509 1569 2548 tempore
1581 2516 1647 2539 non
1659 2507 1757 2539 modo
1769 2506 1963 2548 praedictum
1979 2505 2120 2537 fructum
2131 2512 2203 2537 eam
2214 2512 2282 2537 non
2297 2500 2320 2534 ’ἦ

1253 2555 1390 2595 amplius
1406 2554 1531 2593 tulisse,
1550 2554 1607 2587 sed
1623 2563 1695 2586 eam
1714 2554 1852 2595 speciem
1872 2552 2015 2594 praebere
2035 2552 2140 2584 istum
2157 2551 2311 2591 locum,
2307 2582 2320 2607 ¹:

1254 2605 1291 2633 ut
1305 2609 1486 2642 numquam
1524 2609 1641 2641 aquarn
1675 2601 1721 2632 ibi
1734 2601 1834 2632 ruisse
1845 2599 1980 2632 diceres.
1994 2598 2104 2632 Simile
2118 2598 2196 2640 quid
2209 2597 2314 2639 (ait)

1253 2649 1350 2680 etiam
1381 2657 1480 2689 prope
1502 2647 1672 2689 AEdipsum
1700 2648 1768 2688 (vel
1791 2646 1984 2688 AEdepsum)
1997 2654 2061 2678 usu
2082 2645 2183 2678 venit.
2202 2603 2320 2693 Νεωξ

1254 2705 1401 2729 seorsum
1417 2695 1457 2727 ab
1473 2696 1543 2729 aliis
1561 2695 1653 2736 aquis
1668 2695 1740 2727 fons
1755 2694 1870 2735 aliquis
1890 2694 2023 2726 emicuit
2039 2692 2126 2725 haud
2139 2691 2252 2734 procul
2265 2694 2320 2725 n*

1255 2743 1355 2782 mari,
1378 2742 1516 2783 gelidam
1533 2750 1649 2782 aquam
1666 2741 1776 2773 edens.
1793 2743 1841 2772 Ex
1866 2748 1905 2772 eo
1925 2740 2013 2771 sonte
2035 2739 2182 2772 bibentes
2208 2704 2320 2825 mgni}

1255 2789 1430 2842 plurimum
1446 2788 1655 2821 levabantur:
1671 2796 1770 2828 quare
1793 2787 1890 2819 etiam
1906 2795 1925 2818 e
1941 2785 2118 2826 longinquo
2133 2785 2196 2817 adv

1255 2835 1346 2876 bant,
1367 2835 1424 2876 qui
1448 2835 1509 2867 ista
1526 2843 1610 2875 aqua
1627 2835 1802 2866 uterentur.
1829 2834 1943 2873 Itaque
1964 2831 2109 2873 proel'ecti
2132 2815 2320 2874 Antigone}

1255 2883 1427 2922 (Gonatae)
1442 2881 1523 2922 regis
1538 2890 1606 2913 rem
1622 2880 1806 2921 diligentius
1819 2879 2042 2910 administrare
2057 2878 2215 2918 volentes,
2231 2871 2320 2923 ροαῑξ

1257 2928 1362 2960 cuniae
1395 2928 1540 2960 nonnihil
1561 2926 1725 2960 solvendae
1754 2926 1978 2967 imposuerunt
2006 2924 2222 2957 bibentibus:
2242 2924 2312 2974 αξ

1257 2984 1359 3016 eoque
1374 2977 1519 3016 tempore
1542 2973 1669 3006 exaruit
1696 2974 1780 3004 fons.
1797 2972 1948 3004 Similiter
1968 2972 2003 3003 in
2021 2971 2164 3010 Troade,
2183 2962 2315 3023 quum}

1258 3022 1357 3054 salem
1375 3023 1582 3062 Tragasaeum
1601 3022 1695 3052 antea
1723 3019 1892 3060 colligendi
1906 3020 2109 3060 potestatem,
2138 3003 2318 3062 quisquis&

1258 3069 1366 3109 vellet,
1385 3068 1569 3108 habuisset3
1595 3070 1767 3108 postquam
1795 3075 1834 3098 eo
1863 3065 1993 3098 nomine
2019 3064 2155 3106 vectigal
2179 3049 2320 3125 οιοςίῢέξ

1259 3117 1491 3158 Lysimachus,
1511 3115 1642 3148 evanuit
1655 3115 1712 3147 sal.
1729 3114 1865 3148 Miratus
1882 3123 1951 3146 rem
1966 3123 2034 3155 rex,
2048 3111 2317 3170 remisittribn-‘jsf'

1259 3166 1356 3197 tum:
1374 3165 1406 3196 et
1420 3165 1550 3196 renatus
1565 3162 1612 3194 sal
1631 3164 1725 3194 est.»

1740 3228 1802 3261 51.

1302 3296 1413 3333 Quum
1425 3294 1521 3335 igitur
1530 3292 1627 3325 vellet
1640 3291 1839 3333 Phylarchus
1849 3290 2002 3331 Antigoni
2017 3291 2049 3323 et
2057 3288 2306 3332 Macedonuma

1261 3351 1321 3375 nec
1335 3351 1401 3374 non
1416 3342 1502 3374 Arati
1519 3343 1550 3373 et
1566 3341 1759 3373 Achaeonum
1775 3338 1999 3375 crudelitatem
2011 3337 2183 3375 declarare,
2199 3334 2307 3381 Man-4

1262 3390 1413 3427 tinenseS,
1427 3388 1483 3428 ait,
1499 3389 1669 3429 postquam
1684 3386 1717 3418 in
1734 3386 1877 3418 hostium
1892 3386 2084 3426 potestatem
2100 3383 2298 3424 venissent„

1263 3436 1421 3469 maximas
1442 3442 1609 3476 perpessos
1631 3442 1702 3466 esse
1727 3441 1914 3473 aewmnas;
1931 3435 1964 3465 et
1989 3432 2154 3464 civitatem
2184 3428 2298 3468 inania

2287 3220 2314 3234 ..τι
