2320 3684
135 220 210 254 280

133 299 260 338 sandri
283 296 481 344 institutis,
496 295 543 332 de
560 293 700 344 quibus
720 292 824 329 hisce
846 291 955 328 libris
973 290 1161 328 disserere

133 357 312 404 debebat,
325 356 442 393 fastus
454 362 490 392 et
501 352 652 390 luxuria
666 351 870 402 plerosque
883 352 1161 400 Spartanorum

134 417 368 454 invaserunt.

539 481 757 496 ›mob—

527 518 680 558 LIBER
708 518 776 557 IV.

634 575 693 613 12.

189 642 402 692 Stephanus
415 653 423 675 :
435 636 621 678 ’Άσπενδος
683 633 898 686 Θεόπομπος
914 634 1063 688 τετάρτῃ
1080 632 1165 673 Ἑλ-

135 702 300 748 ληνικῶν·
323 716 338 731 «
359 694 561 748 Ἀποτυχὼν
582 692 619 732 δὲ
632 695 702 732 τῶν
723 693 944 732 Ἀσπενδίων.
966 711 982 727 »

637 753 695 790 13.

190 817 312 855 Idem:
331 813 523 859 Σελλασία,
544 811 645 855 πόλις
668 810 870 858 Λακωνική·
895 809 1109 861 Θεόπομπος
1130 811 1165 847 ἐν

140 875 297 929 τετάρτῳ
320 874 553 920 Ἑλληνικῶν.
657 930 679 967 4

635 931 648 967 l
686 960 694 969 .

191 994 319 1031 Idem:
333 995 367 1031 T
370 991 530 1046 ρίνησσα,
555 988 658 1033 τόπος
668 988 838 1043 Φρυγίας·
853 987 1067 1038 Θεόπομπος
1078 985 1167 1025 Ἑλ-

139 1054 290 1100 ληνικῶν
313 1050 481 1103 τετάρτῳ.

581 1125 730 1135 —--—-

515 1168 668 1207 LIBER
698 1168 785 1207 VII.

636 1232 695 1269 15.

194 1294 397 1333 Athenaeus
419 1295 483 1340 VI,
512 1304 548 1342 p.
568 1304 659 1338 271,
679 1293 720 1338 F,
740 1303 830 1338 272,
844 1293 895 1328 A:
909 1287 1121 1338 Θεόπομπος
1141 1286 1170 1324 δ’

142 1355 177 1391 ἐν
198 1351 336 1404 ἑὸδόμῳ
355 1351 575 1397 εΕλληνικῶν
595 1348 675 1402 περὶ
701 1350 770 1386 τῶν
788 1346 942 1385 εἱλώτων
971 1346 1095 1397 λέγων,
1119 1344 1171 1383 ὅτι

142 1412 201 1450 καὶ
231 1411 397 1451 Ἑλεᾶται
420 1410 610 1447 καλοῦνται
622 1438 631 1456 ,
653 1407 779 1461 γράφει
797 1405 923 1449 οὕτως·
943 1404 1025 1445 «Τὸ
1046 1403 1082 1442 δὲ
1100 1405 1170 1442 τῶν

146 1469 313 1509 Εἱλώτων
352 1467 445 1511 ἔθνος
475 1466 700 1505 παντάπασιν
720 1466 828 1516 ὠμῶς
847 1464 1018 1503 διάκειται
1034 1462 1094 1501 καὶ
1110 1477 1173 1500 πι-

142 1531 248 1581 κρῶς.
275 1527 359 1566 Εἰσὶ
378 1525 444 1580 γὰρ
462 1520 557 1563 οῧτοι
581 1522 927 1574 καταδεδουλωμένοι
963 1520 1073 1560 πολὺν
1104 1520 1171 1568 ἤδη

143 1586 266 1640 χρόνον
285 1585 352 1624 ὑπὸ
368 1587 436 1623 τῶν
457 1585 713 1637 Σπαρτιατῶν,
733 1585 764 1620 οἳ
786 1580 849 1634 μὲν
877 1583 990 1620 αὐτῶν
1012 1582 1052 1618 ἐκ
1071 1581 1174 1618 Μεσ-

144 1646 253 1693 σήνης
279 1644 393 1693 ὄντες,
425 1645 458 1682 οἱ
489 1641 525 1681 δὲ
553 1643 723 1681 Ἑλεᾶται
748 1644 990 1684 κατοικοῦντες
1008 1638 1173 1693 πρότερον

143 1705 183 1744 τὸ
199 1703 414 1756 καλούμενον
432 1702 541 1746 ἽΞλος
559 1703 622 1748 τῆς
640 1703 866 1748 Λακωνικῆς.

510 1833 663 1927 LIBER
691 1832 800 1871 VIII.

627 1892 649 1927 5
680 1903 713 1927 a.

201 1957 383 2003 Stepnan.
397 1966 406 1989 z
428 1947 606 2003 Ὠρωπός.
674 1947 888 1998 Θεόπομπος
905 1944 939 1992 η’
955 1945 1175 1992 Ἑλληνικῶν

149 2013 216 2064 (sic
240 2011 326 2049 cod.
349 2009 552 2060 Rhediger.
578 2021 648 2058 pro
668 2007 773 2058 vulg.
795 2007 841 2045 Θ.
865 2005 924 2043 καὶ
943 2004 1175 2056 Ἑλλάνικος)-

147 2071 453 2110 «Ἀνακοινοῦνται
469 2069 538 2105 τῶν
553 2065 743 2119 Ὠρωπίων
758 2063 911 2117 Τηλέφῳ
931 2063 990 2102 καὶ
1010 2069 1082 2107 τοῖς
1102 2061 1177 2113 μετ’

147 2128 279 2167 ἐκείνου
316 2125 538 2177 βουλομένοις
584 2123 645 2162 καὶ
676 2123 735 2162 τὸν
778 2121 946 2176 Ὠρωπὸν
1004 2121 1174 2174 ὑπάρχειν

153 2189 286 2231 αὐτοῖς.
311 2204 326 2220 »

201 2247 278 2285 Vix
290 2246 369 2283 haec
393 2258 493 2282 sana.
509 2243 694 2281 Videntur
707 2250 882 2293 spectare
899 2240 946 2278 ad
961 2240 1177 2290 frequentes

148 2307 231 2344 illas
260 2303 553 2343 Atheniensium
582 2315 668 2340 cum
688 2301 829 2339 Boeotis
855 2301 904 2338 de
935 2301 1178 2350 possessione

535 2411 689 2450 LIBER
718 2411 786 2450 IV.

634 2490 691 2522 12.

190 2545 360 2587 Aspendus
429 2543 655 2584 Theopompus
682 2541 766 2573 libro
782 2542 898 2582 quarto
915 2539 1175 2579 Hellenieorum:

152 2606 168 2621 α
182 2593 246 2631 Qui
265 2590 427 2624 aberravit
442 2590 483 2622 ab
499 2588 685 2631 Aspendiis.
701 2601 717 2615 ι)

634 2649 695 2681 13.

192 2703 342 2742 Sellasia,
364 2702 443 2734 urbs
464 2699 635 2734 Laconica.
658 2700 888 2740 Theopompus
911 2698 944 2729 in
968 2699 1084 2740 quarto
1103 2697 1178 2730 Hel-

149 2751 340 2784 lonicorum.

637 2801 698 2834 14.

191 2857 363 2896 Trinessa‚
388 2855 478 2886 loeus
499 2852 659 2894 Phrygiae.
681 2852 911 2893 Theopompus
935 2850 1176 2883 Hellenicorum

152 2904 279 2944 quarto.

563 2968 775 2982 ⁴000-—

525 3011 679 3050 LIBER
715 3009 803 3050 VII.

636 3080 698 3112 15.

195 3138 423 3178 Theopompus
436 3146 513 3170 vero
530 3138 669 3178 septimo
684 3137 767 3168 libro
784 3138 901 3169 Rerum
918 3136 1118 3176 Graecarum,
1138 3137 1179 3173 de

154 3183 323 3215 Helotibus
340 3185 484 3224 loquens,
500 3182 599 3216 fuisse
609 3184 705 3215 etiam
724 3183 888 3216 Heleatas
902 3183 1084 3216 nominatos
1104 3184 1179 3216 scri-

155 3228 223 3267 bit,
238 3229 288 3260 his
308 3229 437 3260 vei-his:
458 3242 473 3256 u
488 3230 640 3261 Helotum
663 3239 739 3262 vero
764 3239 841 3270 gens
858 3239 991 3271 prorsus
1007 3231 1179 3263 crudeliter

154 3277 187 3307 et
208 3275 321 3306 acerbe
342 3277 508 3307 tractatur.
533 3278 615 3307 Sunt
637 3280 744 3308 autem
768 3277 800 3308 hi
821 3286 839 3309 a
857 3277 958 3309 multo
977 3280 1122 3319 tempore
1143 3278 1178 3309 in

156 3322 346 3353 servitutem
368 3322 487 3353 redacti
511 3331 529 3353 a
557 3324 724 3362 Spartiatis
743 3333 750 3354 ε
771 3325 804 3356 et
825 3333 938 3355 eorum
965 3324 1018 3355 alii
1046 3324 1176 3365 quidem

156 3370 305 3408 Messena
315 3370 391 3400 sunt
403 3368 552 3408 oriundi;
573 3369 624 3400 alii
642 3378 718 3401 vero
737 3371 894 3410 Heleates,
909 3371 965 3412 qui
982 3370 1059 3402 olim
1075 3372 1178 3404 Helos

147 3414 243 3457 quod
258 3415 403 3454 vocatur,
421 3415 569 3446 Laconiae
583 3416 750 3456 oppidum,
767 3417 976 3449 incoluerant.
995 3431 1009 3446 n

863 203 1166 244 THEOPOMPI
1194 205 1526 246 FRAGMENTA.

1222 291 1340 343 hujus
1356 292 1464 330 urbis
1478 292 1783 330 contestationes.
1799 290 1874 329 Sed
1892 292 2108 330 accuratius
2133 293 2249 343 quid-

1223 349 1311 388 dam
1335 351 1450 388 statui
1469 351 1615 402 nequit,
1636 363 1756 401 quum
1776 363 1901 400 neque
1925 350 1972 388 de
1992 351 2164 402 Telepho
2183 352 2251 390 illo

1223 408 1378 447 aliunde
1401 418 1564 456 constet,
1581 423 1709 460 neque
1727 422 1775 446 ex
1791 417 1986 460 tempore,
2001 409 2109 460 cujus
2129 409 2251 448 histo-

1226 466 1281 504 ria
1298 467 1370 505 hoc
1387 468 1670 506 Hellenicorum
1695 467 1797 506 libro
1818 467 2003 505 tradenda
2022 476 2116 517 erat,
2136 469 2252 519 quid-

1224 539 1339 575 quam
1354 526 1402 567 de
1417 527 1538 577 Oropi
1558 527 1643 564 fatis
1658 527 1866 564 habeamus
1887 535 2137 577 compertum.
2153 530 2253 565 For—

1225 592 1322 622 tasse
1341 585 1618 637 Theopompus
1643 599 1772 623 rerum
1791 585 1967 623 ordinem
1995 599 2043 623 ex
2061 598 2168 624 more
2184 599 2254 624 suo

1226 644 1421 694 paulisper
1457 645 1676 695 relinquens
1710 645 1748 682 h.
1776 645 1799 682 l.
1837 645 1913 696 egit
1947 644 1993 682 de
2025 644 2254 682 Themisone

1226 701 1347 753 (quod
1382 717 1522 741 nomeu
1557 704 1596 741 in
1635 717 1732 743 voce
1749 702 1903 756 Τηλέφῳ
1924 703 2042 741 latere
2068 704 2255 755 suspicari

1226 761 1328 811 licet)
1347 763 1504 800 Eretriae
1530 770 1706 812 tyranno,
1721 762 1787 813 qui
1820 763 1879 800 Ol.
1915 763 2000 810 103,
2023 763 2059 810 3,
2079 764 2256 813 Oropum

1227 820 1417 870 oppidum
1437 829 1518 858 tum
1540 821 1589 858 ad
1612 821 1903 859 Atheniensium
1926 821 2112 858 ditionem
2134 821 2256 872 perti-

1227 892 1320 916 nens
1337 880 1377 916 in
1394 888 1623 931 potestatem
1639 893 1744 918 suam
1760 880 1926 930 redegit3
1946 878 2012 922 Ὧς
2028 879 2064 917 δὲ
2083 880 2256 927 Ἀθηναῖοι

1227 935 1375 987 ἔμελλον
1395 939 1578 989 πολεμεῖν,
1601 937 1693 982 ἔδοξε
1723 937 1801 984 δίκη
1829 939 1961 988 μᾶλλον
1984 937 2179 991 κρίνεσθαι,
2196 937 2255 976 τὸν

1228 994 1264 1033 δὲ
1292 994 1398 1048 μέχρι
1414 998 1477 1042 τῆς
1505 996 1649 1049 κρίσεως
1679 996 1804 1049 χρόνον
1833 996 1989 1044 Θηὸαῖοι
2007 995 2139 1050 ἔφασαν
2158 996 2256 1035 αὐτοὶ

1228 1053 1394 1097 λαὸόντες
1414 1053 1574 1107 φυλάξειν
1600 1054 1640 1092 τὸ
1665 1054 1793 1108 χωρίον
1807 1070 1814 1079 ·
1846 1057 1893 1099 ὡς
1915 1053 1952 1093 δὲ
1971 1055 2096 1095 ἔλαὸον
2117 1054 2258 1094 οὐδετέ-

1231 1127 1301 1165 ροις
1331 1112 1519 1160 ἀπέδοσαν,
1550 1114 1691 1164 Ulpian
1723 1113 1771 1150 ad
1803 1115 2051 1153 Demosthen.
2085 1117 2152 1152 Or.
2186 1128 2257 1165 pro

1231 1173 1373 1209 Coron.
1392 1185 1430 1222 p.
1457 1173 1527 1210 153
1544 1180 1582 1210 et
1600 1173 1638 1209 in
1657 1172 1816 1209 Midiam
1837 1186 1874 1223 p.
1897 1173 1971 1210 335
1987 1189 1998 1221 ;
2025 1174 2071 1211 cf.
2091 1173 2257 1212 Diodor.

1229 1231 1313 1275 XV,
1335 1230 1397 1276 76,
1418 1229 1550 1281 ibique
1566 1231 1790 1282 Wesseling.
1811 1235 1857 1270 Ο.
1876 1232 2028 1270 Mulier.
2044 1233 2092 1271 de
2105 1233 2258 1283 Minyis,

1230 1299 1268 1336 p.
1286 1292 1307 1330 4
1317 1301 1330 1323 1
1342 1301 1374 1325 1.

1716 1355 1776 1391 16.

1287 1411 1504 1461 Stephanus
1513 1427 1520 1449 :
1530 1410 1729 1462 Ἔμὸατον,
1740 1411 1844 1456 τόπος
1861 1414 1924 1459 τῆς
1938 1411 2156 1466 Ἐρυθραίας.
2168 1413 2258 1454 Θεό·

1233 1483 1374 1519 πομπος
1397 1469 1614 1516 Ἑλληνικῶν
1635 1469 1753 1523 ὀγδόῃ.

1719 1535 1778 1573 17.

1289 1598 1413 1637 Idem:
1432 1599 1588 1637 Κάλπαι·
1615 1598 1714 1644 πόλις
1732 1602 1901 1640 Βιθυνῶν.
1920 1601 2133 1654 Θεόπομπος
2151 1604 2260 1658 ὀγδόῳ

1237 1657 1466 1704 Ἑλληνικῶν.

1722 1725 1780 1762 18.

1291 1781 1396 1820 Idem
1416 1781 1593 1835 τΛαδεψοὶ
1628 1782 1686 1820 καὶ
1733 1784 1904 1838 Τρανιψοὶ
1915 1815 1926 1833 ,
1969 1784 2050 1832 ἔθνη
2084 1787 2239 1825 Βιθυνῶν
2251 1801 2259 1809 ·

1238 1839 1450 1892 Θεόπομπος
1470 1841 1581 1894 ὀγδόῳ
1602 1841 1833 1888 Ἑλληνικῶν.

1290 1973 1415 2011 Idem:
1432 1972 1623 2020 Κυτώνιον,
1636 1971 1735 2016 πόλις
1749 1973 1877 2024 μεταξὺ
1891 1974 2030 2019 Μυσίας
2040 1973 2100 2012 καὶ
2114 1974 2243 2018 Λυδίας
2253 1991 2261 1998 ·

1238 2030 1449 2083 Θεόπομπος
1463 2030 1682 2078 Ἑλληνικῶν
1697 2031 1819 2085 ὀγδόῳ.

1630 2168 1781 2207 LIBER
1808 2169 1874 2206 IX.

1293 2297 1497 2335 Athenaeus
1516 2300 1578 2345 VI,
1597 2310 1635 2347 p.
1650 2237 1799 2344 2532ss
1819 2295 2032 2348 Θεόπομπος
2048 2297 2078 2335 δ’
2096 2299 2132 2336 ἐν
2145 2300 2189 2350 τῇ
2205 2299 2262 2336 ἐν-

1602 2407 1754 2446 LIBER
1783 2407 1891 2446 Vlll.

1701 2473 1746 2505 15
1767 2478 1803 2505 3.

1278 2525 1504 2565 Theopompus
1519 2524 1600 2556 libro
1615 2526 1731 2556 octavo
1759 2524 2012 2557 Hellenicorum:
2031 2537 2048 2552 «
2061 2518 2262 2558 Deliberandl

1236 2580 1352 2603 caussa
1364 2572 1605 2603 communicant
1618 2580 1691 2603 cum
1709 2571 1849 2612 Telepho
1868 2571 1987 2612 Oropio
2000 2572 2033 2603 et
2048 2570 2104 2612 qui
2118 2579 2192 2603 cum
2209 2570 2263 2603 ino

1236 2617 1388 2650 volebant
1400 2620 1544 2659 Oropum
1559 2627 1687 2659 quoque
1703 2619 1783 2660 ipsis
1796 2627 1867 2651 esse
1879 2618 2067 2659 subjectam.
2090 2631 2106 2646 ι»

1720 2674 1735 2705 1
1745 2674 1782 2705 6.

1279 2723 1467 2763 Embatum,
1485 2723 1576 2756 locus
1592 2725 1786 2765 Erythraeae,
1800 2724 1840 2756 de
1855 2733 1920 2765 quo
1934 2723 2162 2765 Theopompus
2180 2724 2262 2757 libro

1237 2772 1353 2804 octavo
1369 2771 1619 2803 Heilenicorum.

1721 2819 1782 2851 17.

1279 2870 1406 2911 calpae,
1427 2870 1504 2901 urbs
1519 2870 1754 2911 Bithynorum,
1774 2870 1815 2902 de
1838 2878 1902 2910 qua
1922 2869 2150 2910 Theopompus
2178 2868 2260 2901 libro

1238 2918 1353 2949 octavo
1369 2917 1618 2949 Hellenicorum.

1279 3016 1430 3057 Ladepsi,
1447 3018 1480 3048 et
1490 3015 1650 3056 Tranipsi,
1666 2965 1781 3056 genltgs·
1793 3015 1963 3056 Bithyniae,
1977 3015 2017 3047 de
2029 3015 2148 3056 quihus
2159 3015 2259 3048 Theo-
2291 3056 2293 3058 Ι

1238 3072 1378 3106 pompus
1394 3063 1477 3095 libro
1493 3066 1607 3095 octavo
1623 3062 1872 3095 Hellenicorum.

1280 3164 1469 3205 cytonium,
1480 3163 1558 3195 urbs
1573 3162 1710 3203 Mysiam
1720 3117 1808 3194 itaer
1823 3163 1856 3195 et
1864 3161 2013 3203 Lydiam,
2029 3162 2071 3195 de
2084 3170 2149 3203 qua
2159 3161 2259 3194 Theo·
2273 3207 2283 3210 ..

1237 3221 1377 3255 pompus
1392 3211 1475 3244 libro
1491 3212 1607 3242 octavo
1620 3209 1871 3241 Heileuicorum.

1620 3306 1773 3345 LIBER
1802 3307 1869 3344 IX.

1279 3419 1505 3458 Theopompus
1520 3425 1598 3449 vero
1609 3441 1618 3457 ,
1638 3365 1820 3449 n0n02li)hro
1836 3418 1955 3448 Rerum
1977 3414 2234 3448 Graecanicarum
2247 3433 2256 3450 ,
