2320 3684
176 162 223 198 64
928 157 1209 204 HELLANICI
1238 165 1571 206 FRAGMENTA.

645 252 731 289 136.

226 324 353 364 Schol.
378 326 490 362 Hom.
516 322 560 359 Il.
585 322 630 368 Υ,
647 321 729 370 ‚146
750 334 758 357 ε
777 319 957 359 Ποσειδῶν
990 319 1050 358 καὶ
1070 319 1198 359 Ἀπόλ-

173 384 257 430 λων,
287 380 544 435 προστάξαντος
569 378 650 422 Διὸς
679 377 899 429 Λαομέδοντι
927 380 1106 430 θητεῦσαι,
1139 377 1198 417 ἐπὶ

175 444 287 494 μισθῷ
305 439 503 492 τεταγμένῳ
525 436 564 477 τὸ
578 443 693 489 τεῖχος
714 436 1025 483 κατασκευάζουσι.
1053 436 1199 489 Λαομέ-

173 501 241 538 δων
261 501 296 538 δὲ
313 496 478 550 παραὸὰς
497 495 576 540 τοὺς
603 495 725 549 ὅρκους
752 495 811 534 καὶ
839 495 900 540 τὰς
930 495 1122 544 συνθήκας,
1147 494 1196 547 μὴ

173 558 250 602 δοὺς
274 557 331 596 τὸν
358 555 494 607 μισθὸν,
521 555 700 603 ἀπήλασεν
723 553 864 598 αὐτούς·
891 554 1137 607 ἀγανακτήσας
1161 553 1198 593 δὲ

172 617 365 664 Ποσειδῶν,
385 613 521 667 ἔπεμψε
547 616 591 666 τῇ
614 612 716 666 χώρᾳ
732 615 837 660 κῆτος
849 644 858 661 ,
883 612 902 651 ὃ
924 612 1001 657 τούς
1020 629 1059 652 τε
1076 610 1197 667 παρα-

171 673 410 725 τυγχάνοντας
423 671 622 726 ἀνθρώπους
637 671 697 710 καὶ
711 670 790 716 τοὺς
802 671 1023 724 γιγνομένους
1042 671 1198 727 καρποὺς

172 732 352 786 διέφθειρε.
377 729 638 784 Μαντευομένῳ
665 730 702 768 δὲ
728 732 777 784 τῷ
796 730 1013 782 Λαομέδοντι
1039 730 1198 784 χρησμὸς

172 790 271 837 ἐδόθη
283 820 294 838 ,
314 789 479 837 Ἡσιόνην
497 788 560 837 τὴν
578 788 751 842 θυγατέρα
771 789 1011 841 Λαομέδοντος
1042 791 1194 841 (Venet.

172 848 291 901 αὐτοῦ)
320 847 426 902 βορὰν
457 849 616 887 ἐκδοῦναι
639 850 789 899 (Venet.
815 849 964 887 ἐκθεῖναι
995 850 1045 901 τῷ
1066 847 1195 900 κήτει),

170 907 230 946 καὶ
262 906 368 951 οὕτως
395 906 708 959 ἀπαλλαγήσεσθαι
736 910 797 946 τοῦ
828 907 952 947 δεινοῦ.
990 906 1139 959 Προθεὶς
1159 906 1196 945 δὲ

171 968 298 1009 ἐκεῖνος
319 964 381 1013 τὴν
416 965 602 1019 θυγατέρα,
632 965 753 1017 μισθὸν
780 964 923 1019 ἐκήρυξε
949 967 1000 1020 τῷ
1024 965 1064 1004 τὸ
1092 969 1196 1013 κῆτος

171 1023 343 1070 ἀνελόντι,
374 1022 453 1066 τοὺς
480 1023 671 1067 ἀθανάτους
695 1021 823 1067 ἵππους
851 1023 988 1071 δώσειν,
1012 1023 1068 1067 οὒς
1096 1020 1197 1077 Τρωὶ·

171 1081 257 1125 Ζεὺς
275 1080 353 1119 ἀντὶ
372 1080 598 1132 Γανυμήδους
615 1080 754 1120 ἔδωκεν.
776 1081 957 1135 Ἡρακλῆς
983 1080 1019 1119 δὲ
1037 1097 1196 1135 παραγε-

170 1138 309 1191 νόμενος
321 1170 333 1191 ‚
353 1139 526 1191 ὑπέσχετο
540 1138 598 1178 τὸν
619 1133 724 1178 ἆθλον
744 1140 993 1193 κατορθώσειν,
1017 1139 1078 1178 καὶ
1095 1140 1195 1186 Ἀθη-

171 1205 231 1244 νᾶς
251 1201 347 1253 αὐτῷ
364 1198 556 1253 πρόὸλημα
577 1198 776 1246 ποιησάσης
791 1198 830 1237 τὸ
843 1198 1058 1250 καλούμενον
1087 1199 1197 1252 ἀμφί-

170 1273 276 1310 χυτον
296 1263 429 1310 τεῖχος,
452 1257 565 1302 εἰσδὺς
576 1257 632 1296 διὰ
644 1262 705 1297 τοῦ
722 1257 895 1309 στόματος
913 1259 959 1300 εἷς
977 1256 1040 1305 τὴν
1060 1257 1194 1296 κοιλίαν

169 1319 231 1355 τοῦ
270 1316 400 1364 κήτους
418 1346 428 1364 ,
464 1318 571 1355 αὐτοῦ
591 1316 653 1360 τὰς
672 1316 823 1368 λαγόνας
847 1316 1045 1370 διέφθειρεν.
1082 1315 1127 1356 Ὁ
1159 1315 1196 1354 δὲ

171 1374 364 1426 Λαομέδων
386 1375 598 1423 ὑπαλλάξας,
621 1374 765 1422 θνητοὺς
779 1375 917 1413 δίδωσιν
952 1374 1090 1418 ἵππους.
1111 1377 1196 1414 Μα-

170 1432 237 1471 θὼν
274 1432 309 1471 δὲ
329 1433 508 1485 Ἡρακλῆς
521 1463 531 1481 ,
551 1433 759 1486 ἐστράτευσε
783 1434 893 1486 (Ven.
915 1433 1194 1486 ἐπεστράτευσε),

169 1492 230 1530 καὶ
252 1489 358 1530 Ἴλιον
380 1491 563 1544 ἐπόρθησε,
581 1491 641 1530 καὶ
658 1490 767 1536 οὕτως
786 1490 892 1530 ἔλαὸε
913 1491 1021 1544 (Ven.
1049 1491 1193 1544 ἤλαυνε)

170 1549 247 1594 τοὺς
269 1549 408 1594 ἵππους.
428 1549 473 1590 ‘H
498 1549 635 1604 ἱστορία
653 1549 750 1604 παρὰ
770 1549 978 1603 Ἑλλανίκῳ.

641 1626 726 1665 137.

222 1690 348 1728 Schol.
372 1693 482 1728 Hom.
504 1691 547 1728 Il.
564 1692 607 1738 Γ,
625 1691 724 1728 250:
746 1691 792 1730 Ἥ
813 1690 930 1744 μήτηρ
948 1694 1009 1729 τοῦ
1027 1690 1195 1744 Πριάμου

232 1748 323 1787 κατὰ
337 1748 546 1788 Ἑλλάνικον
558 1751 715 1788 ἐκαλεῖτο
735 1752 768 1788 Τ
772 1749 882 1804 ρυμώ.
903 1750 1036 1789 Codex
1056 1754 1193 1788 Venet.

168 1807 284 1846 habet
305 1806 468 1860 Στρυμὼ,
490 1817 531 1846 ut
550 1808 810 1859 Apollodorus
835 1811 890 1846 III
905 1838 914 1855 ,
940 1821 1001 1855 12,
1024 1809 1058 1845 3.

643 1885 729 1922 138.

221 1951 348 1986 TzetZ.
369 1948 418 1986 ad
434 1949 627 1999 Lycophr.
645 1950 721 1998 469
733 1962 741 1985 t
755 1947 962 1992 Ἑλλάνικος
980 1949 1122 2002 ἱστορεῖ,
1141 1947 1194 1988 ὅτι

167 2005 236 2059 πρὸ
251 2010 312 2044 τοῦ
329 2005 508 2060 Ἡρακλέα
532 2008 696 2045 εἰσελθεῖν
714 2007 749 2045 ἐν
768 2009 811 2059 τῇ
837 2006 962 2060 Τροίᾳ,
978 2009 996 2045 ὃ
1016 2006 1192 2058 Τελαμὼν

169 2063 272 2118 μέρος
295 2068 356 2103 τοῦ
375 2065 511 2117 τείχους
540 2064 750 2104 καταὸαλὼν
771 2067 919 2112 εἰσῆλθε·
945 2064 1131 2116 σπωμένου
1157 2064 1193 2104 δὲ

634 2222 719 2255 136.

206 2280 376 2319 Neptunus
391 2282 423 2311 et
441 2279 554 2320 Apollo
576 2288 595 2311 a
614 2280 695 2311 Jove
711 2279 831 2312 servire
850 2279 933 2320 jussi
952 2280 1189 2319 Laomedonti,

164 2327 258 2366 pacta
271 2325 417 2357 mercede
433 2334 528 2357 muro
543 2325 675 2366 cingunt
695 2327 897 2366 Pergamum.
921 2326 983 2358 Sed
1005 2326 1191 2358 Laomedon

163 2371 393 2414 Jusjurandum
417 2374 449 2404 et
472 2372 633 2412 promissa
649 2381 715 2404 non
731 2381 928 2405 conservans
940 2381 1045 2414 neque
1061 2373 1190 2405 solvens

166 2417 359 2457 mercedem,
373 2426 413 2450 ex
429 2418 509 2450 urbe
523 2427 578 2450 eos
591 2419 695 2459 ejecit.
713 2419 813 2458 Igitur
828 2420 999 2460 Neptunus
1015 2420 1115 2452 iratus
1127 2419 1191 2452 bel-

165 2465 253 2499 luam
270 2466 362 2497 terrae
380 2465 526 2504 immisit,
545 2474 618 2506 quae
630 2468 662 2497 et
674 2466 820 2498 homines
842 2468 875 2498 et
895 2466 1021 2498 fructus
1042 2467 1098 2507 qui
1121 2470 1190 2498 tum

165 2514 256 2544 erant
274 2520 388 2544 omnes
407 2512 558 2553 perdidit.
577 2515 686 2550 Quum
699 2521 777 2545 vero
792 2513 890 2545 deum
912 2514 1099 2546 Laomedon
1117 2522 1190 2546 con-

165 2559 294 2599 suleret,
309 2559 421 2591 datum
439 2562 489 2592 est
498 2559 682 2591 oraculum:
700 2559 768 2592 fore
785 2562 848 2591 uta
860 2560 945 2592 malo
963 2560 1026 2592 isto
1039 2560 1191 2593 delibera-

165 2609 253 2638 retur
270 2627 281 2642 ,
320 2606 349 2638 si
381 2606 558 2638 Hesionam
586 2615 606 2638 a
635 2608 706 2638 ceto
741 2606 959 2639 devorandam
1004 2611 1188 2648 exponeret.

165 2655 237 2691 Quo
267 2653 352 2685 facto
366 2677 375 2693 ,
405 2653 595 2694 praedicavit
629 2653 681 2685 ille
726 2662 827 2694 equos
856 2653 1071 2694 immortales,
1107 2663 1190 2695 quos

165 2700 240 2732 Troi
256 2700 382 2741 Jupiter
396 2709 456 2741 pro
471 2700 659 2741 Ganymede
674 2700 823 2740 dederat,
840 2700 869 2732 ei
886 2709 920 2732 se
932 2701 1084 2733 daturum
1097 2710 1168 2734 esse
1179 2725 1188 2741 ,

165 2748 222 2788 qui
235 2749 418 2779 monstrum
433 2747 511 2780 illud
525 2746 727 2780 interficeret.
744 2747 898 2779 Hercules
916 2748 972 2788 qui
984 2750 1055 2779 tum
1067 2749 1189 2789 tempo-

166 2795 209 2826 ris
225 2794 336 2827 aderat
347 2818 355 2833 ‚
373 2795 434 2826 hoc
453 2803 488 2827 se
512 2796 674 2827 certamen
695 2794 854 2826 sustinere
875 2794 955 2827 velle
969 2794 1140 2836 promisit,
1157 2799 1190 2828 et

166 2844 337 2882 postquam
362 2841 508 2873 Minerva
539 2840 817 2882 propugnaculum
840 2841 869 2872 ei
894 2840 1011 2874 fecerat
1032 2849 1163 2873 murum
1178 2866 1187 2882 ,

166 2897 262 2928 quem
272 2888 442 2930 ἀμφίχυτον
459 2888 713 2927 (circumfusum)
732 2888 860 2928 vocant,
874 2896 930 2929 per
941 2896 978 2920 os
994 2887 1028 2919 in
1042 2890 1189 2920 ventrem

166 2939 282 2972 belluae
307 2941 428 2973 ferrum
456 2941 599 2974 condens
623 2941 677 2973 ilia
701 2941 771 2982 eJus
796 2941 985 2982 perrumpit.
1002 2941 1188 2973 Laomedon

167 2995 243 3018 vero
263 2988 494 3020 immortalium
507 2988 577 3021 loco
590 2988 740 3021 mortales
764 2997 865 3029 equos
881 2987 982 3020 dedit.
999 2989 1071 3025 Qua
1085 2996 1119 3020 re
1137 2997 1188 3020 co-

167 3033 271 3073 gnita,
297 3035 452 3067 Hercules
473 3035 633 3068 hostiliter
666 3044 835 3076 aggressus
853 3035 982 3076 Trojam
1009 3034 1190 3066 devastavit

167 3082 262 3119 atque
280 3089 380 3121 equos
396 3081 541 3114 abduxit.
559 3082 700 3115 Historia
714 3084 821 3115 exstat
832 3082 918 3124 apud
933 3081 1145 3114 Hellanicum.

635 3147 722 3180 137.

211 3200 382 3241 Zeuxippe‚
401 3204 503 3234 mater
519 3204 648 3243 Priami,
667 3203 846 3236 secundum
868 3203 1070 3236 Hellanicum
1086 3203 1189 3244 appel-

167 3245 292 3278 labatur
307 3249 448 3287 Strymo.

637 3303 723 3336 138.

212 3357 396 3390 Hellanicus
417 3361 545 3391 narrat:
563 3360 693 3391 Telamo
720 3362 804 3392 muri
827 3364 950 3402 partem
975 3370 1187 3404 perrumpens

1257 253 1311 291 ἐπ’
1329 252 1431 292 αὐτὸν
1451 252 1664 308 Ἡρακλέους
1683 253 1722 291 τὸ
1745 251 1836 307 ξίφος
1848 282 1858 301 ,
1875 256 1894 292 ὁ
1912 254 2087 306 Τελαμὼν
2115 270 2281 310 παρατη-

1258 310 1365 364 ρήσας
1373 311 1496 351 τούτου
1509 311 1610 350 ἕνεκα
1621 311 1882 365 δυσχεράναντα
1895 313 1952 351 τὸν
1963 311 2156 366 Ἡρακλέα,
2168 314 2283 360 λίθους

1255 369 1336 422 περὶ
1355 370 1457 409 αὐτὸν
1477 370 1655 423 ἐσώρευεν.
1673 371 1747 408 Τοῦ
1763 369 1800 408 δὲ
1819 370 1987 424 φαμένου,
2005 371 2052 410 Τί
2069 376 2194 422 τοῦτο,
2212 375 2283 413 Τε-

1254 427 1378 479 λαμὼν
1406 427 1471 482 ἔφη
1484 458 1494 476 ,
1515 428 1657 483 ἐγείρειν
1679 428 1798 479 μέλλω
1818 427 1937 480 βωμὸν
1953 428 2168 483 ἹΙρακλέους
2186 430 2283 470 Ἀλε-

1256 484 1409 530 ξικάκου.
1444 486 1516 526 Καὶ
1544 486 1636 525 οὕτω
1676 489 1739 534 τῆς
1768 488 1872 541 ὀργῆς
1903 487 2082 540 Ἡρακλῆς
2113 488 2280 539 παύεται,

1254 543 1314 582 καὶ
1331 544 1435 600 γέρας
1451 546 1545 599 αὐτῷ
1559 544 1622 592 τὴν
1641 544 1821 595 Ἡσιόνην,
1836 544 1900 592 τὴν
1917 545 1976 585 καὶ
1996 546 2202 601 Θεάνειραν,
2215 548 2283 586 δω-

1257 618 1378 657 ρειται.

1725 663 1814 702 139.

1308 727 1442 765 Schol.
1470 730 1584 765 Hom.
1617 728 1660 765 Il.
1686 728 1730 775 E,
1751 729 1799 774 64
1814 743 1822 766 ε
1838 726 2046 772 Ἑλλάνικός
2064 734 2163 783 φησι,
2186 743 2280 782 χρη-

1255 798 1343 835 σμον
1362 784 1502 832 δοθῆναι
1520 790 1591 829 τοῖς
1609 785 1764 839 Τρωσὶν,
1785 785 1979 839 ἀπέχεσθαι
2001 784 2065 838 μὲν
2086 786 2279 833 ναυτιλίας,

1254 842 1406 896 γεωργία
1425 842 1461 881 δὲ
1478 842 1675 896 προσέχειν,
1687 842 1736 895 μὴ
1755 847 1800 897 τῇ
1821 844 1980 897 θαλάσσῃ
1998 843 2174 898 χρώμενοι
2192 846 2281 884 ἄπο-

1252 899 1401 939 λέσωσιν
1418 901 1542 946 αὑτοὺς
1559 902 1619 941 καὶ
1634 901 1696 950 τὴν
1714 902 1827 942 πόλιν.

1729 973 1813 1012 140.

1307 1036 1458 1074 Arrian.
1486 1037 1645 1075 Dissert.
1679 1038 1843 1088 Epictet.
1874 1051 1910 1086 2,
1944 1036 2089 1087 ι9εΤίς
2113 1030 2155 1084 ῆν
2178 1039 2198 1076 ὃ
2219 1041 2280 1077 τοῦ

1253 1092 1426 1147 “Εκτορος
1445 1094 1583 1148 πατήρ;
1607 1094 1778 1149 Πρίαμος.
1804 1095 1906 1140 Τίνες
1932 1096 2075 1149 ἀδελφοί
2083 1112 2094 1145 ;
2115 1094 2280 1142 Ἀλέξαν-

1254 1151 1330 1205 δρος
1349 1152 1408 1190 καὶ
1421 1149 1606 1206 Δηίφοὸος.
1627 1153 1758 1207 Μήτηρ
1774 1154 1803 1192 δ’
1820 1156 1932 1193 αὐτῶν
1947 1154 2015 1202 τίς;
2031 1153 2185 1202 Ἑκάὸη.
2201 1156 2282 1194 Πα-

1256 1209 1403 1264 ρείληφα
1421 1210 1550 1258 ταύτην
1564 1210 1628 1259 τὴν
1642 1212 1796 1265 ἱστορίαν
1813 1212 1912 1266 παρὰ
1930 1214 2042 1262 τίνος;
2062 1213 2147 1267 παρ’
2167 1212 2281 1264 Ὁμή-

1255 1283 1327 1317 ρου.
1349 1269 1482 1323 Γράφει
1508 1270 1544 1308 δὲ
1567 1270 1646 1323 περὶ
1677 1272 1804 1320 αὐτῶν,
1830 1272 1934 1321 δοκῶ,
1958 1271 2018 1310 καὶ
2047 1271 2278 1321 Ἑλλάνικος,

1253 1326 1314 1364 καὶ
1334 1326 1366 1365 εἴ
1382 1343 1433 1371 τις
1453 1327 1558 1372 ἄλλος
1573 1332 1736 1373 τοιοῦτος.

1726 1399 1811 1437 141.

1308 1462 1480 1500 Eustatli.
1502 1462 1551 1501 ad
1571 1463 1710 1514 Odyss.
1736 1465 1783 1509 Π,
1802 1477 1840 1515 p.
1863 1464 1977 1514 1796,
2001 1470 2048 1510 42
2063 1480 2071 1502 :
2085 1463 2279 1519 Ἀριστοτέ-

1253 1521 1315 1567 λης
1341 1522 1376 1558 ἐν
1401 1521 1606 1568 Ἰθακησίων
1633 1522 1791 1577 πολιτεία
1819 1522 1880 1561 καὶ
1910 1521 2117 1567 Ἑλλάνικος
2139 1521 2176 1562 δὲ
2202 1526 2279 1571 Τη-

1253 1577 1409 1630 λέμαχον
1429 1579 1514 1633 φασὶ
1552 1579 1758 1619 Ναυσικάαν
1779 1584 1893 1632 γῆμαι
1916 1580 1980 1628 τὴν
2004 1580 2177 1620 Ἀλκινόου
2191 1611 2202 1629 ,
2218 1581 2277 1621 καὶ

1253 1640 1418 1688 γεννῆσαι
1437 1637 1493 1676 τὸν
1511 1637 1762 1690 Περσέπτολιν.

1728 1709 1812 1747 142.

1306 1773 1434 1810 Schol.
1454 1776 1564 1811 Hom.
1595 1774 1639 1811 Il.
1667 1774 1711 1820 Γ,
1746 1774 1815 1811 151
1834 1788 1842 1810 :
1860 1773 2019 1812 Τιθωνοῦ
2049 1777 2111 1813 τοῦ
2136 1774 2278 1826 Λαομέ-

1252 1831 1388 1879 δοντος,
1404 1830 1571 1884 Πριάμου
1599 1830 1636 1869 δὲ
1662 1832 1831 1885 ἀδελφοῦ,
1861 1832 1997 1884 ἠράσθη
2016 1836 2038 1879 ἡ
2058 1832 2218 1886 Ἥμέρα·
2242 1831 2278 1878 ἐξ

1251 1885 1358 1943 οἷπερ
1377 1890 1540 1938 ἐποίησεν
1558 1890 1630 1929 υἱὸν
1649 1890 1708 1930 τὸν
1727 1891 1907 1942 Μέμνονα.
1921 1893 2059 1946 Μακρῷ
2076 1892 2112 1930 δὲ
2133 1891 2198 1945 βίῳ
2217 1892 2279 1931 δα·-

1251 1948 1464 1996 πανηθέντος
1491 1949 1636 1996 ἐκείνου,
1664 1949 1856 2000 μετέὸαλεν
1883 1950 1984 1989 αὐτὸν
2008 1952 2057 1995 εἷς
2083 1950 2224 2003 τέττιγα
2253 1954 2276 1998 ἡ

1252 2006 1336 2051 θεός.
1358 2006 1476 2054 Διὸδὴ
1498 2009 1603 2047 αὐτοῦ
1623 2007 1702 2051 τοὺς
1722 2014 1897 2061 συγγενεῖς
1925 2008 2182 2063 δημογέροντας
2201 2009 2278 2049 τέτ-

1250 2065 1335 2110 τιξιν
1355 2065 1483 2111 εἰκάζει
1499 2069 1517 2104 ὃ
1536 2066 1694 2114 ποιητής.
1716 2067 1861 2121 Ἱστορεῖ
1880 2066 2096 2112 Ἑλλάνικος.

1250 2215 1325 2247 ante
1337 2215 1508 2248 Herculem
1521 2215 1633 2248 urbem
1649 2215 1810 2256 ingressus
1822 2217 1880 2248 est.
1892 2217 2001 2254 Quum
2012 2224 2090 2248 vero
2105 2216 2277 2250 Herculem

1251 2262 1395 2303 gladium
1413 2262 1447 2294 in
1463 2271 1497 2294 se
1510 2262 1759 2303 destringentem
1779 2262 1819 2295 de
1840 2263 1901 2294 hac
1923 2272 1959 2295 re
1979 2262 2181 2304 indignatum
2205 2272 2277 2297 esse

1251 2309 1477 2350 cognovisset,
1493 2309 1615 2350 lapides
1631 2309 1715 2341 circa
1729 2318 1805 2342 eum
1818 2310 1979 2351 congessit
1993 2312 2026 2342 et
2041 2310 2247 2351 interroganti
2266 2321 2275 2342 :

1255 2356 1348 2394 Quid
1362 2356 1454 2388 hoc?
1475 2357 1640 2398 respondit
1658 2366 1666 2388 ε
1688 2359 1786 2389 Aram
1801 2359 2025 2389 exstructurus
2050 2365 2124 2389 sum
2144 2357 2276 2390 Herculi

1248 2405 1445 2435 Averrunco.
1467 2406 1572 2444 Atque
1591 2403 1636 2435 ita
1654 2404 1808 2436 Hercules
1822 2404 1863 2435 ab
1891 2404 1938 2436 ira
1953 2403 2076 2436 destitit
2093 2405 2126 2437 et
2147 2405 2276 2438 muneri

1249 2449 1339 2482 dedit
1352 2451 1382 2483 ei
1398 2451 1582 2490 Hesionam,
1598 2459 1673 2491 quae
1687 2451 1785 2483 etiam
1801 2451 1960 2483 Theanira
1974 2452 2118 2483 vocatur.

1721 2505 1736 2537 1
1745 2505 1765 2537 3
1771 2505 1806 2538 9.

1290 2550 1475 2582 Hellanicus
1491 2550 1570 2582 dicit
1587 2549 1754 2582 oraculum
1771 2551 1883 2583 datum
1898 2558 1970 2583 esse
1981 2551 2140 2592 Troianis,
2151 2550 2271 2592 jubens

1249 2605 1304 2629 eos
1319 2597 1523 2638 navigatione
1550 2597 1730 2638 abstinere,
1754 2598 1957 2638 agriculturae
1972 2607 2050 2631 vero
2069 2607 2198 2640 operam
2219 2607 2273 2631 na-

1248 2652 1324 2676 vare
1335 2667 1345 2683 ,
1368 2652 1408 2676 ne
1427 2644 1507 2676 mari
1523 2646 1649 2677 utentes
1665 2653 1700 2676 se
1711 2645 1800 2686 ipsos
1819 2647 1916 2685 atque
1934 2644 2049 2678 urbem
2064 2645 2248 2687 perderent.

1293 2743 1374 2780 Quis
1391 2743 1406 2773 s
1405 2742 1451 2774 uit
1468 2743 1615 2775 Hectoris
1630 2746 1741 2784 pater?
1754 2745 1913 2776 Priamus.
1922 2744 1985 2782 Qui
1994 2743 2128 2777 fratres?
2139 2745 2272 2777 Alexan-

1248 2788 1304 2820 der
1317 2791 1348 2820 et
1363 2789 1559 2830 Deiphobus.
1577 2791 1657 2827 Quae
1670 2799 1781 2822 eorum
1796 2793 1898 2823 mater
1907 2793 1921 2822 P
1935 2790 2080 2823 Hecuba.
2095 2791 2271 2824 Historiam

1247 2835 1330 2867 lianc
1344 2836 1469 2877 accepi,
1487 2844 1506 2867 a
1515 2839 1601 2876 quo?
1614 2836 1663 2868 Ab
1674 2838 1824 2869 Homero.
1843 2838 1906 2870 Sed
1920 2839 1953 2870 et
1962 2837 2146 2870 Hellanicus
2155 2838 2270 2879 opinor

1247 2882 1363 2914 iisdem
1376 2882 1416 2914 de
1434 2883 1530 2914 rebus
1546 2883 1669 2923 scribit,
1686 2885 1720 2916 et
1734 2883 1768 2915 id
1783 2893 1885 2924 genus
1901 2885 1966 2917 alii.

1289 2981 1475 3014 Aristoteles
1490 2981 1523 3013 in
1536 2982 1754 3014 Ithacensium
1770 2982 1933 3023 republica
1945 2984 1978 3015 et
1990 2983 2175 3016 Hellanicus
2183 2984 2269 3018 Tele-

1247 3029 1398 3060 machum
1424 3028 1537 3060 dicunt
1560 3037 1695 3060 uxorem
1725 3029 1858 3061 duxisse
1892 3029 2084 3062 Nausicaam
2095 3053 2105 3070 ,
2142 3030 2268 3064 Alcinoi

1246 3074 1356 3114 liliam,
1368 3083 1409 3107 ex
1422 3083 1521 3115 eaque
1533 3074 1681 3115 genuisse
1694 3075 1903 3117 Perseptolin.

1289 3173 1437 3214 Tithoni,
1463 3174 1519 3215 qui
1538 3175 1605 3206 erat
1628 3174 1858 3207 Laomedontis
1886 3175 1971 3207 filius
1982 3199 1991 3214 ‚
2011 3175 2129 3208 Priami
2145 3176 2242 3209 frater
2253 3201 2264 3218 ,
2316 3207 2320 3213 ,

1247 3230 1355 3254 amore
1361 3223 1454 3262 capta
1467 3223 1516 3253 est
1523 3223 1669 3260 Hemera,
1682 3230 1723 3253 ex
1732 3230 1834 3262 eoque
1843 3223 1965 3263 peperit
1970 3225 2142 3255 Memnona
2148 3222 2262 3256 filium.

1247 3268 1453 3300 Debilitatum
1479 3277 1555 3300 vero
1571 3269 1734 3300 senectute
1757 3269 1816 3301 dea
1832 3270 1970 3301 mutavit
2000 3269 2033 3301 in
2053 3269 2208 3309 cicadam,
2231 3271 2265 3303 et

1247 3317 1414 3356 propterea
1439 3315 1600 3356 principes
1623 3315 1693 3355 ejus
1714 3316 1911 3357 propinquos
1937 3325 2011 3348 cum
2036 3316 2156 3349 cicadis
2169 3318 2265 3358 poeta

1247 3364 1419 3403 comparat.
1434 3363 1546 3394 Narrat
1561 3361 1754 3394 Hellanicus.
