2320 3684
116 207 193 244 588

169 289 227 324 Ex
261 285 320 323 his
352 282 522 333 vestigiis
554 277 790 319 Chandlerus
819 274 931 313 finxit
962 289 970 311 :
1005 272 1065 327 ἀφ’
1098 265 1137 310 οῧ

117 344 268 395 Ξάνθ]ος
289 343 323 394 [ὁ
345 339 492 388 ποιητὴς
512 335 729 392 Σαρδι]ανός.
750 339 845 383 Quae
863 342 1005 371 temere
1022 345 1140 370 exco-

117 404 235 455 gitata
253 410 340 439 sunt
358 414 406 438 ex
434 399 572 437 Athen.
597 398 687 443 XII,
717 396 754 442 6,
781 393 849 431 ubi
874 393 955 430 haec
974 405 983 429 ε
1004 393 1139 430 Τοῦτον

118 459 367 513 (Herculem),
401 456 504 509 φησὶν
535 452 803 506 (Megaclides),
830 453 862 489 οἳ
897 449 969 489 νέοι
996 449 1140 496 ποιηταὶ

117 517 433 561 κατασκευάζουσιν
461 516 497 553 ἐν
529 514 660 566 λῃστοῦ
681 511 840 564 σχήματι
863 509 966 562 μόνον
997 524 1141 563 περιπο-

119 578 320 634 ρευόμενον,
340 574 438 619 ξύλον
456 573 583 625 ἔχοντα
602 571 661 610 καὶ
686 572 830 617 λεοντῆν
862 569 922 607 καὶ
945 567 1038 614 τόξα.
1070 568 1142 607 Καὶ

118 639 226 674 ταῦτα
245 633 380 672 πλάσαι
394 634 531 685 πρῶτον
550 630 769 683 Στησίχορον
786 628 844 667 τὸν
859 627 1045 682 Ἱμεραῖον.
1069 626 1142 667 Καὶ

122 693 258 735 Ξάνθος
275 692 304 729 δ’
326 693 344 729 ὁ
360 690 561 741 μελοποιὸς,
582 687 814 744 πρεσὸύτερος
828 688 876 726 ὢν
901 685 1141 740 Στησιχόρου,

118 754 164 796 ὡς
193 750 252 789 καὶ
278 749 380 793 αὐτὸς
407 752 425 789 ὃ
458 747 676 801 Στησίχορος
702 752 922 802 μαρτυρεῖ...
942 747 981 784 οὐ
1012 745 1142 792 ταύτην

119 810 213 862 αὐτῷ
241 807 439 862 περιτίθησι
460 806 523 854 τὴν
551 805 699 855 στολὴν,
724 805 815 844 ἀλλὰ
843 804 906 852 τὴν
927 803 1141 857 Ὁμηρικήν·

119 866 236 905 πολλὰ
255 867 290 906 δὲ
307 869 377 905 τῶν
405 866 546 905 Ξάνθου
562 864 851 920 παραπεποίηκεν
872 867 890 904 ὃ
913 863 1142 915 Στησίχορος.

117 927 330 964 -8011111Ὗ.
351 926 606 964 Philoxenum
623 924 859 975 cytherium,
877 927 1144 973 Baumgarten.

118 985 322 1035 Polyidum
351 986 412 1024 vel
439 986 634 1023 Milesium
661 984 910 1023 Timotheum
941 981 1145 1020 memorari

119 1051 312 1094 putarunt.
334 1044 540 1082 Boeckhius
559 1057 701 1082 nomen
716 1042 952 1094 gentilicium
966 1054 1047 1078 esse
1064 1053 1147 1077 cen-

119 1111 176 1141 set
199 1111 266 1141 aut
289 1101 563 1157 [Σηλ]υὸριανός
592 1111 659 1140 aut
691 1098 1009 1155 Με[σαμ]ὅριανός.
1030 1116 1045 1133 «
1061 1102 1146 1137 No-

119 1174 207 1199 men
226 1170 367 1212 poetae,
385 1162 531 1212 inquit,
556 1160 722 1199 inveniri
738 1174 816 1198 non
839 1166 983 1210 potest,
1009 1170 1147 1207 quam-

120 1233 234 1270 quam
265 1223 311 1259 N.
343 1220 444 1266 2054
465 1221 814 1272 (Inscriptionum)
845 1216 1147 1256 Mesambrianus

119 1279 340 1317 nominatur
356 1282 617 1325 Aalostlzenes,
642 1287 685 1318 ut
699 1278 864 1325 videtur,
875 1275 986 1328 ,quod
1006 1288 1148 1311 nomen

121 1338 255 1376 credas
289 1338 470 1376 usitatum
508 1339 624 1376 fuisse
652 1337 888 1375 musicorum
917 1342 956 1372 et
984 1334 1148 1371 maxime

122 1395 326 1434 tibicinum
352 1397 510 1445 familia,
533 1405 573 1435 et
591 1395 919 1447 dithyrambicum
940 1407 989 1431 ex
1009 1393 1075 1430 tali
1094 1392 1151 1429 fa-

122 1455 228 1496 milia
247 1456 407 1509 prodire
433 1457 627 1508 potuisse,
651 1455 736 1506 quis
762 1455 901 1505 neget?
923 1457 979 1491 Ac
1003 1459 1150 1490 mutato

122 1513 163 1563 Ξ
185 1523 224 1560 111
246 1513 306 1572 Α,
331 1529 550 1573 congruunt
563 1521 711 1571 reliqua
726 1519 813 1557 voci
830 1515 1083 1569 Αὐ]λοσ[θε’νης
1098 1520 1148 1555 ὁ.»

120 1582 328 1632 Inscriptio
351 1582 432 1619 haec
458 1588 514 1618 est
532 1595 540 1617 :
562 1578 689 1630 Ἀγαθῇ
710 1577 813 1630 τύχῃ.
837 1575 1052 1623 Αὐλουξένης
1070 1577 1148 1615 Αὖ-

122 1638 299 1685 λουξένεος
350 1636 592 1690 (Αὖλοσθένης
635 1635 867 1678 Αὐλοσθένεος
905 1635 977 1685 leg.
1021 1642 1151 1673 censet

121 1698 293 1750 Boeckh.)
313 1696 509 1738 Ἀπόλλωνι
535 1694 623 1749 ὑπὲρ
643 1698 704 1742 τ’ῆς
730 1697 854 1733 ἑαυτοῦ
878 1692 1073 1746 σωτηρίας,
1090 1692 1150 1732 καὶ

121 1760 191 1797 τῶν
211 1757 306 1797 ἰδίων
322 1756 490 1809 ἀμπέλων
505 1755 563 1794 ἐπὶ
580 1753 691 1808 ἄκραν
707 1748 971 1808 εὖχαριστῆριον
991 1751 1149 1800 ἀνέθηκε.

445 1838 581 1888 Epoch.
602 1837 666 1887 69.
684 1849 742 1874 vs.
765 1836 829 1873 82.

174 1929 233 1964 De
247 1925 461 1964 Philoxeno
472 1937 508 1962 v.
521 1923 638 1962 Bodei
651 1923 750 1961 Hist.
768 1935 875 1974 poes.
886 1922 958 1972 lyr.
974 1924 1040 1959 Gr.
1058 1928 1149 1958 tom.

124 1989 175 2036 11,
190 1999 230 2037 p.
252 1986 327 2023 316
347 1997 431 2036 sqq.

412 2066 552 2116 Epoch.
574 2078 636 2113 70.
655 2078 711 2103 vs.
729 2064 868 2103 82-83.

173 2154 274 2203 Quid
298 2153 554 2206 supplendum
581 2152 648 2200 sit,
669 2161 801 2190 utrum
828 2153 966 2206 πρῶτον
997 2151 1148 2197 ἐδίδαξεν

119 2227 168 2252 an
183 2213 353 2262 ἐνίκησεν,
370 2213 472 2251 haud
489 2213 619 2263 liquet.
633 2214 809 2250 Ceterum
820 2211 868 2249 de
880 2211 1150 2250 Anaxandride

123 2274 278 2312 Rhodio
306 2274 367 2311 vel
397 2271 639 2323 Colophonio
665 2285 702 2308 v.
731 2271 867 2310 Suidas
891 2285 921 2308 s.
942 2271 979 2309 h.
1001 2284 1053 2314 v.‚
1084 2271 1150 2321 qui

121 2346 209 2370 eum
241 2332 382 2369 vixisse
429 2331 523 2368 dicit
557 2331 708 2381 Olymp.
743 2343 828 2368 101.
869 2330 925 2368 Cf.
978 2331 1148 2368 Meinek.

121 2391 266 2429 Histor.
289 2390 476 2429 Comicor.
504 2403 541 2440 p.
562 2390 634 2436 367
657 2402 740 2440 sqq.

445 2477 582 2526 Epoclz.
597 2490 658 2523 71.
678 2489 733 2513 vs.
758 2475 820 2514 83.

175 2558 496 2610 Supplementum
517 2556 713 2594 incertius.
734 2555 886 2594 Selden.
909 2554 1032 2594 dedit:
1047 2571 1150 2594 κατε-

122 2616 192 2663 κάη
228 2616 265 2654 δὲ
289 2615 370 2655 τότε
398 2615 474 2667 mm
506 2613 660 2669 οὐρανός.
693 2615 853 2653 Palmer.
874 2629 882 2651 :
901 2614 977 2665 11αῇ
1005 2613 1096 2657 δοκὶς
1114 2615 1148 2652 ἐν

121 2675 270 2728 οὐρανῷ.
292 2673 608 2726 Pride311X.:x0t[l
629 2675 663 2711 ἐν
686 2673 821 2726 οὐρανῷ
836 2671 944 2723 μέγας
962 2672 1146 2724 κομήτης..

122 2734 325 2772 Chandler.
341 2749 349 2772 :
371 2733 447 2785 κα[ὶ
469 2734 503 2772 ἓν
525 2734 660 2787 οὐρανῷ
674 2735 696 2780 ἡ
713 2731 850 2783 μεγάλη
869 2731 1024 2782 λαμπάς.
1040 2735 1149 2769 Boec-

121 2793 235 2831 khius
251 2794 291 2831 in
310 2794 387 2831 suis
403 2801 492 2831 ante
511 2793 644 2830 oculos
678 2791 816 2829 habuit
843 2791 968 2828 locum
988 2790 1147 2828 Diodor.

123 2855 209 2899 XV,
230 2853 278 2890 50
299 2852 358 2902 (ad
373 2853 523 2903 Olymp.
547 2864 630 2898 102,
662 2849 721 2902 1);
744 2849 866 2903 ’Ὡφθη
887 2848 950 2900 μὲν
969 2848 1036 2902 γὰρ
1057 2848 1148 2887 κατὰ

125 2909 184 2947 τὸν
213 2910 356 2963 οὐρανὸν
375 2910 431 2948 ἐπὶ
453 2908 584 2952 πολλὰς
603 2907 729 2952 νύκτας
746 2907 890 2959 λαμπὰς
917 2908 1051 2958 μεγάλη
1085 2923 1150 2946 κα-

125 2967 234 3018 ομένη
246 2998 256 3017 ,
274 2968 342 3007 ἀπὸ
360 2972 422 3007 τοῦ
436 2968 617 3020 σχήματος
633 2969 867 3018 ὀνομασθεῖσα
894 2966 1022 3020 πυρίνη
1042 2966 1146 3009 δοκίς.

121 3025 200 3064 Ubi
217 3040 253 3064 v.
275 3028 500 3078 Wesseling.
519 3027 574 3066 Cf.
587 3027 747 3064 Aristot.
769 3029 930 3064 Meteor.
952 3028 983 3074 1,
1004 3026 1040 3063 6.

405 3115 545 3164 Epoclz.
559 3128 619 3162 72.
640 3127 696 3152 vs.
719 3113 856 3153 83-85.

176 3206 329 3244 selden.
352 3208 548 3258 explevit:
567 3207 625 3260 ἀφ’
643 3201 681 3245 οὗ
700 3210 723 3251 ἦ
752 3206 851 3259 μάχη
881 3207 916 3245 ἐν
943 3206 1144 3262 Λεύκτροις.

123 3265 331 3303 Prideaux.
352 3281 360 3303 τ
380 3265 437 3319 ἀφ’
456 3260 494 3303 οῧ
519 3267 552 3304 ἐν
571 3264 759 3318 Λεύκτροις
779 3265 891 3318 μάχη.
917 3270 1050 3317 Pugna
1067 3281 1146 3318 pu·-

120 3331 232 3373 gnata
245 3322 368 3362 estol.
386 3335 470 3372 102,
483 3337 519 3372 2,
529 3324 859 3363 Hecatombaeonis
874 3326 936 3364 die
947 3326 1094 3377 quinto;
1108 3340 1144 3366 v.

120 3382 285 3421 Clinton.

1047 185 1354 227 ΑΝΝοΤΑΤιο
1369 161 1375 167 ’

1251 270 1421 309 Alterius
1436 271 1580 310 lacunae
1594 271 1750 310 initium
1767 272 1858 311 olim
1877 272 2005 311 statim
2021 282 2109 324 post
2122 275 2221 329 Φρα-

1199 329 1372 367 σικλείδου
1392 340 1605 381 posuerunt
1622 346 1632 378 3
1663 332 1825 369 Palmer.
1861 346 2003 371 novam
2034 334 2222 384 epocham

1199 397 1370 427 notatam
1391 398 1529 440 putans
1549 391 1743 441 explevit:
1766 391 1824 443 ἀφ’
1843 384 1882 428 οἷ
1902 389 2121 443 Ἀλέξανδρος
2138 393 2223 431 Μα-

1200 448 1359 487 κεδόνων.
1390 449 1594 487 Prideaux.
1614 466 1622 488 :
1656 449 1716 488 καὶ
1747 448 1951 496 ἐτελεύτησε
1979 449 2224 504 Κλεόμὸροτος

1201 507 1505 561 Λακεδαιμονίων]
1523 507 1710 560 βασιλεὺ[ς,
1727 523 1821 559 quae,
1841 509 1959 546 literiS
1976 509 2014 546 in
2034 522 2224 546 marmore

1202 567 1473 618 superstitibus
1501 568 1689 606 violenter
1715 569 1889 616 mutatis,
1909 568 2036 605 hausit
2063 581 2112 605 ex
2131 569 2226 606 Dio-

1203 627 1286 665 dor.
1306 630 1393 676 XV,
1413 627 1474 665 55.
1492 627 1638 666 Corsin.
1662 630 1704 666 F.
1721 631 1765 666 A.
1788 636 1880 666 tom.
1896 630 1960 674 IV,
1978 641 2014 678 p.
2032 629 2078 665 8:
2095 626 2174 666 καθ’
2186 630 2224 665 ὃν

1204 684 1426 739 Ἀλέξανδρος
1445 688 1463 724 ὃ
1481 685 1649 736 Ἀμύντου
1669 685 1898 725 Μακεδόνων.
1916 686 2117 724 Boeckhius
2131 699 2226 724 vero

1204 752 1292 795 post
1313 743 1574 796 Φρασικλείδου
1602 745 1641 782 111
1667 746 1910 783 Forsteriana
1939 745 2143 782 collatione
2161 745 2226 782 111-

1204 808 1308 845 venit
1328 823 1337 846 ε
1368 799 1598 850 ΚΑΙΟΑΛ
1613 838 1624 860 ,
1649 807 1816 860 ideoque
1845 809 1974 847 dedit:
1993 808 2051 847 καὶ
2073 811 2092 846 ὁ
2118 807 2230 860 Ἀ[λέ-

1205 864 1345 920 ξανδρος
1380 866 1415 905 δὲ
1456 870 1474 906 ὁ
1510 866 1677 920 Ἀμύντου
1711 866 1803 906 κατὰ
1835 871 1956 905 τοῦτον
1998 865 2228 919 Μακεδόνων]

1204 926 1410 966 ἐὸασιλεύει.

1258 988 1399 1023 Noster
1417 986 1536 1036 igitur
1555 985 1815 1023 Alexandrum
1844 988 1882 1023 II
1903 999 1981 1022 uno
2003 998 2103 1023 anno
2122 985 2230 1036 prio-

1206 1056 1286 1080 rem
1305 1044 1396 1082 facit
1411 1057 1526 1094 quam
1542 1044 1703 1082 Diodor.
1716 1047 1800 1091 XV,
1813 1045 1876 1092 60,
1889 1044 2098 1082 secundum
2116 1056 2230 1095 quem

1206 1102 1370 1152 imperio
1393 1103 1543 1153 potitur
1561 1102 1713 1153 Olymp.
1748 1115 1833 1149 102,
1863 1104 1900 1140 3.
1925 1102 2106 1153 Ejusdem
2128 1115 2232 1140 mors

1207 1169 1443 1198 memoratur
1459 1161 1593 1212 epoch.
1615 1167 1662 1207 74
1682 1161 1851 1211 (Olymp.
1868 1162 1956 1209 103,
1975 1161 2022 1211 1).
2036 1161 2232 1199 Diodorus

1207 1220 1364 1270 quidem
1385 1233 1471 1257 eum
1491 1233 1561 1270 per
1582 1232 1701 1256 unum
1720 1227 1869 1256 tantum
1889 1232 2031 1256 annum
2054 1232 2233 1269 regnasse

1209 1278 1302 1316 dicit
1314 1308 1323 1324 ,
1338 1279 1404 1316 sed
1421 1278 1574 1329 longius
1592 1278 1627 1315 ei
1653 1286 1803 1329 tempus
1821 1276 2068 1315 tribuendum
2083 1291 2164 1316 esse
2184 1291 2234 1316 ex

1209 1337 1327 1387 ipsius
1350 1337 1513 1375 Diodori
1536 1344 1574 1374 et
1603 1349 1650 1374 ex
1678 1336 1821 1375 Justini
1837 1337 1937 1387 (VII,
1959 1336 1996 1386 5)
2015 1337 2234 1376 narratione

1210 1404 1313 1434 recte
1331 1395 1528 1434 concludit
1547 1395 1699 1434 Clinton
1715 1409 1753 1446 p.
1772 1400 1862 1439 241.

1528 1493 1669 1542 Epock.
1689 1493 1751 1539 73.
1768 1504 1827 1528 vs.
1851 1491 1914 1529 85.

1264 1577 1444 1629 Explevit
1465 1577 1627 1616 palmer.
1641 1607 1651 1626 ,
1672 1577 1746 1615 nisi
1761 1575 1866 1627 quod
1883 1576 1919 1614 ἐν
1940 1574 2105 1630 Ἀρκαδίᾳ
2123 1575 2234 1614 add1-

1211 1637 1267 1674 dit
1288 1638 1492 1675 Prideaux.
1512 1637 1719 1675 Archontis
1739 1649 1878 1674 nomen
1904 1636 1987 1673 aliis
2014 1644 2072 1674 est
2096 1636 2236 1686 Dysci-

1211 1705 1322 1734 netns
1341 1695 1516 1748 (Diodor.
1538 1697 1617 1744 XV,
1639 1695 1701 1743 57,
1721 1699 1885 1733 Pausan.
1903 1697 1968 1740 IV,
1990 1707 2053 1742 27,
2082 1694 2133 1745 5),
2154 1694 2236 1732 aliis

1210 1756 1441 1805 Dysnicetus
1459 1754 1671 1806 (Demosth.
1689 1754 1822 1804 Steph.
1841 1756 1900 1800 II,
1929 1766 1965 1803 p.
1999 1753 2128 1805 1132).
2151 1757 2235 1792 Me-

1211 1815 1398 1866 galopolis
1415 1828 1460 1852 ex
1476 1814 1638 1852 Diodor.
1657 1814 1745 1861 XV,
1762 1825 1809 1860 72
1838 1811 1989 1850 condita
2007 1820 2064 1849 est
2077 1812 2236 1863 Olymp.

1217 1875 1302 1922 103,
1332 1887 1364 1911 1.
1381 1873 1456 1911 Sed
1478 1873 1618 1910 rectius
1647 1876 1807 1910 Pausan.
1825 1873 1931 1919 VIII,
1961 1884 2025 1918 27,
2044 1871 2067 1908 6
2084 1885 2093 1907 :
2112 1871 2233 1923 Συνῳ-

1211 1931 1313 1979 κίσθη
1334 1935 1357 1979 ἡ
1381 1930 1530 1983 Μεγάλη
1548 1929 1649 1974 πόλις
1668 1932 1815 1982 ἐνιαυτῷ
1836 1928 1872 1967 δὲ
1890 1931 1941 1982 τῷ
1959 1930 2054 1982 αὐτῷ
2070 1930 2131 1967 καὶ
2148 1927 2238 1980 μησὶ

1211 1990 1248 2028 δὲ
1269 1989 1396 2041 ὀλίγοις
1413 1988 1555 2043 ὕστερον
1571 1988 1594 2036 ἢ
1620 1988 1659 2028 τὸ
1680 1994 1843 2040 πταῖσμα
1859 1987 1995 2040 ἐγένετο
2013 1989 2238 2040 Λακεδαιμο-

1211 2049 1292 2088 νίων
1311 2048 1351 2087 τὸ
1365 2050 1399 2087 ε’ν
1424 2047 1613 2102 Λεύκτροις
1628 2048 1800 2099 (Olymp.
1824 2060 1910 2096 102,
1932 2046 1985 2100 2).

1491 2136 1630 2185 Epoc-la.
1655 2141 1717 2183 74.
1733 2148 1790 2173 vs.
1815 2135 1956 2182 86-87,

1263 2223 1379 2261 Palm.
1412 2219 1683 2275 Ἀλε[ξά]ν[δρου
1715 2219 1986 2267 τελευτήσαντος
2015 2221 2238 2271 Πτολεμαῖος

1213 2279 1416 2332 βα]σιλεύει.
1434 2280 1549 2328 Quod
1566 2294 1645 2316 non
1671 2278 1813 2317 sufficit
1833 2279 1880 2316 ad
1896 2279 2130 2330 explendum
2146 2293 2237 2331 spa-

1213 2341 1307 2378 tium
1336 2341 1493 2377 lacunae.
1529 2338 1754 2377 Dodwellus
1790 2339 1901 2388 (Ann.
1934 2338 2169 2389 Xenophon.
2197 2352 2235 2390 p.

1213 2398 1304 2450 278)
1322 2413 1330 2436 :
1351 2397 1576 2451 Ἀλεξάνδρου
1595 2395 1922 2450 δολονοφονηθέντος
1943 2397 2053 2435 Πτολ.
2071 2398 2141 2434 τῶν
2155 2397 2237 2434 Μα-

1210 2456 1359 2496 κεδόνων
1382 2455 1570 2510 βασιλεύει.

1262 2516 1472 2567 Dionysius
1498 2514 1706 2553 secundum
1737 2517 1868 2552 Marm.
1889 2516 1974 2551 Par.
1997 2512 2061 2564 (cf.
2082 2526 2143 2564 ep.
2170 2513 2236 2564 62)

1211 2584 1343 2626 regnat
1363 2575 1472 2612 annis
1499 2580 1562 2621 4ο,
1592 2572 1683 2610 inde
1699 2572 1748 2610 ab
1769 2573 1923 2622 Olymp.
1949 2573 2013 2622 93,
2038 2585 2080 2622 13
2102 2584 2236 2610 revera

1211 2642 1337 2671 autem
1354 2632 1508 2670 nonnisi
1521 2631 1629 2669 annis
1643 2631 1705 2679 38,
1721 2630 1808 2669 inde
1821 2629 1869 2668 ab
1884 2631 2039 2681 Olymp.
2052 2631 2117 2678 93,
2138 2631 2179 2667 3:
2198 2643 2234 2668 v.

1210 2693 1367 2731 Diodor.
1380 2695 1467 2740 XV,
1481 2697 1544 2738 74,
1560 2691 1635 2728 Cic.
1646 2690 1798 2727 Tuscul.
1809 2692 1854 2737 V,
1867 2702 1930 2734 20,
1943 2691 2029 2726 Nat.
2041 2691 2156 2726 Deor.
2165 2691 2236 2738 111,

1211 2751 1274 2798 53,
1291 2750 1437 2788 Hellad.
1453 2750 1663 2788 Chrestom.
1682 2761 1743 2798 ap.
1761 2748 1870 2786 Phot.
1887 2747 1972 2785 cod.
1987 2760 2076 2796 279,
2091 2747 2232 2785 Euseb.

1210 2812 1300 2848 Can.
1314 2813 1381 2847 Gr.
1402 2822 1440 2860 p.
1460 2814 1531 2855 174
1550 2806 1630 2858 (uhi
1648 2822 1682 2853 ιη
1697 2820 1771 2857 pro
1784 2807 1829 2853 λη
1844 2805 2093 2844 librariorum
2107 2805 2233 2859 vitio).

1487 2890 1624 2939 Epoclz.
1643 2887 1690 2934 75
1703 2917 1711 2925 .
1731 2900 1786 2925 vs.
1806 2887 1946 2932 87-88.

1262 2966 1468 3008 Κατέλαὸον
1477 2978 1563 3003 cum
1576 2962 1869 3013 Baumgartenio
1877 2963 2052 3013 supplevi
2059 2970 2071 3000 t
2079 2964 2233 3002 Boeckh.

1208 3028 1365 3066 Palmer.
1385 3034 1423 3063 et
1433 3024 1584 3074 Lydiat.
1601 3022 1784 3060 dederant
1797 3020 1985 3058 ἐσύλευσαν
1997 3034 2027 3059 s.
2045 3021 2231 3069 ἐσύλησαν.

1208 3091 1351 3125 Freret.
1374 3084 1506 3137 (Mem.
1532 3085 1578 3119 de
1592 3082 1740 3118 l'Acad.
1762 3082 1910 3126 XXVI,
1928 3093 1966 3130 p.
1992 3080 2104 3130 197),
2123 3081 2232 3131 cujus

1209 3152 1317 3183 aetate
1336 3157 1413 3181 vox
1435 3140 1508 3195 ἱρὸν
1529 3140 1700 3178 nondum
1717 3151 1738 3175 e
1758 3141 1954 3175 Marmore
1970 3146 2126 3176 enotata
2138 3147 2232 3186 erat,

1207 3217 1332 3254 neque
1350 3202 1398 3240 de
1415 3199 1670 3251 occupatione
1690 3196 1822 3246 templi
1843 3196 1994 3246 putavit
2025 3209 2150 3246 neque
2181 3196 2229 3234 de

1207 3263 1434 3317 spoliatione
1449 3271 1664 3299 sermonem
1683 3257 1812 3302 fuisse,
1831 3255 1897 3292 sed
1919 3255 1967 3292 de
1984 3255 2141 3293 Cirrhaei
2159 3254 2228 3293 soli

1207 3322 1474 3374 occupatione,
1505 3331 1591 3369 quae
1613 3328 1747 3354 caussa
1773 3313 1843 3351 fuit
1865 3312 1971 3352 belli.
1996 3315 2050 3351 Ut
2070 3313 2124 3351 ita
2149 3322 2225 3351 sta-

1208 3391 1330 3423 tueret
1345 3383 1535 3426 Freretus‚
1551 3374 1673 3415 movit
1686 3386 1772 3412 eum
1792 3370 1896 3422 quod
1911 3385 1970 3410 res
1984 3371 2022 3410 in
2035 3374 2229 3410 Marmore
