2294 3704
124 182 177 210 n.
947 167 1014 205 DE
1045 166 1402 206 APOLLODORO.

124 257 402 296 admonitlones
432 266 470 295 et
491 258 669 295 transitus
693 254 874 306 permulti
900 253 1080 304 leguntur
1104 253 1143 290 in

127 315 225 353 libro
240 316 364 367 primo
379 324 416 353 et
429 316 551 367 prima
566 323 673 366 parte
689 313 776 350 libri
790 313 995 362 postremi;
1009 324 1144 349 verum

124 387 256 412 versus
267 375 378 412 finem
393 388 438 412 eo
454 374 570 424 magis
585 372 863 417 desiderantur,
883 383 999 420 quum
1016 383 1144 407 rerum

124 433 325 471 adornatio
359 434 420 470 hic
453 431 684 482 implicatior
724 430 772 467 sit
821 438 859 466 et
891 429 1143 467 artificiosior.

124 494 221 529 Nam
243 505 263 528 a
284 491 428 541 Pelasgi
445 491 563 540 stirpe
578 489 660 526 sine
676 488 753 525 ullo
772 488 932 525 transitu
947 488 1147 538 progredi-

125 557 188 585 tur
206 549 254 586 ad
281 548 501 599 progeniem
521 547 707 593 Atlantis,
733 546 824 583 hinc
840 546 887 583 ad
908 546 1016 583 AEaci
1030 546 1144 583 fami-

123 607 235 656 liam,
269 606 358 643 inde
391 605 437 642 ad
460 605 614 654 mythos
645 605 817 652 Atticos,
843 605 897 642 ita
927 613 968 646 ut
990 605 1145 643 nonnisi

123 663 341 714 conjectura
379 663 544 700 auctoris
582 663 784 701 consilium
820 664 970 714 assequi
1010 664 1144 714 possis.

123 723 260 773 Arguit
274 723 353 759 haec
371 722 608 759 tractationis
622 722 904 773 inaequabilitas
918 724 1145 774 scriptorem

122 781 323 827 defessum,
340 793 423 830 quae
441 780 487 817 ad
508 794 568 818 res
583 781 708 819 minus
723 790 896 833 spectare
918 781 1147 820 videbantur

122 839 378 885 omittentem,
396 839 502 876 omni
522 840 640 877 modo
660 849 934 892 properantem
955 841 1003 878 ad
1020 841 1145 878 finem.

122 897 307 943 Quamvis
329 897 446 947 igitur
474 899 702 949 Apollodori
723 899 866 938 librum
894 900 934 937 in
952 900 1146 938 nonnullis

121 955 384 1004 decurtatum,
411 957 702 1008 orationemque
722 971 740 995 a
766 957 931 996 librariis
957 958 1148 1009 deprava-

124 1022 200 1051 tam
227 1022 390 1052 statuam
403 1042 413 1061 ,
438 1028 485 1053 ex
511 1016 571 1054 his
591 1025 715 1054 tamen
731 1016 910 1054 omnibus
929 1031 1005 1054 non
1022 1026 1148 1068 potest

121 1082 391 1124 argumentum
405 1075 506 1125 peti,
527 1084 569 1113 ut
589 1089 611 1113 a
624 1076 734 1113 valde
751 1077 908 1127 copioso
922 1077 1147 1127 Apollodori

122 1145 242 1182 opere
261 1131 375 1170 nobis
389 1134 542 1172 nonnisi
567 1135 723 1172 serioris
743 1135 908 1172 hominis
922 1143 1147 1187 excerptum

120 1205 320 1242 superesse
337 1192 548 1231 credamus.
578 1198 665 1233 Non
688 1208 785 1246 nego
806 1195 1005 1246 equidem,
1030 1196 1147 1233 immo

121 1255 330 1294 admodum
349 1256 550 1307 probabile
570 1259 664 1296 mihi
679 1259 844 1306 videtur,
865 1261 1147 1310 Apollodorum

120 1313 244 1365 majus
272 1327 371 1365 opus
397 1316 700 1367 mytliologicum
721 1319 1008 1369 composuisse,
1035 1320 1149 1357 modo

122 1387 171 1412 ne
191 1374 283 1411 velis
303 1387 466 1424 parvum
488 1383 661 1413 nostrum
681 1375 871 1424 libellum,
896 1378 997 1416 illius
1020 1379 1148 1430 epito-

121 1446 223 1480 men,
242 1433 484 1483 Apollodoro
504 1433 737 1485 abjudicare.

175 1493 309 1542 Neque
329 1494 448 1543 magis
469 1494 645 1532 Claviero
661 1495 835 1533 assentiri
855 1509 1011 1547 possum
1031 1497 1071 1535 in
1089 1511 1148 1543 e0,

122 1551 243 1603 quod,
264 1565 382 1602 quum
417 1553 517 1603 apud
552 1554 833 1603 Apollodorum
869 1557 997 1593 multae
1035 1571 1149 1595 voces

121 1613 284 1662 poeticae
304 1612 550 1662 reperiantur
564 1611 641 1664 (3),
665 1627 748 1658 eas,
775 1621 967 1665 tamquam
1001 1615 1150 1666 disjecti

121 1668 294 1707 membra
314 1678 455 1720 poetae,
485 1670 540 1707 ita
559 1671 743 1722 explicari
761 1672 864 1720 vult,
886 1682 930 1710 ut
955 1682 1091 1711 auctor
1112 1675 1150 1712 in

121 1729 291 1779 genuino
312 1741 429 1779 opere
455 1729 592 1766 eodem
620 1730 698 1767 fere
716 1730 831 1767 modo
845 1744 923 1780 quo
945 1732 1150 1770 Athenaeus

123 1796 160 1825 et
176 1787 395 1836 Stephanus
415 1788 648 1836 Byzantinus
675 1789 780 1838 ipsos
816 1798 1016 1839 poetarum
1043 1791 1150 1829 locos

121 1845 389 1895 adscripserit,
417 1859 513 1895 quos
534 1846 672 1883 deinde
697 1847 931 1897 epitomator
960 1849 999 1886 in
1028 1850 1149 1899 pede-

122 1912 238 1941 strem
256 1916 471 1940 sermonem
486 1904 735 1952 dissolvisset,
747 1906 813 1943 sed
830 1920 907 1944 non
921 1908 1012 1945 satis
1024 1908 1149 1956 docte,

126 1971 170 1999 ut
185 1975 262 1998 non
280 1961 422 2012 ubique
442 1963 604 2013 poeticae
629 1964 813 2002 orationis
835 1966 1002 2003 colorem
1028 1980 1150 2018 agno-

122 2034 228 2059 scere
258 2034 408 2071 posses,
442 2022 555 2059 sicuti
587 2022 626 2059 in
660 2023 829 2061 historiis
860 2025 908 2062 de
939 2026 1148 2077 Melampo,

122 2078 308 2126 Admeto,
333 2079 483 2127 Minoe,
509 2080 605 2118 aliis.
638 2082 698 2119 Ad
722 2095 854 2120 verum
883 2085 1045 2134 propius
1067 2084 1148 2134 jam

122 2137 272 2175 accedit
285 2139 475 2175 Sommeri
498 2139 654 2189 (praefat.
672 2141 720 2178 ad
735 2141 824 2179 edit.
839 2142 981 2193 Apoll.)
999 2152 1150 2181 senten-

123 2196 188 2242 tia,
211 2210 260 2233 ex
279 2209 355 2246 qua
376 2197 561 2235 orationis
578 2198 780 2238 diversitas
803 2201 944 2251 pendet
958 2215 1003 2239 ex
1025 2202 1150 2240 diver-

122 2254 174 2292 sis
196 2254 336 2305 quibus
359 2264 494 2293 auctor
514 2270 604 2295 usus
625 2267 681 2295 est
702 2259 872 2297 fontibus
889 2261 1006 2298 modo
1023 2262 1149 2311 poeti-

122 2314 187 2360 cis,
202 2313 317 2351 modo
331 2315 535 2364 prosariis;
550 2316 690 2366 quibus
704 2318 822 2355 addas
836 2318 1026 2357 diversam
1042 2329 1150 2358 natu—

121 2386 202 2410 ram
221 2374 468 2420 narrationis,
488 2389 572 2425 quae
592 2377 709 2414 modo
730 2378 825 2414 nihil
838 2379 910 2416 nisi
930 2380 1148 2431 genealogi-

122 2443 231 2470 arum
248 2432 423 2470 ordinem
439 2434 619 2481 exhibet,
645 2436 760 2473 modo
776 2437 943 2487 singulas
963 2439 1147 2488 quasdam

121 2490 300 2528 historias
326 2491 483 2542 copiose
508 2502 546 2530 et
575 2493 779 2545 diligenter
806 2497 980 2546 exponit.
1014 2500 1148 2548 Itaque

120 2550 394 2600 Apollodorus,
407 2560 450 2588 ut
468 2554 654 2590 Sommer.
672 2563 800 2591 monet
813 2585 822 2602 ‚
838 2569 907 2592 suo
925 2557 991 2606 qui
1008 2556 1148 2595 dicitur

122 2608 221 2657 stylo
256 2622 348 2646 usus
376 2618 474 2647 esset
502 2611 620 2648 nullo.
640 2612 754 2658 Quod
784 2626 878 2650 vero
895 2615 1006 2652 utiin
1023 2628 1148 2665 prosae

121 2667 332 2717 scriptore,
354 2680 480 2717 neque
510 2667 673 2718 ignobili
704 2671 789 2717 illo,
820 2684 919 2722 aegre
949 2673 1148 2712 ferendum

122 2724 245 2762 videri
257 2724 408 2772 debeat,
429 2726 484 2763 sic
498 2726 573 2764 alia
586 2728 717 2766 relicta
738 2728 852 2767 nobis
865 2739 920 2767 est
931 2732 1005 2778 via,
1021 2746 1098 2783 qua
1112 2742 1150 2771 et

124 2785 203 2821 haec
224 2785 404 2824 dictionis
417 2786 617 2826 diversitas
628 2790 801 2827 excusari
811 2792 950 2841 possit,
968 2801 1005 2830 et
1016 2793 1098 2843 ejus
1109 2795 1148 2831 in

122 2845 263 2882 nostris
287 2847 470 2897 exemplis
494 2848 678 2899 jejunitas
706 2858 744 2887 et
763 2864 840 2901 qua
865 2853 1058 2890 interdum
1090 2853 1146 2891 la—

123 2901 237 2939 borat
256 2902 479 2943 obscuritas.
501 2908 651 2945 Etenim
670 2909 848 2959 Epitome
872 2910 1041 2949 historiae
1061 2925 1146 2962 my-

126 2960 239 2998 thicae
254 2960 302 2997 ab
322 2965 561 3012 Apollodoro
578 2967 714 3004 eodem
732 2969 848 3006 modo
863 2983 942 3019 quo
960 2970 1148 3008 Chronica

124 3018 296 3056 versibus
323 3020 498 3060 iambicis
526 3027 744 3077 conscripta
772 3041 853 3065 esse
882 3029 1027 3079 potuit,
1052 3043 1148 3080 quos

125 3077 287 3114 seriores
304 3078 343 3114 in
373 3092 524 3129 prosam
549 3083 804 3124 dissolverint.
827 3089 936 3125 Hanc
959 3089 1148 3126 rationem

125 3136 155 3173 si
175 3136 365 3184 ineamus,
385 3151 462 3174 non
483 3139 642 3178 offendit
670 3145 900 3193 Apollodori
935 3148 1149 3185 orationem

167 3235 213 3275 (3)
236 3237 276 3267 V.
299 3244 328 3267 c.
353 3236 475 3277 βάσεις,
496 3239 621 3278 pedes;
648 3242 749 3282 ὄψεις,
775 3246 879 3285 oculi,
908 3248 939 3285 1,
973 3250 1004 3287 9,
1029 3251 1080 3286 21,
1112 3251 1149 3283 1,·

127 3281 234 3324 λάὸρον
256 3286 316 3325 πῦρ
345 3286 376 3322 l,
401 3288 431 3323 9,
451 3288 512 3325 283
536 3287 644 3329 λάὸρον
661 3294 798 3329 χειμῶνα
817 3294 847 3330 Ι,
863 3297 893 3331 9,
916 3296 974 3333 24;
993 3296 1048 3332 τήν
1067 3295 1148 3326 ἐναν-

126 3330 192 3360 τίαν
215 3333 333 3370 μοῦσαν
360 3333 506 3372 μελῳδῶν
530 3335 561 3372 Ι,
590 3338 619 3369 9,
643 3340 694 3375 25,
723 3340 754 3373 13
771 3338 898 3370 ὤλισθεν
921 3341 962 3376 εἰς
981 3341 1033 3372 τὸν
1058 3343 1149 3382 βυθόν

126 3380 162 3416 1,
177 3379 207 3415 9,
230 3379 256 3417 1,
273 3379 310 3417 43
329 3381 421 3420 μυχοὶ
444 3382 498 3411 τοῦ
520 3380 633 3412 πόντου
650 3384 682 3421 Ι,
699 3384 728 3422 9,
752 3386 797 3423 10,
819 3388 865 3416 12.

1206 267 1277 304 pro
1300 267 1341 291 re
1365 253 1481 291 modo
1509 254 1704 305 poeticum
1728 264 1905 294 ornatum
1933 264 1971 293 et
1987 256 2225 296 altitudinem

1205 312 1365 362 spirare,
1384 312 1498 350 modo
1523 313 1571 350 ad
1601 314 1798 366 vulgarem
1833 327 2047 352 sermonem
2071 315 2229 354 descen-

1206 370 1296 408 dere
1311 400 1320 417 ,
1364 384 1434 408 nec
1477 371 1687 423 quidquam
1729 373 1910 424 impedit,
1946 374 2039 424 quin
2085 374 2229 425 ubique

1206 429 1326 479 magis
1354 438 1507 480 compta
1537 430 1653 468 fuerit
1680 444 1794 482 quam
1820 433 1860 470 in
1888 441 2023 470 nostro
2051 433 2229 484 prosario

1205 496 1406 534 contextu,
1432 501 1557 539 neque
1583 490 1777 540 cogimur,
1793 499 1834 528 ut
1858 499 2128 542 excerptorem
2150 501 2231 531 sta-

1206 554 1377 595 tuamus,
1393 547 1461 585 sed
1478 548 1631 586 nonnisi
1646 549 1862 596 hominem,
1879 550 1944 600 qui
1963 551 2135 601 poeticos
2152 565 2229 589 nu-

1206 619 1331 643 meros
1344 605 1552 644 dissolvens
1565 607 1730 646 hiulcam
1743 616 1780 645 et
1795 608 2061 658 inaequabilem
2076 622 2230 660 prosam

1206 663 1346 710 effecit,
1371 677 1470 715 saepe
1490 664 1774 713 obscuriorem,
1790 679 1923 704 versus
1939 667 2050 705 linem
2065 667 2231 718 denique

1205 722 1414 760 admodum
1437 723 1704 774 negligentem.
1717 728 1769 762 Ac
1784 725 1956 775 profecto
1979 740 2058 764 non
2073 726 2231 765 difficile

1206 788 1264 818 est
1287 781 1326 818 in
1349 781 1478 819 multis
1501 782 1594 819 locis
1620 782 1820 822 liberiores
1841 797 2023 824 numeros
2046 786 2232 826 iambicos

1206 854 1411 892 agnoscere
1427 850 1464 879 et
1477 842 1675 892 refingere.

1261 899 1335 937 Sed
1355 908 1561 950 antequam
1586 909 1712 938 cetera
1732 901 1910 949 afferam,
1927 916 2012 953 quae
2029 903 2128 942 hanc
2146 917 2233 943 sen-

1209 958 1362 995 tentiam
1380 959 1664 1007 commendent,
1676 959 1874 998 videamus
1889 961 2087 1012 cujusnam
2102 963 2234 1014 operis

1206 1016 1404 1067 epitomen
1434 1030 1516 1055 esse
1549 1017 1826 1056 Bibliothecam
1852 1019 1927 1057 viri
1957 1020 2061 1058 docti
2085 1021 2234 1072 opinati

1207 1075 1294 1112 sint.
1315 1076 1450 1126 AEgius
1468 1077 1623 1127 quidem
1642 1090 1726 1115 eam
1743 1078 1894 1128 putavit
1909 1080 2075 1117 eundem
2090 1079 2233 1118 librum

1207 1147 1289 1172 esse
1307 1148 1394 1171 cum
1417 1147 1533 1185 opere
1558 1135 1648 1188 Περὶ
1676 1137 1777 1175 Θεῶν
1804 1136 1878 1188 (4);
1899 1146 2033 1176 contra
2057 1140 2232 1191 Vossius,

1207 1193 1408 1231 Reinesius
1419 1223 1431 1241 ,
1463 1197 1726 1243 Burmannus,
1742 1194 1866 1233 Faber
1897 1197 2067 1246 ejusdem
2104 1198 2235 1249 operis

1209 1253 1481 1303 compendium
1501 1253 1644 1292 habere
1669 1268 1751 1292 sese
1770 1255 2046 1294 existimarunt.
2067 1258 2156 1295 Non
2174 1258 2234 1295 in·-

1209 1310 1390 1348 cidissent
1408 1312 1447 1349 in
1465 1320 1613 1350 tantum
1629 1326 1821 1362 errorem,
1836 1314 1867 1351 si
1883 1314 1944 1352 vel
1958 1315 2085 1353 obiter
2102 1316 2236 1367 inspe-

1209 1369 1372 1417 xissent,
1392 1384 1476 1421 quae
1494 1371 1654 1410 Photius
1680 1372 1728 1409 de
1747 1372 1839 1425 Περὶ
1854 1373 1956 1412 Θεῶν
1973 1387 2092 1424 opere
2119 1375 2235 1425 dicit,

1209 1437 1247 1465 et
1262 1443 1348 1479 quae
1374 1442 1421 1467 ex
1451 1430 1544 1481 ipsis
1572 1431 1793 1482 fragmentis
1829 1441 2028 1484 comperta
2047 1433 2236 1473 habemus

1211 1488 1272 1539 (cf.
1290 1488 1462 1526 Galeum.
1479 1489 1504 1528 l.
1525 1490 1549 1527 l.
1568 1503 1607 1541 p.
1623 1490 1698 1542 16).
1711 1491 1833 1529 Aliam
1846 1491 1948 1529 viam
1967 1491 2160 1543 ingressus
2179 1501 2238 1532 est

1209 1547 1414 1585 Clavierus.
1446 1550 1584 1586 Censet
1612 1549 1676 1586 ille
1713 1563 1922 1600 numquam
1956 1551 2238 1602 Apollodorum

1209 1606 1471 1656 composuisse
1485 1607 1647 1653 librum,
1668 1622 1780 1659 quem
1804 1609 2080 1649 Bibliothecam
2098 1612 2238 1651 inscri-

1209 1664 1359 1714 psisset,
1378 1665 1445 1702 sed
1462 1679 1549 1703 eum
1570 1680 1616 1704 ex
1641 1667 1801 1705 diversis
1819 1669 1941 1706 nostri
1955 1671 2121 1708 auctoris
2141 1684 2236 1722 ope·

1210 1721 1316 1759 ribus
1327 1724 1384 1760 De
1398 1724 1493 1771 Diis,
1510 1725 1674 1763 Navium
1692 1727 1874 1777 Catalogo
1887 1736 1925 1765 et
1939 1729 2140 1767 Chronicis
2154 1743 2238 1769 esse

1210 1781 1428 1819 conflatum.
1457 1786 1578 1831 Quam
1616 1784 1878 1835 conjecturam
1909 1787 2077 1838 probare
2108 1788 2238 1827 studet

1209 1841 1295 1877 loco
1310 1841 1495 1892 Stephani
1515 1856 1551 1880 v.
1569 1842 1673 1893 Δύμη
1686 1873 1695 1890 ,
1712 1843 1778 1882 ubi
1802 1845 1963 1895 legitur:
1980 1845 2238 1902 Ἀπολλόδωρος

1208 1897 1230 1944 ἢ
1252 1901 1269 1936 ὁ
1289 1898 1333 1936 τὰ
1358 1898 1481 1938 τούτου
1502 1901 1730 1952 ἐκτεμόμενος
1744 1918 1752 1926 ·
1774 1920 1789 1936 «
1806 1902 1883 1950 Τὴν
1914 1901 1950 1941 δὲ
1966 1903 2086 1958 χώραν
2115 1904 2237 1957 ἔχουσι

1210 1959 1394 2009 Δυμαῖοι.»
1414 1962 1614 2010 Apparere
1630 1961 1720 1999 inde
1745 1962 1856 2010 dicit,
1875 1963 2059 2014 Stephani
2087 1972 2237 2016 tempo-

1209 2016 1316 2054 ribus
1331 2018 1525 2068 epitomen
1547 2020 1777 2070 Apollodori
1793 2021 1998 2070 exstitisse,
2018 2023 2079 2060 cui
2095 2037 2236 2063 nomen

1209 2075 1474 2123 Bibliothecae3
1503 2078 1631 2115 locum
1664 2078 1712 2116 ab
1745 2081 2012 2132 ethnographo
2039 2081 2235 2121 laudatum

1209 2134 1436 2185 pertinuisse
1461 2135 1513 2172 —ad
1547 2135 1636 2174 libri
1674 2138 1779 2175 tertii
1818 2147 1967 2189 partem
2003 2141 2235 2190 postre'mam

1210 2207 1311 2230 nunc
1331 2193 1582 2244 deperditam.
1603 2196 1783 2233 Photium
1804 2197 1907 2234 enim
1932 2197 2060 2236 dicere
2091 2199 2236 2237 Biblio-

1212 2257 1360 2295 thecam
1372 2259 1604 2297 continuisse
1619 2261 1774 2298 nomina
1789 2260 2235 2314 fluviorum,regionum,

1208 2318 1455 2367 populorum,
1476 2318 1651 2365 urbium;
1668 2321 1774 2370 quod
1795 2335 1914 2372 quum
1933 2323 1973 2359 in
1993 2324 2236 2373 superstitem

1208 2377 1337 2426 operis
1357 2386 1505 2427 partem
1525 2392 1603 2415 non
1627 2379 1801 2428 caderet,
1829 2381 1932 2418 illam
1962 2382 2125 2419 maxime
2141 2396 2236 2433 par-

1209 2443 1284 2472 tem
1312 2436 1470 2487 respici,
1498 2436 1566 2474 ubi
1594 2438 1740 2475 reditus
1757 2441 1981 2477 Graecorum
2001 2441 2235 2493 coloniaeque

1208 2493 1257 2531 ab
1275 2494 1319 2532 iis
1338 2495 1508 2534 deductae
1527 2497 1717 2534 recensitae
1743 2497 1912 2535 fuissent.
1940 2501 2080 2536 Verum
2100 2501 2147 2538 de
2163 2501 2236 2539 hac

1208 2554 1371 2591 Clavieri
1389 2555 1609 2605 conjectura
1628 2555 1728 2592 idem
1749 2556 1826 2594 fere
1845 2557 1938 2594 mihi
1958 2556 2163 2597 dicendum
2179 2568 2236 2598 est

1208 2613 1313 2663 quod
1339 2613 1385 2650 de
1406 2614 1471 2651 illa
1498 2614 1622 2651 Vossii
1642 2615 1969 2666 reliquorumque.
1992 2618 2087 2656 Nam
2113 2620 2145 2656 si
2176 2620 2236 2658 vir

1208 2670 1346 2708 doctus
1365 2672 1494 2709 animo
1512 2673 1796 2723 perpendisset,
1816 2688 1901 2724 quae
1923 2675 1972 2712 sit
1994 2689 2156 2727 operum
2177 2682 2234 2716 De

1207 2730 1307 2774 Diis,
1330 2734 1387 2768 De
1403 2731 1567 2768 Navium
1588 2732 1790 2782 Catalogo,
1812 2746 1881 2770 nec
1909 2746 1987 2771 non
2017 2735 2232 2773 Chronico-

1210 2802 1294 2826 rum
1311 2797 1448 2827 natura
1463 2798 1500 2826 et
1514 2790 1674 2836 indoles,
1692 2804 1769 2828 non
1784 2790 1941 2842 fugisset
1955 2805 2060 2840 eum,
2076 2794 2234 2831 omnino

1207 2862 1285 2886 non
1303 2849 1473 2899 potuisse
1491 2850 1584 2894 lieri,
1604 2858 1645 2887 ut
1663 2851 1748 2888 talis
1762 2850 1872 2899 liber,
1889 2851 2012 2901 qualis
2030 2860 2100 2900 est,
2118 2866 2234 2903 quam

1208 2908 1412 2955 habemus,
1435 2908 1690 2957 Bibliotheca,
1712 2923 1758 2947 ex
1782 2910 1863 2948 istis
1885 2909 1994 2948 libris
2022 2923 2234 2962 compone-

1210 2975 1324 3004 retur.
1347 2970 1403 3005 Ac
1419 2967 1450 3004 si
1467 2968 1526 3005 vel
1544 2968 1814 3015 concederem,
1831 2968 1938 3019 quod
1955 2982 2031 3006 non
2047 2970 2232 3017 concedo,

1209 3026 1405 3063 materiam
1421 3025 1666 3064 Bibliothecae
1684 3040 1834 3064 omnem
1858 3027 2072 3065 desumtam
2088 3041 2169 3066 esse
2185 3042 2231 3067 ex

1251 3109 1296 3149 (4)
1313 3109 1426 3150 AEgius
1442 3110 1475 3141 in
1492 3109 1673 3150 Epistol.ad
1691 3110 1844 3142 Ursinum
1857 3133 1866 3148 ,
1883 3111 2055 3150 postquam
2074 3110 2115 3143 de
2127 3112 2230 3152 operis

1208 3156 1303 3188 titulo
1326 3169 1341 3183 «
1358 3156 1569 3188 Bibliotheca
1587 3170 1600 3183 υ
1627 3157 1756 3188 locutus
1778 3158 1864 3195 erat,
1884 3157 2008 3196 pergit:
2031 3170 2046 3184 u
2062 3159 2155 3195 Quod
2173 3167 2229 3190 au-

1210 3205 1272 3233 tem
1292 3204 1361 3234 sive
1381 3202 1422 3233 de
1455 3206 1603 3234 Deorum
1628 3205 1756 3243 oriyine
1792 3202 1872 3233 libri
1902 3204 1971 3233 tres
2001 3202 2230 3244 adjecerimus,

1210 3250 1279 3287 liic,
1301 3249 1355 3290 qui
1367 3249 1501 3289 hujusce
1517 3251 1658 3281 auctoris
1676 3250 1770 3290 primi
1783 3252 1868 3281 certe
1883 3249 1956 3280 libri
1970 3259 2067 3282 unam
2084 3254 2140 3283 aut
2155 3251 2230 3284 alte-

1211 3305 1277 3327 ram
1292 3296 1447 3336 pagellam
1472 3296 1521 3328 vel
1543 3296 1750 3336 lippientibus
1779 3296 1889 3327 ocellis
1912 3296 2039 3336 legerit,
2058 3297 2090 3328 in
2107 3300 2232 3330 sentcn-

1209 3344 1284 3375 tiam
1305 3347 1448 3375 nostram
1466 3346 1498 3375 et
1521 3343 1668 3374 manibus
1699 3345 1731 3375 et
1752 3342 1890 3383 pedibus
1918 3351 1993 3374 eum
2018 3344 2139 3376 iturum
2162 3353 2232 3378 esse

1209 3398 1285 3421 selo.
1304 3403 1318 3417 n
