<?xml version="1.0" encoding="UTF-8"?>
<!DOCTYPE html PUBLIC "-//W3C//DTD XHTML 1.0 Transitional//EN"
    "http://www.w3.org/TR/xhtml1/DTD/xhtml1-transitional.dtd">
<html xmlns="http://www.w3.org/1999/xhtml" xml:lang="en" lang="en">
 <head>
  <title>
</title>
<meta http-equiv="Content-Type" content="text/html;charset=utf-8" />
  <meta name='ocr-system' content='tesseract 3.04.00' />
  <meta name='ocr-capabilities' content='ocr_page ocr_carea ocr_par ocr_line ocrx_word'/>
</head>
<body>
  <div class='ocr_page' id='page_1' title='image "./fragmentahistori01mueluoft_0063.png"; bbox 0 0 2294 3704; ppageno 0'>
   <div class='ocr_carea' id='block_1_1' title="bbox 964 180 1254 220">
    <p class='ocr_par' dir='ltr' id='par_1_1' title="bbox 964 180 1254 220">
     <span class='ocr_line' id='line_1_1' title="bbox 964 180 1254 220; baseline -0.017 0"><span class='ocrx_word' id='word_1_1' title='bbox 964 181 1032 220; x_wconf 87' lang='lat' dir='ltr'>DE</span> <span class='ocrx_word' id='word_1_2' title='bbox 1059 180 1254 220; x_wconf 89' lang='lat' dir='ltr'>TIMAEO.</span> 
     </span>
    </p>
   </div>
   <div class='ocr_carea' id='block_1_2' title="bbox 75 272 1115 3440">
    <p class='ocr_par' dir='ltr' id='par_1_2' title="bbox 77 272 1099 514">
     <span class='ocr_line' id='line_1_2' title="bbox 77 272 1099 333; baseline -0.019 -6"><span class='ocrx_word' id='word_1_3' title='bbox 77 288 171 327; x_wconf 77' lang='lat' dir='ltr'>riam</span> <span class='ocrx_word' id='word_1_4' title='bbox 186 295 225 326; x_wconf 87' lang='lat' dir='ltr'>et</span> <span class='ocrx_word' id='word_1_5' title='bbox 237 285 399 324; x_wconf 86' lang='lat' dir='ltr'>Galliam</span> <span class='ocrx_word' id='word_1_6' title='bbox 414 282 451 333; x_wconf 86' lang='lat'>(3</span> <span class='ocrx_word' id='word_1_7' title='bbox 458 276 802 330; x_wconf 79' lang='lat' dir='ltr'>5—40),Eridanum</span> <span class='ocrx_word' id='word_1_8' title='bbox 817 275 880 322; x_wconf 82' lang='lat' dir='ltr'>(fr.</span> <span class='ocrx_word' id='word_1_9' title='bbox 894 272 972 324; x_wconf 75' lang='grc'>41),</span> <span class='ocrx_word' id='word_1_10' title='bbox 983 273 1099 311; x_wconf 88' lang='lat' dir='ltr'>Cher-</span> 
     </span>
     <span class='ocr_line' id='line_1_3' title="bbox 77 332 1098 394; baseline -0.019 -8"><span class='ocrx_word' id='word_1_11' title='bbox 77 359 256 385; x_wconf 87' lang='lat' dir='ltr'>sonesum</span> <span class='ocrx_word' id='word_1_12' title='bbox 277 343 462 394; x_wconf 83' lang='lat' dir='ltr'>Hyllicam</span> <span class='ocrx_word' id='word_1_13' title='bbox 492 339 554 390; x_wconf 81' lang='lat' dir='ltr'>(fr.</span> <span class='ocrx_word' id='word_1_14' title='bbox 577 335 661 387; x_wconf 75' lang='lat'>42),</span> <span class='ocrx_word' id='word_1_15' title='bbox 683 334 893 386; x_wconf 87' lang='lat' dir='ltr'>Argyrinos</span> <span class='ocrx_word' id='word_1_16' title='bbox 916 333 957 369; x_wconf 91' lang='lat' dir='ltr'>in</span> <span class='ocrx_word' id='word_1_17' title='bbox 978 332 1098 382; x_wconf 84' lang='lat' dir='ltr'>Epiro</span> 
     </span>
     <span class='ocr_line' id='line_1_4' title="bbox 78 390 1099 456; baseline -0.017 -13"><span class='ocrx_word' id='word_1_18' title='bbox 78 405 140 456; x_wconf 84' lang='lat' dir='ltr'>(fr.</span> <span class='ocrx_word' id='word_1_19' title='bbox 163 406 210 449; x_wconf 79' lang='lat'>43</span> <span class='ocrx_word' id='word_1_20' title='bbox 221 433 232 454; x_wconf 86' lang='lat'>,</span> <span class='ocrx_word' id='word_1_21' title='bbox 250 401 353 453; x_wconf 91' lang='lat' dir='ltr'>quod</span> <span class='ocrx_word' id='word_1_22' title='bbox 369 412 460 438; x_wconf 91' lang='lat' dir='ltr'>vero</span> <span class='ocrx_word' id='word_1_23' title='bbox 477 398 593 435; x_wconf 89' lang='lat' dir='ltr'>etiam</span> <span class='ocrx_word' id='word_1_24' title='bbox 611 396 650 432; x_wconf 90' lang='lat' dir='ltr'>in</span> <span class='ocrx_word' id='word_1_25' title='bbox 665 393 774 431; x_wconf 87' lang='lat' dir='ltr'>libris</span> <span class='ocrx_word' id='word_1_26' title='bbox 789 393 837 430; x_wconf 89' lang='lat' dir='ltr'>de</span> <span class='ocrx_word' id='word_1_27' title='bbox 855 391 1004 442; x_wconf 90' lang='lat' dir='ltr'>Pyrrho</span> <span class='ocrx_word' id='word_1_28' title='bbox 1024 390 1099 440; x_wconf 87' lang='lat' dir='ltr'>legi</span> 
     </span>
     <span class='ocr_line' id='line_1_5' title="bbox 78 453 654 514; baseline -0.017 -13"><span class='ocrx_word' id='word_1_29' title='bbox 78 462 236 514; x_wconf 87' lang='lat' dir='ltr'>potuit),</span> <span class='ocrx_word' id='word_1_30' title='bbox 254 464 400 499; x_wconf 84' lang='lat' dir='ltr'>Cretam</span> <span class='ocrx_word' id='word_1_31' title='bbox 422 458 483 508; x_wconf 89' lang='lat' dir='ltr'>(fr.</span> <span class='ocrx_word' id='word_1_32' title='bbox 501 453 654 504; x_wconf 80' lang='grc'>44-46).</span> 
     </span>
    </p>

    <p class='ocr_par' dir='ltr' id='par_1_3' title="bbox 75 510 1113 2208">
     <span class='ocr_line' id='line_1_6' title="bbox 131 510 1099 570; baseline -0.015 -11"><span class='ocrx_word' id='word_1_33' title='bbox 131 525 336 570; x_wconf 89' lang='lat' dir='ltr'>Postquam</span> <span class='ocrx_word' id='word_1_34' title='bbox 352 517 405 555; x_wconf 91' lang='lat' dir='ltr'>sic</span> <span class='ocrx_word' id='word_1_35' title='bbox 423 528 595 565; x_wconf 86' lang='lat' dir='ltr'>magnam</span> <span class='ocrx_word' id='word_1_36' title='bbox 611 513 776 551; x_wconf 87' lang='lat' dir='ltr'>Timaeus</span> <span class='ocrx_word' id='word_1_37' title='bbox 789 510 894 548; x_wconf 91' lang='lat' dir='ltr'>orbis</span> <span class='ocrx_word' id='word_1_38' title='bbox 910 517 1099 547; x_wconf 87' lang='lat' dir='ltr'>terrarum</span> 
     </span>
     <span class='ocr_line' id='line_1_7' title="bbox 77 566 1100 631; baseline -0.014 -14"><span class='ocrx_word' id='word_1_39' title='bbox 77 587 225 631; x_wconf 89' lang='lat' dir='ltr'>partem</span> <span class='ocrx_word' id='word_1_40' title='bbox 245 577 558 628; x_wconf 82' lang='lat' dir='ltr'>perlustraverat,</span> <span class='ocrx_word' id='word_1_41' title='bbox 575 572 622 610; x_wconf 87' lang='lat' dir='ltr'>ad</span> <span class='ocrx_word' id='word_1_42' title='bbox 639 585 718 609; x_wconf 88' lang='lat' dir='ltr'>rem</span> <span class='ocrx_word' id='word_1_43' title='bbox 737 569 987 621; x_wconf 79' lang='lat' dir='ltr'>propositam,</span> <span class='ocrx_word' id='word_1_44' title='bbox 1002 566 1100 605; x_wconf 91' lang='lat' dir='ltr'>Sici-</span> 
     </span>
     <span class='ocr_line' id='line_1_8' title="bbox 76 625 1100 685; baseline -0.014 -10"><span class='ocrx_word' id='word_1_45' title='bbox 76 637 135 675; x_wconf 81' lang='lat' dir='ltr'>liae</span> <span class='ocrx_word' id='word_1_46' title='bbox 148 644 186 674; x_wconf 88' lang='lat' dir='ltr'>et</span> <span class='ocrx_word' id='word_1_47' title='bbox 198 638 472 685; x_wconf 83' lang='lat' dir='ltr'>Syracusarum</span> <span class='ocrx_word' id='word_1_48' title='bbox 490 631 703 676; x_wconf 83' lang='lat' dir='ltr'>historiam,</span> <span class='ocrx_word' id='word_1_49' title='bbox 721 629 883 679; x_wconf 90' lang='lat' dir='ltr'>propius</span> <span class='ocrx_word' id='word_1_50' title='bbox 897 625 1100 664; x_wconf 85' lang='lat' dir='ltr'>accessisse</span> 
     </span>
     <span class='ocr_line' id='line_1_9' title="bbox 77 685 1101 742; baseline -0.014 -9"><span class='ocrx_word' id='word_1_51' title='bbox 77 695 238 732; x_wconf 89' lang='lat' dir='ltr'>videtur.</span> <span class='ocrx_word' id='word_1_52' title='bbox 264 694 412 732; x_wconf 90' lang='lat' dir='ltr'>Etenim</span> <span class='ocrx_word' id='word_1_53' title='bbox 432 704 550 742; x_wconf 89' lang='lat' dir='ltr'>quum</span> <span class='ocrx_word' id='word_1_54' title='bbox 576 689 622 727; x_wconf 91' lang='lat' dir='ltr'>de</span> <span class='ocrx_word' id='word_1_55' title='bbox 647 687 858 727; x_wconf 91' lang='lat' dir='ltr'>Corinthiis</span> <span class='ocrx_word' id='word_1_56' title='bbox 883 685 972 723; x_wconf 85' lang='lat' dir='ltr'>libro</span> <span class='ocrx_word' id='word_1_57' title='bbox 996 687 1101 721; x_wconf 82' lang='lat' dir='ltr'>tertio</span> 
     </span>
     <span class='ocr_line' id='line_1_10' title="bbox 77 743 1102 798; baseline -0.012 -7"><span class='ocrx_word' id='word_1_58' title='bbox 77 752 196 791; x_wconf 86' lang='lat' dir='ltr'>verba</span> <span class='ocrx_word' id='word_1_59' title='bbox 215 753 315 790; x_wconf 85' lang='lat' dir='ltr'>facta</span> <span class='ocrx_word' id='word_1_60' title='bbox 328 763 409 789; x_wconf 91' lang='lat' dir='ltr'>esse</span> <span class='ocrx_word' id='word_1_61' title='bbox 424 749 619 787; x_wconf 89' lang='lat' dir='ltr'>videamus</span> <span class='ocrx_word' id='word_1_62' title='bbox 637 747 699 798; x_wconf 89' lang='lat' dir='ltr'>(sr.</span> <span class='ocrx_word' id='word_1_63' title='bbox 717 745 806 796; x_wconf 84' lang='grc'>48),</span> <span class='ocrx_word' id='word_1_64' title='bbox 826 743 1026 797; x_wconf 87' lang='lat' dir='ltr'>probabile</span> <span class='ocrx_word' id='word_1_65' title='bbox 1045 750 1102 780; x_wconf 91' lang='lat' dir='ltr'>est</span> 
     </span>
     <span class='ocr_line' id='line_1_11' title="bbox 75 801 1102 856; baseline -0.011 -6"><span class='ocrx_word' id='word_1_66' title='bbox 75 812 258 851; x_wconf 87' lang='lat' dir='ltr'>Timaeum</span> <span class='ocrx_word' id='word_1_67' title='bbox 272 810 310 847; x_wconf 92' lang='lat' dir='ltr'>in</span> <span class='ocrx_word' id='word_1_68' title='bbox 327 809 463 847; x_wconf 90' lang='lat' dir='ltr'>eodem</span> <span class='ocrx_word' id='word_1_69' title='bbox 476 820 650 845; x_wconf 90' lang='lat' dir='ltr'>narrasse</span> <span class='ocrx_word' id='word_1_70' title='bbox 664 809 866 856; x_wconf 83' lang='lat' dir='ltr'>Syracusas</span> <span class='ocrx_word' id='word_1_71' title='bbox 882 802 954 841; x_wconf 92' lang='lat' dir='ltr'>sub</span> <span class='ocrx_word' id='word_1_72' title='bbox 961 801 1102 840; x_wconf 85' lang='lat' dir='ltr'>Archia</span> 
     </span>
     <span class='ocr_line' id='line_1_12' title="bbox 76 862 1102 917; baseline -0.011 -8"><span class='ocrx_word' id='word_1_73' title='bbox 76 870 270 908; x_wconf 90' lang='lat' dir='ltr'>deductas.</span> <span class='ocrx_word' id='word_1_74' title='bbox 302 871 428 917; x_wconf 88' lang='lat' dir='ltr'>Quare</span> <span class='ocrx_word' id='word_1_75' title='bbox 452 867 514 904; x_wconf 91' lang='lat' dir='ltr'>hic</span> <span class='ocrx_word' id='word_1_76' title='bbox 540 866 654 917; x_wconf 90' lang='lat' dir='ltr'>posui</span> <span class='ocrx_word' id='word_1_77' title='bbox 681 878 766 915; x_wconf 86' lang='lat' dir='ltr'>quae</span> <span class='ocrx_word' id='word_1_78' title='bbox 791 864 839 901; x_wconf 88' lang='lat' dir='ltr'>de</span> <span class='ocrx_word' id='word_1_79' title='bbox 857 862 1046 900; x_wconf 86' lang='lat' dir='ltr'>Arethusa</span> <span class='ocrx_word' id='word_1_80' title='bbox 1065 869 1102 898; x_wconf 92' lang='lat' dir='ltr'>et</span> 
     </span>
     <span class='ocr_line' id='line_1_13' title="bbox 76 927 1102 980; baseline -0.01 -13"><span class='ocrx_word' id='word_1_81' title='bbox 76 929 228 980; x_wconf 85' lang='lat' dir='ltr'>Alpheo</span> <span class='ocrx_word' id='word_1_82' title='bbox 254 927 392 965; x_wconf 88' lang='lat' dir='ltr'>fabulae</span> <span class='ocrx_word' id='word_1_83' title='bbox 426 933 598 973; x_wconf 83' lang='lat' dir='ltr'>exstant,</span> <span class='ocrx_word' id='word_1_84' title='bbox 625 932 739 974; x_wconf 88' lang='lat' dir='ltr'>atque</span> <span class='ocrx_word' id='word_1_85' title='bbox 771 936 856 973; x_wconf 87' lang='lat' dir='ltr'>quae</span> <span class='ocrx_word' id='word_1_86' title='bbox 885 930 1102 972; x_wconf 83' lang='lat' dir='ltr'>temporum</span> 
     </span>
     <span class='ocr_line' id='line_1_14' title="bbox 76 982 1103 1030; baseline -0.009 -4"><span class='ocrx_word' id='word_1_87' title='bbox 76 988 212 1026; x_wconf 87' lang='lat' dir='ltr'>ordine</span> <span class='ocrx_word' id='word_1_88' title='bbox 235 988 311 1025; x_wconf 91' lang='lat' dir='ltr'>huc</span> <span class='ocrx_word' id='word_1_89' title='bbox 332 986 474 1023; x_wconf 87' lang='lat' dir='ltr'>referre</span> <span class='ocrx_word' id='word_1_90' title='bbox 494 985 584 1022; x_wconf 89' lang='lat' dir='ltr'>licet</span> <span class='ocrx_word' id='word_1_91' title='bbox 611 984 659 1022; x_wconf 91' lang='lat' dir='ltr'>de</span> <span class='ocrx_word' id='word_1_92' title='bbox 679 982 902 1021; x_wconf 82' lang='lat' dir='ltr'>fundatione</span> <span class='ocrx_word' id='word_1_93' title='bbox 925 984 1103 1030; x_wconf 84' lang='lat' dir='ltr'>Corcyrae</span> 
     </span>
     <span class='ocr_line' id='line_1_15' title="bbox 76 1041 1104 1098; baseline -0.01 -13"><span class='ocrx_word' id='word_1_94' title='bbox 76 1047 247 1098; x_wconf 80' lang='lat'>(53-54).</span> <span class='ocrx_word' id='word_1_95' title='bbox 267 1067 320 1074; x_wconf 89' lang='lat'>—-</span> <span class='ocrx_word' id='word_1_96' title='bbox 338 1045 450 1082; x_wconf 80' lang='lat' dir='ltr'>Liber</span> <span class='ocrx_word' id='word_1_97' title='bbox 467 1053 619 1094; x_wconf 72' lang='lat' dir='ltr'>quartus</span> <span class='ocrx_word' id='word_1_98' title='bbox 637 1052 676 1080; x_wconf 85' lang='lat' dir='ltr'>et</span> <span class='ocrx_word' id='word_1_99' title='bbox 689 1046 856 1091; x_wconf 79' lang='lat' dir='ltr'>quintus,</span> <span class='ocrx_word' id='word_1_100' title='bbox 878 1041 946 1091; x_wconf 91' lang='lat' dir='ltr'>qui</span> <span class='ocrx_word' id='word_1_101' title='bbox 965 1047 1104 1090; x_wconf 78' lang='lat' dir='ltr'>praeter</span> 
     </span>
     <span class='ocr_line' id='line_1_16' title="bbox 77 1099 1103 1155; baseline -0.01 -10"><span class='ocrx_word' id='word_1_102' title='bbox 77 1106 352 1155; x_wconf 81' lang='lat' dir='ltr'>Syracusarum</span> <span class='ocrx_word' id='word_1_103' title='bbox 371 1102 477 1140; x_wconf 86' lang='lat' dir='ltr'>urbis</span> <span class='ocrx_word' id='word_1_104' title='bbox 492 1100 704 1153; x_wconf 85' lang='lat' dir='ltr'>primordia</span> <span class='ocrx_word' id='word_1_105' title='bbox 727 1100 774 1138; x_wconf 93' lang='lat' dir='ltr'>de</span> <span class='ocrx_word' id='word_1_106' title='bbox 790 1099 925 1137; x_wconf 88' lang='lat' dir='ltr'>ceteris</span> <span class='ocrx_word' id='word_1_107' title='bbox 943 1099 1103 1137; x_wconf 85' lang='lat' dir='ltr'>Graeco-</span> 
     </span>
     <span class='ocr_line' id='line_1_17' title="bbox 77 1156 1104 1209; baseline -0.009 -7"><span class='ocrx_word' id='word_1_108' title='bbox 77 1177 164 1202; x_wconf 88' lang='lat' dir='ltr'>rum</span> <span class='ocrx_word' id='word_1_109' title='bbox 191 1163 232 1201; x_wconf 90' lang='lat' dir='ltr'>in</span> <span class='ocrx_word' id='word_1_110' title='bbox 256 1162 368 1201; x_wconf 83' lang='lat' dir='ltr'>Italia</span> <span class='ocrx_word' id='word_1_111' title='bbox 393 1170 430 1199; x_wconf 92' lang='lat' dir='ltr'>et</span> <span class='ocrx_word' id='word_1_112' title='bbox 456 1161 581 1199; x_wconf 88' lang='lat' dir='ltr'>Sicilia</span> <span class='ocrx_word' id='word_1_113' title='bbox 604 1159 763 1197; x_wconf 85' lang='lat' dir='ltr'>coloniis</span> <span class='ocrx_word' id='word_1_114' title='bbox 777 1170 970 1209; x_wconf 87' lang='lat' dir='ltr'>exponere</span> <span class='ocrx_word' id='word_1_115' title='bbox 985 1156 1104 1194; x_wconf 87' lang='lat' dir='ltr'>debe-</span> 
     </span>
     <span class='ocr_line' id='line_1_18' title="bbox 77 1215 1103 1272; baseline -0.008 -12"><span class='ocrx_word' id='word_1_116' title='bbox 77 1221 189 1270; x_wconf 84' lang='lat' dir='ltr'>bant,</span> <span class='ocrx_word' id='word_1_117' title='bbox 219 1221 370 1272; x_wconf 86' lang='lat' dir='ltr'>penitus</span> <span class='ocrx_word' id='word_1_118' title='bbox 394 1219 632 1256; x_wconf 89' lang='lat' dir='ltr'>interierunt.</span> <span class='ocrx_word' id='word_1_119' title='bbox 672 1219 726 1255; x_wconf 86' lang='lat' dir='ltr'>Ac</span> <span class='ocrx_word' id='word_1_120' title='bbox 747 1217 858 1268; x_wconf 90' lang='lat' dir='ltr'>plura</span> <span class='ocrx_word' id='word_1_121' title='bbox 881 1217 960 1255; x_wconf 87' lang='lat' dir='ltr'>sine</span> <span class='ocrx_word' id='word_1_122' title='bbox 984 1215 1103 1252; x_wconf 90' lang='lat' dir='ltr'>dubio</span> 
     </span>
     <span class='ocr_line' id='line_1_19' title="bbox 79 1273 1104 1322; baseline -0.008 -5"><span class='ocrx_word' id='word_1_123' title='bbox 79 1280 127 1318; x_wconf 88' lang='lat' dir='ltr'>de</span> <span class='ocrx_word' id='word_1_124' title='bbox 141 1279 301 1317; x_wconf 88' lang='lat' dir='ltr'>coloniis</span> <span class='ocrx_word' id='word_1_125' title='bbox 315 1278 457 1316; x_wconf 87' lang='lat' dir='ltr'>Italicis</span> <span class='ocrx_word' id='word_1_126' title='bbox 475 1286 623 1315; x_wconf 88' lang='lat' dir='ltr'>servata</span> <span class='ocrx_word' id='word_1_127' title='bbox 638 1275 882 1322; x_wconf 86' lang='lat' dir='ltr'>haberemus,</span> <span class='ocrx_word' id='word_1_128' title='bbox 901 1274 974 1311; x_wconf 90' lang='lat' dir='ltr'>nisi</span> <span class='ocrx_word' id='word_1_129' title='bbox 989 1273 1104 1311; x_wconf 86' lang='lat' dir='ltr'>etiarn</span> 
     </span>
     <span class='ocr_line' id='line_1_20' title="bbox 78 1334 1104 1386; baseline -0.008 -10"><span class='ocrx_word' id='word_1_130' title='bbox 78 1338 240 1376; x_wconf 92' lang='lat' dir='ltr'>Diodori</span> <span class='ocrx_word' id='word_1_131' title='bbox 255 1337 366 1385; x_wconf 87' lang='lat' dir='ltr'>libri,</span> <span class='ocrx_word' id='word_1_132' title='bbox 388 1336 453 1374; x_wconf 92' lang='lat' dir='ltr'>ubi</span> <span class='ocrx_word' id='word_1_133' title='bbox 478 1336 524 1373; x_wconf 94' lang='lat' dir='ltr'>de</span> <span class='ocrx_word' id='word_1_134' title='bbox 542 1336 602 1373; x_wconf 89' lang='lat' dir='ltr'>his</span> <span class='ocrx_word' id='word_1_135' title='bbox 622 1348 701 1386; x_wconf 91' lang='lat' dir='ltr'>prae</span> <span class='ocrx_word' id='word_1_136' title='bbox 718 1334 853 1372; x_wconf 90' lang='lat' dir='ltr'>ceteris</span> <span class='ocrx_word' id='word_1_137' title='bbox 867 1346 992 1371; x_wconf 91' lang='lat' dir='ltr'>sermo</span> <span class='ocrx_word' id='word_1_138' title='bbox 1009 1340 1104 1379; x_wconf 88' lang='lat' dir='ltr'>erat,</span> 
     </span>
     <span class='ocr_line' id='line_1_21' title="bbox 80 1391 1106 1446; baseline -0.008 -11"><span class='ocrx_word' id='word_1_139' title='bbox 80 1397 285 1435; x_wconf 86' lang='lat' dir='ltr'>maximam</span> <span class='ocrx_word' id='word_1_140' title='bbox 303 1403 452 1446; x_wconf 89' lang='lat' dir='ltr'>partem</span> <span class='ocrx_word' id='word_1_141' title='bbox 474 1393 769 1434; x_wconf 83' lang='lat' dir='ltr'>intercidissent.</span> <span class='ocrx_word' id='word_1_142' title='bbox 791 1395 887 1430; x_wconf 89' lang='lat' dir='ltr'>Nam</span> <span class='ocrx_word' id='word_1_143' title='bbox 906 1391 965 1428; x_wconf 87' lang='lat' dir='ltr'>vel</span> <span class='ocrx_word' id='word_1_144' title='bbox 985 1404 1106 1442; x_wconf 88' lang='lat' dir='ltr'>pauca</span> 
     </span>
     <span class='ocr_line' id='line_1_22' title="bbox 80 1451 1106 1506; baseline -0.006 -13"><span class='ocrx_word' id='word_1_145' title='bbox 80 1456 163 1503; x_wconf 88' lang='lat' dir='ltr'>illa,</span> <span class='ocrx_word' id='word_1_146' title='bbox 197 1468 282 1506; x_wconf 90' lang='lat' dir='ltr'>quae</span> <span class='ocrx_word' id='word_1_147' title='bbox 310 1454 511 1504; x_wconf 91' lang='lat' dir='ltr'>Excerptis</span> <span class='ocrx_word' id='word_1_148' title='bbox 538 1453 734 1491; x_wconf 88' lang='lat' dir='ltr'>Vaticanis</span> <span class='ocrx_word' id='word_1_149' title='bbox 764 1452 814 1489; x_wconf 92' lang='lat' dir='ltr'>ad</span> <span class='ocrx_word' id='word_1_150' title='bbox 847 1451 1106 1502; x_wconf 85' lang='lat' dir='ltr'>cognitionem</span> 
     </span>
     <span class='ocr_line' id='line_1_23' title="bbox 81 1508 1107 1564; baseline -0.007 -12"><span class='ocrx_word' id='word_1_151' title='bbox 81 1523 252 1552; x_wconf 89' lang='lat' dir='ltr'>nostram</span> <span class='ocrx_word' id='word_1_152' title='bbox 277 1525 487 1564; x_wconf 87' lang='lat' dir='ltr'>pervenere</span> <span class='ocrx_word' id='word_1_153' title='bbox 499 1541 510 1558; x_wconf 90' lang='lat'>‚</span> <span class='ocrx_word' id='word_1_154' title='bbox 542 1513 632 1550; x_wconf 88' lang='lat' dir='ltr'>satis</span> <span class='ocrx_word' id='word_1_155' title='bbox 660 1511 872 1548; x_wconf 88' lang='lat' dir='ltr'>luculenter</span> <span class='ocrx_word' id='word_1_156' title='bbox 901 1508 1107 1547; x_wconf 88' lang='lat' dir='ltr'>ostendunt</span> 
     </span>
     <span class='ocr_line' id='line_1_24' title="bbox 80 1567 1106 1611; baseline -0.007 -1"><span class='ocrx_word' id='word_1_157' title='bbox 80 1572 293 1611; x_wconf 91' lang='lat' dir='ltr'>Diodorum</span> <span class='ocrx_word' id='word_1_158' title='bbox 309 1571 348 1608; x_wconf 91' lang='lat' dir='ltr'>in</span> <span class='ocrx_word' id='word_1_159' title='bbox 369 1570 429 1608; x_wconf 90' lang='lat' dir='ltr'>his</span> <span class='ocrx_word' id='word_1_160' title='bbox 442 1570 491 1607; x_wconf 88' lang='lat' dir='ltr'>ad</span> <span class='ocrx_word' id='word_1_161' title='bbox 504 1570 638 1608; x_wconf 87' lang='lat' dir='ltr'>Timaei</span> <span class='ocrx_word' id='word_1_162' title='bbox 654 1569 820 1607; x_wconf 86' lang='lat' dir='ltr'>maxime</span> <span class='ocrx_word' id='word_1_163' title='bbox 837 1567 1106 1605; x_wconf 86' lang='lat' dir='ltr'>auctoritatem</span> 
     </span>
     <span class='ocr_line' id='line_1_25' title="bbox 81 1621 1106 1678; baseline -0.007 -8"><span class='ocrx_word' id='word_1_164' title='bbox 81 1645 163 1671; x_wconf 88' lang='lat' dir='ltr'>sese</span> <span class='ocrx_word' id='word_1_165' title='bbox 179 1629 501 1669; x_wconf 89' lang='lat' dir='ltr'>accommodasse.</span> <span class='ocrx_word' id='word_1_166' title='bbox 519 1652 572 1659; x_wconf 87' lang='lat'>-—</span> <span class='ocrx_word' id='word_1_167' title='bbox 591 1630 622 1668; x_wconf 89' lang='lat' dir='ltr'>E</span> <span class='ocrx_word' id='word_1_168' title='bbox 637 1628 729 1666; x_wconf 85' lang='lat' dir='ltr'>libro</span> <span class='ocrx_word' id='word_1_169' title='bbox 740 1637 845 1665; x_wconf 81' lang='lat' dir='ltr'>sexto</span> <span class='ocrx_word' id='word_1_170' title='bbox 863 1640 981 1665; x_wconf 91' lang='lat' dir='ltr'>unum</span> <span class='ocrx_word' id='word_1_171' title='bbox 1001 1621 1106 1678; x_wconf 79' lang='lat' dir='ltr'>frag—</span> 
     </span>
     <span class='ocr_line' id='line_1_26' title="bbox 82 1687 1107 1741; baseline -0.006 -12"><span class='ocrx_word' id='word_1_172' title='bbox 82 1699 252 1729; x_wconf 89' lang='lat' dir='ltr'>mentum</span> <span class='ocrx_word' id='word_1_173' title='bbox 267 1688 490 1741; x_wconf 86' lang='lat' dir='ltr'>perduravit</span> <span class='ocrx_word' id='word_1_174' title='bbox 508 1689 555 1726; x_wconf 91' lang='lat' dir='ltr'>de</span> <span class='ocrx_word' id='word_1_175' title='bbox 569 1688 781 1738; x_wconf 89' lang='lat' dir='ltr'>Callicyriis</span> <span class='ocrx_word' id='word_1_176' title='bbox 800 1703 808 1725; x_wconf 93' lang='lat'>:</span> <span class='ocrx_word' id='word_1_177' title='bbox 827 1687 902 1725; x_wconf 85' lang='lat' dir='ltr'>hoc</span> <span class='ocrx_word' id='word_1_178' title='bbox 923 1687 1044 1738; x_wconf 86' lang='lat' dir='ltr'>igitur</span> <span class='ocrx_word' id='word_1_179' title='bbox 1060 1687 1107 1724; x_wconf 89' lang='lat' dir='ltr'>ad</span> 
     </span>
     <span class='ocr_line' id='line_1_27' title="bbox 81 1745 1107 1799; baseline -0.004 -12"><span class='ocrx_word' id='word_1_180' title='bbox 81 1749 176 1788; x_wconf 90' lang='lat' dir='ltr'>illud</span> <span class='ocrx_word' id='word_1_181' title='bbox 209 1757 359 1799; x_wconf 89' lang='lat' dir='ltr'>tempus</span> <span class='ocrx_word' id='word_1_182' title='bbox 386 1756 558 1799; x_wconf 90' lang='lat' dir='ltr'>spectat,</span> <span class='ocrx_word' id='word_1_183' title='bbox 585 1761 662 1799; x_wconf 90' lang='lat' dir='ltr'>quo</span> <span class='ocrx_word' id='word_1_184' title='bbox 685 1747 786 1785; x_wconf 90' lang='lat' dir='ltr'>servi</span> <span class='ocrx_word' id='word_1_185' title='bbox 804 1747 867 1784; x_wconf 91' lang='lat' dir='ltr'>isti</span> <span class='ocrx_word' id='word_1_186' title='bbox 890 1754 928 1784; x_wconf 87' lang='lat' dir='ltr'>et</span> <span class='ocrx_word' id='word_1_187' title='bbox 949 1745 1107 1783; x_wconf 89' lang='lat' dir='ltr'>clientes</span> 
     </span>
     <span class='ocr_line' id='line_1_28' title="bbox 83 1804 1108 1856; baseline -0.004 -11"><span class='ocrx_word' id='word_1_188' title='bbox 83 1811 310 1854; x_wconf 75' lang='lat' dir='ltr'>Geomoros</span> <span class='ocrx_word' id='word_1_189' title='bbox 322 1806 513 1856; x_wconf 86' lang='lat' dir='ltr'>expellere</span> <span class='ocrx_word' id='word_1_190' title='bbox 543 1814 582 1844; x_wconf 90' lang='lat' dir='ltr'>et</span> <span class='ocrx_word' id='word_1_191' title='bbox 614 1806 910 1843; x_wconf 88' lang='lat' dir='ltr'>ochlocraticam</span> <span class='ocrx_word' id='word_1_192' title='bbox 941 1804 1108 1842; x_wconf 86' lang='lat' dir='ltr'>civitatis</span> 
     </span>
     <span class='ocr_line' id='line_1_29' title="bbox 82 1862 1109 1912; baseline -0.004 -9"><span class='ocrx_word' id='word_1_193' title='bbox 82 1866 245 1903; x_wconf 82' lang='lat' dir='ltr'>sormam</span> <span class='ocrx_word' id='word_1_194' title='bbox 262 1865 496 1903; x_wconf 88' lang='lat' dir='ltr'>constituere</span> <span class='ocrx_word' id='word_1_195' title='bbox 514 1863 783 1902; x_wconf 88' lang='lat' dir='ltr'>moliebantur.</span> <span class='ocrx_word' id='word_1_196' title='bbox 804 1885 858 1892; x_wconf 91' lang='lat'>--</span> <span class='ocrx_word' id='word_1_197' title='bbox 873 1862 984 1900; x_wconf 80' lang='lat' dir='ltr'>Liber</span> <span class='ocrx_word' id='word_1_198' title='bbox 996 1867 1109 1912; x_wconf 83' lang='lat' dir='ltr'>septi-</span> 
     </span>
     <span class='ocr_line' id='line_1_30' title="bbox 82 1922 1107 1974; baseline -0.002 -13"><span class='ocrx_word' id='word_1_199' title='bbox 82 1938 163 1961; x_wconf 78' lang='lat' dir='ltr'>mas</span> <span class='ocrx_word' id='word_1_200' title='bbox 181 1924 298 1961; x_wconf 87' lang='lat' dir='ltr'>multa</span> <span class='ocrx_word' id='word_1_201' title='bbox 324 1922 490 1961; x_wconf 90' lang='lat' dir='ltr'>habebat</span> <span class='ocrx_word' id='word_1_202' title='bbox 512 1922 559 1960; x_wconf 93' lang='lat' dir='ltr'>de</span> <span class='ocrx_word' id='word_1_203' title='bbox 578 1922 733 1973; x_wconf 86' lang='lat' dir='ltr'>Sybari,</span> <span class='ocrx_word' id='word_1_204' title='bbox 754 1936 839 1974; x_wconf 82' lang='lat' dir='ltr'>quae</span> <span class='ocrx_word' id='word_1_205' title='bbox 854 1922 949 1960; x_wconf 85' lang='lat' dir='ltr'>urbs</span> <span class='ocrx_word' id='word_1_206' title='bbox 967 1931 1045 1959; x_wconf 89' lang='lat' dir='ltr'>tum</span> <span class='ocrx_word' id='word_1_207' title='bbox 1068 1923 1107 1960; x_wconf 93' lang='lat' dir='ltr'>in</span> 
     </span>
     <span class='ocr_line' id='line_1_31' title="bbox 83 1981 1109 2033; baseline 0 -14"><span class='ocrx_word' id='word_1_208' title='bbox 83 1981 304 2020; x_wconf 86' lang='lat' dir='ltr'>divitiarum</span> <span class='ocrx_word' id='word_1_209' title='bbox 341 1981 492 2032; x_wconf 83' lang='lat' dir='ltr'>fastigio</span> <span class='ocrx_word' id='word_1_210' title='bbox 525 1994 674 2019; x_wconf 91' lang='lat' dir='ltr'>summa</span> <span class='ocrx_word' id='word_1_211' title='bbox 707 1981 895 2033; x_wconf 87' lang='lat' dir='ltr'>gaudebat</span> <span class='ocrx_word' id='word_1_212' title='bbox 938 1982 1109 2032; x_wconf 89' lang='lat' dir='ltr'>potentia</span> 
     </span>
     <span class='ocr_line' id='line_1_32' title="bbox 83 2039 1108 2092; baseline -0.002 -13"><span class='ocrx_word' id='word_1_213' title='bbox 83 2039 255 2092; x_wconf 82' lang='lat'>(58-63).</span> <span class='ocrx_word' id='word_1_214' title='bbox 268 2041 391 2078; x_wconf 91' lang='lat' dir='ltr'>Etiam</span> <span class='ocrx_word' id='word_1_215' title='bbox 404 2040 561 2077; x_wconf 88' lang='lat' dir='ltr'>Graeciae</span> <span class='ocrx_word' id='word_1_216' title='bbox 574 2040 834 2078; x_wconf 88' lang='lat' dir='ltr'>conditionem</span> <span class='ocrx_word' id='word_1_217' title='bbox 848 2039 950 2078; x_wconf 91' lang='lat' dir='ltr'>bello</span> <span class='ocrx_word' id='word_1_218' title='bbox 958 2040 1108 2078; x_wconf 90' lang='lat' dir='ltr'>Medico</span> 
     </span>
     <span class='ocr_line' id='line_1_33' title="bbox 84 2098 1113 2152; baseline -0.002 -15"><span class='ocrx_word' id='word_1_219' title='bbox 84 2108 285 2137; x_wconf 89' lang='lat' dir='ltr'>commotae</span> <span class='ocrx_word' id='word_1_220' title='bbox 309 2099 479 2149; x_wconf 86' lang='lat' dir='ltr'>attigisse</span> <span class='ocrx_word' id='word_1_221' title='bbox 503 2099 637 2137; x_wconf 91' lang='lat' dir='ltr'>saltem</span> <span class='ocrx_word' id='word_1_222' title='bbox 662 2098 778 2137; x_wconf 90' lang='lat' dir='ltr'>debet</span> <span class='ocrx_word' id='word_1_223' title='bbox 796 2098 892 2152; x_wconf 79' lang='lat'>(57).</span> <span class='ocrx_word' id='word_1_224' title='bbox 923 2120 974 2128; x_wconf 91' lang='lat'>—</span> <span class='ocrx_word' id='word_1_225' title='bbox 1000 2098 1113 2136; x_wconf 80' lang='lat' dir='ltr'>Liber</span> 
     </span>
     <span class='ocr_line' id='line_1_34' title="bbox 82 2166 695 2208; baseline 0.002 -14"><span class='ocrx_word' id='word_1_226' title='bbox 82 2167 226 2196; x_wconf 82' lang='lat' dir='ltr'>octavus</span> <span class='ocrx_word' id='word_1_227' title='bbox 245 2171 436 2208; x_wconf 89' lang='lat' dir='ltr'>nusquam</span> <span class='ocrx_word' id='word_1_228' title='bbox 449 2166 695 2195; x_wconf 81' lang='lat' dir='ltr'>memoratur.</span> 
     </span>
    </p>

    <p class='ocr_par' dir='ltr' id='par_1_4' title="bbox 84 2216 1115 3440">
     <span class='ocr_line' id='line_1_35' title="bbox 137 2216 1110 2268; baseline 0 -14"><span class='ocrx_word' id='word_1_229' title='bbox 137 2216 231 2254; x_wconf 91' lang='lat' dir='ltr'>Inde</span> <span class='ocrx_word' id='word_1_230' title='bbox 261 2230 284 2254; x_wconf 90' lang='lat' dir='ltr'>a</span> <span class='ocrx_word' id='word_1_231' title='bbox 309 2216 400 2253; x_wconf 83' lang='lat' dir='ltr'>libro</span> <span class='ocrx_word' id='word_1_232' title='bbox 434 2230 528 2254; x_wconf 83' lang='lat' dir='ltr'>nono</span> <span class='ocrx_word' id='word_1_233' title='bbox 551 2230 653 2254; x_wconf 92' lang='lat' dir='ltr'>nova</span> <span class='ocrx_word' id='word_1_234' title='bbox 675 2230 765 2268; x_wconf 90' lang='lat' dir='ltr'>pars</span> <span class='ocrx_word' id='word_1_235' title='bbox 791 2217 927 2268; x_wconf 90' lang='lat' dir='ltr'>incipit</span> <span class='ocrx_word' id='word_1_236' title='bbox 949 2217 1110 2255; x_wconf 87' lang='lat' dir='ltr'>fortasse</span> 
     </span>
     <span class='ocr_line' id='line_1_36' title="bbox 85 2274 1111 2326; baseline 0.002 -15"><span class='ocrx_word' id='word_1_237' title='bbox 85 2275 308 2325; x_wconf 90' lang='lat' dir='ltr'>simpliciter</span> <span class='ocrx_word' id='word_1_238' title='bbox 341 2274 525 2325; x_wconf 89' lang='lat' dir='ltr'>inscripta</span> <span class='ocrx_word' id='word_1_239' title='bbox 555 2274 745 2323; x_wconf 84' lang='grc' dir='ltr'>Σικελικά,</span> <span class='ocrx_word' id='word_1_240' title='bbox 775 2276 887 2326; x_wconf 88' lang='lat' dir='ltr'>quia,</span> <span class='ocrx_word' id='word_1_241' title='bbox 917 2289 1037 2326; x_wconf 86' lang='lat' dir='ltr'>quum</span> <span class='ocrx_word' id='word_1_242' title='bbox 1070 2276 1111 2313; x_wconf 90' lang='lat' dir='ltr'>in</span> 
     </span>
     <span class='ocr_line' id='line_1_37' title="bbox 84 2332 1110 2386; baseline 0.002 -16"><span class='ocrx_word' id='word_1_243' title='bbox 84 2332 398 2371; x_wconf 88' lang='lat' dir='ltr'>antecedentibus</span> <span class='ocrx_word' id='word_1_244' title='bbox 413 2334 575 2371; x_wconf 87' lang='lat' dir='ltr'>Timaeus</span> <span class='ocrx_word' id='word_1_245' title='bbox 592 2334 764 2371; x_wconf 90' lang='lat' dir='ltr'>omnium</span> <span class='ocrx_word' id='word_1_246' title='bbox 783 2334 863 2372; x_wconf 90' lang='lat' dir='ltr'>fere</span> <span class='ocrx_word' id='word_1_247' title='bbox 876 2336 1110 2386; x_wconf 89' lang='lat' dir='ltr'>populorum</span> 
     </span>
     <span class='ocr_line' id='line_1_38' title="bbox 85 2391 1111 2442; baseline 0.002 -13"><span class='ocrx_word' id='word_1_248' title='bbox 85 2391 262 2429; x_wconf 88' lang='lat' dir='ltr'>historias</span> <span class='ocrx_word' id='word_1_249' title='bbox 273 2392 568 2442; x_wconf 88' lang='lat' dir='ltr'>perscripsisset‚</span> <span class='ocrx_word' id='word_1_250' title='bbox 578 2393 658 2442; x_wconf 86' lang='lat' dir='ltr'>jam</span> <span class='ocrx_word' id='word_1_251' title='bbox 673 2401 865 2430; x_wconf 86' lang='lat' dir='ltr'>coarctata</span> <span class='ocrx_word' id='word_1_252' title='bbox 879 2406 991 2431; x_wconf 83' lang='lat' dir='ltr'>scena</span> <span class='ocrx_word' id='word_1_253' title='bbox 1008 2402 1111 2431; x_wconf 83' lang='lat' dir='ltr'>totus</span> 
     </span>
     <span class='ocr_line' id='line_1_39' title="bbox 85 2451 1110 2502; baseline 0.003 -14"><span class='ocrx_word' id='word_1_254' title='bbox 85 2459 259 2489; x_wconf 85' lang='lat' dir='ltr'>versatus</span> <span class='ocrx_word' id='word_1_255' title='bbox 277 2464 358 2489; x_wconf 89' lang='lat' dir='ltr'>esse</span> <span class='ocrx_word' id='word_1_256' title='bbox 377 2451 535 2490; x_wconf 90' lang='lat' dir='ltr'>videtur</span> <span class='ocrx_word' id='word_1_257' title='bbox 547 2452 588 2489; x_wconf 94' lang='lat' dir='ltr'>in</span> <span class='ocrx_word' id='word_1_258' title='bbox 601 2451 718 2489; x_wconf 87' lang='lat' dir='ltr'>rebus</span> <span class='ocrx_word' id='word_1_259' title='bbox 733 2452 891 2499; x_wconf 90' lang='lat' dir='ltr'>Siculis,</span> <span class='ocrx_word' id='word_1_260' title='bbox 920 2466 1006 2502; x_wconf 85' lang='lat' dir='ltr'>quae</span> <span class='ocrx_word' id='word_1_261' title='bbox 1023 2453 1110 2491; x_wconf 87' lang='lat' dir='ltr'>inde</span> 
     </span>
     <span class='ocr_line' id='line_1_40' title="bbox 86 2512 1111 2564; baseline 0.002 -15"><span class='ocrx_word' id='word_1_262' title='bbox 86 2525 108 2549; x_wconf 90' lang='lat' dir='ltr'>a</span> <span class='ocrx_word' id='word_1_263' title='bbox 132 2512 287 2551; x_wconf 89' lang='lat' dir='ltr'>Gelonis</span> <span class='ocrx_word' id='word_1_264' title='bbox 306 2519 343 2549; x_wconf 93' lang='lat' dir='ltr'>et</span> <span class='ocrx_word' id='word_1_265' title='bbox 364 2512 554 2551; x_wconf 90' lang='lat' dir='ltr'>Theronis</span> <span class='ocrx_word' id='word_1_266' title='bbox 575 2513 702 2564; x_wconf 91' lang='lat' dir='ltr'>regnis</span> <span class='ocrx_word' id='word_1_267' title='bbox 723 2513 866 2564; x_wconf 85' lang='lat' dir='ltr'>largam</span> <span class='ocrx_word' id='word_1_268' title='bbox 886 2513 1111 2564; x_wconf 79' lang='lat' dir='ltr'>praebebant</span> 
     </span>
     <span class='ocr_line' id='line_1_41' title="bbox 89 2570 1110 2622; baseline 0.003 -15"><span class='ocrx_word' id='word_1_269' title='bbox 89 2570 281 2608; x_wconf 90' lang='lat' dir='ltr'>scribendi</span> <span class='ocrx_word' id='word_1_270' title='bbox 306 2572 517 2609; x_wconf 88' lang='lat' dir='ltr'>materiam.</span> <span class='ocrx_word' id='word_1_271' title='bbox 541 2572 799 2613; x_wconf 82' lang='lat' dir='ltr'>Nihilominus</span> <span class='ocrx_word' id='word_1_272' title='bbox 824 2586 910 2622; x_wconf 90' lang='lat' dir='ltr'>quae</span> <span class='ocrx_word' id='word_1_273' title='bbox 932 2586 980 2610; x_wconf 90' lang='lat' dir='ltr'>ex</span> <span class='ocrx_word' id='word_1_274' title='bbox 1009 2572 1110 2610; x_wconf 92' lang='lat' dir='ltr'>libro</span> 
     </span>
     <span class='ocr_line' id='line_1_42' title="bbox 86 2630 1109 2681; baseline 0.003 -15"><span class='ocrx_word' id='word_1_275' title='bbox 86 2642 189 2667; x_wconf 90' lang='lat' dir='ltr'>nono</span> <span class='ocrx_word' id='word_1_276' title='bbox 209 2630 420 2680; x_wconf 86' lang='lat' dir='ltr'>fragmenta</span> <span class='ocrx_word' id='word_1_277' title='bbox 440 2630 619 2677; x_wconf 90' lang='lat' dir='ltr'>citantur,</span> <span class='ocrx_word' id='word_1_278' title='bbox 631 2631 759 2668; x_wconf 86' lang='lat' dir='ltr'>omnia</span> <span class='ocrx_word' id='word_1_279' title='bbox 776 2639 950 2681; x_wconf 87' lang='lat' dir='ltr'>spectant</span> <span class='ocrx_word' id='word_1_280' title='bbox 963 2631 1010 2668; x_wconf 87' lang='lat' dir='ltr'>ad</span> <span class='ocrx_word' id='word_1_281' title='bbox 1030 2632 1109 2669; x_wconf 89' lang='lat' dir='ltr'>ori-</span> 
     </span>
     <span class='ocr_line' id='line_1_43' title="bbox 88 2688 1112 2740; baseline 0.004 -16"><span class='ocrx_word' id='word_1_282' title='bbox 88 2688 193 2739; x_wconf 88' lang='lat' dir='ltr'>gines</span> <span class='ocrx_word' id='word_1_283' title='bbox 220 2689 447 2735; x_wconf 89' lang='lat' dir='ltr'>Locrorum,</span> <span class='ocrx_word' id='word_1_284' title='bbox 461 2690 514 2727; x_wconf 87' lang='lat' dir='ltr'>ita</span> <span class='ocrx_word' id='word_1_285' title='bbox 526 2698 568 2727; x_wconf 90' lang='lat' dir='ltr'>ut</span> <span class='ocrx_word' id='word_1_286' title='bbox 584 2690 655 2727; x_wconf 83' lang='lat' dir='ltr'>alia</span> <span class='ocrx_word' id='word_1_287' title='bbox 674 2690 804 2740; x_wconf 87' lang='lat' dir='ltr'>potius</span> <span class='ocrx_word' id='word_1_288' title='bbox 820 2690 949 2728; x_wconf 90' lang='lat' dir='ltr'>omnia</span> <span class='ocrx_word' id='word_1_289' title='bbox 959 2690 1112 2728; x_wconf 88' lang='lat' dir='ltr'>histori-</span> 
     </span>
     <span class='ocr_line' id='line_1_44' title="bbox 89 2748 1111 2800; baseline 0.003 -17"><span class='ocrx_word' id='word_1_290' title='bbox 89 2760 155 2784; x_wconf 89' lang='lat' dir='ltr'>cus</span> <span class='ocrx_word' id='word_1_291' title='bbox 172 2756 304 2784; x_wconf 85' lang='lat' dir='ltr'>noster</span> <span class='ocrx_word' id='word_1_292' title='bbox 327 2748 448 2797; x_wconf 85' lang='lat' dir='ltr'>egisse</span> <span class='ocrx_word' id='word_1_293' title='bbox 475 2748 653 2786; x_wconf 88' lang='lat' dir='ltr'>videatur</span> <span class='ocrx_word' id='word_1_294' title='bbox 671 2762 785 2799; x_wconf 91' lang='lat' dir='ltr'>quam</span> <span class='ocrx_word' id='word_1_295' title='bbox 807 2749 847 2786; x_wconf 92' lang='lat' dir='ltr'>id</span> <span class='ocrx_word' id='word_1_296' title='bbox 870 2749 976 2800; x_wconf 88' lang='lat' dir='ltr'>quod</span> <span class='ocrx_word' id='word_1_297' title='bbox 994 2750 1111 2787; x_wconf 91' lang='lat' dir='ltr'>modo</span> 
     </span>
     <span class='ocr_line' id='line_1_45' title="bbox 87 2805 1111 2858; baseline 0.003 -16"><span class='ocrx_word' id='word_1_298' title='bbox 87 2805 374 2856; x_wconf 88' lang='lat' dir='ltr'>proposuimus.</span> <span class='ocrx_word' id='word_1_299' title='bbox 394 2809 535 2844; x_wconf 90' lang='lat' dir='ltr'>Verum</span> <span class='ocrx_word' id='word_1_300' title='bbox 549 2807 579 2844; x_wconf 93' lang='lat' dir='ltr'>si</span> <span class='ocrx_word' id='word_1_301' title='bbox 593 2807 832 2858; x_wconf 88' lang='lat' dir='ltr'>reputaveris</span> <span class='ocrx_word' id='word_1_302' title='bbox 850 2821 1002 2845; x_wconf 91' lang='lat' dir='ltr'>omnem</span> <span class='ocrx_word' id='word_1_303' title='bbox 1021 2816 1111 2845; x_wconf 90' lang='lat' dir='ltr'>tunc</span> 
     </span>
     <span class='ocr_line' id='line_1_46' title="bbox 92 2864 1111 2916; baseline 0.004 -16"><span class='ocrx_word' id='word_1_304' title='bbox 92 2864 273 2913; x_wconf 86' lang='lat' dir='ltr'>temporis</span> <span class='ocrx_word' id='word_1_305' title='bbox 289 2867 570 2914; x_wconf 88' lang='lat' dir='ltr'>Syracusarum·</span> <span class='ocrx_word' id='word_1_306' title='bbox 585 2866 781 2903; x_wconf 86' lang='lat' dir='ltr'>historiam</span> <span class='ocrx_word' id='word_1_307' title='bbox 796 2866 959 2916; x_wconf 83' lang='lat' dir='ltr'>positam</span> <span class='ocrx_word' id='word_1_308' title='bbox 976 2880 1057 2904; x_wconf 88' lang='lat' dir='ltr'>esse</span> <span class='ocrx_word' id='word_1_309' title='bbox 1073 2867 1111 2903; x_wconf 93' lang='lat' dir='ltr'>in</span> 
     </span>
     <span class='ocr_line' id='line_1_47' title="bbox 92 2921 1112 2976; baseline 0.005 -18"><span class='ocrx_word' id='word_1_310' title='bbox 92 2921 259 2959; x_wconf 90' lang='lat' dir='ltr'>motibus</span> <span class='ocrx_word' id='word_1_311' title='bbox 277 2923 363 2970; x_wconf 88' lang='lat' dir='ltr'>illis,</span> <span class='ocrx_word' id='word_1_312' title='bbox 384 2923 531 2973; x_wconf 20' lang='lat' dir='ltr'>quibus,</span> <span class='ocrx_word' id='word_1_313' title='bbox 543 2924 640 2962; x_wconf 91' lang='lat' dir='ltr'>servi</span> <span class='ocrx_word' id='word_1_314' title='bbox 663 2933 779 2975; x_wconf 88' lang='lat' dir='ltr'>atque</span> <span class='ocrx_word' id='word_1_315' title='bbox 795 2925 905 2976; x_wconf 83' lang='lat' dir='ltr'>plebs</span> <span class='ocrx_word' id='word_1_316' title='bbox 922 2939 1112 2964; x_wconf 90' lang='lat' dir='ltr'>summum</span> 
     </span>
     <span class='ocr_line' id='line_1_48' title="bbox 91 2979 1113 3031; baseline 0.005 -14"><span class='ocrx_word' id='word_1_317' title='bbox 91 2979 162 3018; x_wconf 90' lang='lat' dir='ltr'>sibi</span> <span class='ocrx_word' id='word_1_318' title='bbox 182 2981 388 3031; x_wconf 86' lang='lat' dir='ltr'>imperium</span> <span class='ocrx_word' id='word_1_319' title='bbox 404 2982 600 3019; x_wconf 80' lang='lat' dir='ltr'>vindicare</span> <span class='ocrx_word' id='word_1_320' title='bbox 619 2983 838 3030; x_wconf 85' lang='lat' dir='ltr'>studebant3</span> <span class='ocrx_word' id='word_1_321' title='bbox 864 2998 906 3021; x_wconf 89' lang='lat' dir='ltr'>ac</span> <span class='ocrx_word' id='word_1_322' title='bbox 924 2993 1043 3022; x_wconf 89' lang='lat' dir='ltr'>totam</span> <span class='ocrx_word' id='word_1_323' title='bbox 1065 2985 1113 3022; x_wconf 91' lang='lat' dir='ltr'>de</span> 
     </span>
     <span class='ocr_line' id='line_1_49' title="bbox 91 3039 1112 3093; baseline 0.006 -19"><span class='ocrx_word' id='word_1_324' title='bbox 91 3039 301 3075; x_wconf 88' lang='lat' dir='ltr'>Locrorum</span> <span class='ocrx_word' id='word_1_325' title='bbox 318 3039 530 3089; x_wconf 84' lang='lat' dir='ltr'>originibus</span> <span class='ocrx_word' id='word_1_326' title='bbox 541 3041 788 3090; x_wconf 79' lang='lat' dir='ltr'>quaestionem</span> <span class='ocrx_word' id='word_1_327' title='bbox 800 3042 887 3079; x_wconf 92' lang='lat' dir='ltr'>inde</span> <span class='ocrx_word' id='word_1_328' title='bbox 900 3043 1112 3093; x_wconf 83' lang='lat' dir='ltr'>profectam</span> 
     </span>
     <span class='ocr_line' id='line_1_50' title="bbox 92 3095 1114 3146; baseline 0.007 -14"><span class='ocrx_word' id='word_1_329' title='bbox 92 3095 233 3143; x_wconf 88' lang='lat' dir='ltr'>videri,</span> <span class='ocrx_word' id='word_1_330' title='bbox 260 3097 362 3146; x_wconf 88' lang='lat' dir='ltr'>quod</span> <span class='ocrx_word' id='word_1_331' title='bbox 379 3098 598 3136; x_wconf 88' lang='lat' dir='ltr'>Aristoteles</span> <span class='ocrx_word' id='word_1_332' title='bbox 614 3099 710 3136; x_wconf 87' lang='lat' dir='ltr'>hanc</span> <span class='ocrx_word' id='word_1_333' title='bbox 729 3100 918 3137; x_wconf 85' lang='lat' dir='ltr'>civitatem</span> <span class='ocrx_word' id='word_1_334' title='bbox 933 3115 981 3138; x_wconf 87' lang='lat' dir='ltr'>ex</span> <span class='ocrx_word' id='word_1_335' title='bbox 996 3102 1114 3139; x_wconf 88' lang='lat' dir='ltr'>servis</span> 
     </span>
     <span class='ocr_line' id='line_1_51' title="bbox 92 3155 1114 3207; baseline 0.007 -16"><span class='ocrx_word' id='word_1_336' title='bbox 92 3163 130 3192; x_wconf 91' lang='lat' dir='ltr'>et</span> <span class='ocrx_word' id='word_1_337' title='bbox 151 3155 317 3205; x_wconf 88' lang='lat' dir='ltr'>fugitivis</span> <span class='ocrx_word' id='word_1_338' title='bbox 337 3156 537 3194; x_wconf 88' lang='lat' dir='ltr'>conflatam</span> <span class='ocrx_word' id='word_1_339' title='bbox 567 3157 681 3195; x_wconf 88' lang='lat' dir='ltr'>fuisse</span> <span class='ocrx_word' id='word_1_340' title='bbox 695 3168 990 3207; x_wconf 85' lang='lat' dir='ltr'>asseveraverat,</span> <span class='ocrx_word' id='word_1_341' title='bbox 1007 3160 1114 3198; x_wconf 84' lang='lat' dir='ltr'>facile</span> 
     </span>
     <span class='ocr_line' id='line_1_52' title="bbox 93 3212 1114 3265; baseline 0.007 -17"><span class='ocrx_word' id='word_1_342' title='bbox 93 3220 150 3248; x_wconf 90' lang='lat' dir='ltr'>est</span> <span class='ocrx_word' id='word_1_343' title='bbox 163 3212 365 3257; x_wconf 87' lang='lat' dir='ltr'>intellectu,</span> <span class='ocrx_word' id='word_1_344' title='bbox 374 3215 566 3264; x_wconf 89' lang='lat' dir='ltr'>quomodo</span> <span class='ocrx_word' id='word_1_345' title='bbox 580 3228 602 3252; x_wconf 89' lang='lat' dir='ltr'>a</span> <span class='ocrx_word' id='word_1_346' title='bbox 616 3219 887 3265; x_wconf 86' lang='lat' dir='ltr'>Syracusarum</span> <span class='ocrx_word' id='word_1_347' title='bbox 898 3218 1055 3255; x_wconf 84' lang='lat' dir='ltr'>historia</span> <span class='ocrx_word' id='word_1_348' title='bbox 1068 3232 1114 3256; x_wconf 87' lang='lat' dir='ltr'>ex</span> 
     </span>
     <span class='ocr_line' id='line_1_53' title="bbox 93 3273 1114 3327; baseline 0.007 -20"><span class='ocrx_word' id='word_1_349' title='bbox 93 3283 199 3308; x_wconf 90' lang='lat' dir='ltr'>more</span> <span class='ocrx_word' id='word_1_350' title='bbox 226 3285 294 3308; x_wconf 89' lang='lat' dir='ltr'>suo</span> <span class='ocrx_word' id='word_1_351' title='bbox 318 3273 483 3310; x_wconf 81' lang='lat' dir='ltr'>Timaeus</span> <span class='ocrx_word' id='word_1_352' title='bbox 510 3273 556 3310; x_wconf 90' lang='lat' dir='ltr'>ad</span> <span class='ocrx_word' id='word_1_353' title='bbox 582 3277 725 3312; x_wconf 91' lang='lat' dir='ltr'>Locros</span> <span class='ocrx_word' id='word_1_354' title='bbox 755 3276 904 3326; x_wconf 86' lang='lat' dir='ltr'>evagari</span> <span class='ocrx_word' id='word_1_355' title='bbox 934 3278 1114 3327; x_wconf 85' lang='lat' dir='ltr'>potuerit,</span> 
     </span>
     <span class='ocr_line' id='line_1_54' title="bbox 94 3329 1113 3382; baseline 0.005 -16"><span class='ocrx_word' id='word_1_356' title='bbox 94 3329 215 3378; x_wconf 88' lang='lat' dir='ltr'>Igitur</span> <span class='ocrx_word' id='word_1_357' title='bbox 250 3329 324 3367; x_wconf 89' lang='lat' dir='ltr'>huc</span> <span class='ocrx_word' id='word_1_358' title='bbox 363 3332 554 3380; x_wconf 86' lang='lat' dir='ltr'>pertinent</span> <span class='ocrx_word' id='word_1_359' title='bbox 585 3332 796 3382; x_wconf 84' lang='lat' dir='ltr'>fragmenta</span> <span class='ocrx_word' id='word_1_360' title='bbox 826 3334 873 3371; x_wconf 90' lang='lat' dir='ltr'>de</span> <span class='ocrx_word' id='word_1_361' title='bbox 903 3338 1113 3371; x_wconf 86' lang='lat' dir='ltr'>Locrorum</span> 
     </span>
     <span class='ocr_line' id='line_1_55' title="bbox 95 3387 1115 3440; baseline 0.007 -18"><span class='ocrx_word' id='word_1_362' title='bbox 95 3387 484 3440; x_wconf 83' lang='lat' dir='ltr'>primordiis(66—69),</span> <span class='ocrx_word' id='word_1_363' title='bbox 497 3390 543 3427; x_wconf 87' lang='lat' dir='ltr'>de</span> <span class='ocrx_word' id='word_1_364' title='bbox 561 3391 764 3428; x_wconf 85' lang='lat' dir='ltr'>Aristotele</span> <span class='ocrx_word' id='word_1_365' title='bbox 783 3392 923 3428; x_wconf 90' lang='lat' dir='ltr'>insulse</span> <span class='ocrx_word' id='word_1_366' title='bbox 941 3393 1115 3430; x_wconf 84' lang='lat' dir='ltr'>traducto</span> 
     </span>
    </p>
   </div>
   <div class='ocr_carea' id='block_1_3' title="bbox 2108 181 2185 208">
    <p class='ocr_par' dir='ltr' id='par_1_5' title="bbox 2108 181 2185 208">
     <span class='ocr_line' id='line_1_56' title="bbox 2108 181 2185 208; baseline -0.013 -1"><span class='ocrx_word' id='word_1_367' title='bbox 2108 181 2185 208; x_wconf 81' lang='lat' dir='ltr'>uu</span> 
     </span>
    </p>
   </div>
   <div class='ocr_carea' id='block_1_4' title="bbox 1158 263 2192 854">
    <p class='ocr_par' dir='ltr' id='par_1_6' title="bbox 1158 263 2192 854">
     <span class='ocr_line' id='line_1_57' title="bbox 1160 263 2187 321; baseline -0.008 -13"><span class='ocrx_word' id='word_1_368' title='bbox 1160 269 1337 321; x_wconf 93' lang='lat'>(70-76)‚</span> <span class='ocrx_word' id='word_1_369' title='bbox 1359 269 1407 307; x_wconf 89' lang='lat' dir='ltr'>de</span> <span class='ocrx_word' id='word_1_370' title='bbox 1425 268 1639 320; x_wconf 85' lang='lat' dir='ltr'>Pythagora</span> <span class='ocrx_word' id='word_1_371' title='bbox 1655 265 1813 317; x_wconf 81' lang='lat' dir='ltr'>ejusque</span> <span class='ocrx_word' id='word_1_372' title='bbox 1828 263 2082 303; x_wconf 88' lang='lat' dir='ltr'>sectatoribus</span> <span class='ocrx_word' id='word_1_373' title='bbox 2101 264 2135 314; x_wconf 90' lang='lat'>(7</span> <span class='ocrx_word' id='word_1_374' title='bbox 2143 277 2187 311; x_wconf 90' lang='lat'>7-</span> 
     </span>
     <span class='ocr_line' id='line_1_58' title="bbox 1159 325 2188 381; baseline -0.007 -13"><span class='ocrx_word' id='word_1_375' title='bbox 1159 329 1244 380; x_wconf 89' lang='lat'>81),</span> <span class='ocrx_word' id='word_1_376' title='bbox 1267 343 1352 380; x_wconf 89' lang='lat' dir='ltr'>quae</span> <span class='ocrx_word' id='word_1_377' title='bbox 1371 339 1565 381; x_wconf 88' lang='lat' dir='ltr'>postrema</span> <span class='ocrx_word' id='word_1_378' title='bbox 1581 329 1612 366; x_wconf 91' lang='lat' dir='ltr'>si</span> <span class='ocrx_word' id='word_1_379' title='bbox 1628 341 1706 365; x_wconf 90' lang='lat' dir='ltr'>non</span> <span class='ocrx_word' id='word_1_380' title='bbox 1721 326 1867 372; x_wconf 91' lang='lat' dir='ltr'>omnia,</span> <span class='ocrx_word' id='word_1_381' title='bbox 1887 325 2070 363; x_wconf 88' lang='lat' dir='ltr'>nonnulla</span> <span class='ocrx_word' id='word_1_382' title='bbox 2085 332 2188 362; x_wconf 87' lang='lat' dir='ltr'>certe</span> 
     </span>
     <span class='ocr_line' id='line_1_59' title="bbox 1158 381 2188 439; baseline -0.007 -13"><span class='ocrx_word' id='word_1_383' title='bbox 1158 389 1198 425; x_wconf 92' lang='lat' dir='ltr'>in</span> <span class='ocrx_word' id='word_1_384' title='bbox 1225 389 1298 426; x_wconf 91' lang='lat' dir='ltr'>hoc</span> <span class='ocrx_word' id='word_1_385' title='bbox 1318 402 1481 426; x_wconf 87' lang='lat' dir='ltr'>excursu</span> <span class='ocrx_word' id='word_1_386' title='bbox 1501 387 1737 439; x_wconf 87' lang='lat' dir='ltr'>legebantur.</span> <span class='ocrx_word' id='word_1_387' title='bbox 1766 407 1817 414; x_wconf 94' lang='lat'><strong>—</strong></span> <span class='ocrx_word' id='word_1_388' title='bbox 1852 386 2063 435; x_wconf 88' lang='lat' dir='ltr'>Sequentes</span> <span class='ocrx_word' id='word_1_389' title='bbox 2097 381 2188 420; x_wconf 89' lang='lat' dir='ltr'>libri</span> 
     </span>
     <span class='ocr_line' id='line_1_60' title="bbox 1161 443 2190 496; baseline -0.005 -13"><span class='ocrx_word' id='word_1_390' title='bbox 1161 446 1426 496; x_wconf 88' lang='lat' dir='ltr'>Hippocratis,</span> <span class='ocrx_word' id='word_1_391' title='bbox 1459 447 1616 484; x_wconf 89' lang='lat' dir='ltr'>Gelonis</span> <span class='ocrx_word' id='word_1_392' title='bbox 1647 453 1685 483; x_wconf 90' lang='lat' dir='ltr'>et</span> <span class='ocrx_word' id='word_1_393' title='bbox 1715 443 1906 483; x_wconf 83' lang='lat' dir='ltr'>Theronis</span> <span class='ocrx_word' id='word_1_394' title='bbox 1934 451 2190 492; x_wconf 89' lang='lat' dir='ltr'>tyrannorum</span> 
     </span>
     <span class='ocr_line' id='line_1_61' title="bbox 1158 501 2189 556; baseline -0.004 -15"><span class='ocrx_word' id='word_1_395' title='bbox 1158 504 1356 542; x_wconf 86' lang='lat' dir='ltr'>historiam</span> <span class='ocrx_word' id='word_1_396' title='bbox 1378 505 1752 556; x_wconf 86' lang='lat' dir='ltr'>complectebantur;</span> <span class='ocrx_word' id='word_1_397' title='bbox 1774 511 1812 541; x_wconf 86' lang='lat' dir='ltr'>et</span> <span class='ocrx_word' id='word_1_398' title='bbox 1832 503 1922 540; x_wconf 80' lang='lat' dir='ltr'>libro</span> <span class='ocrx_word' id='word_1_399' title='bbox 1940 504 2078 539; x_wconf 81' lang='lat' dir='ltr'>decimo</span> <span class='ocrx_word' id='word_1_400' title='bbox 2097 501 2189 552; x_wconf 91' lang='lat' dir='ltr'>qui-</span> 
     </span>
     <span class='ocr_line' id='line_1_62' title="bbox 1160 559 2190 614; baseline -0.003 -14"><span class='ocrx_word' id='word_1_401' title='bbox 1160 563 1247 600; x_wconf 90' lang='lat' dir='ltr'>dem</span> <span class='ocrx_word' id='word_1_402' title='bbox 1268 564 1437 600; x_wconf 88' lang='lat' dir='ltr'>narratio</span> <span class='ocrx_word' id='word_1_403' title='bbox 1463 564 1647 614; x_wconf 84' lang='lat' dir='ltr'>perducta</span> <span class='ocrx_word' id='word_1_404' title='bbox 1667 571 1749 600; x_wconf 88' lang='lat' dir='ltr'>erat</span> <span class='ocrx_word' id='word_1_405' title='bbox 1774 562 1971 600; x_wconf 90' lang='lat' dir='ltr'>minimum</span> <span class='ocrx_word' id='word_1_406' title='bbox 1997 573 2117 611; x_wconf 90' lang='lat' dir='ltr'>usque</span> <span class='ocrx_word' id='word_1_407' title='bbox 2142 559 2190 598; x_wconf 88' lang='lat' dir='ltr'>ad</span> 
     </span>
     <span class='ocr_line' id='line_1_63' title="bbox 1160 620 2190 672; baseline -0.002 -14"><span class='ocrx_word' id='word_1_408' title='bbox 1160 634 1328 672; x_wconf 87' lang='lat' dir='ltr'>pugnam</span> <span class='ocrx_word' id='word_1_409' title='bbox 1353 634 1429 671; x_wconf 89' lang='lat' dir='ltr'>qua</span> <span class='ocrx_word' id='word_1_410' title='bbox 1449 622 1496 658; x_wconf 87' lang='lat' dir='ltr'>ad</span> <span class='ocrx_word' id='word_1_411' title='bbox 1516 623 1698 660; x_wconf 90' lang='lat' dir='ltr'>Helorum</span> <span class='ocrx_word' id='word_1_412' title='bbox 1720 621 1976 672; x_wconf 88' lang='lat' dir='ltr'>Hippocrates</span> <span class='ocrx_word' id='word_1_413' title='bbox 2009 620 2103 657; x_wconf 90' lang='lat' dir='ltr'>vicit</span> <span class='ocrx_word' id='word_1_414' title='bbox 2122 622 2190 668; x_wconf 87' lang='lat' dir='ltr'>sy-</span> 
     </span>
     <span class='ocr_line' id='line_1_64' title="bbox 1160 683 2192 736; baseline -0.004 -13"><span class='ocrx_word' id='word_1_415' title='bbox 1160 699 1366 723; x_wconf 88' lang='lat' dir='ltr'>racusanos</span> <span class='ocrx_word' id='word_1_416' title='bbox 1392 685 1507 736; x_wconf 87' lang='lat' dir='ltr'>(circa</span> <span class='ocrx_word' id='word_1_417' title='bbox 1525 687 1588 723; x_wconf 87' lang='lat' dir='ltr'>Ol.</span> <span class='ocrx_word' id='word_1_418' title='bbox 1611 699 1683 732; x_wconf 84' lang='lat'>72,</span> <span class='ocrx_word' id='word_1_419' title='bbox 1709 699 1741 733; x_wconf 86' lang='lat'>1,</span> <span class='ocrx_word' id='word_1_420' title='bbox 1769 686 1815 723; x_wconf 83' lang='lat' dir='ltr'>fr.</span> <span class='ocrx_word' id='word_1_421' title='bbox 1831 684 1909 735; x_wconf 85' lang='lat'>85).</span> <span class='ocrx_word' id='word_1_422' title='bbox 1939 683 2050 721; x_wconf 87' lang='lat' dir='ltr'>Libro</span> <span class='ocrx_word' id='word_1_423' title='bbox 2073 685 2192 721; x_wconf 78' lang='lat' dir='ltr'>unde-</span> 
     </span>
     <span class='ocr_line' id='line_1_65' title="bbox 1161 742 2192 793; baseline -0.002 -12"><span class='ocrx_word' id='word_1_424' title='bbox 1161 749 1255 781; x_wconf 79' lang='lat' dir='ltr'>cimo</span> <span class='ocrx_word' id='word_1_425' title='bbox 1286 744 1388 782; x_wconf 86' lang='lat' dir='ltr'>haud</span> <span class='ocrx_word' id='word_1_426' title='bbox 1415 743 1533 781; x_wconf 90' lang='lat' dir='ltr'>dubie</span> <span class='ocrx_word' id='word_1_427' title='bbox 1556 743 1736 781; x_wconf 92' lang='lat' dir='ltr'>traditum</span> <span class='ocrx_word' id='word_1_428' title='bbox 1762 752 1844 781; x_wconf 89' lang='lat' dir='ltr'>erat</span> <span class='ocrx_word' id='word_1_429' title='bbox 1869 743 2068 793; x_wconf 92' lang='lat' dir='ltr'>quomodo</span> <span class='ocrx_word' id='word_1_430' title='bbox 2095 742 2192 779; x_wconf 86' lang='lat' dir='ltr'>Gelo</span> 
     </span>
     <span class='ocr_line' id='line_1_66' title="bbox 1160 802 2192 854; baseline -0.004 -14"><span class='ocrx_word' id='word_1_431' title='bbox 1160 803 1294 854; x_wconf 86' lang='lat' dir='ltr'>patriae</span> <span class='ocrx_word' id='word_1_432' title='bbox 1310 802 1550 853; x_wconf 88' lang='lat' dir='ltr'>tyrannidem</span> <span class='ocrx_word' id='word_1_433' title='bbox 1566 802 1727 852; x_wconf 89' lang='lat' dir='ltr'>adeptus</span> <span class='ocrx_word' id='word_1_434' title='bbox 1745 811 1856 848; x_wconf 84' lang='lat' dir='ltr'>csset3</span> <span class='ocrx_word' id='word_1_435' title='bbox 1875 802 1965 842; x_wconf 83' lang='lat' dir='ltr'>libro</span> <span class='ocrx_word' id='word_1_436' title='bbox 1983 803 2192 838; x_wconf 83' lang='lat' dir='ltr'>duodecimo</span> 
     </span>
    </p>
   </div>
   <div class='ocr_carea' id='block_1_5' title="bbox 1161 866 2205 3447">
    <p class='ocr_par' dir='ltr' id='par_1_7' title="bbox 1161 866 2201 1564">
     <span class='ocr_line' id='line_1_67' title="bbox 1161 866 2193 917; baseline -0.002 -13"><span class='ocrx_word' id='word_1_437' title='bbox 1161 867 1496 917; x_wconf 88' lang='lat' dir='ltr'>quemadmodum,</span> <span class='ocrx_word' id='word_1_438' title='bbox 1512 866 1678 904; x_wconf 88' lang='lat' dir='ltr'>reductis</span> <span class='ocrx_word' id='word_1_439' title='bbox 1689 866 1903 914; x_wconf 89' lang='lat' dir='ltr'>Geomoris,</span> <span class='ocrx_word' id='word_1_440' title='bbox 1920 869 2193 916; x_wconf 87' lang='lat' dir='ltr'>Syracusarum</span> 
     </span>
     <span class='ocr_line' id='line_1_68' title="bbox 1162 923 2193 976; baseline -0.002 -14"><span class='ocrx_word' id='word_1_441' title='bbox 1162 925 1258 963; x_wconf 89' lang='lat' dir='ltr'>urbe</span> <span class='ocrx_word' id='word_1_442' title='bbox 1289 926 1434 976; x_wconf 89' lang='lat' dir='ltr'>potitus</span> <span class='ocrx_word' id='word_1_443' title='bbox 1465 938 1549 963; x_wconf 89' lang='lat' dir='ltr'>eam</span> <span class='ocrx_word' id='word_1_444' title='bbox 1586 924 1735 961; x_wconf 90' lang='lat' dir='ltr'>munire</span> <span class='ocrx_word' id='word_1_445' title='bbox 1766 933 1804 961; x_wconf 90' lang='lat' dir='ltr'>et</span> <span class='ocrx_word' id='word_1_446' title='bbox 1829 938 1968 975; x_wconf 87' lang='lat' dir='ltr'>augere</span> <span class='ocrx_word' id='word_1_447' title='bbox 2010 923 2193 961; x_wconf 87' lang='lat' dir='ltr'>studeret.</span> 
     </span>
     <span class='ocr_line' id='line_1_69' title="bbox 1162 982 2195 1033; baseline 0.001 -13"><span class='ocrx_word' id='word_1_448' title='bbox 1162 984 1272 1021; x_wconf 79' lang='lat' dir='ltr'>Libro</span> <span class='ocrx_word' id='word_1_449' title='bbox 1302 986 1440 1021; x_wconf 80' lang='lat' dir='ltr'>decimo</span> <span class='ocrx_word' id='word_1_450' title='bbox 1471 988 1573 1020; x_wconf 82' lang='lat' dir='ltr'>tertio</span> <span class='ocrx_word' id='word_1_451' title='bbox 1605 982 1791 1033; x_wconf 84' lang='lat' dir='ltr'>agebatur</span> <span class='ocrx_word' id='word_1_452' title='bbox 1820 983 1866 1020; x_wconf 90' lang='lat' dir='ltr'>de</span> <span class='ocrx_word' id='word_1_453' title='bbox 1897 987 2120 1021; x_wconf 81' lang='lat' dir='ltr'>Graecorum</span> <span class='ocrx_word' id='word_1_454' title='bbox 2147 983 2195 1021; x_wconf 90' lang='lat' dir='ltr'>ad</span> 
     </span>
     <span class='ocr_line' id='line_1_70' title="bbox 1163 1041 2196 1094; baseline -0.001 -13"><span class='ocrx_word' id='word_1_455' title='bbox 1163 1044 1348 1082; x_wconf 91' lang='lat' dir='ltr'>Gelonem</span> <span class='ocrx_word' id='word_1_456' title='bbox 1367 1043 1558 1093; x_wconf 87' lang='lat' dir='ltr'>legatione</span> <span class='ocrx_word' id='word_1_457' title='bbox 1574 1042 1649 1094; x_wconf 83' lang='lat'>(01.</span> <span class='ocrx_word' id='word_1_458' title='bbox 1670 1048 1732 1089; x_wconf 89' lang='grc'>74,</span> <span class='ocrx_word' id='word_1_459' title='bbox 1754 1048 1789 1086; x_wconf 87' lang='grc'>4,</span> <span class='ocrx_word' id='word_1_460' title='bbox 1806 1041 1853 1082; x_wconf 72' lang='lat' dir='ltr'>fr.</span> <span class='ocrx_word' id='word_1_461' title='bbox 1867 1043 1945 1090; x_wconf 91' lang='lat'>87),</span> <span class='ocrx_word' id='word_1_462' title='bbox 1965 1055 2079 1092; x_wconf 87' lang='lat' dir='ltr'>quam</span> <span class='ocrx_word' id='word_1_463' title='bbox 2094 1043 2196 1080; x_wconf 91' lang='lat' dir='ltr'>mul-</span> 
     </span>
     <span class='ocr_line' id='line_1_71' title="bbox 1164 1100 2196 1152; baseline -0.003 -13"><span class='ocrx_word' id='word_1_464' title='bbox 1164 1103 1210 1139; x_wconf 88' lang='lat' dir='ltr'>tis</span> <span class='ocrx_word' id='word_1_465' title='bbox 1224 1102 1411 1139; x_wconf 82' lang='lat' dir='ltr'>Timaeum</span> <span class='ocrx_word' id='word_1_466' title='bbox 1428 1108 1672 1152; x_wconf 86' lang='lat' dir='ltr'>persecutum</span> <span class='ocrx_word' id='word_1_467' title='bbox 1692 1100 1844 1137; x_wconf 85' lang='lat' dir='ltr'>scimus.</span> <span class='ocrx_word' id='word_1_468' title='bbox 1859 1122 1912 1128; x_wconf 92' lang='lat'><strong>—</strong></span> <span class='ocrx_word' id='word_1_469' title='bbox 1928 1100 2040 1137; x_wconf 86' lang='lat' dir='ltr'>Libro</span> <span class='ocrx_word' id='word_1_470' title='bbox 2057 1102 2196 1137; x_wconf 83' lang='lat' dir='ltr'>decimo</span> 
     </span>
     <span class='ocr_line' id='line_1_72' title="bbox 1163 1158 2194 1209; baseline -0.001 -13"><span class='ocrx_word' id='word_1_471' title='bbox 1163 1169 1293 1209; x_wconf 79' lang='lat' dir='ltr'>quarto</span> <span class='ocrx_word' id='word_1_472' title='bbox 1309 1160 1465 1197; x_wconf 87' lang='lat' dir='ltr'>Gelonis</span> <span class='ocrx_word' id='word_1_473' title='bbox 1486 1167 1524 1197; x_wconf 89' lang='lat' dir='ltr'>et</span> <span class='ocrx_word' id='word_1_474' title='bbox 1539 1159 1725 1196; x_wconf 88' lang='lat' dir='ltr'>Theronis</span> <span class='ocrx_word' id='word_1_475' title='bbox 1747 1158 1795 1195; x_wconf 88' lang='lat' dir='ltr'>ad</span> <span class='ocrx_word' id='word_1_476' title='bbox 1816 1158 2008 1195; x_wconf 87' lang='lat' dir='ltr'>Himeram</span> <span class='ocrx_word' id='word_1_477' title='bbox 2030 1159 2194 1196; x_wconf 83' lang='lat' dir='ltr'>victoria</span> 
     </span>
     <span class='ocr_line' id='line_1_73' title="bbox 1164 1216 2198 1270; baseline -0.002 -14"><span class='ocrx_word' id='word_1_478' title='bbox 1164 1218 1351 1256; x_wconf 87' lang='lat' dir='ltr'>celebrata</span> <span class='ocrx_word' id='word_1_479' title='bbox 1372 1227 1430 1256; x_wconf 88' lang='lat' dir='ltr'>est</span> <span class='ocrx_word' id='word_1_480' title='bbox 1448 1218 1526 1270; x_wconf 88' lang='lat' dir='ltr'>(Ol.</span> <span class='ocrx_word' id='word_1_481' title='bbox 1548 1219 1610 1265; x_wconf 88' lang='lat'>75,</span> <span class='ocrx_word' id='word_1_482' title='bbox 1631 1233 1663 1265; x_wconf 89' lang='lat'>1,</span> <span class='ocrx_word' id='word_1_483' title='bbox 1685 1218 1728 1255; x_wconf 89' lang='lat' dir='ltr'>fr.</span> <span class='ocrx_word' id='word_1_484' title='bbox 1749 1216 1826 1267; x_wconf 86' lang='lat'>89).</span> <span class='ocrx_word' id='word_1_485' title='bbox 1838 1220 1897 1254; x_wconf 86' lang='lat' dir='ltr'>Ex</span> <span class='ocrx_word' id='word_1_486' title='bbox 1910 1217 2067 1267; x_wconf 89' lang='lat' dir='ltr'>reliquis</span> <span class='ocrx_word' id='word_1_487' title='bbox 2083 1216 2198 1267; x_wconf 87' lang='lat' dir='ltr'>hujus</span> 
     </span>
     <span class='ocr_line' id='line_1_74' title="bbox 1165 1276 2197 1329; baseline -0.002 -14"><span class='ocrx_word' id='word_1_488' title='bbox 1165 1279 1285 1329; x_wconf 90' lang='lat' dir='ltr'>partis</span> <span class='ocrx_word' id='word_1_489' title='bbox 1312 1277 1444 1323; x_wconf 88' lang='lat' dir='ltr'>libris,</span> <span class='ocrx_word' id='word_1_490' title='bbox 1465 1278 1531 1328; x_wconf 92' lang='lat' dir='ltr'>qui</span> <span class='ocrx_word' id='word_1_491' title='bbox 1550 1277 1688 1316; x_wconf 88' lang='lat' dir='ltr'>Siciliae</span> <span class='ocrx_word' id='word_1_492' title='bbox 1714 1276 1913 1313; x_wconf 88' lang='lat' dir='ltr'>historiam</span> <span class='ocrx_word' id='word_1_493' title='bbox 1934 1289 2054 1326; x_wconf 88' lang='lat' dir='ltr'>usque</span> <span class='ocrx_word' id='word_1_494' title='bbox 2074 1276 2119 1313; x_wconf 90' lang='lat' dir='ltr'>ad</span> <span class='ocrx_word' id='word_1_495' title='bbox 2141 1277 2197 1314; x_wconf 92' lang='lat' dir='ltr'>Ol.</span> 
     </span>
     <span class='ocr_line' id='line_1_75' title="bbox 1166 1333 2199 1386; baseline -0.003 -12"><span class='ocrx_word' id='word_1_496' title='bbox 1166 1337 1216 1374; x_wconf 88' lang='lat'>88</span> <span class='ocrx_word' id='word_1_497' title='bbox 1234 1335 1612 1386; x_wconf 89' lang='lat' dir='ltr'>complectebantur,</span> <span class='ocrx_word' id='word_1_498' title='bbox 1633 1348 1752 1386; x_wconf 90' lang='lat' dir='ltr'>quum</span> <span class='ocrx_word' id='word_1_499' title='bbox 1777 1334 1854 1371; x_wconf 93' lang='lat' dir='ltr'>duo</span> <span class='ocrx_word' id='word_1_500' title='bbox 1875 1342 2024 1372; x_wconf 91' lang='lat' dir='ltr'>tantum</span> <span class='ocrx_word' id='word_1_501' title='bbox 2041 1333 2088 1372; x_wconf 93' lang='lat' dir='ltr'>de</span> <span class='ocrx_word' id='word_1_502' title='bbox 2104 1338 2199 1372; x_wconf 90' lang='lat' dir='ltr'>Em-</span> 
     </span>
     <span class='ocr_line' id='line_1_76' title="bbox 1166 1393 2201 1446; baseline -0.001 -14"><span class='ocrx_word' id='word_1_503' title='bbox 1166 1395 1326 1446; x_wconf 89' lang='lat' dir='ltr'>pedocle</span> <span class='ocrx_word' id='word_1_504' title='bbox 1351 1395 1566 1445; x_wconf 88' lang='lat' dir='ltr'>fragmenta</span> <span class='ocrx_word' id='word_1_505' title='bbox 1590 1408 1676 1432; x_wconf 91' lang='lat' dir='ltr'>cum</span> <span class='ocrx_word' id='word_1_506' title='bbox 1706 1393 1896 1431; x_wconf 88' lang='lat' dir='ltr'>librorum</span> <span class='ocrx_word' id='word_1_507' title='bbox 1918 1393 2058 1432; x_wconf 89' lang='lat' dir='ltr'>notitia</span> <span class='ocrx_word' id='word_1_508' title='bbox 2088 1393 2201 1431; x_wconf 87' lang='lat' dir='ltr'>nobis</span> 
     </span>
     <span class='ocr_line' id='line_1_77' title="bbox 1166 1452 2199 1504; baseline 0.001 -14"><span class='ocrx_word' id='word_1_509' title='bbox 1166 1461 1315 1491; x_wconf 89' lang='lat' dir='ltr'>servata</span> <span class='ocrx_word' id='word_1_510' title='bbox 1330 1454 1419 1501; x_wconf 87' lang='lat' dir='ltr'>sint,</span> <span class='ocrx_word' id='word_1_511' title='bbox 1443 1466 1573 1491; x_wconf 89' lang='lat' dir='ltr'>rerum</span> <span class='ocrx_word' id='word_1_512' title='bbox 1590 1452 1901 1491; x_wconf 89' lang='lat' dir='ltr'>distributionem</span> <span class='ocrx_word' id='word_1_513' title='bbox 1917 1466 1964 1491; x_wconf 93' lang='lat' dir='ltr'>ne</span> <span class='ocrx_word' id='word_1_514' title='bbox 1978 1453 2199 1504; x_wconf 85' lang='lat' dir='ltr'>conjectura</span> 
     </span>
     <span class='ocr_line' id='line_1_78' title="bbox 1166 1513 1572 1564; baseline 0 -14"><span class='ocrx_word' id='word_1_515' title='bbox 1166 1513 1322 1564; x_wconf 90' lang='lat' dir='ltr'>quidem</span> <span class='ocrx_word' id='word_1_516' title='bbox 1345 1513 1572 1564; x_wconf 84' lang='lat' dir='ltr'>assequaris.</span> 
     </span>
    </p>

    <p class='ocr_par' dir='ltr' id='par_1_8' title="bbox 1166 1569 2205 3447">
     <span class='ocr_line' id='line_1_79' title="bbox 1218 1569 2202 1623; baseline -0.003 -14"><span class='ocrx_word' id='word_1_517' title='bbox 1218 1572 1344 1609; x_wconf 89' lang='lat' dir='ltr'>Altera</span> <span class='ocrx_word' id='word_1_518' title='bbox 1360 1572 1488 1623; x_wconf 87' lang='lat' dir='ltr'>operis</span> <span class='ocrx_word' id='word_1_519' title='bbox 1505 1585 1594 1623; x_wconf 86' lang='lat' dir='ltr'>pars</span> <span class='ocrx_word' id='word_1_520' title='bbox 1606 1601 1617 1621; x_wconf 93' lang='lat'>,</span> <span class='ocrx_word' id='word_1_521' title='bbox 1646 1572 1772 1615; x_wconf 68' lang='lat' dir='ltr'>Sicula</span> <span class='ocrx_word' id='word_1_522' title='bbox 1793 1580 1831 1608; x_wconf 82' lang='lat' dir='ltr'>et</span> <span class='ocrx_word' id='word_1_523' title='bbox 1848 1573 2044 1608; x_wconf 77' lang='lat' dir='ltr'>Hellenica</span> <span class='ocrx_word' id='word_1_524' title='bbox 2067 1569 2202 1607; x_wconf 90' lang='lat' dir='ltr'>inscri-</span> 
     </span>
     <span class='ocr_line' id='line_1_80' title="bbox 1167 1629 2200 1681; baseline -0.002 -13"><span class='ocrx_word' id='word_1_525' title='bbox 1167 1639 1246 1681; x_wconf 88' lang='lat' dir='ltr'>pta,</span> <span class='ocrx_word' id='word_1_526' title='bbox 1260 1631 1559 1669; x_wconf 88' lang='lat' dir='ltr'>exorsavidetur</span> <span class='ocrx_word' id='word_1_527' title='bbox 1578 1645 1598 1669; x_wconf 90' lang='lat' dir='ltr'>a</span> <span class='ocrx_word' id='word_1_528' title='bbox 1611 1634 1941 1680; x_wconf 85' lang='lat' dir='ltr'>Syracusanorum</span> <span class='ocrx_word' id='word_1_529' title='bbox 1956 1629 2200 1668; x_wconf 85' lang='lat' dir='ltr'>hellocontra</span> 
     </span>
     <span class='ocr_line' id='line_1_81' title="bbox 1166 1688 2200 1741; baseline -0.003 -13"><span class='ocrx_word' id='word_1_530' title='bbox 1166 1690 1394 1736; x_wconf 88' lang='lat' dir='ltr'>Leontinos,</span> <span class='ocrx_word' id='word_1_531' title='bbox 1413 1690 1479 1741; x_wconf 90' lang='lat' dir='ltr'>qui</span> <span class='ocrx_word' id='word_1_532' title='bbox 1501 1690 1578 1741; x_wconf 93' lang='lat' dir='ltr'>(Ol.</span> <span class='ocrx_word' id='word_1_533' title='bbox 1599 1691 1663 1736; x_wconf 88' lang='grc'>88,</span> <span class='ocrx_word' id='word_1_534' title='bbox 1684 1689 1724 1739; x_wconf 81' lang='lat'>2)</span> <span class='ocrx_word' id='word_1_535' title='bbox 1746 1689 1928 1739; x_wconf 88' lang='lat' dir='ltr'>Gorgiam</span> <span class='ocrx_word' id='word_1_536' title='bbox 1947 1696 2138 1726; x_wconf 84' lang='lat' dir='ltr'>oratorem</span> <span class='ocrx_word' id='word_1_537' title='bbox 2154 1688 2200 1726; x_wconf 91' lang='lat' dir='ltr'>ad</span> 
     </span>
     <span class='ocr_line' id='line_1_82' title="bbox 1166 1747 2203 1799; baseline -0.001 -14"><span class='ocrx_word' id='word_1_538' title='bbox 1166 1748 1450 1799; x_wconf 90' lang='lat' dir='ltr'>implorandum</span> <span class='ocrx_word' id='word_1_539' title='bbox 1479 1749 1663 1786; x_wconf 88' lang='lat' dir='ltr'>auxilium</span> <span class='ocrx_word' id='word_1_540' title='bbox 1692 1748 1877 1786; x_wconf 84' lang='lat' dir='ltr'>miserunt</span> <span class='ocrx_word' id='word_1_541' title='bbox 1907 1747 2089 1785; x_wconf 83' lang='lat' dir='ltr'>Athenas.</span> <span class='ocrx_word' id='word_1_542' title='bbox 2119 1750 2203 1796; x_wconf 89' lang='lat' dir='ltr'>Qua</span> 
     </span>
     <span class='ocr_line' id='line_1_83' title="bbox 1168 1805 2203 1859; baseline 0 -15"><span class='ocrx_word' id='word_1_543' title='bbox 1168 1807 1368 1845; x_wconf 89' lang='lat' dir='ltr'>occasione</span> <span class='ocrx_word' id='word_1_544' title='bbox 1386 1815 1427 1844; x_wconf 93' lang='lat' dir='ltr'>ut</span> <span class='ocrx_word' id='word_1_545' title='bbox 1444 1807 1639 1844; x_wconf 89' lang='lat' dir='ltr'>Diodorus</span> <span class='ocrx_word' id='word_1_546' title='bbox 1659 1806 1766 1859; x_wconf 84' lang='lat' dir='ltr'>(XII,</span> <span class='ocrx_word' id='word_1_547' title='bbox 1791 1807 1855 1858; x_wconf 80' lang='lat'>53)</span> <span class='ocrx_word' id='word_1_548' title='bbox 1877 1805 1992 1856; x_wconf 87' lang='lat' dir='ltr'>hujus</span> <span class='ocrx_word' id='word_1_549' title='bbox 2011 1806 2203 1856; x_wconf 90' lang='lat' dir='ltr'>eloquen-</span> 
     </span>
     <span class='ocr_line' id='line_1_84' title="bbox 1168 1866 2202 1918; baseline -0.001 -12"><span class='ocrx_word' id='word_1_550' title='bbox 1168 1868 1230 1906; x_wconf 89' lang='lat' dir='ltr'>tiae</span> <span class='ocrx_word' id='word_1_551' title='bbox 1242 1869 1410 1906; x_wconf 92' lang='lat' dir='ltr'>indolem</span> <span class='ocrx_word' id='word_1_552' title='bbox 1429 1867 1632 1915; x_wconf 74' lang='lat' dir='ltr'>describit,</span> <span class='ocrx_word' id='word_1_553' title='bbox 1656 1868 1710 1905; x_wconf 92' lang='lat' dir='ltr'>sic</span> <span class='ocrx_word' id='word_1_554' title='bbox 1730 1868 1915 1905; x_wconf 83' lang='lat' dir='ltr'>Timaeum</span> <span class='ocrx_word' id='word_1_555' title='bbox 1932 1879 2088 1918; x_wconf 83' lang='lat' dir='ltr'>quoque</span> <span class='ocrx_word' id='word_1_556' title='bbox 2104 1866 2202 1905; x_wconf 91' lang='lat' dir='ltr'>uhe-</span> 
     </span>
     <span class='ocr_line' id='line_1_85' title="bbox 1167 1925 2202 1977; baseline -0.001 -12"><span class='ocrx_word' id='word_1_557' title='bbox 1167 1927 1246 1965; x_wconf 89' lang='lat' dir='ltr'>rius</span> <span class='ocrx_word' id='word_1_558' title='bbox 1262 1927 1310 1965; x_wconf 91' lang='lat' dir='ltr'>de</span> <span class='ocrx_word' id='word_1_559' title='bbox 1327 1927 1396 1964; x_wconf 90' lang='lat' dir='ltr'>hac</span> <span class='ocrx_word' id='word_1_560' title='bbox 1413 1941 1454 1965; x_wconf 88' lang='lat' dir='ltr'>re</span> <span class='ocrx_word' id='word_1_561' title='bbox 1468 1927 1689 1965; x_wconf 85' lang='lat' dir='ltr'>disseruisse</span> <span class='ocrx_word' id='word_1_562' title='bbox 1704 1927 1918 1977; x_wconf 85' lang='lat' dir='ltr'>fragmento</span> <span class='ocrx_word' id='word_1_563' title='bbox 1932 1926 1982 1976; x_wconf 85' lang='lat'>95</span> <span class='ocrx_word' id='word_1_564' title='bbox 1999 1925 2202 1964; x_wconf 83' lang='lat' dir='ltr'>indicatur.</span> 
     </span>
     <span class='ocr_line' id='line_1_86' title="bbox 1169 1986 2204 2037; baseline -0.002 -13"><span class='ocrx_word' id='word_1_565' title='bbox 1169 1989 1347 2024; x_wconf 87' lang='lat' dir='ltr'>Ceterum</span> <span class='ocrx_word' id='word_1_566' title='bbox 1363 1987 1394 2024; x_wconf 92' lang='lat' dir='ltr'>si</span> <span class='ocrx_word' id='word_1_567' title='bbox 1407 2000 1526 2024; x_wconf 91' lang='lat' dir='ltr'>unum</span> <span class='ocrx_word' id='word_1_568' title='bbox 1543 1986 1672 2023; x_wconf 91' lang='lat' dir='ltr'>locum</span> <span class='ocrx_word' id='word_1_569' title='bbox 1690 1986 1917 2037; x_wconf 81' lang='lat' dir='ltr'>praeclarum</span> <span class='ocrx_word' id='word_1_570' title='bbox 1934 1998 2024 2022; x_wconf 91' lang='lat' dir='ltr'>sane</span> <span class='ocrx_word' id='word_1_571' title='bbox 2042 1998 2204 2036; x_wconf 83' lang='lat' dir='ltr'>excepe-</span> 
     </span>
     <span class='ocr_line' id='line_1_87' title="bbox 1167 2044 2199 2096; baseline -0.002 -13"><span class='ocrx_word' id='word_1_572' title='bbox 1167 2046 1219 2083; x_wconf 89' lang='lat' dir='ltr'>ris</span> <span class='ocrx_word' id='word_1_573' title='bbox 1240 2046 1299 2096; x_wconf 88' lang='lat' dir='ltr'>(fr.</span> <span class='ocrx_word' id='word_1_574' title='bbox 1317 2046 1398 2096; x_wconf 88' lang='lat'>96),</span> <span class='ocrx_word' id='word_1_575' title='bbox 1419 2046 1549 2083; x_wconf 88' lang='lat' dir='ltr'>omnia</span> <span class='ocrx_word' id='word_1_576' title='bbox 1569 2046 1667 2092; x_wconf 86' lang='lat' dir='ltr'>fere,</span> <span class='ocrx_word' id='word_1_577' title='bbox 1687 2058 1773 2096; x_wconf 88' lang='lat' dir='ltr'>quae</span> <span class='ocrx_word' id='word_1_578' title='bbox 1789 2045 1836 2082; x_wconf 92' lang='lat' dir='ltr'>ad</span> <span class='ocrx_word' id='word_1_579' title='bbox 1854 2045 1928 2082; x_wconf 93' lang='lat' dir='ltr'>hoc</span> <span class='ocrx_word' id='word_1_580' title='bbox 1948 2044 2091 2082; x_wconf 86' lang='lat' dir='ltr'>bellum</span> <span class='ocrx_word' id='word_1_581' title='bbox 2109 2058 2199 2095; x_wconf 84' lang='lat' dir='ltr'>per-</span> 
     </span>
     <span class='ocr_line' id='line_1_88' title="bbox 1169 2096 2205 2155; baseline -0.001 -13"><span class='ocrx_word' id='word_1_582' title='bbox 1169 2105 1304 2152; x_wconf 89' lang='lat' dir='ltr'>tinent,</span> <span class='ocrx_word' id='word_1_583' title='bbox 1313 2105 1472 2155; x_wconf 89' lang='lat' dir='ltr'>periere.</span> <span class='ocrx_word' id='word_1_584' title='bbox 1481 2104 1693 2142; x_wconf 86' lang='lat' dir='ltr'>Secundam</span> <span class='ocrx_word' id='word_1_585' title='bbox 1705 2096 1989 2154; x_wconf 87' lang='lat' dir='ltr'>expeditionem</span> <span class='ocrx_word' id='word_1_586' title='bbox 2001 2103 2205 2141; x_wconf 83' lang='lat' dir='ltr'>Athenien-</span> 
     </span>
     <span class='ocr_line' id='line_1_89' title="bbox 1169 2162 2204 2215; baseline 0.001 -15"><span class='ocrx_word' id='word_1_587' title='bbox 1169 2164 1266 2201; x_wconf 87' lang='lat' dir='ltr'>sium</span> <span class='ocrx_word' id='word_1_588' title='bbox 1294 2164 1333 2201; x_wconf 92' lang='lat' dir='ltr'>in</span> <span class='ocrx_word' id='word_1_589' title='bbox 1353 2164 1519 2201; x_wconf 90' lang='lat' dir='ltr'>Siciliam</span> <span class='ocrx_word' id='word_1_590' title='bbox 1549 2163 1623 2215; x_wconf 92' lang='lat' dir='ltr'>(Ol.</span> <span class='ocrx_word' id='word_1_591' title='bbox 1642 2177 1712 2213; x_wconf 83' lang='lat'>91,</span> <span class='ocrx_word' id='word_1_592' title='bbox 1739 2164 1774 2213; x_wconf 83' lang='lat'>2)</span> <span class='ocrx_word' id='word_1_593' title='bbox 1797 2176 1970 2201; x_wconf 86' lang='lat' dir='ltr'>narrasse</span> <span class='ocrx_word' id='word_1_594' title='bbox 2000 2162 2152 2200; x_wconf 88' lang='lat' dir='ltr'>videtur</span> <span class='ocrx_word' id='word_1_595' title='bbox 2182 2178 2204 2201; x_wconf 90' lang='lat' dir='ltr'>a</span> 
     </span>
     <span class='ocr_line' id='line_1_90' title="bbox 1168 2220 2202 2272; baseline 0 -13"><span class='ocrx_word' id='word_1_596' title='bbox 1168 2221 1268 2260; x_wconf 90' lang='lat' dir='ltr'>libro</span> <span class='ocrx_word' id='word_1_597' title='bbox 1279 2222 1430 2260; x_wconf 92' lang='lat' dir='ltr'>decimo</span> <span class='ocrx_word' id='word_1_598' title='bbox 1443 2235 1565 2272; x_wconf 91' lang='lat' dir='ltr'>usque</span> <span class='ocrx_word' id='word_1_599' title='bbox 1577 2222 1625 2259; x_wconf 91' lang='lat' dir='ltr'>ad</span> <span class='ocrx_word' id='word_1_600' title='bbox 1637 2222 1739 2260; x_wconf 79' lang='lat' dir='ltr'>xlv.</span> <span class='ocrx_word' id='word_1_601' title='bbox 1753 2222 1937 2272; x_wconf 87' lang='lat' dir='ltr'>Sequitur</span> <span class='ocrx_word' id='word_1_602' title='bbox 1945 2220 2089 2258; x_wconf 90' lang='lat' dir='ltr'>bellum</span> <span class='ocrx_word' id='word_1_603' title='bbox 2105 2225 2202 2260; x_wconf 88' lang='lat' dir='ltr'>Car-</span> 
     </span>
     <span class='ocr_line' id='line_1_91' title="bbox 1171 2279 2203 2331; baseline 0.002 -15"><span class='ocrx_word' id='word_1_604' title='bbox 1171 2279 1407 2330; x_wconf 88' lang='lat' dir='ltr'>thaginiense</span> <span class='ocrx_word' id='word_1_605' title='bbox 1429 2281 1504 2331; x_wconf 89' lang='grc'><strong>(01.</strong></span> <span class='ocrx_word' id='word_1_606' title='bbox 1523 2293 1572 2330; x_wconf 80' lang='lat'>9²</span> <span class='ocrx_word' id='word_1_607' title='bbox 1586 2310 1596 2328; x_wconf 97' lang='lat'>,</span> <span class='ocrx_word' id='word_1_608' title='bbox 1626 2281 1662 2330; x_wconf 82' lang='lat'>3)</span> <span class='ocrx_word' id='word_1_609' title='bbox 1675 2309 1688 2329; x_wconf 97' lang='lat'>,</span> <span class='ocrx_word' id='word_1_610' title='bbox 1720 2279 1826 2330; x_wconf 91' lang='lat' dir='ltr'>quod</span> <span class='ocrx_word' id='word_1_611' title='bbox 1847 2293 1894 2317; x_wconf 88' lang='lat' dir='ltr'>ex</span> <span class='ocrx_word' id='word_1_612' title='bbox 1914 2280 2055 2317; x_wconf 83' lang='lat' dir='ltr'>Timaeo</span> <span class='ocrx_word' id='word_1_613' title='bbox 2074 2280 2114 2317; x_wconf 85' lang='lat' dir='ltr'>in</span> <span class='ocrx_word' id='word_1_614' title='bbox 2135 2293 2203 2318; x_wconf 87' lang='lat' dir='ltr'>sua</span> 
     </span>
     <span class='ocr_line' id='line_1_92' title="bbox 1172 2339 2201 2390; baseline 0 -15"><span class='ocrx_word' id='word_1_615' title='bbox 1172 2339 1364 2376; x_wconf 81' lang='lat' dir='ltr'>transtulit</span> <span class='ocrx_word' id='word_1_616' title='bbox 1382 2339 1578 2377; x_wconf 90' lang='lat' dir='ltr'>Diodorus</span> <span class='ocrx_word' id='word_1_617' title='bbox 1601 2339 1730 2389; x_wconf 73' lang='lat' dir='ltr'>(XIII,</span> <span class='ocrx_word' id='word_1_618' title='bbox 1742 2339 1787 2383; x_wconf 84' lang='grc'>54</span> <span class='ocrx_word' id='word_1_619' title='bbox 1801 2339 1910 2389; x_wconf 83' lang='lat' dir='ltr'>sqq.).</span> <span class='ocrx_word' id='word_1_620' title='bbox 1931 2341 2059 2390; x_wconf 84' lang='lat' dir='ltr'>Atque</span> <span class='ocrx_word' id='word_1_621' title='bbox 2076 2339 2201 2389; x_wconf 86' lang='lat' dir='ltr'>prima</span> 
     </span>
     <span class='ocr_line' id='line_1_93' title="bbox 1172 2396 2198 2448; baseline 0 -14"><span class='ocrx_word' id='word_1_622' title='bbox 1172 2396 1263 2434; x_wconf 90' lang='lat' dir='ltr'>belli</span> <span class='ocrx_word' id='word_1_623' title='bbox 1290 2410 1403 2448; x_wconf 90' lang='lat' dir='ltr'>pars,</span> <span class='ocrx_word' id='word_1_624' title='bbox 1437 2397 1645 2435; x_wconf 90' lang='lat' dir='ltr'>Selinuntis</span> <span class='ocrx_word' id='word_1_625' title='bbox 1676 2397 1917 2448; x_wconf 82' lang='lat' dir='ltr'>oppugnatio</span> <span class='ocrx_word' id='word_1_626' title='bbox 1948 2405 1986 2434; x_wconf 88' lang='lat' dir='ltr'>et</span> <span class='ocrx_word' id='word_1_627' title='bbox 2010 2397 2198 2434; x_wconf 87' lang='lat' dir='ltr'>excidium</span> 
     </span>
     <span class='ocr_line' id='line_1_94' title="bbox 1169 2454 2201 2506; baseline 0 -14"><span class='ocrx_word' id='word_1_628' title='bbox 1169 2454 1291 2506; x_wconf 82' lang='lat' dir='ltr'>(cujus</span> <span class='ocrx_word' id='word_1_629' title='bbox 1307 2456 1508 2495; x_wconf 88' lang='lat' dir='ltr'>infortunii</span> <span class='ocrx_word' id='word_1_630' title='bbox 1524 2455 1730 2506; x_wconf 86' lang='lat' dir='ltr'>descriptio</span> <span class='ocrx_word' id='word_1_631' title='bbox 1742 2457 1871 2493; x_wconf 90' lang='lat' dir='ltr'>colore</span> <span class='ocrx_word' id='word_1_632' title='bbox 1886 2456 2079 2493; x_wconf 90' lang='lat' dir='ltr'>rhetorico</span> <span class='ocrx_word' id='word_1_633' title='bbox 2096 2457 2201 2506; x_wconf 87' lang='lat' dir='ltr'>apud</span> 
     </span>
     <span class='ocr_line' id='line_1_95' title="bbox 1172 2513 2202 2565; baseline 0.001 -14"><span class='ocrx_word' id='word_1_634' title='bbox 1172 2514 1385 2553; x_wconf 89' lang='lat' dir='ltr'>Diodorum</span> <span class='ocrx_word' id='word_1_635' title='bbox 1418 2514 1598 2553; x_wconf 87' lang='lat' dir='ltr'>distincta</span> <span class='ocrx_word' id='word_1_636' title='bbox 1617 2515 1900 2565; x_wconf 89' lang='lat' dir='ltr'>quammaxime</span> <span class='ocrx_word' id='word_1_637' title='bbox 1918 2513 2049 2564; x_wconf 87' lang='lat' dir='ltr'>prodit</span> <span class='ocrx_word' id='word_1_638' title='bbox 2066 2514 2202 2552; x_wconf 87' lang='lat' dir='ltr'>Timae-</span> 
     </span>
     <span class='ocr_line' id='line_1_96' title="bbox 1171 2572 2199 2624; baseline 0.001 -15"><span class='ocrx_word' id='word_1_639' title='bbox 1171 2572 1271 2623; x_wconf 87' lang='lat' dir='ltr'>um),</span> <span class='ocrx_word' id='word_1_640' title='bbox 1289 2573 1429 2610; x_wconf 92' lang='lat' dir='ltr'>deinde</span> <span class='ocrx_word' id='word_1_641' title='bbox 1457 2574 1622 2611; x_wconf 83' lang='lat' dir='ltr'>Himerae</span> <span class='ocrx_word' id='word_1_642' title='bbox 1642 2573 1854 2611; x_wconf 87' lang='lat' dir='ltr'>devastatio</span> <span class='ocrx_word' id='word_1_643' title='bbox 1878 2574 2009 2624; x_wconf 84' lang='lat'>(01.92</span> <span class='ocrx_word' id='word_1_644' title='bbox 2022 2572 2083 2622; x_wconf 86' lang='grc'>,4)</span> <span class='ocrx_word' id='word_1_645' title='bbox 2104 2586 2199 2610; x_wconf 90' lang='lat' dir='ltr'>con-</span> 
     </span>
     <span class='ocr_line' id='line_1_97' title="bbox 1171 2630 2205 2683; baseline -0.001 -15"><span class='ocrx_word' id='word_1_646' title='bbox 1171 2631 1393 2670; x_wconf 85' lang='lat' dir='ltr'>tinebantur</span> <span class='ocrx_word' id='word_1_647' title='bbox 1410 2631 1508 2670; x_wconf 87' lang='lat' dir='ltr'>libro</span> <span class='ocrx_word' id='word_1_648' title='bbox 1523 2634 1663 2669; x_wconf 84' lang='lat' dir='ltr'>decimo</span> <span class='ocrx_word' id='word_1_649' title='bbox 1679 2642 1809 2682; x_wconf 82' lang='lat' dir='ltr'>quarto</span> <span class='ocrx_word' id='word_1_650' title='bbox 1825 2632 1884 2683; x_wconf 88' lang='lat' dir='ltr'>(fr.</span> <span class='ocrx_word' id='word_1_651' title='bbox 1904 2632 1974 2668; x_wconf 90' lang='lat'>108</span> <span class='ocrx_word' id='word_1_652' title='bbox 1992 2630 2075 2681; x_wconf 82' lang='lat' dir='ltr'>sq.).</span> <span class='ocrx_word' id='word_1_653' title='bbox 2092 2631 2205 2668; x_wconf 77' lang='lat' dir='ltr'>Libet·</span> 
     </span>
     <span class='ocr_line' id='line_1_98' title="bbox 1168 2690 2200 2740; baseline 0.002 -14"><span class='ocrx_word' id='word_1_654' title='bbox 1168 2693 1330 2727; x_wconf 78' lang='lat' dir='ltr'>decimus</span> <span class='ocrx_word' id='word_1_655' title='bbox 1342 2695 1489 2740; x_wconf 81' lang='lat' dir='ltr'>quintus</span> <span class='ocrx_word' id='word_1_656' title='bbox 1512 2691 1715 2728; x_wconf 87' lang='lat' dir='ltr'>enarrabat</span> <span class='ocrx_word' id='word_1_657' title='bbox 1737 2690 1996 2728; x_wconf 88' lang='lat' dir='ltr'>Hermocratis</span> <span class='ocrx_word' id='word_1_658' title='bbox 2017 2703 2062 2726; x_wconf 87' lang='lat' dir='ltr'>ex</span> <span class='ocrx_word' id='word_1_659' title='bbox 2082 2690 2200 2728; x_wconf 85' lang='lat' dir='ltr'>exilio</span> 
     </span>
     <span class='ocr_line' id='line_1_99' title="bbox 1170 2748 2199 2801; baseline -0.001 -13"><span class='ocrx_word' id='word_1_660' title='bbox 1170 2751 1314 2788; x_wconf 90' lang='lat' dir='ltr'>reversi</span> <span class='ocrx_word' id='word_1_661' title='bbox 1341 2751 1381 2787; x_wconf 91' lang='lat' dir='ltr'>in</span> <span class='ocrx_word' id='word_1_662' title='bbox 1410 2750 1780 2801; x_wconf 87' lang='lat' dir='ltr'>Carthaginiensium</span> <span class='ocrx_word' id='word_1_663' title='bbox 1811 2761 1922 2798; x_wconf 87' lang='lat' dir='ltr'>agros</span> <span class='ocrx_word' id='word_1_664' title='bbox 1952 2748 2199 2787; x_wconf 83' lang='lat' dir='ltr'>excursiones</span> 
     </span>
     <span class='ocr_line' id='line_1_100' title="bbox 1170 2807 2199 2859; baseline -0.001 -13"><span class='ocrx_word' id='word_1_665' title='bbox 1170 2823 1212 2846; x_wconf 89' lang='lat' dir='ltr'>ac</span> <span class='ocrx_word' id='word_1_666' title='bbox 1231 2822 1370 2846; x_wconf 88' lang='lat' dir='ltr'>novam</span> <span class='ocrx_word' id='word_1_667' title='bbox 1385 2809 1668 2859; x_wconf 88' lang='lat' dir='ltr'>expeditionem</span> <span class='ocrx_word' id='word_1_668' title='bbox 1684 2807 1905 2846; x_wconf 87' lang='lat' dir='ltr'>Hamilcaris</span> <span class='ocrx_word' id='word_1_669' title='bbox 1922 2814 1959 2843; x_wconf 89' lang='lat' dir='ltr'>et</span> <span class='ocrx_word' id='word_1_670' title='bbox 1971 2807 2199 2845; x_wconf 87' lang='lat' dir='ltr'>Himilconis</span> 
     </span>
     <span class='ocr_line' id='line_1_101' title="bbox 1174 2865 2198 2917; baseline 0 -13"><span class='ocrx_word' id='word_1_671' title='bbox 1174 2868 1242 2917; x_wconf 91' lang='lat' dir='ltr'>(Ol.</span> <span class='ocrx_word' id='word_1_672' title='bbox 1265 2869 1313 2917; x_wconf 79' lang='lat'>93</span> <span class='ocrx_word' id='word_1_673' title='bbox 1327 2897 1338 2915; x_wconf 95' lang='lat'>,</span> <span class='ocrx_word' id='word_1_674' title='bbox 1358 2868 1394 2915; x_wconf 85' lang='lat'>3,</span> <span class='ocrx_word' id='word_1_675' title='bbox 1415 2868 1462 2905; x_wconf 87' lang='lat' dir='ltr'>fr.</span> <span class='ocrx_word' id='word_1_676' title='bbox 1488 2867 1588 2917; x_wconf 85' lang='lat'>110).</span> <span class='ocrx_word' id='word_1_677' title='bbox 1609 2871 1746 2904; x_wconf 86' lang='lat' dir='ltr'>Totam</span> <span class='ocrx_word' id='word_1_678' title='bbox 1769 2866 1849 2903; x_wconf 91' lang='lat' dir='ltr'>vim</span> <span class='ocrx_word' id='word_1_679' title='bbox 1870 2865 2198 2916; x_wconf 82' lang='lat' dir='ltr'>Carthaginienses</span> 
     </span>
     <span class='ocr_line' id='line_1_102' title="bbox 1171 2923 2198 2976; baseline 0 -13"><span class='ocrx_word' id='word_1_680' title='bbox 1171 2927 1209 2963; x_wconf 90' lang='lat' dir='ltr'>in</span> <span class='ocrx_word' id='word_1_681' title='bbox 1227 2926 1478 2976; x_wconf 87' lang='lat' dir='ltr'>Agrigentum</span> <span class='ocrx_word' id='word_1_682' title='bbox 1498 2933 1779 2962; x_wconf 87' lang='lat' dir='ltr'>converterunt.</span> <span class='ocrx_word' id='word_1_683' title='bbox 1800 2926 1885 2969; x_wconf 85' lang='lat' dir='ltr'>Qua</span> <span class='ocrx_word' id='word_1_684' title='bbox 1898 2923 1986 2961; x_wconf 90' lang='lat' dir='ltr'>data</span> <span class='ocrx_word' id='word_1_685' title='bbox 1996 2925 2198 2963; x_wconf 89' lang='lat' dir='ltr'>occasione</span> 
     </span>
     <span class='ocr_line' id='line_1_103' title="bbox 1172 2981 2199 3034; baseline 0 -13"><span class='ocrx_word' id='word_1_686' title='bbox 1172 2985 1334 3021; x_wconf 90' lang='lat' dir='ltr'>multum</span> <span class='ocrx_word' id='word_1_687' title='bbox 1351 2985 1466 3021; x_wconf 84' lang='lat' dir='ltr'>fuisse</span> <span class='ocrx_word' id='word_1_688' title='bbox 1486 2985 1671 3021; x_wconf 82' lang='lat' dir='ltr'>Timaeum</span> <span class='ocrx_word' id='word_1_689' title='bbox 1690 2983 1728 3020; x_wconf 91' lang='lat' dir='ltr'>in</span> <span class='ocrx_word' id='word_1_690' title='bbox 1746 2981 2004 3019; x_wconf 89' lang='lat' dir='ltr'>describendis</span> <span class='ocrx_word' id='word_1_691' title='bbox 2017 2983 2199 3034; x_wconf 81' lang='lat' dir='ltr'>Agrigen-</span> 
     </span>
     <span class='ocr_line' id='line_1_104' title="bbox 1173 3042 2196 3093; baseline -0.002 -12"><span class='ocrx_word' id='word_1_692' title='bbox 1173 3045 1341 3082; x_wconf 91' lang='lat' dir='ltr'>tinorum</span> <span class='ocrx_word' id='word_1_693' title='bbox 1368 3043 1465 3080; x_wconf 85' lang='lat' dir='ltr'>urbe</span> <span class='ocrx_word' id='word_1_694' title='bbox 1487 3051 1525 3079; x_wconf 90' lang='lat' dir='ltr'>et</span> <span class='ocrx_word' id='word_1_695' title='bbox 1543 3043 1644 3092; x_wconf 89' lang='lat' dir='ltr'>agris</span> <span class='ocrx_word' id='word_1_696' title='bbox 1681 3056 1892 3093; x_wconf 89' lang='lat' dir='ltr'>eorumque</span> <span class='ocrx_word' id='word_1_697' title='bbox 1914 3042 2058 3080; x_wconf 84' lang='lat' dir='ltr'>divitiis</span> <span class='ocrx_word' id='word_1_698' title='bbox 2079 3051 2117 3080; x_wconf 90' lang='lat' dir='ltr'>et</span> <span class='ocrx_word' id='word_1_699' title='bbox 2132 3044 2196 3080; x_wconf 92' lang='lat' dir='ltr'>lu-</span> 
     </span>
     <span class='ocr_line' id='line_1_105' title="bbox 1172 3102 2196 3151; baseline 0 -12"><span class='ocrx_word' id='word_1_700' title='bbox 1172 3102 1294 3148; x_wconf 88' lang='lat' dir='ltr'>xuria,</span> <span class='ocrx_word' id='word_1_701' title='bbox 1311 3109 1415 3151; x_wconf 88' lang='lat' dir='ltr'>patet</span> <span class='ocrx_word' id='word_1_702' title='bbox 1427 3115 1474 3138; x_wconf 86' lang='lat' dir='ltr'>ex</span> <span class='ocrx_word' id='word_1_703' title='bbox 1486 3102 1659 3138; x_wconf 86' lang='lat' dir='ltr'>Diodoro</span> <span class='ocrx_word' id='word_1_704' title='bbox 1673 3104 1797 3149; x_wconf 82' lang='lat' dir='ltr'>(XIII,</span> <span class='ocrx_word' id='word_1_705' title='bbox 1811 3102 1961 3149; x_wconf 74' lang='lat'>81—843</span> <span class='ocrx_word' id='word_1_706' title='bbox 1978 3115 2012 3139; x_wconf 94' lang='lat' dir='ltr'>v.</span> <span class='ocrx_word' id='word_1_707' title='bbox 2030 3102 2076 3139; x_wconf 80' lang='lat' dir='ltr'>sr.</span> <span class='ocrx_word' id='word_1_708' title='bbox 2097 3116 2111 3139; x_wconf 93' lang='lat'>1</span> <span class='ocrx_word' id='word_1_709' title='bbox 2125 3116 2138 3139; x_wconf 84' lang='lat'>1</span> <span class='ocrx_word' id='word_1_710' title='bbox 2151 3117 2196 3139; x_wconf 89' lang='lat'>1—</span> 
     </span>
     <span class='ocr_line' id='line_1_106' title="bbox 1178 3159 2195 3212; baseline 0.003 -16"><span class='ocrx_word' id='word_1_711' title='bbox 1178 3161 1276 3209; x_wconf 76' lang='lat'>114).</span> <span class='ocrx_word' id='word_1_712' title='bbox 1305 3159 1407 3197; x_wconf 90' lang='lat' dir='ltr'>Urbs</span> <span class='ocrx_word' id='word_1_713' title='bbox 1433 3168 1544 3210; x_wconf 89' lang='lat' dir='ltr'>capta</span> <span class='ocrx_word' id='word_1_714' title='bbox 1569 3168 1607 3196; x_wconf 88' lang='lat' dir='ltr'>et</span> <span class='ocrx_word' id='word_1_715' title='bbox 1633 3173 1653 3196; x_wconf 89' lang='lat' dir='ltr'>a</span> <span class='ocrx_word' id='word_1_716' title='bbox 1674 3161 1799 3198; x_wconf 90' lang='lat' dir='ltr'>Poenis</span> <span class='ocrx_word' id='word_1_717' title='bbox 1823 3174 1968 3198; x_wconf 87' lang='lat' dir='ltr'>eversa.</span> <span class='ocrx_word' id='word_1_718' title='bbox 1998 3164 2045 3199; x_wconf 92' lang='lat' dir='ltr'>In</span> <span class='ocrx_word' id='word_1_719' title='bbox 2067 3162 2195 3212; x_wconf 86' lang='lat' dir='ltr'>praeda</span> 
     </span>
     <span class='ocr_line' id='line_1_107' title="bbox 1173 3218 2195 3269; baseline 0.004 -15"><span class='ocrx_word' id='word_1_720' title='bbox 1173 3218 1436 3267; x_wconf 88' lang='lat' dir='ltr'>Carthaginem</span> <span class='ocrx_word' id='word_1_721' title='bbox 1452 3219 1563 3255; x_wconf 89' lang='lat' dir='ltr'>missa</span> <span class='ocrx_word' id='word_1_722' title='bbox 1577 3219 1736 3269; x_wconf 90' lang='lat' dir='ltr'>insignis</span> <span class='ocrx_word' id='word_1_723' title='bbox 1750 3220 1820 3256; x_wconf 83' lang='lat' dir='ltr'>fuit</span> <span class='ocrx_word' id='word_1_724' title='bbox 1835 3228 1965 3258; x_wconf 87' lang='lat' dir='ltr'>taurus</span> <span class='ocrx_word' id='word_1_725' title='bbox 1976 3220 2195 3267; x_wconf 87' lang='lat' dir='ltr'>Phalaridis,</span> 
     </span>
     <span class='ocr_line' id='line_1_108' title="bbox 1174 3277 2196 3326; baseline 0.004 -13"><span class='ocrx_word' id='word_1_726' title='bbox 1174 3277 1220 3313; x_wconf 91' lang='lat' dir='ltr'>de</span> <span class='ocrx_word' id='word_1_727' title='bbox 1248 3290 1326 3326; x_wconf 87' lang='lat' dir='ltr'>quo</span> <span class='ocrx_word' id='word_1_728' title='bbox 1344 3277 1434 3314; x_wconf 89' lang='lat' dir='ltr'>vide</span> <span class='ocrx_word' id='word_1_729' title='bbox 1454 3278 1589 3315; x_wconf 79' lang='lat' dir='ltr'>Timaei</span> <span class='ocrx_word' id='word_1_730' title='bbox 1613 3279 1836 3316; x_wconf 85' lang='lat' dir='ltr'>sententiam</span> <span class='ocrx_word' id='word_1_731' title='bbox 1862 3280 1905 3316; x_wconf 92' lang='lat' dir='ltr'>fr.</span> <span class='ocrx_word' id='word_1_732' title='bbox 1933 3294 1946 3316; x_wconf 94' lang='lat'>1</span> <span class='ocrx_word' id='word_1_733' title='bbox 1961 3281 2051 3316; x_wconf 83' lang='lat'>¹6—1</span> <span class='ocrx_word' id='word_1_734' title='bbox 2066 3279 2122 3317; x_wconf 85' lang='lat'>18.</span> <span class='ocrx_word' id='word_1_735' title='bbox 2144 3302 2196 3310; x_wconf 93' lang='lat'>—-</span> 
     </span>
     <span class='ocr_line' id='line_1_109' title="bbox 1176 3335 2196 3390; baseline 0.005 -19"><span class='ocrx_word' id='word_1_736' title='bbox 1176 3338 1260 3371; x_wconf 89' lang='lat' dir='ltr'>Haec</span> <span class='ocrx_word' id='word_1_737' title='bbox 1274 3335 1488 3372; x_wconf 88' lang='lat' dir='ltr'>Siculorum</span> <span class='ocrx_word' id='word_1_738' title='bbox 1508 3336 1631 3374; x_wconf 88' lang='lat' dir='ltr'>clades</span> <span class='ocrx_word' id='word_1_739' title='bbox 1647 3338 1745 3375; x_wconf 89' lang='lat' dir='ltr'>viam</span> <span class='ocrx_word' id='word_1_740' title='bbox 1765 3337 1812 3374; x_wconf 89' lang='lat' dir='ltr'>ad</span> <span class='ocrx_word' id='word_1_741' title='bbox 1829 3339 2069 3388; x_wconf 89' lang='lat' dir='ltr'>tyrannidem</span> <span class='ocrx_word' id='word_1_742' title='bbox 2088 3348 2196 3390; x_wconf 86' lang='lat' dir='ltr'>pate-</span> 
     </span>
     <span class='ocr_line' id='line_1_110' title="bbox 1176 3392 2195 3447; baseline 0.007 -19"><span class='ocrx_word' id='word_1_743' title='bbox 1176 3392 1264 3429; x_wconf 87' lang='lat' dir='ltr'>fecit</span> <span class='ocrx_word' id='word_1_744' title='bbox 1294 3393 1481 3443; x_wconf 87' lang='lat' dir='ltr'>Dionysio</span> <span class='ocrx_word' id='word_1_745' title='bbox 1513 3395 1671 3442; x_wconf 90' lang='lat' dir='ltr'>seniori;</span> <span class='ocrx_word' id='word_1_746' title='bbox 1713 3395 1822 3447; x_wconf 88' lang='lat' dir='ltr'>cujus</span> <span class='ocrx_word' id='word_1_747' title='bbox 1852 3397 2051 3434; x_wconf 86' lang='lat' dir='ltr'>historiam</span> <span class='ocrx_word' id='word_1_748' title='bbox 2084 3397 2195 3435; x_wconf 87' lang='lat' dir='ltr'>sicuti</span> 
     </span>
    </p>
   </div>
  </div>
 </body>
</html>
