2320 3684
754 146 1055 187 PHYLARCHI
1084 143 1418 185 FRAGMENTA.

17 244 77 284 καὶ
96 243 150 283 ὅτι
168 242 248 283 οὔτε
265 241 311 282 τὰ
326 238 534 282 Νικαινέτου
554 232 643 277 οἶδεν
663 237 742 275 οὔτε
767 234 812 274 τὰ
837 233 1045 287 Ἀνακρέον-

16 319 74 348 τος
92 306 110 342 ὁ
129 300 364 356 συγγραφεύς·
382 296 539 343 ἀπέδειξέ
565 312 604 335 τε
629 295 689 334 καὶ
720 296 962 347 διαφωνοῦντα
983 292 1048 330 αὖ·-

17 362 75 401 τὸν
104 361 183 400 κατ’
211 360 287 400 ἔνια
316 361 386 398 τῶν
419 354 672 411 ἱστορηθέντων
707 351 805 408 παρὰ
835 354 886 406 τῷ
921 353 1048 398 Μηνο-

17 420 118 474 δότῳ.
130 420 190 458 Ad
201 433 282 458 rem
293 415 582 469 intelligendam
593 415 676 466 lege
688 411 951 452 antecedentia
959 409 1050 448 inde

17 494 39 518 a
56 492 144 532 pag.
163 479 254 526 671,
274 481 324 516 D.

70 596 340 636 Constantinus
356 594 643 645 Porphyrogen.
668 595 726 630 De
744 589 958 628 administr.
974 588 1051 625 im-

2 656 126 709 ¹perio
142 669 176 693 c.
195 656 243 693 23
263 655 318 706 (in
335 653 503 692 Banduri
515 657 657 704 Imper.
680 649 857 688 orientali
874 662 913 700 p.
935 661 981 695 77
999 647 1027 697 f)
1044 660 1052 682 :

19 713 190 766 Αέγονται
201 716 232 752 οἱ
240 711 378 767 Ἴὸηρες
390 713 605 766 ὑδροποτεῖν,
620 713 667 754 ὥς
678 709 855 756 Ἀθήναιος
865 708 900 746 ἐν
914 708 1054 745 δειπνο-

20 775 192 827 σοφιστῶν
213 770 362 826 δευτέρῳ
380 770 471 810 οῧτω
483 787 490 794 ·
510 769 702 824 Φύλαρχος
720 767 783 820 μὲν
802 769 837 805 ἐν
858 770 901 819 τῇ
919 765 1052 818 ἑὸδόμῃ

23 830 84 871 καὶ
117 829 198 876 τοὺς
232 829 381 885 Ἴὸηράς
407 845 511 884 φησιν
530 829 731 882 ὑδροποτεῖν
764 824 921 873 πάντας,
939 825 1054 863 καίτοι

20 889 302 933 πλουσιωτάτους
325 889 468 928 πάντων
496 886 688 941 ἀνθρώπων
715 885 972 938 τυγχάνοντας·
996 884 1055 922 κέ-

21 965 168 997 κτηνται
185 948 252 1003 γὰρ
282 948 430 1003 ἄργυρον
462 947 521 987 καὶ
547 945 677 1001 χρυσὸν
696 947 873 984 πλεῖστον.
893 945 1054 982 Μονοσι-

21 1013 91 1047 τεῖν
110 1024 149 1047 τε
173 1007 296 1052 αὐτοὺς
313 1008 366 1047 ἀεὶ
388 1006 482 1060 λέγει
513 1005 570 1045 διὰ
590 1004 830 1060 μικρολογίαν,
851 1002 999 1051 ἐσθῆτάς
1017 1018 1055 1040 τε

22 1072 135 1122 φορεῖν
154 1066 467 1110 πολυτελεστάτας.
488 1065 630 1105 Eadem
649 1079 697 1104 ex
714 1064 897 1103 Athenaeo
945 1063 1056 1101 affert

21 1127 153 1178 steph.
173 1130 262 1177 Byz.
282 1141 317 1166 v.
336 1125 499 1180 Ἰὸηρίαι.

74 1185 278 1223 Athenaeus
295 1188 349 1233 11,
369 1198 432 1233 21,
451 1198 490 1236 p.
510 1190 574 1233 44,
592 1186 642 1222 C:
659 1181 746 1222 ’Ὄτι
762 1180 954 1235 Φύλαρχός
971 1196 1058 1235 φησι

23 1243 207 1298 Θεόδωρον
235 1244 294 1284 τὸν
325 1247 542 1298 Λαρισσαῖον
572 1241 768 1297 ὑδροπότην
797 1240 977 1294 γενέσθαι,
998 1240 1056 1280 τὸν

23 1303 213 1357 ἀλλοτρίως
233 1304 287 1342 ἀεί
305 1319 391 1342 ποτε
409 1302 494 1357 πρὸς
511 1302 703 1354 Ἀντίγονον
724 1299 903 1354 ἐσχηκότα
915 1300 974 1340 τὸν
995 1303 1057 1354 βα-

25 1360 125 1400 σιλέα
137 1377 145 1385 ·
166 1362 252 1416 φησὶ
271 1360 307 1400 δὲ
326 1362 386 1401 καὶ
411 1361 489 1404 τοὺς
506 1359 652 1415 Ἴὸηρας
675 1359 810 1403 πάντας
838 1360 1057 1413 ὑδροποτεῖν,

26 1419 139 1458 καίτοι
158 1420 442 1464 πλουσιωτάτους
455 1419 646 1473 ἀνθρώπων
661 1418 773 1462 ὄντας.
795 1420 1003 1457 Μονοσιτεῖν
1021 1434 1059 1457 τε
1082 1428 1084 1430 “

25 1478 150 1523 αὖτοὺς
172 1479 225 1518 ἀεὶ
253 1479 349 1532 λέγει
368 1478 426 1518 διὰ
443 1478 670 1533 μικρολογίαν
700 1477 849 1525 ἐσθῆτάς
873 1493 912 1516 τε
942 1483 1058 1531 φορεῖν

24 1538 336 1582 πολυτελεστάτας.

78 1601 198 1636 Recte
218 1598 400 1636 observat
426 1596 630 1645 Luchfius,
651 1596 943 1635 Constantinum
969 1600 1062 1635 Por-

28 1657 328 1709 phyrogenitum
354 1657 506 1708 integro
537 1668 650 1693 usum
678 1669 761 1694 esse
787 1656 912 1694 videri
936 1657 1062 1695 Athe-

27 1728 123 1764 nae0‚
144 1730 264 1767 quum
283 1716 324 1754 in
344 1715 485 1754 nostris
500 1714 676 1753 Athenaei
702 1715 936 1754 editionibus
956 1717 1061 1767 Phy-

29 1773 147 1815 lei-chi
165 1774 264 1814 liber
281 1789 359 1814 non
380 1775 572 1814 indicatus
591 1775 652 1813 sit.

515 1835 576 1875 14.

82 1893 207 1934 Schol.
234 1895 431 1947 Apollonii
455 1896 583 1934 Rhod.
608 1899 822 1947 Argonaut.
849 1898 914 1943 IV,
942 1895 1034 1933 1561
1054 1910 1062 1933 ε

30 1951 253 2007 Εὐρύπυλος,
292 1955 511 1999 Ποσειδῶνος
550 1954 622 1999 υἱὸς
669 1954 729 1994 καὶ
768 1955 960 1999 Κελαινοῦς
1000 1957 1064 2002 τῆς

29 2009 234 2062 Ἄτλαντος,
269 2012 431 2066 βασιλεὺς
465 2014 502 2052 δὲ
531 2012 706 2067 Κυρήνης.
739 2012 932 2067 Φύλαρχος
961 2012 998 2052 δὲ
1027 2015 1062 2053 ἐν

30 2069 168 2125 ἕὸδόμῳ
205 2070 361 2126 Εὔρυτον
391 2072 495 2112 αὐτὸν
523 2074 645 2120 καλεῖ,
680 2072 741 2111 καὶ
775 2072 922 2127 ἀδελφὸν
956 2074 1063 2112 αὓτοῦ

32 2129 224 2185 ἀναγράφει
242 2131 421 2171 Λυκάονα.
443 2131 667 2186 Ἀκέσανδρος
696 2131 733 2170 δὲ
760 2133 796 2170 ἓν
818 2131 949 2186 πρώτῳ
982 2133 1063 2186 περὶ

31 2241 160 2282 storias,
181 2241 235 2274 sed
252 2250 312 2274 nec
326 2242 482 2275 Nicaeneti
497 2242 617 2283 (Samii
627 2242 754 2284 poetae)
768 2251 828 2274 nec
852 2243 1066 2276 Anacreontis

31 2289 216 2322 meminisse
223 2289 310 2321 hunc
321 2289 524 2331 scriptorem
537 2298 635 2330 quem
647 2290 744 2322 etiam
757 2289 930 2323 dissentire
941 2290 974 2322 in
987 2299 1065 2322 non-

31 2337 130 2371 nullis
154 2337 297 2371 ostendit
312 2337 420 2370 abhis
443 2347 516 2380 quae
531 2347 550 2371 a
563 2339 739 2371 Menodoto
764 2339 892 2380 (Samio
916 2341 954 2372 in
976 2339 1066 2372 libro

31 2384 74 2419 de
87 2387 182 2419 Sami
197 2385 325 2419 insulae
340 2386 637 2428 memorabilibus)
655 2386 774 2419 tradita
789 2387 877 2419 sunt.

74 2479 234 2512 Dicuntur
248 2479 333 2513 Iberi
348 2488 468 2525 aquam
483 2483 606 2522 potare,
621 2482 660 2513 ut
674 2481 849 2513 Athenaeus
863 2480 966 2514 tradit
981 2480 1065 2513 libro

34 2527 177 2560 necundo
200 2527 527 2569 Dipnosophistarum
549 2528 600 2560 his
612 2528 722 2561 verbis
738 2538 746 2559 ε
765 2529 968 2570 Phylarchus
982 2528 1065 2561 libro

35 2574 172 2616 septimo
193 2574 292 2608 etiarn
317 2574 430 2607 Iberos
446 2575 491 2607 ait
514 2584 628 2608 omnes
650 2576 778 2608 nonnisi
795 2584 913 2616 aquam
930 2578 1042 2617 potare
1056 2599 1064 2615 ,

35 2619 110 2654 ficet
124 2622 272 2654 omnium
290 2622 480 2654 mortalium
505 2622 659 2655 ditissimi
678 2623 762 2661 sint,
780 2623 900 2664 quippe
925 2624 980 2664 qui
996 2623 1064 2664 plu-

37 2669 156 2703 rimum
169 2671 292 2712 argenti
310 2671 444 2712 aurique
465 2671 656 2713 possideant
680 2681 688 2704 ε
705 2672 901 2714 eosdemque
917 2674 1067 2705 constan-

37 2718 87 2751 ter
99 2718 228 2751 nonnisi
240 2718 342 2751 semel
366 2718 511 2760 quotidie
530 2719 641 2751 cibum
657 2728 772 2760 capere
787 2721 832 2752 ait
852 2720 895 2752 ob
910 2720 1066 2761 parsimo-

38 2766 137 2806 niam,
153 2768 264 2799 vestes
278 2769 386 2799 autem
402 2769 528 2807 gestare
541 2767 806 2808 pretiosissimas.

78 2812 276 2854 Phylarchus
295 2813 342 2845 ait
355 2836 364 2852 ,
381 2813 577 2846 abstemium
602 2814 704 2846 fuisse
725 2813 934 2847 Theodorum
961 2814 1064 2847 Laris-

39 2866 152 2900 saeum,
168 2869 254 2901 eum,
272 2861 329 2902 qui
345 2861 507 2894 offensum
532 2870 660 2903 semper
675 2862 820 2894 animum
846 2863 944 2903 gessit
957 2863 1067 2895 adver·

39 2913 95 2939 sus
110 2908 302 2948 Antigonum
318 2908 530 2948 (Gonnatam
539 2909 570 2949 Ρ)
585 2918 703 2949 regem.
718 2911 832 2942 Narrat
846 2909 945 2948 idem,
959 2910 1069 2942 Iberos

39 2963 150 2989 omnes
165 2957 293 2990 nonnisi
308 2966 426 2998 aquam
452 2960 563 2999 potare
576 2983 586 2998 ,
617 2957 693 2991 licet
710 2959 857 2991 omnium
884 2960 1070 2992 mortalium

40 3001 190 3036 ditissimi
206 3005 272 3037 sint
289 3015 297 3036 :
312 3005 509 3047 eosdemque
523 3007 709 3039 constanter
724 3015 790 3038 non
804 3006 866 3038 nisi
881 3007 981 3039 semel
995 3016 1071 3047 quo-

39 3050 118 3083 tidie
132 3051 240 3084 cibum
267 3060 380 3093 capere
394 3076 403 3092 ‚
421 3053 477 3092 ait,
505 3052 548 3085 ob
562 3053 794 3094 parsimoniam
806 3077 815 3093 ,
834 3055 942 3086 vestes
961 3055 1069 3086 autem

41 3098 163 3139 gestare
176 3099 436 3140 pretiosissimas.

83 3192 285 3233 Eurypylus,
298 3194 439 3234 Neptuni
455 3194 558 3234 filius,
573 3197 605 3227 et
621 3195 772 3229 Celaenus
784 3220 793 3236 ,
812 3196 950 3228 Atlantis
970 3195 1045 3227 filiae
1059 3219 1068 3235 ,

43 3246 97 3270 rex
115 3240 267 3280 Cyrenes.
293 3241 496 3282 Phylarchus
522 3251 600 3275 vero
613 3242 698 3275 libro
724 3243 865 3284 septimo
883 3252 957 3274 eum
976 3245 1071 3274 vocat

42 3285 354 3329 Eurytum‚ejusque
372 3288 502 3321 fratrem
519 3291 702 3331 Lycaonem
717 3299 788 3323 esse
801 3290 923 3322 scribit.
935 3294 1070 3322 Acesan-

44 3330 122 3364 drus
133 3333 215 3367 libro
226 3335 328 3376 primo
341 3335 381 3367 de
396 3337 521 3376 Cyrene
533 3339 608 3378 post
616 3346 692 3370 eum
709 3337 753 3369 ait
764 3337 797 3369 in
809 3337 912 3378 Libya
922 3345 1070 3376 regnasse

45 3378 188 3420 Cyrenen
203 3383 320 3423 Hypsei
336 3383 445 3415 liliam.

128 3433 322 3466 Fnicumu
343 3443 587 3467 nisromcoiiuu.

2064 150 2139 185 337

1111 231 1276 286 Κυρήνης
1300 232 1377 284 [τῆς
1395 230 1548 284 Ὑψέως]
1576 230 1654 281 μετ’
1678 229 1781 268 αὐτὸν
1816 230 2023 282 βασιλεῦσαί
2057 247 2144 285 φησι

1110 291 1245 339 Λιὸύης
1262 290 1426 344 Κυρήνην
1445 288 1509 337 τὴν
1535 287 1684 343 Ὑψέως.
1699 293 1746 329 V.
1767 291 1809 327 C.
1835 289 2048 350 OzMiiller
2065 294 2142 330 Or-

1111 350 1237 388 chom.
1259 364 1298 402 p.
1319 351 1394 396 348
1411 363 1468 401 sq.
1602 403 1648 440 15

1165 456 1290 494 Schol.
1305 456 1482 507 Apollon.
1499 455 1624 495 Rhod.
1641 457 1856 506 Argonaut.
1872 457 1925 503 Il,
1941 459 2035 505 498:
2051 455 2149 494 Ἀκέ-

1114 529 1207 567 στωρ
1226 513 1262 552 δὲ
1279 516 1314 552 ἐν
1332 521 1405 559 τοῖς
1432 514 1512 569 περὶ
1530 514 1694 567 Κυρήνης
1713 515 1864 567 ἱστορεῖ,
1883 515 1929 558 ὡς
1954 514 2009 552 ἐπ’
2028 515 2147 568 Εὐρυ-

1113 571 1224 611 πύλου
1251 572 1491 625 βασιλεύοντος
1510 573 1667 622 Λιὸύης,
1685 573 1752 612 ὑπὸ
1785 572 2003 617 Ἀπόλλωνος
2026 573 2148 612 διακο-

1115 631 1253 683 μισθείη
1273 632 1306 675 ἐς
1326 631 1460 679 Αιὸύην
1477 635 1500 679 ἡ
1523 632 1688 686 Κυρήνη·
1716 631 1855 676 λέοντος
1876 630 1912 669 δὲ
1936 631 2001 679 τὴν
2027 630 2147 686 χώραν

1114 690 1384 741 λυμαινομένου,
1415 691 1559 745 προθείη
1595 690 1658 738 τὴν
1682 690 1861 742 βασιλείαν
1892 692 1910 729 ὁ
1944 690 2150 744 Εὐρύπυλος

1115 743 1219 788 ἆθλον
1238 751 1289 802 τῷ
1306 751 1553 788 ἀποκτενοῦντι
1569 749 1627 788 τὸν
1643 749 1781 788 λέοντα.
1803 748 1880 796 Τὴν
1899 748 1934 787 δὲ
1951 749 2151 803 διαχρήσα-

1115 811 1195 846 σθαι
1207 808 1310 846 αὗτὸν
1329 808 1388 846 καὶ
1409 807 1472 855 τὴν
1493 808 1670 860 βασιλείαν
1689 807 1824 846 λαὸεῖν·
1837 809 1965 852 παῖδας
1984 808 2021 846 δὲ
2045 810 2152 856 αὐτῆς

1114 866 1275 919 γενέσθαι
1304 868 1487 920 Αὖτοῦχον
1511 866 1572 905 καὶ
1596 867 1804 921 Ἀρισταῖον.
1834 867 1935 914 Φησὶ
1968 866 2005 906 δὲ
2040 867 2150 915 αὐτὴν

1116 926 1309 980 Φύλαρχος
1333 927 1442 964 ἐλθεῖν
1472 924 1561 977 μετὰ
1585 924 1754 964 πλειόνων
1781 928 1829 969 εἷς
1849 925 2002 974 Λιὸύην·
2019 927 2151 966 τούτων

1116 984 1153 1024 δὲ
1170 984 1438 1038 ἐκπεμφθέντων
1456 983 1513 1022 ἐπὶ
1531 983 1594 1030 τὴν
1614 983 1838 1035 κυνηγεσίαν,
1858 983 1991 1030 τούτοις
2009 986 2068 1024 καὶ
2086 987 2154 1024 αὐ-

1114 1043 1179 1092 τὴν
1197 1043 1410 1089 συνεξελθεῖν
1430 1045 1532 1082 κάκεῖ
1559 1044 1691 1081 ἀνελεῖν
1721 1042 1779 1081 τὸν
1804 1041 1927 1081 λέοντα
1951 1044 2010 1083 καὶ
2031 1045 2152 1084 λαὸεἷν

1115 1102 1180 1151 τὴν
1207 1102 1400 1156 βασιλείαν.
1433 1101 1623 1154 Ἐγέννησε
1648 1100 1685 1140 δὲ
1710 1101 1745 1146 ἐξ
1779 1100 1993 1147 Ἀπόλλωνος
2026 1104 2155 1148 παῖδας

1118 1161 1191 1211 δύο,
1210 1163 1392 1214 Αὒτοῦχον
1411 1160 1471 1199 καὶ
1489 1160 1696 1214 Ἀρισταῖον.
1716 1161 1913 1212 [Αὖτοῦχος
1938 1161 2001 1212 μὲν
2024 1163 2058 1201 ἐν
2083 1165 2155 1202 Λι-

1118 1220 1186 1275 6ύῃ
1207 1219 1356 1273 ἔμεινεν,
1380 1220 1573 1274 Ἀρισταῖος
1589 1219 1626 1259 δὲ
1648 1219 1792 1274 ἀφίκετο
1810 1220 1858 1262 εἷς
1874 1219 1988 1271 Κέω.]

1550 1289 1744 1303 “000'—

1501 1320 1657 1360 LIBER
1687 1321 1797 1362 VIII.

1614 1380 1674 1417 16.

1173 1440 1370 1492 Apollonii
1383 1439 1540 1490 Dyscoli
1557 1438 1704 1477 Histor.
1725 1439 1967 1476 commentic.
1986 1443 2028 1483 14
2049 1452 2057 1475 :
2078 1436 2158 1477 Φύ-

1119 1503 1249 1555 λαρχος
1263 1502 1298 1539 ἐν
1312 1503 1356 1553 τῇ
1372 1499 1476 1552 ὀγδόῃ
1497 1501 1566 1537 τῶν
1577 1497 1758 1552 Ἱστοριῶν
1775 1498 1835 1537 καὶ
1855 1498 1947 1538 κατὰ
1967 1498 2025 1537 τὸν
2046 1498 2160 1551 Ἀρά-

1121 1559 1195 1599 6ιόν
1217 1575 1304 1614 φησι
1332 1559 1462 1598 κόλπον
1495 1556 1614 1610 πηγὴν
1643 1552 1732 1606 εἶναι
1759 1556 1901 1607 ὕδατος,
1924 1557 1959 1603 ἐξ
1987 1552 2026 1596 οἷ
2058 1556 2090 1595 εἴ
2108 1572 2161 1601 τις

1121 1618 1200 1662 τοὺς
1220 1617 1329 1662 πόδας
1359 1618 1526 1671 χρίσειεν,
1559 1617 1764 1668 συμὸαίνειν
1793 1615 1918 1661 εὐθέως
1946 1616 2160 1655 ἕκτείνεσθαι

1122 1678 1180 1717 ἐπὶ
1196 1677 1286 1716 πολὺ
1312 1677 1352 1716 τὸ
1372 1678 1515 1726 αἰδοῖον,
1539 1676 1599 1715 καί
1620 1692 1724 1715 τινων
1751 1676 1833 1728 μηδ’
1859 1675 1953 1727 ὅλως,
1974 1675 2160 1714 συστέλλε-

1122 1741 1225 1788 σθαι,
1245 1739 1349 1777 τινῶν
1371 1735 1407 1775 δὲ
1423 1735 1512 1788 μετὰ
1529 1735 1685 1788 μεγάλης
1703 1735 1941 1780 κακοπαθείας
1964 1734 2024 1775 καὶ
2052 1738 2158 1790 θερα-

1122 1796 1222 1840 πείας
1241 1795 1556 1835 ἀποκαθίστασθαι.

1177 1856 1234 1895 cf.
1256 1856 1391 1907 fragm.
1405 1857 1612 1894 XXXVII.

1590 1918 1717 1929 —QOQ—

1532 1960 1688 2000 LIBER
1717 1960 1787 2000 1Χ.

1177 2079 1316 2113 Sextus
1345 2074 1492 2125 Empir.
1522 2021 1633 2111 Adv.l
1645 2018 1830 2110 intimem.
1866 2076 1905 2120 I,
1931 2086 1975 2109 12
1992 2101 2001 2116 ‚
2021 2086 2058 2123 p.
2084 2085 2155 2119 271

1125 2134 1274 2173 Fabric.
1295 2149 1303 2172 :
1322 2127 1408 2172 Οἷον
1437 2133 1515 2185 (οὐκ
1532 2131 1660 2171 ἄτοπον
1680 2130 1747 2185 γὰρ
1769 2130 1827 2170 ἵνα
1853 2129 2028 2184 συμφυέσι
2045 2146 2084 2168 τε
2101 2130 2160 2169 καὶ

1167 2302 1302 2334 Acestor
1318 2301 1351 2333 in
1367 2301 1450 2334 libro
1467 2301 1508 2334 de
1523 2303 1650 2343 Cyrene
1676 2303 1802 2340 narrat,
1823 2300 1989 2342 Eurypylo
2006 2300 2039 2332 in
2057 2300 2160 2341 Libya

1128 2351 1281 2390 regnante
1295 2373 1303 2388 ,
1348 2351 1496 2390 Cyrenen
1519 2357 1557 2381 eo
1582 2357 1654 2381 esse
1682 2348 1724 2380 ab
1749 2347 1896 2388 Apolline
1929 2349 2158 2379 transvectam.

1128 2398 1237 2435 Quum
1251 2399 1361 2428 autem
1378 2397 1428 2428 leo
1444 2398 1564 2428 terram
1581 2397 1735 2435 vastaret,
1754 2394 1957 2436 Eurypylum
1972 2402 2105 2434 regnum
2127 2394 2157 2425 ei

1128 2453 1188 2486 pro
1207 2443 1342 2485 praemio
1357 2443 1578 2485 proposuisse,
1595 2444 1650 2485 qui
1668 2443 1793 2475 leonem
1810 2442 2039 2474 interfecturus
2053 2442 2156 2479 esset3

1128 2494 1225 2532 atque
1239 2491 1326 2523 illam
1342 2492 1431 2523 hunc
1447 2491 1603 2523 occidisse
1616 2498 1817 2532 regnumque
1832 2489 2004 2530 accepisse.
2022 2487 2157 2519 Liberos

1128 2550 1167 2574 ex
1195 2548 1234 2572 ea
1267 2543 1362 2572 natos
1384 2549 1456 2572 esse
1481 2540 1671 2572 Autuchum
1687 2541 1720 2571 et
1742 2538 1928 2570 Aristaeum.
1953 2535 2158 2577 Phylarchus

1128 2598 1207 2622 vero
1219 2598 1291 2622 eam
1304 2589 1350 2622 ait
1363 2598 1439 2621 cum
1453 2588 1602 2630 pluribus
1618 2589 1651 2620 in
1666 2588 1802 2629 Libyam
1815 2586 1943 2618 venisse
1959 2595 1967 2617 ε
1986 2586 2035 2617 his
2051 2584 2099 2616 ad.
2108 2593 2159 2616 ve·

1130 2637 1276 2669 nandum
1291 2636 1402 2668 missis
1418 2637 1451 2668 et
1467 2636 1570 2677 ipsam
1588 2645 1622 2668 se
1639 2634 1826 2676 adjunxisse
1838 2657 1846 2672 ‚
1864 2633 2021 2672 leoneque
2036 2630 2161 2662 interfe-

1129 2685 1184 2715 cto
1203 2692 1338 2724 regnum
1363 2682 1537 2723 accepisse.
1566 2682 1693 2723 Peperit
1708 2690 1748 2713 ex
1774 2679 1921 2720 Apolline
1943 2678 2026 2710 duos
2051 2677 2155 2716 tilios,

1129 2730 1318 2762 Autuchum
1333 2732 1366 2762 et
1382 2730 1568 2761 Aristaeum.
1592 2728 1764 2761 Autuchus
1788 2726 1919 2766 quidem
1938 2725 1971 2756 in
1997 2724 2101 2766 Libya
2117 2731 2161 2756 re-

1131 2778 1262 2817 mansit,
1276 2777 1433 2809 Aristaeus
1446 2784 1522 2808 vero
1536 2779 1638 2809 ceum
1652 2773 1810 2817 pervenit.

1543 2844 1749 2858 <dm-

1499 2880 1651 2919 LIBER
1681 2880 1731 2918 Vl
1740 2879 1789 2917 ΙΙ.

1172 2995 1373 3036 Phylarchus
1396 2993 1479 3025 libro
1501 2993 1617 3024 octavo
1633 2990 1850 3023 Historiarum
1872 2988 1971 3021 etiam
1994 2987 2036 3020 ad
2051 2987 2159 3021 sinum

1132 3042 1305 3075 Arabicum
1325 3041 1369 3072 ait
1381 3049 1452 3073 esse
1468 3040 1591 3071 sontem
1604 3047 1709 3079 aquae,
1728 3046 1793 3078 qua
1805 3036 1833 3068 si
1852 3036 1928 3077 quis
1944 3035 2042 3077 pedes
2058 3036 2160 3077 perfu-

1132 3090 1216 3122 derit
1231 3113 1240 3128 ‚
1254 3089 1282 3120 ei
1305 3087 1414 3119 statim
1439 3085 1591 3127 pudenda
1616 3084 1710 3117 valde
1732 3086 1956 3117 extumescere
1975 3091 2100 3123 :eaque
2126 3082 2158 3114 in

1131 3137 1202 3170 aliis
1217 3136 1306 3167 nullo
1331 3134 1430 3166 modo
1451 3132 1599 3166 contrahi
1621 3141 1716 3174 posse
1730 3157 1739 3172 ,
1767 3132 1801 3164 in
1818 3131 1891 3164 aliis
1913 3139 2030 3172 magno
2051 3129 2162 3162 dolore

1131 3184 1298 3224 multaque
1313 3191 1390 3214 cura
1404 3181 1446 3214 ad
1461 3181 1633 3213 sanitatem
1650 3180 1772 3213 reduci.

1532 3243 1745 3256 ‘4000oe-

1516 3275 1670 3313 LIBER
1699 3274 1767 3313 IX.

1175 3383 1218 3414 Ut
1234 3381 1313 3422 (non
1328 3382 1377 3412 est
1389 3380 1476 3412 enim
1497 3335 1674 3411 absurdiiifi
1696 3380 1731 3412 ut
1746 3378 1948 3412 naturalibus
1971 3379 2005 3409 et
2021 3375 2159 3418 propriis

1989 3433 2029 3461 22
