2320 3684
845 141 1010 180 TIMAEI
1039 142 1372 182 FRAGMENTA.

67 235 201 285 μοκλης
221 232 307 287 ἔφη·
324 230 500 284 Χαρίσαιο
515 229 544 267 δ’
563 228 603 267 ἄν
620 227 679 279 μοί
698 243 751 276 τι,
771 226 952 277 Διονύσιε,
972 227 1097 267 κελεύ-

73 308 139 337 σας
157 291 225 331 τινὶ
243 293 312 330 τῶν
333 287 575 340 ἐπισταμενων
596 285 732 331 διδάξαι
758 301 802 337 με
826 285 885 324 τὸν
905 287 1098 333 πεποιημέ-

64 367 122 391 νον
137 353 184 395 εἷς
203 350 259 389 τὸν
278 347 489 396 Ἀσκληπιὸν
503 352 659 384 παιᾶνα·
678 343 795 384 ἀκούω
811 344 879 397 γάρ
899 360 938 383 σε
957 361 1098 398 πεπρα-

65 413 282 463 γματεῦσθαι
306 406 386 460 περὶ
404 410 538 444 τοῦτον.
569 402 905 459 Παρακεκλημένων
943 402 980 441 δέ
1012 419 1096 441 ποτε

65 469 135 507 τῶν
155 467 287 522 φίλωνε
276 465 342 504 υπὸ
360 480 421 503 του
448 463 664 503 Διονυσίου’
649 462 707 501 επὶ
723 461 763 501 τὸ
778 463 929 510 δεῖπνον,
948 460 1063 499 εἰσιὼν
1080 465 1098 500 ὁ

67 525 248 570 Διονύσιος
267 526 314 568 εἷς
331 524 389 563 τὸν
404 527 517 562 οἰκον·
538 521 741 576 Γράμματα
757 525 856 573 ἡμῖν,
874 519 939 574 ἔφη
953 551 963 569 ,
981 519 1100 574 ἄνδρες

67 584 179 640 φίλοι,
198 582 359 637 ἐπέμφθη
383 580 481 635 παρὰ
508 596 577 619 των
605 578 787 632 ἡγεμόνων
817 595 885 617 των
922 580 970 623 εἷς
1005 577 1098 617 Νέαν

65 641 168 683 πόλιν
186 641 467 680 ἀποσταλέντων·
486 639 546 678 καὶ
563 642 581 678 ὁ
592 640 781 690 Δημοκλης
806 635 1039 686 ὑπολαὸὼν,”
1020 652 1098 690 εφη·

67 697 122 743 E&
144 718 184 755 γε
202 701 244 749 νὴ
271 700 349 744 τους
372 699 465 744 θεους
490 698 674 747 ἐποίησαν,
699 697 784 760 effu,
810 697 983 737 Διονύσιε.
1016 699 1100 736 Κά-

67 767 177 806 κεῖνος
194 758 421 815 προσὸλέψας
441 760 556 812 αὒτῳ·
576 757 624 797 Τί
641 757 670 795 δ’
698 758 815 805 οἶδας,
835 755 922 810 ἔφη,
944 755 1010 802 συ,
1031 754 1100 794 πό-

67 836 151 874 τερα
170 818 263 858 κατὰ
281 818 425 871 γνώμην
441 817 549 866 ἐστὶν,
565 816 587 864 ἢ
602 815 812 864 τούναντίον,
829 815 852 853 ἃ
867 814 1100 869 γεγράφασιν;

68 879 129 918 καὶ
148 882 166 917 ὃ
184 880 391 929 Δημοκλῆς·
412 871 465 915 Εὖ
481 892 521 927 γε
543 875 585 923 νὴ
606 874 686 919 τους
705 874 800 919 θεους
822 873 1072 925 ἐπιτετίμηκας
1090 904 1099 922 ,

69 937 134 992 ἔφη
148 968 158 986 ,
180 936 352 977 Διονύσιε.
372 935 443 975 Καὶ
464 935 622 989 Σάτυρον
641 933 678 972 δέ
695 950 775 973 τινα
792 933 984 987 ἀναγράφει
999 936 1018 972 ὃ
1034 932 1102 972 Τί-

67 1011 171 1048 μαιος
185 995 320 1034 κόλακα
335 993 540 1047 ἀμφοτέρων
557 997 627 1032 τῶν
646 992 849 1032 Διονυσίων.
866 1020 918 1026 —-
948 996 1006 1030 De
1022 995 1102 1029 De-

71 1056 192 1093 mocle
208 1054 295 1092 vide
307 1068 388 1105 quae
402 1055 581 1104 leguntur
596 1053 700 1105 apud
709 1053 785 1091 Cic.
801 1052 952 1090 Tuscul.
970 1054 1101 1098 Qu.V,

72 1126 134 1162 21,
155 1114 318 1151 fortasse
336 1114 476 1151 Timaeo
497 1121 673 1154 auctore.

546 1177 631 1215 128.

125 1238 231 1276 Idem
247 1241 298 1285 X,
314 1251 352 1289 p.
370 1240 516 1285 437‚B:
531 1235 682 1287 Τίμαιός
695 1251 813 1289 φησιν,
832 1237 878 1278 ὡς
892 1233 1071 1277 Διονύσιος
1087 1237 1104 1272 ὁ

71 1296 236 1358 τύραννος
254 1299 297 1349 τῇ
317 1298 386 1334 τῶν
406 1296 508 1334 Χοῶν
529 1296 630 1348 ἑορτῇ
650 1296 700 1347 τῷ
722 1293 852 1347 πρώτῳ
867 1291 1022 1331 ἐκπιόντι
1037 1299 1106 1344 χοα

73 1348 178 1393 ἆθλον
195 1354 298 1402 ἔθηκε
315 1352 482 1407 στέφανον
497 1357 672 1406 χρυσοῦν·
690 1352 750 1390 καὶ
770 1368 823 1390 οτι
839 1354 975 1405 πρῶτος
992 1350 1106 1395 ἐξέπιε

73 1414 296 1467 Ξενοκράτης
315 1416 333 1452 ὁ
350 1411 556 1467 φιλόσοφος,
573 1411 631 1451 καὶ
645 1410 764 1450 λαὸὼν
778 1410 836 1449 τὸν
852 1414 1003 1464 χρυσοῦν
1026 1409 1106 1449 στέ-

74 1488 195 1528 φανον,
221 1471 282 1511 καὶ
304 1470 464 1510 ἀναλύων
492 1473 541 1523 τῷ
560 1470 680 1523 Ἑρμῇ
700 1472 750 1522 τῷ
777 1468 951 1523 ἱδρυμένῳ
970 1469 1027 1507 ἐπὶ
1044 1486 1106 1516 της

74 1533 183 1578 αὗλῆς
198 1530 387 1578 ἐπέθηκεν·
408 1533 503 1583 ᾧπερ
521 1528 633 1567 εἰώθει
648 1543 708 1567 και
727 1527 806 1571 τους
841 1527 997 1570 ἀνθίνους
1019 1527 1106 1566 ἐκά-

75 1605 175 1629 στοτε
194 1587 385 1628 ἐπιτιθέναι
402 1588 606 1642 στεφάνους,
628 1586 778 1639 ἑσπέρας
794 1585 1107 1638 ἀπαλλασσόμενος

74 1650 120 1692 ὡς
136 1646 251 1687 αὐτόν.
273 1647 343 1686 Καὶ
367 1646 424 1685 ἐπὶ
451 1645 564 1698 τούτῳ
583 1645 798 1696 ἐθαυμάσθη.
817 1646 872 1683 Cf.
894 1646 1029 1683 AElian.
1050 1649 1105 1693 II,

78 1713 96 1752 Ι.
109 1722 123 1745 1
132 1737 140 1745 .

543 1764 628 1802 129.

129 1825 319 1863 Plutarch.
342 1825 456 1862 Dion.
475 1838 506 1861 c.
527 1826 570 1862 31
588 1839 595 1860 :
615 1826 705 1861 Post
724 1823 923 1860 victoriam
940 1836 961 1860 a
983 1823 1107 1860 Dione

77 1883 124 1922 de
147 1883 332 1934 Dionysio
355 1889 591 1933 reportatam
621 1879 769 1934 κήρυκες
787 1880 884 1931 παρὰ
901 1896 963 1918 του
980 1882 1105 1918 Διονυ-

77 1942 152 1981 σίου
182 1940 402 1990 κατέὸαινον,
438 1939 624 1983 ἐπιστολὰς
654 1939 739 1994 πρὸς
774 1939 894 1978 Δίωνα
913 1938 1011 1992 παρὰ
1034 1940 1104 1977 τῶν

77 1999 211 2039 οἰκείων
230 2002 403 2053 γυναικῶν
428 1998 637 2051 κομίζοντες.
669 1997 746 2037 Μία
769 1998 798 2036 δ’
827 2001 870 2045 ἠν
889 1996 1046 2043 ἔξωθεν’
1031 2013 1106 2036 επι-
1154 2000 1160 2009 ’

77 2116 148 2140 cere
162 2106 288 2148 pergit:
306 2106 503 2139 Gratiiiceris
518 2105 597 2137 mihi
609 2105 671 2136 hoe
688 2104 796 2144 velim,
814 2105 934 2144 inquit,
956 2104 1101 2144 Dionysi,

77 2156 114 2187 ut
134 2154 292 2195 aliquem,
309 2154 365 2194 qui
386 2152 524 2191 noverit,
543 2152 658 2192 jubeas
680 2161 732 2183 me
752 2152 886 2183 edocere
905 2160 1048 2192 paeanem
1069 2151 1102 2183 in

78 2201 301 2242 AEsculapium
326 2209 346 2232 a
366 2201 399 2232 te
425 2200 666 2240 compositum:
691 2199 788 2231 audio
812 2198 898 2230 enim
925 2201 955 2230 te
981 2198 1012 2229 in
1043 2198 1105 2229 hoc

79 2249 180 2281 fuisse
206 2249 411 2288 occupatum.
428 2246 607 2287 Aliquando
621 2255 723 2286 quum
744 2254 808 2277 una
827 2247 934 2276 essent
949 2244 1045 2275 amici
1064 2243 1105 2275 ad

78 2303 203 2327 coenam
231 2303 251 2326 a
279 2293 435 2333 Dionysio
463 2292 593 2332 vocati,
621 2293 745 2324 intrans
771 2290 804 2322 in
820 2290 1024 2322 coenaculum
1046 2299 1103 2321 rex

78 2342 183 2374 dixit·
198 2341 316 2373 Literae
329 2340 446 2379 nobis,
461 2339 578 2379 amici,
608 2339 713 2371 allatae
735 2341 811 2371 sunt
833 2347 852 2369 a
865 2337 1003 2369 ducibus
1020 2337 1104 2369 datae

81 2388 233 2430 Neapolin
253 2387 372 2420 missis.
391 2387 440 2419 rbi
456 2386 623 2418 Democles
639 2386 831 2421 interfatus:
845 2384 1004 2417 Praeclare
1014 2393 1103 2423 sane,

80 2445 136 2478 per
153 2436 254 2475 deos,
270 2435 432 2474 fecerunt,
460 2434 584 2472 inquit,
601 2433 749 2474 Dionysi!
767 2434 869 2470 Quem
882 2431 936 2464 ille
951 2431 1103 2462 intuens

80 2483 168 2522 Quid
187 2492 285 2522 vero,
299 2481 427 2523 inquit,
456 2482 493 2513 tu
520 2481 622 2519 nosti,
646 2483 757 2512 utrum
773 2489 814 2511 ex
833 2478 994 2511 sententia
1013 2477 1103 2518 sint,

81 2539 180 2563 necne
194 2554 203 2571 ,
227 2538 301 2571 quae
323 2529 367 2560 illi
392 2527 634 2570 perscripsere?
659 2529 700 2559 Et
721 2526 920 2558 Democles:
948 2524 1105 2557 Piaeclare

80 2585 168 2617 sane,
182 2586 237 2619 per
251 2577 341 2616 deos,
356 2576 473 2617 inquit,
489 2574 722 2616 reprehendisti
741 2582 804 2612 me,
823 2573 977 2613 Dionysi!
996 2572 1058 2604 Sed
1073 2574 1106 2604 et

83 2626 233 2665 Satyrum
262 2623 423 2665 quendam
450 2622 682 2655 commemorat
698 2621 852 2658 TimaeuS,
869 2620 1104 2652 adsentatorem

83 2671 250 2712 utriusque
267 2670 427 2711 Dionysii.

553 2728 567 2755 1
578 2723 624 2755 28
632 2747 640 2755 .

122 2776 239 2809 Narrat
260 2775 424 2815 Timaeus,
452 2774 642 2815 Dionysium
658 2775 833 2814 tyrannum
853 2772 886 2804 in
908 2772 1105 2813 Congiorum

82 2821 271 2855 solemiitate
284 2821 332 2862 ei,
351 2822 406 2863 qui
428 2822 551 2865 primus
567 2820 720 2862 congium
736 2820 910 2859 ebibisset,
933 2819 1105 2860 praemium

82 2869 289 2911 proposuisse
309 2877 463 2901 coronam
489 2875 644 2900 auream:
663 2866 806 2900 ebibisse
827 2868 937 2898 autem
961 2866 1105 2906 primum

82 2916 228 2948 omnium
250 2917 462 2948 Xenocratem
491 2915 719 2956 philosophum
736 2938 746 2954 ,
776 2922 916 2954 eumque
943 2916 1106 2954 acceptam

83 2970 212 2995 auream
224 2971 387 3002 eoronam,
397 2970 498 3003 quum
515 2961 778 3003 ecompotatione
789 2961 978 2999 discederet,
986 2962 1107 2992 Mercu·

34 3009 39 3011 ’
84 3009 131 3042 rio
155 3009 369 3051 imposuisse,
394 3008 450 3050 qui
474 3009 506 3040 in
522 3009 607 3041 aulae
622 3008 756 3041 introitu
773 3008 900 3046 stabat,
926 3007 979 3039 cui
1003 3006 1106 3038 eidem

82 3056 181 3089 etiam
196 3056 327 3089 floridas
341 3065 495 3095 coronas,
518 3054 645 3096 quoties
664 3055 790 3096 vesperi
812 3055 948 3086 domum
969 3052 1108 3085 discede·

83 3105 142 3142 ret,
157 3103 320 3144 imponere
333 3103 570 3135 consuevisset:
583 3101 680 3143 idque
692 3102 763 3142 ejus
775 3101 896 3134 factum
911 3109 1023 3133 omnes
1036 3108 1107 3132 esse

62 3148 269 3183 ‘admiratos

553 3203 640 3235 129.

126 3254 358 3287 caduceatores
382 3253 423 3287 ab
439 3253 594 3294 Dionysio
615 3253 748 3285 aderant
769 3261 844 3284 cum
865 3250 1009 3292 epistolis
1025 3258 1106 3290 quas

85 3300 127 3332 ad
158 3301 293 3333 Dionem
338 3301 532 3341 scripserant
570 3300 699 3332 feminae
733 3299 934 3339 propinquae.
963 3299 1034 3328 Una
1065 3296 1107 3326 in-

86 3347 294 3389 scriptionem
313 3347 391 3379 feris
412 3346 565 3384 habebat,
582 3347 683 3378 Patri
697 3345 741 3377 ab
760 3346 968 3385 Hipparino.
991 3342 1027 3374 ld
1051 3350 1104 3372 no-

208 3405 401 3436 chunun
422 3404 667 3434 His'romconum.

2103 151 2178 184 225

1152 230 1406 303 γεγραμμένη·
1421 232 1484 284 Τῷ
1503 230 1630 283 πατρὶ,
1650 230 1734 283 παρ’
1750 229 1965 284 Ἱππαρίνου.
1983 231 2100 270 Τουτο
2112 230 2181 286 γὰρ

1151 291 1193 334 ἠν
1218 288 1329 340 ὄνομα
1358 291 1409 342 τῷ
1441 288 1573 333 Δίωνος
1607 290 1691 342 υἱῶ·
1724 287 1839 328 καίτοι
1873 288 1959 343 φησὶ
2010 288 2180 341 Τίμαιος,

1156 347 1332 399 Ἀρεταῖον
1349 348 1453 386 αὐτὸν
1475 347 1544 386 ἀπὸ
1573 364 1634 395 της
1657 347 1787 402 μητρὸς
1812 347 1950 401 Ἀρέτης
1977 349 2176 387 καλεῖσθαι·

1153 405 1336 457 Ἰιμωνίδῃ
1358 405 1394 444 δὲ
1410 407 1556 457 μᾶλλον,
1575 409 1621 450 ὡς
1647 406 1783 458 οιομαι,
1810 405 1890 460 περί
1907 421 1947 457 γε
1969 404 2101 445 τούτων
2117 422 2183 444 ττι-

1156 462 1331 510 στευτέον,
1350 464 1448 518 ἀνδρὶ
1468 464 1557 518 φίλῳ
1574 465 1632 504 καὶ
1651 464 1894 519 συστρατιώτῃ
1914 464 2056 510 Δίωνος.

1624 525 1709 563 130.

1207 576 1324 613 Clem.
1340 576 1446 613 Alex.
1465 580 1602 615 Strom.
1623 592 1660 628 p.
1684 584 1771 625 400,
1795 585 1838 623 il.
1871 580 1995 615 Oxon.
2014 579 2066 628 (p.
2091 579 2182 626 334,

1154 637 1188 670 D
1209 633 1351 684 Sylb.),
1373 634 1439 671 ubi
1458 644 1563 673 vates
1596 649 1832 687 paganorum
1866 644 2058 683 recenset,
2087 636 2182 676 Θεό-

1153 707 1292 743 πομπος
1308 723 1318 740 ,
1340 693 1413 740 ait,
1432 691 1493 730 καὶ
1515 692 1686 747 ”Εφορος,
1715 694 1774 733 καὶ
1794 694 1944 745 Τίμαιος
1964 693 2183 748 Ὀρθαγόραν

1161 749 1241 788 τινὰ
1261 750 1385 801 μάντιν
1416 751 1672 805 ἀναγράφουσι·
1690 753 1848 805 καθάπερ
1865 756 1883 791 ὃ
1904 752 2038 804 Σάμιος
2065 755 2184 792 Πυθο-

1156 811 1242 856 κλῆς
1263 811 1298 848 ἐν
1323 809 1479 862 τετάρτῳ
1496 810 1690 859 Ἰταλικῶν,
1707 812 1813 850 Γάϊον
1829 810 1973 850 Ἰούλιον
1990 810 2156 850 Νέπωτα.

1628 871 1712 908 131.

1210 920 1400 958 Plutarch.
1447 921 1580 958 Timol.
1636 936 1667 958 c.
1710 927 1728 965 4
1744 937 1752 959 :
1779 923 1977 960 Timoleon
2029 926 2183 962 fratrem

1157 980 1395 1018 dominatum
1435 980 1677 1017 affectantem
1710 994 1979 1030 percussurus,
2009 982 2057 1019 ad
2098 996 2186 1020 eum

1158 1040 1347 1090 perrexit,
1369 1037 1585 1092 παραλαὸὼν
1603 1040 1672 1076 τῶν
1691 1037 1798 1090 φίλων
1816 1038 1872 1076 τὸν
1895 1038 2032 1091 μάντιν,
2051 1038 2087 1078 ὃν
2106 1040 2186 1079 Σά-

1157 1113 1258 1151 τυρον
1280 1096 1343 1147 μὲν
1358 1098 1573 1148 Θεόπομπος
1587 1126 1596 1143 ,
1623 1095 1775 1149 ’Ἔφορος
1793 1095 1828 1134 δὲ
1846 1098 1904 1135 καὶ
1923 1098 2076 1149 Τίμαιος
2096 1098 2180 1151 Ὀρ-

1157 1156 1307 1210 θαγόραν
1327 1156 1566 1207 ὀνομάζουσιν.

1212 1264 1319 1301 Idem
1339 1263 1430 1301 ibid.
1450 1277 1481 1301 c,
1499 1264 1573 1301 36:
1590 1265 1674 1302 ΤιΝιν
1693 1260 1730 1300 δὲ
1745 1262 2015 1313 Ἰιμολέοντος”
1998 1279 2105 1315 εργων
2124 1262 2188 1307 ἔξω

1158 1320 1262 1374 λόγου
1283 1321 1438 1373 θεμένοις
1455 1321 1519 1369 τὴν
1539 1322 1618 1376 περὶ
1637 1321 1694 1360 τὸν
1717 1321 1862 1375 ἀδελφὸν
1893 1321 2063 1373 ἀνάγκην,
2087 1321 2186 1360 οὐδέν

1159 1383 1266 1428 ἐστιν,
1283 1384 1312 1435 ᾡ
1330 1380 1377 1432 μὴ
1392 1380 1431 1419 τὸ
1449 1397 1509 1420 του
1488 1379 1793 1435 ΝΣοφοκλέους,“
1769 1397 1815 1424 ως
1832 1379 1971 1434 φησιΤ
1960 1396 2105 1454 ιμαιοςζν
2108 1382 2189 1418 ἐπι-

1160 1446 1283 1491 φωνεῖν
1302 1440 1467 1494 ἔπρεπεν·
1482 1433 1531 1479 Ὠ
1551 1439 1638 1486 θεοι,
1654 1438 1706 1482 τίς
1723 1439 1790 1492 ἄρα
1808 1438 1960 1493 Κύπρις,
1980 1440 2002 1484 ἢ
2021 1438 2070 1481 τίς
2089 1437 2189 1489 Ἵμε-

1161 1514 1216 1551 ρος
1236 1500 1335 1538 τουδε
1354 1499 1549 1553 συνήψατο;
1634 1552 1706 1590 ¹33

1213 1605 1345 1655 Polyb.
1362 1609 1453 1653 XII,
1474 1611 1493 1650 l.
1511 1619 1554 1643 a:
1572 1604 1633 1643 Ἐν
1652 1598 1703 1645 αἷς
1722 1603 1938 1655 Θεοπόμπου
1959 1603 2021 1655 μὲν
2040 1617 2190 1655 κατηγο-

1161 1670 1234 1719 ρεῖ,
1257 1663 1364 1715 διότι,
1401 1664 1583 1703 Διονυσίου
1610 1662 1852 1714 ποιησαμένου
1883 1663 1946 1711 τὴν
1972 1661 2188 1714 ἀνακομιδὴν

1163 1725 1203 1762 ἐκ
1220 1724 1383 1767 Σικελίας
1404 1726 1451 1767 εἷς
1471 1724 1637 1777 Κόρινθον
1651 1725 1690 1761 ’ἐν
1713 1729 1832 1776 μακρᾷ
1858 1719 1917 1770 νηῒ
1931 1753 1942 1774 ,
1977 1722 2190 1774 Θεόπομπος

1161 1782 1264 1836 φησὶν
1286 1784 1320 1820 ἐν
1338 1781 1534 1835 στρογγύλῃ
1552 1780 1809 1835 παραγενέσθαι
1828 1780 1886 1819 τὸν
1904 1780 2096 1820 Διονύσιον.

1402 1889 1569 1940 (LIBER
1600 1888 1949 1938 XXVIII-XXXI.)

1218 1999 1353 2049 Polyb.
1375 2003 1473 2047 XII,
1489 2014 1520 2037 c.
1543 2001 1590 2038 25
1608 2014 1616 2036 ε
1635 1947 1785 2053 Ἰἒέγὰρ
1807 2002 1850 2051 τῇ
1872 2004 1936 2051 μιᾷ
1962 1998 2022 2036 καὶ
2051 1999 2189 2049 εἰκοστῇ

1164 2113 1238 2137 men
1253 2104 1314 2137 fuit
1330 2105 1442 2138 Dionis
1459 2106 1543 2145 filio,
1561 2106 1635 2138 licet
1659 2107 1820 2138 Aretaeum
1834 2105 1925 2137 illum
1941 2105 2026 2137 dicat
2050 2105 2190 2136 Timaeus

1162 2160 1203 2184 ex
1238 2155 1351 2184 matris
1378 2155 1485 2185 Aretae
1516 2153 1646 2185 nomine
1676 2154 1908 2193 nuncupatum.
1939 2154 2060 2184 Verum
2083 2152 2117 2183 in
2140 2151 2190 2183 his

1162 2198 1324 2230 Timonidi
1340 2208 1416 2231 sane
1426 2223 1436 2239 ,
1463 2209 1536 2232 meo
1564 2199 1686 2241 Judioio
1699 2224 1708 2239 ,
1724 2199 1780 2240 qui
1796 2199 1920 2230 amicus
1936 2198 2046 2230 Dionis
2062 2200 2094 2230 et
2109 2206 2191 2230 com-

1163 2245 1266 2277 milito
1282 2246 1344 2278 fuit
1355 2270 1364 2286 ‚
1396 2250 1445 2278 est
1461 2246 1670 2279 credendum.

1629 2295 1716 2327 130.

1204 2347 1432 2389 Theopompus
1445 2350 1553 2380 autem
1570 2350 1602 2380 et
1617 2348 1766 2388 Ephorus
1778 2350 1810 2379 et
1822 2347 1963 2380 Timaeus
1979 2347 2189 2386 Orthagoram

1164 2395 1328 2435 quendam
1345 2397 1451 2427 vatem
1476 2395 1575 2427 fuisse
1599 2394 1761 2434 scribunt,
1777 2394 2053 2435 quemadmodum
2074 2393 2189 2433 Pytho-

1163 2442 1228 2475 cles
1241 2443 1369 2475 Samius
1383 2443 1415 2475 in
1431 2445 1547 2484 quarto
1566 2444 1687 2475 Rerum
1704 2442 1889 2475 Italicarum
1902 2464 1911 2479 ‚
1931 2441 2047 2473 Gaium
2067 2442 2086 2471 J
2090 2439 2188 2471 ulium

1163 2491 1332 2531 Nepotem.

1639 2537 1723 2570 131.

1206 2584 1342 2616 Asciscit
1369 2584 1534 2616 Timoleon
1556 2591 1596 2615 ex
1623 2582 1736 2614 amicis
1767 2584 1872 2613 vatem
1885 2605 1894 2621 ,
1922 2589 2018 2622 quem
2038 2581 2188 2620 Satyrum

1163 2631 1402 2672 Theopompus,
1426 2631 1575 2672 Ephorus
1590 2633 1622 2661 et
1637 2629 1779 2661 Timaeus
1794 2628 2004 2668 Orthagoram
2017 2629 2145 2658 vocant.

1205 2732 1247 2762 At
1266 2729 1477 2762 Timoleontis
1499 2738 1632 2770 operum
1644 2751 1653 2767 ,
1679 2728 1707 2759 si
1729 2736 1748 2759 a
1765 2726 1872 2759 fratris
1891 2726 1957 2758 tato
1978 2726 2184 2766 discesseris,

1164 2777 1288 2809 nullum
1306 2779 1355 2809 est
1371 2776 1424 2808 cui
1442 2785 1506 2808 non
1526 2774 1694 2816 Sophoclis
1715 2773 1794 2805 illud
1807 2797 1816 2813 ‚
1840 2774 1877 2804 ut
1890 2772 2032 2804 Timaeus
2045 2772 2108 2811 ait,
2123 2780 2188 2804 me-

1165 2823 1228 2856 rito
1244 2823 1401 2855 acclames
1411 2845 1420 2860 ,

1289 2871 1316 2900 0
1332 2869 1396 2907 dii,
1412 2877 1551 2907 quaenam
1568 2868 1674 2896 Venus
1690 2866 1739 2895 vel
1754 2867 1823 2904 quis
1838 2864 1960 2904 Cupido

1288 2916 1373 2945 hlsce
1388 2924 1512 2944 manum
1527 2913 1686 2942 admovit?

1635 2966 1719 2998 133.

1207 3020 1349 3053 Timaeus
1361 3019 1447 3050 enim
1463 3017 1504 3049 de
1516 3025 1555 3049 eo
1564 3017 1808 3057 Theopompum
1825 3020 1966 3056 accusat,
1983 3017 2071 3057 quod
2084 3026 2188 3058 quum

1165 3067 1339 3107 Dionysius
1370 3064 1508 3096 reditum
1530 3072 1548 3095 e
1574 3063 1683 3095 Sicilia
1710 3063 1902 3096 Corinthum
1930 3063 2023 3104 longa
2049 3063 2124 3096 navi
2148 3063 2189 3097 fe-

1164 3113 1254 3153 cerit,
1271 3113 1498 3152 Theopompus
1514 3110 1558 3143 ait
1572 3110 1711 3143 rotunda
1725 3119 1800 3142 eum
1819 3111 2000 3143 advenisse.

1574 3173 1806 3189 *off-2

1414 3216 1566 3254 LIBER
1596 3215 1935 3254 XXVIII-XXXI.

1211 3341 1289 3371 Nam
1306 3338 1339 3369 in
1355 3337 1457 3378 primo
1474 3339 1506 3369 et
1520 3286 1794 3377 vicesiulgllibro,
1813 3336 1874 3368 sub
1888 3335 1983 3368 finem
1995 3359 2003 3375 ,
2023 3336 2056 3367 in
2072 3335 2124 3368 illa
2137 3335 2186 3368 Ti-

2039 3392 2075 3421 15
