2320 3684
196 160 270 195 540

193 250 334 294 cupent
359 245 379 279 a
397 243 433 279 la
453 239 570 277 verite
590 251 664 289 que
683 238 782 275 deux
802 251 868 275 ans
889 251 940 275 ou
957 238 1210 288 vingt-quatre

193 305 312 349 mois3
336 303 430 340 mais
447 314 522 352 que
542 313 602 338 ces
618 300 874 350 vingt-quatre
899 299 995 336 mois
1013 313 1053 337 se
1074 300 1210 350 repar-

193 370 327 407 tissent
351 375 457 404 entre
487 364 578 401 trois
608 364 748 400 annees
778 363 982 401 Pariennes
1007 377 1015 401 :
1047 377 1110 401 car
1134 364 1160 401 il
1186 377 1210 413 y

192 443 240 467 en
269 442 289 464 a
318 423 477 463 d’abord
502 423 560 461 six
593 422 688 459 mois
717 422 783 471 qui
825 423 1030 461 terminent
1064 423 1210 461 l'annee

192 483 375 521 Parienne
398 483 490 520 dans
515 481 676 530 laquelle
697 480 922 518 l'archontat
938 494 958 518 a
976 482 1208 520 commence.

191 543 264 577 Les
287 541 406 578 douze
425 539 521 576 mois
546 539 716 576 suivants
736 539 802 589 qui
826 547 980 590 partent
999 539 1046 577 de
1066 539 1210 587 l'hiver,

191 599 432 648 remplissent
461 610 535 634 une
556 596 717 634 seconde
737 598 857 635 annee
873 626 883 645 ,
913 606 951 635 et
969 598 1022 635 les
1041 598 1101 636 six
1117 598 1209 636 der-

190 656 291 692 niers
309 656 406 693 mois
434 669 481 692 en
509 663 774 693 commencent
793 669 868 693 une
884 656 1077 695 troisieme
1093 671 1101 693 ε
1121 656 1210 694 ἀόὺ

190 714 216 750 il
242 714 368 751 arrive
388 714 558 764 qu’entre
589 713 689 751 deux
710 714 952 753 evenements
978 715 1043 765 qui
1069 728 1212 766 appar-

194 773 363 810 tiennent
396 776 418 810 a
450 772 551 809 deux
580 772 801 811 archontats
831 774 1042 812 Atheniens
1075 774 1211 812 imme-

189 825 290 862 diats
307 855 316 872 ‚
344 826 370 863 il
389 833 483 876 peut
501 839 526 875 y
544 826 655 863 avoir
673 839 747 864 une
767 826 888 864 annee
905 827 1088 864 Parienne
1106 835 1212 865 toute

190 884 334 920 entiere
366 883 675 931 intermediaire3
714 893 752 922 et
779 897 855 935 que
883 885 960 922 l’un
993 885 1097 923 etant
1126 885 1212 923 date

190 943 304 981 d'une
332 945 520 995 premiere
543 944 691 992 annee,
713 945 847 983 l’autre
873 959 922 983 ne
949 945 1035 983 l'est
1061 959 1136 997 que
1165 946 1212 984 de

191 1001 225 1039 la
249 1003 456 1040 troisieme.
473 1020 488 1037 υ

243 1062 497 1100 Adversarios
519 1063 600 1100 haec
620 1062 796 1101 doctrina
818 1071 929 1101 nacta
950 1072 1006 1101 est
1024 1071 1062 1102 et
1074 1067 1212 1102 Frere-

179 1127 271 1157 tum
293 1121 421 1171 (Μόνη.
437 1123 484 1158 de
505 1121 651 1159 l'Acad.
665 1123 728 1158 des
741 1124 859 1158 Inscr.
878 1129 903 1159 t.
918 1124 1064 1167 XXVI,
1085 1135 1122 1172 p.
1140 1136 1213 1160 200

191 1179 288 1229 sqq.)
316 1187 353 1217 et
386 1179 622 1217 Boeckhium.
647 1182 703 1217 Ac
731 1182 908 1217 Freretus
935 1179 1089 1230 quidem
1114 1180 1215 1218 inter

190 1237 262 1274 alia
282 1250 329 1275 eo
349 1238 514 1275 maxime
532 1238 682 1286 nititur,
700 1237 804 1288 quod
821 1251 882 1288 ep.
906 1244 952 1282 24
974 1237 1099 1288 Trojae
1115 1239 1216 1276 exci—

191 1293 299 1331 dium
317 1295 799 1346 assignaturThargelioni
827 1295 947 1333 mensi
970 1296 1112 1333 Attico.
1141 1295 1215 1333 Sed

191 1351 264 1389 hoc
294 1366 372 1390 non
407 1354 569 1391 multum
604 1355 728 1398 valet,
767 1353 948 1403 quoniam
985 1353 1214 1403 Thargelion

192 1411 332 1447 mensis
352 1411 477 1449 Pariis
499 1424 587 1448 cum
611 1411 750 1449 Atticis
778 1410 990 1448 communis
1006 1423 1087 1448 esse
1102 1419 1214 1462 pote—

191 1478 262 1507 rat.
289 1470 411 1520 quue
435 1471 489 1508 ita
513 1470 631 1508 fuisse
651 1483 698 1508 ex
716 1483 762 1507 eo
782 1469 942 1520 collig0,
962 1469 1068 1520 quod
1087 1470 1214 1507 Thar-

192 1529 378 1578 geliorum
412 1530 549 1567 festum
578 1543 599 1566 a
629 1529 750 1566 Pariis
778 1528 1012 1566 celebratum
1039 1542 1120 1567 esse
1146 1543 1215 1567 ex-

190 1599 321 1636 presse
347 1587 487 1624 dicitur
511 1587 560 1624 ab
587 1587 820 1624 Archilocho
843 1600 880 1637 p.
902 1587 975 1634 257
995 1586 1056 1626 ed.
1073 1587 1214 1626 Liebel.

191 1644 262 1695 (Cf.
283 1648 330 1683 O.
353 1645 504 1684 Mffller.
525 1649 620 1683 Dor.
641 1649 681 1692 I,
711 1659 750 1696 p.
771 1644 875 1696 327).
903 1645 1106 1683 Boeckhius
1122 1659 1215 1684 vero

191 1701 469 1740 demonstravit
498 1702 665 1741 Socratis
693 1702 842 1740 obitum
865 1715 942 1739 non
969 1702 1216 1741 tribuendum

192 1774 273 1798 esse
287 1769 492 1799 auctumno
510 1761 576 1799 sed
592 1761 689 1807 veri,
707 1761 873 1812 ideoque
884 1763 1021 1812 epoch.
1042 1764 1091 1800 66
1107 1771 1216 1801 nota-

193 1827 268 1856 tam
282 1819 322 1856 in
338 1833 458 1857 unum
471 1819 712 1870 eundemque
727 1819 862 1857 cadere
875 1833 1016 1857 annum
1032 1821 1214 1859 Atticum.

191 1881 318 1927 Atque
335 1878 483 1928 epocha
512 1878 556 1914 51
590 1878 830 1928 Hellesponti
855 1877 1055 1928 trajectum
1074 1892 1216 1917 memo-

195 1943 319 1972 ratum
345 1949 448 1982 esse,
477 1936 580 1986 quod
599 1936 660 1973 hic
682 1937 782 1974 viam
802 1945 956 1987 pararet
977 1936 1026 1974 ad
1046 1950 1212 1988 pugnam

193 1994 560 2044 Thermopylensem
575 2022 584 2040 ,
606 1995 719 2032 sicuti
735 1995 838 2032 Atho
854 1995 1045 2045 perfossus
1060 1995 1216 2035 duceret

193 2051 242 2089 ad
259 2065 424 2102 pugnam
443 2053 686 2090 Salaminiam
701 2067 710 2099 ;
727 2053 937 2103 eodemque
954 2053 1069 2091 modo
1086 2067 1146 2104 ep.
1166 2056 1213 2099 45

194 2123 256 2147 res
280 2111 459 2160 conjungi
489 2119 655 2160 quatuor
683 2111 761 2149 sere
784 2112 894 2149 annis
919 2111 1080 2151 dissitas.
1109 2116 1216 2151 Patet

194 2168 312 2218 igitur
333 2182 475 2206 annum
495 2169 610 2206 istum
628 2170 781 2207 Parium
801 2183 948 2207 merum
969 2184 1050 2208 esse
1068 2171 1215 2210 Giberti

194 2227 416 2274 inventum3
458 2241 582 2278 neque
618 2229 821 2279 quisquam
852 2237 1082 2279 propterea,
1112 2230 1216 2280 quod

195 2285 305 2321 initio
334 2285 595 2336 inscriptionis
622 2295 762 2336 praeter
788 2286 960 2323 Atticum
992 2286 1214 2325 archontem

196 2341 311 2379 etiam
327 2343 458 2380 Parius
476 2344 710 2392 nominatur,
734 2357 854 2394 quum
871 2353 996 2382 tamen
1012 2345 1051 2382 in
1072 2345 1215 2396 reliqua

196 2409 304 2450 parte
326 2401 477 2438 nonnisi
495 2402 608 2438 Attici
637 2402 840 2440 archontes
867 2411 1124 2454 apponantur,
1145 2404 1215 2442 Gi-

195 2457 294 2496 berti
335 2459 507 2509 opinioni
556 2459 866 2510 adstipulandum
909 2474 991 2498 esse
1031 2460 1213 2500 censebit.

194 2516 307 2554 Plura
355 2516 402 2554 de
450 2518 606 2568 singulis
656 2518 814 2568 epochis
863 2527 998 2556 contra
1044 2519 1216 2570 disputat

195 2575 417 2623 Boeckhhm,
443 2590 527 2626 quae
558 2577 621 2614 hic
647 2585 821 2627 repetere
851 2591 930 2614 non
956 2586 1081 2616 vacat.

249 2634 430 2672 Corsinus
446 2634 484 2671 in
502 2638 601 2672 Fast.
619 2639 692 2672 Att.
710 2643 734 2672 t.
751 2639 806 2679 11,
827 2649 864 2686 p.
881 2642 930 2680 40
946 2648 1028 2686 sqq.
1045 2636 1215 2674 diversos

194 2693 400 2730 Marmoris
442 2701 644 2745 computos
687 2693 932 2744 explicandos
967 2707 1049 2732 esse
1083 2696 1215 2733 statuit

195 2763 243 2787 ex
268 2759 415 2789 mutato
442 2752 531 2788 anni
560 2752 674 2790 Attici
691 2753 812 2790 initio.
841 2755 878 2789 Is
905 2752 1005 2790 enim
1030 2761 1142 2803 putat
1167 2753 1214 2791 ab

197 2810 258 2846 Ol.
293 2811 353 2857 87,
384 2823 398 2846 1
433 2810 586 2848 demum
618 2824 759 2848 annum
802 2811 971 2848 Atticum
1004 2824 1024 2848 a
1053 2812 1214 2850 solstitio

198 2868 326 2904 aestivo
355 2869 413 2905 vel
444 2868 492 2905 ab
518 2869 837 2907 Hecatombaeone
863 2882 991 2907 mense
1015 2869 1213 2920 incepisse,

197 2934 307 2963 antea
325 2940 345 2962 a
361 2928 528 2964 solstitio
545 2926 706 2966 hiberno
722 2928 782 2965 vel
798 2942 819 2965 a
836 2928 1057 2966 Gamelione
1073 2941 1212 2967 mense.

197 2983 289 3020 Ideo
307 2984 345 3020 in
369 2986 442 3022 illis
461 2986 615 3036 epochis
629 3015 639 3033 ‚
666 3000 751 3037 quae
771 2988 924 3037 Olymp.
943 2988 1006 3035 87,
1028 3001 1064 3034 1,
1085 2990 1213 3024 Meto-

199 3041 261 3078 nei
297 3044 393 3091 cycli
433 3045 617 3094 epocham
635 3075 644 3093 ,
676 3046 928 3091 antecedunt,
972 3059 1031 3083 res
1073 3046 1214 3096 positas

198 3111 279 3137 esse
305 3113 433 3138 omnes
464 3116 508 3139 ex
537 3111 720 3154 computo
742 3105 798 3150 B,
829 3104 869 3141 in
895 3103 1214 3154 subsequentibus

198 3170 246 3194 ex
276 3168 455 3210 computo
487 3164 530 3198 A.
568 3164 624 3199 Ex
657 3163 727 3200 hac
758 3163 905 3201 ratione
936 3163 1028 3200 ferri
1058 3163 1211 3214 quidem

198 3224 324 3266 potest
360 3227 561 3268 computus
594 3223 623 3258 A
650 3220 689 3257 in
715 3234 756 3259 re
778 3222 930 3272 Olymp.
964 3222 1027 3269 87,
1057 3235 1072 3258 1
1109 3234 1212 3272 prae-

197 3274 371 3320 cedente3
394 3291 479 3314 nam
503 3278 541 3314 in
569 3279 626 3315 his
658 3280 747 3316 anni
770 3294 972 3318 numerum
996 3280 1044 3317 ad
1074 3293 1211 3318 secun—

198 3332 287 3370 dum
320 3335 459 3371 vetusti
491 3336 579 3373 anni
609 3337 725 3375 Attici
759 3347 940 3376 semestre
972 3338 1113 3385 refert3
1146 3338 1211 3377 sed

1050 150 1416 192 INTRODUCTIO.

1270 248 1358 290 post
1384 241 1537 293 Olymp.
1558 243 1621 291 87,
1641 256 1657 280 1
1686 245 1839 282 nonnisi
1868 253 2071 296 computus
2090 248 2120 284 A
2139 247 2282 286 admitti

1269 305 1406 347 potest.
1439 303 1566 344 Quare
1595 301 1745 352 cogitur
1765 303 1964 349 Corsinus,
1997 311 2040 341 ut
2058 317 2143 355 quae
2159 305 2197 342 in
2214 305 2285 344 hac

1270 364 1377 405 parte
1404 369 1450 395 ex
1478 367 1661 410 computo
1682 364 1711 398 B
1731 369 1939 412 supputata
1960 370 2047 399 sunt
2059 391 2071 411 ,
2101 363 2286 402 mutando

1271 423 1477 454 removeat.
1497 420 1638 455 Parum
1657 418 1731 456 hoc
1753 419 2097 468 accommodatum,
2115 429 2159 458 ut
2170 421 2286 460 fidem

1269 481 1438 511 nostram
1489 476 1722 514 Corsinianae
1777 478 1973 515 sententiae
2021 478 2284 529 adjungamus.

1269 531 1389 581 Magis
1422 545 1516 571 vero
1539 533 1666 572 obstat
1697 536 1802 586 quod
1829 536 2028 574 Boeckhius
2052 537 2184 576 docuit
2207 552 2286 578 non

1269 587 1318 626 ab
1335 590 1490 642 Olymp.
1511 593 1575 640 87,
1594 606 1607 629 1
1633 593 1785 631 demum
1798 621 1807 639 ,
1829 594 1894 632 sed
1919 594 2115 645 certejam
2132 595 2221 634 inde
2236 597 2286 635 ab

1270 648 1424 700 Olymp.
1459 663 1506 697 7²
1526 680 1537 698 ‚
1573 652 1594 688 3
1646 652 1816 690 Atticum
1843 666 1984 690 annum
2011 653 2061 691 ab
2088 656 2288 693 Hecatom·

1269 707 1402 746 baeone
1418 709 1617 760 incepisse.
1641 714 1728 748 «Ac
1743 725 1862 762 quum
1879 719 1936 748 tot
1950 720 2055 749 retro
2071 712 2286 762 archontes,

1271 766 1324 802 ait
1352 766 1412 804 vir
1429 766 1671 806 doctissimus
1686 797 1696 815 ,
1725 782 1847 819 usque
1870 770 1918 807 ad
1947 772 2152 808 Creontem
2174 772 2288 811 certis

1271 824 1495 875 simpliciter
1509 827 1721 878 Olympicis
1746 828 1854 865 annis
1868 827 2088 866 tribuantur
2105 842 2126 866 a
2144 831 2289 869 veteri-

1271 880 1344 919 bus
1355 911 1364 927 ,
1383 896 1506 934 neque
1521 885 1722 935 quisquam
1738 899 1906 936 unquam
1925 887 2146 925 archontem
2163 900 2213 925 ex
2227 887 2289 926 his

1271 940 1390 978 ullum
1404 941 1555 981 duobus
1571 943 1715 982 tribuat
1725 944 1932 994 Olympicis
1948 947 2069 993 annis,
2085 946 2164 984 noli
2179 945 2289 984 dubi-

1274 1006 1352 1036 tare
1374 1001 1467 1050 quin
1496 1001 1587 1039 inde
1603 1015 1625 1040 a
1639 1004 1802 1041 Creonte
1817 1002 1920 1042 idem
1935 1003 2053 1042 Attici
2067 1004 2157 1042 anni
2171 1003 2288 1043 cardo

1273 1057 1398 1095 fuerit.
1416 1075 1431 1093 »

1326 1117 1530 1166 Reliquum
1552 1126 1633 1166 est,
1661 1127 1705 1156 ut
1734 1119 1832 1157 ratio
1857 1119 2081 1170 explicetur,
2108 1133 2224 1172 quam
2249 1122 2290 1160 in

1273 1174 1450 1212 notandis
1479 1176 1647 1213 Canonis
1671 1177 1840 1215 numeris
1861 1177 2117 1216 adhibuimus.
2145 1182 2233 1226 Qua
2250 1179 2290 1217 in

1275 1244 1341 1279 re,
1371 1246 1490 1282 quum
1520 1241 1623 1271 totos
1649 1247 1720 1271 nos
1747 1235 1796 1272 ad
1821 1235 2090 1274 Boeckhianam
2117 1236 2291 1276 chronici

1274 1289 1479 1329 editionem
1508 1293 1945 1342 accommodaverimus,
1970 1308 2056 1344 quae
2082 1295 2140 1333 vir
2158 1296 2292 1334 claris-

1275 1347 1391 1386 simus
1423 1350 1472 1387 de
1508 1363 1553 1388 ea
1583 1352 1786 1403 exposuit,
1818 1352 2018 1403 ipsissimis
2047 1352 2130 1404 ejus
2162 1352 2290 1393 verbis

1274 1407 1488 1446 adscribam
1518 1423 1527 1446 :
1565 1426 1582 1442 «
1603 1412 1649 1446 In
1681 1422 1826 1448 canone
1863 1411 2101 1448 conficiendo
2133 1425 2292 1463 operam

1275 1465 1387 1514 dedi,
1415 1475 1458 1503 ut
1482 1480 1579 1517 qnos
1598 1470 1739 1505 Noster
1758 1481 1850 1507 vere
1867 1469 2133 1519 significaverit
2147 1483 2291 1520 annos,

1275 1523 1324 1561 ad
1348 1537 1413 1562 eos
1432 1525 1668 1563 referrentur
1686 1539 1746 1564 res
1764 1535 1892 1578 gestae.
1915 1527 2035 1566 Firmi
2053 1527 2156 1566 hand
2175 1528 2292 1568 dubie

1275 1582 1445 1633 certique
1474 1584 1593 1622 Attici
1625 1585 1727 1622 Fasti
1754 1585 1843 1623 inde
1860 1599 1882 1623 a
1897 1588 2061 1624 Creonte
2077 1595 2206 1634 erant,
2221 1600 2293 1625 nec
2317 1614 2320 1615 ν

1276 1648 1427 1690 poterat
1444 1645 1585 1680 Noster
1607 1643 1648 1680 in
1667 1643 1905 1681 Archontum
1927 1644 2142 1682 Atticorum
2166 1658 2292 1683 anno-

1275 1712 1359 1736 rum
1389 1700 1628 1750 temporibus
1654 1701 1763 1739 facile
1789 1715 1918 1739 errare
1946 1710 2013 1740 aut
2042 1702 2091 1740 ab
2119 1703 2202 1741 aliis
2222 1702 2295 1740 dif-

1275 1757 1400 1804 ferre3
1429 1759 1560 1808 itaque
1582 1772 1627 1796 ex
1653 1759 1902 1798 archontibus
1924 1759 2120 1811 designavi
2149 1774 2293 1799 annum

1276 1816 1542 1866 Olympicum,
1567 1816 1636 1854 ubi
1667 1817 1750 1855 fieri
1778 1825 1951 1868 poterat,
1981 1818 2036 1856 ita
2054 1817 2231 1869 quidem,
2250 1826 2295 1856 ut

1274 1873 1518 1911 archonticus
1544 1881 1582 1911 et
1609 1874 1729 1912 civilis
1753 1875 1902 1914 Atticus
1928 1888 2050 1913 annus
2074 1875 2176 1914 idem
2195 1885 2294 1915 esset

1274 1940 1388 1982 atque
1415 1933 1663 1982 Olympicus,
1691 1932 1739 1971 ab
1770 1933 1906 1971 eodem
1938 1934 2084 1986 quippe
2106 1934 2294 1974 deductus

1275 1991 1407 2039 initio,
1429 1991 1590 2028 solstitio
1614 1991 1691 2029 fere
1710 1992 1854 2030 aestivo.
1883 1992 1985 2031 Hinc
2013 1993 2190 2038 definivi,
2215 2007 2294 2045 quo

1275 2058 1459 2100 computo
1489 2049 1694 2088 sumendus
1720 2058 1819 2087 esset
1841 2063 2025 2089 numerus
2042 2051 2082 2088 in
2099 2054 2294 2091 Marmore

1275 2108 1466 2159 scriptus,
1494 2117 1560 2146 aut
1588 2108 1619 2146 si
1648 2108 1792 2146 archon
1820 2109 1975 2160 quidem
1999 2122 2071 2147 nos
2090 2109 2291 2160 deficeret,

1275 2181 1322 2204 ex
1357 2167 1441 2205 aliis
1473 2180 1567 2204 vero
1602 2166 1717 2204 rebus
1753 2180 1876 2205 annus
1906 2168 2132 2219 Olympicus
2167 2169 2294 2222 colligi

1275 2233 1423 2276 posset,
1445 2225 1559 2263 etiam
1578 2225 1638 2263 his
1659 2239 1750 2263 usus
1772 2239 1868 2263 sum.
1902 2229 1987 2264 Jam
2002 2225 2073 2264 ubi
2091 2227 2293 2265 Marmoris

1275 2296 1395 2320 annus
1407 2283 1648 2334 Olympiadis
1663 2292 1767 2321 certo
1778 2313 1789 2332 ,
1805 2285 1866 2321 cui
1883 2283 2008 2332 debet,
2024 2297 2124 2322 anno
2135 2297 2292 2336 compa-

1274 2350 1378 2379 ratus
1404 2342 1595 2380 referebat
1616 2350 1840 2393 computum
1866 2348 1914 2392 A,
1938 2343 2046 2380 illum
2073 2342 2112 2380 in
2137 2345 2292 2382 Canone

1274 2413 1476 2438 numerum
1498 2401 1587 2439 dedi
1611 2401 1844 2452 simpliciter,
1869 2413 1983 2452 quem
2004 2400 2164 2439 referret
2182 2403 2290 2440 Mar-

1275 2473 1371 2497 mor.
1396 2461 1458 2499 Sic
1477 2473 1536 2511 ep.
1561 2466 1608 2508 74
1637 2461 1860 2512 Nausigenis
1886 2460 2080 2498 archontis
2096 2473 2217 2499 annus
2235 2467 2292 2498 est

1275 2521 1425 2571 Olymp.
1464 2522 1553 2568 103,
1583 2534 1621 2567 1,
1648 2520 1709 2557 cui
1737 2532 1785 2557 ex
1810 2527 1993 2570 computo
2023 2523 2059 2557 A
2084 2519 2293 2570 respondet

1275 2592 1456 2616 numerus
1478 2578 1677 2616 Marmoris
1706 2584 1796 2626 104,
1819 2591 1935 2629 quem
1961 2578 2082 2615 solum
2102 2577 2203 2616 dedi.
2223 2577 2290 2616 Sin

1275 2639 1455 2675 nu'merus
1473 2636 1679 2674 Marmoris
1704 2650 1790 2674 cum
1819 2635 2059 2687 Olympiadis
2086 2649 2186 2673 anno
2204 2636 2288 2674 col-

1274 2695 1371 2732 latus
1391 2695 1505 2733 alium
1525 2703 1748 2746 computum
1766 2694 1976 2741 referebat,
1995 2694 2182 2746 adscripsi
2197 2694 2294 2733 nihi-

1274 2754 1439 2792 lominus
1459 2753 1663 2791 Marmoris
1683 2766 1882 2790 numerum
1895 2780 1905 2799 ,
1925 2752 1991 2790 sed
2010 2753 2198 2790 inclusum
2217 2765 2288 2804 pa·

1274 2812 1483 2850 renthetice
1505 2811 1635 2848 addidi
1653 2823 1787 2848 verum
1823 2824 2036 2848 numerum.
2064 2811 2128 2849 Sic
2155 2824 2216 2862 ep.
2239 2811 2289 2850 66

1274 2869 1448 2907 Lachetis
1465 2882 1565 2907 anno
1588 2870 1742 2920 Olymp.
1760 2869 1829 2919 95,
1852 2883 1885 2916 1,
1899 2882 2020 2907 annus
2043 2870 2112 2917 137
2130 2869 2171 2907 in
2189 2872 2290 2907 Mar-

1275 2941 1381 2965 more
1404 2927 1636 2978 adscriptus,
1663 2940 1710 2964 ex
1729 2935 1912 2978 computo
1932 2927 1995 2964 ille
2014 2930 2043 2964 B
2058 2925 2263 2964 sumendus
2273 2922 2289 2979 3

1274 2987 1402 3038 itaque
1428 2987 1468 3024 in
1491 2989 1646 3024 Canone
1673 2986 1808 3036 scripsi
1831 2999 1839 3021 :
1878 2987 1947 3033 137
1974 2985 2092 3036 (136).
2114 2983 2192 3023 Ubi
2210 2994 2287 3034 mr?

1274 3059 1400 3084 merus
1415 3045 1652 3096 supplendus
1666 3044 1725 3082 vel
1739 3044 1987 3094 corrigendus
2002 3051 2102 3091 erat,
2119 3056 2197 3081 non
2214 3040 2290 3091 feci

1273 3104 1347 3142 hoc
1376 3104 1450 3141 nisi
1475 3103 1524 3140 ad
1551 3110 1774 3154 computum
1804 3105 1839 3139 A
1871 3102 2078 3140 constituto
2104 3111 2287 3228 numer}

1273 3163 1449 3214 suppleta
1482 3163 1541 3199 vel
1575 3170 1746 3199 correcta
1777 3161 1884 3198 uncis
1912 3162 2058 3198 inclusa
2083 3167 2171 3198 sunt
2218 3172 2243 3197 u

1273 3221 1427 3272 quidem
1451 3228 1598 3258 certum
1619 3233 1760 3257 annum
1780 3220 2088 3270 supplementum
2110 3219 2170 3256 vel
2198 3200 2297 3258 conr

1272 3280 1391 3319 rectio
1413 3279 1512 3317 refer
1515 3287 1562 3316 a.t
1593 3277 1670 3317 Ubi
1697 3291 1790 3315 vero
1817 3292 1938 3316 annus
1957 3277 2204 3328 Olympicus,
2193 3254 2290 3382 ,σέ

1272 3338 1499 3390 iespondeat
1522 3337 1688 3389 epocha,
1711 3345 1816 3374 certo
1844 3337 1995 3375 definiri
2020 3336 2173 3387 nequit,
2196 3347 2240 3387 sp
