2320 3684
358 345 1078 437 FRAGMENTA
1141 345 1966 436 BIBLIOTHECAE.

171 681 299 724 Quum
330 675 456 712 Photii
489 674 710 712 testimonio
744 681 982 725 compertum
1006 671 1150 710 habea-

115 749 200 772 mus
213 733 489 785 Apollodorum
501 733 542 770 in
555 732 790 771 Bibliotheca
803 745 922 783 usque
940 731 986 770 ad
1001 731 1150 781 Ulyssis

116 806 264 831 errores
288 793 546 830 narrationem
569 792 808 843 produxisse,
822 805 908 843 quae
937 799 1150 842 sequuntur

118 853 329 903 fragmenta
353 865 402 889 ex
418 860 590 889 extrema
603 850 718 902 hujus
740 851 867 902 operis
888 859 997 902 parte
1013 850 1149 888 viden-

120 920 183 949 tur
202 911 376 963 repetita.

619 971 652 1007 l.

174 1028 304 1068 Schol.
327 1027 375 1067 ad
389 1028 588 1079 Lycophr.
606 1033 681 1073 440
698 1041 707 1064 ε
725 1026 796 1067 Καὶ
816 1025 907 1065 οὕτω
927 1025 990 1078 μὲν
1010 1028 1042 1064 οἳ
1064 1027 1150 1064 πολ-

119 1087 175 1126 λοὶ
189 1086 308 1141 φασὶν,
323 1085 377 1125 ὅτι
397 1086 487 1138 μετὰ
507 1085 630 1140 Μόψον
648 1087 802 1133 ἀπῆλθεν
816 1087 862 1129 εἷς
880 1085 1042 1124 Κιλικίαν
1061 1084 1150 1136 Ἀμ-

121 1147 276 1201 φίλοχος.
300 1145 422 1186 Ἄλλοι
441 1145 478 1184 δὲ
501 1146 620 1200 φασὶν,
641 1148 687 1190 ὡς
712 1146 772 1184 καὶ
793 1144 1071 1198 Ἀπολλόδωρος,
1096 1144 1150 1183 ὅτι

122 1207 334 1261 Ἀμφίλοχος
370 1209 388 1245 ὃ
415 1206 654 1257 Ἀλκμαίωνος
683 1205 824 1260 ὕστερον
859 1204 1072 1258 στρατεύσας
1105 1206 1152 1248 εἷς

123 1267 270 1320 Τροίαν,
303 1266 392 1318 μετὰ
424 1268 582 1319 χειμῶνα
611 1265 784 1319 ἀπερῤίφη
809 1263 894 1318 πρὸς
924 1263 1068 1316 Μόψον,
1092 1263 1151 1302 καὶ

124 1325 211 1380 ὑπὲρ
224 1328 286 1372 τῆς
306 1324 483 1378 βασιλείας
501 1327 784 1377 μονομαχοῦντες
804 1322 976 1370 ἀλλήλους
992 1323 1154 1362 ἀπέκτει-

123 1401 198 1424 ναν.

178 1508 325 1547 Ibidem
343 1522 418 1558 902
433 1522 441 1545 ε
459 1507 530 1546 Καὶ
549 1510 567 1546 ὁ
588 1506 650 1558 μὲν
672 1505 865 1560 Λυκόφρων
886 1505 1040 1555 Γουνέα,
1055 1504 1155 1560 Πρό-

126 1571 203 1606 θοον
233 1566 291 1605 καὶ
331 1565 537 1620 Εὐρύπυλον
573 1567 619 1609 εἷς
657 1563 796 1612 Λιὸύην
831 1563 936 1618 φησὶν
974 1566 1153 1603 ἀπελθεῖν·

128 1625 386 1679 Ἀπολλόδωρος
403 1623 439 1663 δὲ
456 1624 516 1663 καὶ
532 1626 563 1663 οἵ
580 1624 696 1663 λοιποὶ
710 1623 801 1662 οὕτω
819 1622 917 1676 φασί.
938 1623 1085 1668 Γουνεὺς
1109 1626 1157 1668 εἷς

128 1683 277 1733 Λιὸόην,
289 1683 401 1723 λιπὼν
421 1683 482 1727 τὰς
502 1686 625 1722 ἑαυτοῦ
643 1687 742 1732 ναῦς,
759 1683 816 1722 ἐπὶ
837 1681 976 1738 Κίνυφα
995 1684 1152 1735 ποταμὸν

627 1837 661 1870 1.

172 1914 404 1956 Amphilochus
426 1912 621 1944 Alemaeonis
637 1911 721 1943 filius
737 1913 847 1952 postea
866 1911 899 1942 in
913 1910 1035 1955 bellum
1057 1910 1157 1952 profe-

131 1977 204 2006 ctus
222 1975 335 2005 contra
362 1971 491 2012 Trojam
510 1972 700 2011 tempestate
722 1970 847 2002 delatus
863 1972 912 2002 est
927 1970 968 2002 ad
991 1971 1155 2010 Mopsum.

132 2031 195 2070 Qui
211 2039 311 2072 quum
329 2030 369 2062 de
386 2037 483 2069 regno
499 2027 650 2069 singulari
663 2028 837 2060 certamine
851 2027 1101 2068 contenderent,
1123 2035 1158 2060 se

133 2090 194 2132 ipsi
210 2092 325 2122 mutuo
338 2089 578 2120 interemerunt.

630 2164 664 2197 2.

177 2232 312 2264 Guneus
326 2231 360 2261 in
373 2229 471 2270 Libya
496 2228 682 2269 relinquens
701 2235 800 2260 naves
817 2235 893 2258 suas
908 2226 996 2258 venit
1011 2226 1050 2258 ad
1068 2225 1161 2266 Ciny-

135 2291 232 2332 phem
252 2288 387 2321 fluvium
410 2287 520 2328 ibique
543 2286 711 2319 habitavit.
729 2288 892 2327 Magnetes
906 2287 1013 2317 autem
1038 2285 1071 2316 et
1085 2286 1160 2316 Pro·

135 2350 232 2381 thous
255 2348 294 2380 ad
318 2347 474 2379 Euboeam
495 2354 595 2386 prope
625 2345 827 2386 Caphereum
850 2352 925 2375 eum
950 2342 1063 2375 multis
1089 2342 1161 2374 aliis

137 2407 267 2448 periere.
293 2405 352 2438 Sed
375 2403 603 2445 Neoptolemus
627 2404 701 2443 post
723 2404 843 2444 septem
866 2401 935 2434 dies
962 2399 1098 2442 pedibus
1119 2399 1160 2431 ad

1208 669 1330 720 ἐλθὼν,
1355 678 1531 722 κατοικεῖ,
1556 695 1607 703 —-
1624 672 1814 725 Μάγνητες
1842 672 1878 711 δὲ
1915 672 1974 711 καὶ
2013 672 2167 728 Πρόθοος
2190 675 2226 713 ἐν

1207 729 1342 783 Εὖὸοία
1359 730 1438 784 περὶ
1456 730 1515 770 τὸν
1539 731 1711 787 Καφηρέα
1740 731 1802 771 σὺν
1831 734 1972 775 πολλοῖς
1996 732 2124 787 ἑτέροις
2148 734 2229 771 δια-

1206 787 1413 842 φθείρονται.
1434 791 1676 842 Νεοπτόλεμος
1698 791 1734 830 δὲ
1758 791 1847 842 μετὰ
1870 791 1960 830 ἑπτὰ
1984 791 2119 846 ἡμέρας
2137 793 2226 845 πεζῇ

1206 848 1253 891 εἷς
1276 848 1476 891 Μολοσσοὺς
1493 851 1626 896 ἀπῆλθε
1641 850 1730 901 μετὰ
1743 849 1887 890 Ἑλένου
1902 881 1913 898 ,
1932 850 2009 888 καθ’
2025 851 2104 888 ὁδοῦ
2119 851 2231 903 θάψας

1205 905 1264 944 τὸν
1279 906 1441 946 Φοίνικα.
1454 909 1527 947 Τοῦ
1542 907 1577 946 δὲ
1596 908 1752 963 Προθόου
1768 909 1847 962 περὶ
1858 908 1915 948 τὸν
1930 907 2103 962 Καφηρέα
2118 924 2231 947 ναυα-

1206 964 1394 1015 γήσαντος,
1411 968 1443 1004 οἳ
1462 965 1524 1005 σὺν
1545 968 1640 1020 αὐτῷ
1663 968 1849 1019 Μάγνητες
1869 970 1915 1012 εἷς
1940 967 2086 1022 Κρήτην
2111 966 2231 1021 ῥιφέν-

1207 1039 1262 1068 τες
1279 1023 1435 1078 ᾤκησαν.

1700 1085 1736 1124 3.

1261 1152 1410 1191 Ibidem
1434 1167 1508 1203 921
1528 1153 1598 1194 z‘O
1624 1153 1799 1198 Ναύαιθος
1823 1153 1980 1206 ποταμός
2008 1155 2106 1193 ἐστιν
2135 1154 2233 1193 Ἰτα-

1209 1210 1296 1255 λίας.
1326 1211 1483 1259 Ἐκλήθη
1504 1211 1541 1250 δὲ
1560 1211 1671 1262 οὕτω,
1689 1212 1781 1251 κατὰ
1801 1212 1864 1264 μὲν
1888 1211 2146 1266 Ἀπολλόδωρον
2173 1212 2233 1251 καὶ

1209 1269 1368 1319 λοιποὺς,
1386 1269 1439 1308 ὅτι
1459 1270 1548 1321 μετὰ
1565 1270 1629 1318 τὴν
1650 1271 1754 1310 Ἰλίου
1776 1270 1906 1310 ἅλωσιν
1928 1273 1964 1309 αἱ
1993 1270 2235 1322 Λαομέδοντος

1211 1328 1394 1382 θυγατέρες
1405 1359 1415 1378 ,
1429 1328 1594 1383 Πριάμου
1612 1328 1648 1367 δὲ
1666 1329 1832 1383 ἀδελφαὶ,
1853 1328 2010 1369 Αἷθύλλα
2021 1359 2032 1379 ,
2050 1327 2235 1381 Ἀστυόχη,

1212 1387 1466 1436 Μηδεσικάστη
1478 1418 1489 1437 ,
1513 1387 1603 1439 μετὰ
1626 1390 1695 1427 τῶν
1716 1389 1847 1427 λοιπῶν
1868 1389 2105 1441 αἰχμαλωτῶν
2125 1389 2237 1426 ἐκεῖσε

1211 1452 1386 1499 γεγονυῖαι
1407 1450 1469 1495 τῆς
1494 1447 1666 1498 Ἰταλίας,
1694 1446 1948 1499 εὖλαὸούμεναι
1976 1446 2040 1495 τὴν
2067 1447 2237 1492 Ἑλλάδος

1213 1506 1384 1558 δουλείαν,
1399 1505 1444 1545 τὰ
1460 1506 1578 1561 σκάφη
1595 1506 1807 1561 ἐνέπρησαν·
1824 1506 1898 1546 ὅθεν
1918 1509 1937 1546 ὁ
1955 1505 2111 1558 ποταμὸς
2133 1505 2236 1546 Ναύ-

1213 1568 1306 1611 αιθος
1325 1565 1474 1615 ἐκλήθη,
1504 1566 1563 1605 καὶ
1586 1568 1622 1605 αἱ
1641 1572 1800 1618 γυναῖκες
1824 1565 2100 1618 Ναυπρήστιδες.
2125 1566 2173 1605 Οἱ
2201 1563 2239 1603 δὲ

1214 1624 1275 1664 σὺν
1293 1626 1413 1669 αὐταῖς
1431 1624 1625 1674 (Έλληνες,
1655 1625 1888 1668 ἀπολέσαντες
1917 1624 1961 1663 τὰ
1997 1623 2115 1678 σκάφη
2130 1653 2142 1675 ,
2168 1623 2240 1661 ἐκεῖ.

1212 1682 1437 1737 κατῴκησαν.
1458 1685 1566 1723 Conf.
1583 1685 1709 1724 Schol.
1724 1684 1771 1722 ad
1797 1698 1834 1722 v.
1860 1685 1971 1732 1075.

1215 1829 1375 1862 Molossos
1388 1828 1479 1861 venit
1493 1836 1570 1860 cum
1585 1827 1706 1859 Heleno
1716 1849 1726 1866 ‚
1741 1828 1913 1868 postquam
1930 1825 2115 1858 Phoenieem
2139 1825 2173 1857 in
2191 1825 2241 1858 iti·

1215 1897 1292 1921 nere
1307 1887 1506 1930 sepeliverat.
1520 1888 1684 1928 Magnetes
1701 1886 1851 1927 denique,
1866 1885 1923 1926 qui
1937 1885 2064 1918 fuerant
2077 1893 2153 1916 eum
2169 1886 2244 1917 Pro-

1217 1946 1295 1979 thoe
1314 1946 1356 1978 ad
1372 1945 1574 1987 Caphereum
1593 1943 1770 1985 naufrago,
1791 1943 1825 1975 in
1840 1945 1970 1976 cretam
1985 1941 2083 1974 delati
2098 1941 2152 1974 hic
2167 1950 2242 1974 eon-

1218 2006 1383 2039 sederunt.

1260 2103 1337 2133 Post
1350 2100 1478 2141 Trojam
1493 2100 1620 2140 captam
1632 2052 1859 2130 Laotiiedontis
1875 2095 1961 2136 filiae,
1973 2095 2091 2128 Priami
2104 2102 2243 2134 sorores,

1219 2160 1371 2202 AEthylla,
1390 2159 1568 2200 Astyoche,
1594 2157 1822 2197 Medesicaste,
1840 2158 1988 2188 verentes
2010 2153 2096 2196 apud
2111 2154 2243 2186 Graecos

1220 2219 1425 2259 servitutem,
1452 2218 1509 2250 ubi
1527 2225 1602 2250 cum
1623 2216 1755 2257 reliquis
1771 2214 1906 2256 captivis
1927 2214 1993 2246 hue
2015 2212 2117 2245 Italiae
2137 2219 2246 2253 perve-

1220 2280 1344 2319 nerant,
1369 2277 1496 2319 navigia
1523 2276 1786 2314 concremarunt3
1811 2273 1899 2306 unde
1922 2272 2043 2304 fluvius
2066 2270 2244 2304 Nauoethus

1221 2338 1327 2371 dictus
1342 2340 1403 2377 est,
1419 2339 1451 2370 et
1467 2335 1617 2369 mulieres
1631 2332 1872 2375 Nauprestidae.
1890 2331 1994 2364 Graeci
2010 2338 2088 2363 vero
2099 2329 2244 2372 quicum

1221 2398 1262 2431 iis
1274 2400 1376 2437 erant,
1393 2395 1567 2439 deperditis
1583 2392 1718 2435 navigiis
1728 2415 1738 2432 ‚
1751 2387 1872 2424 ibidem
1888 2390 2086 2423 habitavere-
