2320 3684
768 113 1120 155 ANDROTIONIS

1149 113 1486 155 FRAGMENTA.
2061 132 2066 133 ⁷
2095 126 2187 160 ,377

67 188 196 261 ρεῐται,
226 205 274 250 ὣς
305 202 468 252 ἐνίκησαν
504 201 582 247 τοὺς
621 201 797 246 Ἀθναίους
824 202 1097 254 Λακεδαιμόνιοι
1127 217 1131 220 ’
1154 202 1189 241 δὲ
1218 207 1280 243 τοῦ
1307 203 1423 250 ἔθνους
1450 204 1616 260 Ξενοφῶν
1635 204 1755 258 (Heli.
1775 209 1872 253 V11,
1891 187 1940 257 4,
1960 209 2024 259 33,
2043 210 2108 261 36)
2128 210 2189 250 καὶ

65 280 87 303 σ
115 263 155 303 όδ
178 281 214 304 α.

89 280 208 363 qvid.
236 324 370 375 fragm.
404 321 452 360 de
485 319 607 374 ξενικῷ
635 320 671 359 ἐν
703 319 863 375 Κορίνθῳ
897 320 939 358 in
963 320 1096 358 Philo-

66 385 173 423 chor.
207 384 341 435 fragm.
374 384 462 430 CL,
494 381 543 419 de
575 380 719 419 civium
747 380 1012 431 recognitione
1044 381 1094 418 ol.

65 447 199 494 CVIII,
217 445 252 493 3,
263 441 487 481 institutain
499 441 717 479 Philochor.
732 440 1096 492 fragmcxxxm.

118 569 256 608 Pollux
275 569 381 614 VIII,
401 578 461 613 10,
481 578 520 616 p.
538 569 636 615 944.
657 562 826 624 Γνώριμα
848 562 1057 617 δικαστήρια
1073 564 1095 609 ἡ

63 625 246 666 Ἥλιαία..
253 623 323 665 ,τὸ
348 622 510 676 Μητίχου
537 622 695 670 κάλλιον,
715 625 755 660 ου
783 620 996 673 μνημονεύει
1021 621 1098 660 Ἀν-

64 684 222 739 δροτίων.
249 682 366 724 ...Τὸ
396 681 432 720 δὲ
453 680 620 734 Μητίχου
649 680 872 734 δικαστήριον
894 680 985 732 μέγα
1005 679 1097 719 οὕτω

63 742 190 791 κληθὲν
222 742 291 781 ἀπὸ
325 739 572 795 ἀρχιτέκτονος
599 740 785 793 Μητίχου,
817 739 973 785 ἐδίκαζον
1003 738 1040 778 δὲ
1066 740 1097 778 οἳ

62 801 150 857 ὑπὲρ
168 801 357 857 τριάκοντα
390 799 452 848 ἔτη
465 830 476 850 ,
493 801 534 838 ἐκ
554 815 624 838 των
647 799 818 852 ἐπιτίμων
835 799 894 838 καὶ
923 798 972 850 μὴ
998 800 1098 853 ὄφει-

62 860 194 902 λόντων
215 863 266 913 τῷ
281 859 453 913 δημοσίῳ.

117 923 196 962 Pro
208 919 355 959 »κάλλιον
378 919 612 958 Schoemann.
626 921 684 956 De
700 918 901 956 sortitione
911 917 994 970 jud.
999 947 1010 967 ,
1023 917 1098 956 nisi

63 980 250 1019 memoria
263 993 324 1018 me
341 979 450 1028 fallit,
464 977 685 1018 emendavit
703 976 889 1026 Κάλλειον,
907 986 949 1016 ut
963 985 1021 1016 est
1033 990 1096 1029 ap.

63 1040 257 1078 Photium.

544 1101 608 1140 52.

117 1162 303 1214 Stephan.
326 1165 416 1213 Byz.
443 1177 451 1200 :
478 1160 649 1200 Αἰτωλία.
738 1170 829 1200 hort
848 1160 909 1199 καὶ
939 1159 1097 1200 Αἰτωλία

62 1221 164 1266 πόλις
187 1220 473 1271 Πελοποννήσου,
499 1219 542 1268 ἣν
560 1219 816 1272 συγκαταλέγει
834 1226 910 1265 ταῖς
928 1222 1098 1260 Λακωνι-

63 1288 141 1326 καῖς
162 1281 306 1320 πόλεσιν
326 1280 526 1335 Ἀνδροτίων
541 1282 576 1319 ἐν
594 1280 757 1324 Ἀτθίδος.

115 1346 216 1381 Ante
249 1341 400 1386 Ἀτθίδος
426 1341 570 1380 excidit
600 1340 689 1379 libri
723 1353 928 1387 numerus;
948 1340 1098 1380 Salma-

62 1401 141 1439 sius
159 1415 208 1440 ex
230 1401 506 1440 nonnullorum
533 1400 647 1439 codd.
673 1400 760 1438 lect.
789 1398 899 1452 Ἀνδρ.
924 1397 984 1437 καὶ
1002 1398 1095 1437 Ἀτθ.

63 1460 230 1512 conjecit
246 1460 362 1513 Ἀνδρ.
378 1458 413 1498 κ’
432 1459 532 1499 Ἀτθ.

116 1586 249 1638 steph.
274 1588 364 1636 Byz.
385 1600 393 1623 τ
411 1583 594 1634 Βολισσὸς,
613 1583 714 1628 πόλις
736 1582 888 1632 Αἷολικὴ
903 1583 958 1622 ἐπ’
973 1582 1095 1637 ἄκρου,

61 1645 150 1686 Χίου
170 1643 333 1693 πλησίον.
400 1643 604 1698 Ἀνδροτίων
624 1642 661 1682 δὲ
689 1643 733 1682 δι’
751 1643 825 1688 ἑνὸς
844 1660 866 1683 σ
884 1643 1024 1698 γράφει.

114 1770 245 1822 steph.
266 1774 355 1820 Byz.
373 1785 380 1808 :
398 1769 610 1823 Ἔπαρίται,
629 1767 723 1812 ἔθνος
739 1767 936 1823 Ἀρκαδίας.

1004 1767 1096 1822 Περὶ
1123 1787 1127 1815 1

58 1886 91 1918 et
103 1883 174 1916 And
179 1883 336 1916 rotionem
349 1885 508 1923 narratur,
523 1881 791 1915 Lacedaemonios
801 1890 954 1923 magnam
966 1880 1093 1914 cladem

59 1930 310 1965 Atheniensibus
328 1930 474 1963 intulisse
493 1930 549 1972 (ad
563 1929 783 1971 Corinthum).

547 1991 608 2024 51.

98 2052 182 2084 Nota
201 2051 309 2083 autem
332 2049 401 2082 sora
419 2050 507 2089 sunt,
526 2049 647 2082 Heliaea
714 2048 846 2082 Metichi
871 2047 1011 2081 Gallium
1029 2046 1069 2088 (P)
1081 2069 1091 2086 ,

57 2099 152 2139 cuius
174 2097 324 2130 meminit
345 2097 515 2129 Androtio.
546 2098 701 2138 Magnum
726 2105 806 2128 vero
834 2095 967 2128 Metichi
983 2094 1092 2127 sorum

58 2154 78 2178 a
91 2145 232 2178 Meticho
255 2144 431 2177 architecto
448 2144 497 2177 sic
510 2144 635 2176 dictum
647 2145 708 2177 est.
725 2146 744 2176 J
749 2143 926 2176 udicabant
943 2151 1023 2175 vero
1038 2142 1093 2174 tri-

57 2193 217 2234 gesimum
242 2201 364 2225 annum
379 2192 522 2234 egressi,
540 2192 656 2233 integri
672 2191 836 2233 nominis,
858 2192 892 2224 et
909 2190 1024 2224 aerario
1046 2190 1092 2222 ni-

58 2239 103 2272 hil
119 2239 285 2273 debentes.

544 2301 606 2334 52.

99 2359 236 2398 AEtolia3
298 2360 349 2391 est
362 2359 439 2391 item
454 2358 573 2391 AEtolia
588 2357 802 2400 Peloponnesi
818 2357 988 2399 oppidum,
1003 2357 1092 2399 quod

58 2406 216 2439 Androtio
231 2406 264 2438 in
299 2406 435 2439 historia
451 2406 558 2439 Attica
578 2406 662 2439 inter
676 2405 854 2438 Laconicas
872 2405 1023 2438 civitates
1048 2414 1093 2438 re-

59 2455 179 2487 censet.

541 2516 605 2549 53.

98 2573 242 2606 Bolissus
255 2596 265 2613 ,
284 2573 363 2606 urbs
382 2573 507 2607 AEoiica
534 2574 567 2606 in
583 2574 826 2616 promontorio,
843 2581 943 2614 prope
958 2572 1089 2605 Chium.

75 2643 96 2652 ..
111 2620 271 2654 Androtio
296 2630 412 2654 vocem
443 2631 499 2663 per
522 2622 660 2664 simplex
678 2631 695 2654 s
711 2621 824 2654 scribit
838 2620 987 2654 Bolisus.

540 2682 604 2716 54.

97 2739 250 2781 Eparitae,
263 2740 403 2781 populus
411 2740 615 2773 Arcadiae.
624 2742 672 2773 De
687 2740 749 2772 hoc
759 2738 879 2781 populo
894 2739 1090 2772 mentionem

58 2786 180 2820 faciunt
192 2788 383 2830 Xenophon,
396 2791 429 2822 et
440 2789 591 2830 Ephorus
605 2790 638 2822 et
649 2787 818 2821 Androtio.

1153 261 1305 318 Ἔφορος
1325 266 1375 317 (v.
1399 265 1448 304 fr.
1473 265 1562 317 139)
1585 263 1646 303 καὶ
1675 264 1879 320 Ἀνδροτίων
1898 267 2016 321 φασίν.

1209 323 1428 375 Stephanus
1441 323 1516 362 hoc
1534 325 1622 363 loco
1656 326 1818 372 erravit3
1838 335 1948 365 erant
1963 327 2066 365 enim
2085 329 2188 380 apud

1155 382 1326 420 Arcades
1343 383 1472 421 selecti
1488 383 1641 432 milites,
1653 385 1721 435 qui
1733 383 1920 439 Ἐπάριτοι
1933 386 2187 438 vocabantur,

1155 453 1235 478 non
1251 454 1355 492 gens.
1371 446 1418 481 V.
1439 441 1488 479 ad
1501 443 1670 495 HSteph.
1691 444 1804 483 Thes.
1820 458 1850 483 s.
1866 459 1902 484 v.

1211 547 1394 598 Stephan.
1415 552 1532 599 Byz.:
1554 548 1734 602 Θυρέα...
1751 549 1858 590 Ἔστι
1877 551 1938 590 καὶ
1963 551 2191 607 Ἀκαρνανίας

1155 604 1286 657 Θυρίον
1308 605 1365 644 διὰ
1389 611 1452 646 τοῦ
1474 625 1496 648 ι.
1523 608 1577 647 'lb
1603 609 1736 648 ἐθνικὸν
1763 609 1966 665 Θυριευς,ε
1947 627 1994 656 ως
2014 612 2189 656 Σουνιεύς.

1155 662 1359 717 Ἀνδροτίων
1378 664 1414 704 δὲ
1434 667 1583 721 Θούριός
1599 684 1699 722 φησι.

1638 728 1704 767 56.

1210 777 1390 829 Stephan.
1414 782 1504 830 Byz.
1535 794 1543 816 :
1576 779 1668 819 Ἰτέα
1680 781 1824 832 ,δημος
1849 783 1913 829 τ’ἧς
1941 781 2193 834 Ακαμαντίδος

1155 836 1277 888 φυλῆς.
1301 835 1348 876 ‘O
1374 837 1531 889 δημότης
1550 837 1707 883 Ἰτεαῖος.
1727 839 1930 894 Ἀνδροτίων
1951 839 1987 879 δὲ
2005 843 2192 896 τρισυλλα-

1156 894 1265 939 ὅως”
1245 910 1325 950 εφη.

1643 951 1706 990 57.

1578 1009 1755 1064 Κρωπία,
1793 1011 1902 1062 δῆμος
1926 1014 1988 1059 τῆς
2010 1013 2194 1059 Λεοντίδος

1354 1067 1559 1122 Ἀνδροτίων
1584 1068 1622 1107 δὲ
1649 1069 1806 1122 Κρῶπάς
1827 1086 1913 1124 φησι
1932 1072 1990 1110 τὸν
2014 1073 2137 1124 δῆμον.

1210 1180 1341 1232 steph,
1364 1184 1483 1232 Byz.:
1516 1182 1655 1231 Οἷνοῧς,
1684 1181 1865 1234 πολίχνιον
1889 1184 2118 1235 Λακωνικῆς,
2146 1187 2194 1230 ὡς

1156 1237 1360 1292 Ἀνδροτίων
1377 1239 1438 1278 καὶ
1458 1239 1626 1293 Δίδυμος.

1209 1355 1335 1403 Etym.
1353 1357 1404 1392 Μ.
1419 1367 1458 1391 v.
1479 1369 1487 1391 :
1510 1355 1693 1408 Βρισαῖος,
1721 1353 1830 1400 οὕτως
1846 1358 1865 1395 ὁ
1881 1354 2064 1401 Διόνυσος·
2082 1356 2142 1396 καὶ
2163 1359 2195 1396 εἰ

1156 1411 1220 1464 μὲν
1238 1410 1296 1450 διὰ
1320 1415 1381 1450 τοῦ
1405 1428 1429 1461 ι,
1457 1412 1556 1466 παρὰ
1592 1412 1632 1452 τὸ
1659 1413 1785 1467 βρίζειν
1810 1415 1919 1465 ἐστὶν,
1939 1418 1958 1455 ὁ
1983 1416 2193 1479 ὁρμητικός·

1155 1472 1184 1509 εἰ
1215 1470 1251 1509 δὲ
1271 1470 1329 1510 διὰ
1353 1475 1413 1510 τοῦ
1436 1489 1480 1521 η,
1509 1472 1580 1512 ἀπὸ
1607 1472 1717 1527 ἄκρας
1738 1474 1940 1522 Λεσὸιακης
1966 1475 2128 1530 Βρήσης,
2154 1470 2197 1523 ἡς

1157 1529 1336 1582 μέμνηται
1373 1531 1597 1586 Ἀνδροτίων·
1631 1531 1687 1590 ὅτι
1709 1532 1748 1571 τὸ
1779 1533 1870 1588 ἱερὸν
1899 1550 1960 1573 του
1983 1537 2060 1574 θεοῦ
2088 1538 2123 1575 ἐν
2148 1539 2193 1590 τῇ

1157 1590 1271 1645 Βρίσῃ
1300 1591 1406 1645 φησιν
1430 1592 1623 1646 ἱδρυσθαι(
1610 1591 1677 1631 υπὸ
1700 1592 1882 1647 Μάκαρος.

1210 1651 1268 1690 Cf.
1285 1651 1449 1702 Hesych.
1467 1661 1505 1689 et
1523 1652 1724 1690 Phavorin.
1746 1666 1777 1690 v.
1791 1655 1990 1705 Βρησσαῖος
2008 1661 2046 1691 et
2061 1654 2193 1706 steph.

1154 1711 1244 1760 ByZ.
1264 1724 1300 1748 v,
1323 1709 1456 1764 Βρίσα,
1485 1709 1576 1765 ἄκρα
1597 1710 1751 1762 Λέσὸου,
1774 1713 1809 1751 ἐν
1827 1707 1852 1765 ᾗ
1873 1711 2012 1766 ἵδρυται
2028 1712 2196 1758 Διόνυσος

1156 1771 1332 1822 Βρισαῖος.

1208 1008 1392 1060 stephan.
1418 1011 1507 1060 Byz.
1537 1024 1546 1047 ι

1156 1067 1277 1120 φυλῆς.

1192 1939 1319 1981 Thyrea
1333 1963 1343 1978 ,
1425 1940 1459 1972 in
1481 1890 1814 1984 Acar-naniizuoque
1836 1943 1887 1975 est
1913 1943 2090 1986 Thyrium,
2104 1946 2194 1986 quod

1149 1989 1232 2027 peri
1262 1986 1421 2019 scribitur.
1447 1987 1587 2027 Gentile,
1600 1989 1799 2030 Thyriensis,
1822 1991 1858 2023 ut
1872 1991 2055 2032 Suniensis;
2069 1992 2195 2025 Andro-

1149 2034 1198 2067 tio
1217 2043 1294 2067 vero
1307 2034 1387 2067 dicit
1408 2035 1569 2069 Thurias.

1191 2136 1282 2176 Itea,
1310 2136 1452 2178 populus
1469 2085 1826 2170 Acamantigg'tribus.
1840 2138 2032 2180 PopularlS,
2050 2141 2189 2173 Iteoeus.

1150 2184 1308 2216 Androtio
1323 2185 1433 2217 autem
1446 2184 1552 2217 tribus
1567 2184 1702 2226 syllabis
1726 2193 1846 2218 vocem
1861 2186 1968 2219 effert.

1636 2240 1701 2272 57.

1192 2290 1333 2332 Oropia,
1361 2290 1502 2332 populus
1526 2291 1694 2324 Leontidis
1727 2291 1842 2325 tribus.

1150 2339 1308 2380 populum
1330 2340 1458 2381 Gropas
1477 2341 1585 2373 vocat.

1636 2395 1699 2428 58.

1192 2447 1302 2479 OEnus
1311 2471 1320 2486 ,
1337 2446 1532 2488 oppidulum
1547 2446 1757 2488 Laconicum,
1771 2448 1866 2489 cujus
1880 2447 2055 2480 meminere
2066 2447 2189 2480 Andro-

1149 2493 1196 2527 tio
1212 2496 1245 2526 et
1260 2493 1434 2535 Didymus.

1915 2293 2076 2326 Androtio
2109 2303 2188 2327 vero

1642 2544 1656 2561 r

1192 2596 1358 2636 Brisoeus,
1374 2595 1419 2627 ita
1429 2595 1608 2637 appellatur
1622 2544 1770 2628 B'azchus
1781 2619 1790 2635 ‚
1806 2604 1880 2636 quae
1895 2604 1973 2635 vox,
1987 2595 2015 2627 si
2031 2595 2185 2628 scribitur

1149 2656 1205 2689 per
1220 2649 1251 2687 i,
1270 2648 1438 2681 descendit
1458 2658 1477 2681 a
1493 2649 1621 2692 βρίζειν,
1641 2650 1678 2681 ut
1694 2648 1855 2689 significet
1874 2658 1882 2680 τ
1900 2650 2132 2689 impetuosus,
2155 2649 2184 2681 si

1149 2704 1227 2727 vero
1246 2695 1399 2728 scribitur
1414 2705 1471 2737 per
1488 2705 1517 2737 e,
1535 2695 1702 2729 descendit
1719 2705 1738 2728 a
1751 2698 1849 2728 Bresa
1859 2719 1868 2731 ,
1884 2695 1981 2727 Lesbi
1997 2698 2184 2736 promonto-

1149 2742 1209 2782 rio,
1226 2743 1321 2784 cuius
1337 2744 1537 2776 mentionem
1552 2743 1629 2776 facit
1644 2743 1820 2783 Androti03
1837 2742 1917 2775 dicit
1933 2742 2020 2775 enim
2036 2741 2089 2775 dei
2102 2744 2182 2776 tem-

1148 2789 1238 2831 plum
1255 2790 1289 2822 in
1303 2791 1394 2823 Brisa
1407 2800 1427 2823 a
1442 2793 1568 2824 Macare
1584 2791 1787 2824 exstructum
1804 2798 1886 2823 esse.

779 3043 1454 3066 4000&-
