2320 3684
146 189 218 228 184

142 280 176 316 ἐν
195 279 362 331 πλευραῖς
380 271 469 317 οῧσι.
498 278 747 326 Πολεμοῧντας
766 273 796 311 δ’
815 272 957 328 ὕστερον
985 272 1071 327 πρὸς
1088 271 1169 317 τοὺς

142 335 380 390 Ταραντίνους
405 335 464 374 καὶ
484 333 562 377 τοὺς
580 331 848 387 ὓπερκειμένους
869 331 1091 386 Οἰνωτροὺς,
1109 331 1166 370 ἐπὶ

142 394 240 449 μέρει
265 396 468 441 διαλυθῆναι
495 395 557 439 τῆς
583 395 666 443 γ’ἥς,
692 391 778 444 ὅπερ
808 390 970 443 γενέσθαι
999 393 1063 438 τῆς
1088 389 1168 429 τότε

141 453 293 498 Ἰταλίας
310 451 414 506 ὅριον,
431 451 567 497 καὶτῆς
587 449 778 502 Ἰαπυγίας.

626 510 685 547 lli.

194 571 332 610 Strabo
360 574 426 617 VI,
446 583 483 621 p.
515 570 590 616 278
611 584 660 604 Ξ
674 571 744 615 VI,
773 582 809 619 p.
843 568 918 605 286
939 567 999 605 ed.
1018 567 1166 608 Tzsch.:

142 629 229 683 Περὶ
277 627 313 667 δὲ
346 631 408 675 τῆς
439 627 584 671 κτίσεως
618 633 630 679 (
652 627 809 665 Tarenti
829 626 841 679 )
882 624 994 677 λέγων
1032 625 1166 664 Ἀντίο-

139 703 200 740 χος
222 687 339 741 φησὶν,
364 686 416 725 ὅτι
447 690 508 725 τοῦ
543 688 794 733 Μεσσηνιακοῧ
825 684 983 736 πολέμου
1010 683 1169 735 γενηθέν-

139 761 208 794 τος,
226 748 258 784 οἱ
277 745 326 798 μὴ
343 744 575 798 μετασχόντες
594 743 882 796 Λακεδαιμονίων
899 747 961 791 τῆς
974 743 1167 797 στρατείας,

141 806 327 860 ἐκρίθησαν
345 807 474 854 δοῦλοι,
486 805 545 844 καὶ
563 804 820 856 ὠνομάσθησαν
836 802 998 848 Εἵλωτες·
1018 802 1112 849 ὅσοις
1133 801 1168 842 δὲ

140 865 232 904 κατὰ
252 864 315 913 τὴν
338 864 521 919 στρατείαν
542 865 664 908 παῖδες
683 863 860 916 ἐγένοντο,
876 863 1074 917 Παρθενίας
1092 862 1169 901 ἐκά-

140 925 236 972 λουν,
268 924 331 963 καὶ
355 923 499 976 ἀτίμους
519 922 671 977 ἔκριναν.
694 925 741 963 Οἱ
774 923 804 961 δ’
830 926 895 961 οὐκ
933 921 1169 974 ἀνασχόμενοι

143 983 279 1034 (πολλοὶ
313 984 342 1021 δ’
372 978 477 1035 ἦσαν)
509 982 763 1021 ἐπεὸούλευσαν
783 987 854 1025 τοῖς
869 985 930 1019 τοῦ
955 980 1079 1032 δήμου.
1101 982 1169 1019 Αἷ-

141 1041 303 1093 σθόμενοι
325 1043 354 1081 δ’
373 1042 584 1096 ὑπέπεμψαν
601 1040 715 1090 τινὰς,
734 1041 768 1080 οἳ
785 1040 1017 1094 προσποιήσει
1033 1039 1169 1092 φιλίας,

139 1099 290 1152 ἔμελλον
311 1101 529 1153 ἐξαγγέλλειν
544 1101 602 1140 τὸν
622 1099 749 1155 τρόπον
773 1103 836 1147 τῆς
855 1099 1052 1145 ἔπιδουλῆς.
1071 1097 1169 1137 Τού-

138 1175 207 1198 των
237 1161 265 1198 δ’
284 1155 326 1208 ἦν
358 1161 417 1199 καὶ
450 1160 657 1207 Φάλανθος,
690 1159 797 1213 ὅσπερ
826 1157 937 1197 ἐδόκει
970 1157 1170 1212 προστάτης

140 1218 313 1272 ὑπάρχειν
335 1221 468 1258 αὐτῶν·
498 1221 561 1258 οὐκ
589 1217 759 1273 ἠρέσκετο
787 1218 817 1256 δ’
840 1219 960 1261 ἁπλῶς
983 1223 1054 1260 τοῖς
1073 1214 1171 1269 παρὰ

138 1280 202 1324 τῆς
223 1280 349 1331 βουλῆς
365 1280 602 1330 ὂνομασθεῖσι.
622 1277 810 1318 Συνέκειτο
837 1275 899 1328 μὲν
919 1275 975 1324 δὴ,
989 1281 1060 1319 τοῖς
1077 1275 1168 1314 ’Υα-

139 1337 300 1380 κινθίνοις
314 1339 349 1376 ἓν
365 1340 416 1391 τῷ
430 1337 636 1391 Ἀμυκλαίῳ
654 1335 928 1387 συντελουμένου
945 1338 1005 1373 τοῦ
1023 1336 1168 1386 ἀγῶνος,

139 1458 331 1492 persuasum
347 1448 447 1480 fuisse
463 1448 514 1487 iis,
534 1456 616 1488 quos
633 1446 877 1485 arcessiverant‚
893 1448 929 1478 ut
944 1440 1169 1487 Metapontum

139 1497 336 1538 occuparent
353 1505 362 1527 :
379 1495 468 1535 quod
483 1503 522 1526 eo
545 1494 652 1535 potiti,
666 1493 830 1526 Siritidem
843 1502 975 1534 quoque
993 1495 1103 1525 essent
1116 1493 1170 1524 ha—

139 1544 240 1578 bituri
257 1553 264 1574 ε
283 1543 333 1575 sin
348 1542 410 1583 ipsi
424 1551 459 1574 se
471 1541 512 1574 ad
529 1541 640 1574 Siritin
658 1540 890 1579 contulissent,
916 1540 984 1572 fore
999 1542 1036 1572 ut
1055 1541 1170 1572 Taren-

140 1591 200 1624 tini
215 1601 234 1623 a
245 1591 344 1622 latere
359 1589 565 1621 imminentes
580 1590 803 1629 Metapontum
817 1596 910 1620 suam
926 1587 1078 1620 facerent.
1095 1589 1172 1619 Suc-

141 1648 234 1671 cessu
247 1637 402 1679 temporis
418 1636 502 1669 hello
515 1645 589 1668 cum
602 1635 784 1668 Tarentinis
800 1637 831 1667 et
844 1635 901 1676 qui
914 1643 1012 1676 supra
1024 1634 1172 1675 adJacent

143 1685 292 1718 OEnotris
309 1685 460 1724 conflato,
481 1686 612 1725 accepta
628 1683 695 1724 agri
711 1683 802 1724 parte
813 1705 822 1722 ,
833 1681 888 1723 qui
906 1685 985 1714 tunc
1000 1682 1097 1714 fuerit
1110 1684 1172 1714 Ita-

141 1734 194 1766 liae
207 1735 239 1766 et
253 1732 394 1774 Iapygiae
410 1731 581 1772 terminus,
595 1739 707 1772 pacem
723 1729 957 1771 composuisse.

185 1839 349 1880 Originem
368 1837 499 1870 Tarenti
529 1836 708 1869 Antiochus
739 1835 879 1867 referens
901 1834 957 1874 ait,
974 1834 1173 1867 Messeniaco

143 1887 228 1918 bello
241 1885 392 1925 conflato,
408 1893 475 1924 eos,
492 1884 548 1925 qui
561 1883 880 1916 Lacedaemoniorum
896 1884 1002 1914 castra
1014 1891 1081 1913 non
1097 1882 1173 1914 fuis-

144 1935 216 1966 sent
233 1933 349 1973 secuti,
367 1940 479 1964 servos
498 1931 565 1964 lata
581 1930 742 1963 sententia
758 1938 828 1962 esse
843 1929 1019 1970 judicatos,
1033 1929 1174 1961 Helotes·

143 1990 208 2023 que
223 1981 348 2020 dictos;
364 1979 419 2020 qui
437 1987 515 2011 vero
536 1978 704 2019 Spartanis
728 1977 795 2009 nati
810 1978 918 2009 essent
933 1976 1070 2008 durante
1090 1976 1174 2008 bello

143 2027 236 2060 liberi
251 2052 260 2067 ,
277 2036 333 2059 eos
355 2025 544 2058 Parthenias
571 2023 747 2066 appellatos
762 2048 771 2064 ‚
795 2026 827 2056 et
847 2022 1023 2064 ignominia
1044 2023 1174 2055 notatos

143 2076 256 2108 fuisse.
268 2076 346 2114 Hos,
362 2073 564 2114 iniquissime
577 2081 644 2105 rem
658 2072 807 2111 ferentes,
823 2079 925 2112 quum
941 2079 1076 2103 numero
1093 2070 1176 2102 vale·

147 2125 230 2162 rent,
241 2122 410 2154 insidiatos
421 2130 491 2153 esse
497 2120 627 2163 populo.
637 2119 732 2158 Quod
742 2127 843 2160 quum
856 2118 996 2160 populus
1009 2118 1174 2158 sensisset,

145 2170 298 2203 submisit
313 2169 472 2210 quosdam
483 2192 492 2208 ,
510 2168 567 2209 qui
587 2168 661 2200 ficta
678 2175 753 2199 cum
774 2166 837 2198 illis
854 2165 996 2197 amicitia
1007 2189 1016 2205 ‚
1036 2165 1172 2197 insidias

146 2217 375 2259 patefacerent.
401 2217 489 2248 Inter
511 2215 713 2256 conspiratos
737 2213 799 2246 fuit
828 2213 925 2245 etiam
953 2212 1171 2252 Phalanthus,

146 2264 295 2307 princeps
311 2263 508 2304 reliquorum
525 2262 653 2295 habitus
663 2286 672 2303 ‚
688 2263 719 2294 et
738 2260 794 2302 qui
810 2260 944 2293 omnino
963 2268 981 2291 a
995 2262 1108 2292 senatu
1124 2259 1175 2292 de-

899 185 1152 225 ANTIOCHI
1179 185 1509 225 FRAGMENTA.

1227 272 1333 320 ἡνίκα
1359 272 1422 320 τὴν
1450 275 1558 320 κυνῆν
1583 274 1707 326 περιθῆ
1726 275 1745 311 ὁ
1761 271 1969 320 Φάλανθος,
1991 274 2164 310 ποιεῖσθαι
2185 271 2249 320 τὴν

1229 330 1399 370 ἐπίθεσιν·
1425 331 1596 386 γνώριμοι
1619 332 1650 370 δ’
1682 315 1772 378 ἦσαν
1802 330 1872 368 ἀπὸ
1898 332 1961 376 τῆς
1994 327 2106 382 κόμης
2133 332 2164 369 οἳ
2189 335 2250 370 τοῦ

1229 389 1355 440 δήμου.
1370 389 1669 442 Ἐξαγγειλάντων
1683 388 1719 428 δὲ
1735 391 1838 427 τινῶν
1854 388 1966 442 λάθρα
1981 387 2026 427 τὰ
2043 389 2252 442 συγκείμενα

1226 450 1296 487 τῶν
1315 448 1394 502 περὶ
1415 448 1616 498 Φάλανθον,
1635 448 1694 487 καὶ
1710 451 1771 486 τοῦ
1791 449 1924 499 ἀγῶνος
1939 449 2150 495 ἀνεστῶτος,
2166 463 2254 502 προ·
2316 482 2318 484 ,

1228 505 1335 545 ελθὼν
1355 509 1374 545 ὁ
1392 506 1499 561 κῆρυξ
1519 501 1615 556 εἶπε,
1636 506 1685 558 μὴ
1704 506 1744 545 ἂν
1764 509 1954 560 περιθεῖναι
1974 509 2082 554 κυνῆν
2101 506 2254 546 Φάλαν·
2316 536 2320 538 v

1228 566 1354 604 θον.οῑ
1371 564 1400 603 δ’
1421 564 1642 616 αἰσθόμενοι,
1665 567 1711 609 ὡς
1734 563 1956 616 μεμηκύνασι
1972 563 2036 611 τὴν
2050 563 2252 614 ἔπιδουλὴν,
2317 571 2320 609 J

1227 625 1259 661 οἱ
1283 622 1346 674 μὲν
1364 622 1616 676 διεδίδρασκον,
1640 624 1672 661 οἱ
1705 620 1742 660 δὲ
1769 622 1934 661 ἱκέτευον.
1955 622 2191 666 Κελεύσαντες
2223 622 2254 660 δ’
2317 660 2320 662 .

1228 679 1350 725 αὐτοὺς
1375 683 1529 735 θαῤῥεῖν,
1548 683 1687 736 φυλακῇ
1708 679 1924 734 παρέδοσαν·
1959 680 2018 719 τὸν
2045 678 2082 719 δὲ
2099 680 2254 720 Φάλαν-
2319 700 2320 704 ’

1228 742 1285 778 θον
1303 738 1464 793 ἔπεμψαν
1481 742 1528 784 εἷς
1545 743 1622 779 θεοῦ
1632 739 1711 793 περὶ
1727 739 1904 783 ἀποικίας·
1925 742 1943 778 ὃ
1958 739 1986 777 δ’
2006 738 2147 793 ἔχρησε·

1310 807 1456 851 Σατύριόν
1469 819 1520 840 σοι
1534 808 1633 848 δῶκα,
1653 807 1795 851 Τάραντά
1809 819 1843 839 τε
1857 807 1951 839 πίονα
1963 808 2061 849 δῆμον

1313 856 1450 895 οἰκῆσαι,
1466 856 1519 887 καὶ
1535 859 1626 896 πῆμα
1641 855 1823 896 Ἰαπύγεσσι
1840 855 1994 896 γενέσθαι.

1230 914 1285 952 Cf.
1301 914 1462 952 Diodor.
1478 917 1570 952 Exc.
1591 915 1764 952 Vatican.
1780 928 1820 966 p.
1844 927 1888 951 12
1907 913 1966 951 ed.
1982 913 2158 952 Dindors.

1283 1041 1458 1079 Clemens
1483 1041 1541 1079 Al.
1571 1045 1765 1092 Protrept.
1781 1054 1821 1092 p.
1844 1054 1894 1090 29
1912 1055 1920 1078 :
1941 1040 2004 1079 Ἐν
2023 1042 2075 1093 τῷ
2094 1041 2161 1093 νεῷ
2195 1041 2257 1087 τῆς

1231 1098 1373 1146 Ἀθήνας
1395 1100 1430 1137 ἐν
1450 1097 1631 1152 Λαρίσσῃ,
1661 1100 1695 1136 ἐν
1722 1101 1766 1151 τῇ
1793 1097 1999 1151 ἀκροπόλει,
2017 1098 2125 1151 τάφος
2162 1097 2257 1136 ἐστὶν

1230 1157 1403 1211 Ἀκρισίου
1416 1173 1425 1181 ·
1449 1157 1614 1206 Ἀθήνησι
1634 1157 1671 1196 δὲ
1691 1159 1726 1196 ἐν
1749 1157 1938 1211 ἀκροπόλει
1952 1188 1962 1205 ,
1987 1157 2188 1211 Κέκροπος,
2212 1158 2274 1200 ὡςΔ

1229 1216 1334 1271 φησὶν
1352 1215 1524 1268 Ἀντίοχος
1544 1218 1579 1256 ἐν
1604 1219 1655 1270 τῷ
1673 1216 1805 1269 ἐννάτῳ
1823 1219 1893 1255 τῶν
1916 1218 2089 1270 ἱστοριῶν.

1283 1275 1399 1314 Aliud
1415 1276 1596 1314 Antiochi
1610 1276 1742 1326 fragm.
1758 1275 1806 1313 de
1819 1275 1988 1314 Palladio
2001 1290 2038 1314 v.
2057 1276 2098 1313 in
2114 1275 2255 1313 Phere-
2318 1323 2320 1326 Ι

1231 1335 1339 1385 cydis
1353 1335 1398 1372 fr.
1421 1348 1488 1372 101
1499 1364 1507 1372 .

1233 1444 1324 1476 lectis
1338 1443 1463 1476 invisus
1479 1444 1575 1476 esset.
1595 1443 1821 1485 compositum
1837 1442 1900 1475 fuit
1910 1445 1956 1483 ut,
1976 1442 2063 1475 ludis
2078 1442 2262 1484 Hyacinthi-

1234 1492 1286 1524 nis
1299 1491 1334 1523 in
1346 1491 1514 1532 Amyclaeo
1529 1491 1731 1530 commissis,
1748 1491 1878 1532 quando
1895 1490 2039 1531 galerum
2059 1489 2257 1524 Phalanthus

1231 1539 1425 1580 imponeret,
1439 1537 1580 1579 impetus
1595 1537 1663 1571 fieri
1679 1538 1810 1571 deberet
1823 1538 1857 1569 in
1873 1537 2056 1578 populares,
2069 1545 2153 1577 quos
2168 1545 2264 1568 coma

1231 1587 1327 1618 notos
1344 1585 1490 1617 faciebat.
1514 1585 1574 1617 Sed
1590 1594 1691 1626 quum
1705 1585 1838 1626 quidam
1859 1584 1985 1616 occulte
2003 1583 2203 1616 detexissent
2217 1583 2262 1615 in-

1231 1633 1380 1666 stitutum
1393 1631 1599 1665 Phalantheae
1609 1632 1767 1672 factionis,
1777 1631 1950 1664 certamine
1957 1631 2023 1672 iam
2033 1630 2172 1672 incepto,
2181 1639 2262 1672 prae-

1233 1690 1272 1713 co
1289 1681 1322 1712 in
1337 1680 1481 1715 medium
1498 1689 1702 1723 progressus,
1719 1679 1822 1712 edixit
1845 1688 1885 1711 ue
1907 1678 2106 1711 Phalanthus
2118 1677 2261 1719 galerum

1231 1727 1328 1769 capiti
1357 1727 1544 1768 imponeret.
1560 1730 1608 1759 Ita
1621 1726 1801 1759 Partheniae
1817 1734 1919 1766 quum
1933 1733 1971 1757 eo
1989 1725 2109 1757 indicio
2123 1724 2262 1757 delatam

1232 1774 1505 1815 conspirationem
1524 1775 1695 1813 sentirent,
1715 1773 1770 1806 alii
1790 1773 2007 1813 diffugerunt,
2029 1771 2081 1803 alii
2099 1771 2262 1812 supplices

1232 1822 1362 1854 veniam
1391 1822 1563 1862 petierunt.
1599 1824 1688 1859 Quos
1711 1822 1799 1853 cives
1814 1820 1902 1852 bono
1917 1819 2027 1851 animo
2037 1819 2146 1859 jussos
2167 1827 2260 1859 esse,

1235 1869 1269 1900 in
1284 1867 1467 1900 custodiam
1481 1868 1693 1901 tradiderunt.
1709 1867 1927 1901 Phalanthum
1940 1867 2050 1897 autem
2062 1864 2178 1898 misere
2190 1864 2261 1897 Del-

1233 1916 1328 1957 phos,
1346 1917 1383 1947 ut
1397 1916 1564 1948 oraculum
1584 1916 1624 1948 de
1637 1915 1765 1949 colonia
1780 1912 1968 1947 deducenda
1982 1911 2184 1954 exquireretz
2198 1913 2261 1946 est·

1233 1972 1297 2004 que
1311 1962 1340 1995 ei
1356 1962 1420 1994 tale
1434 1962 1546 1995 datum
1563 1973 1572 1994 τ

1337 2015 1495 2054 Satyrium
1511 2016 1568 2045 tihi
1583 2016 1624 2046 do
1636 2039 1646 2056 ,
1661 2018 1794 2056 pingues
1812 2023 1974 2053 pagosque
1989 2013 2117 2042 Tarenti

1337 2062 1473 2092 incolere
1485 2085 1494 2102 ,
1513 2063 1633 2094 infestis
1648 2070 1679 2094 et
1694 2065 1825 2102 Iapygas
1838 2061 2016 2100 opprimere
2031 2060 2137 2090 armis.

1275 2167 1413 2200 Larissae
1438 2168 1472 2201 in
1497 2170 1618 2211 templo
1640 2170 1808 2206 Minervae,
1832 2165 1867 2198 in
1887 2173 1960 2197 arce
1984 2167 2035 2197 est
2055 2163 2262 2206 sepulchrum

1234 2213 1361 2253 Acrisii3
1381 2214 1515 2247 Athenis
1531 2218 1639 2250 autem
1650 2217 1684 2249 in
1697 2223 1782 2252 arce,
1800 2211 1966 2253 cecropis,
1983 2213 2020 2244 ut
2028 2211 2073 2244 ait
2083 2210 2260 2244 Antiochou

1233 2260 1267 2292 in
1281 2268 1367 2292 nono
1382 2260 1610 2298 Historiarum.
1758 2268 1760 2270 ’
