2320 3684
635 149 965 191 APOLLODORI
993 149 1351 190 BIBLIOTHECAE
1379 153 1412 202 Ι,
1442 158 1480 202 7,
1500 157 1537 190 8.

2063 159 2134 193 113

20 259 120 284 νοντο
138 242 323 297 θυγατέρες
343 241 421 293 μὲν,
446 239 606 286 Ἀλθαία,
625 238 741 285 Λήδα,
760 236 1048 291 Ὑπερμνήστρα·
1075 245 1085 272 ¹
1110 247 1195 288 cepit
1215 248 1391 287 Althaeam,
1424 248 1542 281 Ledam
1555 272 1571 297 ,μ
1593 249 1899 290 Hypermnestram3
1927 249 2009 283 tilios
2029 253 2137 285 autem

23 300 162 359 ἆρῤενες
195 302 254 351 δὲ,
275 302 448 356 Ἴφικλος,
473 299 653 349 Eriza-mc,
681 295 912 346 Πλήξιππος,
932 296 1051 350 Εὗρύ“
1114 322 1471 365 Iphiclum,Evippum‚
1486 324 1690 366 Plexippum,
1707 325 1919 367 Eurypylum.

22 365 112 402 πυλο
133 393 142 401 .

75 422 93 448 2
113 379 312 475 ῗΙορθάονος
323 419 359 458 δὲ
369 418 428 458 καὶ
438 413 596 470 Εὐρύτης
603 414 884 466 Ἱπποδάμαντος
894 412 1052 466 ἐγένοντο

23 481 157 530 παῖδες,
175 479 318 528 Οἰνεὺς,
333 477 491 531 Ἄγριος,
513 473 721 523 Ἀλκάθοος,
742 472 882 521 Μέλας,
904 474 1053 512 Λευκω-

24 539 107 583 πεύς
126 555 134 563 ·
153 538 308 591 θυγάτηρ
327 534 364 574 δὲ
382 533 566 589 Στερόπη,
583 532 618 579 ἐξ
637 527 679 580 ἧς
698 532 757 571 καὶ
776 530 949 584 Ἀχελώου
968 533 1053 570 Σει-

25 600 132 652 ρῆνας
149 596 308 649 γενέσθαι
324 593 496 646 λέγουσιν.

494 680 583 689 -ι

369 739 619 772 ΚΕΦΑΛΑῙΟΝ
640 739 681 770 Η.

84 820 134 870 (1)
155 816 279 861 Οἰνεὺς
295 815 346 865 δὲ,
366 813 559 869 βασιλεύων
576 814 799 862 Καλυδῶνος,
819 812 916 867 παρὰ
935 811 1059 852 Διονύ-

28 893 91 917 σου
110 876 214 932 φυτὸν
236 874 397 927 ἀμπέλου
415 876 552 929 πρῶτος
565 872 680 912 ἔλαὸε.
699 871 822 924 Γήμας
839 871 876 910 δὲ
894 871 1058 911 Ἀλθαίαν

27 935 91 984 τὴν
109 935 273 984 Θεστίου,
292 939 397 986 γεννᾷ
413 932 543 982 Τοξέα,
561 932 598 971 ὃν
617 931 718 975 αὐτὸς
731 929 880 969 ἔκτεινεν
898 932 1059 985 ὑπερπη-

29 995 188 1043 δήσαντα
205 993 269 1041 τὴν
295 993 440 1047 τάφρον,
471 991 531 1030 καὶ
558 989 656 1044 παρὰ
683 994 819 1038 τοῦτον,
851 988 972 1043 Θυρέα
991 988 1060 1027 ’καὶ

29 1052 227 1105 Κλύμενον,
237 1051 298 1092 καὶ
312 1049 484 1105 θυγατέρα
493 1047 696 1104 Γόργην,ἣν
705 1047 925 1102 Ἀνδραίμων
937 1046 1060 1099 ἔγημε,

30 1112 90 1151 καὶ
107 1112 341 1166 Δηϊάνειραν,
370 1110 412 1157 ἣν
443 1109 608 1149 Ἀλθαίαν
637 1106 798 1160 λέγουσιν
825 1108 865 1145 ἐκ
893 1106 1062 1146 Διονύσου

30 1173 207 1223 γεννῆσαι.
236 1168 334 1217 Αὐτὴ
357 1167 394 1207 δὲ
425 1166 560 1220 ἡνιόχει
572 1198 583 1216 ,
617 1166 678 1205 καὶ
712 1166 756 1204 τὰ
784 1164 876 1204 κατὰ
908 1164 1062 1217 πόλεμον

31 1230 144 1279 ἤσκει.
173 1229 244 1268 Καὶ
268 1228 348 1283 περὶ
378 1229 448 1266 τῶν
482 1226 608 1279 γάμων
639 1227 747 1272 αὐτῆς
775 1225 955 1279 Ἡρακλῆς
979 1223 1065 1278 πρὸς

33 1289 206 1342 Ἀχελῶον
229 1287 429 1326 ἐπάλαισεν.
450 1285 505 1339 (2)
526 1283 717 1336 Ἐγέννησε
736 1283 773 1322 δὲ
794 1283 937 1323 Ἀλθαία
955 1284 1065 1322 παῖδα

32 1347 68 1394 ἐξ
86 1346 219 1391 Οἰνέως
245 1345 469 1399 Μελέαγρον,
492 1344 529 1383 ὃν
550 1343 585 1389 ἐξ
599 1343 722 1397 Ἄρεος
735 1345 947 1394 γεγενῆσθαι
967 1342 1064 1397 φασί.

34 1405 170 1448 Τούτου
199 1405 236 1444 δὲ
259 1405 355 1449 ὄντος
379 1405 520 1457 ἡμερῶν
550 1402 658 1452 ἑπτὰ,
687 1400 974 1456 παραγενομένας
1005 1401 1067 1445 τὰς

36 1465 172 1520 Μοίρας
189 1464 293 1519 φασὶν
312 1461 534 1503 εἰπεῖν·Τότε
545 1460 969 1514 τελευτήσειΜελέαγρος,
983 1459 1065 1499 ὅταν

34 1527 54 1564 ὁ
71 1522 254 1575 καιόμενος
280 1522 338 1561 ἐπὶ
366 1524 428 1568 τῆς
453 1520 606 1574 ἐσχάρας
626 1519 728 1563 δαλὸς
754 1522 930 1572 κατακαῇ.
951 1521 984 1558 Τ
987 1523 1067 1557 οῦτο

36 1582 241 1631 ἀκούσασα,
256 1581 315 1620 τὸν
334 1579 437 1619 δαλὸν
457 1579 612 1618 ἀνείλετο
632 1577 775 1617 Ἀλθαία
789 1608 800 1627 ,
820 1577 880 1616 καὶ
902 1577 1067 1616 κατέθετο

36 1644 84 1686 εἰς
99 1641 271 1696 λάρνακα.

19 1714 23 1716 ’
88 1702 105 1728 ²
123 1699 327 1753 Μελέαγρος
340 1697 390 1748 δὲ,
399 1697 486 1752 ἀνὴρ
505 1697 657 1752 ἄτρωτος
673 1695 732 1735 καὶ
751 1702 905 1748 γενναῖος
920 1694 1067 1747 γενόμε-

35 1776 104 1810 νος,
131 1758 229 1799 τόνδε
247 1758 306 1798 τὸν
319 1756 446 1813 τρόπον
466 1755 703 1803 ἐτελεύτησεν.
725 1755 903 1803 Ἐτησίων
923 1757 1068 1809 καρπῶν

37 1820 73 1859 ἐν
91 1822 136 1872 τῇ
153 1817 254 1872 χώρᾳ
269 1815 465 1870 γενομένων
483 1814 546 1858 τὰς
561 1812 725 1868 ἀπαρχὰς
738 1812 863 1858 Οἰνεὺς
879 1816 967 1857 θεοῖς
981 1819 1070 1852 πᾶσι

31 1876 142 1927 -θύων,
157 1874 470 1930 μόνηςἈρτέμιδος
483 1873 672 1919 ἐξελάθετο.
682 1872 875 1921 Μηνίσασα
886 1871 922 1911 δὲ
937 1875 959 1919 ἡ
978 1872 1068 1922 θεὸς,

39 1937 172 1991 κάπρον
196 1937 322 1990 ἐφ’ῆκεν
334 1932 453 1988 ἔξοχον
477 1932 615 1985 μεγέθει
630 1948 670 1971 τε
688 1931 748 1971 καὶ
764 1931 878 1986 ῥώμῃ,
898 1931 934 1976 ὃς
948 1931 1012 1979 τήν
1033 1947 1071 1970 τε

38 1998 103 2048 γῆν
112 1994 263 2049 ἄσπορον
278 1993 394 2042 ἐτίθει,
407 1992 467 2032 καὶ
477 1993 522 2031 τὰ
542 1991 753 2045 βοσκήματα
769 1991 829 2030 καὶ
847 1990 927 2034 τοὺς
946 1992 1071 2042 ἐντυγ-

39 2054 210 2107 χάνοντας
217 2052 417 2107 διέφθειρεν.
426 2052 443 2077 ³
463 2051 547 2091 Ἐπὶ
556 2055 677 2090 τοῦτον
689 2050 747 2089 τὸν
765 2049 899 2104 κάπρον
910 2049 989 2094 τοὺς
997 2050 1071 2105 ἀρί-

41 2129 143 2158 στους
150 2116 190 2153 ἐκ
205 2116 267 2161 τῆς
282 2110 453 2156 Ἑλλάδος
468 2112 602 2155 πάντας
616 2111 839 2160 συνεκάλεσε,
848 2111 907 2150 καὶ
915 2113 964 2164 τῷ
979 2111 1071 2150 κτεί-

42 2188 140 2212 ναντι
153 2173 211 2212 τὸν
220 2171 379 2226 θῆρατὴν
392 2171 493 2225 δορὰν
509 2169 631 2209 δώσειν
643 2173 816 2224 ἀριστεῖον
828 2170 1070 2222 ἐπηγγείλατο.

43 2233 60 2258 ⁴
79 2234 126 2272 Οἳ
147 2231 184 2270 δὲ
209 2229 428 2274 συνελθόντες
444 2229 501 2268 ἐπὶ
520 2229 583 2277 τὴν
601 2233 662 2267 τοῦ
683 2229 820 2283 κάπρου
849 2229 956 2283 θήραν
982 2223 1072 2276 ἦσαν

43 2290 126 2330 οἵδε·
147 2289 349 2344 Μελέαγρος
366 2287 511 2337 Οἰνέως,
531 2287 646 2342 Δρύας
661 2287 794 2342 Ἄρεος,
813 2289 852 2326 ἐκ
865 2289 1074 2332 Καλυδῶνος

45 2345 151 2389 οὗτοι·
182 2348 277 2392 Ἴδας
308 2348 368 2387 καὶ
402 2346 559 2399 Λυγκεὺς
588 2346 763 2401 Ἀφαρέως
801 2348 840 2384 ἐκ
873 2346 1073 2394 Μεσσήνης·

46 2408 201 2462 Κάστωρ
220 2407 280 2446 καὶ
306 2405 531 2454 Πολυδεύκης
549 2406 628 2450 Διὸς
647 2405 707 2444 καὶ
728 2405 847 2453 Λήδας
862 2436 871 2454 ,
904 2407 944 2444 ἐκ
960 2407 1077 2445 Λακε-

47 2467 219 2519 δαίμονος·
245 2466 386 2514 Θησεὺς
409 2464 544 2517 Αἰγέως
564 2464 598 2510 ἐξ
618 2465 782 2512 Ἀθηνῶν·
805 2464 979 2516 Ἄδμητος
995 2464 1075 2505 Φέ-

49 2542 149 2582 ρητος
174 2527 214 2565 ἐκ
231 2527 371 2579 Φερῶν·
398 2523 539 2578 Κηφεὺς
565 2523 623 2562 καὶ
643 2523 803 2575 Ἀγκαῖος
819 2524 1023 2578 Λυκούργου
1042 2523 1076 2569 ἐξ

49 2584 242 2639 Ἀρκαδίας·
260 2584 386 2624 Ἰάσων
401 2583 550 2627 Αἴσονος
563 2582 597 2628 ἐξ
613 2583 772 2623 Ἰωλκοῦ·
790 2582 947 2637 Ἰφικλῆς
959 2584 1077 2638 Ἀμφι-

48 2643 198 2698 τρύωνος
212 2645 253 2682 ἐκ
275 2643 420 2691 Θηὸῶν·
448 2642 630 2696 Πειρίθους
652 2641 789 2687 Ἰξίονος
814 2644 854 2681 ἐκ
883 2642 1075 2697 Λαρίσσης·

49 2702 189 2751 Πηλεὺς
209 2704 341 2741 Αἰακοῦ
355 2703 395 2740 ἐκ
411 2701 537 2745 Φθίας·
556 2700 732 2752 Τελαμὼν
753 2703 887 2741 Αἰακοῦ
908 2703 947 2739 ἐκ
958 2703 1078 2741 Σαλα-

51 2766 157 2813 μῖνος·
174 2761 354 2816 Εὐρυτίων
371 2757 534 2814 Ἄκτορος
553 2761 592 2798 ἐκ
611 2760 738 2804 Φθίας·
760 2759 950 2807 Ἀταλάντη
966 2762 1075 2813 Σχοι-

50 2818 134 2864 νέως
153 2819 186 2865 ἐξ
205 2819 397 2874 Ἀρκαδίας·
419 2818 631 2873 Ἀμφιάραος
659 2818 830 2863 Οἰκλέους
859 2818 894 2864 ἐξ
921 2819 957 2858 'A
966 2835 1076 2872 ργους.

52 2877 151 2918 Μετὰ
166 2877 296 2919 τούτων
317 2877 377 2917 καὶ
396 2880 428 2917 οἱ
441 2877 592 2918 Θεστίου
609 2878 740 2922 παῖδες.
753 2879 769 2904 5
788 2877 1024 2922 Συνελθόντας
1042 2877 1078 2916 δὲ

53 2936 173 2981 αὐτοὺς
189 2937 312 2980 Οἰνεὺς
341 2937 399 2975 ἐπὶ
423 2935 522 2975 ἐννέα
548 2935 683 2991 ἡμέρας
709 2935 858 2981 ἐξένισε·
884 2939 928 2988 τῇ
949 2936 1077 2989 δεκάτ-ινΙ

53 2993 267 3050 δὲ,·Κηφέως
285 2995 344 3034 καὶ
365 2995 526 3047 Ἀγκαίου
546 2995 606 3033 καί
624 3011 728 3033 τινων
756 2994 871 3033 ἄλλων
890 2993 1080 3039 ἀπαξιούν-

52 3068 120 3092 των
139 3053 227 3105 μετὰ
246 3054 408 3106 γυναικὸς
433 3053 489 3092 ἐπὶ
507 3053 570 3100 τὴν
589 3053 696 3107 θήραν
712 3052 858 3102 ἐξιέναι,
878 3052 1081 3107 Μελέαγρος

54 3110 143 3163 ἔχων
162 3119 310 3164 γυναῖκα
335 3112 565 3166 Κλεοπάτραν
592 3111 655 3159 τὴν
676 3111 754 3151 Ἴδα
773 3111 833 3150 καὶ
855 3111 1080 3164 Μαρπήσσης

54 3170 246 3224 θυγατέρα,
269 3171 475 3224 βουλόμενος
501 3171 537 3210 δὲ
570 3171 629 3209 καὶ
662 3170 697 3215 ἐξ
727 3170 940 3218 Ἀταλάντης
958 3170 1079 3209 τέκνον

55 3228 280 3278 ποιήσασθαι,
295 3230 555 3281 συνηνάγκασεν
574 3229 696 3273 αὐτοὺς
713 3229 770 3268 ἐπὶ
783 3228 846 3276 τὴν
865 3229 972 3282 θήραν
993 3230 1081 3280 μετὰ

56 3287 184 3334 ταύτης
198 3287 337 3332 ἐξιέναι.
354 3291 372 3315 ⁶
391 3289 639 3343 Περιστάντων
661 3287 697 3327 δὲ
717 3289 830 3326 αὐτῶν
851 3287 909 3326 τὸν
933 3287 1080 3341 κάπρον,

58 3344 179 3389 ’Υλεὺς
200 3345 262 3397 μὲν
289 3347 347 3384 καὶ
368 3347 525 3397 Ἀγκαῖος
543 3347 610 3386 ὑπὸ
633 3351 693 3385 τοῦ
716 3346 818 3400 θηρὸς
834 3345 1081 3399 διεφθάρησαν,

162 3419 355 3449 FRAGMENTA
378 3427 622 3450 uisroniconun.

1155 422 1170 441 2
1179 420 1371 453 Porthaonis
1379 424 1410 453 et
1417 424 1549 463 Eurytae
1559 432 1599 455 ex
1606 423 1863 465 Hippodamante
1872 425 1957 457 natae
1973 424 2029 457 filii
2048 427 2142 458 erant

1115 478 1252 517 OEneus,
1266 478 1382 519 Agrius
1393 503 1402 518 ,
1419 480 1609 521 Alcathous,
1624 482 1743 523 Melas,
1770 484 1958 524 Leucopeus
1975 495 1985 524 ;
2003 484 2067 517 filia
2080 486 2142 518 Ste-

1115 543 1210 576 rope,
1230 544 1270 568 ex
1286 545 1351 576 qua
1365 539 1397 568 et
1416 539 1555 571 Acheloo
1578 540 1704 573 Sirenas
1721 544 1809 574 ortas
1830 552 1902 575 esse
1917 543 2041 576 dicunt.

1588 676 1677 684 .-

1511 737 1648 769 CAPUT
1669 741 1757 771 VIII.

1163 821 1209 862 (1)
1222 820 1282 854 Sed
1301 822 1426 854 OEneus
1442 822 1607 863 Calydone
1621 824 1783 866 imperans
1793 826 1869 860 vitis
1884 828 2028 870 plantam
2042 839 2061 862 a
2073 831 2146 863 Dio-

1120 887 1202 920 nyso
1221 880 1345 921 primus
1358 881 1496 921 accepit3
1512 890 1550 913 ac
1562 881 1658 914 ducta
1670 892 1771 916 uxore
1783 885 1918 926 Althaea,
1935 888 2057 921 Thestii
2071 889 2147 927 tilia,

1121 939 1267 970 Toxeum
1277 939 1389 979 gignit,
1403 948 1500 980 quem
1515 939 1595 980 ipse,
1609 941 1695 981 quod
1707 942 1827 975 fossam
1841 945 2038 986 transilierit,
2052 947 2148 980 inter-

1122 996 1198 1028 fecit
1217 1006 1224 1028 :
1241 998 1316 1037 post
1332 996 1435 1037 huuc,
1454 998 1618 1038 Thyreum
1636 1001 1668 1030 et
1684 999 1876 1040 Clymenum
1889 1026 1897 1042 ,
1915 1004 1947 1035 et
1961 1003 2058 1036 filiam
2074 1006 2150 1037 Gor-

1122 1063 1194 1095 gen,
1208 1064 1282 1096 quae
1294 1055 1405 1096 nupsit
1422 1057 1642 1097 Androemoni,
1654 1066 1692 1089 ac
1702 1058 1896 1100 Deianiram,
1908 1070 1981 1102 quae
1991 1063 2149 1095 Althaeam

1122 1124 1162 1148 ex
1179 1114 1323 1156 Dionyso
1338 1116 1501 1157 peperisse
1514 1116 1642 1149 dicitur.
1660 1120 1739 1151 Haec
1751 1122 1859 1152 autem
1873 1122 2037 1162 aurigandi
2051 1125 2152 1165 perita

1124 1177 1191 1208 erat
1204 1178 1300 1217 atque
1316 1185 1367 1208 res
1382 1175 1514 1208 bellicas
1529 1177 1698 1210 exercebat
1716 1187 1724 1209 :
1741 1178 1844 1220 deque
1860 1182 2067 1215 matrimonio
2082 1184 2152 1225 ejus

1125 1235 1280 1269 Hercules
1302 1245 1379 1269 cum
1406 1237 1548 1269 Acheloo
1582 1236 1762 1270 dimicavit.
1795 1240 1839 1279 (2)
1871 1240 1934 1272 Sed
1962 1241 2087 1274 Althaea
2113 1252 2152 1275 ex

1127 1294 1233 1326 OEneo
1255 1294 1380 1335 peperit
1401 1295 1597 1336 Meleagrum
1610 1319 1620 1336 ,
1636 1305 1734 1337 quem
1763 1299 1864 1330 Marte
1894 1299 2001 1331 satum
2022 1300 2153 1341 quidam

1127 1351 1228 1384 fuisse
1242 1353 1387 1386 tradunt.
1412 1354 1463 1386 Ad
1485 1354 1571 1386 hunc
1586 1357 1708 1396 septem
1724 1356 1793 1388 dies
1813 1360 1926 1389 natum
1941 1359 2068 1391 venisse
2083 1362 2155 1391 Par-

1127 1419 1182 1442 cas
1197 1419 1234 1443 ac
1247 1411 1370 1444 dixisse
1386 1412 1478 1444 aiunt
1498 1422 1505 1444 :
1529 1426 1544 1440 α
1561 1415 1644 1445 Turn
1661 1414 1818 1455 Meleager
1832 1415 1918 1448 diem
1931 1417 2035 1449 obibit
2049 1426 2155 1459 supre-

1127 1478 1225 1506 mam,
1235 1479 1336 1511 quum
1349 1471 1449 1512 stipes
1460 1472 1493 1503 in
1505 1472 1576 1504 foco
1591 1481 1746 1505 accensus
1756 1476 1907 1514 perustus
1917 1474 2023 1508 fuerit.
2037 1478 2157 1515 »Quod

1129 1528 1183 1560 ubi
1202 1530 1305 1561 mater
1323 1530 1466 1570 audivit,
1489 1531 1632 1572 stipitem
1651 1540 1691 1564 ex
1713 1531 1786 1572 igne
1807 1533 1972 1566 sublatum
1994 1535 2027 1567 in
2050 1545 2156 1568 arcam

1129 1588 1282 1628 seposuit.
1310 1579 1316 1582 ’

1171 1709 1186 1728 2
1198 1705 1354 1747 Meleager
1371 1715 1460 1748 vero,
1475 1716 1579 1749 quum
1595 1708 1645 1740 vir
1660 1711 1746 1741 esset
1769 1711 1885 1742 natura
1915 1711 2158 1745 invulnerabilis

1130 1781 1167 1804 ac
1182 1772 1286 1812 fortis,
1304 1772 1391 1804 hunc
1405 1772 1438 1804 in
1451 1773 1587 1805 modum
1600 1773 1764 1806 occubuit.
1777 1776 1887 1812 Quum
1900 1785 2016 1809 annuae
2035 1777 2067 1809 in
2084 1787 2159 1819 agro

1131 1835 1239 1876 fruges
1252 1835 1433 1875 rediissent,
1451 1845 1563 1868 earum
1589 1836 1748 1877 primitias
1765 1839 1892 1871 OEneus
1908 1834 1971 1871 diis
1993 1841 2157 1881 omnibus,

1133 1907 1197 1930 una
1210 1899 1338 1931 tantum
1354 1898 1458 1931 Diana
1468 1908 1525 1940 per
1539 1899 1736 1932 oblivionem
1750 1901 1980 1942 praetermissa,
1995 1911 2160 1936 consecra-

1130 1962 1189 1994 vit.
1207 1962 1367 1999 Quocirca
1382 1962 1463 1994 irata
1478 1962 1539 1995 dea
1553 1972 1667 2004 aprum
1684 1963 1774 1996 misit
1789 1966 1822 1996 et
1837 1965 2056 2006 magnitudine
2069 1969 2101 2000 et
2113 1977 2161 1999 ro-

1132 2026 1210 2059 bore
1222 2027 1391 2069 insignem,
1403 2027 1460 2069 qui
1475 2030 1593 2061 terram
1607 2029 1668 2061 coli
1679 2031 1711 2061 et
1725 2031 1757 2062 in
1769 2038 1807 2062 ea
1823 2032 1891 2062 sata
1903 2030 1971 2063 fieri
1982 2031 2161 2073 impedivit,

1132 2098 1313 2131 pecoraque
1328 2092 1360 2122 et
1374 2090 1509 2122 obvium
1521 2099 1683 2132 quemque
1700 2091 1838 2123 necavit.
1863 2092 1876 2112 ³
1893 2094 1929 2124 In
1944 2092 2032 2125 hunc
2052 2093 2162 2135 itaque

1134 2162 1249 2195 aprum
1262 2153 1523 2186 valentissimum
1529 2162 1691 2195 quemque
1699 2155 1888 2186 Graecorum
1898 2155 2055 2195 evocavit,
2071 2156 2163 2197 eique

1132 2217 1189 2258 qui
1197 2217 1297 2250 seram
1307 2216 1490 2258 occidisset,
1502 2217 1571 2258 ejus
1582 2216 1698 2258 pellem
1714 2217 1865 2250 facinoris
1880 2218 2051 2259 praemium
2066 2227 2101 2251 se
2111 2218 2163 2251 da-

1135 2283 1245 2313 turum
1255 2280 1418 2322 pollicitus
1428 2283 1487 2314 est.
1507 2283 1521 2303 ⁴
1535 2280 1598 2318 Qui
1614 2282 1722 2313 autem
1735 2281 1776 2313 ad
1791 2281 1861 2322 apri
1872 2282 2077 2314 venationem
2090 2291 2163 2314 con-

1135 2351 1264 2384 venere,
1276 2343 1407 2376 suerunt
1417 2343 1451 2375 hi
1466 2353 1474 2374 z
1487 2343 1644 2385 Meleager
1657 2345 1766 2383 OEnei,
1779 2346 1882 2385 Dryas
1891 2345 2015 2385 Martis,
2031 2347 2164 2386 uterque

1136 2406 1353 2448 calydonius3
1378 2407 1452 2440 Idas
1474 2407 1507 2439 et
1522 2405 1683 2448 Lynceus,
1704 2407 1843 2448 Apharei
1875 2407 1932 2439 filii
1946 2430 1955 2446 ,
1989 2408 2138 2440 Messenii
2153 2419 2162 2447 ;

1137 2473 1256 2506 castor
1269 2474 1301 2504 et
1316 2471 1446 2512 Pollux,
1463 2471 1557 2503 Jovis
1575 2479 1615 2503 ex
1630 2470 1720 2503 Leda
1732 2469 1802 2509 filii,
1819 2470 2069 2507 Lacedaemonii;
2087 2470 2164 2502 The—

1137 2544 1212 2568 seus
1228 2534 1318 2575 AEgei
1334 2559 1344 2575 ,
1368 2533 1596 2572 Atheniensis;
1613 2533 1771 2565 Admetus
1787 2532 1930 2565 Pheretis
1948 2556 1957 2571 ,
1984 2533 2136 2564 Pheraeus
2153 2544 2162 2572 ;

1137 2598 1285 2639 Cepheus
1297 2599 1329 2630 et
1352 2599 1490 2630 Ancaeus
1513 2595 1653 2637 Lycurgi
1683 2604 1720 2628 ex
1746 2596 1883 2627 Arcadia
1896 2606 1904 2635 ;
1927 2597 2020 2627 Iason
2037 2595 2165 2627 AEsonis

1137 2661 1178 2694 ab
1188 2661 1293 2701 Iolco;
1304 2659 1702 2702 IphiclesAmphitryonis,
1715 2659 1902 2697 Thebanus;
1915 2657 2075 2689 Pirithous
2085 2659 2166 2690 Ixio-

1137 2726 1207 2764 nis,
1220 2725 1419 2762 Larissaeus3
1435 2723 1549 2755 Peleus
1570 2722 1674 2760 AEaci,
1693 2720 1850 2759 Phthius;
1874 2718 2025 2750 Telamon
2057 2719 2165 2757 AEaci‚

1139 2785 1351 2826 Salaminius;
1372 2785 1531 2825 Eurytion
1549 2783 1675 2815 Actoris
1690 2805 1699 2821 ‚
1717 2780 1874 2818 Phthius3
1889 2778 2036 2811 Atalanta
2060 2779 2166 2811 Schoe-

1138 2849 1202 2889 nei,
1219 2857 1260 2881 ex
1275 2848 1429 2887 Arcadia3
1454 2845 1648 2886 Amphiarus
1665 2843 1778 2882 Oiclis,
1796 2841 1952 2882 Argivus3
1971 2843 2088 2882 praeter
2106 2841 2166 2873 hos

1138 2914 1278 2955 denique
1290 2912 1413 2945 Thestii
1426 2910 1492 2942 filii.
1511 2915 1525 2933 s
1541 2911 1641 2946 Quos,
1655 2907 1710 2939 ubi
1727 2907 1954 2945 convenerant,
1970 2906 2096 2936 OEneus
2111 2913 2166 2936 no-

1140 2987 1214 3011 vem
1229 2977 1298 3009 dies
1312 2974 1453 3016 hospitio
1466 2973 1612 3013 excepit;
1631 2970 1756 3003 decimo
1769 2971 1890 3008 autem,
1904 2977 2005 3010 quum
2019 2968 2167 3009 Cepheus

1141 3043 1173 3074 et
1192 3044 1331 3073 Ancaeus
1347 3038 1466 3078 aliique
1481 3034 1628 3067 nonnulli
1645 3042 1720 3065 cum
1744 3031 1863 3064 semina
1878 3033 2033 3064 venatum
2055 3030 2102 3063 ire
2123 3039 2167 3062 re-

1141 3105 1303 3142 cusarent,
1314 3101 1481 3141 Meleager,
1498 3096 1648 3139 quamvis
1662 3103 1797 3128 uxorem
1814 3094 2017 3135 Cleopatram
2036 3093 2168 3125 haberet

1142 3169 1208 3201 ldae
1223 3169 1255 3199 et
1268 3168 1441 3206 Marpessae
1455 3162 1567 3201 filiam,
1584 3161 1694 3193 tamen
1707 3168 1747 3192 ex
1760 3158 1909 3191 Atalanta
1923 3166 2053 3198 quoque
2065 3156 2167 3189 filium

1142 3236 1307 3271 procreare
1322 3225 1519 3263 desiderans,
1537 3222 1609 3254 illos
1626 3224 1664 3254 ut
1677 3230 1751 3254 cum
1777 3220 1848 3262 ipsa
1863 3218 1961 3251 simul
1977 3218 2010 3250 in
2028 3216 2167 3250 venatio-

1142 3300 1215 3323 nem
1227 3290 1351 3322 exirent
1364 3286 1532 3328 compulit.
1548 3289 1563 3309 ⁶
1576 3284 1698 3317 Deinde
1713 3293 1790 3316 vero
1816 3291 1918 3324 quum
1933 3282 2104 3314 venatores
2123 3277 2166 3310 illi

1142 3361 1256 3394 aprum
1273 3349 1554 3383 circumstitissent
1569 3371 1578 3387 ,
1603 3347 1724 3388 Hyleus
1740 3349 1836 3389 atque
1858 3348 1994 3377 Ancaeus
2023 3352 2041 3375 a
2061 3340 2167 3373 bellua

2005 3404 2024 3433 8
