2320 3684
827 153 1114 194 CLlTODEMI
1141 153 1476 195 FRAGMENTA.

86 248 232 289 παλαιοὶ
247 247 287 287 τὸ
306 246 397 286 θύειν
418 246 502 301 δρᾶν
519 241 863 296 ὠνόμαζον.Ἔδρων
881 241 911 279 δ’
922 243 954 280 οἱ
967 240 1115 296 κήρυκες

86 307 170 362 ἄχρι
194 308 327 347 πολλοῦ
363 307 623 359 βουθυτοῦντες,
663 301 749 356 φησὶ
762 330 773 350 ,
803 300 862 340 καὶ
893 300 1118 346 σκευάζοντες

85 367 145 406 καὶ
164 362 492 419 μιστύλλοντες,ἔτι
502 362 532 402 δ’
551 363 799 415 οἰνοχοοῦντες.
818 360 987 415 Κήρυκας
1007 359 1036 398 δ’
1050 360 1118 398 αὖ·-

86 425 165 470 τοὺς
181 424 249 464 ἀπὸ
264 427 325 463 τοῦ
345 422 540 478 κρείττονος
565 420 760 472 ὠνόμαζον.
784 417 1065 474 Ἀναγέγραπταί
1080 434 1118 457 τε

85 485 239 536 οὐδαμοῦ
259 483 416 537 μαγείρῳ
436 481 575 534 μισθὸς,
595 479 687 519 ἀλλὰ
702 479 842 533 κήρυκι.
859 480 898 519 Si
914 478 1000 532 φησί
1019 478 1119 517 bene

84 542 215 592 habet,
248 543 315 581 vix
339 541 508 580 dubitari
536 547 677 592 potest,
710 540 805 590 quin
831 538 880 577 ad
918 537 1119 576 minimum

86 603 229 651 omnia,
249 615 336 653 quae
370 602 552 652 leguntur
585 606 673 651 post
701 597 809 653 ἔδρων
845 597 875 636 δ’
906 599 938 636 οἳ
971 596 1119 651 κήρυκες

86 661 300 700 Clitodemo
335 659 541 698 tribuenda
560 659 636 696 sint
653 672 662 695 :
683 657 731 695 de
767 656 977 708 Cerycibus
1016 656 1119 694 enim

87 721 327 762 Clitodemus
342 721 630 773 disputaverat:
648 732 687 757 v.
710 718 756 757 fr.
787 731 823 756 2.

573 811 633 851 18.

141 895 426 948 Harpocration
455 906 493 932 v.
518 891 636 932 Πνυκί
657 907 666 930 :
738 890 787 930 ‘H
820 891 891 930 τῶν
930 889 1121 938 Ἀθηναίων

88 955 259 1003 ἐκκλησία
280 954 390 999 οὕτως
403 955 572 993 ἐκαλεῖτο.
591 951 717 1000 Πολλὴ
737 951 767 990 δ’
793 954 816 999 ἡ
847 950 971 1003 μνήμη
1015 951 1124 998 αὐτῆς

87 1016 174 1070 παρ’
189 1015 368 1059 Ἀττικοῖς.
402 1014 602 1066 Κλείδημος
619 1013 649 1052 δ’
665 1014 700 1052 ἐν
718 1011 828 1066 τρίτῳ
864 1011 1124 1066 Πρωτογονίας,

90 1071 311 1125 «Συνῄεσαν,
349 1073 468 1128 φησὶν,
505 1075 552 1117 εἷς
581 1072 645 1120 τὴν
689 1071 835 1120 Πνύκα,
868 1073 1123 1123 ὀνομασθεῖσαν

90 1130 148 1171 διὰ
167 1131 207 1171 τὸ
218 1132 283 1180 τὴν
298 1131 498 1180 συνοίκησιν
518 1130 762 1183 πυκνουμένην
783 1124 911 1169 εἶναι.-

142 1192 282 1231 Suidas
313 1201 352 1231 et
376 1192 536 1231 Photius
565 1191 700 1231 eadem
730 1191 914 1240 referunt,
934 1190 1126 1229 ⁴omittunt

90 1258 218 1288 tamen
255 1251 376 1290 verba
406 1251 442 1289 ἐν
469 1249 643 1304 τρίτῳ-
661 1251 709 1295 εἷς
740 1248 816 1297 τήν.
836 1253 911 1288 Pro
929 1249 1127 1301 Κλείδημος

90 1310 227 1349 Suidas
255 1311 413 1350 exhibet
432 1310 643 1363 Κλείδιμος,
663 1311 770 1363 quod
790 1318 1019 1362 corruptum
1044 1323 1128 1348 esse

89 1378 264 1421 apparet.

438 1519 779 1559 ΕΞΗΙἫΤΙΚΟΝ.

580 1607 642 1646 19.

145 1690 281 1729 Suidas
299 1702 337 1728 v.
352 1690 387 1728 Τ
389 1687 637 1743 ριτοπάτορεςι
711 1686 755 1728 Ὁ
774 1687 810 1726 δὲ
835 1686 876 1726 τὸ
894 1686 1128 1740 Ἐξηγητικὸν

90 1749 239 1798 ποιήσας
264 1750 425 1804 Οὐρανοῦ
455 1749 516 1789 καὶ
533 1751 604 1797 Γῆς
620 1748 725 1802 φησὶν
744 1747 867 1793 αὐτοὺς
883 1741 972 1787 εἶναι
986 1749 1128 1799 παῖδας,
1147 1765 1151 1768 ·

91 1809 247 1861 ὀνόματα
267 1807 303 1848 δὲ
323 1809 439 1853 αὐτοῖς
460 1807 608 1857 Κόττον,
626 1807 806 1862 Βριάρεων
823 1807 883 1847 καὶ
898 1806 1029 1860 Γύγην.
1048 1809 1127 1847 Cli-

91 1868 235 1907 todemi
258 1869 509 1920 Exegeticum
538 1867 828 1919 intelligendum
859 1880 954 1916 esse,
979 1867 1128 1919 proba-

90 1927 220 1966 biliter
248 1926 414 1979 conjecit
439 1926 693 1966 Casaubonus
725 1926 774 1965 ad
804 1927 940 1965 Athen.
967 1929 1041 1977 lx,
1068 1928 1127 1965 18.

91 1989 187 2034 Quae
215 1986 320 2038 apud
352 1987 509 2025 Suidam
530 1986 755 2038 praecedunt
781 1986 843 2035 (cf.
873 1989 1038 2024 Demon.
1068 1989 1129 2035 II,

90 2044 259 2083 Phanod.
294 2047 375 2094 1V,‘
398 2045 570 2085 Philoch.
601 2043 675 2096 11),
713 2043 930 2083 Fabricium
967 2045 1009 2082 in
1026 2044 1126 2083 Bibl.

91 2107 158 2142 Gr.
177 2107 209 2154 Ι,
230 2117 268 2155 p.
285 2118 328 2152 17
339 2117 354 2142 1
376 2104 612 2143 induxerunt
624 2112 667 2142 ut
675 2103 862 2152 crederet,
875 2103 1128 2155 Exegeticum

90 2162 186 2200 illud
215 2175 297 2200 esse
322 2163 643 2201 commentarium
672 2163 714 2201 in
741 2163 890 2214 Orphei
909 2162 1127 2213 Physicum.

91 2223 187 2268 Quae
203 2221 390 2260 sententia
399 2222 452 2259 nil
463 2221 582 2260 habet
596 2235 675 2273 quo
693 2235 732 2260 se
749 2221 1003 2260 commendet.
1022 2225 1129 2260 Prae-

91 2287 193 2318 terea
212 2280 497 2318 observandum
517 2288 586 2325 est,
601 2281 642 2318 in
667 2281 873 2332 Exegetico
892 2294 970 2319 non
993 2280 1127 2319 eadem

91 2339 386 2390 Tritopatorum
405 2340 565 2378 nomina
578 2339 750 2378 exhibita
768 2354 849 2378 esse
863 2348 980 2391 atque
996 2340 1036 2378 in
1050 2342 1127 2378 Or—

91 2398 180 2449 phei
202 2399 379 2448 Physico,
399 2407 516 2450 atque
541 2412 675 2437 omnes
695 2400 774 2438 sere
802 2399 1004 2437 Atthidum
1029 2401 1128 2438 scri-

92 2464 222 2506 ptores
242 2456 288 2494 de
302 2457 618 2509 Tritopatoribus
636 2457 902 2510 disputavisse.
930 2462 989 2496 De
1004 2459 1127 2497 Clito-

92 2515 193 2554 demi
213 2516 397 2568 opinione
413 2531 446 2554 v.
467 2517 657 2556 Welcker.
677 2518 822 2570 Trilog.
841 2531 879 2569 p.
903 2519 974 2557 152
999 2531 1055 2570 sq.

575 2635 637 2669 18.

133 2691 245 2732 Pnyx3
270 2691 517 2725 Atheniensium
546 2702 661 2726 concio
689 2694 735 2726 ita
767 2694 1007 2736 appellabatur3
1039 2703 1126 2736 saepe

93 2737 163 2778 ejus
176 2738 296 2771 mentio
307 2738 344 2771 fit
359 2740 444 2781 apud
462 2741 602 2774 Atticos.
621 2741 788 2775 Clidemus
803 2742 888 2775 libro
902 2743 999 2776 tertio
1014 2744 1125 2775 Proto-

92 2784 196 2824 goniae
216 2794 224 2817 z
244 2798 259 2813 «
277 2787 528 2821 conveniebant
552 2788 586 2821 in
602 2791 764 2831 Pnyeem,
781 2790 827 2822 ita
848 2790 1041 2832 appellatam
1055 2799 1128 2833 pro·

94 2831 165 2870 pter
178 2831 348 2865 homiuum
364 2833 580 2876 frequentiam
597 2835 631 2868 in
646 2845 684 2869 ea
699 2837 866 2870 densatam
882 2839 1041 2881 (πυκνήν).

436 2960 784 3004 EXEGETICUM.

579 3026 640 3061 19.

133 3070 274 3114 scriptor
288 3075 453 3117 Exegetici
470 3078 692 3121 Tritopatores
707 3080 788 3115 dicit
800 3091 872 3117 esse
884 3085 966 3118 Coeli
978 3088 1011 3120 et
1022 3088 1130 3121 Terrae

91 3114 184 3203 ἓὲίξε,
212 3121 346 3155 nomina
382 3125 490 3157 autem
518 3135 644 3168 eorum,
675 3130 823 3170 Cottum,
854 3132 1033 3176 Briau-eum,
1064 3137 1130 3177 Gy-

574 3229 638 3263 20.

132 3275 302 3331 sigillatim
352 3283 441 3323 apud
482 3286 693 3321 Athenienses
727 3291 890 3333 ἀπόνιμμα
923 3293 1044 3326 dicitur
1075 3295 1128 3326 lu-

95 3323 222 3356 seralzs
234 3334 341 3368 aqua,
351 3337 425 3369 quae
438 3331 489 3363 vel
500 3332 533 3364 in
550 3334 707 3368 honorem
721 3342 924 3371 mortuorum
937 3340 1125 3380 adhibetur,

95 3368 145 3400 vel
168 3370 209 3403 ad
235 3371 419 3408 lustrandos
438 3377 585 3413 homines
604 3382 733 3423 piaculo
750 3385 891 3426 quodam
922 3386 1099 3420 obstrictos
1120 3401 1125 3417 :

2130 159 2206 193 36³

1660 241 1724 281 20.

1228 313 1368 352 Athen.
1391 316 1464 360 IX,
1488 315 1550 364 18,
1574 326 1613 365 p.
1634 318 1724 363 409,
1746 314 1789 351 F.
1810 325 1819 349 :
1842 310 1951 356 Ἰδίως
1989 309 2028 350 δὲ
2052 311 2213 351 καλεῖται

1176 372 1260 426 παρ’
1287 372 1483 420 Ἀθηναίοις
1496 371 1684 424 ἀπόνιμμα
1701 370 1759 411 ἐπὶ
1774 372 1846 410 τῶν
1867 371 1916 416 εἷς
1937 369 2046 423 τιμὴν
2066 376 2137 415 τοῖς
2150 386 2213 410 νε-

1177 435 1273 484 κροῖς
1299 429 1494 482 γινομένων
1515 430 1577 469 καὶ
1595 430 1653 469 ἐπὶ
1672 432 1743 469 τῶν
1772 428 1853 475 τοὺς
1877 431 2011 482 ἐναγεῖς
2028 429 2216 484 καθαιρόν-

1179 503 1265 538 των,
1283 491 1330 533 ὡς
1346 490 1405 528 καὶ
1422 490 1623 542 Κλείδημος
1645 492 1680 529 ἐν
1699 491 1750 544 τῷ
1773 488 2044 545 ἐπιγραφομένῳ
2062 488 2217 542 Ἐξηγη-

1178 550 1279 602 τικῷ.
1313 549 1462 602 Προθεὶς
1493 549 1561 603 γὰρ
1598 549 1679 604 περὶ
1711 551 1911 602 ἐναγισμῶν
1949 548 2076 604 γράφει
2112 548 2215 588 τάδε·

1180 606 1349 661 «Ὀρύξ-αι
1370 607 1511 660 βόθυνον
1535 607 1622 662 πρὸς
1657 608 1808 664 ἑσπέραν
1822 612 1883 648 τοῦ
1905 608 2073 661 σήματος·
2095 607 2218 648 ἔπειτα

1179 666 1277 721 παρὰ
1294 666 1353 705 τὸν
1372 666 1513 719 βόθυνον
1526 668 1611 720 πρὸς
1629 668 1779 722 ἑσπέραν
1797 667 1918 720 βλέπε,
1946 667 2038 722 ὕδωρ
2049 667 2218 722 κατάχεε,

1179 723 1292 777 λέγων
1310 725 1395 764 τάδε
1408 741 1416 749 ·
1437 725 1543 777 Ὑμῖν
1565 725 1751 778 ἀπόνιμμ’,
1774 722 1824 771 οἶς
1850 726 1921 782 χρὴ
1946 727 2006 766 καὶ
2025 721 2075 771 οἷς
2100 727 2217 779 θέμις·

1181 782 1289 822 ἔπειτ’
1310 778 1407 827 αῧθις
1425 783 1533 837 μύρον
1552 785 1716 837 κατάχεε.
1739 803 1755 820 ι

1235 843 1486 882 Casaubonus
1512 852 1551 881 et
1600 845 1976 895 Schweighaeuserus
2013 845 2221 884 Clitodemi

1184 902 1300 942 verba
1318 903 1358 941 in
1373 902 1638 941 trimetrorum
1666 904 1828 941 formam
1855 904 2029 955 redigere
2057 904 2220 943 studue-

1183 970 1298 1009 runt3
1323 961 1390 1000 sed
1405 961 1566 1001 Siebelis
1580 961 1669 1013 jure
1683 962 1835 1001 dubitat
1853 963 2002 1001 hiulcos
2022 972 2059 1001 et
2078 963 2223 1002 claudi-

1184 1029 1312 1060 cantes
1327 1034 1462 1059 eorum
1477 1021 1671 1059 trimetros
1685 1021 2021 1073 approbare.Nam
2034 1018 2224 1073 ejusmodi

1184 1094 1318 1119 versus
1350 1080 1475 1132 possis
1502 1079 1792 1132 deprehendere
1822 1081 1864 1118 in
1894 1082 2030 1132 quavis
2049 1082 2224 1120 oratione

1186 1140 1370 1192 pedestri.

1683 1192 1747 1232 21.

1240 1263 1379 1302 Suidas
1397 1272 1436 1302 et
1455 1263 1640 1302 Photius:
1659 1261 1771 1311 “Υης,
1793 1261 1949 1301 ἐπίθετον
1976 1260 2166 1311 Διονύσου,
2180 1263 2227 1305 ὥς

1188 1320 1400 1373 Κλείδημος·
1410 1340 1425 1357 «
1437 1320 1602 1371 Ἐπειδὴ,
1619 1321 1739 1376 φησὶν,
1753 1322 1979 1373 ἐπιτελοῦμεν
1996 1320 2115 1365 θυσίας
2131 1321 2228 1374 αὗτῷ

1189 1380 1267 1419 καθ’
1287 1380 1324 1420 ὃν
1342 1384 1360 1420 ὃ
1380 1380 1453 1425 θεὸς
1471 1379 1523 1419 ὕει
1541 1379 1679 1435 χρόνον.
1698 1399 1714 1415 »

1244 1443 1370 1492 Etym.
1391 1444 1446 1479 M.
1462 1449 1597 1479 auctor
1624 1449 1662 1479 et
1696 1439 1941 1479 Phavorinus
1961 1437 2096 1477 eadem
2126 1438 2227 1478 refe-

1189 1507 1292 1549 runt,
1314 1499 1380 1538 sed
1394 1514 1472 1538 non
1499 1499 1685 1538 exhibent
1711 1498 1816 1553 φησὶν
1840 1507 1878 1536 et
1892 1506 1979 1536 ante
2006 1495 2126 1540 θυσίας
2151 1511 2229 1549 po-

1188 1569 1286 1598 nunt
1299 1559 1372 1604 τὰς.
1386 1563 1520 1611 Neque
1537 1560 1577 1597 in
1590 1560 1664 1597 hoc
1680 1562 1907 1610 fragmento,
1930 1557 2036 1609 quod
2051 1571 2099 1595 ex
2124 1559 2229 1595 Exe—

1189 1621 1314 1671 getico
1330 1619 1435 1657 haud
1456 1618 1575 1658 dubie
1599 1627 1770 1657 sumtum
1787 1626 1858 1667 est,
1874 1617 2000 1669 justos
2036 1617 2229 1655 trimetros

1189 1678 1529 1731 deprehendimus.

1680 1743 1745 1781 22.

1242 1807 1424 1847 Suidasv.
1432 1806 1572 1847 Ἀπεδα-
1583 1814 1622 1845 et
1635 1805 1821 1851 Ἤπέδιζον
1838 1821 1846 1844 z
1859 1803 2004 1854 Ἄπεδα,
2013 1803 2058 1844 τὰ
2071 1803 2229 1843 ἷσόπεδα.

1190 1865 1409 1918 Κλείδημος·
1429 1865 1526 1906 «Καὶ
1553 1864 1717 1913 ἠπέδιζον
1737 1864 1802 1912 τὴν
1821 1863 2024 1919 ἀκρόπολιν,
2043 1863 2230 1918 περιέὸαλ-

1188 1929 1248 1965 λον
1271 1926 1308 1965 δὲ
1328 1926 1538 1965 ἐννεάπυλον
1557 1925 1597 1964 τὸ
1610 1924 1848 1976 Πελασγικόν.
1863 1942 1878 1959 υ

1242 1985 1419 2023 Eundem
1455 1985 1583 2023 locum
1612 1984 1782 2022 servavit
1812 1983 1981 2035 scriptor
2022 1983 2230 2034 συναγωγῆς

1188 2042 1317 2089 λέξεων
1335 2042 1522 2098 χρησίμων
1544 2056 1606 2095 ap.
1622 2044 1780 2082 Bekker.
1802 2042 1948 2081 Anecd.
1980 2055 2020 2094 p.
2048 2048 2137 2092 419,
2165 2042 2229 2079 28.

1195 2103 1357 2143 Siebelis
1404 2110 1528 2155 putat,
1559 2103 1633 2140 hoc
1663 2102 1919 2153 fragmentum
1949 2115 1997 2139 ex
2023 2100 2229 2151 Exegetico

1189 2164 1468 2214 depromptum
1489 2175 1592 2210 esse,
1607 2161 1673 2200 sed
1688 2161 1803 2200 nobis
1823 2160 2033 2213 probatum
2047 2168 2117 2208 est,
2135 2172 2228 2210 per-

1189 2223 1311 2260 tinere
1330 2221 1371 2259 id
1384 2221 1434 2259 ad
1459 2221 1676 2268 Atthidem,
1695 2221 1737 2259 in
1762 2233 1839 2272 qua
1872 2228 1911 2259 et
1935 2220 2001 2258 alii
2026 2218 2228 2258 Atthidum

1188 2282 1399 2334 scriptores
1418 2281 1466 2320 de
1479 2281 1646 2333 Pelasgis
1659 2280 1969 2332 disputaverunt·
1985 2279 2042 2320 Cf.
2058 2278 2228 2316 Philoch.

1186 2343 1273 2379 VII.

1670 2393 1734 2434 23.

1242 2458 1408 2509 Hesych.
1424 2472 1432 2495 :
1449 2454 1657 2512 Προηρόσια
1674 2472 1683 2481 ·
1701 2455 1747 2496 τὰ
1762 2455 1832 2511 πρὸ
1850 2460 1910 2495 τοῦ
1930 2454 2055 2510 ἀρότου
2072 2454 2225 2507 θύματα.

1189 2516 1262 2557 Καὶ
1276 2520 1295 2556 ὁ
1311 2516 1512 2568 Κλείδημος
1531 2516 1568 2555 ’δὲ
1587 2514 1678 2554 αὒτὰ
1695 2514 1944 2569 Προακτούρια
1963 2516 2074 2554 καλεῖ.

1182 2627 1461 2669 quemadmodum
1475 2629 1508 2659 et
1524 2626 1703 2666 Clidemus,
1733 2627 1767 2659 in
1794 2625 1878 2657 libro
1895 2625 1953 2666 qui
1970 2624 2163 2665 Exegeticus
2179 2624 2224 2656 in-

1186 2676 1350 2710 scribitur.
1359 2678 1441 2709 Nam
1454 2675 1515 2708 sub
1524 2675 1621 2707 titulo
1631 2675 1672 2707 de
1683 2674 1808 2707 inferiis
1819 2672 1933 2704 scribit
1947 2673 2033 2704 haec:
2047 2685 2062 2699 u
2070 2671 2223 2704 scrobem

1186 2724 1297 2757 fodere
1321 2724 1451 2765 oportet
1466 2722 1508 2754 ab
1522 2722 1691 2754 occidente
1706 2719 1863 2762 sepulcri;
1879 2719 1997 2751 deinde
2019 2719 2060 2750 ad
2074 2718 2224 2751 scrobem

1186 2780 1304 2804 versus
1319 2770 1521 2803 occidentem
1538 2769 1725 2811 respiciens,
1739 2775 1856 2808 aquam
1874 2766 2019 2806 effunde,
2037 2766 2109 2798 haec
2123 2766 2225 2798 verba

1186 2818 1409 2860 pronuncians
1424 2827 1433 2849 ι
1449 2816 1552 2850 Vobis
1568 2816 1745 2854 lavacrum,
1763 2813 1884 2855 quibus
1905 2815 2033 2854 oportet
2047 2815 2080 2846 et
2094 2813 2217 2854 quibus

1186 2865 1236 2898 fas
1251 2867 1312 2899 est.
1330 2864 1456 2898 Deinde
1475 2872 1590 2896 rursus
1606 2864 1809 2903 unguentum
1824 2860 1969 2893 infunde.

1672 2928 1736 2960 21.

1230 2990 1329 3030 Hyes.
1343 2987 1533 3030 Epithetum
1548 2985 1681 3026 Bacchi,
1695 2983 1972 3026 quemadmodum
1982 2983 2028 3017 ait
2037 2983 2222 3018 Clidemus:

1190 3049 1207 3065 ‹-
1224 3035 1387 3089 quoniam
1417 3034 1480 3077 ipsi
1510 3032 1666 3066 sacrificia
1681 3031 1820 3065 facimus
1831 3040 1872 3065 eo
1884 3033 2031 3074 tempore
2039 3054 2050 3072 ,
2063 3040 2131 3074 quo
2140 3031 2223 3065 deus

1276 3106 1283 3114 .
1308 3094 1326 3111 ἱ)

1188 3083 1272 3125 pluit
1674 3134 1737 3167 22,

1230 3188 1341 3221 Plana.
1361 3186 1532 3220 Clidemus
1549 3195 1556 3218 :
1579 3198 1596 3214 «
1607 3188 1651 3219 Et
1666 3194 1773 3218 arcem
1793 3185 2061 3228 commutarunt,
2077 3185 2111 3219 et
2131 3185 2222 3219 Pela-

1189 3236 1279 3277 sgico
1291 3243 1386 3268 muro
1400 3242 1519 3267 novem
1535 3235 1646 3276 portas
1660 3233 1799 3267 habente
1813 3233 1996 3266 cinxerunt.
2012 3246 2029 3262 n

1670 3289 1735 3322 23.

1231 3340 1409 3380 Proerosia,
1423 3349 1515 3372 sacra
1539 3348 1612 3381 quae
1624 3340 1707 3373 fiunt
1723 3341 1798 3373 ante
1815 3340 2001 3373 arationem.
2018 3339 2221 3373 Clitodemus

1189 3397 1227 3421 ea
1241 3391 1335 3420 vocat
1350 3387 1536 3420 Proacturia
