2320 3684
184 179 259 212 224

171 270 207 309 ἐν
221 270 348 324 Θράκῃ
363 267 661 316 τετελευτηκέναι·
684 266 748 304 κᾶν
764 263 942 312 ἀληθεύειν
957 262 1081 315 νομίζῃ
1101 262 1198 316 Κρά-

176 344 297 372 τιππος
316 328 430 367 αὐτόν.
465 327 518 367 Τὸ
537 326 565 364 δ’
592 326 627 363 ἓν
661 322 792 376 Ἰταλία
821 320 975 373 Τίμαιον
1014 320 1117 359 αὐτὸν
1137 320 1197 359 καὶ

174 386 298 430 ἄλλους
318 385 430 439 λέγειν
450 388 604 431 κεῖσθαι,
633 381 683 434 μὴ
701 381 760 420 καὶ
782 378 915 434 σφόδρα
937 378 1198 430 καταγέλαστον

175 437 213 496 ἦ·
228 447 301 498 (01.
317 460 380 496 97,
398 445 449 496 ²·)

640 498 726 537 124.

227 571 418 610 Plutarch.
436 571 552 608 Dion.
571 583 604 607 c.
624 571 670 607 6:
691 567 797 606 Ἐπεὶ
815 568 925 605 νοσῶν
951 565 1062 611 ἔδοξεν
1084 568 1101 603 ὃ
1123 568 1198 605 Διο-

173 629 286 673 νύσιος
302 628 461 672 ἀὸιώτως
479 627 586 680 ἔχειν,
601 625 827 680 ἐπεχείρησεν
856 626 951 678 αὐτῷ
980 623 1200 675 διαλέγεσθαι

174 687 254 738 περὶ
271 689 340 724 τῶν
365 687 405 724 ἐκ
431 689 492 732 τῆς
520 684 778 739 Ἀριστομάχης
805 683 935 723 τέκνων
957 685 976 721 ὁ
995 682 1101 722 Δίων·
1120 684 1150 720 οἱ
1171 681 1200 719 δ’

175 744 307 797 ἰατροὶ,
337 747 387 798 τῷ
409 743 573 795 μέλλοντι
591 742 654 791 τὴν
674 742 786 797 ἀρχὴν
808 741 1030 795 διαδέχεσθαι
1059 741 1201 796 χαριζό-

177 818 296 854 μενοι,
314 802 434 856 καιρὸν
456 804 495 840 οὔ
514 801 693 856 παρέσχον
705 816 714 826 ·
735 803 782 845 ὡς
799 801 836 839 δὲ
853 800 1003 853 Τίμαιός
1022 816 1124 854 φησι,
1141 800 1200 838 καὶ

175 861 360 915 φάρμακον
387 860 582 900 ὑπνωτικὸν
605 862 758 900 αἰτοῦντι
787 859 918 908 δόντες,
940 859 1121 914 ἀφείλοντο
1137 857 1200 906 τὴν

176 920 338 967 αἴσθησιν
357 921 482 969 αὐτοῦ,
502 919 639 972 θανάτῳ
657 918 746 957 συνά
775 934 872 962 αντες
889 917 947 957 τὸν
967 917 1085 956 ὕπνον.

652 990 737 1028 125.

229 1055 363 1106 Polyb.
400 1057 501 1102 XII,
533 1061 553 1099 4
583 1068 605 1092 a
627 1068 635 1091 :
660 1052 812 1107 Ἐφόρου
833 1052 870 1091 δὲ
887 1053 1116 1104 παλιλλογίαν
1135 1069 1203 1092 κα-

176 1113 403 1166 ταψεύδεται,
421 1111 562 1166 φάσκων
576 1111 687 1164 λέγειν
704 1112 820 1161 αὐτὸν,
835 1111 887 1150 ὅτι
903 1110 1081 1155 Διονύσιος
1094 1114 1111 1149 ὃ
1122 1127 1205 1164 πρε-

178 1171 343 1226 σὸύτερος
368 1170 620 1226 παρελάμὸανε
643 1170 707 1218 τὴν
729 1169 841 1224 ἀρχὴν
863 1172 948 1208 ἐτῶν
970 1169 1079 1207 εἴκοσι
1098 1172 1202 1222 τριῶν

177 1230 359 1283 ὑπάρχων,
379 1231 585 1282 βασιλεῦσαι
605 1229 641 1267 δὲ
661 1229 920 1282 τετταράκοντα
951 1228 1011 1266 καὶ
1045 1226 1124 1275 δύο,
1144 1242 1205 1277 με-

177 1288 347 1334 ταλλάξαι
361 1287 400 1326 ’δὲ
416 1288 473 1326 τὸν
494 1287 566 1340 βίον
580 1287 826 1342 προσλαὸόντα
842 1292 913 1329 τοῖς
927 1285 1095 1332 ἑξήκοντα
1111 1284 1204 1337 τρία·

177 1351 279 1386 τοῦτο
308 1346 375 1400 γὰρ
406 1346 515 1390 οὐδεὶς
557 1346 649 1384 εἴποι
677 1344 718 1383 ἂν
747 1344 857 1392 δήπου
891 1348 951 1382 τοῦ
984 1340 1208 1395 συγγραφέως

178 1398 268 1444 εἶναι
283 1405 323 1444 τὸ
340 1405 548 1456 διάπτωμα,
573 1409 634 1443 τοῦ
661 1402 698 1442 δὲ
724 1402 883 1456 γραφέως
903 1399 1207 1454 ὁμολογουμένως·

179 1463 201 1511 ἢ
235 1463 302 1517 γὰρ
337 1465 387 1502 δεῖ
416 1461 474 1502 τὸν
501 1462 656 1516 Ἔφορον
700 1460 988 1516 παραὸεὸηκέναι
1018 1465 1061 1514 τῇ
1095 1462 1210 1517 μωρίᾳ

180 1522 241 1561 καὶ
256 1522 313 1560 τὸν
331 1521 500 1575 Κόροιὸον
518 1522 579 1560 καὶ
594 1521 653 1560 τὸν
673 1520 874 1574 Μαργίτην,
894 1522 924 1558 εἷ
938 1521 987 1571 μὴ
1009 1521 1149 1566 δυνατὸς
1167 1516 1209 1569 ἦν

181 1581 468 1632 συλλογίζεσθαι,
487 1579 574 1619 διότι
593 1578 638 1618 τὰ
654 1578 913 1633 τετταράκοντα
939 1579 998 1617 καὶ
1023 1578 1083 1619 δύο
1101 1596 1211 1635 προσ-

182 1639 324 1678 τεθέντα
342 1645 412 1683 τοῖς
430 1638 540 1678 εἴκοσι
568 1638 628 1677 καὶ
647 1638 773 1693 τρισὶν,
793 1637 961 1685 ἑξήκοντα
989 1638 1123 1689 γίνεται
1151 1639 1212 1678 καὶ

181 1697 302 1737 πέντε·
337 1698 360 1745 ἢ
383 1697 507 1736 τούτου
550 1699 724 1749 μηδαμῶς
763 1695 804 1735 ἂν
850 1696 1089 1742 πιστευθέντος
1126 1697 1212 1752 ὑπὲρ

183 1756 353 1810 Ἐφόρου,
369 1755 514 1811 φανερὸν
531 1755 584 1795 ὅτι
603 1756 642 1795 τὸ
659 1755 721 1806 μὲν
737 1755 931 1809 ἁμάρτημα
943 1756 1119 1811 [φανερόν]
1139 1758 1214 1795 ἐστι

184 1820 245 1854 τοῦ
257 1815 433 1870 γραφέως·
451 1816 490 1854 τὸ
513 1814 550 1854 δὲ
567 1815 722 1867 Τιμαίου
742 1814 922 1869 φιλότιμον
941 1815 1000 1853 καὶ
1022 1814 1214 1869 φιλέγκλη-

185 1891 248 1926 μον
263 1876 371 1919 οὐδεὶς
387 1875 428 1914 ἂν
447 1875 518 1913 οὐδ’
536 1873 753 1918 ἀποδέξαιτο.

662 1938 748 1977 126.

238 2000 445 2038 Athenaeus
458 2003 506 2046 V,
515 2013 552 2048 9,
568 1988 714 2049 p.'206‚
726 2000 756 2034 E
770 1996 919 2049 εΓράφει
939 1999 956 2034 ὃ
973 1997 1142 2048 Μοσχίων
1163 1997 1216 2048 (in

185 2138 322 2172 Thracia
345 2137 464 2169 obiisse
486 2136 572 2168 dicat
591 2146 598 2167 ε
617 2135 692 2167 licet
719 2135 892 2176 Cratippus
916 2135 1012 2167 etiam
1039 2143 1114 2166 eum
1138 2143 1213 2166 vere

187 2187 358 2226 loquutuin
381 2186 520 2216 censeat.
554 2183 650 2221 Quod
669 2183 778 2214 autem
795 2182 947 2220 Timaeus,
969 2184 1001 2214 et
1023 2181 1075 2213 alii
1090 2189 1164 2213 eum
1181 2181 1214 2212 in

186 2233 279 2266 Italia
294 2232 456 2273 sepultum
473 2230 571 2262 fuisse
587 2229 727 2269 tradant,
747 2237 860 2261 vereor
877 2237 918 2260 ne
929 2229 1026 2260 etiam
1042 2228 1216 2269 perridicu-

188 2280 256 2311 lum
273 2279 439 2311 habeatur.

231 2387 339 2422 Quum
361 2382 530 2424 aegrotanti
543 2381 700 2422 Dionysio
729 2381 830 2412 fatum
850 2381 1018 2413 imminere
1040 2379 1213 2420 videretur,

189 2430 367 2464 elaboravit
380 2430 474 2467 Dion,
488 2432 525 2460 ut
535 2437 609 2460 cum
624 2437 662 2459 eo
673 2427 712 2458 de
723 2427 964 2459 Aristomaches
974 2426 1084 2458 liberis
1097 2427 1214 2466 ageret.

191 2480 312 2510 Verum
332 2475 468 2514 medici,
490 2474 702 2506 inservientes
724 2473 913 2513 successori,
930 2482 993 2504 non
1012 2471 1169 2504 dederunt
1188 2471 1219 2503 ei

192 2524 312 2556 locum.
335 2524 379 2555 Ut
415 2530 490 2554 vero
505 2521 648 2552 Timaeus
682 2519 796 2558 tradit,
820 2519 849 2550 ei
870 2519 1144 2551 medicamentum
1166 2526 1220 2558 po-

192 2570 296 2604 scenti
308 2569 511 2602 somnificum
526 2567 696 2606 dederunt,
716 2575 818 2606 eoque
837 2566 934 2598 modo
950 2573 1079 2598 sensum
1097 2564 1220 2597 ademe-

194 2620 280 2658 runt,
296 2626 446 2650 somnum
461 2624 537 2648 cum
553 2617 656 2646 morte
670 2614 870 2654 copulantes.

671 2668 757 2700 125.

239 2724 404 2764 Ephorum
444 2723 552 2754 autem
586 2719 781 2752 mendaciter
816 2718 954 2750 traducit
993 2718 1029 2749 ut
1062 2716 1223 2749 contraria

198 2771 259 2803 sibi
269 2770 464 2807 narrantem,
481 2767 558 2808 quia
571 2767 598 2798 is
612 2766 691 2798 dicit
705 2765 902 2806 superiorem
915 2764 1108 2803 Dionysium
1121 2771 1222 2794 annos

132 2836 140 2850 .>
199 2820 310 2849 natum
327 2818 393 2848 tres
409 2823 506 2856 supra
518 2813 633 2854 viginti
649 2812 819 2853 imperium
833 2819 1026 2852 occupasse;
1041 2809 1224 2850 regnavisse

199 2867 306 2896 autem
321 2862 415 2895 annis
436 2861 565 2893 duobus
585 2862 618 2892 et
639 2858 868 2900 quadraginta,
882 2866 967 2889 anno
988 2857 1128 2896 denique
1148 2855 1224 2887 vitae

201 2919 268 2943 suae
300 2909 391 2941 tertio
407 2910 439 2940 et
466 2906 666 2948 sexagesimo
697 2910 833 2937 mortem
862 2903 992 2937 obiisse.
1030 2902 1224 2943 Hujusmodi

201 2957 286 2988 enim
309 2958 477 2996 peccatum
503 2963 598 2986 nemo
614 2952 759 2984 historici
784 2960 855 2984 esse
873 2950 1006 2988 dixerit,
1022 2949 1079 2981 sed
1097 2949 1225 2980 librario

202 3002 288 3035 haud
317 3002 415 3034 dubio
454 2999 670 3042 imputaverit.
705 3001 786 3032 Nam
815 2998 962 3039 profecto
983 2997 1133 3038 Ephorus
1162 2997 1226 3028 Co-

203 3050 329 3082 roebum
345 3051 441 3089 atque
458 3047 615 3087 Margiten
644 3046 782 3078 stultitia
797 3043 1014 3086 superavisset
1025 3067 1034 3082 ‚
1051 3042 1114 3074 nisi
1133 3041 1226 3074 ratio-

207 3095 346 3128 cinando
395 3095 542 3134 colligere
583 3093 756 3131 valuisset,
789 3091 854 3123 duo
892 3092 925 3122 et
955 3088 1166 3130 quadraginta
1200 3087 1227 3119 si

203 3151 276 3174 cum
289 3141 394 3173 tribus
405 3142 437 3172 et
463 3140 577 3181 viginti
591 3141 778 3180 jungantur,
795 3138 937 3178 quinque
951 3136 1076 3169 efficere
1091 3137 1123 3168 et
1139 3144 1228 3167 sexa-

205 3189 303 3228 ginta.
330 3187 453 3223 Quodsi
481 3187 542 3218 hoc
573 3187 605 3218 in
632 3186 761 3226 Ephoro
785 3184 973 3217 incredibile
988 3183 1142 3215 mendum
1166 3184 1227 3222 est,

205 3233 350 3274 sequitur
369 3235 404 3264 ut
426 3233 616 3264 manifestus
644 3232 766 3263 librarii
786 3232 895 3272 lapsus
917 3231 968 3262 sit.
991 3229 1107 3262 Timaei
1122 3231 1228 3262 autem

207 3279 397 3311 criminandi
415 3279 559 3310 studium
576 3281 608 3311 et
623 3279 828 3311 acerbitatem
842 3287 937 3310 nemo
956 3277 1145 3310 laudaverit.

730 3333 765 3365 6.

253 3384 367 3416 Scribit
392 3384 556 3416 Moschion
583 3394 590 3414 ε
618 3334 779 3415 ῡὶοιιτὶξιίοε
804 3384 955 3415 Abderita
981 3383 1133 3423 singulari
1156 3390 1229 3413 curn

964 177 1130 216 TIMAEI
1157 175 1487 215 FRAGMENTA.

1257 261 1357 299 libro
1377 262 1424 300 de
1447 263 1534 299 navi
1554 259 1758 311 Hieronis)·
1774 258 1979 305 Διοκλείδης
1998 257 2061 308 μὲν
2079 261 2097 296 ὁ
2116 258 2280 313 Ἀὅδηρί-

1257 336 1319 368 της
1338 321 1552 371 Θαυμάζεται
1571 320 1628 358 ἐπὶ
1659 322 1701 371 τῇ
1721 318 1806 372 πρὸς
1837 317 1900 364 τὴν
1924 317 2070 356 Ῥοδίων
2094 317 2195 356 πόλιν
2215 318 2283 356 ὑπὸ

1257 378 1461 430 Δημητρίου
1495 376 1734 432 προσαχθείσῃ
1761 382 1831 419 τοῖς
1853 375 2004 428 τείχεσιν
2025 375 2199 414 ἑλεπόλει·
2218 376 2284 416 Τί-

1259 452 1360 488 μαιος
1380 437 1409 474 δ’
1426 436 1482 475 ἐπὶ
1512 439 1556 488 τῇ
1576 442 1670 489 πυρᾷ
1698 438 1742 488 τῇ
1767 433 2088 487 κατασκευασθείσῃ
2113 434 2284 487 Διονυσίῳ

1258 497 1309 547 τῷ
1330 495 1492 538 Σικελίας
1509 494 1678 548 τυράννῳ.

1616 628 1772 668 LIBER
1799 627 1924 666 XXII.

1733 702 1817 741 127.

1314 775 1419 812 Idem
1455 778 1525 822 VI,
1567 776 1610 812 13
1625 804 1636 823 ,
1673 788 1709 824 p.
1748 775 1845 820 250,
1882 777 1915 811 A
1939 788 1947 810 ε
1987 771 2139 823 Τίμαιος
2178 772 2213 809 ἐν
2243 774 2288 824 τῇ

1261 831 1404 886 δευτέρᾳ
1423 832 1482 871 καὶ
1502 834 1641 884 εἰκοστῇ
1666 834 1734 870 τῶν
1759 831 1950 885 Ἱστοριῶν,
1967 829 2156 882 Δημοκλέα
2186 829 2290 883 φησὶ,

1261 890 1318 929 τὸν
1336 890 1518 930 Διονυσίου
1538 894 1597 928 τοῦ
1615 888 1783 943 νεωτέρου
1802 889 1958 937 κόλακα,
1980 888 2076 932 ἔθους
2091 887 2186 931 ὄντος
2198 885 2290 926 κατὰ

1229 949 1236 1013 l
1263 948 1427 988 Σικελίαν
1448 948 1567 991 θυσίας
1579 950 1754 986 ποιεῖσθαι
1776 946 1868 985 κατὰ
1891 946 1951 990 τὰς
1970 946 2080 990 οἰκίας
2098 951 2174 989 ταῖς
2189 944 2292 996 Νύμ-

1265 1022 1364 1060 φαις,
1381 1006 1441 1045 καὶ
1464 1007 1545 1061 περὶ
1561 1006 1604 1044 τὰ
1625 1006 1815 1057 ἀγάλματα
1834 1005 2057 1057 παννυχίζειν
2076 1002 2293 1056 μεθυσκομέ-

1263 1080 1352 1113 νους,
1364 1064 1543 1117 ὀρχεῖσθαί
1555 1080 1592 1102 τε
1607 1064 1685 1118 περὶ
1699 1063 1761 1107 τὰς
1777 1064 1864 1106 θεάς·
1884 1066 1902 1101 ὁ
1915 1064 2105 1114 Δημοκλῆς
2118 1061 2224 1105 ἐάσας
2234 1060 2294 1105 τὰς

1264 1122 1414 1176 Νύμφας
1427 1154 1437 1171 ,
1465 1124 1525 1161 καὶ
1544 1122 1650 1161 εἰπὼν
1668 1124 1706 1161 οὔ
1733 1124 1803 1161 δεῖν
1821 1121 2007 1175 προσέχειν
2029 1120 2175 1175 ἀψύχοις
2193 1123 2292 1168 θεοῖς,

1265 1181 1372 1219 ἐλθὼν
1390 1183 1539 1234 ὠρχεῖτο
1562 1181 1647 1234 πρὸς
1666 1181 1723 1219 τὸν
1743 1179 1936 1219 Διονύσιον.
1954 1179 2107 1219 Ἔπειτα
2123 1177 2294 1232 πρεσὸεύ-

1266 1255 1328 1282 σας
1341 1238 1426 1277 ποτὲ
1438 1239 1513 1290 μεθ’
1524 1238 1650 1292 ἑτέρων
1662 1240 1723 1290 [ὡς
1729 1239 1787 1277 τὸν
1797 1239 1988 1287 Διονύσιον,
2000 1240 2070 1289 leg.
2082 1235 2295 1288 Δίωνα],καὶ

1266 1296 1408 1334 πάντων
1435 1295 1674 1347 κομιζομένων
1702 1295 1759 1334 ἐπὶ
1786 1296 1968 1349 τριήρους,
1997 1295 2296 1348 κατηγορούμενος

1269 1354 1336 1392 ὑπὸ
1355 1356 1423 1392 τῶν
1445 1354 1574 1402 ἄλλων,
1596 1353 1650 1391 ὅτι
1672 1354 1852 1399 στασιάζοι
1885 1355 1976 1392 κατὰ
2000 1353 2063 1400 τὴν
2083 1353 2297 1404 ἀποδημίαν,

1267 1413 1327 1452 καὶ
1344 1413 1490 1465 βλάπτει
1507 1413 1688 1452 Διονυσίου
1701 1412 1763 1456 τὰς
1781 1412 1898 1456 κοινὰς
1910 1412 2050 1465 πράξεις
2061 1443 2071 1460 ,
2087 1410 2148 1450 καὶ
2164 1411 2296 1465 σφόδρα

1268 1476 1328 1510 τοῦ
1348 1470 1530 1511 Διονυσίου
1548 1471 1784 1524 ὀργισθέντος·
1809 1470 1918 1525 ἔφησε
1950 1470 2014 1518 τὴν
2051 1470 2217 1524 διαφορὰν
2235 1485 2299 1521 γε·-

1269 1529 1390 1568 νέσθαι
1425 1531 1520 1583 αὐτῷ
1549 1530 1634 1583 πρὸς
1659 1530 1737 1574 τοὺς
1769 1529 2022 1584 συμπρέσὸεις,
2052 1529 2104 1567 ὅτι
2141 1527 2230 1580 μετὰ
2257 1528 2296 1567 τὸ

1271 1589 1407 1627 δεῖπνον
1429 1589 1554 1626 ἐκεῖνοι
1572 1587 1634 1639 μὲν
1665 1588 1722 1626 τὸν
1751 1590 1934 1641 Φρυνίχου
1960 1587 2021 1625 καὶ
2050 1585 2272 1639 Στησιχόρου
2287 1616 2297 1632 ,

1271 1645 1323 1684 ἔτι
1340 1645 1376 1684 δὲ
1396 1647 1575 1700 Πινδάρου
1594 1648 1738 1686 Παιᾶνα
1751 1649 1821 1685 τῶν
1841 1648 1954 1684 αὐτῶν
1974 1661 2062 1688 τινες
2079 1643 2300 1698 ἀνειληφότες

1270 1699 1373 1758 ᾖδον·
1395 1705 1496 1748 αὐτὸς
1515 1704 1551 1742 δὲ
1570 1704 1657 1756 μετὰ
1680 1706 1748 1742 τῶν
1768 1705 1986 1755 βουλομένων
2019 1706 2097 1746 τοὺς
2137 1705 2205 1740 ὑπὸ
2239 1705 2299 1740 τοῦ

1272 1762 1454 1803 Διονυσίου
1489 1761 1744 1813 πεποιημένους
1784 1763 2032 1813 διεπεραίνετο.
2070 1763 2142 1800 Καὶ
2176 1759 2298 1798 τούτου

1273 1825 1366 1875 σαφῆ
1380 1822 1438 1861 τὸν
1455 1821 1597 1874 ἔλεγχον
1614 1820 1774 1874 παρέξειν
1789 1820 2032 1871 ἐπηγγείλατο.
2047 1819 2138 1862 Τους
2155 1822 2217 1867 μὲν
2231 1817 2300 1872 γὰρ

1274 1881 1379 1918 αὐτοῦ
1408 1880 1622 1932 κατηγόρους
1655 1880 1734 1917 οὐδὲ
1766 1878 1825 1917 τὸν
1853 1877 1996 1930 ἀριθμὸν
2029 1879 2098 1916 τῶν
2130 1875 2297 1928 ᾀσμάτων

1276 1937 1451 1990 κατέχειν,
1470 1938 1571 1982 αὐτὸς
1591 1938 1619 1975 δ’
1640 1936 1776 1988 ἕτοιμος
1795 1931 1883 1975 εἶναι
1902 1935 2036 1979 πάντας
2055 1934 2175 1987 ἐφεξῆς
2192 1935 2296 1986 ᾄδειν.

1278 1996 1453 2044 Λήξαντος
1474 1996 1511 2035 δὲ
1529 1999 1590 2043 τῆς
1610 1998 1714 2049 ὀργῆς
1743 2000 1803 2034 τοῦ
1836 1995 2038 2043 Διονυσίου,
2060 1996 2166 2033 πάλιν
2185 1997 2203 2032 ὁ
2223 1995 2320 2040 Δη·”’

1279 2135 1491 2167 admiratione
1504 2134 1648 2175 loquitur
1662 2134 1702 2166 de
1717 2134 1864 2175 helepoli,
1881 2142 1900 2165 a
1914 2134 2077 2166 Demetrio
2095 2134 2201 2165 muris
2218 2127 2320 2178 Rhozss

1277 2182 1405 2213 diorum
1423 2182 1574 2219 admota;
1597 2182 1745 2214 similiter
1759 2181 1902 2213 Timaeus
1919 2180 1959 2213 de
1980 2189 2058 2221 rogo
2075 2181 2130 2221 qui
2146 2180 2320 2220 Dionysiog

1277 2228 1394 2260 Siciliae
1408 2231 1545 2267 tyranno
1560 2231 1609 2260 est
1623 2228 1821 2261 exstructus.
2304 2233 2311 2243 *¹

1678 2299 1910 2314 -οοο-ν-

1637 2358 1790 2397 LIBER
1819 2358 1945 2396 XXII.

1755 2434 1840 2467 127.

1322 2491 1463 2523 Timaeus
1481 2492 1638 2532 vigesimo
1664 2491 1806 2524 secundo
1830 2491 2046 2523 Historiarum
2068 2491 2151 2523 libro
2164 2514 2173 2530 ,
2190 2493 2282 2523 Dem
2298 2511 2304 2519 ·

1279 2538 1360 2570 clem
1381 2541 1508 2577 narrat,
1522 2539 1660 2579 junioris
1679 2538 1826 2579 Dionysii
1843 2539 2089 2577 assentatorem,
2110 2547 2210 2579 quum
2232 2547 2278 2570 m

1280 2587 1365 2617 esset
1383 2585 1510 2624 Siculis,
1530 2586 1620 2617 domi
1635 2586 1790 2626 Nymphis
1810 2594 1900 2617 sacra
1915 2582 2035 2623 iacere,
2048 2585 2275 2626 temulentosq
2292 2583 2315 2618 -ὲ

1281 2631 1365 2662 circa
1388 2631 1513 2663 illarum
1531 2632 1685 2672 imagines
1700 2634 1902 2673 pernoctare,
1928 2633 1961 2663 et
1977 2631 2061 2662 circa
2075 2630 2152 2663 deas
2170 2631 2287 2663 saltare

1281 2678 1410 2710 omissis
1433 2679 1592 2719 Nymphis
1609 2679 1729 2711 dixisse
1741 2703 1750 2718 ‚
1767 2678 1859 2710 nihili
1879 2677 2043 2709 faciendos
2064 2686 2135 2709 esse
2149 2677 2228 2709 deos
2255 2690 2260 2704 ·

1282 2725 1391 2756 anima
1405 2728 1568 2764 carerent,
1585 2726 1820 2765 saltantemque
1845 2725 1884 2756 ad
1901 2724 2091 2764 Dionysium
2114 2725 2267 2765 perrexi:

1283 2771 1372 2802 Idem
1389 2771 1506 2803 deinde
1522 2781 1538 2803 a
1557 2772 1712 2813 Dionysio
1722 2772 1844 2811 legatus
1860 2771 1980 2803 missus
1991 2780 2065 2802 curn
2079 2770 2150 2802 aliis
2164 2769 2219 2812 [ad
2244 2776 2253 2797 ⁸

1283 2818 1384 2859 nem],
1398 2827 1498 2858 quum
1505 2827 1616 2851 omnes
1625 2819 1735 2851 eadem
1750 2819 1868 2850 triremi
1876 2819 1935 2850 iter
1942 2817 2103 2857 fecissent,
2112 2826 2218 2849 accu
2250 2831 2272 2845 :c
2294 2812 2320 2833 s‘

1284 2874 1346 2905 que
1370 2865 1460 2896 illum
1496 2866 1609 2906 ceteri,
1631 2866 1719 2906 quod
1743 2866 1776 2897 in
1794 2874 1834 2898 ea
1858 2864 2110 2906 peregrinatione
2134 2863 2267 2896 sedita:⁴

1286 2912 1411 2952 suisset,
1425 2914 1458 2944 et
1475 2912 1570 2944 rebus
1583 2912 1737 2953 publicis,
1753 2921 1826 2953 quae
1841 2910 1882 2943 ad
1894 2911 2086 2951 Dionysium
2100 2910 2320 2951 pertinet-wss

1284 2959 1467 2998 offecisset;
1485 2959 1568 2991 irato
1586 2959 1762 2991 admodum
1779 2958 1951 2998 Dionysio,
1969 2956 2053 2988 dixit
2069 2967 2077 2988 z
2095 2956 2175 2988 Inde
2194 2957 2317 2992 nat&⁴

1286 3005 1456 3038 dissidium
1473 3014 1546 3037 cum
1562 3006 1631 3037 suis
1647 3005 1776 3044 collegis
1788 3029 1797 3043 ,
1815 3003 1902 3044 quod
1919 3005 1993 3043 post
2008 3011 2133 3034 coenam
2152 3002 2198 3034 illi
2220 3008 2227 3020 ¹
2272 3023 2295 3038 >a
2310 3019 2312 3023 ν

1286 3051 1373 3084 nichi
1392 3054 1449 3082 aut
1472 3051 1648 3083 Stesichori
1672 3059 1829 3091 paeanem,
1856 3058 1893 3081 ac
1916 3048 2061 3080 nonnulli
2085 3047 2254 3081 eorume'
2271 3066 2273 3070 «

1287 3098 1510 3137 Pindaricum,
1523 3107 1606 3138 quos
1621 3096 1775 3129 memoria
1790 3099 1946 3134 tenerent,
1961 3104 2075 3127 canere
2089 3104 2202 3127 consu
2214 3107 2236 3122 :2

1286 3145 1354 3184 ipse
1366 3153 1443 3175 vero
1455 3152 1530 3175 cum
1543 3142 1727 3175 volentibus
1744 3151 1800 3174 eos
1816 3151 1946 3183 paeanas
1959 3143 2044 3174 esset
2056 3144 2240 3180 exsecutus,
2257 3154 2262 3167 ⁰
2290 3172 2293 3175 ⁴

1288 3191 1328 3222 ab
1342 3191 1412 3231 ipso
1428 3189 1582 3230 Dionysio
1599 3191 1708 3221 essent
1721 3189 1903 3230 compositi.
1922 3191 2024 3229 Cujus
2039 3189 2085 3221 rei
2099 3188 2231 3220 manib:
2260 3184 2269 3189 ’
2290 3182 2295 3223 f

1289 3238 1518 3270 documentum
1531 3245 1565 3269 se
1577 3236 1800 3268 exhibiturum
1814 3236 2044 3276 profitebatur:
2059 3244 2133 3267 nam
2148 3243 2252 3267 acels
2271 3249 2273 3252 ·
2293 3242 2297 3259 ῑ

1290 3294 1341 3317 res
1357 3293 1434 3316 snos
1451 3293 1491 3316 ne
1503 3292 1677 3315 numerum
1695 3282 1825 3323 quidem
1842 3283 2042 3314 canticorum
2062 3282 2189 3314 illorum
2229 3294 2272 3317 ιιι

1292 3336 1360 3365 tum
1374 3332 1502 3372 habere,
1517 3340 1552 3364 se
1572 3339 1650 3362 vero
1669 3332 1815 3371 paratum
1838 3339 1909 3362 esse
1929 3330 2039 3361 omnia
2056 3329 2168 3362 ordine
2183 3336 2242 3360 can
2282 3363 2283 3366 ,

1292 3381 1351 3412 Hic
1366 3389 1467 3420 quum
1484 3379 1563 3411 iram
1580 3378 1740 3419 posuisset
1754 3377 1942 3418 Dionysius,
1959 3386 2069 3409 rursus
2085 3374 2246 3408 Democlefl
2278 3409 2296 3428 4

2279 3428 2302 3442 Ν

2299 2467 2320 2504 m
2302 2326 2320 2456 ατὼηκῇς
2315 2286 2320 2294 ,.
2310 2252 2320 2265 ι
2310 2228 2320 2243 ⁴
