2320 3684
848 204 853 209 .
910 156 1278 199 [NTRODUCTlo.

39 249 167 298 lite,et
181 260 280 300 pour
296 244 494 284 connaitre
507 245 543 283 le
564 252 688 295 temps
704 244 750 282 de
766 244 849 282 leur
865 245 1060 283 naissanee

39 307 145 347 etde
171 307 256 344 leur
280 312 403 352 mort,
427 303 481 341 du
509 303 634 341 moins
662 303 761 341 celui
790 303 838 341 de
863 304 946 341 leur
974 304 1060 354 plus

38 365 182 419 grande
201 363 393 403 celebrite.
407 363 508 401 C’est
527 361 622 399 dans
642 369 740 399 cette
759 374 834 400 vue
851 362 942 412 qu'il
959 376 1061 400 mar-

39 424 145 478 quait
161 436 253 462 avec
270 430 350 460 tant
366 421 414 459 de
431 421 516 458 soin
547 419 582 456 la
602 420 701 457 suite
719 420 785 458 des
806 421 883 458 rois
900 421 1061 459 d‘Athe—

38 495 126 530 nes,
157 481 294 533 depuis
327 481 497 530 cecrops
526 477 681 528 jusqu’a
709 478 923 516 l’abolition
950 479 997 516 de
1026 479 1062 516 la

39 541 218 592 royaute‚
235 548 273 577 et
287 539 381 590 qu’il
407 545 590 588 rapporte
610 538 801 588 plusieurs
816 539 1061 576 evenements

38 600 85 639 de
105 598 288 637 l'histoire
308 597 355 635 de
377 610 420 634 ce
439 595 645 646 temps-la,
667 596 975 634 l’etablissement
996 596 1062 634 des

39 657 272 710 principales
300 656 395 693 fetes
416 654 638 705 religieuses
661 653 887 700 d'Athenes,
911 654 1063 691 l’intro-

40 715 195 755 duction
217 715 265 753 de
283 714 451 752 diverses
477 721 600 751 sortes
628 713 676 751 de
704 713 881 762 musique
897 712 991 750 dans
1009 713 1062 750 les

39 776 198 827 hymnes
213 774 392 812 chantees
411 775 434 811 a
454 786 516 811 ces
533 772 652 818 fetes,
670 772 725 809 les
745 772 933 822 premiers
951 784 1060 808 com-

39 841 296 872 mencements
312 831 358 870 de
378 832 415 870 la
430 830 601 881 tragedie
621 839 660 868 et
677 830 724 867 de
743 830 779 867 la
798 829 989 876 comediis,
1009 829 1063 867 les

40 895 259 934 differentes
278 894 457 932 victoires
477 892 679 930 theatrales
699 890 745 928 de
765 891 952 941 plusieurs
970 892 1065 940 poe-

42 962 116 1003 tes,
146 962 184 992 et
211 953 325 991 celles
352 952 400 990 de
434 951 626 1003 plusieurs
660 950 862 988 musiciens
891 949 985 986 dans
1011 948 1063 985 les

6 1059 9 1062 ‚
41 1026 226 1052 concours
262 1012 330 1063 qui
361 1011 703 1061 accompagnaient
736 1009 922 1047 certaines
955 1007 1062 1044 fetes.

40 1075 158 1111 Entre
185 1071 238 1108 les
259 1069 539 1121 quatre-vingts
559 1070 730 1119 epoques
753 1066 973 1104 differentes
998 1064 1064 1114 qui

39 1143 137 1168 nous
151 1137 316 1176 restent,
338 1128 364 1166 il
380 1142 404 1178 y
421 1140 468 1165 en
490 1141 511 1164 a
534 1140 610 1178 peu
628 1127 695 1177 qui
722 1125 972 1163 contiennent
991 1123 1058 1160 des

40 1189 125 1229 faits
152 1189 244 1227 d’un
263 1196 372 1226 autre
397 1200 531 1238 genre,
553 1199 694 1224 encore
714 1185 871 1223 sont-ils
894 1196 1060 1234 presque

41 1248 213 1300 toujours
229 1245 505 1297 accompagnes
521 1245 568 1283 de
582 1245 766 1295 quelques
782 1243 1062 1281 cii-constances

39 1319 115 1358 peu
142 1307 396 1358 importantes
427 1304 475 1342 de
505 1304 692 1341 l’histoire
713 1303 917 1349 litteraire,
946 1309 984 1338 et
1014 1314 1061 1338 en

39 1365 222 1417 quelques
253 1364 468 1410 occasions,
491 1363 518 1400 il
547 1371 603 1399 est
628 1362 782 1399 difficile
811 1360 858 1398 de
881 1359 1063 1398 s'assurer

38 1424 71 1462 si
85 1423 120 1461 la
142 1423 227 1461 date
249 1436 288 1460 se
309 1429 493 1473 rapporte
511 1434 559 1458 au
577 1421 644 1458 fait
667 1420 713 1458 de
735 1419 921 1457 l'histoire
940 1419 1062 1469 gene-

38 1482 117 1520 rale
141 1494 192 1519 ou
216 1483 238 1519 a
257 1481 357 1519 celui
385 1480 432 1518 de
451 1478 639 1517 l'histoire
661 1479 859 1516 litteraire.
879 1478 1063 1515 L’auteur

39 1541 88 1580 de
113 1541 151 1578 la
181 1540 392 1591 chronique
421 1539 529 1590 parle
552 1546 745 1575 rai-ement
770 1537 816 1575 de
845 1550 888 1574 ce
914 1537 979 1587 qui
1002 1549 1064 1573 re-

39 1599 155 1652 garde
174 1600 210 1637 le
225 1598 647 1650 Peloponnese,meme
667 1597 762 1634 dans
775 1595 907 1647 l’objet
927 1608 1003 1646 que
1021 1594 1062 1645 je

40 1658 140 1697 crois
160 1658 252 1709 qu’il
273 1658 397 1696 s'etait
413 1656 584 1708 propose
609 1655 929 1706 principalement
948 1669 956 1690 ε
977 1667 1063 1691 sans

37 1715 176 1764 doute,
199 1729 315 1767 parce
345 1729 422 1767 que
446 1723 531 1752 tout
558 1715 638 1752 cela
661 1715 754 1751 etait
783 1714 943 1764 marque
969 1713 1063 1751 dans

39 1773 291 1824 l'inscription
311 1773 442 1825 placee
467 1775 489 1811 a
508 1774 713 1823 Sicyone.»

91 1833 221 1871 Minus
239 1841 416 1870 accurate
435 1833 513 1870 haec
535 1833 730 1883 disputata
747 1843 828 1868 esse
852 1837 955 1868 recte
977 1842 1065 1866 mo-

39 1900 105 1929 net
123 1891 348 1938 Boeckhius3
374 1900 490 1942 atque
513 1891 672 1929 omnino
694 1903 716 1927 a
738 1890 818 1927 veri
833 1889 959 1940 specie
990 1887 1064 1925 ab-

41 1949 172 1988 horret
205 1953 378 1988 Marmor
413 1958 587 1988 nostrum
622 1950 661 1986 in
687 1951 812 1986 ⁴usum
847 1947 1064 1985 scholarum

43 2008 158 2047 fuisse
188 2017 400 2047 exaratum.
439 2009 555 2055 Quod
590 2008 830 2046 Athenarum
865 2006 1065 2044 historiam

42 2067 176 2104 ceteris
211 2066 368 2104 uberius
409 2067 654 2118 persequitur
670 2094 681 2114 ,
713 2064 796 2116 ejus
831 2065 886 2103 rei
933 2078 1066 2102 caussa

43 2133 179 2175 sponte
198 2125 437 2176 intelligitur,
453 2129 550 2164 Nam
571 2129 689 2163 Paros
707 2124 833 2161 insula
847 2123 1063 2161 Athenien—

43 2183 142 2220 sium
169 2183 334 2234 imperio
358 2192 440 2221 erat
460 2183 645 2234 subjecta.
667 2187 787 2221 Porro
806 2193 879 2221 tam
902 2182 1065 2234 diligen-

45 2249 102 2280 ter
118 2242 234 2280 refert
248 2255 292 2280 ea
311 2255 393 2293 quae
408 2242 456 2280 ad
475 2243 655 2293 mysteria
672 2250 849 2292 spectant
861 2271 870 2289 ,
883 2242 1066 2292 quoniam

43 2301 191 2340 Cereris
203 2301 310 2338 cultu
323 2301 492 2339 auctoris
501 2302 625 2352 patria
641 2301 801 2353 insignis
815 2301 1065 2352 fuit(v.Hom.

43 2361 182 2410 Hymn.
201 2359 241 2397 in
255 2362 431 2398 Cererem
447 2374 547 2398 vers.
563 2361 702 2408 finem).
720 2365 776 2398 Ac
796 2359 901 2410 quod
923 2360 962 2397 in
979 2360 1068 2397 uni-

43 2429 194 2456 versum
213 2418 399 2456 festorum
415 2419 648 2470 originibus,
672 2427 874 2470 poetarum
899 2419 1067 2457 musico-

43 2487 204 2528 rumque
244 2477 416 2515 victoriis
455 2477 649 2528 rebusque
684 2477 926 2515 mirabilibus
955 2478 1068 2529 longe

43 2535 175 2587 primae
206 2544 335 2587 partes
369 2536 612 2585 tribuuntur,
645 2549 705 2574 res
737 2545 863 2574 autem
895 2537 1068 2574 historiae

45 2594 210 2645 politicae
231 2594 441 2633 admodum
459 2609 574 2647 parce
600 2604 963 2643 commemorantur,
984 2595 1065 2633 fru-

45 2659 196 2704 straque
218 2655 360 2705 quaeris
382 2654 553 2692 reditum
582 2654 894 2703 Heraclidarum,
919 2659 1067 2705 Lycur-

46 2722 155 2761 gum,
186 2713 308 2764 Iphiti
342 2713 638 2764 Olympiadem,
674 2713 775 2751 bella
810 2714 1067 2762 Messeniaca,

45 2771 279 2820 Draconem,
303 2772 505 2819 Solonem,
530 2775 687 2823 Septem
720 2772 937 2823 Sapientes,
967 2772 1069 2811 bella

47 2829 300 2875 Messeniaea,
317 2830 574 2878 Clisthenem,
598 2831 784 2870 Periclem
797 2861 808 2879 ,
828 2831 971 2869 bellum
998 2835 1070 2869 Pe-

46 2885 381 2938 loponnesiacum,
414 2891 590 2942 Triginta
622 2899 824 2940 tyrannos,
858 2900 956 2928 etc.:
987 2891 1068 2928 haec

47 2946 174 2983 omnia
192 2974 202 2992 ,
240 2947 399 2998 inquam
417 2979 428 2997 ,
458 2949 625 3000 probare
672 2950 853 2987 videntur
893 2961 1068 2998 magnam

48 3002 237 3042 Chronico
257 3014 392 3044 nostro
412 3007 702 3045 similitudinem
720 3006 959 3044 intercedere
981 3020 1068 3043 cum

48 3062 276 3112 templorum
317 3065 533 3118 ἀναγραφαῖς
551 3095 561 3114 ,
615 3065 682 3103 ubi
726 3065 790 3102 illa
837 3065 949 3101 unice
990 3065 1068 3101 fere

47 3128 199 3158 enotata
212 3150 223 3169 ‚
239 3121 319 3159 haec
339 3131 486 3160 tantum
500 3137 578 3162 non
594 3137 751 3175 prorsus
768 3123 1068 3173 neglectafuisse

48 3186 354 3218 consentaneum.
388 3184 524 3232 Neque
565 3191 694 3220 tamen
727 3182 786 3218 his
827 3182 1067 3231 potissimum

49 3239 304 3276 monumentis
330 3242 512 3278 Nostrum
542 3254 623 3279 sese
646 3240 840 3278 addixisse
867 3240 1069 3291 probabile

49 3300 115 3330 est.
137 3296 258 3334 Immo
284 3298 473 3335 seriorum
500 3300 665 3337 maxime
690 3300 924 3349 scriptorum
951 3311 1068 3349 opera

50 3353 279 3396 consuluisse
304 3355 483 3405 videtur,
510 3370 558 3396 ex
585 3357 710 3408 iisque
737 3357 817 3395 sine
847 3370 983 3406 magno
997 3356 1066 3407 ju-

2070 167 2140 200 537

1121 245 1212 283 dicii
1243 244 1418 282 acumine
1445 244 1602 295 elegisse
1628 256 1688 282 res
1714 244 1899 283 Marmori
1917 245 2144 286 'inscriben-

1120 303 1198 342 das.
1216 304 1290 352 Qui
1302 317 1391 341 vero
1408 303 1549 341 fuerint
1565 303 1628 341 isti
1642 311 1831 351 auctores,
1842 313 2003 355 propter
2019 306 2142 357 ipsam

1120 375 1254 400 eorum
1274 363 1425 413 copiam
1438 392 1448 410 ,
1460 363 1527 412 qui
1541 370 1681 412 praesto
1699 375 1780 400 csse
1794 370 1973 413 poterant
1988 368 2141 414 Nostro,

1121 420 1198 458 dici
1217 421 1363 471 nequit.
1384 424 1481 459 Nam
1503 421 1608 471 quod
1628 421 1667 458 in
1687 434 1764 459 una
1783 421 1843 459 vel
1862 422 1981 460 altera
1997 436 2038 461 re
2054 438 2142 463 cum

1120 479 1194 517 hoc
1223 480 1281 516 vel
1307 480 1372 517 illo
1405 480 1596 530 scriptore
1627 479 1837 527 consentit,
1862 481 2021 519 omnino
2046 483 2141 521 nihil

1121 537 1274 588 probat.
1306 541 1415 576 Unus
1437 547 1565 583 tamen
1585 538 1734 576 exsistit
1770 547 1925 587 auctor,
1957 541 2142 581 Phaniam

1121 597 1226 642 dico,
1253 610 1367 647 quem
1394 599 1595 636 Boeckhius
1620 598 1784 636 maxime
1811 601 2143 639 accommodatum

1121 663 1247 704 putat,
1263 655 1365 693 unde
1386 657 1505 694 multa
1519 659 1658 694 Noster
1672 656 1710 693 in
1730 669 1820 694 usus
1834 669 1923 694 suos
1943 667 2141 698 converte-

1121 712 1183 749 rit.
1208 715 1337 759 Quare
1361 727 1446 764 quae
1472 715 1519 752 de
1544 728 1590 752 eo
1611 715 1780 765 disputat
1799 715 1858 752 vir
1879 715 2143 766 doctissimus,

1123 785 1329 822 apponam.
1364 777 1444 812 «De
1474 775 1615 812 Phania
1642 776 1793 823 Eresio‚
1825 776 1898 823 ait,
1927 778 2144 816 Aristotelis

1122 830 1326 882 discipulo,
1339 841 1427 882 post
1442 834 1535 871 alios
1549 833 1677 871 dixere
1690 834 1821 875 Plehn.
1835 835 2007 874 Lesbiae.
2018 851 2055 888 p.
2066 851 2087 874 2
2097 838 2143 876 15

1122 902 1192 939 sq„
1215 893 1300 927 F.J.
1316 890 1446 928 Ebert.
1463 891 1621 929 Dissert.
1645 891 1759 929 Sicul.
1778 900 1869 931 tom.
1887 897 1904 931 I
1916 922 1926 940 ,
1944 908 1981 944 p.
1995 896 2042 942 76
2057 908 2142 946 sqq.

1123 957 1160 984 et
1177 948 1359 999 singulari
1376 948 1505 986 libello
1520 951 1715 988 Voisinus.
1741 952 1811 990 Vir
1834 953 2052 1006 γραμμάτων
2083 955 2146 992 οὐκ

1122 1004 1261 1059 ἄπειρος
1281 1008 1480 1060 ἱστορικῶν,
1494 1016 1538 1045 ut
1559 1009 1612 1046 ait
1627 1010 1821 1049 Plutarch.
1845 1012 2045 1064 (Themist.
2066 1012 2145 1064 13),

1123 1065 1276 1115 scripsit
1296 1074 1436 1116 praeter
1453 1067 1526 1104 alia
1549 1066 1627 1121 περὶ
1646 1072 1821 1115 ποιητῶνε
1839 1084 1916 1120 quo
1939 1084 2057 1121 opere
2076 1080 2147 1109 tra-

1123 1124 1243 1161 ctavit
1267 1124 1382 1162 etiam
1398 1125 1541 1162 musica
1563 1124 1725 1177 (Athen.
1753 1131 1862 1176 VIII,
1884 1142 1922 1179 p.
1949 1129 2039 1177 352,
2068 1132 2096 1168 C
2113 1130 2146 1181 ),

1122 1182 1332 1233 eademque
1341 1183 1399 1220 vel
1417 1184 1456 1220 in
1472 1183 1572 1221 libro
1587 1184 1770 1224 adversus
1786 1187 1983 1237 sophistas
2000 1188 2142 1239 attigit:

1122 1239 1294 1290 ejusdem
1314 1241 1474 1279 affertur
1498 1241 1610 1290 liber,
1633 1244 1666 1280 T
1669 1242 1822 1295 υράννων
1844 1243 2015 1296 ἀναίρεσις
2032 1247 2071 1283 ἐκ
2089 1261 2147 1283 τι-

1123 1298 1268 1351 μωρίας,
1284 1300 1386 1338 unde
1405 1300 1549 1350 aliquid
1566 1300 1612 1338 de
1623 1303 1814 1340 Heracleae
1830 1303 1971 1340 Italicae
1987 1311 2149 1352 tyranno

1123 1359 1266 1408 promit
1282 1359 1508 1397 Parthenius
1527 1359 1649 1411 (Erot.
1670 1375 1702 1399 c.
1730 1361 1781 1413 7),
1804 1362 1893 1398 item
1911 1360 2007 1398 liber
2027 1361 2074 1399 de
2097 1363 2151 1400 Si-

1122 1417 1213 1455 ciliae
1229 1419 1398 1468 tyrannis
1416 1419 1653 1469 (Athen.VI,
1671 1434 1709 1471 p.
1723 1421 1793 1457 231
1806 1449 1816 1467 ,
1836 1421 1879 1467 E;
1899 1433 1936 1470 p.
1963 1422 2052 1468 232,
2082 1421 2124 1471 C)
2138 1451 2149 1469 ‚

1122 1477 1161 1514 in
1179 1492 1257 1528 quo
1273 1478 1501 1516 nominatim
1517 1479 1564 1516 de
1576 1479 1720 1517 Gelone
1738 1489 1775 1517 et
1792 1479 1960 1518 Hierone
1980 1479 2150 1527 dixerat;

1122 1536 1269 1588 aliquid
1294 1538 1340 1575 de
1362 1537 1476 1575 rebus
1503 1538 1796 1576 Himerensibus
1816 1551 1865 1576 ex
1892 1538 2034 1575 Phania
2056 1553 2150 1589 pro-

1123 1598 1197 1635 fert
1224 1596 1452 1634 Plutarchus
1472 1596 1558 1647 (De
1577 1597 1722 1634 oracul.
1737 1596 1811 1634 def.
1832 1610 1866 1634 c.
1900 1597 1983 1648 32).
2004 1600 2153 1635 Postre-

1124 1670 1187 1693 mo
1204 1654 1286 1705 ejus
1305 1655 1351 1692 de
1372 1655 1480 1693 Eresi
1499 1655 1727 1706 prytanibus
1744 1655 1842 1692 liber
1859 1654 2015 1705 (Athen.
2035 1656 2126 1706 VIII
2139 1684 2150 1703 ‚

1124 1730 1160 1767 p.
1188 1716 1279 1758 333,
1299 1713 1345 1765 A)
1381 1715 1583 1752 manifesto
1604 1715 1676 1753 fuit
1701 1714 1923 1760 chronicus,
1943 1713 2047 1764 quod
2070 1717 2152 1764 J’arn

1125 1775 1290 1813 Ebertus
1312 1773 1473 1811 monuit.
1494 1773 1678 1812 Profecto
1696 1786 1775 1810 non
1794 1773 1887 1810 novi
1907 1772 2151 1810 commodio-

1124 1847 1204 1871 rem
1234 1833 1427 1870 hominem
1440 1861 1451 1879 ,
1467 1845 1545 1882 quo
1564 1831 1618 1868 uti
1636 1834 1775 1869 Noster
1793 1832 1983 1881 potuerit,
2003 1831 2152 1869 etiamsi

1127 1894 1287 1930 fortasse
1308 1905 1372 1939 ea,
1403 1905 1488 1941 quae
1516 1891 1679 1928 Phanias
1704 1891 1891 1940 protulit,
1913 1891 2150 1941 depravarit.

1125 1952 1287 1990 Phanias
1319 1949 1519 1987 definierat
1543 1950 1731 2000 epocham
1749 1948 1875 1999 Trojae
1908 1958 2055 2000 captae:
2076 1963 2153 2000 qua

1125 2010 1171 2048 de
1199 2024 1240 2047 re
1267 2023 1352 2060 quae
1382 2009 1611 2056 tradiderat,
1632 2021 1677 2046 ea
1703 2008 1864 2046 sortasse
1896 2009 2152 2047 convenirent

1125 2073 1283 2117 Nostro,
1300 2069 1373 2106 nisi
1392 2076 1598 2118 corruptus
1614 2081 1636 2104 a
1653 2066 1820 2104 librariis
1837 2080 2018 2105 numerus
2035 2076 2152 2114 esset3

1126 2129 1342 2179 Terpandri
1364 2128 1614 2166 constituerat
1631 2135 1779 2165 aetatem
1797 2128 1846 2177 (v.
1870 2140 1933 2177 ep.
1954 2126 2030 2176 34),
2046 2126 2153 2177 cujus

1125 2186 1241 2237 νόμων
1251 2187 1474 2223 meminerat
1483 2185 1595 2222 etiam
1604 2185 1641 2222 in
1652 2184 1750 2222 libro
1759 2185 1942 2222 adversus
1953 2185 2152 2235 Sophistas

1128 2246 1283 2296 (Athen.
1298 2248 1406 2293 xiv,
1423 2258 1461 2294 p.
1478 2245 1571 2288 638,
1592 2245 1658 2293 C):
1687 2243 1823 2293 quidni
1846 2257 1893 2280 ex
1908 2239 1975 2281 illo
1989 2243 2068 2280 haec
2089 2243 2153 2281 ha-

1126 2303 1254 2341 buerit
1269 2303 1427 2341 Parius?
1446 2305 1545 2342 Tum
1563 2302 1698 2353 epoch.
1718 2303 1765 2339 36
1783 2302 1998 2352 Sapphonis
2008 2301 2153 2340 Lesbiae

1127 2363 1167 2400 in
1180 2363 1348 2401 Siciliam
1366 2361 1454 2412 fuga
1464 2375 1513 2399 ex
1524 2361 1654 2399 Attico
1666 2361 1850 2398 archonte
1866 2369 1904 2398 et
1915 2365 2152 2399 Geomorum

1129 2422 1324 2471 Syracusis
1342 2421 1504 2471 imperio
1521 2420 1725 2467 definitur3
1745 2419 1826 2457 haec
1844 2433 1958 2456 nemo
1975 2419 2152 2457 disertius

1128 2482 1277 2519 tradere
1294 2482 1366 2519 hac
1385 2482 1532 2518 ratione
1553 2488 1705 2531 poterat
1728 2494 1841 2531 quam
1866 2480 2027 2518 Phanias
2055 2482 2151 2517 Ere-

1127 2542 1225 2588 sius,
1255 2541 1321 2592 qui
1345 2541 1393 2578 de
1419 2539 1650 2592 prytanibus
1675 2540 1895 2578 Eresiorum
1925 2539 2150 2588 scripserat,

1128 2600 1354 2650 compositis
1372 2600 1474 2637 haud
1503 2598 1621 2637 dubie
1653 2599 1767 2636 etiam
1796 2596 2044 2635 archontibus
2075 2596 2150 2646 ipsi

1127 2658 1356 2705 notissimis,
1376 2666 1414 2696 et
1443 2658 1659 2696 Sicularum
1690 2670 1823 2694 rerum
1853 2663 1935 2693 erat
1959 2655 2149 2705 peritissi-

1129 2730 1225 2754 mus.
1263 2717 1369 2755 Idem
1403 2725 1446 2754 ut
1472 2719 1615 2755 Noster
1646 2715 1694 2752 de
1728 2715 1873 2752 Gelone
1913 2721 1951 2750 et
1981 2713 2149 2751 Hierone

1128 2775 1298 2822 dixerat,
1324 2775 1426 2812 idem
1441 2783 1485 2812 ut
1503 2778 1644 2812 Noster
1663 2773 1710 2810 de
1732 2773 1920 2822 Dionysio
1947 2771 2092 2821 majore
2111 2780 2150 2809 et

1127 2834 1340 2871 Philoxeno
1357 2832 1686 2883 dithyramborum
1704 2840 1818 2881 poeta
1830 2831 1986 2883 (Athen.
2010 2833 2048 2878 I,
2063 2843 2100 2880 p.
2110 2831 2148 2879 6,

1127 2892 1195 2943 E);
1215 2893 1380 2929 maxime
1415 2893 1556 2929 Noster
1579 2891 1625 2928 ad
1656 2899 1789 2940 poetas
1809 2898 1846 2927 et
1875 2897 2057 2939 tyrannos
2086 2898 2148 2926 at-

1128 2950 1270 2997 tendit,
1305 2950 1352 2987 de
1391 2948 1531 2999 quibus
1559 2948 1711 2998 scripsit
1740 2947 1918 2992 Phanias3
1953 2954 1991 2984 et
2020 2946 2149 2984 Hime-

1126 3022 1255 3046 rcnses
1279 3016 1413 3058 poetas
1433 3007 1528 3044 duos
1552 3007 1699 3044 rettulit
1719 3006 1864 3043 Parius.
1888 3009 1966 3043 Nec
1985 3005 2148 3043 Phanias

1127 3068 1254 3105 Attica
1283 3080 1361 3104 non
1395 3066 1547 3116 attigit:
1571 3065 1618 3103 de
1646 3066 1788 3103 Solone
1822 3065 1900 3114 egit
1931 3065 2148 3115 (Plutarch.

1126 3125 1252 3162 Solon.
1280 3139 1312 3162 c.
1338 3130 1397 3171 14,
1416 3128 1542 3174 Etym.
1559 3126 1613 3160 M.
1638 3131 1676 3160 et
1693 3123 1791 3161 Gud.
1811 3137 1843 3159 v.
1864 3122 2054 3176 Κύρὸεις),
2073 3136 2145 3159 cu-

1121 3182 1186 3232 jus
1222 3182 1369 3219 obitum
1392 3195 1438 3218 ex
1467 3182 1587 3219 Attici
1616 3181 1810 3218 archontis
1835 3194 1936 3218 anno
1969 3181 2145 3218 definiit:

1127 3239 1326 3279 Ἐπεὸίωσε
1343 3240 1373 3277 δ’
1383 3233 1440 3277 οῧν
1457 3242 1475 3278 ὁ
1493 3238 1616 3278 Σόλων
1637 3237 1833 3291 ἀρξαμένου
1852 3242 1914 3277 τοῦ
1932 3238 2147 3292 Πεισιστρά-

1125 3313 1185 3336 του
1208 3303 1398 3351 τυραννεῖν,
1415 3299 1460 3340 ὡς
1486 3295 1549 3348 μὲν
1570 3297 1802 3350 ξΗρακλείὸης
1827 3300 1845 3335 ὁ
1863 3296 2032 3339 Ποντικὸς
2052 3298 2146 3334 ἱστο-

1128 3361 1178 3409 ρεῖ
1197 3355 1323 3409 συχνὸν
1342 3355 1480 3410 χρόνον,
1496 3357 1541 3399 ὡς
1558 3354 1593 3395 δὲ
1617 3355 1754 3400 Φανίας
1771 3359 1789 3395 ὁ
1804 3355 1960 3410 Ἐρέσιος
1980 3354 2146 3394 ἐλάττονα
