2294 3704
969 123 1037 162 DE
1065 124 1370 165 HELLANICO.

119 226 195 265 qua
214 207 262 252 ad
275 213 441 253 rationes
455 210 744 261 chronologicas
759 209 998 248 Hellanicum
1015 218 1138 247 atten-

119 274 219 312 disse
239 273 377 311 docent
399 272 529 321 fragm.
552 271 601 307 62
619 276 657 306 et
676 268 738 305 82.
753 267 874 317 Magis
888 280 978 304 vero
1010 267 1139 304 obstat

118 332 225 382 quod
258 332 406 368 diversa
437 328 508 366 fuit
545 327 686 364 horum
707 338 869 377 operum
883 325 1032 373 divisio.
1051 329 1137 372 Qua

119 405 157 429 in
176 404 217 428 re
246 390 276 427 si
290 388 374 440 quis
391 400 451 424 me
467 398 611 424 errasse
625 385 958 431 demonstraverit,
972 384 1019 422 ad
1036 397 1134 432 eam,

120 462 234 501 quam
250 447 365 485 modo
377 445 499 493 innui,
511 443 737 481 sententiam
751 442 929 480 lubenter
942 442 1135 480 accedam.

85 548 87 550 ,
173 506 303 546 Simile
320 502 592 542 Sacerdotibus
611 515 710 553 opus
725 515 768 539 ac
787 501 960 539 cumillis
978 501 1136 539 fortasse

118 565 364 616 conjunctum
392 562 507 600 fuisse
539 560 681 599 debent
711 561 965 605 Carneonicoe,
982 560 1008 598 i.
1023 573 1055 597 e.
1083 573 1138 597 ca-

118 624 266 674 talogus
286 635 418 660 eorum
432 650 443 669 ‚
478 621 545 671 qui
577 620 617 658 in
650 618 806 658 Carneis
834 618 933 656 ludis
964 618 1052 656 inde
1089 618 1136 656 ab

116 683 273 732 Olymp.
296 687 345 720 26
357 710 367 727 ,
394 687 438 717 ut
462 679 638 723 videtur‚·
665 678 704 715 in
729 678 920 728 Apollinis
950 678 1137 715 honorem

117 740 317 779 celebratis
346 738 545 776 victoriam
563 737 868 788 deportaverant.
885 739 1019 787 Neque
1035 737 1138 773 enim

119 799 243 851 probo
262 797 454 836 Sturzium
468 825 478 843 ‚
501 796 567 846 qui
588 795 844 834 Carneonicas
875 795 926 832 ad
955 794 1137 833 Lesbiaca

117 858 311 910 pertinere
329 856 493 907 putavit.
505 855 653 893 Nititur
665 854 746 892 haec
766 854 899 905 opinio
918 854 1140 904 interpreta-

119 917 222 954 tione
240 915 440 966 fragmenti
465 927 537 953 122
550 943 561 962 ,
577 927 624 951 ex
648 927 724 964 qua
739 913 959 951 Hellanicus
977 913 1136 951 diceret:

117 974 383 1026 Terpandrum
407 973 578 1011 omnium
607 972 774 1024 primum
794 972 834 1010 in
854 973 1011 1010 Carneis
1039 973 1138 1010 ludis

119 1033 253 1071 vicisse
276 1045 325 1070 eo
353 1030 459 1083 quod
483 1030 736 1070 Carneonicas
765 1038 804 1068 et
835 1030 1067 1068 carminibus
1100 1040 1138 1069 et

118 1090 359 1129 orationibus
381 1097 563 1128 ornasset.
583 1088 694 1137 Quod
708 1089 881 1139 ineptum
898 1090 1012 1140 plane
1028 1090 1137 1128 foret.

117 1150 306 1202 Equidem
322 1149 442 1187 verba
457 1163 466 1186 :
484 1149 530 1191 ὥς
546 1146 750 1190 Ἑλλάνικος
765 1146 800 1186 ἔν
815 1164 853 1187 τε
867 1154 938 1192 τοῖς
954 1148 1139 1203 ἐμμέτροις

120 1207 370 1262 Καρνεονίκαις
396 1207 462 1245 κάν
478 1211 550 1249 τοῖς
578 1205 821 1257 καταλογάδην
838 1206 892 1245 ita
912 1208 1140 1258 explicanda

117 1281 198 1306 esse
206 1267 334 1315 credo,
343 1275 386 1305 ut
392 1266 608 1304 Hellanicus
617 1265 808 1303 victorum
817 1267 1044 1318 catalogum,
1053 1282 1140 1318 qua-

119 1327 162 1365 tis
174 1327 448 1365 Lacedaemone
463 1323 702 1372 servabatur,
715 1325 948 1363 hexametris
966 1325 1140 1364 versibus

120 1393 346 1436 conceptum
359 1382 585 1435 apposuerit
594 1390 631 1420 et
643 1381 778 1420 deinde
785 1383 956 1433 pedestri
966 1385 1140 1422 oratione

120 1443 366 1481 illustraverit
391 1450 429 1480 et
458 1442 498 1479 in
516 1454 608 1478 usus
633 1454 722 1478 suos
741 1443 974 1479 converterit
992 1442 1060 1494 (7).
1081 1447 1140 1482 Ita

119 1502 150 1540 si
168 1510 402 1548 statuamus,
417 1500 572 1538 minime
594 1512 642 1536 ex
660 1499 841 1538 historico
861 1501 990 1539 evadit
1010 1511 1138 1553 poeta.

119 1562 202 1599 Hoc
221 1570 346 1598 tamen
361 1560 400 1597 in
417 1571 549 1604 caussa
567 1558 684 1595 fuisse
699 1558 862 1605 videtur,
878 1572 948 1597 cur
963 1561 1139 1600 Hellani-

119 1632 183 1658 cus
200 1620 316 1657 etiam
332 1619 449 1669 ligata
463 1617 639 1654 oratione
653 1617 850 1668 scripsisse
860 1617 1021 1660 dicatur.
1039 1621 1139 1669 Quid

116 1677 157 1715 in
189 1677 263 1714 hoc
295 1689 413 1727 opere
442 1675 663 1712 tractaverit
693 1688 768 1712 non
794 1686 953 1715 constat.
986 1679 1139 1718 Nudam

117 1735 311 1773 victorum
326 1733 653 1772 enumerationem
673 1733 764 1772 dare
785 1735 852 1772 vix
869 1737 1056 1785 voluerit;
1078 1751 1138 1776 res

116 1793 164 1831 ad
179 1793 378 1844 politicam
391 1795 609 1829 Graecarum
624 1792 823 1830 civitatum
837 1794 1038 1833 historiam
1054 1809 1140 1847 per-

119 1853 283 1890 tinentes
291 1851 372 1902 jam
387 1859 630 1888 recensuerat
641 1851 682 1888 in
697 1852 982 1892 Sacerdotibus.
997 1856 1139 1893 Nescio

116 1925 165 1949 an
178 1925 313 1950 verum
332 1911 541 1962 tetigerim,
551 1911 582 1949 si
592 1912 831 1950 Hellanicum
846 1913 885 1950 iu
894 1916 1139 1954 Carneonicis

119 1980 294 2022 tempora
310 1983 439 2007 rerum
454 1983 539 2020 quae
555 1969 602 2007 ad
622 1978 755 2021 poetas
766 1979 803 2008 et
817 1973 982 2011 musicos
995 1987 1139 2012 eorum-

117 2042 191 2080 que
205 2029 365 2066 inventa
380 2036 419 2066 et
435 2028 607 2066 instituta
624 2037 817 2079 spectant,
827 2044 961 2069 eorum
977 2034 1140 2073 nomini-

118 2086 189 2124 bus
200 2095 351 2124 notasse
363 2095 507 2137 putem,
516 2087 583 2137 qui
595 2087 911 2137 Apollinis,ducis
925 2094 1135 2141 Musarum,

117 2146 287 2195 auguriis
295 2145 459 2183 victoria
467 2153 574 2183 erant
587 2146 725 2183 ornati.
742 2149 858 2184 Favet
874 2148 964 2185 huic
978 2158 1136 2188 senten-

119 2204 194 2251 tiae,
205 2204 310 2254 quod
325 2204 544 2242 Hellanicus
553 2204 591 2241 in
602 2206 845 2243 Carneonicis
853 2206 993 2245 dixisse
1003 2208 1136 2254 fertur,

118 2262 302 2300 Arionem
320 2263 612 2312 Metliymnaeum
627 2263 796 2313 primum
811 2266 974 2314 cyclicos
995 2267 1134 2306 choros

117 2321 328 2359 instituisse
348 2320 407 2371 (fr.
428 2321 505 2367 85).
524 2320 678 2371 Legitur
692 2335 792 2359 nunc
813 2322 968 2372 quidem
987 2325 1027 2362 id
1045 2339 1135 2363 nar-

119 2388 246 2418 ratum
265 2392 346 2417 esse
374 2380 409 2416 ἐν
428 2380 658 2431 Καρναϊκοῖς,
677 2393 762 2430 quae
775 2382 948 2420 Sturzius
964 2385 1136 2423 Atthidis

117 2447 267 2490 partem
289 2438 404 2475 fuisse
423 2446 552 2475 censet
562 2454 573 2486 3
592 2438 659 2476 sed
669 2439 907 2478 verissimam
923 2441 1047 2480 habeo
1061 2444 1135 2482 viri

117 2496 222 2534 docti
237 2497 292 2547 (in
308 2497 510 2547 Ephemer.
525 2498 696 2548 Goetting
713 2498 826 2547 1828,
841 2512 880 2549 p.
899 2499 939 2551 7)
951 2514 972 2538 a
984 2503 1137 2541 Sturzio

116 2555 262 2593 laudati
287 2555 566 2605 conjecturam,
595 2556 658 2594 cui
688 2557 951 2596 Dahlmannus
980 2573 1137 2612 quoque

116 2615 248 2654 album
258 2616 446 2654 calculum
458 2615 611 2666 adjecit,
623 2616 767 2654 scilicet
780 2618 990 2670 Καρναϊκοῖς
1000 2633 1136 2659 vocem

117 2682 339 2724 corruptam
356 2687 438 2712 esse
456 2687 505 2711 ex
520 2674 779 2727 Καρνεονίκαις.

170 2734 403 2772 Devenimus
416 2734 463 2771 ad
482 2733 613 2772 titulos
632 2749 642 2772 t
660 2734 772 2789 Περὶ
791 2736 951 2785 ἐθνῶν,
971 2737 1135 2778 Ἐθνῶν

116 2792 373 2844 ὀνομασίαι,
387 2791 572 2837 Κτίσεις
586 2792 799 2845 (Κτήσεις
824 2796 1135 2848 apudStephan.‚

117 2851 176 2893 fr„
193 2865 278 2901 109,
300 2865 371 2902 pro
387 2864 465 2902 quo
483 2852 677 2890 Berkelius
694 2853 816 2891 voluit
837 2854 1017 2907 Κλήσεις).
1039 2857 1137 2904 Qui-

117 2913 190 2951 bus
211 2913 433 2952 nominibus
460 2914 560 2952 idem
593 2928 691 2966 opus
719 2915 923 2967 significari
942 2926 1045 2956 recte
1062 2918 1134 2956 ob-

117 2972 284 3010 servavit
302 2972 440 3020 Sturz.,
457 2974 630 3023 quamvis
646 2976 860 3025 respuenda
877 2976 925 3014 sit
939 2977 1012 3015 alia
1032 2977 1135 3028 ejus-

115 3031 203 3068 dem
220 3031 456 3082 conjectura:
476 3045 613 3083 nempe
628 3033 753 3071 videri
769 3034 910 3072 librum
927 3039 985 3073 De
1004 3038 1136 3074 Nomi-

116 3089 229 3127 nibus
244 3090 424 3127 Gentium
439 3090 486 3127 ad
502 3090 697 3128 literarum
711 3092 885 3130 ordinem
903 3094 1019 3132 fuisse
1034 3109 1136 3132 com-

115 3148 306 3198 positum,
339 3149 429 3199 quia
460 3149 564 3199 apud
593 3151 828 3201 Stephanum
862 3166 900 3190 v.
937 3152 1134 3203 Ἀγὸοίτανα

158 3239 202 3281 (7)
225 3241 346 3273 Eadem
361 3241 484 3274 ratione
497 3242 528 3273 in
549 3242 774 3275 Sacerdotibus
789 3244 891 3285 egisse
906 3246 1011 3286 putari
1026 3247 1134 3286 posset

114 3289 244 3327 propter
256 3287 335 3319 illud
344 3290 466 3320 Tzetzae
478 3298 485 3320 :
498 3290 515 3320 ὁ
525 3289 655 3326 Λὲσὸιος
669 3290 843 3327 Ἑλλάνικος
860 3292 983 3323 ἀείδει
1000 3293 1040 3324 fr.
1063 3295 1131 3324 144.

114 3336 236 3365 Verum
250 3343 314 3365 non
330 3336 435 3376 magni
454 3336 515 3368 hoc
530 3337 708 3369 faciendum
721 3346 791 3370 esse
813 3338 894 3371 bene
909 3340 985 3371 scio.

2117 139 2217 166 XXIX

1197 211 1421 249 laudaretur
1438 208 1622 254 Ἑλλάδιος
1635 211 1670 248 ἐν
1689 212 1740 263 τῷ
1757 226 1779 248 α
1794 211 1969 264 στοιχείῳ,
1989 212 2101 260 Quod
2118 212 2150 250 si
2167 213 2216 251 ad

1198 269 1436 306 Hellanicum
1448 298 1458 315 ‚
1480 269 1538 306 uti
1557 270 1754 307 Berkelius
1768 269 1954 320 conjecit,
1975 271 2217 310 referendum

1197 335 1266 373 est,
1288 327 1370 364 sine
1391 327 1512 365 dubio
1529 328 1698 378 pertinet
1716 329 1764 366 ad
1778 328 1919 366 librum
1942 329 2108 379 primurn
2126 334 2218 368 Per-

1197 383 1362 421 sicorum
1376 413 1386 432 ‚
1417 394 1531 436 atque
1561 386 1657 424 illud
1688 386 1850 440 στοιχείῳ
1883 387 2030 425 librarii
2065 389 2219 439 stupori

1196 451 1396 493 acceptum
1420 445 1605 483 retuleris.

1252 503 1309 537 Ex
1335 501 1435 539 libro
1460 506 1516 540 De
1538 504 1725 542 Gentibus
1743 504 1871 543 brevis
1899 506 2041 543 mentio
2057 506 2097 543 fit
2113 506 2216 544 duo-

1198 571 1283 595 rum
1303 560 1535 609 populorum
1550 563 1715 612 Scythiae
1727 577 1737 609 ;
1750 578 1836 601 cum
1851 564 1911 602 his
1926 564 2044 615 igitur
2056 565 2217 616 conjun-

1198 617 1323 667 genda
1356 626 1465 668 sunt,
1495 633 1577 669 quae
1601 621 1768 659 citantur
1793 636 1841 660 ex
1863 623 2039 671 Scythicis
2059 624 2119 675 (fr.
2147 638 2218 671 17⁰

1197 677 1310 726 sqq.).
1322 679 1380 713 Ex
1391 678 1622 716 Nominibus
1633 681 1815 719 Gentium
1831 682 2086 733 fragmentum
2099 683 2220 721 habe—

1198 748 1281 772 mus
1299 734 1347 772 de
1365 735 1537 774 moribus
1556 737 1784 787 Libyorum3
1808 741 1867 778 his
1893 740 2078 792 adjungas
2104 746 2221 792 AEgy-

1189 798 1321 843 ptiaca
1337 802 1453 844 atque
1467 798 1549 831 Iter
1564 798 1618 832 ad
1630 801 1802 846 templum
1817 801 1914 836 lovis
1922 803 2123 838 Ammonis.
2143 805 2221 839 Ita-

1198 866 1272 904 que
1293 867 1412 904 quum
1435 867 1520 905 quae
1548 869 1596 893 ex
1621 856 1679 893 his
1706 857 1816 895 libris
1847 859 2061 898 afferuntur
2091 862 2220 900 omnia

1198 920 1372 964 spectent
1400 913 1448 951 ad
1475 913 1657 952 barbaras
1690 916 1883 963 nationes,
1913 926 2027 969 atque
2061 933 2110 957 ex
2138 921 2219 958 fra-

1198 971 1363 1022 gmentis
1381 972 1619 1023 reliquorum
1634 986 1796 1024 operum
1811 976 1869 1013 vel
1891 976 2019 1015 obiter
2035 979 2221 1030 inspectis

1199 1029 1433 1080 intelligatur
1450 1039 1688 1081 quantopere
1703 1032 1743 1069 in
1761 1032 1876 1071 rebus
1891 1036 2033 1073 Graecis
2047 1039 2222 1077 Hellani-

1198 1101 1265 1125 cus
1284 1088 1332 1125 ad
1356 1090 1591 1139 populorum
1611 1089 1843 1142 urbiumque
1866 1093 2031 1144 origines
2050 1096 2217 1134 animun,

1198 1146 1423 1191 attenderit,
1451 1155 1495 1185 ut
1519 1147 1559 1185 in
1583 1148 1631 1186 iis
1647 1148 1749 1186 hunc
1768 1150 1934 1188 maxime
1954 1165 2110 1202 scopum
2134 1164 2221 1192 ante

1199 1206 1331 1243 oculos
1350 1205 1529 1244 habuisse
1552 1206 1678 1244 videri
1707 1207 1866 1255 debeat3
1886 1222 2110 1260 persuasum
2128 1214 2220 1251 mihi

1198 1273 1255 1302 est
1273 1278 1371 1315 opus
1386 1268 1443 1302 De
1460 1265 1649 1304 Gentibus
1662 1267 1815 1304 nonnisi
1831 1268 1877 1305 ad
1891 1268 2076 1308 barbaros
2093 1285 2222 1322 popu-

1199 1324 1256 1360 los
1270 1324 1483 1374 pertinere3
1502 1338 1669 1375 quorum
1685 1338 1804 1375 quum
1816 1326 1974 1365 historia
1991 1330 2134 1366 Graecis
2145 1345 2222 1367 non

1199 1383 1289 1420 satis
1308 1383 1461 1434 cognita
1476 1392 1586 1428 esset,
1606 1393 1649 1421 ut
1667 1384 1715 1421 ad
1730 1386 2018 1436 genealogicum
2035 1390 2094 1426 vel
2109 1390 2223 1426 chro-

1199 1441 1419 1492 nologicum
1455 1442 1630 1480 ordinem
1664 1452 1930 1490 revocaretur,
1963 1447 2054 1484 satis
2085 1448 2223 1486 habuit

1199 1508 1334 1537 auctor
1349 1501 1503 1538 nomina
1521 1515 1668 1547 eorum,
1684 1502 1813 1549 urbes,
1833 1512 2019 1542 terrarum
2033 1515 2222 1556 naturam,

1199 1558 1411 1596 incolarum
1448 1573 1574 1598 mores
1609 1569 1648 1598 et
1684 1561 1858 1599 instituta
1888 1563 1935 1600 ad
1970 1578 2116 1603 morem
2143 1567 2221 1605 fere

1198 1620 1520 1670 Geographorum
1543 1614 1791 1659 recensuisse.
1813 1625 1905 1671 Quae
1918 1623 1950 1661 si
1967 1625 2062 1662 mihi
2083 1627 2223 1677 largie-

1198 1677 1263 1721 ris,
1284 1679 1381 1716 alius
1398 1687 1520 1716 exstat
1536 1680 1681 1725 titulus,
1703 1681 1770 1731 qui
1790 1682 1862 1719 toti
1882 1684 1991 1733 operi
2007 1683 2104 1722 bene
2123 1700 2220 1724 con—

1197 1737 1304 1774 venit
1330 1752 1338 1775 :
1370 1740 1538 1775 Instituta
1571 1739 1800 1788 Bcwbarica,
1839 1742 1967 1791 qualia
1986 1744 2224 1795 scripserunt

1197 1794 1432 1842 Aristoteles,
1448 1797 1747 1847 Nymphodorus
1759 1829 1769 1843 ‚
1786 1799 2036 1839 Theodectes.
2058 1802 2222 1842 obstare

1198 1853 1353 1904 quidem
1367 1855 1461 1892 mihi
1475 1855 1630 1893 videtur
1653 1857 1787 1907 fragm.
1813 1872 1827 1895 1
1841 1872 1899 1906 12,
1914 1859 1981 1897 ubi
1999 1862 2220 1900 Hellanicus

1197 1913 1337 1951 citatur
1356 1913 1436 1967 περὶ
1462 1913 1549 1953 Χίου
1569 1914 1731 1964 κτίσεως,
1762 1917 1829 1955 sed
1857 1918 1951 1955 illud
1969 1920 2095 1970 ipsum
2117 1922 2221 1971 qnod

1198 1985 1378 2023 expresse
1399 1972 1545 2010 dicitur
1559 1989 1598 2011 π.
1626 1973 1714 2013 Χίου
1739 1990 1793 2013 κτ.
1810 2006 1820 2024 ,
1849 1990 1973 2027 neque
1992 1978 2221 2029 simpliciter

1198 2031 1325 2075 κτίσεις
1351 2033 1578 2080 laudantur,
1613 2034 1724 2072 docet
1758 2049 1871 2087 posse
1910 2037 1984 2075 hoc
2006 2052 2054 2075 ex
2083 2041 2220 2089 quovis

1197 2091 1272 2128 alio
1290 2104 1422 2142 opere,
1446 2091 1513 2129 ubi
1531 2092 1617 2129 Chii
1632 2094 1865 2131 mentionem
1883 2095 2047 2133 faciendi
2067 2098 2217 2135 occasio

1198 2158 1291 2196 erat,
1300 2163 1381 2188 esse
1392 2151 1608 2188 desumtum
1621 2166 1631 2197 ;
1646 2159 1760 2202 atque
1780 2166 1838 2190 res
1850 2163 2057 2192 memorata
2074 2156 2219 2194 indicat

1197 2208 1443 2259 relegandum
1466 2209 1505 2246 id
1523 2222 1604 2247 esse
1627 2210 1675 2247 ad
1691 2211 1842 2249 Troica.
1865 2213 2024 2250 Accedit
2045 2214 2148 2264 quod
2171 2229 2218 2252 ne

1196 2267 1290 2304 illud
1313 2267 1468 2318 quidem
1488 2269 1578 2306 satis
1595 2269 1834 2320 exploratum
1854 2271 2054 2319 habemus,
2088 2282 2217 2311 utrum

1197 2326 1356 2364 omnino
1381 2325 1509 2370 κτίσεις
1528 2341 1576 2364 an
1604 2326 1745 2374 κλήσεις
1764 2329 1897 2367 titulus
1917 2332 2047 2368 verior
2061 2332 2121 2369 sit.

1249 2388 1335 2422 Jam
1365 2398 1458 2423 vero
1487 2386 1560 2423 alia
1585 2386 1710 2423 oritur
1732 2386 1946 2426 difficultas.
1978 2390 2218 2440 Porphyrius

1196 2443 1298 2481 enim
1330 2442 1455 2496 (apud
1485 2443 1624 2481 Euseb.
1650 2448 1690 2482 P.
1716 2447 1760 2484 E.
1780 2449 1855 2493 IX,
1883 2448 1951 2496 39,
1975 2461 2010 2497 p.
2039 2450 2136 2495 466,
2163 2448 2216 2500 B)

1196 2501 1290 2539 dicit
1320 2515 1328 2538 :
1361 2500 1406 2539 τὰ
1433 2500 1642 2555 Βαρὸαρικὰ
1671 2501 1818 2554 Νόμιμα
1850 2503 2058 2543 Ἑλλανίκου
2081 2507 2121 2543 ἐκ
2146 2509 2215 2545 τῶν

1196 2559 1386 2614 Ἡροδότου
1401 2561 1462 2599 καὶ
1474 2561 1644 2612 Δαμάσου
1666 2562 1749 2614 (sic)
1777 2566 1956 2609 συνῆκται.
1977 2566 2216 2605 Hellanicum

1195 2621 1421 2671 cognovisse
1435 2634 1534 2671 opus
1546 2621 1735 2659 Herodoti
1748 2622 1834 2672 ipso
1840 2621 2007 2672 junioris
2018 2632 2055 2661 et
2068 2638 2215 2663 summa

1196 2678 1351 2716 demum
1364 2687 1558 2717 senectute
1572 2679 1753 2717 historias
1769 2692 1855 2717 suas
1872 2680 1910 2716 in
1922 2681 2056 2731 vulgus
2066 2682 2216 2722 edentis

1196 2737 1245 2776 ab
1262 2739 1368 2776 omni
1383 2738 1718 2776 verisimilitudine
1746 2737 1949 2785 abhorret,
1971 2753 2096 2791 neque
2123 2742 2215 2781 inde

1196 2797 1302 2847 quod
1321 2810 1408 2834 cum
1431 2796 1631 2834 Herodoto
1655 2800 1852 2834 Damastes
1875 2797 1942 2847 (sic
1962 2798 2065 2836 enim
2081 2801 2212 2851 legen-

1195 2861 1300 2912 dum)
1323 2861 1583 2912 componitur,
1602 2860 1718 2896 homo
1737 2859 1891 2909 aequalis
1911 2861 2068 2911 quidem
2092 2865 2215 2902 Hella-

1195 2922 1292 2969 nici,
1319 2921 1387 2959 sed
1407 2922 1472 2971 qui
1491 2920 1571 2970 ejus
1588 2919 1796 2970 discipulus
1815 2920 1976 2969 dicitur,
2005 2924 2213 2974 Porphyrii

1197 2979 1455 3017 testimonium
1478 2978 1524 3015 ad
1550 2979 1733 3027 majorem
1759 2977 2068 3028 probabilitatem
2091 2983 2213 3021 addu-

1195 3038 1304 3075 citur.
1329 3042 1534 3088 Repugnat
1560 3036 1726 3086 denique
1752 3036 1923 3086 Dionysii
1947 3038 2054 3076 locus
2079 3041 2211 3090 (Epist.

1195 3095 1242 3132 ad
1263 3098 1332 3133 Cn.
1351 3093 1523 3144 Pompej.
1539 3107 1576 3144 p.
1596 3094 1709 3143 129),
1730 3107 1779 3131 ex
1794 3108 1873 3145 quo
1890 3097 2076 3135 Hellanici
2093 3112 2212 3149 opera

1194 3162 1281 3192 ante
1292 3153 1482 3192 Herodoti
1498 3153 1679 3190 historias
1698 3154 1737 3191 in
1755 3154 1953 3205 publicum
1968 3158 2209 3207 prodierunt.

1193 3214 1292 3249 Nam
1310 3210 1511 3263 ἹΙρόδοτος,
1531 3211 1601 3257 ait,
1616 3213 1685 3250 τῶν
1701 3211 1770 3264 πρὸ
1787 3213 1892 3251 αὐτοῦ
1910 3216 2135 3269 συγγραφέων
2149 3233 2210 3267 γε-

1192 3268 1345 3319 νομένων
1358 3296 1367 3313 ,
1394 3268 1601 3307 Ἑλλανίκου
1634 3285 1673 3308 τε
1703 3270 1763 3308 καὶ
1790 3271 1975 3325 Χάρωνος,
2005 3273 2068 3321 τὴν
2103 3276 2208 3323 αὐτὴν

1194 3326 1355 3365 ὑπόθεσιν
1374 3326 1684 3380 προεκδεδωκότων
1708 3330 1770 3367 οὐκ
1789 3330 2030 3383 ἀπετράπετο,
2050 3333 2124 3371 ἀλλ’
2135 3334 2210 3372 ἐπί-
