2320 3684
183 169 255 203 462

180 251 211 287 οἱ
228 247 286 286 τὸν
306 244 432 284 κωὸιὸν
449 241 595 280 κώδωνα
613 238 812 284 καλοῦντες,
830 236 876 277 ὣς
892 233 1087 287 Νίκανδρός
1100 248 1204 287 φησιν

892 148 1223 189 APOLLODORI
1253 147 1582 188 FRAGMENTA.

1267 234 1464 288 Φιλόχορος
1491 235 1522 273 δ’
1535 237 1570 274 ἐν
1599 240 1669 278 τοῖς
1699 234 1779 288 περὶ
1798 236 1968 285 μαντικῆς
1994 233 2205 280 Ἀξιόπιστον
2226 236 2285 275 τὸν
2316 278 2320 279 ⁷

181 309 199 344 ὁ
218 302 437 356 Κολοφώνιος
456 301 490 337 ἓν
508 303 582 340 ταῖς
594 293 773 337 Γλώτταις
785 324 796 342 ,
815 292 875 332 καὶ
895 292 1152 345 Ἀπολλόδωρος
1170 292 1205 330 ἓν
1266 293 1335 331 εἴτε
1360 293 1495 347 Λοκρὸν
1514 292 1609 346 γένος
1628 292 1650 340 ἢ
1673 292 1864 332 Σικυώνιον
1890 293 1948 332 τὸν
1973 293 2113 333 Κανόνα
2137 294 2197 333 καὶ
2226 293 2289 339 τὰς

181 369 253 407 τοῖς
271 361 350 414 περὶ
373 358 566 411 Σώφρονος·
656 411 729 449 184

235 479 438 518 Athenaeus
454 477 540 521 VII,
555 486 594 523 p.
619 472 708 518 281,
722 473 773 509 F:
793 467 1052 521 Ἀπολλόδωρος
1073 471 1092 508 ὃ
1107 467 1209 515 Ἀθη-

185 542 279 578 ναῖος
303 537 337 573 ἐν
365 535 416 585 τῷ
441 530 549 584 τρίτῳ
578 528 658 582 περὶ
679 527 884 582 Σώφρονος,
904 530 955 582 τῷ
983 529 1031 572 εἷς
1046 525 1125 571 τοὺς
1144 529 1208 566 ἀν-

182 593 311 647 δρείους
344 590 488 642 μίμους,
531 587 670 641 προθεὶς
713 586 773 636 τὸ,
806 605 822 622 α
842 585 1140 640 Καταπυγοτέραν
1175 585 1209 624 τ’

183 653 390 704 ἀλφηστᾶν,
411 665 425 681 υ
450 645 554 700 φησίν
571 661 580 669 ·
610 663 625 679 ε(
645 645 760 698 Ἰχθῦς
777 661 866 690 τινες
895 647 926 684 οἱ
954 645 1149 699 ἀλφησταὶ,
1170 644 1210 684 τὸ

182 708 245 760 μὲν
280 705 360 745 ὅλον
392 705 609 759 κιρροειδεῖς,
639 704 907 759 πορφυρίζοντες
941 703 979 743 δὲ
1009 704 1103 743 κατά
1132 719 1210 743 τινα

182 765 283 818 μέρη.
306 763 407 804 Φασὶ
429 763 461 801 δ’
478 762 602 807 αὐτοὺς
625 763 830 802 ἁλίσκεσθαι
847 762 972 801 σύνδυο
984 793 994 811 ,
1010 762 1070 800 καὶ
1088 761 1211 816 φαίνε-

182 827 261 862 σθαι
284 823 341 861 τὸν
360 821 477 876 ἕτερον
504 822 562 860 ἐπὶ
587 825 649 860 τοῦ
675 821 793 875 ἑτέρου
809 821 887 860 κατ’
907 820 1013 875 οὐρὰν
1029 819 1210 872 ἑπόμενον.

183 881 269 921 Ἀπὸ
283 885 344 920 τοῦ
364 875 421 919 οῧν
438 878 530 919 κατὰ
548 880 612 928 τὴν
630 879 745 933 πυγὴν
763 879 898 933 θατέρῳ
915 879 974 918 τὸν
991 879 1106 933 ἕτερον
1125 881 1211 917 ἀκο-

180 942 334 989 λουθεῖν,
360 942 430 978 τῶν
456 939 614 992 ἀρχαίων
640 938 730 982 τινὲς
748 937 827 982 τοὺς
843 940 1005 991 ἀκρατεῖς
1024 937 1084 976 καὶ
1101 953 1212 975 κατα-

183 1005 296 1053 φερεῖς
312 998 406 1038 οὕτω
426 999 607 1038 καλοῦσιν.
622 1017 636 1030 n

236 1059 450 1110 Exscripsit
466 1058 560 1105 haec,
581 1058 648 1096 sed
667 1057 934 1108 negligentius,
952 1059 1077 1106 Etym.
1098 1059 1153 1095 M.
1172 1056 1211 1093 in

183 1116 389 1172 Ἀλφηστής.
399 1117 453 1155 Cf.
463 1117 674 1167 Hesych.h.
685 1130 722 1153 v.
739 1125 776 1153 et
787 1115 960 1154 Eustath.
973 1129 1012 1166 p.
1027 1129 1041 1151 1
1055 1129 1067 1151 1
1077 1115 1139 1161 66,
1151 1115 1211 1158 43.

239 1235 363 1274 Schol.
382 1233 581 1284 Aristoph.
608 1233 656 1271 ad
680 1237 797 1283 Vesp.
814 1232 887 1270 523
915 1247 922 1269 ε
944 1235 1031 1269 Mos
1050 1239 1152 1277 erat,
1173 1239 1216 1268 ut

185 1295 462 1344 Theopompus
482 1292 594 1338 dicit,
609 1292 765 1343 quando
782 1304 912 1328 mensa
929 1289 1095 1328 tollenda
1111 1297 1214 1337 erat,

186 1354 382 1406 ἐπιῤῥοφεῖν
401 1353 531 1402 ἀγαθοῦ
549 1349 724 1402 δαίμονος.
743 1349 789 1389 Ὅ
809 1348 844 1387 δὲ
862 1348 1121 1402 Ἀπολλόδωρος
1141 1347 1214 1396 καὶ,

187 1410 241 1449 ὅτι
264 1410 306 1449 τὸ
322 1409 488 1462 ποτήριον
510 1410 591 1460 (τοῦ
608 1411 739 1460 ἀγαθοῦ
758 1409 945 1458 δαίμονος)
965 1406 1091 1459 μεστὸν
1108 1407 1215 1446 πάλιν

189 1469 432 1523 ἀπεπλήρουν,
450 1468 642 1515 δεδήλωκεν
662 1470 696 1506 ἐν
710 1471 754 1520 τῇ
770 1466 799 1506 δ’
815 1466 894 1520 περὶ
914 1465 1111 1520 Σώφρονος.

594 1536 815 1551 —Qwo‘—

471 1581 595 1619 ΠΕΡΙ
623 1579 935 1618 ΕΠΙΧΑΡΜΟΥ.

243 1703 401 1742 Suidas:
421 1701 661 1756 Καρδιώττειν
678 1718 686 1726 ·
705 1701 768 1749 τὴν
792 1702 937 1755 καρδίαν
957 1703 1092 1752 ἀλγεῖν,
1111 1703 1220 1740 Σικε-

189 1764 332 1800 λιῶται·
349 1764 450 1812 ἡμεῖς
464 1760 500 1799 δὲ
517 1763 700 1814 βουλιμιᾶν
721 1762 832 1813 (hanc
847 1774 981 1799 vocem
994 1761 1220 1810 Bernhardy

191 1834 239 1858 ex
259 1834 365 1871 seqq.
384 1821 585 1872 irrepsisse
601 1829 707 1871 putat
715 1835 726 1867 ;
756 1821 895 1871 reponi
911 1820 992 1857 vult
1004 1817 1219 1870 λιμώττειν).

192 1877 452 1932 Ἀπολλόδωρος
476 1881 511 1917 ἐν
542 1878 634 1932 ἕκτῳ
666 1877 747 1932 περὶ
769 1877 998 1931 Ἐπιχάρμου
1018 1877 1094 1920 τοὺς
1113 1879 1220 1916 Σικε-

191 1936 320 1980 λιώτας
335 1936 420 1990 φησὶ
437 1936 476 1974 τὸ
489 1936 547 1974 τὸν
573 1935 752 1988 στόμαχον
771 1936 1018 1974 ἕπιδάκνεσθαι
1033 1936 1099 1973 ὑπὸ
1116 1937 1222 1987 λιμοῦ

192 1994 417 2049 καρδιώττειν
435 1993 562 2045 λέγειν,
577 1993 662 2046 ὅπερ
681 1996 866 2045 βουλιμιᾶν
886 1992 981 2044 λέγει
998 1993 1177 2047 Ξενοφῶν.

247 2054 391 2092 Eadem
412 2054 570 2091 Photius
590 2054 629 2091 in
665 2055 817 2091 Lexico.
840 2054 894 2090 Cf.
926 2053 1089 2101 Hesych.
1119 2054 1155 2091 h.
1185 2068 1221 2092 v.

194 2122 232 2155 et
248 2113 420 2151 Erotian.
445 2112 482 2149 h.
504 2126 539 2149 v.
566 2112 704 2150 Pollux
729 2116 777 2158 ΙΙ,
794 2126 867 2159 217
884 2116 923 2150 et
935 2111 1056 2148 AElius
1074 2113 1224 2163 Diony-

194 2172 272 2216 sius
286 2171 390 2223 apud
404 2171 574 2209 Eustath.
590 2171 660 2210 Od.
675 2172 717 2215 Δ,
731 2185 770 2222 p.
790 2185 803 2208 1
813 2171 900 2208 508.

666 2230 753 2267 187.

251 2296 459 2334 Athenaeus
481 2298 590 2343 XIV,
611 2309 650 2346 p.
670 2295 765 2340 648,
788 2298 844 2332 D:
863 2293 920 2333 Τὰ
940 2294 976 2332 δὲ
993 2293 1226 2349 ψευδεπιχάρ-

198 2369 282 2405 μεια
297 2357 409 2392 ταῦτα
475 2352 710 2400 πεποιήκασιν
729 2351 850 2406 ἄνδρες
867 2351 997 2398 ἔνδοξοι
1012 2384 1022 2402 ,
1040 2353 1226 2408 Χρυσόγο-

196 2409 254 2456 νός
273 2427 312 2450 τε
340 2415 358 2450 ὁ
386 2410 559 2460 αὐλητὴς,
590 2411 636 2455 ὥς
664 2427 769 2464 φησιν
795 2411 1025 2464 Ἀριστόξενος
1051 2414 1085 2450 ἒν
1115 2411 1226 2466 ὀγδόῳ

200 2473 391 2510 πολιτικῶν
421 2471 537 2522 νόμων
552 2501 562 2519 ,
597 2469 660 2517 τὴν
695 2470 883 2509 Πολιτείαν
919 2470 1203 2524 ἐπιγραφομένην
1217 2487 1225 2495 ·

199 2581 282 2616 teste
302 2580 462 2612 Nicandro
484 2579 684 2620 Colophonio
703 2579 737 2610 in
760 2579 904 2620 Glossis‚
925 2581 959 2611 et
978 2580 1174 2620 Apollodoro
1193 2581 1226 2612 in

201 2627 240 2664 iis
257 2636 330 2668 quae
345 2627 385 2659 de
405 2627 571 2668 Sophrone
587 2626 727 2667 scripsit.

244 2727 459 2770 Apollodorus
485 2726 712 2765 Atheniensis,
736 2726 833 2758 tertio
867 2725 906 2758 de
934 2725 1100 2766 sophrone
1125 2726 1228 2767 libro,

201 2786 268 2817 quo
284 2775 548 2809 commentarius
563 2774 596 2805 in
615 2773 734 2806 Vir-iles
755 2772 873 2805 Mimos
889 2772 1092 2813 continetur,
1108 2782 1229 2814 praepo-

203 2823 275 2855 sitis
304 2822 411 2854 verbis
442 2822 692 2864 καταπυγοτέραν
724 2820 750 2852 τ’
772 2821 926 2858 ἀλφηστᾶν
966 2819 1022 2860 (id
1049 2822 1115 2860 est,
1149 2821 1230 2852 libi-

205 2870 411 2901 dinosiorem
430 2869 610 2910 alphestis)
627 2892 637 2908 ,
657 2869 726 2900 haec
741 2867 871 2907 subjicit
895 2876 902 2898 :
926 2879 941 2894 «
965 2869 1047 2899 Sunt
1062 2867 1232 2908 alphestoe

205 2917 309 2957 pisces
331 2917 460 2956 quidam
472 2941 480 2956 ,
500 2918 532 2947 in
553 2917 659 2948 totum
677 2915 808 2956 quidem
831 2914 910 2946 fulvi
927 2913 1064 2954 coloris,
1082 2914 1139 2946 sed
1154 2923 1231 2946 non-

206 2963 301 2994 nullis
317 2963 350 2994 in
367 2964 513 3004 partibus
529 2962 692 3004 purpurei.
717 2964 806 2999 Quos
822 2961 913 2993 aiunt
929 2969 1055 3002 semper
1075 2961 1169 2993 binos
1185 2962 1230 2993 si-

207 3010 274 3041 mul
300 3011 393 3050 capi,
421 3011 615 3051 repet-inique
640 3009 777 3041 alterum
803 3008 843 3040 ad
867 3008 1003 3040 caudam
1029 3008 1160 3041 alterius
1185 3017 1232 3040 se-

208 3059 368 3096 quentem.
389 3058 487 3097 Igitur
503 3057 543 3089 ab
558 3058 620 3088 hoc
636 3057 723 3097 ipso,
739 3055 825 3097 quod
840 3055 918 3087 alter
933 3055 1069 3088 alterum
1086 3055 1127 3087 ad
1141 3058 1232 3088 nates

208 3103 353 3143 sequitur
365 3126 373 3142 ‚
393 3103 540 3135 nonnulli
561 3107 705 3136 veterum
728 3104 873 3136 homines
893 3102 1145 3143 intemperantes
1163 3102 1232 3134 libi-

209 3148 404 3189 ‹linososque
421 3150 594 3190 alphestas
616 3152 743 3181 vocant.
763 3163 780 3179 »

678 3199 766 3238 185.

252 3252 464 3293 Apollodorus
490 3251 573 3286 libro
595 3256 710 3295 quarto
733 3255 773 3288 de
800 3256 966 3296 Sophrone
986 3254 1082 3287 docet
1106 3255 1231 3287 veteres

211 3307 326 3351 versus
344 3299 438 3330 linem
456 3308 556 3332 coenae
576 3302 730 3341 poculum
748 3302 845 3340 (honi
863 3302 971 3343 genii)
989 3310 1101 3336 rursus
1121 3301 1230 3343 imple-

211 3353 306 3378 visse.

1267 351 1416 402 Γνώμας
1434 352 1665 399 πεποιηκέναι
1689 351 1807 406 φησίν.
1827 351 1984 403 ‘Op-oium
2011 352 2048 391 δὲ
2074 354 2204 407 ἱστορεῖ
2227 352 2290 392 καὶ

1268 410 1538 465 Ἀπολλόδωρος.

1738 469 1826 507 188.

1323 545 1339 563 «
1359 529 1506 567 Eodem
1524 528 1655 567 libello
1670 537 1768 580 puto
1783 529 1998 568 occurrisse
2020 531 2293 583 etymologiam

1261 591 1391 638 pultis,
1409 586 1551 627 πόλτου.
1566 592 1690 627 Varro
1709 591 1766 626 De
1779 592 1856 626 LL.
1870 589 1937 636 IV,
1956 602 2046 640 p.17
2063 591 2125 641 (V,
2143 591 2166 641 §
2185 591 2293 642 105):

1269 650 1327 684 De
1357 652 1447 684 victu
1480 652 1734 697 antiquissima
1766 647 1873 698 puls3
1906 649 1987 685 ltoec
2008 652 2202 699 appellata
2231 653 2299 688 vel
2314 683 2318 692 2

1269 708 1368 756 quod
1383 711 1434 743 ita
1470 709 1609 752 Graeci,
1650 709 1715 743 vel
1731 706 1780 743 ab
1799 721 1840 743 eo
1851 735 1864 752 ,
1891 716 1934 744 ut
1951 707 2077 746 scribit
2093 711 2296 758 Apollodo-

1270 780 1349 813 rus,
1364 768 1464 815 quod
1475 770 1524 803 ita
1541 776 1658 811 sonet,
1680 781 1787 815 quom
1804 780 1916 816 aquoe
1924 766 2090 814 ferventi
2104 772 2297 818 insipitur»
2318 771 2320 773 ’

1271 824 1310 863 h.
1339 825 1541 871 miscetur,
1572 825 1823 876 inspergitur.
1866 826 2015 864 Pultem
2046 825 2187 864 dictam
2214 827 2299 867 vult

1271 884 1361 934 quia
1379 883 1516 921 ebullit
1530 884 1651 922 farina
1670 897 1769 934 aqua
1786 885 1917 922 mixta.
1941 887 2026 922 Jam
2044 885 2147 937 apud
2161 884 2297 924 Athen.

1271 946 1377 989 XIV,
1397 956 1434 993 p.
1461 943 1558 992 648,
1573 946 1602 980 Β
1625 957 1633 979 z
1655 942 1794 980 Πόλτου
1812 941 1848 981 δὲ
1866 941 2077 994 μνημονεύει
2095 942 2249 994 Ἀλκμὰν

1274 1000 1336 1039 καὶ
1353 1000 1578 1054 Ἐπίχαρμος
1598 1000 1634 1040 δὲ
1654 1001 1763 1045 οὕτως
1779 1001 1874 1054 λέγει
1900 1004 1936 1040 ἐν
1953 1004 2008 1055 Γᾷ
2032 1001 2092 1041 καὶ
2115 1001 2275 1055 θαλάσσῃ
2291 1017 2300 1026 ·

1274 1060 1286 1112 (
1301 1061 1407 1111 quod
1441 1060 1571 1098 drama
1603 1062 1700 1112 fuit)
1803 1059 1961 1100 «πόλτον
1991 1061 2085 1114 ἕψειν
2123 1061 2270 1115 ὄρθριον.
2284 1078 2300 1095 υ

1274 1122 1384 1157 Hunc
1393 1120 1518 1157 locum
1530 1120 1736 1158 illustrasse
1743 1120 1895 1158 videtur
1902 1120 2303 1172 Apollodorus‚quum
2318 1160 2320 1162 ,

1274 1179 1391 1229 pultis
1410 1180 1679 1230 etymologiam
1697 1180 1865 1218 afferret.
1882 1196 1898 1213 »
1911 1183 2092 1228 Heynius.

1661 1253 1901 1268 —405-

1531 1296 1652 1336 ΠΕΡΙ
1682 1297 2048 1337 ΕΤΥΜΟΛΟΓΙΩΝ

1757 1361 1827 1393 sive

1570 1413 2012 1446 ΕΤΥΜΟΛΟΓΟΥΜΕΝΩΝ.
2132 1455 2135 1457 q

1335 1476 1452 1508 Varro
1467 1475 1521 1509 De
1538 1475 1579 1509 L.
1591 1475 1635 1511 L.
1650 1471 1787 1518 lib.V1‚
1806 1486 1864 1523 pr.
1879 1487 1888 1509 :
1911 1474 2083 1523 On‘gines
2095 1471 2304 1518 verborum,

1277 1545 1363 1580 quoe
1375 1535 1454 1579 ,sint
1469 1534 1639 1579 locorum,
1662 1541 1701 1568 et
1716 1545 1761 1568 ea
1774 1546 1861 1580 quoe
1878 1536 1914 1567 in
1931 1532 2001 1577 his,
2025 1536 2062 1568 in
2077 1535 2201 1581 priore
2217 1531 2309 1568 libro

1278 1594 1407 1639 scripsi
1413 1604 1427 1634 ,-
1448 1594 1484 1626 in
1504 1591 1568 1626 hoc
1598 1592 1717 1626 dicam
1751 1592 1797 1626 tle
1825 1590 2015 1628 vocabulis
2038 1599 2239 1639 temporum
2269 1616 2307 1628 ..-

1279 1658 1391 1698 atque
1418 1653 1450 1685 si
1477 1662 1551 1697 qua
1575 1658 1685 1685 erunt
1704 1663 1754 1685 ex
1778 1651 1917 1685 diverso
1945 1663 2079 1700 genere
2113 1650 2306 1696 adjuncta,

1271 1711 1398 1756 potius
1416 1711 1621 1757 cognationi
1637 1707 1847 1752 verborum,
1885 1721 1998 1758 quam
2024 1709 2184 1744 auditori
2200 1709 2307 1744 calu-

1280 1771 1450 1810 mnianti,
1473 1780 1642 1816 geremus
1673 1781 1822 1804 morem.
1855 1770 1976 1815 Hujtcs
1995 1773 2048 1804 rei
2076 1776 2207 1804 auctor
2221 1770 2311 1805 sau‘s

1280 1826 1369 1861 milti
1388 1826 1611 1874 Chrysippus
1623 1834 1660 1861 et
1674 1828 1883 1874 Antipater,
1905 1835 1944 1874 et
1957 1828 2026 1871 illi,
2044 1830 2081 1862 in
2097 1825 2227 1876 quibus
2244 1827 2315 1862 etse·

1281 1898 1353 1920 non
1373 1887 1726 1928 tantum-acuminis,
1753 1893 1796 1920 at
1813 1887 1900 1933 plus
1928 1887 2118 1922 literarum
2134 1899 2147 1920 .·
2182 1888 2218 1920 in
2241 1897 2312 1933 quo

1281 1953 1337 1980 est
1349 1943 1612 1992 Aristophanes
1628 1951 1664 1979 et
1679 1944 1924 1991 Apollodorus
1938 1957 1950 1978 :
1971 1947 2036 1994 qui
2052 1957 2177 1980 omnes
2193 1943 2313 1981 verba

1281 2018 1330 2040 ex
1351 2003 1475 2040 verbis
1493 2007 1542 2040 ita
1559 2005 1738 2039 declinari
1764 2003 1936 2049 scribunt,
1972 2013 2014 2040 ut
2039 2003 2156 2040 verba
2188 2006 2320 2042 liceras·

1282 2066 1360 2100 alia
1376 2071 1580 2107 assumant,
1604 2065 1683 2098 alin
1703 2066 1861 2109 mittant,
1881 2065 1959 2099 alia
1975 2071 2204 2100 commutent.

1336 2138 1351 2154 «
1374 2119 1630 2174 Ἀπολλόδωρος
1650 2121 1684 2158 ἐν
1704 2119 1883 2164 Γλώτταις
1901 2121 2080 2158 laudatur
2092 2121 2132 2158 in
2150 2119 2313 2159 Scholiis

1283 2180 1331 2218 ad
1354 2181 1397 2217 Il.
1416 2181 1458 2227 Γ,
1482 2186 1570 2224 244.
1589 2184 1635 2216 At
1655 2182 1699 2228 Α,
1727 2180 1800 2227 567
1830 2193 2034 2231 expressus
2050 2178 2311 2233 Ἀριστοφάνης.

1285 2241 1400 2276 Forte
1417 2238 1505 2275 inde
1517 2239 1568 2285 Π,
1587 2239 1636 2289 95
1651 2248 1689 2276 et
1700 2238 1747 2288 Ω,
1771 2252 1786 2274 1
1798 2253 1843 2276 ιο
1856 2254 1864 2276 :
1877 2252 1964 2276 nam
1975 2242 2128 2277 Ven.A.
2143 2237 2190 2276 ad
2207 2238 2250 2276 11.
2267 2239 2313 2290 Α,

1285 2303 1360 2342 244
1383 2311 1391 2334 :
1411 2295 1522 2335 Οὐδὲν
1541 2295 1675 2346 ἔτισας,
1693 2297 1872 2342 πλεονάζει
1886 2297 1925 2335 τὸ
1939 2295 2008 2335 δέν.
2086 2295 2320 2350 Ἀρίσταρχος-

1283 2354 1469 2408 παρέλκειν
1483 2354 1577 2407 λέγει
1592 2355 1631 2394 τὸ
1646 2355 1714 2394 δέν.
1737 2355 1993 2410 Ἀπολλόδωρος
2011 2353 2047 2393 δὲ
2065 2357 2099 2394 ἐν
2117 2353 2320 2404 Γλώσσαιςρζ

1284 2407 1374 2452 εἶναι
1392 2413 1432 2452 τὸ
1445 2415 1594 2467 πλῆρες,
1611 2414 1689 2453 οὐδὲ
1709 2414 1756 2453 ἕν.
1778 2416 1939 2452 Petitum
1964 2414 2054 2452 inde
2073 2413 2172 2452 forte
2189 2418 2247 2451 est
2262 2413 2320 2463 ll}K

1285 2470 1349 2523 95,
1369 2472 1476 2511 πάλιν
1493 2473 1724 2526 τροπάασθαι.
1747 2473 1871 2517 Νικίας
1889 2474 1944 2526 ὑφ’
1967 2471 2002 2511 ἓν
2023 2472 2158 2524 ἀνέγνω
2184 2473 2315 2510 παλινσ-

1592 2584 1660 2622 DE
1687 2582 2004 2623 EPICHARMO.

1759 2665 1847 2697 186.

1329 2728 1535 2770 Καρδιώττειν
1567 2727 1651 2768 apud
1677 2727 1842 2760 Siceliotas
1859 2726 2018 2768 significat
2047 2725 2154 2759 cordis
2170 2725 2262 2759 dolor
2300 2702 2320 2769 ¹⁴⁷

1288 2774 1406 2806 sentire
1435 2784 1442 2805 ε
1471 2775 1557 2815 quod
1587 2775 1674 2816 apud
1701 2783 1760 2806 nos
1791 2776 1962 2817 βουλιμιᾶν.
1991 2774 2206 2815 Apollodorus
2230 2730 2320 2824 1ῑίἵέ

1289 2822 1381 2852 sexto
1406 2820 1446 2853 de
1472 2821 1666 2862 Epicharmo
1690 2823 1804 2854 auctor
1828 2825 1897 2862 est,
1926 2821 2090 2855 Siceliotas
2116 2821 2320 2870 καρδιώττεινῇ

1289 2867 1394 2900 dicere
1415 2869 1443 2900 si
1464 2869 1556 2909 cujus
1579 2869 1765 2901 stomachus
1786 2869 1871 2902 same
1891 2869 2079 2909 vellicatur,
2097 2867 2185 2910 quod
2204 2869 2315 2900 Xeno*

1288 2915 1375 2956 plion
1398 2916 1558 2957 βουλιμιᾶν
1574 2917 1682 2948 vocat.

2314 2955 2320 2973 i

1756 2989 1830 3021 187
1835 3012 1843 3020 .
2314 2987 2315 2990 ’

1331 3057 1482 3090 Carmina
1503 3056 1565 3088 sub
1586 3057 1769 3097 Epicharmi
1788 3057 1920 3088 nomine
1941 3056 2018 3088 ferri
2038 3054 2133 3087 solita
2149 3053 2210 3086 viri
2232 3053 2320 3086 secce-

1290 3106 1366 3137 runt
1392 3105 1602 3145 praestantes;
1631 3104 1860 3144 Chrysogonus
1886 3103 2026 3142 tibicen,
2056 3104 2093 3133 ut
2119 3101 2165 3133 ait
2190 3100 2316 3133 Aristo-s

1290 3161 1392 3184 xeuus
1407 3154 1522 3184 octavo
1544 3151 1626 3183 libro
1648 3153 1770 3192 Legum
1791 3151 1948 3184 civilium
1959 3173 1969 3190 ,
1986 3149 2137 3182 canninis
2152 3147 2240 3180 illius
2254 3136 2320 3195 ειιιίζΙ

1290 3205 1359 3236 ctor
1370 3204 1430 3243 est,
1444 3202 1531 3243 quod
1543 3202 1735 3243 Respublica
1747 3202 1933 3234 inscribitur
1947 3211 1956 3232 ε
1970 3199 2176 3241 Axiopistum
2188 3196 2320 3247 autemst

1291 3252 1427 3283 Locrum
1451 3259 1565 3291 genere
1586 3252 1642 3281 aut
1668 3249 1873 3289 Sicyonium,
1900 3252 2064 3282 canonem
2090 3246 2258 3287 scripsisse
2276 3243 2320 3279 a&

1290 3297 1483 3337 sententias,
1500 3297 1707 3329 Philochorus
1724 3295 1770 3328 ait
1785 3296 1818 3328 in
1841 3297 1922 3329 libro
1951 3295 1993 3328 de
2014 3291 2226 3333 Divinatione.
2249 3291 2317 3330 Ea?

1290 3346 1426 3388 demque
1443 3345 1652 3390 Apollodorus
1669 3344 1776 3378 tradit.
2285 3347 2289 3350 ’
2314 3342 2320 3347 “
