2320 3684
110 228 186 262 364

161 305 313 346 Alberti
340 304 388 342 ad
418 303 454 341 h.
482 302 506 342 l.
527 309 566 338 et
591 297 790 337 Ruhnken.
808 294 856 333 ad
876 295 976 333 Tim.
1004 307 1044 344 p.
1063 291 1137 342 ¹59

109 372 308 405 mutarunt
332 363 437 412 vulg.
463 359 523 398 καὶ
541 361 560 396 ὁ
587 358 708 406 Δῆμος
743 355 784 392 in
808 352 869 392 καὶ
885 355 905 391 ὁ
923 351 1140 402 Κλείδημος;

110 425 178 464 sed
196 423 256 462 καὶ
276 425 294 461 ὁ
320 435 368 460 ex
400 419 541 459 Κλειτο.
570 416 612 453 in
639 410 880 463 Κλειτόδημος
899 419 1030 449 ortum
1060 422 1142 447 esse

109 484 275 522 videtur.
291 501 342 510 —
355 483 430 517 Pro
449 471 699 529 Προακτούρια
724 473 910 522 Pergerus
934 468 1049 508 scribi
1068 481 1138 506 vo·

111 543 185 581 luit
198 535 468 593 Προαρκτούρια
483 565 492 583 ,
507 532 614 584 quod
634 532 760 583 ipsum
782 530 822 568 in
838 529 973 567 codice
992 529 1045 580 (p.
1064 528 1139 565 663

111 599 275 649 Schow.)
295 596 444 647 legitur.
465 596 550 631 Hoc
562 591 817 642 fragmentum
829 589 879 628 ad
895 588 1142 640 Exegeticum

112 659 303 711 pertinere
326 653 536 693 admodum
551 649 754 703 probabile
767 656 837 687 est.

558 738 707 750 -—-0·-—

531 783 734 825 ΝΟΣΤΟῙ.

599 854 663 893 24.

150 924 356 963 Athenaeus
364 923 476 969 XIII,
484 934 524 972 p.
534 921 625 969 609,
635 921 678 968 C,
687 917 734 956 de
742 917 850 967 Phya
859 924 898 955 et
906 915 952 954 de
959 914 1146 954 Pisistrati

116 985 226 1024 filiis:
242 979 515 1034 Στεφανόπωλις
534 977 570 1016 δὲ
591 971 648 1027 ἦν,
673 976 733 1015 καὶ
755 975 864 1023 αὐτὴν
891 973 1037 1020 ἐξέδωκε
1062 972 1148 1028 πρὸς

115 1043 232 1095 γάμου
245 1039 427 1080 κοινωνίαν
441 1041 460 1078 δ
473 1037 726 1091 Πεισίστρατος
738 1034 925 1088 Ἱππάρχῳ
937 1035 988 1086 τῷ
1002 1034 1066 1085 υἱῷ
1077 1063 1088 1081 ,
1102 1033 1148 1075 ὡς

119 1101 452 1152 Κλείδημοςῖστορεῖ
465 1099 500 1136 ἐν
515 1094 626 1149 ὀγδόῳ
641 1093 799 1135 Νόστων·
814 1112 830 1128 «
841 1092 1015 1138 Ἐξέδωκε
1029 1090 1066 1131 δὲ
1087 1090 1148 1130 καὶ

118 1159 307 1214 Ἱππάρχῳ
323 1160 374 1212 τῷ
392 1159 458 1196 υἱεῖ
469 1154 534 1204 τὴν
547 1153 866 1209 παραιὸατήσασαν
888 1153 982 1205 αὐτῷ
999 1156 1150 1203 γυναῖκα

119 1218 239 1267 Φύην,
257 1217 322 1265 τὴν
341 1214 552 1270 Σωκράτους
560 1212 744 1267 θυγατέρα·
761 1211 821 1250 καὶ
838 1210 989 1264 Χάρμου
999 1213 1060 1248 τοῦ
1081 1224 1151 1247 πο-

119 1276 410 1332 λεμαρχήσαντος
434 1271 607 1326 Θυγατέρα
629 1271 751 1310 ἔλαὸεν
768 1270 912 1323 Ἱππίᾳ,
939 1269 1152 1322 περικαλλε-

121 1337 253 1384 στάτην
269 1329 390 1383 οὖσαν,
403 1335 455 1386 τῷ
474 1331 550 1384 μετ’
569 1330 673 1370 αὐτὸν
691 1327 990 1383 τυραννεύσαντι.»
1012 1324 1151 1373 Συνέὸη

121 1395 160 1435 δὲ
171 1426 181 1444 ,
198 1394 244 1438 ὥς
268 1408 355 1447 φησι
371 1423 382 1441 ,
401 1391 459 1430 τὸν
479 1390 626 1444 Χάρμον
653 1387 802 1443 ἐραστὴν
819 1390 880 1426 τοῦ
897 1385 1036 1425 Ἱππίου
1052 1382 1154 1437 γενέ-

122 1456 203 1493 σθαι
237 1451 297 1491 καὶ
327 1450 387 1489 τὸν
406 1449 493 1504 πρὸς
520 1447 718 1501 Ἀκαδημίᾳ
753 1445 903 1500 Ἔρωτα
947 1443 1155 1498 ἱδρύσασθαι

121 1514 274 1567 πρῶτον,
291 1509 344 1563 ἐφ’
359 1503 399 1548 οἷ
418 1506 693 1561 ἐπιγέγραπται·

206 1585 455 1627 Ποικιλομήχαν’
471 1584 585 1627 Ἔρως,
601 1584 652 1616 σοὶ
667 1583 748 1615 τόνδ’
761 1583 905 1626 ἱδρύσατο
920 1580 1027 1623 βωμὸν

246 1633 372 1676 Χάρμος
386 1633 436 1664 ἐπὶ
451 1634 583 1675 σκιεροῖς
604 1631 732 1674 τέρμασι
754 1629 938 1672 γυμνασίου.

122 1709 181 1743 Ita
195 1702 407 1753 Schweigh.
422 1701 599 1740 codicum
615 1714 690 1752 ope
702 1701 805 1738 hunc
827 1700 957 1737 locum
970 1697 1155 1736 correxit:

124 1764 240 1814 vulgo
254 1761 475 1813 legebatur:
498 1759 687 1814 Θυγατέρα
702 1758 777 1811 (καὶ
797 1758 948 1813 Χάρμου
1017 1755 1159 1800 Ἱππίας

123 1819 447 1876 περικαλλεστάτην
465 1813 589 1871 οὖσαν)
606 1821 657 1873 τῷ
682 1827 754 1858 etc.
785 1822 961 1858 Fortasse
980 1815 1157 1854 scriben-

125 1881 218 1918 dum
232 1895 241 1918 :
256 1879 315 1918 τὸν
346 1878 432 1934 πρὸς
460 1878 659 1932 Ἀκαδημίᾳ
693 1877 852 1932 Ἔρωτος
884 1875 1017 1929 βωμὸν,
1053 1874 1160 1926 quod

125 1939 286 1978 Siebelis
305 1939 523 1991 proposuit.
544 1938 598 1978 Cf.
612 1942 771 1976 Pausan.
786 1939 817 1986 Ι,
832 1938 893 1975 30.

235 2089 600 2130 FRAGMENTUM
627 2088 871 2128 INCERTAE
900 2086 1060 2127 SEDIS.

622 2159 687 2197 25.-

184 2225 370 2276 Hesych.:
389 2223 585 2278 Προοικίαι.
605 2221 713 2277 Παρὰ
744 2221 995 2274 Κλειτοδήμῳ,
1029 2222 1065 2260 ἐν
1097 2220 1164 2274 ἴσῳ

131 2285 183 2338 τῷ
202 2283 316 2337 δήμῳ.
335 2284 575 2324 Phavorinus
592 2283 631 2321 h.
646 2295 680 2320 v.
695 2282 875 2332 Hesychii
904 2281 1022 2319 verba
1052 2293 1164 2331 repe-

134 2344 231 2381 tivit.
253 2343 399 2382 Ultima
410 2343 484 2381 ista
498 2343 533 2380 ἐν
550 2341 617 2394 ἴσῳ
637 2342 688 2394 τῷ
703 2339 805 2393 δήμῳ
818 2339 921 2378 haud
934 2339 1049 2377 dubie
1075 2353 1166 2377 cor-

134 2410 250 2453 rupta
274 2411 376 2451 sunt,
407 2415 529 2452 eaque
562 2400 756 2438 Meursius
784 2401 826 2438 in
859 2399 957 2438 Ribl.
978 2403 1046 2438 Gr.
1070 2412 1098 2436 s.
1125 2412 1163 2436 v.

135 2461 372 2499 Clitodemus
391 2461 445 2498 ita
457 2459 651 2510 corrigere
665 2458 811 2496 voluit:
826 2459 862 2496 ἐν
889 2456 967 2510 Οἴῳ
979 2459 1030 2510 τῷ
1045 2456 1147 2509 δήμῳ
1163 2475 1172 2498 :

136 2534 257 2571 quum
277 2519 459 2567 crederet,
481 2518 651 2557 Atthidis
666 2517 870 2556 Clitodemi
883 2524 1034 2568 partem
1057 2516 1175 2553 fuisse

795 203 798 205 ⁷
842 205 1125 248 CLITODEMI
1153 201 1490 244 FRAGMENTA.

1197 288 1278 343 περὶ
1297 290 1367 328 τῶν
1386 287 1508 340 δήμων
1524 288 1587 334 τῆς
1606 286 1774 332 Ἀττικῆς.
1790 286 1921 322 Bruno
1934 291 1973 322 et
1990 284 2039 320 Is.
2065 281 2224 320 Vossius

1199 354 1504 400 proposuerunt:
1519 346 1555 384 ἐν
1571 343 1678 397 γείσῳ
1690 345 1751 381 τοῦ
1766 340 1892 393 δήμου.
1911 339 2083 388 Siebelis,
2097 339 2130 377 si
2147 351 2227 377 vox

1199 411 1315 458 γεῖσον
1349 404 1570 458 recipienda
1594 404 1656 450 sit,
1672 401 1819 440 mavult
1839 415 1848 438 ε
1868 398 1966 452 παρὰ
1995 395 2228 450 Κλειτοδήμῳ

1199 469 1301 516 γεῖσα
1317 465 1386 502 τῶν
1404 462 1537 515 δήμων.
1551 461 1659 501 Idem
1687 461 1756 498 has
1786 459 1938 511 profert
1963 456 2204 508 conjecturas
2217 484 2230 503 ,

1202 522 1300 578 παρὰ
1316 521 1550 575 Κλειτοδήμῳ
1567 519 1652 559 εἰσὶν
1672 520 1704 557 οἳ
1720 517 1912 572 πρόδομοι,
2005 514 2103 568 παρὰ
2122 515 2231 554 Κλει-

1200 581 1345 636 τοδήμῳ
1361 582 1397 621 ἐν
1415 580 1482 635 ἴσῳ
1494 586 1566 623 τοῖς
1580 576 1777 633 προδόμοις.
1795 576 1869 616 Sed
1882 575 2018 614 melius
2030 582 2069 613 et
2082 573 2233 611 facilius

1202 641 1283 679 haec
1313 640 1432 679 verba
1458 638 1662 678 emendare
1680 636 1793 674 nobis
1822 635 2000 673 videmur
2025 631 2234 671 scribentes

1203 700 1238 737 ἐν
1259 697 1327 752 ἴσῳ
1344 700 1395 752 τῷ
1414 697 1527 751 Δήμῳ
1539 727 1550 747 ,
1570 709 1653 748 quae
1678 695 1867 746 glossema
1892 705 1972 731 esse
1988 699 2170 744 putamus
2185 687 2236 727 ad

1203 771 1346 796 nomen
1371 755 1605 809 Κλειτοδήμῳ
1630 754 1837 806 pertinens.
1854 756 1985 800 Quum
2010 750 2113 789 enim
2131 746 2236 800 apud

1205 816 1436 867 Hesychium
1449 816 1490 853 in
1510 813 1665 853 duobus
1678 812 1773 851 locis
1787 815 1872 860 (IX,
1889 810 2035 860 XXIV)
2051 814 2237 858 corrupte

1205 877 1392 928 scriptum
1420 883 1519 913 esset
1543 875 1666 924 Δῆμος
1691 884 1765 923 pro
1803 868 2064 920 Κλειτόδημος,
2089 867 2130 905 in
2160 866 2238 904 hoc

1205 948 1299 974 vero
1311 935 1399 973 loco
1412 941 1450 972 et
1463 947 1490 972 s.
1504 947 1540 971 v.
1555 934 1645 975 Βοῦς
1680 929 1826 981 ἕὸδομος
1857 929 1996 980 (XVII)
2035 924 2241 966 Clitodemi

1206 1008 1349 1033 nomen
1382 1001 1486 1032 recte
1504 991 1722 1031 exhibitum
1740 997 1856 1037 esset,
1882 988 2098 1040 suspicatus
2124 985 2242 1023 fuerit

1208 1054 1358 1104 aliquis,
1376 1053 1416 1090 in
1431 1051 1613 1090 omnibus
1633 1049 1716 1087 istis
1734 1048 1830 1086 locis
1848 1047 2015 1085 eundem
2043 1052 2242 1083 auctorem

1209 1126 1290 1150 esse
1304 1110 1608 1163 intelligendum,
1622 1121 1741 1159 quare
1758 1107 1821 1144 hic
1835 1105 2079 1144 adnotaverit
2093 1117 2102 1140 ε
2117 1103 2153 1140 ἐν
2173 1101 2242 1153 ἴσῳ

1209 1171 1260 1223 τῷ
1276 1169 1403 1222 Δήμῳ,
1418 1172 1513 1206 idem
1530 1182 1574 1205 ac
1591 1170 1741 1205 Demus.
1754 1165 1799 1203 Id
1812 1178 1858 1202 eo
1873 1163 2115 1215 probabilius
2128 1159 2244 1198 nobis

1196 1229 1378 1277 -videtur,
1398 1227 1505 1279 quod
1534 1226 1584 1264 ab
1609 1226 1684 1263 hoc
1709 1225 1797 1262 loco
1829 1236 1907 1260 non
1938 1222 2102 1260 multum
2129 1219 2246 1257 distat

1212 1289 1310 1325 alter
1323 1287 1478 1324 illorum
1494 1286 1671 1323 locorum
1681 1312 1692 1331 ‚
1707 1281 1850 1333 quibus
1871 1279 2078 1320 Clitodemi
2102 1288 2245 1316 nomen

1213 1346 1463 1398 depravatum
1482 1352 1540 1383 est
1558 1343 1610 1396 (v.
1635 1339 1871 1396 Προηρόσια).

1436 1494 1762 1535 FRAGMENTA
1789 1491 2028 1534 INCERTA.

1716 1580 1781 1618 26.

1270 1652 1525 1705 Theophrast.
1543 1651 1686 1691 Histor.
1705 1651 1830 1691 Plant.
1849 1652 1920 1696 ΙΙΙ,
1936 1661 1958 1685 2
1972 1660 1981 1687 :
1997 1645 2195 1697 Κλείδημος
2213 1644 2250 1684 δὲ

1218 1711 1424 1752 συνεστάναι
1451 1709 1514 1762 μὲν
1538 1710 1579 1748 ἐκ
1605 1711 1675 1748 τῶν
1698 1710 1812 1747 αὐτῶν
1839 1712 1910 1750 τοῖς
1946 1705 2044 1759 ζῴοις
2070 1703 2115 1743 τὰ
2140 1703 2249 1758 φυτά·

1218 1771 1290 1826 ὅσῳ
1308 1770 1344 1810 δὲ
1365 1768 1605 1830 θολερωτέρων
1631 1767 1691 1807 καὶ
1718 1765 1957 1820 ψυχροτέρων,
1975 1766 2139 1803 τοσοῦτον
2159 1762 2250 1802 ἀπέ-

1219 1846 1294 1884 χειν
1312 1833 1373 1868 τοῦ
1393 1830 1465 1882 ζῷα
1482 1831 1584 1866 εἰναι.

1274 1888 1471 1939 Κλείδημος
1505 1900 1528 1925 a
1558 1885 1726 1924 Meursio
1762 1884 1804 1922 in
1834 1887 1956 1922 Lectt.
1985 1881 2179 1933 Theophr.
2212 1881 2251 1918 in

1221 1951 1392 1986 Gronov.
1406 1946 1519 1985 Thes.
1532 1947 1584 1994 X,
1598 1957 1636 1996 p.
1655 1946 1745 1993 647‚
1772 1957 1846 1995 pro
1867 1941 2072 1993 Κλεόδημος
2091 1942 2252 1979 restitu-

1222 2015 1303 2045 tum
1317 2014 1387 2044 est.

1706 2074 1772 2113 27.

1275 2148 1469 2200 Theophr.
1486 2149 1546 2185 De
1559 2159 1679 2185 causs.
1702 2146 1821 2197 plant.
1843 2147 1876 2193 1,
1896 2157 1941 2182 ιο
1954 2158 1964 2181 :
1976 2143 2035 2182 Τὰ
2052 2139 2116 2193 μὲν
2135 2140 2254 2195 ψυχρὰ

1222 2210 1284 2246 τοῦ
1303 2206 1441 2261 θέρους,
1458 2204 1504 2244 τὰ
1542 2203 1577 2243 δὲ
1607 2202 1717 2258 θερμὰ
1747 2206 1809 2242 τοῦ
1842 2203 2014 2255 χειμῶνος
2035 2197 2256 2253 βλαστάνειν,

1223 2265 1315 2304 ὥστε
1333 2263 1502 2318 ἑκατέραν
1521 2262 1585 2311 τὴν
1605 2262 1706 2317 φύσιν
1727 2261 1927 2316 σύμμετρον
1947 2254 2037 2299 εἶναι
2058 2257 2144 2312 πρὸς
2169 2259 2256 2296 ἑκα-

1224 2325 1327 2378 τέραν
1344 2326 1414 2363 τῶν
1439 2324 1558 2378 ὡρῶν·
1573 2322 1665 2362 οὕτω
1689 2320 1756 2375 γὰρ
1774 2320 1884 2360 οἴεται
1902 2319 1963 2359 καὶ
1982 2318 2199 2369 Κλείδημος,
2218 2317 2257 2355 οὗ

1224 2385 1342 2428 κακῶς
1358 2382 1435 2434 μέν.

1715 2445 1765 2483 28

1197 2476 1208 2556 l
1287 2513 1483 2565 Theophr.
1498 2515 1556 2551 De
1574 2525 1696 2550 causs.
1729 2511 1847 2562 plant.
1867 2511 1904 2558 3,
1922 2509 1991 2546 28:
2007 2507 2185 2559 Ἐπιῤῥεῖν
2204 2519 2256 2542 κε-

162 2603 1978 2623 ——-—--—-——-----—-——————-—-——-—--—-—-

527 2662 766 2703 REDITUS.

622 2756 687 2789 24.

183 2841 301 2872 Fuerat
313 2839 404 2880 Phya
418 2837 473 2870 illa
484 2836 678 2869 corollarum
704 2834 866 2868 venditrix
882 2844 892 2874 ;
907 2841 1042 2874 eamque
1057 2832 1092 2864 in
1109 2840 1173 2864 ma·

142 2885 332 2917 trimonium
348 2884 437 2917 dedit
451 2884 638 2916 Pisistratus
650 2882 835 2924 Hipparcho
861 2880 939 2920 silio,
951 2882 990 2912 ut
1003 2879 1172 2912 Clidemus

144 2935 252 2964 narrat
285 2935 401 2964 octavo
438 2931 522 2963 libro
556 2932 742 2964 Nostorum.
775 2942 791 2957 «
805 2928 900 2961 Dedit
937 2936 1014 2960 vero
1041 2926 1171 2968 (inquit)

145 2979 244 3011 etiam
260 2979 446 3020 Hipparcho
466 2979 530 3011 lilio
554 2979 588 3010 in
603 2977 849 3010 matrimonium
870 2975 1039 3008 mulierem
1057 2974 1146 3006 illam
1161 2997 1171 3014 ‚

146 3033 221 3065 qnae
237 3034 333 3057 curru
349 3026 463 3057 urbem
484 3033 559 3057 cum
573 3025 645 3066 ipso
661 3024 789 3056 invecta
801 3025 881 3062 erat,
895 3022 1020 3063 Pliyam
1034 3020 1175 3053 Socratis

147 3071 265 3111 {iliam3
284 3074 316 3103 et
331 3073 481 3113 charmi,
499 3072 555 3113 qui
577 3071 800 3113 polemarchus
814 3070 939 3110 suerat,
957 3069 1056 3101 filiam
1071 3068 1176 3110 forma

150 3119 451 3159 praestantissimam
475 3119 603 3160 Hippiae
632 3119 722 3151 dedit
738 3126 896 3155 ux01·em;
925 3116 952 3148 is
976 3117 1052 3157 post
1068 3117 1176 3156 ipsum

151 3165 356 3214 tyrannidem
370 3167 553 3207 occupavit.
574 3179 590 3194 ι»
610 3168 728 3198 Fuerat
741 3167 861 3204 autem,
887 3165 923 3196 ut
938 3164 996 3203 ait,
1017 3164 1177 3195 Cliarmus

150 3212 203 3243 ille
217 3214 340 3243 amator
356 3213 495 3253 Hippiae,
510 3214 543 3245 et
555 3213 749 3254 Cupidinem
765 3212 856 3244 illum
872 3211 958 3253 apud
971 3210 1178 3243 Academiam

151 3258 276 3300 primus
292 3259 421 3300 posuit,
441 3260 498 3300 qui
518 3260 578 3292 hos
604 3259 781 3292 versiculos
802 3259 974 3300 inscriptos
996 3257 1115 3291 habet:

299 3353 392 3383 vafer
407 3354 515 3396 Amor,
531 3356 587 3386 tibi
602 3357 681 3387 hanc
697 3368 780 3387 aram
796 3358 896 3388 erexit

299 3401 451 3434 Charinus
466 3404 505 3434 ad
521 3405 701 3436 umbrosum
712 3407 841 3437 limitem
856 3407 1019 3447 gymnasii.

1325 2655 1693 2696 FRAGMENTUM
1729 2652 1971 2693 INCERTAE
2007 2649 2162 2689 SEDIS.

1274 2772 1434 2815 Προοικίαι
1448 2771 1535 2813 apud
1551 2724 1791 2803 Clitodemi‘ffli’:
1806 2768 1892 2801 idern
1907 2775 1983 2800 cum
1999 2769 2114 2800 Demo.

1626 2837 1845 2852 ἐων-

1446 2876 1581 2917 FRAG
1588 2875 1770 2915 MENTA
1807 2874 1863 2914 ΙΝ
1867 2873 2044 2913 CERTA.

1277 2982 1447 3017 clidemus
1477 2990 1516 3014 ex
1548 2980 1665 3014 iisdem
1687 2933 1819 3020 qffiglem
1850 2977 2018 3011 elementis
2051 2976 2202 3009 animalia
2231 2979 2264 3009 et

1235 3030 1361 3072 plantas
1377 3031 1530 3062 constare
1546 3027 1693 3069 putavit,
1711 3026 1767 3059 sed
1787 3025 2023 3066 impurioribus
2035 3027 2068 3057 et
2086 3024 2195 3056 minus
2213 3032 2262 3056 ca-

1235 3078 1310 3111 lidis
1325 3088 1333 3110 :
1350 3078 1460 3118 itaque
1478 3077 1570 3108 tanto
1585 3078 1735 3107 naturam
1749 3082 1863 3106 earum
1880 3073 1920 3105 ab
1941 3072 2072 3105 animali
2088 3072 2220 3104 distare.

1278 3171 1407 3212 Frigida
1452 3171 1578 3207 aestate,
1608 3123 1825 3201 calidaiilznie
1853 3167 2031 3208 germinare
2055 3164 2262 3204 existimant,

1237 3222 1274 3252 ut
1296 3221 1432 3260 utraque
1455 3220 1570 3250 natura
1592 3217 1801 3257 attemperata
1820 3215 1950 3255 utrique
1969 3213 2106 3254 tempori
2128 3212 2182 3244 sit.
2210 3212 2263 3245 Ita

1237 3267 1324 3300 enirn
1352 3267 1384 3298 et
1410 3264 1577 3298 Clidemus
1597 3265 1718 3296 censet.
1735 3264 1817 3300 Quae
1831 3262 1964 3303 quidem
1990 3260 2100 3302 opinio
2125 3259 2262 3291 fortasse

1239 3313 1327 3346 haud
1344 3312 1421 3344 salsa
1441 3314 1501 3344 est.

1283 3409 1391 3440 Serere
1410 3405 1525 3448 iubent
1546 3404 1599 3437 alii
1625 3358 1977 3444 vergiiii8s⁰orientibus;
1999 3402 2078 3434 tunc
2101 3399 2190 3433 enim
2214 3405 2262 3431 se·
