2320 3684
163 204 235 237 150

213 283 430 338 (4)Ἐπειδὴ
455 283 653 337 ἐκράτησαν
670 282 953 331 Πελοποννήσου,
980 290 1070 337 τρεῖς
1085 283 1186 338 ἱδρύ-
1209 282 1214 305 ¹

160 360 266 383 σαντο
287 342 426 396 βωμοὺς
443 341 607 395 πατρῴου
630 341 722 386 Διὸς,
741 341 800 380 καὶ
829 341 887 380 ἐπὶ
902 342 1033 381 τούτων
1048 342 1186 392 ἔθυσαν,

758 198 1140 237 ΑΠΟΛΛΟΔΩΡΟΥ
1168 198 1514 243 ΒΙΒΛΙΟΘΗΚΗΣ
1542 201 1584 247 Γ,
1620 197 1663 237 α’.

1287 295 1332 338 (4)
1343 299 1519 339 Postquam
1532 298 1640 339 itaque
1655 297 1878 339 Peloponneso
1892 297 1987 338 potiti
1999 298 2102 338 erant,
2116 298 2182 331 tres
2199 304 2272 328 con·

1244 366 1411 394 sectarunt
1424 371 1496 394 aras
1509 362 1583 395 Jovi
1598 362 1719 404 patrio,
1737 363 1770 394 in
1783 362 1887 403 iisque
1902 371 1994 394 sacra
2009 363 2155 395 fecerunt
2168 367 2201 397 et
2221 371 2272 394 ur-

160 402 220 441 καὶ
249 404 458 454 ἐκληροῦντο
487 399 551 444 τὰς
578 398 706 443 πόλεις·
732 398 865 452 Πρώτη
897 399 960 451 μὲν
992 405 1050 440 Οὖν
1079 401 1201 449 HE&
1245 425 1302 459 bes
1316 427 1421 459 sortiti
1444 429 1531 459 sunt.
1549 427 1657 459 Prima
1674 426 1771 467 igitur
1789 435 1859 459 sors
1872 429 1991 467 Argos,
2009 426 2110 459 altera
2123 426 2294 460 Lacedae-⁷

159 460 300 515 Ἄργος·
337 458 479 510 δευτέρα
510 458 768 509 Λακεδαίμων,
795 458 896 512 τρίτη
935 458 971 497 δὲ
1001 461 1186 508 Μεσσήνη.

162 519 397 571 Κομισάντων
423 515 458 555 δὲ
487 515 606 569 ὑδρίαν
636 515 783 563 ὕδατος,
813 515 905 563 ἔδοξε
927 519 1041 573 ψῆφον
1068 520 1186 571 βαλεῖν

161 579 319 618 ἕκαστον.
349 575 536 627 2Τήμενος
555 570 614 614 οὖν
643 574 702 613 καὶ
726 577 756 614 οἱ
783 574 1031 629 Ἀριστοδήμου
1055 579 1188 626 παῖδες,

162 638 326 691 Προκλῆς
346 635 406 674 καὶ
426 634 656 688 Εὐρυσθένης,
677 633 801 672 ἔὸαλον
818 634 944 679 λίθους·
963 634 1188 690 Κρεσφόντης

162 696 211 744 δὲ,
233 696 440 750 βουλόμενος
456 694 649 743 Μεσσήνην
668 696 804 748 λαχεῖν,
821 698 886 748 γ’ῆς
904 695 1047 735 ἐνέὸαλε
1063 698 1186 749 βῶλον.

162 755 307 804 Ταύτης
327 755 363 794 δὲ
388 755 625 804 διαλυθείσης,
658 754 727 793 ἔδει
755 753 833 799 τοὺς
852 754 912 794 δύο
930 755 1080 811 κλήρους
1106 758 1189 795 ἀνα-

161 818 324 868 φανῆναι.
345 813 624 862 3Ἑλκυσθείσης
635 813 671 852 δὲ
679 813 821 867 πρώτης
840 814 902 866 μὲν
921 817 988 862 τῆς
1008 814 1188 866 Τημένου,

162 874 324 929 δευτέρας
344 873 380 913 δὲ
393 876 455 920 τῆς
471 876 541 912 τῶν
557 872 808 927 Ἀριστοδήμου
821 873 972 926 παίδων,
997 873 1188 921 Μεσσήνην

162 931 268 972 ἔλαὸε
299 931 536 994 Κρεσφόντης.
574 932 631 984 (5)
667 931 755 971 Ἐπὶ
782 930 819 970 δὲ
850 937 922 975 τοῖς
954 934 1084 984 βωμοῖς
1098 961 1108 978 ,
1141 928 1190 976 οἷς

162 991 301 1037 ἔθυσαν,
321 995 419 1046 εὖρον
444 996 575 1042 σημεῖα
599 989 762 1042 κείμενα,
787 992 818 1028 ot
839 989 902 1042 μὲν
924 990 1092 1042 λαχόντες
1104 989 1188 1043 Ἄρ·

161 1066 233 1102 γος,
263 1050 336 1101 [ἐπὶ
351 1050 410 1090 τὸν
430 1049 549 1102 ἴδιον,]
571 1053 713 1104 φρῦνον·
745 1051 776 1088 οἱ
804 1049 840 1088 δὲ
859 1049 1108 1101 Λακεδαίμονα
1125 1051 1184 1088 λα-

162 1111 299 1164 χόντες,
313 1111 495 1166 δράκοντα·
514 1113 545 1150 οἱ
561 1109 597 1148 δὲ
612 1109 814 1159 Μεσσήνην,
830 1109 1009 1149 ἀλώπεκα.
1024 1111 1040 1135 2
1050 1109 1137 1164 Περὶ
1154 1108 1191 1147 δὲ

162 1173 231 1209 τῶν
250 1171 406 1223 σημείων
426 1169 544 1221 ἔλεγον
571 1171 602 1208 οἱ
627 1168 786 1221 μάντεις,
814 1175 884 1214 τοῖς
903 1169 966 1221 μὲν
986 1169 1043 1208 τὸν
1066 1167 1191 1222 φρύνον

162 1229 424 1268 καταλαὸοῧσιν
443 1229 502 1268 ἐπὶ
521 1231 582 1276 τῆς
597 1227 732 1272 πόλεως
748 1227 862 1279 μένειν
883 1227 1034 1280 ἄμεινον·
1058 1226 1107 1278 μὴ
1124 1227 1192 1281 γὰρ

163 1290 257 1343 ἔχειν
280 1289 391 1337 ἀλκὴν
411 1287 643 1343 πορευόμενον
661 1287 700 1326 τὸ
720 1286 850 1341 θηρίον·
870 1286 950 1330 τοὺς
967 1286 1003 1324 δὲ
1021 1286 1194 1340 δράκοντα

163 1348 450 1400 καταλαὸόντας,
469 1347 597 1391 δεινοὺς
619 1346 779 1390 ἐπιόντας
798 1345 917 1397 ἔλεγον
940 1345 1091 1384 ἔσεσθαι·
1116 1344 1195 1389 τοὺς

165 1408 201 1447 δὲ
221 1408 282 1455 τὴν
300 1408 488 1456 ἀλώπεκα,
514 1406 659 1449 δολίους.

218 1467 405 1520 3Τήμενος
422 1466 485 1518 μὲν
507 1459 585 1514 οὖν,
609 1465 935 1518 παραπεμπόμενος
966 1463 1044 1508 τοὺς
1069 1464 1197 1508 παῖδας

165 1528 332 1579 Ἀγέλαον
356 1527 415 1566 καὶ
443 1525 648 1580 Εὐρύπυλον
678 1525 738 1563 καὶ
766 1524 952 1577 Καλλίαν,
987 1527 1030 1577 τῇ
1052 1524 1196 1578 θυγατρὶ

164 1584 583 1640 προσανεῖχεν“Υρνηθοῖ,
604 1584 664 1622 καὶ
681 1586 730 1638 τῷ
747 1583 875 1630 ταύτης
891 1583 989 1638 ἀνδρὶ
1002 1582 1195 1637 Δηϊφόντῃ·

166 1646 181 1671 ‘¹
200 1643 275 1683 ὅθεν
303 1647 334 1683 οἱ
358 1645 479 1688 παῖδες
503 1643 662 1682 πείθουσι
686 1645 842 1687 Τιτᾶνας
859 1641 978 1695 (τινὰς
994 1643 1056 1681 vel
1086 1644 1198 1681 Τιτα-

164 1703 256 1748 νίους
269 1704 299 1756 Ρ)
328 1703 385 1742 ἐπὶ
406 1705 520 1757 μισθῷ
539 1702 601 1741 τὸν
622 1701 758 1756 πατέρα
789 1705 902 1741 αὐτῶν
923 1705 1099 1756 φονεῦσαι.
1129 1703 1159 1741 Γ
1161 1717 1199 1739 ε-

165 1763 311 1815 νομένου
333 1762 368 1801 δὲ
387 1767 447 1801 τοῦ
468 1761 588 1815 φόνου,
612 1760 676 1808 τὴν
697 1761 878 1814 βασιλείαν
899 1764 917 1799 ὁ
941 1760 1090 1814 στρατὸς
1103 1759 1197 1813 ἔχειν

166 1822 370 1861 ἐδικαίωσεν
390 1821 555 1876 ιΥρνηθοῖ
573 1820 635 1860 καὶ
657 1819 850 1874 Δηϊφόντῃ.
871 1824 887 1848 5
906 1819 1130 1874 Κρεσφόντης
1161 1819 1198 1857 δὲ

167 1884 207 1920 οὗ
233 1880 342 1920 πολὺν
379 1879 570 1927 Μεσσήνης
595 1877 805 1931 βασιλεύσας
832 1877 957 1932 χρόνον
975 1908 985 1925 ,
1021 1877 1110 1930 μετὰ
1139 1877 1199 1916 δύο

167 1940 302 1979 παίδων
323 1938 494 1993 φονευθεὶς
506 1938 668 1976 ἀπέθανε.
689 1936 942 1991 6Πολυφόντης
961 1937 998 1975 δὲ
1014 1937 1199 1976 ἐδασίλευ-

169 2014 243 2045 σεν,
268 1999 383 2036 αὐτῶν
407 2000 474 2035 τῶν
499 1996 740 2050 (Ἡρακλειδῶν
760 1994 949 2049 ὑπάρχωψ
977 1996 1036 2035 καὶ
1055 1994 1118 2043 τὴν
1139 1999 1199 2034 τοῦ

170 2058 389 2113 φονευθέντος
407 2063 557 2109 γυναῖκα
577 2055 729 2095 ἄκουσαν
745 2055 915 2110 Μερόπην
937 2055 1072 2095 ἔλαὸεν.
1100 2056 1202 2108 Ἀνῃ-

171 2118 252 2172 ρέθη
277 2116 313 2156 δὲ
332 2116 392 2155 καὶ
409 2111 516 2160 οἶτος.
532 2114 679 2169 7Τρίτον
699 2114 767 2168 γὰρ
778 2114 910 2167 ἔχουσα
927 2116 1037 2153 παῖδα
1050 2114 1199 2168 Μερόπη

170 2176 385 2228 καλούμενον
412 2174 586 2222 Αἴπυτον,
614 2173 723 2212 ἔδωκε
751 2177 801 2228 τῷ
830 2177 956 2222 ἑαυτῆς
979 2174 1090 2228 πατρὶ
1117 2173 1200 2227 τρέψ-

170 2253 257 2291 φειν.
280 2231 393 2280 Οἷτος
416 2232 603 2288 ἀνδρωθεὶς
625 2233 684 2272 καὶ
711 2232 827 2288 κρύφα
850 2233 1047 2281 κατελθὼν,
1069 2232 1200 2271 ἔκτεινε

170 2295 400 2350 Πολυφόντην
421 2296 479 2334 καὶ
502 2293 566 2342 τὴν
581 2291 748 2347 πατρῴαν
772 2293 950 2345 βασιλείαν
969 2292 1158 2333 ἀπέλαὸεν.

548 2419 752 2458 BIBAION
782 2419 823 2457 Γ.

528 2528 776 2559 ΚΕΦΑΑΑῙΟΝ
798 2527 844 2558 A'.

227 2586 281 2638 (1)
304 2584 407 2623 Ἐπεὶ
431 2583 467 2621 δὲ
494 2583 534 2622 τὸ
553 2583 720 2637 Ἰνάχειον
749 2582 966 2637 διερχόμενοι
991 2580 1105 2633 γένος,
1125 2579 1203 2624 τοὺς

175 2644 244 2683 ἀπὸ
274 2642 391 2691 Βήλου
426 2641 531 2697 μέχρι
560 2645 628 2681 τῶν
665 2642 904 2695 Ἡρακλειδῶν
934 2640 1201 2690 δεδηλώκαμεν,

176 2702 352 2757 ἐχομένως
367 2700 526 2753 λέγωμεν
550 2700 667 2740 καὶτὰ
698 2701 779 2755 περὶ
802 2700 997 2753 Ἀγήνορος,
1022 2699 1113 2742 2(Ως
1135 2697 1203 2752 γὰρ

176 2766 262 2814 ἡμῖν
287 2760 470 2806 λέλεκται,
499 2759 559 2799 δύο
586 2759 702 2807 Λιὸύη
731 2758 895 2812 ἐγέννησε
915 2759 1042 2801 παῖδας
1064 2759 1104 2796 ἐκ
1127 2760 1204 2797 Πο-

177 2822 350 2869 σειδῶνος,
370 2821 485 2867 Βῆλον
509 2818 569 2858 καὶ
588 2819 767 2873 Ἀγήνορα.
787 2819 927 2865 3Βῆλος
945 2816 1007 2869 μὲν
1027 2811 1086 2855 οὖν
1103 2819 1204 2869 βασι-

176 2881 287 2921 λεύων
322 2879 522 2932 Αἰγυπτίων
568 2879 648 2924 τοὺς
686 2878 961 2933 προειρημένους
1010 2876 1204 2929 ἐγέννησεν·

179 2940 334 2994 Ἀγήνωρ
354 2938 390 2978 δὲ
409 2938 707 2993 [παραγενόμενος
730 2940 776 2982 εἷς
791 2937 855 2986 τὴν
875 2936 1084 2992 Εὐρώπην,]
1100 2940 1207 2987 γαμεῖ

180 2998 418 3052 Τηλέφασσαν
453 2997 514 3036 καὶ
545 2997 661 3036 τεκνοῖ
695 2995 869 3051 θυγατέρα
908 2994 972 3048 μὲν
1006 2993 1206 3049 Εὐρώπην,

180 3059 306 3100 παῖδας
324 3058 361 3095 δὲ
386 3056 532 3108 Κάδμον
551 3057 611 3095 καὶ
629 3056 782 3096 Φοίνικα
804 3056 864 3095 καὶ
885 3056 1030 3095 Κίλικα.
1051 3052 1154 3098 Τινὲς
1171 3052 1208 3092 δὲ

184 3115 358 3167 Εὐρώπην
395 3117 459 3154 οὒκ
497 3115 678 3170 Ἀγήνορος
720 3114 812 3154 ἀλλὰ
850 3114 1018 3159 Φοίνικος
1051 3112 1206 3165 λέγουσι.

183 3172 349 3221 4Ταύτης
377 3173 463 3218 Ζεὺς
489 3174 644 3228 ἐρασθεὶς
660 3206 671 3224 ,
691 3174 833 3225 [πίπτει
853 3173 910 3213 διὰ
940 3176 1001 3221 τῆς
1031 3171 1211 3219 θαλάσσης

183 3231 308 3272 Ῥόδου
329 3232 516 3270 ἀποπλέων
551 3232 666 3287 (ῥόδου
697 3234 755 3272 vel
779 3232 906 3288 κρόκου
949 3231 1134 3271 ἀποπνέων
1149 3231 1208 3283 9)]

185 3294 322 3343 ταῦρος,
378 3290 443 3342 [ὃς]
482 3293 667 3345 χειροήθης
711 3292 895 3344 γενόμενος
916 3324 926 3342 ,
969 3291 1212 3331 ἐπιὸιὸασθεῖ-

187 3364 251 3388 σαν
271 3347 328 3386 διὰ
363 3351 424 3395 τῆς
465 3350 640 3398 θαλάσσης
664 3351 824 3403 ἐκόμισεν
853 3353 900 3395 εἷς
933 3350 1093 3405 Κρήτην.
1128 3350 1144 3374 ⁵
1165 3348 1209 3388 ‘H

188 3407 237 3458 δὲ,
258 3409 327 3446 ἐκεῖ
347 3408 630 3454 συνευνασθέντος
655 3412 741 3462 αὐτῇ
759 3410 856 3459 Διὸς,
882 3409 1044 3461 ἐγέννησε
1066 3408 1211 3460 Μίνωα,

1245 501 1334 532 mon,
1346 492 1439 525 tertia
1444 495 1599 526 Messene.
1608 493 1711 525 Allata
1719 492 1834 525 deinde
1844 501 1924 524 urna
1934 500 2028 533 aquae
2037 491 2142 534 plena,
2152 491 2274 534 placuit

1245 560 1283 590 ut
1303 557 1337 590 in
1351 566 1421 590 eam
1444 560 1564 591 sortem
1577 558 1716 599 quisque
1731 558 1914 599 conjiceret.
1936 561 1951 580 2
1961 558 2044 589 Tum
2066 558 2227 590 Temenus
2241 558 2275 589 et

1247 623 1440 656 Aristodemi
1447 622 1515 658 filii,
1524 623 1653 656 Procles
1666 625 1698 655 et
1705 623 1924 664 Eurysthenes
1934 622 2068 663 lapides,
2083 622 2273 663 iniecerunt,

1249 693 1465 734 Cresphontes
1481 695 1588 725 autem
1600 695 1769 725 Messenen
1795 692 1909 724 sortito
1918 692 2036 724 habere
2048 691 2276 732 volens,terroe

1248 756 1373 797 glebam
1398 757 1518 799 injecit.
1546 759 1619 795 Qua
1642 757 1802 789 dissoluta
1826 757 1950 798 priores
1974 756 2057 789 duas
2075 757 2180 789 sortes
2202 758 2278 789 ante

1248 821 1376 863 prodire
1391 830 1522 855 necesse
1534 824 1614 855 erat.
1632 822 1645 843 ³
1654 823 1764 862 ltaque
1773 829 1876 862 quum
1889 820 1994 862 prima
2008 829 2079 853 sors
2088 819 2279 853 educeretur

1249 891 1392 932 Temeni,
1409 892 1551 924 secunda
1563 892 1701 925 liliorum
1715 891 1923 930 Aristodemi‚
1939 892 2109 923 Messenen
2136 889 2280 923 obtinuit

1250 957 1478 998 Cresphontes.
1504 956 1550 998 (5)
1569 959 1668 989 Porro
1678 957 1710 989 in
1721 956 1796 996 aris,
1821 957 1855 988 in
1879 955 1998 997 quibus
2008 954 2278 995 sacrificaverant,

1250 1019 1321 1052 haec
1334 1019 1484 1052 invenere
1497 1019 1597 1061 signa:
1618 1019 1738 1061 quibus
1746 1021 1845 1060 Argos
1856 1018 2024 1060 obtigerat,
2037 1017 2184 1050 rubetam
2193 1028 2204 1058 ;
2214 1016 2282 1059 qui-

1250 1082 1312 1114 bus
1319 1082 1543 1123 Lacedaemon,
1557 1085 1736 1124 serpentem
1740 1094 1749 1123 ;
1764 1082 1883 1123 quibus
1893 1084 2050 1121 Messene,
2058 1080 2202 1122 vulpem.
2213 1081 2282 1113 ²De

1251 1146 1372 1187 quibus
1388 1146 1487 1187 signis
1505 1148 1595 1178 vates
1616 1145 1767 1178 dixerunt
1784 1155 1792 1176 :
1809 1145 1866 1186 qui
1884 1144 2031 1177 rubetam
2047 1144 2133 1176 nacti
2153 1145 2281 1184 essent,

1252 1221 1308 1244 eos
1321 1211 1501 1243 consultius
1515 1219 1646 1247 manere
1666 1209 1699 1242 in
1714 1209 1812 1250 urbe,
1826 1209 1916 1241 istud
1933 1209 2020 1241 enim
2039 1208 2161 1241 animal
2180 1208 2215 1240 in
2233 1207 2283 1241 iti·

1254 1287 1329 1311 nere
1342 1278 1448 1310 nullas
1458 1278 1544 1310 vires
1554 1277 1689 1316 habere;
1704 1275 1759 1317 qui
1774 1285 1851 1308 vero
1874 1277 2054 1317 serpentem
2077 1276 2282 1318 reperissent.

1254 1341 1476 1374 formidabiles
1493 1340 1572 1380 fore,
1590 1340 1618 1372 si
1633 1339 1898 1380 aggrederentur-z
1917 1338 1974 1380 qui
1990 1331 2132 1381 denique
2150 1338 2281 1381 vulpem

1256 1403 1466 1445 accepissent,
1488 1403 1614 1435 astutos
1630 1401 1711 1434 fore.
2118 1389 2121 1391 ⁵

1302 1482 1482 1512 ³Temenus
1498 1478 1596 1520 igitur
1609 1475 1804 1519 posthabitis
1814 1475 1944 1517 Agelao,
1953 1475 2120 1517 Eurypylo
2133 1477 2166 1509 et
2184 1476 2287 1509 callia

1257 1538 1343 1578 filiis,
1357 1538 1446 1570 omni
1461 1537 1570 1570 studio
1586 1535 1748 1568 ferebatur
1761 1534 1794 1565 in
1812 1534 1982 1575 Hyrnetho
1998 1533 2095 1569 tiliam
2110 1527 2211 1575 inque
2225 1533 2285 1566 hu-

1254 1599 1307 1640 jus
1323 1597 1476 1630 maritum
1492 1596 1717 1636 Deiphontem.
1736 1598 1750 1618 ⁴
1767 1596 1874 1631 Quare
1889 1592 1944 1624 filii
1958 1592 2046 1624 viros
2070 1591 2229 1633 quosdam
2245 1591 2286 1624 ad

1258 1659 1383 1699 patrem
1400 1655 1653 1688 interimendum
1675 1653 1823 1686 mercede
1846 1652 2015 1685 inducunt.
2033 1651 2217 1684 Commissa
2230 1651 2287 1693 igi-

1258 1719 1312 1750 tur
1327 1716 1426 1755 caede,
1443 1723 1577 1756 regnum
1593 1713 1753 1746 exercitus
1774 1712 1972 1753 adjudicavit
1993 1711 2160 1752 Hyrnetbo
2172 1714 2205 1744 et
2216 1710 2288 1744 Dei·

1258 1772 1641 1816 phontoefiCresphontes
1655 1773 1762 1802 autem
1776 1778 1841 1801 non
1854 1763 2008 1801 itamulto
2016 1771 2090 1810 post
2100 1770 2288 1810 susceptum

1259 1837 1421 1867 Messenes
1438 1832 1609 1873 imperium
1625 1830 1754 1862 duobus
1770 1838 1844 1861 cum
1862 1828 1938 1861 filiis
1947 1828 2139 1860 occisusest.
2157 1830 2290 1869 “Regno
2318 1831 2320 1834 ⁴

1260 1892 1375 1924 deinde
1390 1890 1513 1932 potitus
1530 1892 1580 1922 est
1598 1889 1829 1929 Polyphontes,
1846 1887 1903 1928 qui
1919 1889 1951 1919 et
1966 1886 2035 1928 ipse
2050 1895 2092 1919 ex
2109 1886 2290 1919 Heraclidis
2318 1915 2320 1917 .

1260 1952 1340 1990 erat,
1358 1951 1455 1989 atque
1470 1947 1628 1979 interfecti
1642 1946 1725 1987 regis
1739 1955 1872 1978 uxorem
1890 1947 2041 1986 Meropen
2056 1944 2192 1976 invitam
2205 1951 2290 1982 sum-

1261 2010 1303 2042 sit
1318 2010 1351 2041 in
1364 2007 1620 2040 matrimonium.
1636 2009 1677 2038 At
1691 2005 1744 2037 hic
1759 2014 1889 2046 quoque
1911 2014 1929 2037 e
1942 2004 2049 2036 medio
2063 2003 2212 2036 sublatus
2227 2006 2288 2036 est.

1260 2074 1273 2092 ⁷
1286 2071 1366 2101 Nam
1380 2075 1481 2108 quum
1497 2065 1628 2097 tertium
1651 2066 1780 2104 Merope
1794 2063 1896 2095 tilium
1915 2064 2069 2104 AEpytum
2090 2062 2220 2094 nomine
2238 2062 2290 2094 ha-

1261 2129 1368 2166 beret,
1385 2135 1460 2158 eum
1485 2134 1545 2157 suo
1573 2123 1675 2164 ipsius
1703 2122 1786 2164 patri
1802 2121 2008 2154 educandum
2023 2121 2209 2154 tradiderat.
2227 2120 2291 2159 Qui

1262 2189 1372 2222 adulta
1387 2189 1484 2220 aetate
1495 2186 1528 2217 in
1542 2184 1679 2226 patriam
1693 2183 1774 2215 clam
1792 2191 1940 2215 reversus
1953 2182 2190 2224 Polyphontem
2203 2168 2291 2223 pere-

1262 2247 1323 2279 mit
1337 2247 1371 2279 et
1383 2247 1555 2287 paternum
1571 2251 1706 2284 regnum
1723 2240 1936 2282 recuperavit.
2307 2231 2317 2234 ”

1571 2415 1719 2452 LIBER
1749 2393 1976 2450 TERTIUS.

1732 2487 1822 2495 ...-

1680 2521 1819 2554 CAPUT
1851 2521 1877 2552 1.

1306 2594 1351 2634 (1)
1370 2594 1549 2633 Postquam
1562 2589 1673 2623 Inachi
1690 2596 1792 2630 genus
1810 2587 2008 2628 exponentes
2027 2585 2094 2618 Beli
2109 2583 2292 2627 progeniem

1264 2661 1368 2694 usque
1414 2651 1453 2683 ad
1487 2649 1674 2683 Heraclidas
1699 2646 1933 2688 explicavimus
1946 2669 1956 2685 ,
1984 2644 2141 2686 Agenoris
2162 2647 2320 2692 quoquegf

1264 2710 1482 2753 posteritatem
1490 2709 1641 2749 deinceps
1649 2715 1847 2740 enarremus.
1857 2710 1871 2728 2
1879 2704 1981 2746 Libya
1992 2703 2091 2743 enim,
2105 2703 2190 2735 sicut
2200 2704 2293 2735 anien
2304 2710 2320 2743 Γ,

1264 2770 1421 2809 diximus,
1436 2768 1519 2801 duos
1530 2770 1679 2809 Neptuno
1695 2766 1819 2807 peperit
1828 2765 1923 2804 tilios,
1931 2763 2045 2797 Belum
2057 2766 2090 2795 et
2099 2765 2290 2804 Agenorem.
2306 2750 2320 2803 J

1265 2830 1326 2860 ³Et
1349 2828 1446 2860 Belus
1463 2826 1606 2867 quidem,
1620 2834 1677 2857 rex
1699 2824 1936 2864 AEgyptiorum,
1949 2810 2032 2854 filios
2047 2821 2162 2853 habuit
2175 2820 2216 2853 de
2227 2806 2320 2869 qui-³}

1266 2887 1327 2919 bus
1343 2887 1377 2919 in
1394 2884 1657 2918 antecedentibus
1682 2883 1784 2915 locuti
1807 2891 1937 2923 sumus3
1957 2884 2086 2922 Agenor
2104 2882 2212 2912 autem
2237 2870 2320 2924 (in-{³³

1267 2949 1428 2987 Europam
1444 2943 1620 2985 profectus)
1641 2951 1774 2974 uxorem
1795 2941 1886 2973 ducit
1907 2940 2154 2981 Telephassam‚
2170 2946 2211 2970 ex
2227 2941 2320 2980 qun}

1267 3005 1366 3037 filiam
1381 3003 1465 3035 tollit
1481 3005 1643 3043 Europam
1654 3025 1662 3040 ‚
1681 3000 1765 3032 filios
1780 3008 1858 3031 vero
1880 2998 2041 3031 Cadmum
2056 3021 2066 3037 ,
2089 2995 2291 3035 Phoenicem,

1267 3062 1412 3095 Cilicem.
1426 3063 1507 3094 Sunt
1518 3063 1626 3092 tamen
1640 3058 1696 3099 qui
1711 3060 1875 3098 Europam
1888 3065 1953 3088 non
1967 3054 2121 3095 Agenoris
2135 3061 2219 3093 esse,
2235 3047 2306 3093 sed(>

1267 3121 1429 3157 Phoenicis
1442 3119 1541 3152 filiam
1561 3119 1681 3151 dicant.
1703 3116 1717 3136 ⁴
1731 3116 1836 3156 Hujus
1857 3123 1966 3147 amore
1981 3114 2095 3154 captus
2118 3111 2246 3154 Jupiter
2258 3110 2306 3143 iar.

1268 3184 1398 3216 taurum
1413 3179 1633 3211 commutatus
1650 3175 1682 3216 (a
1694 3173 1808 3207 Rhodo
1821 3173 1984 3215 profectus
2001 3180 2058 3213 per
2070 3179 2158 3203 mare
2169 3156 2317 3211 trajecit‘.

1269 3241 1304 3274 in
1318 3237 1515 3273 Phoeniciam
1526 3261 1535 3277 ‚
1551 3235 1606 3268 ubi
1624 3235 1656 3266 in
1673 3234 1766 3266 litore
1785 3231 1876 3264 humi
1895 3229 2067 3272 procubuit
2090 3228 2167 3270 (ἢ.)
2189 3230 2298 3278 Atque*

1270 3306 1371 3339 quum
1379 3296 1489 3328 mitem
1497 3303 1532 3327 se
1538 3293 1706 3335 praeberet,
1713 3290 1853 3333 puellam
1861 3289 1893 3321 in
1901 3289 2036 3321 dorsum
2058 3286 2202 3328 suscepit
2209 3285 2303 3319 cami

1270 3366 1333 3400 que
1349 3365 1404 3398 per
1420 3363 1507 3387 mare
1519 3352 1685 3386 transtulit
1699 3352 1732 3383 in
1743 3351 1901 3384 Cretam-²¹
1908 3348 1969 3380 Hic
1983 3347 2036 3380 illa
2048 3354 2124 3379 cum
2133 3347 2292 3379 Jovecon·

1237 3448 1240 3452 ,
1271 3426 1379 3459 gressa
1403 3414 1542 3448 Minoem
1550 3412 1674 3455 peperit
1696 3413 1728 3444 et
1736 3410 1951 3451 Sarpedonem
1961 3410 1992 3440 et
1999 3405 2289 3440 Rhadamanthum.-
