2320 3684
158 190 232 223 330

211 328 343 379 steph.
357 329 506 381 Τρῆρος,
526 326 654 380 χωρίον
673 324 837 379 Θρᾴκης,
854 323 913 362 καὶ
933 325 1071 379 Τρῆρες
1085 324 1184 379 Θρᾴ-

157 402 231 425 κιον
252 386 346 430 ἔθνος
441 384 655 436 Θεόπομπος
671 385 815 438 Τρᾶρας
831 381 955 427 αὐτοὺς
970 384 1082 422 καλεῖ.

214 502 323 540 Idem
344 517 352 538 :
376 500 594 554 Ὑπερησία,
614 498 714 542 πόλις
733 501 796 546 τῆς
815 495 958 551 Ἀχαίας
1043 499 1084 538 τὸ
1100 500 1185 538 ἐθνι-

157 559 218 598 κὸν
249 562 312 606 τ’ἥς
341 559 573 612 Ὑπερησίας,
593 557 824 612 “Υπερησιεύς
916 556 1129 609 Θεόπομπος
1147 556 1183 595 δὲ

157 618 379 670 εΥπεροισιεῖς
396 633 500 670 φησιν
522 616 579 656 διὰ
591 621 652 655 τοῦ
670 633 704 655 α.

611 676 701 714 315.

210 738 483 786 Fragmentum
515 735 553 773 h.
584 735 609 773 l.
637 748 659 773 a
679 734 896 774 Wichersio
913 735 1086 786 positum
1104 733 1183 786 jam

156 793 296 845 legitur
316 793 416 831 libro
431 796 526 831 'VIII
545 793 843 831 Hellenicorum.

208 911 353 949 Plinius
378 913 426 948 H.
454 913 502 949 N.
529 913 579 959 11,
603 924 676 948 110
694 926 702 948 :
721 913 840 948 Izaz‘ta
868 909 1180 960 gelidumfontem

156 984 303 1020 semper
319 972 456 1007 ardens
473 971 679 1020 Nymphaei
701 979 823 1007 crater
838 971 921 1006 dira
939 972 1184 1018 Apolloniatis

153 1034 229 1066 suis
240 1031 439 1079 portendit,
456 1039 498 1066 ut
515 1030 766 1079 Theopompus
777 1030 937 1066 tradidit.
954 1028 1011 1066 Cf.
1028 1027 1180 1066 Strabo.

154 1091 240 1136 VH,
261 1101 300 1139 p.
320 1089 410 1135 487.

610 1146 702 1186 317.

209 1209 437 1258 Harpocrat.
457 1221 466 1244 :
483 1204 632 1259 Θρόνιον
714 1203 815 1249 πόλις
832 1204 905 1244 ἐστὶ
921 1207 984 1251 effic
999 1203 1180 1257 Λοκρίδος,

154 1266 201 1308 ὡς
219 1263 432 1316 Θεόπομπος
454 1265 489 1302 ἐν
506 1267 550 1317 effi
565 1293 632 1302 .....

208 1382 315 1420 Idem
339 1398 347 1419 :
374 1381 718 1435 Ὅμηρεύσοντες....
732 1381 946 1432 Θεόπομπος
976 1379 1013 1418 δὲ
1038 1383 1183 1433 ὁμηρεῖν

154 1456 241 1493 φησι
255 1440 352 1494 παρὰ
369 1446 439 1484 τοῖς
459 1440 617 1494 ἀρχαίοις
635 1439 798 1492 λέγεσθαι
810 1439 850 1478 τὸ
867 1441 1066 1478 ἀκολουθεῖν
1077 1454 1085 1462 ·
1102 1436 1183 1482 τοὺς

153 1493 213 1537 οῧν
239 1501 294 1538 ἐπ’
330 1499 516 1553 ἀκολουθίᾳ
543 1502 613 1537 τῶν
642 1497 930 1550 ὁμολογουμένων
963 1497 1160 1548 διδομένους
1173 1527 1184 1545 ,

153 1558 308 1596 ἐντεῦθεν
331 1557 484 1611 ὁμήρους
508 1557 594 1612 φησὶ
613 1556 789 1609 λε’γεσθαι.
810 1557 954 1596 Eadem
973 1557 1123 1596 Suidas.

607 1617 629 1654 3
640 1618 698 1655 19.

207 1675 444 1725 Hesychius:
467 1674 639 1728 Βισύρας·
659 1673 752 1728 ἥρως
776 1673 894 1729 Θρᾴξ·
915 1672 1129 1726 Θεόπομπος
1148 1672 1184 1712 δὲ

154 1731 416 1786 Χερσονησίτην
434 1731 529 1784 λέγει
547 1731 736 1787 Βιστύραν.

208 1850 318 1888 Idem
337 1865 345 1888 :
362 1849 545 1889 Δοναστὰν
564 1849 624 1889 τὸν
645 1849 868 1889 Ἀπόλλωνα·
890 1848 1114 1900 Θεόπομπος.

209 1910 415 1948 Salmasius
438 1910 684 1948 scribendum
700 1918 812 1961 putat
828 1907 1024 1957 Δονάκταν,
1042 1910 1184 1948 Barne-

155 1968 234 2006 sius
250 1968 298 2006 ad
313 1971 546 2006 Anacreont.
567 1967 740 2015 Δονητήν.

609 2026 699 2064 321.

209 2084 318 2122 Idem
344 2100 353 2122 z
381 2084 570 2123 Αὖτοὸοεί·
602 2083 744 2123 αὐτόθεν
777 2083 839 2123 σὺν
867 2087 911 2136 τῇ
933 2087 1030 2137 φωνῇ
1047 2083 1070 2130 ἢ
1090 2083 1188 2127 εὐθὺς

160 2141 236 2194 ἅμα
254 2145 298 2194 effi
320 2145 402 2195 βοῇ·
420 2143 460 2181 τὸ
475 2146 697 2197 παραχρῆμα
714 2144 1005 2191 συντελεσθῆναι,
1035 2142 1092 2181 ἐπὶ
1118 2158 1187 2181 πο-

157 2201 312 2252 λεμικοῖς
331 2202 442 2255 ἔργοις
454 2233 464 2251 ,
496 2197 566 2240 οἷον
586 2201 742 2254 ταχέως,
761 2201 821 2240 καὶ
841 2200 915 2253 ἅμα
932 2203 982 2255 τῷ
1005 2203 1187 2255 πολεμικῷ

199 2408 316 2439 Tretos
325 2430 334 2446 ‚
349 2407 436 2448 regio
451 2407 607 2448 Thraciae,
626 2356 784 2440 {tlgieres
793 2431 802 2447 ,
813 2416 892 2448 gens
907 2407 1073 2440 Thracica.
1090 2408 1188 2440 Theo-

158 2464 299 2497 pompus
313 2457 427 2488 Trai-es
443 2465 498 2488 eos
512 2457 619 2488 vocat.

628 2511 649 2543 3
655 2511 672 2543 1
681 2510 703 2543 4
709 2534 717 2543 .

199 2566 395 2607 Hyperesia,
414 2566 493 2599 urbs
505 2567 647 2599 Achaioe.
723 2566 852 2600 Gentile
865 2568 1065 2609 Hyperesiae,
1080 2570 1189 2610 Hype-

158 2614 320 2650 resiensis.
341 2614 568 2656 Theopompus
583 2623 660 2647 vero
678 2616 929 2656 Hyperasienses
944 2618 1040 2648 vocat
1063 2625 1118 2657 per
1137 2625 1171 2648 a.

201 2719 399 2760 Thronium,
414 2719 494 2752 urbs
505 2669 810 2760 Locridi?s,1a⁷dct01·e
817 2719 1027 2761 Theopompo
1039 2719 1125 2751 in....

199 2800 442 2867 ‘bpnpsocoveec
451 2845 494 2853 --
505 2775 734 2867 Theopoziigus
750 2827 875 2869 ὁμηρεῖν
898 2825 1006 2866 inquit
1019 2825 1135 2866 priscis
1150 2825 1192 2856 si-

159 2870 328 2914 gnificasse
342 2873 450 2913 sequi.
466 2872 545 2904 inde
555 2872 690 2909 factum,
702 2876 738 2904 ut
750 2872 877 2904 obsidio
887 2872 1027 2904 traditos
1040 2871 1081 2903 ad
1093 2871 1190 2903 fidem

159 2918 345 2959 pactionum
360 2917 617 2950 confirmandam
633 2920 767 2962 ὁμήρους
781 2919 988 2960 appellarent.

202 3021 345 3061 Bisyras‚
361 3022 456 3055 heros
481 2973 899 3066 Thraciu531i³tie0pompus
928 3023 1190 3056 Chersonesitam

160 3067 240 3101 dicit
253 3069 424 3111 Bistyram.

629 3127 718 3159 320.

204 3174 398 3215 Donastam‚
413 3176 594 3217 Apollinem
612 3187 620 3208 :
637 3178 877 3219 Theopompus.

631 3231 651 3263 3
659 3233 679 3264 2
687 3232 702 3264 1
713 3253 721 3262 .

201 3278 346 3310 Αὐτοὸοεί
364 3288 371 3309 :
386 3288 457 3311 una
470 3289 548 3312 cum
567 3290 664 3319 voce,
683 3284 806 3315 statim
821 3292 900 3316 cum
917 3283 1078 3323 clamore,
1094 3283 1135 3316 de
1150 3283 1190 3316 iis

162 3332 237 3364 quae
267 3326 430 3366 extemplo
445 3327 660 3367 perficiuntur.
676 3330 709 3361 in
724 3331 938 3371 exsequendis
954 3330 1106 3372 operibus
1126 3330 1190 3362 bel-

163 3370 252 3411 licis,
289 3374 326 3403 ut
353 3373 517 3406 celerrime
546 3376 578 3407 et
607 3384 670 3408 una
701 3386 776 3409 cum
812 3378 951 3411 clamore
977 3378 1112 3418 bellico;
1146 3378 1189 3410 ita

881 180 1181 220 THEOPOMPI
1207 181 1538 222 FRAGMENTA.

1243 268 1453 321 ἀλαλαγμῷ,
1484 267 1575 306 οὕτω
1603 268 1840 317 Θουκυδίδης·
1871 268 1967 323 παρὰ
1992 267 2029 308 δὲ
2059 270 2266 325 Θεοπόμπῳ

1243 325 1319 365 ἀντὶ
1337 330 1397 366 τοῦ
1414 325 1505 365 κατὰ
1527 327 1663 381 κράτος.

1295 386 1439 424 Eadem
1461 386 1500 424 in
1523 387 1690 437 Etymol.
1721 390 1771 425 M.
1795 395 1833 424 et
1852 390 2060 426 Grammat.
2081 388 2121 425 in
2149 389 2264 426 Bekk.

1243 443 1387 482 Anecd.
1412 458 1468 496 gr.
1485 448 1525 491 Ι,
1543 458 1582 496 p.
1605 445 1695 493 465,
1719 445 1754 482 3.

1695 513 1784 551 322.

1297 577 1430 616 Suidas
1458 593 1466 615 :
1504 577 1714 629 Κιλικισμὸν
1741 580 1758 615 6
1784 576 1997 628 Θεόπομπος
2037 580 2056 615 6
2097 578 2268 632 ἱστορικὸς

1242 634 1305 683 τὴν
1318 637 1358 674 ἐκ
1373 636 1554 690 παροινίας
1565 635 1665 690 φόνον
1676 635 1784 686 λέγει.
1796 636 1937 674 Eadem
1948 637 2107 674 Photius
2120 637 2160 674 in
2173 641 2265 676 Lex.

1695 707 1744 744 32
1777 737 1783 743 .

1295 764 1400 803 Idem
1417 780 1425 802 :
1446 763 1635 817 Φορμίων·
1655 765 1735 817 περὶ
1749 708 1876 803 Ξἰούτου
1893 763 1952 802 καὶ
1972 767 1990 803 6
2006 764 2218 815 Θεόπομπος
2230 766 2266 803 ἐν

1242 823 1475 866 Φιλιππικοῖς
1489 838 1608 876 φησιν.

1295 950 1461 984 Zonaras
1491 950 1583 984 Lex.
1603 961 1612 983 t
1642 944 1909 994 Βιὸλιοπώλην,
1928 946 2007 998 οὖχὶ
2033 946 2267 997 βιὸλιοπῶλον

1240 1004 1386 1056 λέγομεν
1407 1020 1415 1028 ·
1457 1003 1670 1055 Θεόπομπος
1683 1020 1692 1028 ·
1715 1020 1730 1037 «
1744 1003 1834 1048 Τοὺς
1872 1003 2108 1056 βιὸλιοπώλας
2147 1004 2268 1044 λεύσο-

1242 1080 1350 1115 μαι.»

1295 1125 1395 1159 Num
1422 1120 1510 1171 jure
1541 1121 1622 1158 haec
1649 1121 1834 1158 historico
1861 1122 2049 1160 Wichers.
2066 1122 2269 1171 tribuerit,

1242 1181 1491 1219 vehementer
1539 1178 1806 1217 dubitandum.
1854 1180 2043 1231 Equidem
2080 1182 2268 1219 comicum

1242 1253 1450 1291 agnoscere
1463 1238 1559 1276 mihi
1575 1238 1725 1276 videor.

1709 1306 1799 1345 325.

1295 1368 1455 1407 Photius
1474 1369 1587 1405 Lex.:
1604 1364 1760 1420 Λάμὸδα
1776 1365 1834 1404 ἐπὶ
1850 1370 1925 1409 ταῖς
1943 1365 2086 1405 ἀσπίσιν
2102 1368 2133 1405 οἱ
2150 1369 2270 1406 Λακε-

1245 1426 1419 1478 δαιμόνιοι
1438 1424 1648 1480 ἐπέγραφον,
1667 1423 1786 1478 ὥσπερ
1805 1425 2056 1472 οἳ·Μεσσήνιοι
2074 1428 2125 1464 Μ.
2150 1426 2271 1465 Εὔπο-

1243 1487 1312 1530 λις·
1325 1484 1525 1536 Ἐξεπλάγη
1543 1484 1610 1538 γὰρ
1627 1482 1708 1522 ἰδὼν
1723 1483 1908 1522 στίλὸοντα
1924 1483 1970 1522 τὰ
1984 1483 2272 1536 λάμὸδα.οὕτως

1243 1546 1304 1585 καὶ
1333 1544 1558 1596 Θεόπομπος.
1593 1546 1666 1583 Hic
1691 1558 1848 1597 quoque
1875 1546 2174 1598 Theopompum
2200 1560 2270 1584 co-

1245 1606 1388 1644 micum
1416 1603 1563 1642 laudari
1599 1611 1709 1655 puto.

1300 1727 1582 1767 Grammaticus
1598 1727 1637 1764 in
1652 1726 1799 1764 Anecd.
1827 1727 1940 1764 Bekk.
1959 1739 1998 1777 p.
2017 1727 2080 1774 86,
2110 1728 2157 1764 16
2173 1727 2225 1766 :F
2226 1742 2274 1764 ει-

1244 1793 1380 1840 τονιᾷν·
1414 1785 1489 1824 ἀντὶ
1508 1788 1569 1823 τοῦ
1598 1790 1770 1837 γειτνιᾷν·
1787 1783 2001 1836 Θεόπομπος
2020 1784 2195 1838 Φιλίππῳ
2213 1788 2274 1823 καὶ

1246 1846 1496 1897 (Φιλιππικοῖς
1514 1843 1698 1894 Heringa)
1711 1858 1720 1867 ·
1739 1848 1916 1894 γειτονεῐν.

1299 1963 1408 2001 Idem
1434 1961 1530 1999 ibid.
1551 1975 1592 2012 p.
1617 1966 1702 2009 104,
1729 1961 1795 1998 15:
1819 1961 2005 2013 Koeaeaepw
2025 1959 2102 1998 ἀντὶ
2125 1963 2186 1999 τοῦ
2211 1961 2274 1999 ἐλ-

1247 2025 1315 2060 θεῖν
1326 2037 1334 2046 ·
1351 2020 1576 2071 Θεόπομπος.

1715 2082 1806 2134 328.

1300 2143 1408 2180 Idem
1427 2141 1522 2180 ibid.
1545 2155 1583 2193 p.
1616 2143 1705 2189 371,
1731 2143 1751 2179 5
1768 2137 1956 2184 ε”Ακατος-
1986 2140 2117 2194 φιάλη,
2147 2141 2204 2180 διὰ
2234 2139 2276 2180 τὸ

1249 2200 1398 2239 ἐοικέναι
1414 2199 1617 2254 στρογγύλῳ
1634 2199 1747 2254 πλοίῳ
1758 2215 1766 2224 ·
1784 2198 1876 2238 οὕτω
1889 2198 2112 2251 Θεόπομπος.

1249 2348 1467 2429 Τίὲιῑιιογᾱίᾱοε.
1483 2348 1576 2390 Apud
1591 2348 1838 2389 Theopompum
1853 2347 2012 2389 significat
2030 2358 2038 2380 :
2055 2349 2213 2382 omnibus
2228 2349 2275 2381 vi-

1248 2405 1281 2428 rt
1329 2405 1357 2428 s.

1719 2455 1794 2488 322

1290 2507 1504 2540 Cilicismum.
1523 2508 1575 2541 Sic
1596 2509 1824 2549 Theopompus
1844 2508 2019 2541 historicus
2042 2510 2138 2541 vocat
2152 2507 2275 2541 caedem
2309 2518 2311 2521 ’

1249 2564 1290 2588 cx
1302 2555 1458 2588 ebrietate
1476 2557 1509 2587 et
1523 2556 1711 2588 temulentia
1722 2557 1838 2587 ortam.

1717 2615 1806 2648 323.

1289 2672 1455 2704 Phormio.
1490 2673 1595 2714 HuJus
1627 2672 1723 2705 etiam
1757 2671 1984 2713 Theopompus
2025 2672 2058 2704 in
2087 2670 2274 2713 Philippicis
2303 2712 2306 2713 .

1249 2719 1447 2752 mentionem
1466 2720 1554 2752 facit.

1717 2778 1808 2811 325.

1291 2829 1528 2862 Lacedaemonii
1541 2829 1643 2862 scutis
1667 2828 1885 2861 inscribebant
1901 2830 1948 2861 :L
1959 2853 1969 2869 ,
1985 2830 2021 2861 ut
2035 2827 2186 2862 Messenii
2201 2829 2272 2868 :M;
2291 2823 2299 2855 s

1250 2876 1401 2917 Eupolis:
1418 2878 1560 2908 Terrore
1572 2877 1664 2908 enim
1671 2875 1856 2916 perculsus
1870 2877 1932 2915 est,
1943 2884 2052 2917 quum
2063 2874 2274 2916 videreefiel-

1249 2925 1366 2963 yencia
1377 2923 1540 2956 Lambda.
1557 2925 1605 2954 Ita
1617 2923 1715 2955 etiam
1730 2922 1968 2963 Theopompus.

1714 2982 1802 3015 326.

1291 3043 1446 3073 Γειτονιᾶν
1471 3040 1629 3081 (vicinum
1650 3039 1733 3081 esse)
1759 3048 1819 3081 pro
1834 3043 1979 3081 γειτνιᾶν.
1997 3040 2225 3082 Theopompus
2239 3039 2272 3070 'm
2295 3030 2298 3031 ⁷

1251 3087 1436 3128 Philippicis
1454 3091 1610 3128 γειτονεῖν.
2274 3101 2279 3103 -

1717 3150 1804 3182 327.

1292 3209 1431 3251 Κατᾶραι
1445 3216 1504 3250 pro
1519 3208 1614 3239 ἐλθεῖν
1629 3207 1764 3248 (venire)
1778 3231 1787 3246 ‚
1804 3207 2044 3248 Theopompus.

1718 3272 1804 3304 328.

1291 3330 1419 3366 Ἄκατος
1434 3321 1612 3370 appellatur
1625 3320 1797 3369 pocui‘um,
1817 3327 1902 3368 quod
1921 3330 2049 3368 navigio
2072 3325 2210 3358 rotundo
2229 3323 2304 3356 si·

1251 3376 1326 3409 mile
1347 3377 1418 3416 est;
1434 3376 1478 3408 ita
1499 3376 1735 3417 Theopompus.
