2294 3704
111 191 272 220 Lxxxw

112 266 282 309 Φίλιστος
312 265 346 303 ἐν
377 261 534 317 Ἠπείρῳ
549 276 557 284 ·
583 258 733 310 Τίμαιος
756 261 774 297 ὃ
798 258 1080 311 Ταυρομενείτης
1101 260 1135 299 ἐν

113 324 290 372 Ἀθήναις·
314 320 516 375 Ἀνδροτίων
555 318 733 365 Ἀθηναῖος
759 317 794 355 ἕν
826 316 1021 369 Μεγάροις·
1046 319 1136 356 Βακ-

112 385 258 436 χυλίδης
278 385 296 420 ὁ
314 379 460 427 ποιητὴς
483 380 517 416 ἐν
538 375 813 429 Πελοποννήσῳ.
842 376 1064 414 Perizonius
1091 377 1138 414 ad

112 444 251 482 AElian.
266 444 308 479 V.
334 444 380 478 H.
398 441 489 476 VIII
503 466 513 485 ‚
545 438 589 483 6,
618 443 656 473 et
675 435 839 473 Siebelis
860 445 1042 484 monent,
1065 436 1139 474 hoc

112 503 198 539 loco
247 498 523 538 Androtionem
574 495 803 532 historicum
848 495 1140 546 intelligendum

113 574 215 607 esse,
235 558 339 609 quod
360 568 491 594 omnes
508 554 737 604 scriptores,
756 562 844 591 ante
859 554 1140 593 Androtionem

114 615 415 661 commemorati,
429 613 603 650 historici
620 613 694 650 sint
705 642 715 660 ,
733 620 771 650 et
783 612 887 663 quod
903 613 1140 660 Plutarchus,

116 678 147 714 si
174 677 221 713 de
245 675 399 712 rhetore
419 672 527 722 loqui
553 671 750 722 voluisset,
776 685 862 709 eum
887 672 1142 723 probabiliter

115 735 162 772 ab
189 732 383 771 historicis
406 730 643 768 distinxisset
673 731 799 780 aliqua
819 732 1074 782 appositione,
1101 740 1143 769 ut

116 791 356 841 Bacchylidis
374 789 522 827 nomini
539 790 761 839 apposuerit
778 792 796 828 ὁ
810 789 968 836 ποιητής.
985 794 1028 828 In
1043 805 1141 828 enu-

118 850 304 889 merandis
324 858 452 886 autem
473 848 665 886 historicis
679 878 688 895 ,
707 850 772 898 qui
793 849 922 886 exules
938 863 1057 900 opera
1076 863 1144 887 sua

115 915 440 960 composuerunt,
466 906 693 944 Plutarchus
719 907 772 944 ita
797 915 1016 957 temporum
1037 907 1142 946 ordi—

115 982 202 1006 nem
228 967 433 1014 observat,
460 974 503 1003 ut
521 979 594 1016 pro
614 973 720 1006 cento
740 965 882 1003 habere
903 966 1040 1013 liceat,
1064 970 1145 1004 An-

116 1026 334 1063 drotionem
362 1025 422 1062 vel
457 1032 546 1075 post
575 1024 759 1061 Timaeum
784 1024 959 1062 floruisse
981 1025 1039 1062 vel
1065 1025 1145 1076 ejus

116 1085 303 1136 aequalem
327 1085 455 1122 fuisse.
483 1084 559 1123 Sed
584 1097 632 1121 ne
651 1085 691 1121 in
713 1085 862 1121 incerto
886 1085 1146 1135 relinquamus

117 1144 370 1183 Androtionis
393 1152 541 1181 aetatem
558 1173 568 1191 ,
594 1152 636 1180 ut
661 1144 835 1181 recerunt
860 1145 1081 1181 Perizonius
1109 1153 1147 1182 et

116 1205 302 1253 Siebelis,
332 1217 498 1255 quorum
523 1204 585 1241 ille
614 1203 731 1252 dicit,
761 1217 847 1241 eum
866 1213 955 1242 ante
971 1205 1146 1242 Mummii

117 1265 271 1302 Achaici
302 1272 478 1314 tempora
497 1262 694 1314 scripsisse
706 1292 717 1310 ,
743 1262 806 1300 hic
823 1271 913 1313 post
937 1264 996 1302 Ol.
1014 1264 1063 1312 96
1075 1293 1084 1308 ‚
1102 1266 1122 1301 3
1136 1293 1146 1311 ,

117 1337 203 1361 eum
241 1323 366 1361 adhuc
398 1323 439 1360 in
472 1322 570 1359 vivis
612 1322 729 1359 fuisse
760 1321 926 1359 affirmat
959 1322 1148 1372 (propter

117 1381 253 1433 fragm.
271 1382 317 1419 de
331 1380 452 1433 ξενικῷ
466 1381 500 1418 ἐν
514 1379 673 1433 Κορίνθῳ
685 1410 694 1427 ,
708 1379 812 1430 quod
827 1380 901 1417 vid.
921 1381 958 1416 in
975 1380 1147 1417 Philoch.

118 1440 254 1490 fragm.
286 1440 389 1490 150),
418 1440 458 1476 id
490 1439 746 1489 premendum
767 1452 848 1475 esse
868 1438 963 1475 mihi
984 1438 1148 1486 videtur,

118 1499 222 1549 quod
245 1498 459 1547 Androtio‚
479 1498 545 1535 ubi
567 1512 640 1535 una
657 1511 742 1534 cum
762 1498 997 1536 Philochoro
1014 1497 1147 1535 lauda-

119 1567 193 1607 tur,
210 1559 301 1596 huic
319 1559 465 1608 ubique
481 1558 744 1608 anteponitur,
762 1557 793 1595 si
809 1557 857 1595 ab
877 1571 955 1595 uno
973 1558 1058 1595 loco
1074 1557 1149 1595 dis-

119 1618 276 1655 cesseris
301 1619 350 1668 (v.
368 1617 539 1666 Philoch.
558 1617 652 1667 frag.
676 1617 748 1654 130
767 1629 816 1664 a.,
831 1616 878 1654 cf.
899 1631 956 1663 17,
973 1618 1036 1666 59,
1063 1618 1148 1664 133,

125 1677 214 1724 150,
250 1677 350 1727 153).
379 1680 503 1727 Atque
529 1676 570 1713 in
590 1677 649 1713 his
680 1676 775 1714 locis
802 1676 1085 1714 Androtionem
1111 1686 1150 1715 et

121 1736 391 1773 Philochorum
423 1735 602 1772 videmus
642 1735 755 1786 plane
789 1735 890 1772 inter
923 1748 963 1773 se
993 1749 1151 1773 consen-

119 1794 279 1842 tientes,
323 1802 365 1831 ut
389 1794 478 1845 jure
506 1807 702 1831 sumamus
736 1793 1009 1832 Philochorum
1039 1807 1150 1831 usum

117 1866 200 1891 esse
218 1853 466 1890 Androtionis
483 1865 614 1903 opere,
633 1852 844 1902 praesertim
861 1866 980 1903 quum
998 1853 1061 1889 hic
1078 1865 1151 1902 po-

120 1911 309 1950 tissimum
331 1911 377 1948 de
403 1912 546 1948 civium
574 1911 799 1948 recensione
820 1909 1050 1948 ἐντελέστατα
1068 1911 1149 1948 dis-

118 1979 274 2023 putasse
291 1970 502 2008 censendus
519 1971 568 2008 sit
587 1971 648 2021 (fr.
670 1970 770 2021 133).
803 1973 938 2020 ltaque
967 1983 1086 2020 quum
1103 1984 1151 2007 ex

118 2030 313 2068 Plutarchi
342 2030 428 2067 loco
450 2043 568 2081 supra
586 2029 741 2067 laudato
757 2029 1060 2067 demonstratum
1080 2029 1152 2076 sit,

119 2089 405 2128 Androtionem
426 2089 486 2126 vel
507 2096 597 2139 post
616 2088 801 2125 Timaeum
820 2089 961 2126 vixisse
987 2089 1044 2125 vel
1070 2089 1152 2139 ejus

119 2151 236 2188 fuisse
267 2150 473 2200 aequalem,
501 2149 757 2187 Philochorus
786 2157 914 2186 autem
947 2149 1077 2186 eadem
1109 2163 1152 2186 ac

119 2211 282 2248 Timaeus
303 2217 415 2246 aetate
435 2208 609 2245 floruerit
631 2207 705 2257 (Ol.
725 2222 738 2244 1
751 2208 925 2258 15-130),
939 2207 1020 2258 jam
1040 2209 1152 2247 valde

120 2268 323 2320 probabile
344 2276 421 2311 est,
449 2281 536 2305 cum
557 2267 691 2305 Timaei
713 2275 751 2304 et
778 2267 1000 2305 Philochori
1016 2281 1150 2318 aequa—

119 2329 197 2365 lem
225 2328 368 2376 fuisse,
402 2326 565 2364 edidisse
597 2339 690 2363 vero
717 2326 916 2365 Atthidem
944 2335 1151 2378 antequam

122 2387 375 2425 Philochorus
391 2399 495 2423 suam
512 2385 750 2424 absolvisset.

176 2445 289 2495 Quod
332 2444 380 2482 ad
414 2445 578 2495 patriam
619 2443 872 2481 Androtionis
911 2443 1072 2492 attinet,
1105 2458 1152 2482 ex

122 2505 317 2544 Plutarch.
339 2504 404 2542 1.1.
433 2512 561 2555 patet,
592 2515 679 2540 eum
707 2504 981 2541 Atheniensem
1009 2504 1150 2551 fuisse,

123 2564 239 2615 idque
266 2578 312 2602 eo
340 2564 603 2611 confirmatur,
623 2562 729 2613 quod
748 2562 1037 2600 Atheniensium
1065 2577 1152 2601 cau-

123 2637 201 2662 sam
219 2624 297 2674 agit
312 2630 447 2660 contra
465 2621 773 2660 Lacedaemonios
787 2621 835 2658 l'r.
856 2623 916 2659 30.
943 2625 999 2659 Ex
1015 2622 1149 2660 eodem

123 2682 318 2720 Plutarchi
362 2683 448 2719 loco
491 2681 705 2731 colligimus
730 2710 741 2728 ,
791 2680 1071 2718 Androtionem
1112 2681 1151 2718 in

124 2742 414 2779 Atheniensium
442 2740 642 2792 republica
673 2741 804 2790 aliquo
835 2740 951 2777 modo
993 2742 1151 2791 conspi—

126 2815 238 2838 cuum
256 2801 395 2838 fuisse:
418 2801 457 2837 in
476 2800 634 2837 exilium
662 2800 763 2838 enirn
790 2807 897 2836 actus
913 2808 969 2836 est
991 2808 1030 2836 et
1052 2813 1150 2850 opus

125 2874 235 2897 suum
256 2864 421 2911 Megarae
440 2859 480 2896 in
497 2859 613 2896 exilio
629 2858 870 2909 conscripsit.

555 2931 730 2944 —aeo‘—

448 2974 826 3015 PHILOCHORUS.

180 3043 238 3077 De
260 3040 479 3077 Philochori
507 3042 586 3078 vita
611 3039 746 3079 Suidas
769 3040 849 3078 haec
870 3041 987 3078 refert
1005 3055 1014 3077 :
1033 3038 1151 3078 Φιλό-

125 3113 245 3151 χορος,
274 3097 652 3146 Κύκνου,Ἀθηναῖος,
684 3097 806 3147 μάντις
836 3098 895 3136 καὶ
923 3097 1124 3151 ἱεροσκόπος
1141 3129 1151 3148 ,

125 3154 212 3206 γυνὴ
228 3154 263 3192 δὲ
278 3156 380 3192 αὐτοῦ
395 3155 427 3192 Ἀ
435 3156 631 3207 ρχεστράτη
641 3171 648 3178 ·
665 3154 755 3194 κατὰ
768 3154 847 3199 τούς
856 3155 998 3209 χρόνους
1011 3154 1150 3208 γέγονεν

126 3217 145 3252 ὃ
164 3212 359 3265 Φιλόχορος
379 3213 666 3266 Ἐρατοσθένους,
695 3217 742 3259 ὡς
770 3214 949 3253 ἐπιὸαλεῐν
973 3214 1150 3268 πρεσὸύτῃ

127 3271 201 3310 νέον
230 3271 313 3310 ὄντα
345 3271 600 3323 Ἐρατοσθένει.
631 3273 860 3321 Ἐτελεύτησε
886 3273 922 3312 δὲ
948 3275 1151 3326 ε”νιδρευθεὶς

128 3329 195 3368 ὑπὸ
210 3329 421 3382 Ἀντιγόνου,
438 3329 491 3370 ὅτι
512 3331 675 3378 διεὸλήθη
692 3332 983 3384 προσκεκλικέναι
996 3337 1039 3386 τῇ
1058 3335 1151 3373 Πτο-

126 3389 272 3441 λεμαίου
295 3390 466 3444 βασιλείᾳ.
495 3395 618 3430 Docet
635 3393 752 3443 igitur
770 3393 925 3444 Suidas,
947 3393 1151 3432 Philocho—

767 173 834 211 DE
862 172 1142 212 ATTHIDUM
1170 171 1552 215 SCRIPTORIBUS.

1197 272 1282 298 rum
1298 262 1417 313 Cycni
1433 263 1554 300 filium
1566 291 1576 310 ,
1604 262 1873 301 Atheniensem
1882 291 1892 310 ‚
1919 263 2060 302 vixisse
2074 271 2224 316 tempo·-

1197 318 1304 358 ribus
1317 322 1593 368 Eratosthenis,
1608 334 1723 371 quem
1737 335 1867 360 senem
1879 322 2030 373 juvenis
2042 323 2223 374 attigerit,

1198 387 1236 416 et
1249 380 1415 418 occisum
1436 394 1517 418 esse
1532 379 1679 418 insidiis
1693 382 1893 432 Antigoni,
1909 382 2016 432 quod
2030 383 2226 421 Ptolemaei

1199 438 1315 476 rebus
1327 439 1509 477 studeret.
1519 439 1593 478 Sed
1603 441 1766 478 Lenzius
1775 440 2065 488 demonstravit,
2074 442 2228 480 diversa

1199 503 1221 527 a
1245 492 1362 529 Suida
1383 493 1542 530 confusa
1561 506 1642 531 esse
1657 523 1667 541 ‚
1698 506 1817 543 (plum
1840 495 2049 544 Antigonus
2069 499 2202 533 Doson
2215 525 2227 544 ,

1201 550 1268 600 qui
1309 551 1384 588 hoc
1432 552 1519 588 loco
1566 552 1728 603 intelligi
1774 551 1940 600 debeat,
1984 553 2228 604 Olympiadis

1207 611 1279 658 139
1309 624 1343 648 a.
1374 616 1395 654 4
1427 619 1602 648 mortuus
1629 612 1699 658 sit,
1727 611 1819 649 dum
1842 613 2136 660 Eratosthenes,
2160 613 2229 664 qui

1201 669 1357 719 Olymp.
1385 671 1457 714 146
1478 670 1748 720 octogenarius
1767 671 1846 708 vita
1867 672 2087 720 excesserit,
2109 683 2230 709 annos

1202 728 1478 780 quinquaginta
1498 738 1665 780 quatuor
1680 737 1790 767 natus
1808 738 1928 767 esset:
1952 730 2231 768 Philochorum

1202 787 1334 837 igitur,
1359 788 1570 825 secundum
1591 788 1748 827 Suidam
1765 816 1774 833 ,
1799 788 1924 826 adhuc
1949 789 2231 827 adolescentem

1204 846 1387 896 Antigoni
1407 847 1553 885 insidiis
1571 848 1847 898 interemptum
1862 861 1965 885 esse:
1986 848 2024 886 id
2041 848 2145 900 quod
2163 861 2233 900 per

1205 906 1398 953 muneris,
1427 920 1504 957 quo
1527 907 1680 945 functus
1709 908 1771 953 sit,
1789 908 2015 958 gravitatem
2044 916 2082 946 et
2110 907 2234 946 libro-

1205 976 1290 1001 rum
1302 994 1312 1012 ,
1329 979 1426 1015 quos
1440 966 1652 1017 scripserit,
1670 966 1976 1014 multitudinem,
1994 967 2102 1005 nullo
2116 967 2234 1005 modo

1205 1023 1307 1060 credi
1334 1025 1467 1075 possit.
1503 1029 1626 1077 Atque
1651 1026 1778 1077 ipsum
1803 1026 2077 1064 Philochorum
2099 1027 2235 1065 claris-

1206 1082 1303 1120 simo
1330 1084 1575 1133 testimonio,
1600 1098 1678 1135 quo
1702 1093 1877 1136 tempore
1902 1086 2063 1133 vixerit,
2081 1086 2236 1134 docere,

1206 1140 1286 1179 haec
1319 1142 1367 1181 de
1401 1144 1555 1195 Olymp.
1590 1145 1684 1193 118,
1718 1145 1739 1181 3
1770 1144 1999 1183 scribentem
2029 1145 2090 1197 (sr.
2121 1145 2234 1196 146):

1208 1199 1311 1239 Κύων
1332 1202 1379 1244 εἷς
1398 1200 1455 1239 τὸν
1471 1203 1534 1248 τ’ῆς
1554 1203 1728 1247 Πολιάδος
1747 1201 1833 1241 νεὼν
1851 1204 2053 1241 εἰσελθοῦσα
2069 1203 2128 1242 καὶ
2147 1204 2237 1242 δῦσα

1208 1259 1254 1302 εἷς
1273 1259 1313 1297 τὸ
1335 1260 1569 1313 Πανδρόσιον,
1589 1261 1646 1299 ἐπὶ
1666 1259 1724 1299 τὸν
1747 1261 1864 1314 βωμὸν
1885 1261 2046 1300 ἀναὸᾶσα
2063 1266 2124 1301 τοῦ
2144 1261 2236 1317 ‘Ep-

1207 1317 1285 1356 κίου
1305 1318 1406 1367 Διὸς,
1426 1320 1484 1358 τὸν
1506 1320 1573 1358 ὑπὸ
1590 1324 1634 1372 τῇ
1655 1320 1778 1373 ἐλαίᾳ,
1796 1320 1996 1370 κατέκειτο,
2015 1331 2089 1362 etc.
2110 1323 2237 1374 ‘Hy-eie

1209 1377 1239 1415 δ’
1265 1378 1496 1431 ἐρωτηθέντες
1515 1379 1601 1432 ὑπέρ
1629 1395 1667 1417 τε
1694 1383 1755 1418 τοῦ
1773 1380 1920 1430 σημείου
1937 1381 2075 1420 καὶτοῦ
2100 1382 2238 1434 φαντά-

1209 1452 1341 1489 σματος
1359 1439 1406 1481 εἷς
1423 1437 1442 1477 ὃ
1458 1438 1573 1492 φέρει,
1594 1437 1758 1493 φυγάδων
1777 1439 1923 1478 κάθοδον
1946 1440 2077 1494 ἔφαμεν
2097 1456 2234 1495 προσ-η-

1210 1496 1343 1546 μαίνειν
1377 1497 1580 1551 ἀμφότερα,
1609 1506 1682 1535 etc.
1715 1498 1985 1537 Philochorum
2013 1500 2132 1551 igitur
2156 1500 2237 1552 jam

1209 1556 1271 1593 Ol.
1298 1557 1387 1602 118,
1409 1558 1429 1594 3
1450 1557 1491 1594 in
1510 1557 1612 1594 virili
1636 1565 1747 1595 aetate
1769 1558 2021 1596 constitutum
2038 1560 2172 1608 fuisse,
2195 1569 2240 1598 ut

1210 1617 1276 1666 qui
1293 1617 1520 1667 gravissimo
1540 1618 1638 1655 vatis
1658 1631 1817 1656 munere
1835 1618 2084 1670 fungeretur3
2107 1621 2239 1672 itaque

1210 1684 1276 1712 aut
1293 1689 1438 1715 errasse
1454 1677 1611 1714 Suidam
1629 1685 1695 1714 aut
1709 1677 1790 1727 ejus
1804 1677 1922 1715 verba
1937 1678 1988 1716 ita
2000 1679 2239 1719 emendanda

1210 1747 1303 1780 esse,
1318 1743 1359 1772 ut
1372 1734 1562 1772 scribatur
1577 1751 1584 1773 :
1600 1733 1692 1773 κατὰ
1705 1733 1781 1778 τοὺς
1794 1736 1939 1789 χρόνους
1953 1751 2026 1789 γεγ.
2043 1738 2130 1776 Φιλ.
2143 1737 2240 1792 Ἐρ.,

1210 1795 1256 1836 ὡς
1287 1793 1467 1832 ε’πιὸαλεῖν
1502 1793 1681 1848 πρεσὸύτῃ
1711 1794 1849 1833 νεανίαν
1884 1795 1990 1846 (sive
2015 1795 2091 1835 νέον
2123 1796 2240 1850 ὄντα)

1212 1851 1462 1905 Ἐρατοσθένη.
1478 1853 1583 1891 Idem
1599 1855 1731 1892 statuit
1745 1854 1951 1892 admodum
1969 1855 2240 1906 probabiliter,

1211 1912 1433 1950 Philochori
1463 1921 1626 1950 mortem
1662 1927 1741 1951 non
1776 1914 1898 1951 multo
1931 1923 2020 1966 post
2059 1916 2240 1954 Antiochi

1211 1972 1283 2009 Dei
1311 1973 1419 2023 regni
1447 1973 1597 2010 initium
1632 1973 1708 2024 (Ol.
1735 1986 1821 2023 129,
1843 1973 1880 2025 3)
1898 1974 2115 2025 ponendam
2136 1988 2239 2026 esse,

1211 2031 1258 2068 ad
1280 2031 1385 2082 quod
1413 2045 1535 2083 usque
1561 2032 1759 2071 Atthidem
1782 2032 1864 2083 ejus
1888 2034 2080 2084 pertinere
2101 2034 2241 2073 suidas

1215 2099 1383 2129 testetur.
1401 2094 1531 2138 Quum
1548 2092 1650 2129 enim
1665 2093 1881 2143 Antigonus
1894 2097 2064 2132 Gonatas
2077 2094 2137 2132 01.
2154 2107 2240 2145 129.

1215 2152 1234 2188 3
1255 2151 1426 2188 Athenas
1445 2160 1689 2202 occupasset,
1712 2151 1854 2202 quibus
1873 2152 2100 2190 Ptolemaeus
2114 2153 2240 2192 Phila-

1212 2210 1375 2260 delphus
1394 2224 1509 2261 opem
1527 2211 1690 2257 tulisset,
1707 2224 1786 2248 non
1803 2210 1856 2248 ita
1875 2211 1998 2249 multo
2015 2220 2103 2263 post
2117 2212 2243 2252 Philo-

1212 2270 1394 2317 chorum,
1420 2270 1486 2320 qui
1510 2270 1762 2320 Philadelpho
1785 2271 1950 2321 faveret,
1971 2271 2158 2323 Antigoni
2174 2272 2239 2310 in·—

1212 2330 1318 2368 sidiis
1336 2330 1505 2367 occisum
1527 2344 1608 2368 esse
1624 2329 1760 2368 videri.
1785 2334 1919 2381 ltaque
1938 2330 2143 2381 probatum
2161 2340 2240 2379 est,

1211 2389 1430 2427 Philochori
1442 2390 1561 2427 vitam
1576 2389 1625 2427 ab
1641 2390 1725 2428 Ol.1
1737 2404 1749 2427 1
1760 2389 1781 2427 5
1799 2390 1878 2428 fere
1891 2403 2012 2441 usque
2026 2390 2151 2430 ad‘Ol.
2169 2405 2183 2429 1
2193 2393 2241 2429 30

1213 2450 1456 2500 pertinuisse.

1266 2508 1450 2554 Quamvis
1471 2520 1594 2559 pauca
1613 2507 1710 2555 sint,
1740 2520 1826 2558 quae
1850 2507 1896 2545 de
1917 2507 2140 2546 Philochori
2161 2509 2241 2547 vita

1212 2568 1365 2618 cognita
1384 2566 1588 2614 habemus,
1621 2567 1813 2604 affirmare
1833 2575 1959 2604 tamen
1977 2567 2083 2615 licet,
2105 2581 2242 2619 magna

1211 2641 1300 2665 eum
1324 2627 1553 2664 auctoritate
1583 2626 1698 2664 fuisse
1726 2634 1769 2663 ut
1799 2633 1922 2663 vatem
1951 2626 2242 2678 patriorumque

1212 2687 1476 2723 institutorum
1500 2686 1750 2736 interpretem
1769 2685 1837 2737 (fr.
1860 2685 1967 2736 183),
1987 2693 2025 2722 et
2041 2686 2081 2723 in
2099 2699 2238 2736 geren-

1211 2745 1298 2782 dam
1315 2745 1593 2796 rempublicam
1614 2745 1693 2782 vim
1709 2744 1925 2782 exercuisse
1939 2757 2016 2781 non
2032 2744 2240 2793 minimam,

1212 2818 1330 2854 quum
1345 2804 1528 2842 vaticinia
1547 2804 1628 2855 ejus
1650 2802 1850 2840 subactum
1874 2803 1922 2840 de
1944 2801 2057 2841 rebus
2077 2803 2242 2854 publicis

1207 2862 1397 2912 judicium
1419 2863 1643 2914 proderent.
1673 2864 1758 2899 Hoc
1783 2870 1825 2899 ut
1849 2876 1894 2900 ex
1915 2863 2102 2899 sententia
2121 2875 2239 2914 aper—

1213 2930 1292 2958 tum
1312 2923 1369 2968 fit,
1394 2935 1509 2971 quam
1533 2921 1594 2959 ol.
1618 2921 1710 2968 118,
1734 2923 1755 2958 3
1779 2922 1942 2971 protulit
1961 2920 2007 2958 de
2027 2921 2239 2972 prodigiis,

1212 2994 1297 3030 quae
1320 2988 1408 3030 post
1432 2987 1636 3030 occupatas
1659 2979 1828 3016 Athenas
1850 2993 1871 3016 a
1893 2979 2092 3016 Demetrio
2114 2992 2239 3030 appa-

1212 3047 1384 3085 ruerant,
1413 3039 1467 3076 ita
1493 3038 1582 3075 inde
1603 3038 1769 3075 maxime
1792 3038 1933 3085 elucet,
1958 3037 2064 3087 quod
2085 3045 2127 3074 ut
2145 3041 2238 3075 Pto-

1211 3098 1332 3136 lemaei
1350 3098 1476 3134 fautor
1492 3097 1541 3134 ab
1559 3097 1751 3146 Antigono
1766 3097 2021 3147 interemptus
2038 3106 2106 3134 est.
2126 3100 2171 3134 In
2190 3111 2237 3135 eo

1213 3171 1304 3195 vero
1332 3156 1587 3194 Philochorus
1616 3153 1848 3203 elaboravit,
1875 3163 1915 3192 ut
1949 3155 2082 3192 civitas
2112 3155 2238 3195 Athe-

1212 3217 1401 3255 niensium
1420 3214 1541 3252 libera
1558 3222 1670 3261 esset,
1689 3227 1814 3264 neque
1829 3222 1955 3251 tamen
1974 3228 1996 3251 a
2020 3214 2146 3264 plebe,
2168 3215 2237 3253 sed

1212 3289 1232 3313 a
1252 3274 1344 3312 viris
1368 3272 1578 3310 illustribus
1601 3281 1637 3310 et
1662 3272 1869 3310 moderatis
1890 3272 2235 3311 administraretur.

1212 3334 1268 3373 Cf.
1290 3334 1334 3371 fr.
1358 3333 1430 3377 146
1450 3346 1458 3368 :
1477 3331 1654 3383 Φυγάδων
1673 3330 1814 3368 κάθοδον
1833 3329 1963 3387 ἔφαμεν
1983 3330 2235 3386 προσημαίνειν

1213 3390 1414 3445 ἀμφότερα·
1438 3389 1508 3428 καὶ
1532 3388 1694 3436 ταύτην
1714 3389 1787 3427 οὐκ
1804 3390 1847 3427 ἐκ
1872 3389 2117 3440 μεταὸολῆς
2134 3403 2237 3443 προι-
