2320 3684
130 206 201 240 110

126 286 228 333 δνῶν,
261 276 309 321 ὧν
352 280 448 320 ὁλκοὶ
484 278 568 332 πρὸς
598 275 706 322 αὔτὴν
739 271 969 324 ἐκτεινόμενοι
1002 270 1153 325 κορυφὴν

125 341 294 397 συριγμὸν
317 338 426 378 πολὺν
455 336 608 382 ἐξίεσαν.
630 336 711 373 Πᾶν
732 331 769 371 δὲ
788 333 893 370 αὐτοῦ
911 330 952 369 τὸ
970 332 1074 381 σῶμα
1092 345 1157 368 κα-

126 403 341 453 τεπτέρωτο·
365 394 547 448 αὐχμηραὶ
567 391 603 430 δὲ
622 393 661 430 ἐκ
677 391 831 445 κεφαλῆς
848 389 908 428 καὶ
923 388 1062 441 γενείων
1078 387 1156 442 τρί-

126 475 186 513 χες
203 458 441 508 ἐξηνεμοῦντο*
459 456 528 506 πῦρ
543 450 580 490 δὲ
602 449 760 504 ἐδέρκετο
775 454 846 492 τοῖς
861 447 1008 500 ὄμμασι,
1038 451 1054 476 5
1073 449 1156 486 Τοι-

126 521 224 560 οῦτος
236 515 284 554 ὢν
315 517 334 553 ὁ
362 509 489 566 Τυφὼν
518 509 576 549 καὶ
601 510 815 557 τηλικοῦτος,
840 507 999 559 ἡμμένας
1019 506 1156 559 βάλλων

127 574 257 628 πέτρας
277 573 333 611 ἐπ’
351 570 453 609 αὐτὸν
478 568 537 608 τὸν
568 566 726 622 οὖρανὸν,
750 564 839 618 μετὰ
863 567 1039 619 συριγμῶν
1069 567 1157 615 ὁμοῦ

127 633 189 672 καὶ
212 634 297 683 βοῆς
317 628 475 684 ἐφέρετο·
500 626 614 673 πολλὴ
642 624 678 664 δὲ
706 626 746 664 ἐκ
763 629 824 664 τοῦ
848 624 1019 675 στόματος
1052 622 1158 676 πυρὸς

128 690 315 743 ἐξέδρασσε
327 688 429 735 ζάλη.
447 687 464 711 ⁶
483 686 568 726 Θεοὶ
588 684 625 724 δὲ
641 687 687 728 ὣς
709 677 798 722 εἶδον
824 682 926 722 αὐτὸν
945 683 999 721 ἐπ’
1015 682 1156 735 οὐρανὸν

127 747 345 803 ὁρμώμενον,
371 748 417 789 εἷς
438 743 614 796 Αἴγυπτον
638 742 785 797 φυγάδες
803 741 978 796 ἐφέροντο,
997 740 1056 779 καὶ
1073 741 1158 778 διω-

127 806 268 858 κόμενοι
283 806 344 849 τὰς
359 803 452 848 ἰδέας
472 802 664 855 μετέὸαλον
683 803 731 845 εἷς
747 802 830 854 ζὶζια.
851 802 867 827 7
887 799 972 843 Ζεὺς
986 798 1022 837 δὲ
1041 798 1158 852 πόῤῥω

129 865 192 918 μὲν
218 865 301 904 ὄντα
328 865 484 918 Τυφῶνα
509 861 637 900 ἔὸαλλε
662 865 852 914 κεραυνοῖς,
873 858 1023 904 πλησίον
1041 857 1077 895 δὲ
1096 873 1158 909 γε-

127 925 271 979 νόμενον
291 922 512 975 ἀδαμαντίνῃ
529 919 770 966 κατέπτησσεν
790 917 885 972 ἅρπῃ
911 918 970 957 καὶ
989 915 1158 971 φεύγοντα

129 984 213 1038 ἄγρι
227 986 288 1023 τοῦ
307 981 445 1022 Κασίου
466 979 564 1034 ὄρους
583 976 780 1022 συνεδίωξε·
793 980 895 1015 τοῦτο
909 974 946 1013 δὲ
959 973 1159 1028 ὑπέρκειται

129 1027 272 1097 Συρίας.
314 1043 415 1080 Κεῖθι
445 1038 483 1077 δὲ
514 1037 617 1076 αὐτὸν
645 1033 953 1089 κατατετρωμένον
985 1033 1080 1082 ἰδὼν,
1113 1034 1159 1076 εἷς

127 1109 248 1156 χεῖρας
285 1091 464 1139 συνέὸαλε.
497 1100 514 1125 ⁸
532 1095 662 1150 Τυφὼν
699 1096 735 1134 δὲ
767 1100 845 1138 ταῖς
874 1094 1030 1148 σπείραις
1059 1109 1158 1146 περι-

128 1161 310 1214 πλεχθεὶς,
336 1157 507 1209 κατέσχεν
534 1155 651 1203 αὐτὸν,
683 1153 742 1192 καὶ
765 1152 828 1200 τὴν
855 1152 970 1206 ἅρπην
999 1150 1156 1206 περιελό-

129 1218 295 1271 μενος,τά
312 1233 350 1256 τε
360 1219 429 1255 τῶν
446 1216 572 1268 χειρῶν
589 1213 648 1252 καὶ
662 1215 731 1251 τῶν
747 1213 863 1250 ποδῶν
893 1210 1027 1262 διέτεμε
1043 1214 1158 1262 νεῦρα.

129 1279 316 1332 Ἀράμενος
333 1274 369 1314 δὲ
386 1275 443 1313 ἐπὶ
461 1275 531 1312 τῶν
551 1272 672 1322 ὤμων,
690 1269 885 1322 διεκόμισεν
904 1268 1006 1307 αὐτὸν
1026 1267 1082 1305 διὰ
1098 1271 1160 1314 τῆς

129 1336 307 1383 θαλάσσης
336 1335 384 1377 εἷς
416 1331 597 1372 Κιλικίαν·
626 1329 685 1367 καὶ
716 1326 899 1382 παρελθὼν
923 1329 970 1370 εἷς
997 1325 1038 1364 τὸ
1071 1328 1160 1365 Ka)—

129 1393 246 1448 ρύκιον
261 1393 382 1445 ἄντρον
400 1389 576 1429 κατέθετο·
588 1390 604 1414 ⁹
623 1386 750 1438 ὁμοίως
766 1387 802 1424 δὲ
821 1384 933 1424 καὶτὰ
948 1388 1053 1437 νεῦρα
1071 1383 1159 1437 κρύ-

128 1455 196 1506 ψας
211 1452 338 1506 ἄρκτου
354 1450 436 1502 δορᾷ
468 1450 556 1486 κεῖθι
582 1445 729 1484 ἀπέθετο
742 1475 751 1493 ,
772 1444 831 1483 καὶ
854 1443 1050 1490 κατέστησε
1067 1443 1159 1481 Δελ-

129 1511 238 1566 φύνην
266 1510 472 1564 δράκαιναν·
493 1505 625 1559 ἡμίθηρ
643 1504 679 1543 δὲ
699 1498 740 1551 ἦν
759 1502 846 1550 αὕτη
863 1506 886 1550 ἡ
903 1501 1002 1557 κόρη.
1027 1503 1060 1528 ¹⁰
1074 1501 1160 1555 ‘Ep-

131 1574 199 1622 μῆς
219 1569 254 1608 δὲ
274 1569 334 1608 καὶ
366 1566 523 1619 Αἰγίπαν
544 1565 773 1616 ἐκκλέψαντες
794 1561 839 1601 τὰ
863 1565 980 1615 νεῦρα,
1000 1560 1159 1614 ἥρμοσαν

128 1631 179 1667 τῶ
196 1628 252 1667 Διὶ
282 1625 454 1668 λαθόντες.
479 1623 566 1667 Ζεὺς
603 1621 639 1661 δὲ
658 1621 721 1669 τὴν
751 1620 839 1660 ἰδίαν
860 1619 1160 1671 ἀνακομισάμενος

129 1667 253 1740 ἰσχὺν,
284 1684 444 1738 ἐξαίφνης
477 1681 511 1727 ἐξ
540 1682 685 1734 οὐρανοῦ
711 1680 768 1718 ἐπὶ
796 1681 938 1727 πτηνῶν
970 1676 1160 1731 ὀχούμενος

128 1744 246 1783 ἵππων
276 1742 426 1798 ἅρματι,
446 1741 585 1794 βάλλων
620 1744 811 1793 κεραυνοῖς,
844 1738 897 1775 ἐπ’
932 1736 1010 1790 ὄρος
1042 1734 1160 1780 ἐδίωξε

129 1805 297 1857 Τυφῶνα,
320 1801 360 1840 τὸ
390 1799 578 1851 λεγόμενον
609 1797 749 1837 Νύσαν·
782 1795 868 1834 ὅπου
898 1797 1031 1848 Μοῖραι
1055 1793 1158 1832 αὐτὸν

130 1861 323 1914 διωχθέντα
341 1859 541 1906 ἠπάτησαν.
573 1856 734 1899 Πεισθεὶς
759 1855 840 1908 γὰρ,
867 1852 920 1892 ὅτι
944 1851 1160 1907 ῥωσθήσεται

129 1921 278 1972 μᾶλλον,
309 1917 475 1970 ἐγεύσατο
499 1918 569 1954 τῶν
599 1913 783 1968 ἐφημέρων
802 1914 958 1966 καρπῶν.
983 1913 1010 1937 ¹¹
1030 1910 1159 1964 Διόπερ

130 1977 399 2029 ἐπιδιωκόμενος
416 1970 523 2023 αῧθις,
534 1970 618 2022 ἧκεν
636 1974 684 2017 εἷς
700 1971 863 2026 Θρᾴκην,
880 1971 940 2010 καὶ
961 1969 1158 2022 μαχόμενος

130 2036 210 2091 περὶ
232 2036 290 2075 τὸν
313 2029 440 2086 Αἶμον,
463 2031 529 2071 ὅλα
551 2031 674 2070 ἔὸαλεν
697 2031 774 2084 ὅρη.
793 2028 938 2068 Τούτων
968 2028 1004 2066 δὲ
1027 2028 1082 2066 ἐπ’
1100 2030 1160 2066 αι’)-

131 2095 189 2135 τὸν
204 2095 271 2134 ὑπὸ
290 2098 351 2133 τοῦ
373 2095 541 2148 κεραυνοῦ
559 2091 665 2130 πάλιν
683 2088 904 2141 ὠθουμένων,
922 2086 1010 2126 πολὺ
1030 2087 1087 2125 ἐπὶ
1098 2091 1160 2125 τοῦ

129 2154 228 2208 ὅρους
249 2152 428 2198 ἐξέκλυσεν
449 2145 555 2201 αἷμα·
580 2149 639 2187 καὶ
665 2148 768 2203 φασὶν
796 2149 836 2186 ἐκ
863 2146 987 2185 τούτου
1017 2145 1057 2184 τὸ
1084 2145 1161 2199 ὄρος

131 2214 305 2260 κληθῆναι
323 2206 447 2261 Αἶμον.
470 2210 501 2236 ¹²
513 2207 665 2259 Φεύγειν
688 2206 725 2245 δὲ
741 2206 952 2261 ὁρμηθέντος
966 2206 1072 2243 αὐτοῦ
1104 2203 1161 2243 διὰ

132 2274 194 2318 τῆς
213 2271 401 2315 Σικελικῆς
416 2267 606 2315 θαλάσσης,
624 2265 712 2309 Ζεὺς
731 2264 911 2319 ἐπέρριψεν
932 2263 1061 2311 Αἴτνην
1085 2262 1161 2317 ὅρος

134 2331 169 2368 ἐν
192 2327 339 2381 Σικελίᾳ
353 2343 360 2350 ·
377 2331 477 2365 τοῦτο
496 2324 531 2364 δὲ
547 2323 779 2379 ὑπερμέγεθές
793 2325 899 2362 ἐστιν.
919 2321 981 2367 Ἐξ
1000 2319 1039 2360 οἷ
1055 2321 1161 2375 μέχρι

132 2389 234 2442 δεῦρο
267 2386 371 2440 φασὶν
398 2383 467 2423 ἀπὸ
491 2387 560 2423 τῶν
579 2382 775 2436 βληθέντων
812 2383 986 2435 κεραυνῶν
1005 2382 1161 2432 γίνεσθαι

133 2446 240 2501 πυρὸς
263 2443 534 2499 ἀναφυσήματα.
570 2441 675 2481 Ἀλλὰ
699 2441 778 2494 περὶ
808 2439 871 2492 μὲν
896 2439 1028 2478 τούτων
1054 2438 1161 2492 μέχρι

133 2508 194 2543 τοῦ
211 2505 311 2557 δεῦρο
325 2506 410 2555 ἡμῖν
426 2501 593 2554 λελέχθω.

607 2588 695 2595 -.--

499 2638 748 2670 ΚΕΦΑΛΑΙΟΝ
771 2638 802 2667 Ζ.

190 2718 244 2768 (1)
274 2713 483 2770 Προμηθεὺς
503 2713 539 2752 δὲ
569 2712 604 2758 ἐξ
636 2712 758 2755 ὕδατος
790 2710 849 2749 καὶ
872 2713 935 2762 γ’ῆς
965 2710 1164 2763 ἀνθρώπους

136 2777 295 2825 πλάσας,
325 2774 451 2814 ἔδωκεν
485 2775 598 2817 αὐτοῖς
637 2771 696 2810 καὶ
728 2774 823 2823 πῦρ,
855 2769 969 2824 λάθρα
993 2768 1095 2816 Διὸς,
1129 2770 1163 2807 ἐν

137 2836 284 2889 νάρθηκι
317 2834 462 2888 κρύψας.
499 2834 516 2859 2
536 2833 601 2876 εΩς
626 2831 662 2870 δὲ
699 2830 824 2883 ᾔσθετο
856 2828 965 2878 Ζεὺς,
1003 2827 1164 2872 ἐπέταξεν

139 2895 336 2947 (Ηφαίστῳ,
359 2896 409 2946 τῷ
430 2892 609 2946 Καυκάσῳ
631 2891 701 2945 ὄρει
717 2890 756 2928 τὸ
779 2891 883 2940 σῶμα
904 2890 1008 2926 αὐτοῦ
1028 2902 1165 2940 προση-

138 2957 267 2992 λῶσαι*
290 2958 391 2992 τοῦτο
413 2953 450 2992 δὲ
473 2951 644 2993 Σκυθικὸν
663 2951 738 3004 ὅρος
763 2949 868 2988 ἐστίν.
891 2949 908 2975 ³
927 2948 990 2988 Ἐν
1008 2946 1045 2985 δὲ
1054 2946 1167 3000 τούτῳ

140 3012 377 3064 προσηλωθεὶς
404 3010 613 3066 Προμηθεὺς
640 3011 779 3049 πολλῶν
806 3008 891 3046 ἐτῶν
915 3005 1060 3060 ἀριθμὸν
1088 3004 1165 3044 ἐδέ-

141 3072 234 3109 δετο·
266 3072 342 3109 καθ’
378 3072 528 3119 ἑκάστην
558 3071 594 3109 δὲ
623 3069 758 3123 ἡμέραν
783 3067 879 3110 ἀετὸς
924 3065 1167 3120 ἐφιπτάμενος,

143 3134 246 3169 αὐτοῦ
265 3129 342 3172 τοὺς
359 3130 483 3175 λοὸοὶις
508 3129 648 3181 ἐνέμετο
667 3131 736 3167 τῶν
759 3126 904 3174 ἡπάτων
928 3123 1167 3175 αὐξανομένων

143 3187 200 3227 διὰ
224 3188 355 3231 νυκτός.
379 3193 394 3216 4
414 3190 484 3228 Καὶ
515 3189 720 3243 Προμηθεὺς
757 3186 819 3239 μὲν
854 3185 960 3240 πυρὸς
979 3183 1169 3227 κλαπέντος

143 3248 243 3294 δίκην
263 3246 352 3285 ἔτινε
376 3247 522 3299 ταύτην,
549 3249 670 3302 μέχρις
694 3249 874 3302 ἹΙρακλῆς
899 3245 1002 3284 αὐτὸν
1027 3243 1168 3298 ὕστερον

145 3307 277 3355 ἔλυσεν,
299 3309 345 3350 ὥς
367 3309 400 3345 ἐν
420 3313 491 3352 τοῖς
511 3308 587 3346 καθ’
605 3306 786 3362 Ἡρακλέα
806 3305 1019 3356 δηλώσομεν.
1092 3356 1114 3364 υ

198 3366 250 3419 (2)
278 3365 494 3419 Προμηθέως
523 3366 559 3404 δὲ
576 3372 657 3409 παῖς
676 3365 877 3405 Δευκαλίων
899 3363 1045 3417 ἐγένετο.
1060 3365 1170 3406 Οὗτος

757 185 1134 228 ΑΠΟΑΛΟΔΩΡΟΥ
1162 185 1504 225 ΒΙΒΛΙΟΘΗΚΗΣ
1532 188 1579 238 Α,
1607 186 1645 232 ζ’.

1214 284 1366 317 verticem
1381 286 1512 318 extenta
1522 309 1531 326 ,
1548 294 1664 327 magna
1689 286 1809 318 dabant
1835 286 1940 319 sibila.
1971 287 2048 328 (Hic
2066 286 2230 328 ponenda

1214 341 1376 375 videntur
1397 352 1440 377 ea
1454 353 1534 386 quoe
1543 345 1670 386 paullo
1685 347 1764 378 ante
1779 346 1914 377 uncinis
1928 344 2158 386 inclusimus.)
2170 347 2230 378 Το-

1214 400 1284 431 tum
1291 400 1361 441 eius
1376 409 1493 442 corpus
1511 401 1570 434 alis
1586 401 1666 443 (vel)
1684 401 1797 443 pennis
1813 403 1881 434 erat
1894 401 2083 434 obductum.
2098 402 2233 443 Hispida

1215 457 1362 490 caesaries
1370 458 1535 500 mentique
1541 459 1640 492 barba
1652 460 1739 493 venti
1749 459 1826 491 flatu
1836 459 2048 500 agitabantur.
2062 459 2148 500 Ignis
2159 458 2234 492 emi-

1215 515 1308 547 cabat
1322 516 1434 549 oculis.
1453 521 1468 540 ¹⁵
1480 518 1567 550 Talis
1581 519 1754 559 tantusque
1774 518 1910 559 Typhon
1926 517 2111 550 ardentibus
2126 517 2234 558 ipsum

1217 574 1334 607 coelnm
1358 576 1524 608 montibus
1540 578 1651 618 petens
1667 586 1742 610 cum
1758 577 1853 610 sibilo
1869 577 1965 609 simul
1981 577 2078 618 atque
2096 576 2235 608 clamore

1216 634 1387 667 ferebatur.
1406 637 1521 677 Magna
1536 646 1575 669 ex
1588 646 1643 670 ore
1658 637 1739 678 ignis
1752 637 1890 679 procella
1908 635 2102 669 defervebat.
2119 637 2236 669 «Hunc

1215 692 1272 725 ubi
1285 693 1331 726 dii
1346 693 1380 726 in
1395 695 1513 727 coelum
1528 704 1720 737 prospexere
1741 696 1989 736 irrumpentem,
2006 695 2082 736 fuga
2101 695 2237 727 salutem

1216 754 1398 792 quaerentes
1413 754 1446 785 in
1467 755 1640 795 AEgyptum
1661 763 1830 796 properare
1848 757 2014 796 coeperunt
2027 778 2037 795 ,
2057 753 2182 795 ibique,
2199 754 2238 786 ut

1216 814 1459 852 persequentem
1475 812 1630 853 fallerent,
1644 813 1677 845 in
1692 813 1797 845 varias
1810 813 2024 845 animantium
2037 812 2156 845 formas
2167 820 2238 846 sese

1217 869 1354 910 quisque
1366 872 1632 904 transmutatunt.
1650 872 1792 913 ⁷Jupiter
1799 874 1905 904 autem
1918 871 2030 913 procul
2043 879 2102 904 ase
2112 870 2238 913 Typho-

1217 937 1292 961 nem
1305 930 1510 970 conspicatus
1524 930 1656 962 fulmine
1668 932 1838 972 percussit3
1852 930 1907 962 ubi
1920 939 1995 963 vero
2003 930 2152 963 cominus
2163 930 2237 970 fuit,

1217 987 1423 1020 adamantina
1438 988 1527 1020 illum
1544 989 1624 1021 falce
1637 989 1802 1029 deterruit,
1817 998 1855 1021 ac
1869 989 2042 1030 fugientem
2055 989 2097 1021 ad
2106 989 2240 1022 Casium

1217 1053 1321 1085 usque
1336 1047 1488 1078 extremae
1514 1046 1615 1086 Syriae
1642 1048 1785 1078 montem
1809 1048 1996 1086 persecutus
2012 1047 2083 1086 est3
2107 1045 2215 1086 ibique
2227 1069 2239 1086 ‚

1217 1112 1318 1144 quum
1332 1103 1478 1136 saucium
1490 1112 1565 1136 eum
1580 1105 1793 1145 cognovisset,
1801 1113 1916 1136 manus
1929 1104 2104 1137 conseruit.
2112 1106 2169 1140 ⁸At
2180 1106 2241 1146 Ty-

1217 1164 1305 1205 phon
1320 1164 1480 1204 spirarum
1499 1163 1663 1196 volumine
1683 1164 1919 1205 circumplexus
1941 1166 2057 1196 Jovem
2079 1163 2240 1204 detinuit,
2282 1199 2286 1202 ,

1218 1223 1312 1263 eique
1330 1223 1429 1263 harpe
1439 1245 1450 1262 ,
1467 1231 1564 1263 quam
1580 1222 1730 1255 manibus
1746 1223 1815 1264 ejus
1829 1225 2023 1263 extorserat,
2043 1223 2162 1263 pedum
2176 1231 2242 1254 ma-

1219 1289 1384 1321 nuumque
1397 1280 1544 1313 tendines
1565 1281 1730 1320 dissecuit,
1752 1281 2004 1322 impositumque
2025 1281 2168 1314 humeris
2185 1290 2262 1323 per¹

1219 1347 1308 1371 mare
1326 1339 1556 1380 transportavit
1577 1339 1610 1371 in
1626 1339 1789 1379 Ciliciam;
1813 1348 1879 1380 quo
1897 1348 1999 1380 quum
2019 1339 2242 1381 pervenisset,

1219 1398 1303 1430 intra
1321 1398 1495 1439 Corycium
1511 1399 1642 1430 antrum
1657 1400 1771 1431 Jovem
1783 1421 1793 1438 ‚
1808 1401 1949 1430 ⁹necnon
1962 1397 2110 1431 tendines
2125 1397 2159 1430 iu
2175 1396 2244 1431 ursi

1219 1456 1300 1498 pelle
1316 1456 1492 1489 occultatos
1518 1456 1688 1498 deposuit;
1706 1456 1873 1489 custodem
1896 1465 1975 1489 vero
1990 1456 2160 1489 collocavit
2173 1456 2244 1489 Del-

1220 1515 1359 1556 phynen,
1375 1514 1560 1554 draconem,
1573 1514 1713 1556 puellam
1741 1514 1933 1547 semiferam.
1948 1517 1976 1537 ¹⁰
1990 1514 2052 1547 Sed
2063 1514 2243 1548 Mercurius

1219 1574 1251 1604 et
1270 1572 1404 1613 AEgipan
1426 1581 1542 1605 nervos
1565 1573 1715 1605 suffurati
1742 1573 1924 1606 clanculum
1946 1573 2021 1605 Jovi
2039 1574 2242 1615 aptaverunt.

1220 1630 1346 1672 Jupiter
1362 1630 1472 1672 itaque
1486 1631 1622 1672 receptis
1637 1631 1780 1672 pristinis
1795 1631 1933 1671 viribus,
1946 1639 2055 1672 curru,
2069 1630 2123 1663 cui
2142 1630 2244 1663 alatos

1219 1698 1320 1731 equos
1330 1691 1491 1732 junxerat,
1509 1698 1528 1722 e
1543 1689 1624 1722 coelo
1637 1691 1767 1731 repente
1782 1690 1980 1722 descendens
1995 1689 2184 1731 Typhonem
2202 1689 2245 1722 ad

1219 1750 1339 1789 Nysam
1358 1757 1463 1789 usque
1478 1750 1622 1780 montem
1640 1748 1833 1780 fulminibus
1856 1747 2040 1790 impetendo
2055 1749 2245 1789 persecutus

1219 1810 1278 1848 est,
1295 1807 1351 1839 ubi
1367 1816 1387 1839 a
1402 1809 1484 1839 Jove
1498 1807 1698 1848 exagitatum
1711 1808 1819 1839 Parcae
1834 1806 2038 1848 deceperunt.
2051 1808 2133 1839 Nam
2147 1815 2247 1848 poma

1220 1866 1274 1898 illa
1291 1875 1364 1907 quae
1377 1867 1473 1898 unius
1487 1865 1550 1898 diei
1563 1866 1652 1906 sunt,
1670 1865 1827 1906 gustavit,
1841 1874 1942 1907 quum
1958 1865 2034 1898 inde
2046 1874 2082 1899 se
2093 1866 2245 1899 valentio-

1219 1934 1286 1958 rem
1304 1925 1372 1958 fore
1386 1933 1559 1966 persuasus
1571 1926 1664 1958 esset.
1675 1924 1781 1956 ¹¹Dein
1798 1932 1900 1965 quum
1916 1925 2032 1956 Jovem
2042 1933 2154 1956 rursus
2166 1924 2246 1956 inse-

1219 1987 1373 2026 quentem
1399 1984 1524 2017 videret
1539 2008 1549 2025 ‚
1566 1983 1599 2015 in
1619 1983 1788 2016 Thraciam
1816 1982 1998 2023 contendit,
2017 1991 2189 2024 pugnaque
2203 1982 2246 2016 ad

1221 2046 1370 2077 Haemum
1386 2042 1561 2075 commissa
1574 2065 1583 2082 ‚
1603 2043 1691 2075 totos
1712 2044 1840 2074 montes
1862 2037 2023 2082 jaculatus
2040 2042 2101 2074 est.
2118 2041 2246 2079 Quibus

1220 2106 1331 2136 contra
1346 2103 1454 2144 ipsum
1468 2101 1642 2133 fulminum
1657 2100 1692 2133 vi
1707 2101 1845 2141 rejectis,
1860 2099 2000 2133 multum
2013 2099 2048 2131 in
2063 2100 2125 2132 hoc
2137 2101 2248 2132 monte
2314 2142 2316 2146 .

1220 2162 1383 2203 sanguinis
1392 2160 1581 2200 exundavit,
1589 2168 1607 2191 a
1617 2168 1681 2200 quo
1688 2158 1791 2191 Haemi
1806 2167 1923 2191 nomen
1937 2158 2080 2191 montem
2087 2158 2248 2199 accepisse

1219 2222 1343 2255 dicunt.
1363 2223 1391 2243 ¹2
1406 2220 1555 2261 Fugienti
1584 2219 1735 2260 deinceps
1765 2227 1821 2260 per
1843 2217 1987 2250 Siculum
2006 2225 2095 2250 mare
2121 2217 2248 2259 Jupiter

1220 2284 1361 2321 AEtnam,
1373 2281 1553 2314 maximum
1563 2278 1678 2312 Siciliae
1694 2279 1849 2317 montem,
1857 2277 2074 2319 superinjecit,
2081 2285 2122 2309 ex
2137 2284 2204 2317 quo
2213 2276 2247 2308 in

1220 2341 1302 2373 hanc
1315 2347 1419 2380 usque
1434 2337 1658 2379 tempestatem
1670 2336 1712 2369 ob
1725 2336 1925 2377 frequentem
1937 2334 2110 2367 fulminum
2123 2335 2247 2376 jactum

1220 2399 1343 2440 ignium
1361 2397 1428 2429 fieri
1444 2396 1640 2438 spiramenta
1655 2395 1772 2428 ferunt.
1790 2395 1838 2426 De
1854 2393 1905 2426 his
1920 2395 2029 2425 autem
2053 2393 2124 2425 haec
2142 2393 2246 2426 inacte

1219 2465 1284 2489 nus
1299 2465 1318 2489 a
1336 2455 1431 2488 nobis
1448 2454 1533 2487 dicta
1548 2456 1655 2486 sunto.

1622 2648 1759 2680 CAPUT
1780 2647 1852 2678 vn.

1263 2727 1310 2767 (1)
1334 2725 1543 2758 Prometheus
1566 2722 1712 2754 formatis
1733 2731 1773 2755 ex
1795 2729 1878 2762 aqua
1893 2722 1926 2753 et
1951 2722 2036 2752 terra
2062 2719 2249 2752 hominibus

1224 2789 1306 2821 clam
1314 2790 1396 2820 Jove
1411 2787 1518 2827 ignem
1533 2786 1567 2817 in
1584 2784 1683 2817 ferula
1694 2786 1819 2816 furatus
1831 2783 1931 2815 dedit.
1946 2786 1962 2806 ²
1973 2782 2066 2820 Quod
2083 2782 2139 2816 ubi
2149 2783 2249 2815 sensit

1225 2852 1363 2893 Jupiter,
1371 2850 1518 2883 Vulcano
1536 2847 1708 2889 imperavit
1723 2850 1758 2879 ut
1770 2846 1812 2879 ad
1823 2848 2004 2880 caucasum
2021 2848 2164 2878 montem
2179 2853 2247 2879 cor-

1225 2926 1287 2959 pus
1295 2917 1364 2958 ejus
1371 2914 1523 2955 affigeret.
1533 2915 1566 2945 Is
1575 2920 1653 2944 vero
1666 2919 1761 2943 mons
1770 2912 1820 2943 est
1828 2910 1995 2951 scythiae}
2004 2910 2038 2942 in
2047 2919 2112 2951 quo
2122 2912 2248 2943 Prome-

1226 2981 1320 3013 theus
1333 2977 1432 3010 clavis
1447 2975 1594 3008 confixus
1612 2973 1787 3006 multorum
1809 2981 1967 3005 annorum
1991 2981 2163 3004 numerum
2178 2972 2248 3005 reli-

1226 3047 1319 3087 gatus
1331 3040 1518 3085 permansit.
1535 3038 1651 3080 Aquila
1666 3039 1776 3070 autem
1798 3037 1942 3078 quotidie
1955 3036 2108 3069 devolans
2123 3037 2248 3079 hepatis

1226 3111 1322 3143 fibras
1331 3108 1522 3150 pernoctem
1535 3104 1773 3138 succrescentes
1783 3102 2025 3144 depascebatur.
2037 3104 2142 3135 ⁴Hanc
2151 3103 2249 3144 igitur

1227 3173 1439 3209 Prometheus
1453 3170 1495 3203 ob
1509 3170 1590 3211 ignis
1597 3168 1720 3200 furtum
1731 3175 1860 3209 poenam
1870 3166 1969 3206 dedit,
1981 3166 2082 3199 donec
2094 3166 2248 3200 Hercules
2303 3198 2315 3203 ⁷,

1227 3250 1302 3275 eum
1317 3238 1456 3272 vinculis
1470 3235 1638 3274 liberavit,
1654 3231 1927 3275 quemadmodum
1949 3232 1981 3263 in
1998 3231 2094 3264 rebus
2109 3231 2151 3264 ab
2169 3232 2246 3264 Her·

1228 3306 1298 3339 cule
1310 3304 1407 3346 gestis
1419 3299 1722 3335 demonstrabimus.

1271 3371 1316 3411 (2)
1333 3366 1517 3402 Promethei
1528 3365 1612 3398 filius
1626 3365 1694 3396 erat
1709 3361 1894 3395 Deucalion.
1913 3360 1975 3393 Hic
1989 3359 2122 3400 imperio
2133 3359 2247 3392 tenens
