2320 3684
139 225 185 257 28
891 208 1130 250 HECATAEI
1157 208 1491 249 FRAGMENTA.

607 302 696 341 350.
1694 300 1784 339 354.

191 366 326 417 steph,
346 368 436 414 Byz.
456 361 627 409 Χαδισία,
655 359 756 403 πόλις
781 359 1026 414 Λευκοσύρων.
1053 358 1166 399 Ἕκα·
1276 360 1573 412 Harpocration.
1589 374 1598 397 τ
1616 358 1834 413 Ἀδελφίζειν,
1848 357 1926 397 ἀντὶ
1943 363 2005 398 τοῦ
2021 359 2169 414 ἀδελφὸν
2184 375 2247 399 κα-

138 432 233 470 ταῖος
257 424 485 499 γενεαλογιῶν
507 419 668 474 δευτέρῳ·
690 438 705 454 α
719 421 742 467 ἡ
763 417 798 457 δὲ
819 418 1028 473 Θεμισκύρη
1047 419 1165 458 πεδίον
1224 418 1309 465 λεῖν,
1327 418 1410 471 παρ’
1430 417 1649 471 Ἰσοκράτους
1675 419 1710 456 ἓν
1733 419 1951 470 Αἷγινητικῷ
1978 417 2040 456 καὶ
2065 417 2249 472 Ἑκαταίῳ

140 485 233 525 ἐστὶν
254 482 325 522 ἀπὸ
345 479 517 527 Χαδισίης
531 478 636 532 μέχρι
656 477 953 532 Θερμώδοντος.»
1224 479 1275 531 τῖ)
1292 477 1485 531 Μιλησίῳ’
1469 493 1504 516 εν
1517 477 1665 532 δευτέρῳ
1678 478 1826 530 ἠρωελε·
1824 476 1910 529 (είῳ.
1919 479 2122 516 -Zonan
2134 477 2250 517 Ἀδελ-

194 601 319 641 Schol.
335 600 515 651 Apollon.
539 538 735 642 Rh33.111‚
758 599 878 643 1003,
899 596 948 635 de
965 597 1170 636 Amazoni-

140 661 236 699 bus:
249 657 433 706 Χαδησίας
464 656 500 695 δὲ
529 655 634 700 αὐτὰς
664 649 760 694 εἶπεν
775 654 987 703 Ἑκαταῖος,
1009 655 1080 694 ἀπὸ
1106 659 1168 695 τοῦ

141 719 308 771 χαδησαι.

1226 514 1334 590 φίζειν
1355 535 1431 574 ἀντὶ
1447 540 1508 574 τοῦ
1532 535 1679 588 ἀδελφὸν
1699 537 1830 574 καλεῖν·
1845 535 1953 578 οὕτως
1971 535 2175 590 Ἰσοκράτης
2189 535 2251 575 καὶ

1226 596 1245 633 ὁ
1264 593 1436 641 Μιλήσιος
1457 593 1647 638 Ἑκαταῖος
1677 594 1737 632 καὶ
1760 594 2056 648 Ἀπολλοφάνηςέ
2040 594 2250 649 εχρήσαντο.

1229 674 1278 680 -
1298 653 1405 692 Suid.
1426 651 1740 706 Ἀδελφειός-καὶ
1758 652 1949 706 ἀδελφίζειν
1970 652 2047 692 ἀντὶ
2064 657 2125 692 τοῦ
2145 654 2252 692 ἀδελ-

1228 709 1290 763 φὸν
1313 711 1446 750 καλεῖν·
1467 711 1576 755 οὕτως
1595 710 1797 778 Ἰσοκράτης
1816 711 1920 750 καὶὸ
1945 710 2119 759 Μιλήσιος
2140 710 2254 751 Ἑκα-

1226 774 1335 812 ταῖος.
1358 770 1502 807 Mirum
1519 778 1587 816 est,
1608 770 1639 808 si
1663 770 1748 821 quis
1766 770 1807 807 in
1829 770 1916 808 loco
1934 771 2254 821 Harpocrationis

1229 842 1365 867 vocem
1381 829 1601 883 ἡρωελεγείῳ
1617 838 1762 876 tuetur,
1780 842 1866 880 quae
1884 830 1924 867 in
1945 837 2057 868 aetate
2086 831 2252 868 Hecataei

1228 888 1367 927 Milesii
1382 903 1430 927 ne
1452 890 1662 940 excogitari
1678 889 1835 940 quidem
1858 889 1998 939 potuit.
2032 889 2254 928 Emendan-

1231 947 1324 985 dum
1344 955 1402 985 est
1421 948 1502 986 sive
1518 948 1761 999 γενεαλογιῶν,
1781 947 1945 998 quodG.
1968 950 1998 985 1.
2010 947 2168 986 Vossius
2183 948 2256 999 (De

1230 1007 1319 1045 hist.
1340 1010 1407 1046 Gr.
1429 1021 1466 1059 p.
1489 1007 1596 1060 439),
1611 1009 1690 1046 sive
1709 1009 1872 1060 ἡρωϊκῶν
1888 1007 2130 1058 γενεαλογιῶν,
2149 1007 2256 1059 quod

1232 1066 1410 1106 Sevinius
1427 1068 1646 1119 proposuit,
1672 1067 1753 1106 sivc
1773 1065 1899 1120 ἡρώων
1919 1066 2164 1118 γενεαλογιῶν,
2196 1065 2257 1104 vel

1235 1126 1308 1163 tale
1330 1126 1436 1176 quid.

196 835 325 874 Schol.
339 833 461 885 Apoll.
475 833 603 871 Rhod.
619 836 670 880 ΙΙ,
681 834 778 883 948.
793 835 1025 871 Narraverat
1039 831 1171 870 Andro

141 895 254 933 Teius
267 897 503 932 Amazonem
517 892 713 943 quandam
726 892 820 930 vino
831 899 1022 930 assuetam
1039 892 1174 943 appel-

144 955 206 992 lat
199 967 260 990 un
279 966 360 991 esse
377 955 566 1002 Sanapen,
586 965 634 989 ex
653 964 730 1002 qua
755 949 803 988 ab
826 951 1007 1002 Apolline
1031 954 1172 1001 Syrum

143 1013 314 1065 genitum
338 1024 420 1049 esse
449 1010 661 1048 narraverit
682 1009 1027 1060 Philostephanus·
1042 1009 1117 1047 ἐπεὶ
1136 1008 1173 1047 δὲ

143 1072 174 1108 οἳ
195 1069 340 1122 μέθυσοι
361 1067 527 1107 Σανάπαι
545 1067 710 1120 λέγονται
725 1066 824 1122 παρὰ
843 1067 976 1122 Θραξὶν
996 1062 1036 1119 (ᾗ
1057 1066 1175 1106 διαλέ-

144 1143 217 1182 κτῳ
239 1130 396 1182 χρῶνται
427 1126 487 1166 καὶ
519 1125 732 1176 Ἀμαζόνες),
757 1128 931 1174 κληθηναι
950 1125 1014 1173 τὴν
1051 1126 1172 1165 πόλιν·

144 1185 266 1225 ἔπειτα
285 1185 379 1225 κατὰ
398 1185 526 1240 φθορὰν
547 1184 741 1232 Σινώπη-α
726 1188 771 1232 «ἡ
789 1184 827 1223 δὲ
847 1183 995 1236 μέθυσος
1014 1183 1174 1236 Ἀμαζὼν

146 1246 215 1283 «ἐκ
232 1247 295 1292 τῆς
311 1242 446 1287 πόλεως
460 1242 671 1297 παρεγένετο
683 1243 769 1298 πρὸς
790 1242 977 1292 Λυτίδαν,>
969 1261 985 1278 »
1005 1241 1052 1286 ὥς
1070 1257 1175 1296 φησιν

145 1301 350 1346 Ἑκαταῖος.

1635 1245 1855 1262 ᾔσθου-

619 1363 668 1399 35
674 1361 709 1398 3
1540 1327 1692 1364 LIBER
1719 1327 1949 1365 TERTIUS.

200 1421 364 1472 Longin.
386 1419 475 1473 Περὶ
495 1418 601 1473 ὕψους
628 1434 661 1457 c.
683 1433 757 1467 27:
771 1417 855 1457 Ἔτι
877 1433 917 1469 γε
937 1417 1006 1469 μὴν
1030 1417 1102 1456 ἔσθ’
1122 1416 1180 1456 ὅτε
1705 1412 1793 1450 355

147 1479 228 1533 περὶ
246 1477 437 1533 προσώπου
462 1477 689 1529 διηγούμενος
708 1480 727 1515 ὃ
747 1476 964 1531 συγγραφευς
977 1508 987 1526 ,
1016 1476 1179 1530 εξαιφνῆς
1290 1469 1432 1509 Athen.
1445 1473 1512 1519 lv,
1526 1484 1565 1521 p.
1586 1471 1681 1514 148:
1697 1470 1898 1525 Ἀρκαδικὸν
1915 1470 1953 1510 δὲ
1969 1473 2105 1513 δεῖπνον
2121 1474 2265 1528 διαγρά-

147 1537 373 1591 παρενεχθεὶς
392 1538 439 1580 εἷς
457 1536 497 1575 τὸ
511 1537 596 1576 αὐτὸ
611 1535 799 1589 πρόσωπον
816 1536 1113 1587 ἀντιμεθίσταται.
1128 1558 1181 1566 --
1238 1545 1311 1584 φων
1328 1531 1347 1567 ὃ
1371 1528 1543 1576 Μιλήσιος
1562 1527 1784 1574 Ἑκαταῖος’
1768 1545 1803 1568 εν
1821 1546 1865 1583 τῃ
1883 1530 1983 1584 τρίτῃ
2002 1534 2072 1571 τῶν
2099 1535 2265 1585 γενεαλο-

148 1597 212 1636 Διὸ
226 1597 285 1635 καὶ
305 1599 327 1644 ἡ
348 1595 545 1650 πρόχρησις
558 1611 619 1635 του
638 1595 821 1648 σχήματος
841 1595 920 1634 τότε
940 1594 1046 1642 ἡνίκα
1063 1593 1140 1640 ὄξυς
1163 1598 1181 1634 ὃ
1237 1603 1322 1641 Ὑῑων
1344 1605 1359 1622 ‘
1372 1587 1484 1639 μᾶζάς
1506 1603 1610 1641 φησιν
1631 1592 1720 1627 Εἶναι
1737 1588 1836 1628 ’‘Ul‘'
1818 1605 1893 1652 ⁰⁵}OE
1909 1605 1970 1645 κρε
1956 1590 2009 1631 -’-α
2020 1609 2036 1627 »

149 1655 268 1709 καιρὸς
283 1671 331 1694 ων
352 1655 554 1706 διαμέλλειν
574 1657 625 1708 τῷ
647 1654 816 1708 γράφοντι
834 1654 884 1706 μὴ
902 1655 998 1707 διδῷ,
1019 1654 1095 1692 ἀλλ’
1120 1656 1181 1693 εὖ-
1705 1647 1794 1686 356-

149 1714 206 1758 θυς
224 1714 453 1766 ἐπαναγκάζῃ
476 1694 738 1765 μεταὸάίνειν’
722 1729 762 1752 εκ
784 1713 984 1767 προσώπων
1006 1714 1054 1758 εἷς
1072 1713 1182 1766 πρόσ-
1292 1705 1417 1744 Strab·
1438 1709 1519 1754 VII,
1540 1719 1576 1758 P·
1592 1712 1690 1756 494·
1705 1705 1891 1750 Εκαταῖθς
1905 1707 1949 1759 μὲ
1951 1723 1968 1745 V
1982 1702 2040 1746 0ον
2059 1711 2078 1747 ὃ
2095 1708 2267 1756 Μῑλῆσῑθς

150 1789 243 1811 ωπα·
269 1775 316 1817 ὡς
343 1789 403 1811 και
431 1772 529 1827 παρὰ
553 1776 604 1827 τῷ
625 1772 852 1826 Ἑκαταίῳη
853 1771 971 1825 ι’Κηυξ
1005 1771 1042 1810 δὲ
1069 1788 1182 1811 ταυτα
1238 1765 1318 1818 περὶ
1334 1767 1396 1812 τῆς
1413 1763 1685 1812 Πελοποννησθυ
1705 1764 1865 1818 φησὶν,σ
1843 1781 1896 1804 0²¹²
1915 1781 1983 1820 προ
1996 1768 2066 1806 τῶν
2082 1766 2266 1815 Ελλήνων

151 1831 275 1870 «δεινὰ
294 1830 522 1884 ποιούμενος,
543 1831 671 1871 αὐτίκα
693 1831 833 1871 ἐκέλευε
851 1831 931 1874 τους
950 1831 1183 1884 Ἡρακλείδας
1239 1823 1382 1878 ωκησαν
1402 1822 1510 1870 αὐτὴν
1531 1821 1711 1876 βαρὸαρθῑ·
1725 1823 1859 1876 Σχεδθν
1877 1823 1915 1863 δέ
1925 1841 1960 1863 τι
1977 1825 2038 1864 καὶ
2054 1828 2077 1873 ἦ
2096 1842 2268 1877 &ull-⁷²²⁶&

151 1891 360 1943 «ἐπιγόνους
379 1893 562 1964 ἐκχωρεῖν·
582 1893 635 1930 Οὐ
652 1890 719 1946 γὰρ
737 1894 818 1942 ὑμῖν
839 1889 983 1934 δυνατός
1006 1893 1078 1942 εἶμι
1096 1891 1183 1944 ἀρή-
1242 1881 1373 1927 Ἑλλὰς
1399 1882 1565 1921 “dmm-4⁰(
1595 1882 1782 1936 βαρὸἄρων
1802 1882 1934 1936 &impie
1953 1899 1994 1923 τῦ
2021 1884 2225 1935 παλαιὸν,’
2205 1885 2268 1924 απ’

151 1965 265 2043 Σγειν·
281 1952 328 1995 ὡς
347 1949 396 2001 μὴ
422 1953 470 1989 ὠν
489 1949 589 1988 αὐτοί
605 1965 644 1988 τε
667 1949 849 1998 ἀπόλησθε
878 1947 971 2001 κάμὲ
1000 1948 1181 2003 τρώσητε,
1241 1945 1352 1982 αὐτῶν
1368 1943 1601 1996 ΛΟΥῑζΟμενΟῑς
1614 1958 1684 1982 των
1704 1943 2029 1996 μνημονευομενων.

177 2011 212 2053 ἐς
230 2009 336 2047 ἄλλον
355 2008 434 2048 τινὰ
462 2010 573 2060 δῆμον
597 2009 850 2062 ἀποίχεσθαι.)
841 2009 1084 2047 ›Ionismum
1113 2024 1180 2048 re—
1711 2008 1800 2047 357.

149 2070 274 2107 stituit
292 2072 504 2108 Creuzerus
525 2070 576 2120 (p.
607 2068 685 2120 54),
717 2069 786 2119 qui
813 2082 892 2107 non
923 2068 1024 2107 hene
1053 2070 1183 2108 omisit

151 2127 341 2179 ἐπιγόνους.
359 2129 550 2167 Videtur
540 2143 581 2166 ιιι
597 2129 658 2176 iis,
673 2142 759 2179 quae
777 2136 1078 2176 antecesserunt,
1103 2142 1185 2167 ser-

153 2201 216 2224 mo
239 2188 354 2225 fuisse
373 2188 421 2225 de
436 2187 617 2238 Hercule,
634 2187 743 2238 cujus
759 2186 913 2238 ἐπίγονοι
933 2196 1023 2225 sunt
1050 2191 1178 2226 Hera-

154 2246 273 2284 clidae.
294 2249 442 2285 Notum
459 2254 517 2284 est
530 2247 791 2296 Eurystheum
801 2246 948 2284 bellum
968 2248 1083 2298 Ceyci
1103 2261 1185 2286 esse

152 2306 338 2343 minatum
357 2305 549 2357 (Apollod.
565 2309 614 2353 ΙΙ,
636 2306 672 2353 8,
687 2305 798 2357 init..)

1294 2069 1424 2109 Schol.
1444 2069 1578 2120 Eurip.
1599 2071 1724 2107 Orest.
1747 2070 1847 2119 86ε9
1863 2067 1911 2107 H
1929 2067 2043 2116 πολλὴ
2066 2069 2148 2115 δόξα
2167 2070 2267 2110 κατέ-

1240 2143 1296 2180 χει
1314 2126 1363 2179 μὴ
1381 2128 1490 2166 ἐλθεῖν
1504 2126 1562 2166 τὸν
1579 2127 1758 2179 Αἴγυπτον
1775 2128 1823 2172 εἷς
1835 2125 1976 2181 Ἄργος,
1993 2127 2149 2182 καθάπερ
2169 2129 2270 2169 ἄλλοι

1241 2202 1280 2225 τε
1305 2186 1390 2241 φασὶ
1415 2186 1477 2225 καὶ
1496 2185 1685 2230 Ἑκαταῖος
1706 2185 1851 2240 γράφων
1885 2186 2004 2231 ουτως·
2035 2204 2050 2221 «
2043 2190 2084 2226 (ὃ
2103 2187 2140 2226 δὲ
2162 2187 2270 2241 Αἴγυ-

1245 2251 1358 2290 «πτος
1373 2245 1475 2289 αὐτὸς
1494 2245 1558 2297 μὲν
1577 2247 1641 2284 οὐκ
1666 2239 1770 2292 ηλθεν
1791 2246 1838 2288 εἷς
1856 2244 1992 2299 Ἄργος·
2007 2245 2148 2298 λέγεται
2163 2247 2200 2286 δέ
2218 2263 2270 2292 τις

1244 2323 1260 2340 «
1253 2307 1306 2344 (ἓν
1323 2305 1441 2359 Ἄργει
1458 2304 1570 2360 πρὼν,
1592 2303 1679 2343 ὅπου
1698 2303 1891 2349 δικάζουσιν
1909 2305 2093 2359 Ἀργεῖοι.»

626 2424 714 2457 350,
1244 2417 1423 2459 «pereatis,
1441 2418 1474 2449 et
1489 2415 1569 2448 mihi
1584 2416 1740 2448 damnum
1755 2415 1912 2456 inferatis,
1930 2416 1971 2448 ad
1987 2416 2090 2448 alium
2105 2416 2269 2458 quendam

192 2475 356 2514 Chadisia,
368 2474 446 2506 urbs
460 2476 729 2516 Leucosyrorum.
745 2478 845 2508 Heca
859 2476 1097 2518 «Themiscyre
1106 2485 1184 2510 vero
1244 2464 1429 2506 “POPUlum
1442 2463 1564 2496 abste*

154 2531 288 2564 campus
304 2525 354 2555 est
369 2531 388 2554 a
404 2522 558 2555 Chadisia
581 2523 622 2555 ad
637 2523 911 2556 Thermodontem
928 2533 1070 2565 usque.)

620 2578 708 2610 351.

194 2627 373 2661 Chadesias
394 2635 472 2660 vero
493 2635 546 2660 eas
568 2629 665 2660 vocat
690 2628 861 2661 Hecataeus
886 2637 905 2660 a
926 2630 1062 2670 χαδῆσαι
1080 2628 1121 2670 (i.
1148 2638 1177 2661 e.

153 2683 315 2716 capacem
327 2674 424 2716 esse).

1715 2517 1802 2550 354.

1279 2569 1478 2649 ἶιδελφίζειν,
1506 2567 1541 2600 id
1557 2569 1624 2607 est,
1641 2567 1772 2599 fratrem
1789 2567 1964 2608 appellare,
1980 2569 2067 2611 apud
2082 2571 2269 2603 Hecataeum

1242 2617 1287 2649 Mi
1300 2625 1403 2650 esium

1656 2671 1871 2686 40000-

626 2729 714 2762 352.

192 2782 302 2818 Quum
322 2789 400 2812 vero
415 2780 495 2813 ebrii
509 2780 594 2822 apud
606 2781 747 2813 Thraces
765 2779 917 2821 (quorum
931 2780 1069 2814 dialecto
1085 2781 1182 2813 etiam

151 2831 328 2860 Amazones
345 2828 494 2869 utuntur)
519 2830 654 2869 Sanapae
672 2830 884 2868 vocarentur,
901 2827 976 2860 inde
997 2828 1112 2861 urbem
1127 2838 1183 2860 no·

150 2883 225 2905 men
241 2875 414 2916 accepisse,
431 2875 522 2916 quod
537 2877 649 2929 postea
661 2874 873 2916 depravatum
894 2874 928 2906 in
942 2876 1066 2915 Sinope
1088 2875 1182 2907 abiis-

150 2923 210 2952 set.
230 2924 408 2953 «Amazon
421 2924 530 2955 autem
543 2923 621 2955 vino
635 2922 743 2955 dedita
760 2921 814 2954 illa
826 2921 917 2955 venit
928 2921 969 2954 ad
984 2922 1180 2963 Lytidam‚›

152 2969 188 3000 ut
206 2968 250 2999 ait
265 2970 446 3001 Hecataeus.

1549 2741 1698 2778 LIBER
1726 2739 1954 2777 TERTIUS.

1710 2822 1798 2855 3ιὸ-

1282 2869 1475 2902 Arcadicam
1487 2879 1565 2904 vero
1581 2881 1707 2905 coenam
1725 2872 1910 2905 describens
1925 2869 2069 2903 Milesius
2083 2870 2267 2912 Hecataeus,

1244 2924 1377 2948 «mazas
1393 2925 1463 2949 esse
1477 2917 1523 2951 ait
1535 2920 1567 2951 et
1581 2927 1710 2952 carnem
1727 2919 1893 2952 suillam»

1712 2974 1800 3007 356.

627 3023 715 3057 353.

189 3080 347 3111 Praeterea
364 3082 414 3111 est
429 3080 486 3112 ubi
502 3079 542 3113 de
555 3081 699 3122 quadam
717 3089 856 3123 persona
870 3089 1004 3113 narrans
1032 3080 1182 3121 scriptor,

147 3127 282 3166 repente
295 3126 463 3167 abreptus
455 3137 488 3159 ιιι
495 3128 628 3160 eandem
642 3129 730 3160 illam
738 3137 907 3170 personam
916 3137 951 3161 se
963 3128 1135 3160 convertit.
1142 3146 1184 3153 —

154 3175 260 3211 Quare
274 3176 305 3206 et
321 3178 447 3215 oportet
465 3177 511 3208 uti
527 3177 587 3209 hae
608 3178 711 3219 figura
726 3181 826 3219 tunc,
847 3187 923 3210 cum
938 3177 1081 3210 brevitas
1104 3178 1183 3208 tem-

149 3221 237 3262 poris
253 3230 319 3252 non
340 3222 496 3262 permittit
518 3224 667 3264 s·c1ipt0ri
693 3224 861 3264 cunctari,
883 3225 940 3257 sed
975 3232 1051 3257 eum
1074 3223 1183 3256 statim

151 3268 236 3308 cogit
269 3269 405 3300 transire
418 3278 437 3300 a
446 3271 591 3310 personis
605 3271 676 3303 aliis
699 3271 741 3303 ad
760 3272 838 3304 alias
851 3281 1015 3313 personas.
1034 3273 1076 3303 Ut
1087 3271 1183 3303 etiam

153 3314 239 3355 apud
255 3316 454 3355 Hecataeum,
474 3318 591 3357 «Ceyx
611 3319 730 3358 autem,
748 3319 819 3350 haec
834 3319 968 3351 moleste
981 3318 1096 3358 ferens,
1110 3326 1185 3358 pro

156 3361 274 3393 ‹tinus
286 3361 396 3402 jussit,
414 3339 454 3394 ut,
467 3363 643 3395 Heraclidae
660 3365 746 3396 illius
763 3365 883 3405 posteri
893 3366 1112 3406 emigrarent
1126 3366 1185 3396 Ne-

155 3416 249 3448 «que
263 3416 349 3440 enim
364 3408 458 3441 vohis
471 3418 603 3450 possum
614 3420 708 3452 opem
718 3411 816 3444 serre:
826 3415 862 3444 ut
878 3413 975 3454 igitur
983 3422 1047 3445 ιιοιι
1060 3413 1186 3454 ipsique

1282 3023 1328 3054 De
1341 3022 1562 3063 Peloponneso
1586 3026 1755 3057 Hecataeus
1776 3023 1924 3056 Milesius
1936 3021 2053 3061 tradit,
2075 3030 2172 3054 «eam
2192 3023 2268 3055 ante

1240 3070 1371 3102 Graecos
1384 3069 1485 3102 fuisse
1498 3071 1700 3104 habitatama
1712 3071 1868 3104 barbaris.
1873 3072 2012 3102 ”Verum
2020 3070 2085 3101 fere
2096 3071 2165 3106 tota
2172 3065 2267 3103 Grae-

1240 3115 1290 3147 cia
1303 3117 1484 3157 antiquitus
1500 3118 1712 3150 barbarorum
1730 3119 1793 3150 suit
1809 3117 1922 3153 sedes,
1942 3116 2032 3168 quod
2046 3124 2086 3148 ex
2103 3116 2154 3149 his
2170 3116 2267 3149 ratio·

1240 3163 1361 3196 cionari
1378 3164 1472 3205 licet,
1490 3174 1564 3205 quae
1580 3166 1743 3198 memoriae
1765 3164 1892 3206 prodita
1907 3159 1994 3196 sunt.

1282 3270 1431 3311 vulgaris
1447 3270 1555 3311 opinio
1569 3273 1617 3303 est
1633 3280 1698 3302 ιιοιι
1713 3271 1840 3303 venisse
1850 3270 2026 3311 AEgyptum
2042 3272 2156 3310 Argos,
2172 3268 2256 3301 utin

1240 3319 1289 3349 ter
1301 3316 1380 3349 alios
1392 3317 1488 3349 etiam
1506 3319 1673 3349 Hecataeus
1689 3317 1766 3349 dicit
1782 3317 1833 3349 his
1847 3316 1976 3348 verbis·
1993 3317 2174 3370 «AEgyptus
2188 3324 2266 3347 vero

1243 3364 1313 3405 ipse
1328 3373 1393 3396 ιιοιι
1409 3365 1498 3397 venit
1516 3367 1629 3405 Aiffgos
1647 3365 1707 3396 Est
1729 3367 1836 3396 autem
1858 3363 1901 3395 ibi
1922 3364 2019 3417 liuJus
2038 3362 2180 3396 nominis
2198 3371 2266 3404 pro-

1243 3411 1453 3452 montorium,
1469 3411 1523 3443 uhi
1541 3411 1662 3453 judicia
1675 3412 1825 3443 exercent
1839 3413 1882 3443 Al
1883 3420 1960 3451 biv!
