2294 3704
922 161 989 198 DE
1018 161 1343 202 THEOPOMPO.

2086 172 2187 199 Lxlx

101 268 216 306 quam
246 252 558 306 Peloponnesiaci
592 251 683 288 belli
702 258 850 300 partem
871 247 1115 298 Thucydides
1175 249 1402 300 inscriptum
1425 258 1463 288 et
1488 249 1564 288 κατ’
1591 247 1714 301 ἐξοχὴν
1740 248 1973 300 appellatum
2003 247 2189 300 Ἱστορίαι,

101 314 281 351 intactam
298 314 526 363 reliquerat,
546 309 762 348 summatim
783 316 928 349 tantum
946 307 1114 358 perscri—

1171 307 1362 358 Philippi,
1382 312 1554 357 Amyntae
1572 308 1637 345 filii
1653 338 1663 355 ‚
1682 321 1741 345 res
1763 315 1885 357 gestas
1905 306 1996 344 inde
2014 306 2062 343 ab
2079 307 2189 344 initio

101 372 197 422 psit,
212 371 449 421 sequentium
464 382 557 406 vero
574 367 750 406 undecim
771 379 958 404 annorum
974 377 1119 402 memo-
1142 396 1148 402 .
1172 366 1279 414 regni
1311 379 1431 416 usque
1457 367 1503 404 ad
1535 375 1697 404 mortem
1718 366 1817 416 regis
1841 364 2063 403 continebat
2084 365 2190 402 libris

101 430 196 467 riam
218 429 375 466 totidem
393 427 500 465 libris
520 427 710 464 uberrime
725 425 888 463 tradidit.
910 423 1116 470 Quomodo

101 495 227 525 autem
249 500 308 524 res
337 486 438 523 inter
464 485 631 535 singulos
657 484 776 521 libros
793 482 1007 521 distributae
1031 481 1116 518 fue-

101 545 198 590 rint,
226 544 273 581 de
302 544 374 581 hac
406 557 447 580 re
479 543 574 580 nihil
609 542 688 580 fere
721 542 860 579 scimus
892 541 966 578 nisi
1003 539 1117 586 illud,

100 602 204 653 quod
226 602 457 652 Apollonius
479 601 758 638 Grammaticus
785 599 886 650 apud
907 598 1047 637 Euseb.
1075 601 1116 634 P.

100 665 142 698 E.
163 674 202 712 p.
226 661 300 705 465
324 660 529 698 undecimo
558 659 658 697 libro
687 659 847 696 relatum
875 658 928 695 ait
950 657 1118 708 Agesilai

101 732 189 756 cum
215 718 461 756 Pharnabazo
486 718 680 768 congressi
702 717 750 755 de
779 716 951 755 feriendo
978 715 1120 753 foedere

100 777 356 827 colloquium,
376 776 482 827 quod
497 789 543 814 ex
564 775 663 814 libro
678 783 816 827 quarto
831 774 1118 813 Hellenicorum

99 836 368 887 Xenophontis
383 837 422 874 in
439 849 528 874 suos
543 835 837 874 commentarios
852 835 989 874 Noster
1001 840 1117 871 trans-

103 895 262 934 tulisset.

152 957 295 991 Verum
310 953 586 1005 Theopompus
600 983 610 1002 ‚
626 950 807 1002 Polybius
825 951 945 999 (VIII,
970 948 1033 1000 13)
1053 950 1119 998 ait,

101 1024 223 1062 quum
250 1024 310 1048 res
336 1012 494 1050 Graeciae
515 1012 604 1050 inde
626 1011 693 1049 ubi
712 1010 852 1048 desinit
876 1008 1120 1058 Thucydides

102 1071 272 1109 scribere
293 1079 392 1108 esset
409 1084 620 1122 aggressus,
633 1078 837 1121 postquam
854 1069 903 1106 ad
920 1068 1120 1106 Leuctrica

102 1137 277 1179 tempora
297 1141 340 1165 ac
361 1141 421 1166 res
443 1130 600 1167 Graeciae
624 1128 890 1167 celeberrimas
918 1126 1120 1178 pervenit,

101 1189 224 1239 ipsam
242 1187 396 1238 quidem
422 1189 610 1226 Graeciam
638 1201 726 1226 cum
750 1188 827 1226 suis
857 1187 965 1224 factis
992 1186 1121 1223 valere

100 1247 231 1298 jussit3
261 1255 498 1285 commutato
527 1256 655 1286 autem
691 1255 917 1298 argumento
950 1245 1121 1296 Philippi

104 1314 210 1356 gesta
228 1306 396 1344 scribere
426 1307 637 1344 constituit.
659 1306 781 1356 Atqui
802 1307 916 1355 longe
937 1312 1122 1355 praestan-

105 1365 180 1402 tius
206 1372 288 1401 erat
309 1379 353 1403 ac
369 1365 510 1415 justius
538 1365 578 1402 in
601 1378 718 1417 opere
745 1378 874 1402 rerum
900 1367 1121 1401 Graecarum

104 1434 209 1476 gesta
222 1426 416 1477 Philippi,
437 1438 551 1476 quam
569 1426 608 1463 in
629 1426 743 1476 gestis
756 1425 929 1476 Philippi
942 1438 1002 1462 res
1020 1428 1122 1462 Grae—

105 1486 174 1522 ciae
201 1485 541 1536 comprehendere.
560 1503 575 1518 «ι
594 1483 687 1523 Οὐδὲ
721 1482 789 1537 γὰρ
819 1482 1122 1537 προκαταληφθεὶς

104 1542 172 1580 ὑπὸ
187 1545 369 1594 βασιλικῆς
382 1542 582 1586 δυναστείας
593 1572 603 1591 ,
619 1541 679 1580 καὶ
693 1540 808 1594 τυχὼν
825 1541 991 1591 ἐξουσίας,
1013 1540 1122 1585 οὐδεὶς

103 1598 144 1639 ἂν
165 1601 296 1654 ’ἐπέσχε
325 1600 387 1640 σὺν
406 1603 518 1655 καιρῷ
541 1601 754 1647 ποιήσασθαι
777 1600 970 1651 μετάὸασιν
1000 1599 1057 1638 ἐπὶ
1081 1599 1121 1638 τὸ

103 1661 164 1705 τῆς
193 1658 363 1703 Ἑλλάδος
381 1659 493 1709 ὄνομα
517 1658 576 1697 καὶ
607 1657 808 1712 πρόσωπον·
837 1656 905 1696 ἀπὸ
933 1657 969 1695 δὲ
994 1656 1122 1703 ταύτης

104 1717 315 1771 ἀρξάμενος,
344 1717 404 1757 καὶ
423 1716 554 1771 προὸὰς
579 1718 636 1755 ἐπὶ
661 1717 789 1764 ποσὸν,
810 1717 881 1754 οὐδ’
897 1714 986 1759 ὅλως
1013 1715 1121 1758 οὐδεὶς

105 1775 146 1816 ἂν
169 1777 342 1823 ἠλλάξατο
362 1775 537 1830 μονάρχου
559 1774 753 1829 πρόσχημα
769 1773 828 1813 καὶ
854 1774 947 1825 βίον,
970 1772 1121 1826 ἀκεραίῳ

103 1833 281 1887 χρώμενος
294 1834 429 1887 γνώμῃ.
447 1835 520 1873 Καὶ
537 1834 572 1872 τί
586 1833 708 1881 δήποτ’
721 1829 763 1882 ἧν
779 1833 819 1871 τὸ
837 1832 897 1876 τὰς
910 1832 1122 1880 τηλικαύτας

105 1892 322 1936 ἐναντιώσεις
357 1893 568 1945 βιασάμενον
602 1892 759 1945 παριδεῖν
788 1891 846 1930 τὸν
883 1891 1121 1942 Θεόπομπον;

106 1952 135 1989 εἷ
162 1950 211 2002 μὴ
236 1950 278 1998 νὴ
308 1951 395 2000 Δία,
415 1951 467 1990 ὅτι
493 1951 624 1998 ἐκείνης
644 1950 705 2002 μὲν
725 1954 786 1998 τῆς
812 1949 1004 1994 ὑποθέσεως
1027 1949 1124 1994 τέλος

104 2004 146 2057 ἧν
165 2009 205 2048 τὸ
224 2011 330 2049 καλὸν
342 2041 351 2058 ,
375 2014 437 2058 τῆς
455 2010 491 2049 δὲ
509 2009 599 2049 κατὰ
614 2010 797 2050 Φίλιππον
814 2009 853 2048 τὸ
866 2009 1052 2063 συμφέρον.
1069 2012 1122 2049 Οὐ

106 2066 175 2118 μὴν
198 2067 286 2106 ἀλλὰ
305 2067 388 2120 πρὸς
406 2067 467 2119 μὲν
485 2067 614 2115 ταύτην
632 2066 694 2114 τὴν
718 2067 890 2120 ἁμαρτίαν
911 2067 997 2106 καθὸ
1021 2068 1124 2119 μετέ-

106 2125 210 2164 6αλεν
230 2125 293 2172 τὴν
322 2126 506 2175 ὑπόθεσιν,
536 2126 620 2170 ἴσως
646 2125 686 2164 ἂν
715 2120 791 2178 εἶχέ
824 2141 857 2163 τι
881 2127 1005 2178 λέγειν,
1026 2126 1057 2165 εἴ
1073 2143 1124 2171 τις

105 2187 207 2224 αὐτὸν
222 2187 325 2240 ἤρετο
344 2188 423 2241 περὶ
443 2187 578 2226 τούτου.
598 2205 614 2222 ¹>
638 2188 939 2239 Theopompum
964 2189 1124 2239 gratiam

106 2246 202 2284 aulae
230 2247 484 2285 Macedonicae
515 2255 669 2298 captare
690 2247 880 2294 voluisse,
899 2260 1036 2295 nemo,
1058 2249 1124 2298 qui

107 2306 241 2355 legerit
263 2319 347 2356 quae
369 2306 420 2344 de
442 2307 616 2356 Philippi
644 2306 864 2344 charactere
891 2314 928 2344 et
952 2306 1125 2344 moribus

107 2364 232 2414 deque
264 2363 346 2414 ejus
373 2365 507 2402 amicis
535 2365 814 2415 Theopompus
843 2365 1021 2415 scripsit,
1053 2365 1125 2403 sibi

107 2422 362 2473 persuadebit.
378 2427 505 2474 Atque
520 2423 552 2461 si
565 2424 646 2474 ipse
659 2424 752 2460 dicit
774 2422 918 2473 (Polyb.
937 2425 1042 2471 VIII,
1064 2438 1078 2460 1
1090 2425 1123 2475 1)

108 2496 147 2520 se
164 2482 236 2520 hac
251 2483 415 2521 maxime
431 2483 479 2522 de
498 2497 631 2521 caussa
653 2483 701 2521 ad
718 2483 962 2521 scribendum
982 2485 1125 2534 appul-

108 2554 190 2578 sum
210 2554 291 2578 esse
310 2542 415 2592 quod
431 2543 610 2594 Philippo
630 2555 828 2593 nunquam
848 2550 958 2579 antea
972 2546 1126 2594 Europa
1153 2555 1159 2597 J

108 2613 240 2650 parem
260 2600 386 2638 virum
411 2602 657 2651 protulisset,
680 2609 841 2652 apparet
867 2615 954 2639 eum
981 2602 1029 2639 de
1049 2603 1125 2640 im-
1153 2602 1157 2667 Ι

109 2659 315 2709 peratoriis
342 2660 441 2709 regis
470 2659 679 2698 virtutibus
706 2661 913 2710 cogitasse,
935 2661 1059 2711 deque
1089 2661 1126 2699 vi

89 2730 223 2766 ,quam
243 2718 283 2754 in
308 2731 381 2755 suae
406 2718 526 2756 aetatis
554 2719 729 2756 homines
750 2728 789 2756 et
816 2720 987 2757 civitates
1013 2733 1124 2758 exer-

110 2775 245 2812 cuerit.
266 2779 454 2814 Praeterea
472 2790 591 2827 quum
612 2777 886 2828 Theopompus
909 2791 955 2816 ex
975 2787 1126 2817 oratore

110 2833 288 2871 evasisset
308 2834 513 2873 historicus
543 2844 581 2873 et
604 2836 697 2874 artis
725 2837 903 2874 oratoriae
932 2847 1127 2889 praecepta

109 2891 155 2928 ad
178 2892 357 2930 historias
387 2895 636 2940 transferret,
664 2895 774 2933 facile
795 2896 1034 2946 intelligitur,
1058 2910 1127 2934 cur

109 2962 228 2987 unum
248 2952 471 3003 Philippum
488 2962 681 3004 tamquam
701 2967 823 2991 scenae
844 2967 921 2991 suae
942 2964 1126 3005 protago—

110 3016 246 3046 nistam
271 3017 310 3046 et
338 3011 531 3049 cardinem
556 3026 682 3050 rerum
702 3026 863 3063 ponere,
892 3013 940 3050 ad
963 3027 1126 3064 eumque

110 3068 264 3105 Graeciae
281 3068 501 3117 historiam,
523 3084 604 3120 quae
631 3085 765 3109 revera
788 3079 869 3109 tota
890 3079 970 3108 tum
995 3086 1042 3109 ex
1060 3073 1125 3109 illo

109 3125 322 3174 pendebat,
354 3128 496 3165 referre
518 3130 713 3175 maluerit,
735 3143 850 3180 quam
871 3130 1125 3179 plurimarum

111 3184 328 3222 Graecarum
343 3186 542 3224 civitatum
565 3188 641 3225 fata
656 3202 702 3225 ex
723 3188 895 3239 professo
908 3189 1125 3237 singillatim

111 3253 323 3290 exponere3
340 3257 425 3293 quae
446 3258 505 3281 res
521 3244 609 3295 jure
631 3246 887 3297 Theopompo
916 3247 1037 3285 videri
1063 3260 1127 3297 po-

112 3306 212 3336 terat
229 3313 307 3336 non
322 3301 411 3338 satis
426 3303 589 3353 simplex
605 3317 728 3355 neque
746 3319 832 3342 una.

164 3358 335 3396 Tertium
375 3360 491 3410 igitur
521 3363 761 3414 Theopompi
795 3377 891 3414 opus
920 3361 1125 3402 Φιλιππικὰ

1173 423 1448 475 quinquaginta
1465 434 1551 463 octo
1570 426 1708 476 (1).Ex
1729 426 1789 463 his
1807 433 1933 462 autem
1944 423 2022 474 jam
2042 423 2190 461 Diodo-

1172 480 1205 517 ri
1219 489 1327 518 aetate
1353 483 1521 533 quinque
1538 483 1726 534 deperditi
1744 491 1852 521 erant
1868 482 1932 532 (2),
1952 482 2066 520 iidem
2096 495 2190 532 pro-

1173 539 1232 576 cu!
1255 539 1373 577 dubio
1400 554 1496 591 quos
1522 543 1660 579 saeculo
1697 556 1800 579 nono
1842 541 2000 579 Photius
2037 554 2191 592 quoque

1174 596 1425 644 desideravit,
1451 612 1591 649 nempe
1623 609 1776 648 sextus,
1805 599 2011 650 septimus,
2049 612 2190 645 nonus,

1172 655 1399 702 vicesimus,
1439 656 1664 695 tricesimus.
1691 659 1745 696 Ad
1766 667 1911 696 tantam
1938 658 2076 695 molem
2095 671 2191 707 opus

1173 723 1393 752 accreverat
1407 727 1486 751 non
1504 723 1581 752 tam
1599 717 1749 766 prolixa
1765 717 2005 755 enarratione
2021 717 2192 754 omnium

1172 772 1232 809 vel
1249 773 1538 820 levissimorum,
1553 787 1637 824 quae
1655 775 1702 811 ad
1717 775 1888 825 Philippi
1902 775 2019 813 vitam
2037 783 2074 812 et
2089 783 2193 826 gesta

1174 830 1438 882 pertinebant,
1455 845 1572 882 quam
1587 833 1788 883 longarum
1807 834 2083 883 digressionum
2102 834 2194 871 mul-

1174 890 1351 928 titudine.
1371 893 1469 928 Nam
1490 904 1611 941 quum
1629 891 1677 928 ab
1697 892 1810 929 initio
1832 893 2112 943 Theopompus
2132 905 2193 929 res

1175 950 1395 987 Graecorum
1418 948 1657 999 perscribere
1670 949 1742 987 sibi
1755 950 2031 999 proposuisset,
2047 959 2194 988 tantum

1175 1007 1282 1045 abest
1302 1009 1391 1045 utin
1406 1008 1632 1059 Philippicis
1645 1008 1718 1046 hoc
1734 1009 1934 1045 consilium
1950 1010 2194 1059 relinqueret,

1175 1074 1218 1104 ut
1240 1067 1372 1117 quavis
1393 1066 1479 1104 data
1498 1067 1710 1114 occasione,
1725 1067 1935 1104 Macedone
1954 1080 2022 1104 suo
2043 1069 2192 1114 relicto,

1175 1126 1214 1163 in
1244 1128 1463 1164 Graecarum
1495 1127 1557 1163 vel
1577 1127 1691 1165 ctiam
1718 1125 1970 1164 barbararum
1998 1127 2195 1164 civitatum

1176 1186 1379 1224 historiam
1405 1195 1645 1232 excurreret,
1665 1199 1826 1238 eamque
1846 1198 1915 1238 per
1940 1186 2069 1237 plures
2095 1200 2196 1235 saepe

1175 1243 1295 1282 libros
1331 1244 1512 1295 deinceps
1546 1253 1844 1295 persequeretur
1861 1274 1870 1292 ,
1906 1257 2031 1294 neque
2065 1244 2106 1280 in
2139 1244 2196 1281 his
2241 1271 2244 1273 >

1176 1303 1368 1353 praesentis
1404 1310 1551 1340 tantum
1585 1303 1706 1340 aetatis
1744 1303 1969 1340 memoriam
2004 1302 2192 1346 traderet,

1176 1361 1240 1399 sed
1255 1362 1367 1399 altius
1377 1361 1567 1398 interdum
1583 1361 1631 1399 ad
1646 1362 1818 1412 mythica
1830 1375 1952 1411 usque
1966 1361 2196 1406 ascenderet,

1176 1434 1301 1471 neque
1336 1420 1492 1458 omnino
1523 1420 1734 1471 quidquam
1753 1421 2079 1472 praetermitteret,
2094 1420 2198 1470 quod

1176 1488 1309 1530 posset*
1323 1480 1383 1516 vel
1402 1493 1471 1530 per
1490 1493 1528 1517 se
1546 1480 1644 1517 scitu
1664 1480 1820 1530 dignum
1838 1479 1984 1523 videri,
2005 1480 2065 1516 vel
2086 1480 2199 1516 lecto-

1176 1551 1260 1575 rum
1278 1538 1464 1576 inservire
1487 1538 1744 1575 delectationi.
1769 1542 1851 1576 Hac
1873 1551 2004 1582 rerum
2025 1538 2137 1588 copia
2161 1546 2199 1574 et

1175 1597 1366 1634 varietate
1401 1609 1499 1647 opus
1529 1597 1569 1633 in
1606 1596 1835 1634 immensum
1874 1605 2031 1634 auctum
2067 1604 2124 1633 est
2162 1604 2200 1633 et

1176 1656 1410 1693 multiforme
1442 1655 1587 1692 exstitit
1619 1656 1699 1706 (3),
1721 1656 1773 1692 ita
1807 1664 1851 1692 ut
1882 1656 2084 1705 Philippus
2105 1658 2164 1692 ΙΙΙ
2183 1683 2196 1699 ,

1176 1714 1331 1751 resectis
1362 1713 1677 1764 digressionibuS,
1695 1727 1776 1764 quae
1797 1714 1845 1751 ad
1870 1727 1949 1752 rem
1984 1714 2199 1764 principem

1176 1786 1254 1809 nou
1287 1772 1535 1823 spectabant,
1565 1772 1686 1810 libros
1719 1773 1997 1823 quinquaginta
2026 1782 2115 1810 octo
2152 1773 2200 1810 ad

1178 1831 1343 1870 sedecim
1377 1831 1566 1882 redigeret
1598 1830 1680 1883 (ωε
1707 1831 1812 1881 quod
1843 1832 1972 1882 ipsum
1998 1844 2046 1869 ne
2067 1832 2200 1868 Theo—

1221 1932 1265 1974 (1)
1281 1932 1503 1973 Diodor.XV1,
1515 1935 1546 1974 33
1562 1933 1653 1965 Phot.
1668 1932 1690 1965 1.
1706 1934 1727 1966 1.
1744 1934 1868 1973 suidas,
1883 1933 1938 1973 qui
1952 1934 2199 1974 Philippicorum

1178 1980 1277 2012 libros
1308 1980 1456 2012 numerat
1480 1980 1682 2021 septuaginta
1709 1980 1786 2021 duo,
1812 1989 1885 2012 cum
1912 1980 2099 2022 Philippicis
2125 1990 2199 2013 con-

1177 2027 1285 2069 junxit
1295 2026 1455 2058 Hellenica
1466 2027 1498 2058 et
1510 2026 1677 2067 Epitomen
1692 2026 1854 2059 Herodoti.
1870 2031 1962 2059 Error
1971 2027 2084 2059 similis
2101 2028 2199 2068 illius,

1178 2073 1219 2106 de
1236 2082 1301 2114 quo
1325 2073 1357 2104 in
1373 2073 1485 2105 Timaei
1514 2074 1587 2105 Vita
1609 2073 1733 2105 monui.
1763 2075 1886 2106 Omitto
1914 2074 2200 2114 Schweigliaeuseri

1178 2120 1371 2156 sentemiam
1390 2119 1443 2159 (ad
1459 2119 1573 2152 Athen.
1597 2123 1676 2152 tom.
1698 2123 1784 2159 VIII,
1807 2130 1838 2161 p.
1858 2121 1929 2160 534)
1944 2130 1963 2152 a
1977 2121 2154 2153 Wichcrsio
2168 2131 2199 2162 p.

1180 2169 1218 2199 24
1236 2175 1284 2207 sq.
1302 2169 1334 2199 et
1346 2166 1492 2198 clintone
1505 2170 1539 2198 F.
1570 2170 1609 2200 Η.
1628 2176 1660 2207 p.
1675 2170 1735 2200 385
1749 2169 1815 2208 jam
1826 2167 2007 2203 refutatam.
2026 2168 2201 2208 Philippica

1180 2223 1255 2246 cum
1286 2213 1457 2245 Hellenicis
1478 2213 1660 2253 conjuncta,
1677 2215 1714 2247 ut
1727 2214 1796 2255 ipse
1810 2214 2034 2254 'theopompus
2048 2214 2201 2254 gloriatur

1181 2261 1232 2302 (fr.
1258 2261 1310 2300 26)
1328 2260 1401 2301 plus
1430 2262 1563 2299 15o,000
1582 2269 1734 2292 versuum
1751 2260 1970 2301 continebant,
1995 2262 2040 2293 ita
2055 2264 2091 2292 ut
2107 2271 2200 2294 unus·

1180 2307 1317 2349 quisque
1339 2307 1418 2338 liber
1431 2306 1558 2338 circiter
1574 2309 1654 2339 2140
1670 2316 1824 2339 versuum
1845 2307 1950 2339 suerit.

1222 2349 1267 2388 (2)
1291 2347 1421 2381 Diodor.
1450 2351 1532 2387 XVI,
1550 2351 1588 2379 3:
1606 2348 1635 2384 ἐξ
1650 2348 1692 2379 ὧν
1714 2349 1805 2380 πέντε
1831 2349 2045 2389 διαφωνοῦσιν.
2073 2353 2118 2380 De
2141 2349 2201 2380 hac

1180 2395 1270 2426 vocis
1297 2395 1458 2435 διαφωνεῖν
1489 2394 1719 2434 significatione
1737 2404 1769 2426 v.
1793 2399 1832 2426 H.
1859 2396 1967 2436 steph.
1993 2396 2148 2429 Tliesaur.
2160 2416 2201 2423 —

1181 2442 1313 2474 Pllotius
1324 2441 1395 2473 cod.
1416 2441 1484 2481 176,
1500 2450 1532 2482 p.
1551 2444 1630 2473 390:
1649 2442 1897 2482 Ἀνεγνώσθησαν
1907 2442 2095 2482 Θεοπόμπου
2115 2442 2199 2483 λόγοι

1181 2488 1341 2531 ἱστορικοί·
1369 2493 1392 2519 ν’
1423 2488 1456 2519 δὲ
1470 2488 1523 2519 καὶ
1537 2488 1568 2528 γ’
1579 2489 1656 2520 εἰσὶν
1672 2489 1700 2519 οἱ
1720 2487 1887 2528 σωζόμενοι
1903 2489 1997 2519 αὐτοῦ
2012 2490 2074 2519 τῶν
2091 2490 2200 2530 ἱστορι-

1180 2538 1245 2566 κῶν
1261 2534 1357 2575 λόγοι·
1373 2535 1619 2567 διαπεπτωκέναι
1640 2536 1672 2566 δὲ
1687 2536 1740 2566 καὶ
1762 2538 1823 2565 τῶν
1838 2536 1977 2566 παλαιῶν
1993 2535 2068 2570 τινὲς
2085 2534 2200 2575 ἔφησαν

1180 2583 1235 2620 τήν
1250 2593 1284 2613 τε
1297 2582 1386 2619 ἕκτην
1400 2582 1453 2613 καὶ
1466 2581 1598 2622 ἑὸδόμην
1612 2583 1665 2614 καὶ
1678 2582 1715 2619 δὴ
1730 2582 1782 2613 καὶ
1797 2583 1851 2619 τὴν
1866 2581 1972 2618 ἐνάτην
1988 2582 2044 2614 καὶ
2057 2582 2199 2619 εἰκοστὴν

1181 2629 1234 2660 καὶ
1250 2628 1446 2670 τριακοστήν.
1464 2628 1552 2660 Ἀλλὰ
1566 2629 1678 2664 ταύτας
1698 2629 1751 2668 μὲν
1771 2628 1834 2659 οὐδ’
1854 2630 1941 2668 ἡμεῖς
1956 2627 2086 2667 εἴδομεν,
2099 2629 2200 2665 Μηνο-

1181 2674 1274 2716 φάνης
1290 2675 1322 2706 δέ
1337 2686 1381 2711 τις
1397 2675 1435 2706 τὰ
1451 2676 1519 2717 περὶ
1536 2675 1724 2716 Θεοπόμπου
1741 2675 1868 2713 διεξιὼν,
1883 2674 2008 2715 ἀρχαῖος
2026 2674 2058 2715 δὲ
2074 2675 2126 2705 καὶ
2143 2675 2200 2706 οὐκ

1182 2721 1442 2763 εὐκαταφρόνητος
1455 2722 1472 2752 ὁ
1488 2722 1574 2763 ἀνὴρ,
1589 2723 1641 2753 καὶ
1651 2723 1705 2759 τήν
1716 2720 1888 2757 δωδεκάτην
1899 2721 2200 2753 συνδιαπεπτωκέναι

1180 2768 1272 2808 λέγει’
1296 2768 1396 2799 καίτοι
1429 2769 1524 2806 αὐτὴν
1548 2770 1635 2808 ἡμεῖς
1661 2768 1716 2799 σὺν
1737 2770 1802 2802 ταῖς
1823 2766 1925 2802 ἄλλαις
1957 2766 2199 2807 συνανέγνωμεν.

1182 2819 1287 2846 Pauca
1309 2814 1363 2846 illa
1378 2823 1451 2854 quae
1465 2823 1505 2845 ex
1519 2814 1570 2845 his
1586 2813 1759 2854 deperditis
1774 2812 1863 2844 libris
1879 2821 1898 2843 a
1913 2811 2083 2849 serioribus
2098 2821 2200 2852 gram-

1182 2861 1308 2893 maticis
1322 2861 1506 2899 laudantur,
1525 2869 1565 2892 ex
1586 2860 1714 2900 scriptis
1729 2859 1876 2898 aliorum,
1889 2859 1945 2899 qui
1958 2859 2200 2900 Theopompum

1181 2908 1286 2940 adhuc
1300 2908 1456 2947 integrum
1474 2908 1622 2946 legerant,
1641 2905 1798 2946 exscripta
1821 2914 1892 2938 esse
1906 2905 2033 2937 debent.

1224 2957 1268 2996 (3)
1291 2955 1420 2994 Dionys.
1439 2957 1478 2985 Η.
1496 2958 1551 2994 Ep.
1582 2953 1620 2984 ad
1641 2956 1697 2983 Cn.
1713 2957 1824 2993 Pomp.
1854 2961 1888 2993 p.
1918 2955 1971 2985 131
1992 2962 2000 2984 :
2016 2953 2106 2991 Γνοίη
2122 2953 2148 2984 δ’
2162 2953 2199 2984 ἄν

1181 3013 1225 3038 τις
1245 3002 1339 3033 αὐτοῦ
1354 3001 1406 3032 τὸν
1422 3000 1514 3031 πόνον
1537 3000 1712 3040 ἐνθυμηθεὶς
1727 2999 1763 3030 τὸ
1783 2999 1976 3042 πολύμορφον
1999 3003 2052 3038 τῆς
2070 3004 2199 3042 γραφῆς.

1182 3049 1242 3079 Καὶ
1256 3048 1313 3089 γὰρ
1334 3048 1386 3078 καὶ
1403 3047 1495 3077 ἐθνῶν
1518 3045 1635 3087 εἴρηκεν
1660 3046 1818 3086 οἰκισμοὺς
1827 3069 1852 3086 ,Α
1866 3047 1918 3079 καὶ
1941 3046 2061 3078 πόλεων
2085 3047 2200 3085 κτίσεις

1183 3095 1362 3132 ἐπελήλυθε,
1385 3093 1536 3134 βασιλέων
1550 3103 1583 3123 τε
1601 3092 1684 3133 βίους
1696 3093 1748 3124 καὶ
1767 3092 1887 3135 τρόπων
1900 3094 2053 3134 ἰδιώματα
2070 3095 2200 3132 δεδήλω-

1182 3152 1229 3179 κε,
1243 3141 1295 3171 καὶ
1313 3139 1339 3170 εἴ
1355 3150 1383 3170 τι
1397 3138 1571 3179 θαυμαστὸν
1587 3140 1606 3176 ἢ
1622 3138 1790 3181 παράδοξον
1809 3138 1924 3177 ἑκάστη
1939 3144 1978 3180 γῆ
1991 3141 2044 3171 καὶ
2059 3140 2200 3173 θάλασσα

1182 3188 1272 3228 φέρει,
1289 3186 1540 3227 συμπεριείληφεν
1550 3185 1580 3216 ἐν
1593 3189 1629 3226 τῇ
1645 3186 1847 3227 πραγματείᾳ.
1867 3188 1928 3218 Καὶ
1943 3187 2046 3227 μηδεὶς
2058 3187 2198 3228 ὑπολάὸῃ

1182 3233 1383 3274 ψυχαγωγίαν
1404 3233 1488 3263 ταῦτ’
1511 3233 1587 3264 εἶναι
1619 3232 1729 3272 μόνον·
1751 3234 1788 3265 οὐ
1812 3233 1870 3275 γὰρ
1896 3234 1993 3270 οὕτως
2024 3233 2100 3275 ἔχει,
2123 3234 2199 3265 ἀλλὰ

1181 3283 1287 3318 πᾶσιν,
1302 3281 1343 3315 ὡς
1356 3279 1427 3315 ἔπος
1441 3279 1548 3318 εἰπεῖν,
1566 3279 1712 3320 ὠφελείαν
1724 3281 1863 3322 παρέχει.

1225 3326 1270 3366 (4)
1293 3326 1384 3357 Phot.
1402 3324 1473 3357 cod.
1491 3328 1548 3358 176
1563 3335 1570 3356 ε
1586 3326 1750 3363 Πλείσταις
1767 3328 1821 3370 μὲν
1837 3327 1890 3359 οὖν
1903 3327 2111 3370 παρεκὸάσεσι
2125 3338 2197 3359 παν-

1182 3373 1314 3410 τοδαπῆς
1330 3371 1463 3414 ἱστορίας
1485 3373 1554 3409 τοὺς
1576 3374 1746 3415 ἱστορικοὺς
1769 3374 1862 3406 αὐτοῦ
1883 3374 1989 3415 λόγους
2015 3374 2197 3415 Θεόπομπος
