2320 3684
804 143 1110 208 PHYLARCHJ
1137 144 1469 185 FRAGMENTA.

536 289 590 327 40
616 301 650 327 a.

130 350 341 390 Athenaeus
359 351 450 398 XII,
466 349 527 397 51,
541 361 581 400 p.
595 348 685 395 536,
701 349 753 386 E:
771 345 835 385 Ἐν
855 344 892 384 δὲ
910 347 955 398 τῇ
973 346 1116 400 δευτέρα

76 409 137 449 καὶ
154 411 293 460 εἰκοστῇ
313 411 332 447 ὃ
351 407 544 461 Φύλαρχος
566 404 790 458 Πτολεμαῖόν
815 421 902 460 φησι
919 405 979 444 τὸν
999 405 1114 444 δεύτε-

78 484 136 512 ρον
156 466 337 518 Αἰγύπτου
363 465 623 520 βασιλεύσαντα
648 465 792 504 πάντων
822 463 1035 517 σεμνότατον
1051 480 1115 516 γε-

76 527 221 579 νόμενον
238 529 308 565 τῶν
327 527 505 565 δυναστῶν
523 525 584 564 καὶ
600 523 760 568 παιδείας
780 523 812 562 εἴ
823 540 902 562 τινα
924 523 984 562 καὶ
1009 523 1113 563 ἄλλον

77 588 137 625 καὶ
169 587 272 625 αὐτὸν
297 583 575 637 ἐπιμεληθέντα,
607 583 716 628 οὕτως
754 582 1018 630 ἐξαπατηθῆναι
1048 582 1113 630 τὴν

78 644 233 684 διάνοιαν
264 645 324 684 καὶ
353 645 586 698 διαφθαρῆναι
614 643 681 681 ὑπὸ
706 645 769 689 τῆς
796 641 942 695 ἀκαίρου
963 644 1114 696 τρυφῆς,

77 704 169 744 ὥστε
185 705 244 744 τὸν
261 704 379 744 πάντα
400 702 524 758 χρόνον
542 703 713 742 ὃπολαὸε
685 719 731 741 ειν
751 700 959 755 βιώσεσθαι,
975 701 1035 740 καὶ
1051 700 1115 740 λέ-

76 780 150 826 γειν
171 763 224 803 ὅτι
245 763 349 816 μόνος
374 762 468 818 εὕροι
487 761 552 810 τὴν
581 761 788 801 ἀθανασίαν.
812 761 1114 813 Κατατεινόμενον

77 827 137 862 οὖν
164 823 232 862 ὖπο
251 822 431 876 ποδάγρας
452 821 594 866 πλείους
620 819 823 875 ἡμέρας,“
797 837 845 864 ως
866 819 946 858 ποτ’
968 824 1027 858 οὖν
1053 820 1115 873 ἐρ-

78 882 178 935 ράϊσε
196 882 256 920 καὶ
273 882 411 921 κατεῖδε
425 880 483 920 διά
496 896 600 919 τινων
620 880 886 931 ὑπολαμπάδων
904 877 983 922 τους
1002 880 1115 930 Αἴγυ-

76 940 198 985 πτίους
215 941 314 995 παρὰ
332 940 391 979 τὸν
417 939 578 992 ποταμὸν
606 936 957 1013 ἀριστοποιουμένους
982 937 1043 976 καὶ
1069 936 1114 976 τὰ

76 998 229 1053 τυχόντα
244 998 546 1060 προσφερομένους
565 998 622 1037 ἐπί
638 1014 677 1036 τε
698 1000 761 1044 της
781 997 902 1049 ἄμμου
924 996 1072 1050 χύδην’
1056 999 1114 1050 εῤ-

71 1057 266 1112 ῥιμμένους
279 1088 291 1108 ,
311 1061 406 1096 εἶπεν
428 1075 444 1093 α
452 1051 506 1097 Ὠ
516 1057 657 1101 τάλας’
642 1055 730 1110 εγὼ,
742 1056 782 1095 τὸ
800 1055 890 1109 μηδὲ
905 1055 1038 1097 τούτων
1053 1055 1114 1095 ἕνα

75 1117 280 1170 γενέσθαι.»

132 1178 353 1216 Eustathius
367 1177 415 1215 ad
434 1175 616 1227 Odyss.'
588 1193 604 1215 ε
617 1207 628 1225 ,
651 1191 691 1229 p.
715 1177 829 1224 1542,
856 1177 904 1214 38
926 1189 974 1214 ex
993 1176 1112 1215 Athe-

73 1245 157 1269 naeo
171 1231 269 1269 hauc
283 1231 486 1281 Phylarchi
503 1232 762 1269 narrationem
779 1230 1030 1281 transcripsit.

536 1289 586 1329 40
616 1289 655 1327 b.

128 1349 268 1387 Athen.
283 1352 354 1397 XI,
374 1363 413 1400 p.
436 1350 526 1398 462,
544 1352 592 1387 B:
608 1350 760 1392 Πολλοῖς
780 1347 817 1386 δὲ
834 1347 894 1386 καὶ
914 1350 932 1387 ὅ
946 1349 980 1387 ἐν
999 1347 1114 1387 Ἰλλυ-

73 1406 158 1461 ρίοις
204 1407 309 1451 τόπος
330 1406 515 1455 διαὸόητός
542 1409 636 1446 ἐστιν
663 1411 681 1447 ὃ
699 1406 913 1458 καλούμενος
938 1406 1111 1457 Κύλικες,

71 1466 156 1519 παρ’
173 1460 202 1519 ᾧ
219 1469 294 1505 ἐστι
322 1466 363 1505 τὸ
391 1466 542 1519 Κάδμου
561 1467 621 1505 καὶ
635 1466 818 1520 Ἁρμονίας
850 1471 1035 1518 μνημεῖον,
1065 1468 1112 1511 ὡς

70 1527 202 1578 ἱστορεῖ
238 1525 431 1580 Φύλαρχος
466 1527 502 1565 ἐν
529 1528 574 1579 τῇ
610 1525 756 1580 δευτέρᾳ
787 1524 847 1564 καὶ
876 1526 1017 1579 εἰκοστῇ
1039 1528 1110 1564 τῶν

85 1586 264 1638 Ιστοριῶν.

519 1661 667 1673 ——·———

441 1709 606 1805 LIBEIRl
624 1709 772 1748 XXIII.

125 1828 334 1867 Athenaeus
345 1830 437 1875 XII,
458 1828 520 1876 55,
537 1841 576 1879 p.
590 1828 678 1878 539,
692 1830 741 1865 B:
759 1825 952 1881 Φύλαρχος
969 1826 1000 1864 δ’
1013 1827 1049 1865 ἐν
1064 1829 1109 1879 τῇ
1133 1783 1140 1881 i

71 1886 172 1940 τρίτῃ
190 1886 251 1926 καὶ
281 1888 421 1940 εἰκοστῇ
450 1889 520 1925 τῶν
539 1887 716 1940 Ἱστοριῶν
735 1886 796 1924 καὶ
816 1885 1072 1940 Ἀγαθαρχίδης
1091 1890 1109 1925 ὁ

73 1945 212 1990 Κνίδιος
229 1947 264 1984 ἐν
281 1948 332 2000 τῷ
362 1945 497 1999 δεκάτῳ
520 1945 601 1999 περὶ
623 1945 739 1989 Ἀσίας
758 1944 817 1984 καὶ
840 1944 920 1989 τοὺς
952 1944 1110 1998 ἑταίρους

73 2005 157 2059 φησὶ
186 2004 267 2050 τοὺς
295 2005 518 2058 Ἀλεξάνδρου
552 2003 798 2058 ὓπερὸαλούσῃ
826 2007 937 2059 τρυφῇ
967 2003 1110 2058 χρήσα-

431 2129 587 2168 LIBER
615 2129 745 2168 XXII.

530 2187 580 2227 40
611 2199 647 2226 a.

114 2247 314 2289 Phylarchus
326 2246 409 2279 libro
423 2246 579 2279 vicesimo
592 2246 736 2279 secundo
751 2245 875 2286 scribit,
895 2245 1107 2279 Ptolemaeum

74 2295 272 2334 secundum,
296 2294 423 2335 AEgypti
441 2303 565 2335 regem,
582 2294 732 2325 omnium
754 2294 939 2335 principum
956 2296 1107 2335 praestan-

73 2343 239 2376 tissimum
252 2366 261 2382 ‚
277 2343 310 2373 et
326 2341 575 2373 humanioribus
595 2341 776 2382 disciplinis
804 2342 832 2372 si
848 2341 921 2382 quis
937 2341 1021 2373 alius
1036 2350 1107 2374 eru-

73 2390 283 2427 ditissimum,
306 2388 493 2429 importuno
514 2389 594 2420 luxu
610 2388 654 2420 ita
672 2390 781 2420 mente
797 2392 930 2429 captum
952 2389 1055 2420 fuisse
1075 2391 1108 2421 et

75 2438 278 2479 corruptum,
292 2438 329 2467 ut
344 2435 572 2476 sempiternam
587 2435 651 2468 sibi
664 2436 767 2467 vitam
785 2435 854 2468 sore
870 2435 1058 2474 somniaret,
1075 2438 1108 2467 et

73 2493 92 2516 a
108 2493 143 2516 se
159 2493 226 2516 uno
241 2483 401 2524 repertam
416 2482 770 2515 esseimmortalitatem
777 2483 950 2524 jactitaret.
966 2485 1008 2515 At
1022 2484 1109 2524 post-

73 2540 172 2573 quam
188 2540 245 2572 per
259 2530 369 2572 plures
394 2529 463 2562 dies
478 2530 643 2563 articulari
667 2531 786 2572 pedum
816 2530 929 2563 morbo
945 2533 1014 2563 erat
1040 2539 1109 2562 cru·

73 2578 199 2618 ciatus,
229 2577 284 2610 ubi
301 2577 417 2609 melius
440 2577 605 2619 aliquanto
633 2587 667 2610 se
698 2578 821 2610 habens
846 2587 902 2619 per
929 2577 1108 2619 specularia

73 2625 223 2666 quaedam
248 2624 417 2665 conspexit
443 2625 611 2666 AEgyptios
636 2626 731 2666 Juxta
756 2625 878 2657 flumen
907 2625 1046 2666 sparsim
1074 2625 1108 2656 in

74 2680 172 2704 arena
187 2670 439 2710 decumbentes,
460 2672 720 2712 prandentesque
732 2695 741 2711 ,
760 2674 793 2704 et
817 2671 925 2703 cibum
952 2671 1007 2712 qui
1025 2671 1108 2703 forte

74 2719 199 2752 adesset
214 2718 378 2760 capientes
393 2729 401 2750 ε
423 2721 449 2752 Ο
461 2727 516 2752 mc
530 2721 711 2757 miserum,
729 2720 854 2761 inquit,
875 2722 1016 2762 quinon
1040 2722 1108 2752 sim

74 2767 201 2800 horum
215 2775 330 2799 unus.

117 2868 175 2900 Est
186 2841 285 2900 etiam
300 2876 320 2899 a
344 2867 456 2899 multis
469 2839 651 2901 celebratus
671 2867 706 2899 in
720 2866 905 2908 Illyriorum
926 2866 1046 2900 finibus
1065 2867 1108 2899 lo·

75 2923 147 2954 cus,
163 2915 216 2946 cui
233 2914 359 2955 cylices
385 2923 528 2946 nomen:
550 2915 638 2956 apud
659 2923 755 2955 quem
774 2917 825 2946 est
844 2914 960 2947 Cadmi
980 2916 1013 2946 et
1029 2916 1108 2946 Har-

76 2963 193 2996 moniae
210 2963 406 3004 sepulcrum,
419 2964 458 2996 ut
475 2963 677 3004 Phylarchus
696 2963 798 2995 tradit
817 2962 959 2995 secundo
975 2964 1008 2995 et
1023 2962 1109 2995 vice-

76 3009 158 3043 simo
170 3010 397 3043 Historiarum.

426 3104 576 3143 LIBER
613 3105 759 3144 XXIII.

119 3220 339 3261 Phylarchus,
362 3222 459 3253 tertio
483 3221 517 3253 et
532 3220 690 3261 vigesimo
710 3220 926 3253 Historiarum
948 3219 1052 3258 libro,
1077 3221 1110 3251 et

79 3267 329 3308 Agatharchides
357 3267 494 3300 Cnidius
522 3267 648 3299 decimo
670 3269 717 3299 De
747 3268 843 3306 Asia,
867 3268 965 3299 etiam
987 3267 1109 3298 amicos

79 3314 252 3347 Alexandri
274 3314 408 3346 immani
427 3313 556 3346 luxuria
580 3323 659 3346 usos
687 3323 760 3347 esse
784 3315 940 3347 scribunt.
960 3316 1107 3352 Quorum

82 3370 167 3395 unus
207 3361 270 3394 suit
292 3364 424 3402 Agnou,
457 3361 514 3402 qui
547 3362 654 3394 aureis
689 3362 791 3394 clavis
819 3362 964 3394 confixas
1006 3369 1105 3401 crepi-

2122 152 2199 185 345

1171 233 1262 269 σθαι.
1287 224 1354 270 Ὧν
1374 224 1422 274 εἷς
1444 228 1492 269 ὢν
1512 228 1572 268 καὶ
1597 225 1730 281 Ἄγνων
1750 231 1900 283 χρυσοῦς
1927 227 2033 276 ἥλους
2062 230 2098 268 ἐν
2124 235 2200 274 ταῖς

1167 296 1314 343 κρηπῖσι
1332 290 1392 329 καὶ
1418 296 1490 334 τοῖς
1515 288 1736 342 ὑποδήμασιν
1766 288 1893 344 ἐφόρει.
1924 290 2073 334 Κλεῖτος
2103 289 2159 339 δὲ,
2182 293 2202 330 ὃ

1167 348 1299 393 Λευκὸς
1337 348 1573 402 καλούμενος,
1610 348 1667 388 ὅτε
1699 349 1929 404 χρηματίζειν
1965 348 2110 402 μέλλοι,
2143 350 2201 389 ἐπὶ

1169 411 1355 461 πορφυρῶν
1382 408 1532 461 ἱματίων
1563 410 1824 463 διαπεριπατῶν
1843 414 1914 453 τοῖς
1951 409 2202 462 ἐντυγχάνουσι

1169 465 1353 517 διελέγετο.
1377 468 1557 521 ΙΙερδίκκα
1575 467 1611 506 δὲ
1627 468 1686 506 καὶ
1708 470 1877 523 Κρατερῷ
1894 469 2202 523 φιλογυμναστου-

1168 540 1222 563 σιν
1239 525 1449 572 ἠκολούθουν
1470 526 1627 581 διφθέραι
1644 528 1822 566 σταδιαῖαι
1837 533 1907 571 τοῖς
1933 527 2158 580 μεγέθεσιν,ε
2144 528 2201 583 υφ’

1168 578 1222 627 αἷς
1234 585 1553 637 περιλαμὸάνοντες
1561 586 1667 625 τόπον
1683 587 1717 625 ἐν
1732 593 1808 631 ταῖς
1823 587 2202 641 καταστρατοπεδείαις

1168 643 1420 694 ἐγυμνάζοντο·
1442 644 1624 691 ἠκολούθει
1647 644 1684 684 δὲ
1702 647 1817 690 αὐτοῖς
1836 646 1896 685 καὶ
1919 645 2089 698 υποζύγια
2106 649 2200 686 πολ-

1167 700 1235 750 λὰ,
1256 701 1301 741 τὰ
1321 701 1385 750 τὴν
1404 701 1499 741 κόνιν
1526 704 1714 755 κομίζοντα
1735 705 1822 759 πρὸς
1841 704 1906 753 τὴν
1934 707 1969 744 ἐν
1998 708 2042 758 τῇ
2068 706 2202 746 παλαί-

1168 777 1257 815 στρα
1276 761 1411 814 χρείαν.
1431 762 1619 816 Λεοννάτῳ
1636 762 1672 802 δὲ
1689 764 1750 803 και
1769 765 1941 819 Μενελάῳ
1957 765 2202 826 φιλοκυνήγοις

1167 836 1263 859 ουσιν
1282 823 1425 859 αὐλαῖαι
1450 820 1602 859 σταδίων
1634 822 1757 861 ἑκατὸν
1793 824 2023 872 ἠκολούθουν,
2051 818 2105 868 αἶς
2129 840 2199 863 πε-

1169 879 1360 933 ριιστάντες
1379 879 1441 924 τὰς
1459 879 1566 934 θήρας
1591 881 1793 933 ἐκυνήγουν.
1811 882 1886 927 Τὰς
1905 883 1942 922 δὲ
1962 890 2094 936 χρυσᾶς
2110 885 2202 922 πλα-

1166 939 1289 984 τάνους
1315 938 1376 978 καὶ
1402 938 1466 987 τὴν
1500 942 1636 994 χρυσῆν
1657 939 1827 992 ἄμπελον,
1852 942 1908 996 ὑφ’
1930 942 1973 990 ἣν
1998 945 2029 981 οἳ
2050 945 2199 997 Περσῶν

1169 1000 1322 1051 βασιλεῖς
1341 997 1577 1052 ἐχρημάτιζον
1592 1000 1761 1044 πολλάκις
1779 1000 1988 1053 καθήμενοι,
2008 1002 2204 1056 σμαραγδί-

1166 1074 1245 1102 νους
1262 1058 1385 1112 βότρυς
1408 1056 1557 1110 ἐχούσας
1579 1058 1639 1096 καὶ
1654 1061 1724 1096 τῶν
1748 1059 1903 1098 Ἰνδικῶν
1924 1060 2119 1114 ἀνθράκων,
2137 1061 2202 1100 ἄλ-

1165 1119 1236 1156 λων
1252 1133 1291 1156 τε
1309 1118 1545 1156 παντοδαπῶν
1564 1117 1669 1155 λίθων
1687 1117 1976 1172 ὑπερὸαλλόντων
1993 1122 2203 1164 ταῖςπολυ-

1166 1177 1259 1216 τελε
1229 1193 1335 1226 ειαις,
1374 1175 1511 1215 ἐλάττω
1524 1207 1534 1226 ,
1579 1176 1684 1230 φησιν
1717 1180 1735 1216 ὃ
1770 1177 1980 1231 Φύλαρχος,
2018 1179 2202 1234 φαίνεσθαι

1164 1239 1228 1283 τ’ῆς
1245 1237 1324 1275 καθ’
1340 1235 1477 1310 ἡμέραν
1498 1235 1665 1275 ἑκάστοτε
1684 1236 1868 1288 γινομένης
1888 1238 1970 1292 παρ’
1989 1238 2203 1294 Ἀλεξάνδρῳ

1166 1295 1335 1343 δαπάνης.
1349 1288 1420 1334 ῗΗν
1438 1293 1505 1349 γὰρ
1523 1296 1627 1334 αὖτου
1644 1299 1666 1343 ἡ
1687 1295 1798 1344 σκηνὴ
1818 1298 1945 1336 κλινῶν
1963 1298 2099 1346 ἑκατὸν,
2117 1314 2204 1352 χρυ-

1166 1360 1221 1393 σοῖ
1241 1354 1278 1393 δὲ
1296 1353 1406 1399 κίονες
1424 1353 1644 1402 πεντήκοντα
1657 1361 1821 1408 κατεῖχον
1838 1356 2024 1404 αὐτήν.οἱ
2046 1357 2112 1395 δὲ
2101 1373 2203 1412 υπερ-

1164 1413 1333 1458 τείνοντες
1354 1413 1556 1467 οὐρανίσκοι
1583 1413 1768 1467 διάχρυσοι
1792 1415 2021 1467 ποικίλμασιν
2046 1417 2203 1455 ἐκπεπο-

1164 1472 1308 1524 νημένοι
1331 1471 1556 1512 πολυτελέσιν
1578 1472 1769 1519 ἐσκέπαζον
1798 1474 1858 1513 τὸν
1882 1475 1955 1513 ἅνω
1979 1473 2099 1514 τόπον.
2130 1476 2201 1515 Καὶ

1163 1534 1298 1586 πρῶτοι
1317 1530 1380 1583 μὲν
1401 1530 1539 1586 Πέρσαι
1560 1531 1783 1571 πεντακόσιοι
1810 1532 2004 1587 μηλοφόροι
2037 1534 2118 1588 περὶ
2142 1537 2204 1574 αὗ-

1164 1590 1228 1638 τὴν
1257 1590 1352 1634 ἐντὸς
1375 1590 1595 1641 εἱστήκεσαν,
1617 1591 1811 1646 πορφυραῖς
1833 1592 1894 1631 καὶ
1914 1593 2079 1643 μηλίναις
2095 1595 2204 1642 ἐσθῆ-

1165 1665 1218 1688 σιν
1245 1648 1478 1701 ἐξησκημένοι
1494 1666 1501 1674 ·
1529 1649 1619 1701 μετὰ
1640 1650 1677 1688 δὲ
1706 1650 1849 1695 τούτους
1876 1651 2015 1696 τοξόται
2043 1651 2102 1692 τὸν
2122 1655 2204 1707 ἀρι-

1164 1708 1250 1761 θμὸν
1268 1709 1378 1762 χίλιοι
1395 1710 1427 1747 οἱ
1449 1708 1512 1760 μὲν
1535 1709 1683 1764 φλόγινα
1703 1710 1940 1760 ἐνδεδυκότες,
1961 1713 1993 1749 οἱ
2011 1711 2047 1750 δὲ
2067 1715 2205 1764 ὑσγινο-

1164 1768 1280 1823 ὅαφῆ,
1295 1768 1419 1807 πολλοὶ
1437 1767 1475 1807 δὲ
1503 1769 1562 1807 καὶ
1585 1769 1716 1808 κυάνεα
1737 1764 1833 1823 εἶχον
1857 1770 2076 1824 περιὸόλαια.
2107 1774 2204 1825 Προ-

1163 1827 1368 1875 ειστήκεσαν
1389 1826 1426 1866 δὲ
1445 1827 1579 1867 τούτων
1600 1829 1857 1883 ἀργυράσπιδες
1885 1830 2086 1875 Μακεδόνες
2113 1848 2201 1870 πεν-

1162 1886 1332 1925 τακόσιοι.
1353 1886 1456 1925 Κατὰ
1474 1886 1511 1925 δὲ
1533 1886 1644 1938 μέσην
1663 1887 1727 1935 τὴν
1745 1889 1878 1936 σκηνὴν
1905 1895 2054 1965 χρυσοῦς
2074 1891 2204 1930 ἐτίθετο

1163 1944 1333 2000 δίφρος,’
1318 1946 1370 2000 εφ’
1389 1950 1429 1984 ου
1446 1946 1642 1998 καθήμενος
1661 1964 1676 1985 ε
1666 1948 1930 2001 χρηικατιζεν
1916 1967 1935 1987 ο
1956 1948 2177 2004 Ἀλέξανδρος
2190 1981 2200 1999 ,

1162 2007 1233 2043 τῶν
1249 2004 1563 2059 σωματοφυλάκων
1581 2005 1830 2059 πανταχόθεν’
1814 2008 2069 2062 εφεστηκότιΝ.
2087 2008 2205 2055 Ἐξω-

1164 2127 1223 2160 das
1241 2128 1431 2170 calceosque
1452 2129 1610 2170 gestabat.
1624 2130 1728 2163 Clitus
1743 2139 1832 2170 vero,
1846 2133 2038 2172 cognomine
2050 2134 2176 2165 Leucus
2188 2156 2200 2173 ,

1165 2175 1294 2216 quoties
1310 2176 1507 2209 audientiam
1527 2177 1724 2210 adeuntibus
1740 2178 1910 2219 praeberet,
1925 2181 2097 2221 purpureis
2113 2183 2200 2222 tape-

1165 2223 1256 2256 tibus
1278 2223 1484 2256 inambulans
1510 2225 1758 2266 colloquebatur
1787 2234 1863 2258 cum
1887 2226 1936 2258 his
1956 2227 2012 2267 qui
2035 2237 2110 2259 cum
2128 2228 2199 2269 ipso

1165 2271 1330 2311 negotium
1345 2271 1510 2303 haberent.
1525 2273 1712 2305 Perdiccam
1725 2274 1758 2305 et
1771 2275 1954 2314 Craterum,
1970 2276 2200 2308 exercitiorum

1165 2319 1391 2360 gymnicorum
1406 2320 1584 2361 studiosos,
1603 2321 1821 2362 sequebantur
1836 2322 1934 2363 pelles
1956 2323 2053 2355 stadii
2067 2324 2202 2365 longitu-

1165 2367 1299 2407 tudine,
1314 2368 1378 2400 suh
1398 2368 1519 2409 quibus
1537 2368 1785 2410 circumscripto
1806 2370 1878 2402 loco
1900 2370 1934 2401 in
1951 2371 2065 2403 castris
2081 2372 2200 2403 exerci-

1165 2414 1318 2447 tabantur
1334 2425 1342 2447 :
1356 2416 1554 2457 eosdemque
1570 2425 1705 2457 magnus
1721 2417 1819 2448 etiam
1832 2427 1988 2450 numerus
2005 2419 2201 2459 sequebatur

1164 2462 1411 2504 iumentorum,
1438 2463 1608 2505 pulverem
1634 2464 1820 2496 vehentium
1848 2466 1879 2496 in
1908 2465 2067 2505 palaestrae
2089 2475 2198 2497 usum.

1166 2511 1370 2542 Leonnatum
1386 2519 1466 2543 vero
1479 2514 1511 2543 et
1529 2511 1724 2551 Menelaum,
1740 2512 1881 2543 venandi
1903 2513 2079 2552 studiosos,
2098 2513 2201 2544 aulaea

1166 2557 1346 2589 stadiorum
1361 2560 1496 2590 centum
1516 2558 1754 2599 sequebantur,
1772 2559 1891 2599 quibus
1913 2559 2199 2600 circumsepientes

1167 2604 1284 2637 idonea
1299 2605 1387 2646 loca,
1407 2606 1573 2637 venationi
1596 2614 1726 2646 operam
1742 2605 1872 2637 dabant.
1894 2610 2015 2637 Aureas
2038 2614 2115 2638 vero
2134 2606 2201 2647 pla-

1166 2653 1273 2692 tanos,
1293 2654 1326 2685 et
1341 2661 1472 2685 auream
1488 2653 1599 2692 vitem,
1615 2652 1677 2684 sub
1692 2661 1757 2693 qua
1771 2652 1919 2684 sedentes
1929 2661 2014 2693 saepe
2028 2654 2200 2685 Persarum

1166 2707 1257 2739 reges
1282 2708 1439 2741 responsa
1455 2700 1601 2739 dabant,
1619 2708 1757 2740 quarum
1781 2699 1897 2731 racemi
1925 2707 1943 2730 e
1971 2699 2148 2740 smaragdis
2167 2703 2200 2732 et

1166 2746 1288 2779 Indicis
1307 2747 1513 2779 carbunculis
1529 2747 1667 2787 aliisque
1683 2746 1791 2778 omnis
1812 2745 1937 2784 generis
1954 2746 2200 2786 pretiosissimis

1166 2793 1328 2835 lapidibus
1357 2795 1449 2826 erant
1469 2794 1624 2833 confecti3
1644 2794 1701 2824 has
1715 2816 1724 2832 ‚
1741 2793 1785 2824 ait
1800 2792 2011 2833 Phylarchus,
2032 2802 2098 2825 non
2117 2795 2200 2827 tanti

1166 2840 1267 2874 fuisse
1295 2841 1403 2883 pretii,
1434 2842 1578 2881 quantus
1605 2840 1667 2872 suit
1696 2844 1823 2871 sumtus
1852 2839 1909 2879 qui
1935 2839 2080 2879 quotidie
2111 2842 2196 2883 apud

1167 2887 1386 2920 Alexandrum
1405 2888 1511 2920 fiebat.
1539 2887 1668 2919 Etenim
1697 2886 1943 2918 tabernaculum
1968 2888 2037 2927 eJ'us
2066 2891 2198 2920 centum

1167 2935 1259 2967 lectis
1275 2935 1472 2967 instructum
1488 2937 1568 2973 erat,
1582 2937 1614 2966 et
1630 2933 1869 2974 quinquaginta
1885 2933 1992 2965 aureis
2005 2934 2199 2968 fulciebatur

1167 2983 1344 3014 columnis:
1356 2983 1577 3022 praetentaque
1587 2981 1750 3012 lacunaria
1763 2981 1837 3012 inau
1842 2983 1920 3020 rata,
1933 2980 2093 3022 variegato
2103 2991 2199 3023 opere

1168 3031 1337 3061 sumtuose
1352 3028 1526 3067 fabricata,
1552 3028 1750 3068 superiorem
1769 3029 1893 3068 partem
1918 3028 2083 3068 tegebant.
2103 3029 2199 3062 Circa

1168 3076 1249 3108 illud
1263 3076 1404 3117 primum
1419 3077 1526 3106 Persae
1548 3074 1636 3106 intus
1653 3074 1782 3106 stabant
1804 3075 1973 3115 quingenti
1994 3076 2176 3117 malophorl

1167 3123 1338 3165 purpureis
1358 3126 1390 3155 et
1412 3123 1504 3154 ssavis
1529 3123 1675 3155 vestibus
1696 3122 1801 3154 ornati
1818 3125 1914 3163 :post
1936 3123 1996 3155 hos
2018 3124 2171 3165 sagittarii
2186 3147 2198 3165 ,

1167 3170 1255 3202 mille
1270 3179 1418 3209 numero,
1431 3169 1548 3211 partim
1563 3169 1712 3202 flammea
1728 3169 1866 3202 amicula
1881 3171 2044 3211 gestantes
2055 3195 2066 3211 ,
2079 3172 2197 3213 partim

1168 3218 1304 3258 hysgino
1321 3217 1422 3250 tincta
1433 3241 1442 3256 ‚
1456 3216 1551 3249 multi
1567 3217 1665 3249 etiam
1679 3226 1807 3258 cyanea.
1823 3220 1906 3250 Ante
1924 3218 1982 3250 hos
2005 3219 2134 3251 stabant
2152 3229 2198 3251 ar-

1167 3265 1352 3306 gyraspides
1374 3264 1565 3297 Macedones
1590 3265 1770 3306 quingenti.
1795 3267 1833 3298 In
1855 3265 1964 3298 medio
1985 3265 2197 3299 tabernaculo

1168 3312 1274 3352 posita
1300 3315 1369 3343 erat
1394 3320 1491 3344 aurea
1517 3312 1614 3354 sella,
1634 3313 1668 3345 in
1691 3323 1756 3354 qua
1778 3314 1895 3347 sedens
1918 3323 2072 3356 responsa
2098 3315 2196 3347 dabat

1168 3359 1348 3391 Alexander
1360 3360 1505 3401 corporis
1517 3361 1710 3394 custodibus
1719 3362 1865 3403 undique
1881 3362 2019 3395 cinctus.
2033 3364 2135 3395 Extra
2148 3365 2196 3395 ta*
