2320 3684
749 158 1070 199 PHERECYDIS
1098 160 1432 200 FRAGMENTA.
2079 157 2121 189 91

44 251 216 306 semro.
257 253 330 289 Pro
365 249 504 301 λέγεται
546 247 747 298 legendum
785 246 937 284 videtur
974 245 1068 297 λέγει

45 310 146 352 ἰέναι.

528 370 589 408 78.

98 445 224 483 Schol.
245 447 399 482 Homer.
426 442 469 479 Il.
494 441 545 489 Z,
578 439 651 478 153
671 453 679 477 τ
696 438 778 482 Διὸς
811 437 874 485 τὴν
910 437 1068 477 Ἀσωποῦ

44 502 218 556 θυγατέρα
235 501 379 554 Αιγιναν
393 499 463 538 ἀπὸ
479 500 673 542 Φλιοῦντος
691 499 738 542 εἷς
753 495 913 544 Οἰνώνην
933 495 990 535 διὰ
1009 512 1071 543 της

44 561 214 615 Κορίνθου
257 557 577 612 μεταδιδάσαντος,
621 557 774 611 Σίσυφος
817 558 978 604 ζητοῦντι
1019 558 1070 609 τῶ

45 619 194 674 Ἀσωπῷ
226 618 290 667 τὴν
330 616 492 672 ἁρπαγὴν
528 615 735 655 ἐπιδεικνύει
769 614 899 668 τέχνῃ,
928 631 987 654 και
1014 613 1071 653 διὰ

43 683 146 718 τοῦτο
167 677 392 718 ἐπεσπάσατο
423 678 470 721 εἷς
507 674 612 730 ὀργὴν
647 675 725 714 καθ’
757 677 882 713 ἑαυτοῦ
907 672 965 712 τὸν
989 674 1069 713 Δία.

44 736 265 789 Ἔπιπέμπει
279 730 337 775 ουν
352 737 447 789 αὐτῷ
460 734 519 774 τὸν
541 733 716 774 Θάνατον.
737 733 782 773 Ὁ
795 732 831 771 δὲ
835 732 997 785 Σίσυφος
1016 734 1075 771 αἷ-

44 795 208 848 σθόμενος
225 794 289 842 τὴν
309 793 444 848 ἔφοδον,
457 794 595 845 δεσμοῖς
607 797 786 846 κρατεροῖς
805 791 999 843 ἄποδεσμοῖ
1014 790 1073 829 τὸν

44 854 218 895 Θάνατον.
236 852 304 892 Διὰ
320 857 420 892 τοῦτο
439 845 498 891 οὗν
515 850 644 900 συνέὸη
662 850 784 889 οὐδένα
797 852 866 888 τῶν
882 849 1072 903 ἀνθρώπων

44 911 287 961 ἀποθνήσκειν,
299 909 362 955 ἕως
372 910 412 949 ἂν
427 909 529 949 αὐτὸν
540 908 645 964 Ἄρης
657 911 708 963 τῷ
715 908 1073 963 Θανάτῳπαρέδωκε,

43 970 173 1010 καὶτὸν
193 970 356 1010 Θάνατον
371 971 439 1008 τῶν
457 969 595 1020 δεσμῶν
613 966 778 1007 ἀπέλυσε·
800 965 916 1022 πρὶνῆ
931 966 968 1005 δὲ
982 969 1074 1006 ἀπο-

45 1033 158 1068 θανεῖν
171 1029 228 1068 τὸν
244 1028 411 1082 Σίσυφον,
425 1026 622 1066 ἐντέλλεται
634 1029 678 1079 τῇ
698 1026 836 1078 γυναικὶ
854 1025 1018 1079 Μερόπῃ,
1029 1027 1075 1064 τὰ

44 1086 278 1140 νενομισμένα
302 1085 352 1138 μὴ
375 1085 527 1137 πέμπειν
546 1087 594 1129 εἷς
605 1084 723 1143 ᾍδου.
743 1086 813 1124 Καὶ
839 1084 928 1137 μετὰ
949 1085 1074 1138 χρόνον

43 1147 107 1185 οὒκ
133 1145 366 1193 ἀποδιδούσης
385 1147 435 1198 τῷ
461 1143 608 1199 Σισύφῳ
627 1147 688 1192 τῆς
710 1143 893 1196 γυναικὸς,
920 1146 938 1183 ὁ
962 1143 1077 1200 Ι’ᾼδης

44 1203 254 1257 πυθόμενος,
273 1203 433 1257 μεθίησιν
448 1203 565 1249 αὗτὸν,
583 1205 630 1247 ὣς
646 1206 690 1256 τῇ
718 1203 856 1254 γυναικὶ
886 1203 1075 1257 μεμψόμε-

45 1280 116 1304 νον.
136 1264 182 1304 Ὁ
209 1263 246 1303 δὲ
269 1266 317 1309 εἷς
346 1261 513 1315 Κόρινθον
535 1261 762 1335 ἀφικόμενος,
787 1263 851 1302 οὔκ
882 1261 934 1302 ἔτι
962 1262 1076 1301 ὀπίσω

45 1322 141 1375 ἄγει,
169 1321 288 1378 πρὶν
269 1339 292 1370 η
311 1321 457 1376 γηραιὸν
479 1321 583 1361 αὐτὸν
604 1320 858 1360 ἀποθανόντα“
861 1321 1075 1361 ’κυλινδεῖν

45 1381 241 1434 ἠνάγκασεν
264 1383 310 1426 εἷς
329 1382 493 1432 (Villois.
520 1383 570 1430 ἐν)
596 1380 702 1438 ᾍδου
724 1380 834 1432 λίθον,
860 1379 945 1434 πρὸς
969 1380 1009 1419 τὸ
1028 1379 1076 1432 μὴ

44 1440 152 1480 πάλιν
176 1441 384 1495 ἀποδρᾶναι.
410 1439 456 1479 Ἥ
474 1439 611 1493 ἱστορία
635 1437 731 1493 παρὰ
755 1439 954 1494 Φερεκύδῃ.
978 1444 1078 1478 Ante

45 1498 198 1551 πέμπειν
220 1501 266 1543 εἷς
281 1497 424 1538 εἈδου
414 1499 557 1537 mserui
582 1497 652 1549 μὴ,
680 1498 785 1549 quod
823 1499 1078 1537 necessarium

45 1559 266 1606 videbatur,
283 1566 320 1596 et
338 1566 428 1610 post
443 1555 664 1596 ἀποθανόντα
679 1557 855 1595 lacunam
871 1557 1050 1596 indicavi.

99 1677 228 1716 Schol.
243 1679 397 1716 Homer.
419 1675 557 1726 odyss.
571 1676 626 1723 A,
642 1675 716 1714 325
733 1691 741 1713 :
756 1674 898 1729 Μαίρα,
920 1678 943 1723 ἡ
965 1676 1079 1730 Προί-

46 1751 107 1776 του
128 1738 192 1774 *coti
216 1734 441 1789 Θερσάνδρου
460 1733 616 1787 θυγάτηρ
643 1733 702 1772 καὶ
734 1733 884 1778 Ἀντείας
909 1737 972 1782 τῆς
991 1734 1079 1787 Ἀμ-

47 1794 252 1850 φιάνακτος,
270 1792 406 1846 ἐγέῧετο
422 1793 546 1832 κάλλει
565 1790 861 1847 διαπρεπεστάτη.
876 1792 1078 1846 Ἥγουμένη

50 1853 87 1894 δὲ
106 1852 184 1908 περὶ
207 1852 366 1897 πλείονος
387 1851 450 1900 τὴν
467 1851 670 1906 παρθενίαν,
688 1850 804 1890 εἵπετο
834 1855 877 1904 τῇ
904 1851 1080 1907 Ἀτρέμιδι

47 1912 106 1952 ἐπὶ
137 1911 182 1951 τὰ
205 1911 409 1964 κυνηγέσια.
431 1910 572 1959 Ταύτης
598 1910 753 1965 ἐρασθεὶς
771 1910 859 1956 Ζεὺς
884 1913 1080 1965 ἀφικνεῖται

47 1973 94 2016 ὥς
112 1969 233 2020 αὐτὴν,
256 1971 317 2010 καὶ
333 1970 516 2010 λανθάνων
540 1969 741 2023 διαφθείρει.
760 1969 806 2009 Ἡ
824 1969 861 2008 δὲ
878 1969 1000 2022 ἔγκυος
1017 1986 1079 2023 γε-

47 2029 176 2082 νομένη
192 2029 302 2068 τίκτει
318 2028 453 2084 Λοκρὸν
473 2028 513 2067 τὸ
531 2027 642 2079 ὄνομα
661 2029 789 2076 παῖδα,
806 2028 841 2073 ὃς
855 2029 980 2077 Θήὸας
1002 2030 1079 2082 μετ’

48 2087 231 2143 Ἀμφίονος
247 2087 307 2126 καὶ
328 2087 444 2135 Ζήθου
464 2087 596 2132 οἰκίζει.
617 2085 694 2135 Τὴν
718 2086 755 2126 δὲ
774 2087 918 2142 Μαίραν
938 2087 1079 2141 λέγεται

47 2147 250 2195 τοξευθῆναι
264 2146 332 2185 ὑπὸ
345 2145 567 2200 Ἀρτέμιδος,
588 2145 645 2184 διὰ
670 2146 710 2185 τὸ
735 2147 863 2198 μηκέτι
885 2148 1081 2202 παραγίνε-

48 2209 128 2244 σθαι
153 2207 200 2249 εἷς
225 2204 271 2244 τὰ
301 2205 505 2256 κυνηγέσια.
534 2204 580 2245 Ἥ
607 2204 644 2244 δὲ
671 2205 810 2259 ἱστορία
837 2205 934 2260 παρὰ
961 2209 1080 2261 Φερε-

48 2264 148 2317 κύδῃ.
196 2303 198 2305 .

51 2384 96 2407 nu
121 2374 253 2406 tenebat
269 2397 278 2414 ‚
311 2374 449 2415 coniecit
470 2374 503 2406 in
532 2374 720 2407 Procridem
752 2383 889 2416 eamque
910 2375 1080 2408 interfecit.

51 2421 172 2454 Deinde
185 2421 339 2453 arcessito
354 2421 536 2453 Erechtheo
547 2421 715 2462 magnifice
728 2430 799 2454 eam
816 2421 974 2463 sepelivit.

94 2522 204 2559 Quum
220 2521 348 2562 Jupiter
360 2521 520 2562 AEginam,
539 2521 638 2563 Asopi
653 2521 764 2562 filiam,
785 2531 805 2554 a
818 2514 972 2555 Phliunte
991 2522 1080 2564 oppi-

53 2568 95 2601 do
103 2577 160 2610 per
169 2568 362 2601 Corinthum
376 2569 411 2600 in
424 2570 576 2601 OEnonen
590 2568 788 2609 abstulisset,
804 2569 963 2611 Sisyphus
971 2573 1077 2611 Asopo

53 2615 211 2656 quaerenti
237 2617 364 2656 raptum
380 2615 495 2648 callide
511 2615 655 2648 indicat:
678 2625 777 2656 quare
793 2618 887 2649 Jovis
910 2617 996 2649 iram
1019 2617 1083 2650 sibi

53 2662 337 2703 contraxitJtaque
343 2662 434 2694 misit
440 2662 468 2695 ei
479 2665 628 2703 Mortem
638 2672 736 2704 quam
745 2673 846 2704 quum
858 2664 896 2696 ad
902 2665 1082 2697 venientem

55 2709 218 2746 sensisset,
237 2709 271 2740 in
285 2710 419 2741 strenua
430 2709 563 2741 vincula
577 2711 738 2751 Sisyphus
753 2711 892 2752 conjecit
907 2721 915 2742 ε
932 2712 1020 2744 unde
1034 2720 1084 2743 ac-

56 2755 142 2796 cidit,
157 2757 194 2788 ut
207 2764 301 2787 nemo
316 2758 506 2795 moreretur,
524 2757 602 2789 dum
613 2759 700 2789 Mars
714 2757 842 2790 vincula
852 2759 966 2790 Mortis
983 2758 1084 2791 solve-

58 2803 106 2835 ret
134 2803 227 2844 eique
247 2802 387 2835 traderet
407 2804 593 2844 Sisyphum.
612 2804 672 2842 Hic
684 2813 762 2836 vero
775 2807 849 2837 ante
862 2807 998 2838 mortem
1020 2808 1084 2838 Me-

59 2858 145 2891 ropae
168 2850 262 2882 uxori
297 2851 438 2891 jusserat
458 2859 498 2883 ne
524 2851 586 2883 sibi
619 2854 748 2884 mortuo
776 2852 907 2885 inferias
932 2853 1082 2885 mitteret.

59 2895 179 2929 Deinde
191 2905 293 2937 quum
319 2897 408 2929 nulla
425 2897 576 2930 manibus
593 2899 748 2931 sacrificia
761 2899 937 2939 ferrentur,
956 2900 1082 2941 uades,

58 2951 92 2975 re
102 2944 240 2985 cognita,
256 2944 295 2976 ad
313 2953 447 2985 superos
460 2954 535 2977 eum
551 2946 697 2985 remittit,
713 2949 748 2978 ut
764 2955 898 2978 uxorem
917 2947 1085 2987 reprehen-

59 2989 156 3023 deret.
171 2991 233 3024 Sed
245 2991 308 3031 ille,
323 2991 378 3023 ubi
397 2992 592 3025 Corinthum
606 2996 754 3033 venerat,
779 3003 844 3025 non
873 2994 978 3026 rediit.
999 2996 1086 3026 Post-

59 3044 156 3077 quam
173 3046 250 3070 vero
272 3041 436 3072 senectute
457 3040 623 3072 confectus
636 3040 722 3072 diem
743 3041 878 3081 obierat,
889 3040 1027 3082 lapidem
1050 3041 1083 3073 in

60 3084 191 3117 Tartaro
208 3085 339 3118 volvere
353 3089 484 3119 coactus
497 3089 557 3127 est,
573 3096 614 3120 ne
635 3087 742 3120 denuo
757 3087 934 3129 aufugeret.

542 3142 603 3175 79.

101 3185 210 3223 Moera,
225 3184 290 3217 filia
304 3187 402 3219 Proeti
411 3211 420 3226 ,
435 3187 491 3228 qui
507 3187 703 3220 Thersandri
718 3187 803 3220 filius
818 3190 897 3228 erat,
912 3197 954 3221 ex
967 3191 1082 3228 Antea,

63 3231 300 3272 Amphianactis
322 3233 398 3272 filia,
413 3243 542 3267 summa
554 3235 773 3276 pulcritudine
798 3236 988 3268 excellebat.
1003 3237 1084 3273 Quae

0 3286 1 3292 ¹
63 3285 167 3318 quum
183 3279 316 3311 maximi
327 3280 445 3313 faceret
454 3282 684 3323 virginitatem,
699 3282 810 3315 Dianae
823 3292 858 3315 se
871 3282 1020 3323 adjunxit
1036 3291 1085 3314 ve-

64 3324 203 3356 nationis
218 3326 350 3358 sociam.
368 3328 430 3359 Sed
445 3329 573 3369 Jupiter
599 3329 668 3369 ejus
684 3336 792 3361 amore
808 3332 923 3370 captus
942 3330 1082 3368 aceedit,

67 3378 201 3413 eamque
229 3373 370 3405 nesciam
383 3374 486 3406 vitiat.
513 3377 588 3407 Haec
611 3376 741 3416 gravida
766 3376 850 3408 sacta
874 3377 975 3408 filium
998 3376 1081 3416 parit

1419 237 1573 288 LIBER
1612 246 1860 304 OCTAVUS.

1181 316 1278 349 AEoli
1288 315 1400 362 filioe.
1420 317 1479 351 De
1492 314 1573 351 sola
1598 313 1754 363 Calyces
1774 311 1958 363 progenie
1973 320 2011 349 et
2027 312 2075 350 ‹le
2095 325 2155 350 ve-

1129 372 1286 409 natione
1323 372 1407 423 apri
1442 373 1646 423 Calydonii
1678 372 1891 424 fragmenta
1925 379 2154 422 supersunt,

1131 443 1217 480 quae
1251 430 1459 468 secundum
1489 432 1719 482 Apollodori
1748 429 2008 469 narrationem
2030 430 2082 467 ita
2118 443 2156 467 sc

1132 488 1331 538 excipiunt
1351 504 1359 526 :
1383 489 1429 527 de
1446 491 1689 540 Endymione
1709 490 1802 543 (80),
1832 490 1881 528 de
1904 492 2044 527 Ancaeo
2061 490 2158 539 (81),

1131 547 1178 584 de
1199 547 1374 584 Thersite
1394 548 1485 599 (82),
1504 549 1552 587 de
1562 550 1697 599 Tydeo
1715 550 1809 603 (83).
1826 547 1968 590 Addidi
1986 548 2159 598 quamvis

1135 605 1246 644 valde
1277 605 1510 654 dubitanter,
1540 609 1796 659 fragmentum
1820 610 1869 648 de
1891 613 2046 662 Minya,
2073 612 2161 663 qui,

1133 675 1176 703 ut
1199 669 1326 703 Tzetz.
1344 665 1393 703 ad
1413 666 1587 717 Lycoph.
1606 669 1681 715 873
1712 669 1827 716 dicit,
1859 671 2077 721 Trigeniam
2098 672 2160 708 vel

1135 724 1419 775 Tritogeniam,
1443 725 1544 762 AEoli
1576 725 1710 774 filiam,
1732 741 1889 767 uxorem
1909 729 2056 768 habuit.
2074 733 2162 767 Me-

1135 783 1208 822 lius
1231 784 1394 822 fortasse
1414 783 1605 821 referetur
1627 785 1730 823 inter
1746 787 1903 839 Sisyphi
1916 788 2162 840 progeniem,

1135 843 1183 882 de
1200 856 1275 894 qua
1297 843 1337 881 in
1358 842 1464 881 libro>
1480 843 1657 894 septimo.

1190 954 1318 993 Schol.
1338 954 1521 1006 Apollon.
1542 958 1610 1001 IV,
1630 955 1678 1002 57
1693 955 1747 1007 (et
1765 956 1970 995 Phavorin.
1985 959 2024 996 in
2039 972 2077 998 v.
2091 957 2164 997 Λά-

1136 1014 1284 1065 τμιον);
1303 1012 1375 1051 Τὸν
1394 1013 1620 1064 Ἐνδυμίωνα
1654 1013 1816 1058 Ησίοδος
1842 1014 1904 1066 μὲν
1925 1016 2079 1056 Ἀεθλίου
2104 1032 2165 1055 του

1135 1071 1218 1116 Διὸς
1237 1087 1296 1110 και
1316 1070 1475 1119 Καλίκης
1498 1072 1611 1110 παῖδα
1638 1071 1690 1110 λέ
1680 1088 1751 1124 γει
1776 1073 1875 1127 παρὰ
1899 1074 1979 1118 Διὸς
2002 1074 2168 1127 εἰληφότα

1138 1132 1261 1185 δῶρον,
1285 1130 1389 1170 αὐτὸν
1404 1130 1534 1182 ταμίαν
1552 1134 1642 1170 εἶναι
1660 1131 1829 1181 θανάτου,
1844 1131 1902 1171 ὅτε
1922 1132 2015 1171 θέλοι
2034 1135 2165 1181 (Phav.

1139 1190 1256 1242 μέλοι)
1275 1189 1428 1230 ὀλέσθαι.
1455 1188 1528 1229 Καὶ
1549 1189 1594 1228 τὰ
1619 1189 1709 1229 αὐτά
1738 1205 1844 1244 φησιν
1865 1190 2088 1236 Ἀκουσίλαος
2107 1191 2168 1230 καὶ

1138 1247 1356 1303 Φερεκύδης.
1375 1253 1450 1287 Pro
1471 1248 1564 1288 θέλοι
1585 1249 1832 1288 scribendum
1852 1264 1933 1288 esse
1953 1250 2075 1302 μέλλοι
2097 1252 2169 1289 do-

1139 1317 1302 1347 cuerunt
1333 1309 1503 1347 Sehaefer
1527 1309 1575 1347 ad
1596 1310 1619 1348 l.
1647 1310 1687 1356 1.,
1706 1312 1807 1347 Bast.
1837 1310 1886 1347 ad
1908 1310 2071 1362 Gregor.
2098 1313 2171 1350 Co-

1140 1367 1271 1416 rinth„
1286 1371 1445 1406 Porson.
1462 1368 1502 1405 in
1523 1367 1620 1405 Adv.
1636 1381 1673 1419 p.
1693 1368 1782 1405 262.

1193 1489 1324 1530 Schol.
1342 1489 1518 1540 Apollon.
1536 1494 1575 1535 Ι,
1595 1491 1668 1528 188
1685 1504 1693 1527 :
1714 1489 1919 1544 Φερεκύδης
1941 1491 1976 1530 ἐν
1995 1493 2039 1543 τῇ
2066 1490 2171 1544 ὀγδόῃ

1140 1548 1246 1602 φησὶ,
1260 1547 1319 1587 τὸν
1343 1548 1504 1600 Ἀγκαῖον
1532 1548 1600 1588 ὑπὸ
1624 1552 1685 1587 τοῦ
1713 1549 1944 1594 Καλυδωνίου
1974 1549 2054 1594 συὸς
2075 1552 2173 1598 πλη-

1138 1607 1243 1660 γέντα
1261 1607 1320 1647 τὸν
1336 1609 1447 1662 μηρὸν
1469 1610 1681 1650 ἀποθανεῖν.’
1711 1638 1714 1640 -

1194 1727 1325 1766 Schol.
1350 1730 1510 1766 Homer.
1549 1728 1597 1765 ad
1629 1729 1674 1766 Il.
1700 1730 1753 1774 B,
1788 1742 1862 1766 212
1883 1742 1892 1765 ι
1911 1728 2118 1782 Φερεκύδης
2137 1729 2173 1768 δὲ

1139 1789 1261 1825 τοῦτον
1280 1786 1355 1840 (τὸν
1376 1786 1568 1841 Θερσίτην)
1592 1785 1652 1826 ἕνα
1667 1789 1737 1826 τῶν
1766 1785 1822 1838 ἐπὶ
1852 1787 1911 1826 τὸν
1946 1789 2173 1828 Καλυδώνιον

1139 1845 1273 1899 κάπρον
1300 1846 1590 1900 στρατευσάντων
1610 1846 1715 1901 φησὶ,
1733 1846 1966 1885 ὑποδείσαντα
1986 1847 2023 1886 δὲ
2039 1848 2099 1887 καὶ
2109 1847 2173 1896 τὴν

1139 1909 1200 1945 τοῦ
1231 1905 1311 1949 συὸς
1333 1905 1538 1945 ἐκκλίνοντα
1567 1906 1686 1959 μάχην
1714 1905 1782 1944 ὑπὸ
1814 1906 2024 1961 Μελεάγρου
2064 1924 2175 1948 κατα-

1139 1967 1409 2019 κρημνισθῆναι.
1435 1964 1499 2004 Διὸ
1515 1964 1576 2004 καὶ
1591 1965 1815 2013 λελωὸἧσθαι
1833 1964 1873 2004 τὸ
1889 1968 2007 2017 σῶμα.

1195 2090 1373 2141 ΑΡΟΙΙοά.
1389 2093 1420 2138 1,
1434 2090 1471 2137 8,
1487 2091 1508 2129 5
1524 2105 1532 2127 :
1551 2089 1686 2134 Τυδεὺς
1701 2088 1789 2145 ἀνὴρ
1803 2089 1986 2142 γενόμενος
1999 2098 2154 2142 γενναῖος
2164 2124 2173 2141 ,

1141 2148 1370 2201 ἐφυγαδεύθη,
1386 2148 1522 2192 κτείνας
1592 2151 1639 2194 ὡς
1661 2149 1866 2204 Φερεκύδης
1888 2150 2173 2204 φησὶν,Ὠλενίαν

1142 2208 1290 2261 ἀδελφὸν
1311 2207 1411 2247 ἴδιον.
1438 2209 1568 2247 Schol.
1596 2212 1757 2248 Homer.
1778 2210 1821 2248 Il.
1845 2209 1900 2255 Ξ,
1928 2225 2021 2247 ¹20:
2041 2211 2174 2256 Τυδεὺς

1141 2270 1160 2306 ὁ
1180 2267 1333 2316 Οἰνέως,
1348 2267 1504 2312 Αἰτωλὸς
1530 2266 1593 2319 μὲν
1618 2262 1660 2315 ἦν
1680 2267 1721 2306 τὸ
1739 2266 1858 2319 γένος,
1881 2268 2119 2323 ἀνδρειότατος
2139 2270 2174 2308 δὲ

1141 2379 1293 2416 Locrum,
1307 2378 1365 2418 qui
1381 2376 1508 2410 Thebas
1521 2386 1596 2409 cum
1611 2377 1792 2419 Amphione
1805 2379 1836 2409 et
1851 2378 1950 2409 Zetho
1967 2378 2086 2410 condit.
2102 2381 2175 2411 Mae.

1140 2433 1209 2456 ram
1225 2433 1303 2459 ¹§lero
1318 2427 1451 2456 narrant
1471 2433 1490 2456 a
1505 2425 1607 2462 Diana
1628 2425 1744 2465 sagitta
1760 2424 1963 2456 interfectam
1980 2434 2062 2464 esse,
2081 2426 2169 2466 quod

1139 2473 1206 2514 jam
1222 2481 1289 2504 non
1304 2472 1444 2515 amplius
1459 2472 1605 2504 venisset
1618 2472 1659 2504 ad
1674 2471 1874 2504 venandum.

1398 2575 1408 2585 ”
1435 2591 1589 2630 LIBER
1627 2589 1879 2630 OCTAVUS.

1627 2662 1689 2693 80.

1185 2720 1422 2761 Endymionem
1436 2719 1598 2751 Hesiodus
1611 2718 1689 2750 dicit
1700 2717 1827 2755 Aethlii,
1841 2718 1932 2749 Jovis
1949 2716 2016 2756 filii,
2030 2725 2047 2749 e
2061 2718 2169 2751 calice

1142 2766 1265 2807 filium,
1282 2766 1337 2808 qui
1356 2767 1397 2799 ab
1413 2769 1495 2798 Jove
1514 2765 1600 2797 douo
1616 2764 1808 2805 accepisset,
1825 2765 1861 2794 ut
1886 2762 2000 2794 mortis
2029 2771 2099 2796 suae
2122 2773 2169 2796 ar·

1142 2815 1225 2847 biter
1237 2815 1306 2856 ipse
1320 2817 1414 2847 esset.
1429 2813 1549 2845 Eadem
1558 2811 1865 2844 narrantAeusilaus
1877 2813 1908 2842 et
1917 2811 2126 2851 Pherecydes.

1623 2866 1685 2898 81.

1185 2924 1324 2953 Ancaeus
1338 2921 1379 2952 ab
1391 2929 1468 2961 apro
1484 2917 1661 2959 Calydonio
1677 2917 1710 2948 in
1724 2916 1844 2948 femore
1855 2915 2051 2949 -vulneratus
2076 2917 2167 2950 obiit.

1624 2972 1686 3003 82.

1185 3029 1272 3060 Inter
1288 3035 1354 3063 eos,
1371 3025 1427 3065 qui
1443 3026 1554 3055 contra
1569 3031 1682 3063 aprum
1699 3021 1914 3062 Calydonium
1931 3021 2067 3063 profecti
2077 3026 2165 3060 sunt,

1143 3074 1233 3106 solus
1246 3073 1408 3106 Thersites
1427 3073 1557 3112 propter
1571 3070 1732 3110 ignaviam
1749 3078 1842 3101 suam
1855 3078 1997 3110 pugnam
2016 3079 2091 3102 cum
2109 3080 2167 3104 sue

1143 3122 1270 3153 vitavit.
1297 3120 1359 3157 Qui
1387 3127 1488 3159 quum
1499 3127 1517 3149 a
1535 3117 1695 3157 Meleagro
1712 3116 1752 3149 de
1765 3116 1836 3148 loco
1853 3116 1939 3150 edito
1955 3118 2167 3159 praecipitare·

1142 3171 1206 3208 tur,
1224 3176 1340 3208 corpus
1355 3167 1424 3207 eJus
1440 3165 1655 3197 deformatum
1667 3165 1727 3196 est.

1622 3225 1684 3257 83.

1184 3279 1331 3320 Tydeus,
1351 3277 1449 3310 OEnei
1466 3276 1569 3316 filius,
1586 3276 1729 3316 AEtolus‚
1748 3250 1816 3308 suae
1835 3276 1939 3323 aetatis
1955 3275 2164 3316 mitissimus,

1142 3335 1242 3367 quum
1253 3335 1331 3367 puer
1347 3325 1453 3357 adhuc
1468 3326 1570 3364 esset,
1587 3323 1671 3355 vidit
1693 3325 1815 3364 patrem
1823 3325 1951 3364 propter
1968 3325 2163 3355 senectutem

1143 3375 1181 3406 ab
1201 3373 1285 3413 Agrii
1302 3373 1374 3405 filiis
1392 3373 1476 3413 regia
1495 3372 1649 3412 dignitate
1664 3371 1847 3412 spoliatum.
1868 3372 2038 3411 Propterea
2051 3379 2161 3402 conso-
