2320 3684
783 135 1029 174 ΤΗΕΟΡΟΜ
1037 136 1084 173 ΡΙ
1118 135 1444 177 FRAGMENTA.

57 223 210 279 ὑποστρέ
238 239 269 262 ει
280 254 290 273 ,
307 217 383 263 εἶτα
402 223 460 262 ἐπὶ
477 223 541 271 τὴν
559 225 629 262 τῶν
647 221 837 277 μειρακίων
851 221 993 268 ἡλικίαν
1013 223 1093 259 ἀνα-

54 291 185 339 χωρεῖ,
209 240 286 322 Ξῖτα
301 289 385 328 παῖς
400 283 554 336 γίνεται,
578 276 654 321 εἶτα
676 281 822 336 βρέφος,
844 280 905 319 καὶ
926 279 984 318 ἐπὶ
1007 281 1092 319 τού-

53 358 126 388 τοις
142 341 357 390 ἐξαναλώθη.

107 402 353 453 Colloquium
366 400 461 438 illud
475 401 579 438 inten
591 400 686 438 alios
700 399 917 438 retulerunt
932 399 1094 449 Dionys.

57 462 179 504 Halic.
198 465 299 499 Vett.
319 460 475 511 Scriptt.
502 462 611 501 Ceus.
633 473 671 511 p.
693 473 741 506 70
759 467 798 496 et
817 459 940 511 Epist.
960 458 1007 496 ad
1027 461 1094 497 Cn.

56 524 194 572 Pomp.
214 533 252 570 p.
270 520 356 556 131.
369 518 573 560 ATheone
584 518 770 571 sophista
786 521 897 569 Prog.
916 531 948 555 c.
967 530 989 554 2
1010 517 1092 554 init.

56 580 158 618 inter
173 579 248 618 alia
264 577 447 629 elegantis
465 576 686 615 fabularum
703 577 943 614 narrationis
960 589 1094 619 exem-

58 639 123 690 pla
141 638 364 676 nominatur
391 636 505 674 etiam
526 634 623 689 παρὰ
637 634 856 688 Θεοπόμπου
876 636 913 678 ἐν
932 637 976 688 τῇ
992 633 1096 688 ὀγδόῃ

56 699 127 739 τῶν
152 697 385 740 Φιλιππικῶν
403 698 426 746 ἡ
443 699 504 739 τοῦ
526 696 710 743 Σειληνοῦ,

543 753 607 793 77.

112 821 288 859 Clemens
304 818 508 861 Alexandr.
525 820 667 857 Strom.
681 822 747 868 VI,
759 833 797 875 p.
813 825 909 869 749:
927 815 1100 870 Θεόπομ-

57 895 123 924 πος
143 877 281 933 γράφει·
301 878 372 916 «Ei
395 875 459 930 μὲν
475 876 543 931 γὰρ
561 870 618 927 ἦν,
629 877 688 916 τὸν
706 877 861 919 κίνδυνον
873 877 931 916 τὸν
943 876 1098 932 παρόντα

58 940 115 978 δια
143 937 307 991 υγόντας,
328 938 437 981 ἀδεῶς
451 935 581 990 διάγειν
604 936 662 981 τὸν
683 936 864 980 ἐπίλοιπον
878 937 1016 991 χρόνον,
1039 938 1101 979 οὐκ

58 997 101 1038 ἂν
125 1014 168 1046 ην
190 995 392 1049 θαυμαστὸν
415 997 620 1050 φιλοψυχεῖν
636 1011 644 1020 ·
668 1000 728 1037 νῦν
747 997 783 1035 δὲ
806 1001 976 1035 τοσαῦται
998 999 1106 1050 κ’ῆρες

58 1060 110 1112 τῷ
136 1057 202 1111 βίῳ
225 1054 535 1111 παραπεφύκασιν,
549 1054 642 1094 ὥστε
660 1055 719 1095 τὸν
739 1057 775 1099 ἐν
793 1061 869 1101 ταῖς
885 1056 1019 1109 μάχαις
1037 1055 1102 1100 θά-

60 1132 162 1156 νατον
177 1114 403 1170 αἱρετώτερον
425 1107 514 1153 εἶναι
537 1115 662 1159 δοκεῖν.
675 1132 691 1150 »

114 1180 206 1215 Haec
228 1188 315 1214 cum
339 1174 655 1214 antecedentibus
670 1175 860 1217 cohaerere
874 1174 1006 1213 innuit
1024 1175 1102 1214 Cic.

61 1239 174 1279 Tusc.
199 1238 340 1282 Quaest.
362 1238 395 1285 Ι,
412 1235 484 1279 48:
509 1234 686 1283 Affertur
699 1239 811 1271 etiam
838 1236 884 1272 de
899 1236 1025 1272 Sileno
1027 1235 1104 1284 fa-

63 1294 163 1334 bella
189 1296 392 1346 quaedam&
416 1297 482 1343 qui
508 1286 625 1347 ,quum
653 1307 679 1333 a
705 1295 818 1331 Mida
847 1304 978 1345 captus
996 1285 1100 1339 0.}set,

63 1356 130 1393 lzoc
141 1359 177 1392 ei
195 1359 357 1392 muneris
362 1368 436 1404 pro
453 1368 522 1392 ,ςιια
550 1358 721 1391 missione
737 1347 888 1392 dedisse
900 1354 995 1395 scrib
1007 1358 1075 1394 'tur
1093 1357 1117 1391 .·’

62 1416 226 1452 docuisse
242 1427 382 1464 regem,
399 1427 472 1450 non
502 1417 607 1450 nasci
630 1414 772 1450 homini
795 1416 904 1464 longe
929 1419 1103 1463 optimum

63 1487 158 1519 esse;
171 1476 387 1523 proximum
402 1482 538 1517 autem,
557 1477 844 1523 quamprimum
859 1477 963 1517 mori.

558 1530 620 1572 78.

119 1591 345 1631 Ammianus
357 1594 478 1631 Marc.
494 1594 673 1643 XXII‚9,
687 1605 807 1644 quum
821 1600 992 1630 notasset
1005 1606 1106 1630 non-

67 1651 194 1692 nullos
207 1650 344 1688 urbem
356 1650 622 1689 Pessinuntem
636 1651 778 1689 dictam
793 1659 948 1702 putasse
957 1651 1026 1690 ἀπὸ
1044 1655 1105 1690 τοῦ

65 1716 206 1759 πεσεῖν,
224 1711 320 1750 alios
343 1711 445 1750 Ilum
465 1711 578 1749 Trois
597 1711 951 1759 filium‚Dardaniae
963 1726 1105 1764 regem,

68 1771 104 1809 ei
123 1785 264 1810 nomen
290 1771 454 1820 dedisse,
476 1770 608 1809 addit:
631 1772 883 1821 Theopompus
901 1786 974 1808 non
1004 1776 1105 1810 Ilum

69 1832 110 1867 id
123 1835 254 1881 egisse,
276 1832 345 1868 sed
359 1831 508 1868 Midam
527 1830 712 1880 affirmat,
727 1832 908 1882 Phrygioe
918 1834 1105 1881 quondam

64 1893 356 1939 potentissimum
375 1904 509 1942 regem.
529 1889 585 1928 Cf.
600 1890 762 1928 Diodor.
784 1893 854 1937 111,
880 1892 942 1941 59.

556 1953 619 1992 79.

123 2013 307 2064 Apollon.
326 2016 440 2064 Dysc.
459 2026 491 2051 c.
513 2026 578 2051 10:
597 2012 810 2064 Θεόπομπος
826 2012 856 2051 δ’
874 2013 908 2054 ἐν
927 2018 997 2057 τοῖς
1011 2015 1109 2054 Θαυ-

72 2070 210 2124 μασίοις
225 2100 236 2119 ,
261 2072 297 2110 ἐν
319 2074 371 2126 τῷ
395 2073 506 2124 ἀγῶνι
528 2074 597 2111 τῶν
616 2071 827 2123 Ὀλυμπίων
857 2074 998 2111 πολλῶν
1027 2074 1108 2112 ἐπι-

71 2130 293 2176 πολαζόντων
321 2130 459 2170 ἷκτίνων
484 2132 519 2169 ἓν
543 2134 587 2184 τῇ
614 2130 828 2185 πανηγύρει,
859 2131 920 2170 καὶ
947 2132 1105 2186 διασυρι-

72 2188 212 2238 ζόντων,
241 2188 286 2229 τὰ
311 2189 547 2244 διαφερόμενα
576 2189 662 2245 κρέα
688 2193 758 2229 τῶν
787 2190 972 2244 ἱεροθύτων
1003 2194 1106 2242 ἀθιγῆ

73 2247 203 2301 μένειν.
245 2250 389 2288 Eadem
430 2264 492 2302 ap.
523 2252 688 2289 Pausan.
714 2254 763 2301 V,
807 2257 875 2297 14,
898 2252 1036 2290 AElian.
1059 2255 1106 2290 H.

76 2311 119 2346 A.
137 2311 187 2357 11,
206 2314 269 2356 47,
291 2308 627 2347 Pseudo-Ariston
645 2312 704 2348 De
726 2310 809 2348 mir.
830 2323 932 2349 ausc.
961 2325 993 2349 c.
1020 2312 1104 2350 135.

73 2418 240 2451 senectute
255 2417 288 2450 in
301 2417 401 2450 robur
416 2418 526 2460 ipsum
539 2418 724 2459 revertitur,
739 2418 858 2452 deinde
874 2420 906 2452 in
922 2421 1110 2454 adolescen-

75 2464 157 2499 tium
185 2466 314 2498 aetatem
337 2465 437 2506 redit;
454 2467 527 2498 tum
556 2473 647 2507 puer,
663 2466 784 2501 deinde
805 2466 914 2502 infans
938 2468 1060 2509 evadit,
1078 2470 1111 2501 et

77 2513 189 2554 postea
200 2512 429 2554 exstinguitur.
694 2535 697 2538 Α

563 2581 625 2616 7⁷.

119 2643 237 2676 Scribit
251 2644 502 2685 Theopompus:
520 2658 536 2669 «
550 2646 632 2677 Nam
649 2645 690 2686 si,
705 2654 808 2687 quum
822 2654 964 2687 praesens
980 2646 1111 2687 quidem

78 2691 275 2724 vitassemus
294 2691 494 2732 periculum,
517 2691 627 2724 liceret
645 2692 806 2733 reliquum
835 2696 964 2734 tempus
999 2702 1111 2727 secure

79 2738 265 2780 transigere,
286 2748 351 2771 non
365 2742 451 2772 esset
466 2738 650 2775 mirandum
667 2739 694 2772 si
717 2740 795 2772 vitae
808 2749 959 2774 essemus
976 2741 1087 2783 cupidi
1102 2753 1109 2773 :

78 2794 167 2819 nunc
195 2788 303 2818 autem
321 2786 401 2819 vitae
421 2788 542 2819 nostroe
566 2788 615 2818 tot
635 2786 743 2823 satalia
764 2787 936 2820 imminent
951 2788 1111 2830 pericula,

81 2836 286 2913 uttamgrtem
323 2834 356 2866 in
381 2835 492 2877 proelio
519 2835 691 2876 oppetere,
724 2834 878 2868 videatur
911 2845 985 2869 esse
1007 2837 1111 2877 magis

81 2889 123 2923 op
158 2890 178 2912 n
204 2890 293 2913 um.»

564 2948 627 2980 79.

123 3008 350 3050 Theopompus
374 3009 406 3041 in
421 3010 626 3043 Mirabilibus
655 3012 776 3050 narrat,
800 3010 888 3042 ludis
917 3011 1111 3052 Olympicis,

82 3055 234 3095 quamvis
248 3056 343 3088 multi
364 3057 456 3089 milvi
470 3057 707 3090 circumvolent
729 3058 763 3090 in
787 3058 924 3090 solemni
947 3060 1111 3091 conventu

83 3101 279 3144 sibilumque
299 3103 409 3144 edant,
428 3113 558 3137 carnem
590 3107 699 3137 tamen
730 3113 896 3137 sacrarum
931 3104 1113 3137 hostiarum

84 3147 238 3181 intactam
258 3150 409 3192 relinqui.

567 3212 629 3245 80.

127 3274 380 3315 Amphictyones
395 3299 404 3315 ,
431 3285 606 3309 consessus
637 3276 770 3318 quidam
801 3277 862 3310 suit
889 3278 1043 3316 Graecus,
1073 3277 1115 3310 ad

86 3321 320 3363 Thermopylas
347 3324 519 3356 convenire
549 3323 674 3356 solitus.
691 3324 884 3357 Nominatus
908 3333 987 3356 vero
1003 3325 1053 3355 est
1075 3323 1115 3355 ab

87 3369 323 3410 Amphictyone
341 3370 542 3402 Deucalionis
556 3370 632 3406 lilio,
646 3371 766 3413 qnippe
777 3371 834 3412 qui
859 3371 932 3403 illos
963 3369 1112 3412 populos,

2093 121 2179 181 4τοι

1206 286 1414 334 Harpocr.:
1428 281 1688 338 Ἀμφικτύονες·
1700 281 1875 337 συνέδριόν
1889 282 1924 321 τί
1946 284 2040 322 ἐστιν
2060 283 2192 333 Ἕλλη-

1153 339 1263 389 νικὸν,
1282 340 1521 393 ,συναγόμενον
1554 342 1590 380 ἐν
1623 339 1901 395 Θερμοπύλαις·
1930 342 2125 395 ὠνομάσθη
2153 343 2190 382 δὲ

1154 398 1232 445 ἤτοι
1257 399 1327 438 ἀπὸ
1354 399 1601 454 Ἀμφικτύονος
1627 404 1687 440 τοῦ
1717 400 1976 445 Δευκαλίωνος·
2005 401 2058 441 ὅτι
2091 402 2193 447 αὐτὸς

1156 456 1332 509 συνήγαγε
1353 458 1398 496 τὰ
1417 458 1496 507 ἔθνη
1525 459 1735 512 βασιλεύων,
1758 458 1806 509 ὥς
1820 475 1906 515 φησι
1925 459 2140 514 Θεόπομπος
2156 464 2191 501 ἐν

1156 515 1280 569 ὀγδόῃ·
1307 522 1419 556 ταῦτα
1444 519 1481 557 δὲ
1503 513 1545 566 ἦν
1569 518 1717 558 δώδεκα·
1738 516 1878 569 Ἴωνες,
1908 522 2075 575 Δωριεῖς,
2096 523 2194 576 Πεῤ-

1158 576 1292 629 ῥαιὸοὶ,
1311 578 1479 626 Βοιωτοὶ,
1504 578 1714 631 Μάγνητες,
1739 579 1892 633 Ἀχαιοὶ,
1907 582 2090 630 Φθιῶται,
2116 584 2194 630 Μη-

1156 637 1264 682 λιεῖς,
1288 635 1459 684 Δόλοπες,
1480 639 1659 687 Αἰνιᾶνες,
1687 638 1836 693 Δελφοὶ,
1863 641 2015 684 Φωκεῖς.
2050 641 2194 684 Eadem

1159 698 1294 746 Apost,
1323 699 1431 737 Ceut.
1459 700 1532 743 111,
1555 703 1589 742 4.

1598 774 1741 784 —ffl—

1553 827 1707 869 LIBER
1735 830 1803 874 IX.

1646 887 1710 926 81.

1216 945 1553 997 Schol.Aristoph.
1566 946 1708 984 Avium
1725 960 1760 984 v.
1778 949 1853 997 962
1865 963 1874 985 ε
1937 940 2150 1001 Θεόπομπος
2167 949 2197 987 δ’

1161 1005 1195 1044 ἓν
1219 1008 1262 1058 τῇ
1288 1004 1318 1044 θ’
1336 1008 1405 1044 τῶν
1434 1006 1667 1045 Φιλιππικῶν
1693 1004 1783 1044 ἄλλα
1816 1022 1854 1045 τε
1884 1006 1999 1046 πολλὰ
2028 1008 2108 1062 περὶ
2137 1013 2198 1047 τοῦ

1162 1066 1317 1104 Βοιωτοῦ
1337 1064 1486 1108 Βάκιδος
1501 1066 1633 1117 ἱστορεῖ
1645 1063 1845 1119 παράδοξα,
1869 1066 1928 1104 καὶ
1949 1066 2001 1105 ὅτι
2025 1067 2110 1106 ποτὲ
2128 1070 2198 1106 τῶν

1162 1123 1450 1176 Λακεδαιμονίων
1497 1122 1666 1176 μανείσας
1705 1122 1767 1167 τὰς
1809 1131 1976 1176 γυναῖκας
2016 1126 2198 1180 ἐκάθηρεν,

1162 1182 1380 1227 Ἀπόλλωνος
1403 1185 1519 1227 αὐτοῖς
1531 1186 1651 1222 τοῦτον
1665 1182 1843 1237 καθαρτὴν
1861 1183 1987 1228 δόντος.
1999 1186 2054 1224 Cf.
2071 1187 2198 1225 Schol.

1163 1242 1209 1279 ad
1237 1246 1324 1281 Pac.
1351 1257 1386 1281 v.
1422 1256 1535 1291 1071,
1561 1251 1599 1280 et
1630 1242 1768 1281 Suidas
1796 1256 1824 1281 s.
1849 1257 1883 1282 v.
1910 1243 2018 1287 Βάκις
2050 1253 2088 1282 et
2126 1245 2202 1285 Κά-

1163 1303 1282 1356 θαρσις
1297 1303 1485 1353 γυναικῶν.

1652 1360 1715 1399 82.

1218 1424 1434 1463 Priscianus
1457 1423 1524 1463 lib.
1547 1427 1694 1475 XVIII,
1726 1438 1764 1475 p.
1805 1424 1905 1474 1198
1935 1423 1996 1463 ed.
2027 1424 2202 1463 Putsch.:

1163 1484 1277 1522 Attici
1297 1482 1377 1536 περὶ
1401 1482 1524 1527 τόσους
1555 1482 1615 1522 καὶ
1647 1482 1727 1537 περὶ
1763 1481 1900 1531 τόσοις,
1928 1483 2203 1535 Theopompus

1164 1543 1263 1584 Phil.
1286 1545 1344 1581 IX
1366 1556 1373 1578 :
1400 1542 1480 1581 «Τὸ
1505 1540 1568 1594 μὲν
1591 1543 1702 1594 μ’ῆκος
1728 1540 1808 1596 περὶ
1835 1539 1914 1586 τοὺς
1940 1541 2203 1596 τεσσαράκοντα

1165 1600 1364 1645 σταδίους.»
1682 1602 1685 1606 ’

1655 1659 1718 1697 83.

1219 1714 1328 1752 Theo
1346 1717 1550 1764 Progymn.
1574 1727 1606 1750 c.
1628 1726 1665 1760 2,
1689 1726 1726 1764 p.
1754 1726 1799 1762 ¹9
1818 1727 1826 1749 :
1847 1712 2008 1766 Ἔχομεν
2026 1711 2063 1751 δὲ
2083 1714 2142 1752 καὶ
2168 1715 2204 1752 ἐν

1164 1776 1208 1826 τῇ
1234 1773 1359 1826 ἑννάτῃ
1384 1774 1617 1812 Φιλιππικῶν
1639 1770 1857 1823 Θεοπόμπου
1889 1772 1935 1810 τὰ
1968 1775 2003 1811 ἐν
2026 1772 2206 1827 Θετταλίᾳ

1166 1831 1321 1884 Τέμπη,
1345 1832 1367 1871 ἅ
1393 1833 1468 1870 ἐστι
1493 1831 1556 1884 μὲν
1584 1830 1715 1883 μεταξὺ
1743 1830 1804 1869 δύο
1828 1833 1920 1885 ὀρῶν
1944 1831 2123 1884 μεγάλων,
2144 1835 2206 1879 τῆς

1165 1907 1203 1930 τε
1220 1890 1360 1939 Ὄσσης
1383 1890 1442 1929 καὶ
1465 1894 1526 1929 τοῦ
1550 1889 1738 1942 Ὀλύμπου
1752 1906 1761 1914 ·
1780 1893 1830 1943 ῥεῖ
1847 1889 1885 1928 δὲ
1903 1891 1947 1929 δι’
1963 1892 2079 1930 αὐτῶν
2103 1891 2207 1944 μέσος

1166 1955 1183 1991 ὁ
1211 1951 1369 1998 Πενειὸς,
1405 1952 1453 1995 εἷς
1486 1950 1522 1989 ὃν
1554 1950 1707 1994 ἅπαντες
1737 1952 1770 1989 οἱ
1805 1950 1898 1989 κατὰ
1919 1949 1982 1998 τὴν
2007 1952 2205 1991 Θετταλίαν

1166 2012 1319 2065 ποταμοὶ
1343 2010 1537 2066 συῤῥέουσι.

1221 2133 1367 2171 Plinius
1395 2135 1442 2171 H.
1465 2135 1511 2170 N.
1547 2134 1697 2177 XXXI,
1727 2144 1760 2168 c.
1797 2145 1850 2168 2:
1887 2132 2138 2182 Theopompus
2169 2136 2205 2167 in.

1167 2195 1338 2231 Scotussa
1355 2196 1475 2230 lacum
1490 2205 1569 2229 esse
1594 2193 1694 2236 dicit,
1718 2196 1783 2240 qui
1794 2190 2011 2228 vulneribus
2030 2192 2204 2227 medetur.

1226 2253 1405 2290 Wicleers.
1423 2266 1435 2288 :
1450 2251 1617 2289 «Eadem
1634 2263 1678 2287 ac
1689 2250 1830 2287 Plinius
1842 2263 1863 2287 e
1873 2250 2130 2301 Theopompo
2145 2261 2205 2286 re·-

1170 2313 1256 2350 tulit
1268 2312 1403 2351 Sotion
1421 2325 1460 2363 p.
1478 2311 1563 2362 139.
1575 2309 1690 2361 Apud
1702 2309 1887 2360 Antigon.
1904 2312 2055 2359 Caryst.
2068 2322 2101 2346 c.
2133 2308 2202 2353 157

1167 2430 1270 2463 quum
1287 2422 1448 2462 regnaret,
1463 2419 1505 2452 ad
1520 2420 1701 2452 convenius
1715 2418 1962 2457 convocaverit,
1984 2421 2020 2449 ut
2037 2418 2205 2448 auctorest

1168 2470 1403 2510 Theopompus
1416 2467 1500 2499 libro
1510 2469 1638 2499 octavo.
1659 2466 1699 2498 Hi
1710 2466 1820 2498 autem
1831 2466 1923 2497 erant
1934 2472 2069 2495 numero
2084 2463 2203 2495 duode-

1174 2516 1238 2548 cim
1258 2525 1266 2547 :
1282 2518 1395 2554 Iones,
1418 2517 1533 2553 θοι-οε,
1551 2513 1726 2552 Perrhaebi,
1746 2511 1860 2551 Boeoti,
1889 2513 2066 2552 Magnetes,
2082 2509 2202 2548 Achaei,

1167 2562 1526 2603 Phthiotae,Malienses,
1535 2561 1688 2603 Dolopes,
1698 2559 1862 2599 AEnianes,
1872 2557 1997 2599 Delphi,
2006 2557 2200 2590 Phocenses.

1598 2634 1782 2649 -αοοοοου-

1564 2688 1714 2728 LIBER
1744 2687 1811 2727 IX.

1654 2760 1719 2794 81.

1211 2830 1440 2870 Theopompus
1456 2835 1543 2858 nono
1557 2823 1811 2865 Philippicorum
1824 2821 1907 2853 libro
1921 2823 1954 2852 et
1968 2820 2032 2852 alia
2047 2820 2151 2853 multa
2164 2820 2206 2854 dc

1170 2876 1286 2909 Bacide
1299 2876 1413 2907 Boeoto
1430 2875 1540 2905 narrat
1555 2870 1734 2908 mirabilia,
1751 2871 1784 2901 et
1798 2868 1955 2901 lustrasse
1970 2876 2046 2900 eum
2068 2867 2114 2900 ait
2129 2867 2205 2901 deli-

1170 2926 1278 2955 rantes
1294 2919 1619 2954 Lacedaemoniorum
1639 2915 1791 2948 mulieres
1804 2938 1814 2955 ,
1841 2914 1962 2956 quibus
1983 2913 2098 2955 Apollo
2114 2914 2202 2948 hunc

1170 2969 1313 3003 dedisset
1324 2969 1543 3000 lustratorem.

1653 3034 1717 3067 82.

1215 3116 1231 3132 «
1250 3103 1296 3135 Ad
1314 3099 1548 3142 longitudinem
1571 3096 1784 3139 quadraginta
1800 3094 1927 3128 circiter
1945 3093 2060 3127 stadia.
2080 3107 2096 3122 »

1656 3164 1720 3197 83.

1212 3226 1378 3259 Habemus
1390 3226 1423 3257 et
1435 3224 1470 3256 in
1482 3231 1570 3255 nono
1582 3223 1702 3254 Rerum
1713 3220 1853 3262 Philippi
1866 3219 2203 3261 apudTheopompum

1172 3272 1356 3309 Thessalica
1371 3273 1491 3312 Tempe
1507 3280 1515 3301 ε
1532 3278 1606 3310 quae
1629 3270 1706 3300 sunt
1721 3268 1792 3309 ipsa
1811 3267 1943 3308 quidem
1965 3267 2050 3299 inter
2063 3265 2146 3297 duos
2162 3265 2205 3297 al-

1173 3325 1223 3353 tos
1236 3322 1376 3358 montes,
1394 3321 1511 3351 Ossam
1526 3319 1560 3350 et
1577 3315 1767 3357 Olympum.
1784 3317 1933 3353 Quorum
1955 3323 2011 3355 per
2026 3313 2132 3346 media
2146 3314 2204 3345 Pe-

1173 3377 1253 3400 neus
1270 3366 1341 3399 ssuit
1356 3375 1363 3397 :
1381 3365 1413 3397 in
1428 3373 1526 3406 quem
1542 3372 1656 3396 omnes
1669 3362 1848 3395 Thessalici
1861 3361 2030 3394 confluunt
2046 3359 2152 3391 fluvii.

2074 3412 2119 3443 19„
