2320 3684
834 139 1000 177 TIMAEI
1029 139 1360 179 FRAGMENTA.

48 232 163 281 φεῖται
179 225 322 265 τούτων.
347 225 469 264 Καίτοι
489 224 576 263 διότι
591 223 683 262 τοῦτ’
702 221 787 261 ἴδιόν
809 224 883 261 ἐστι
901 223 1069 274 Ἰιμαίου,

48 285 107 323 καὶ
120 283 230 337 ταύτῃ
248 283 515 338 παρημίλληται
535 281 614 325 τους
628 280 752 324 ἄλλους
774 281 991 334 συγγραφέας
1009 283 1068 320 καὶ

47 342 197 381 καθόλου
212 342 297 396 τῇδέ
311 358 361 394 πῃ
375 342 465 388 ’τῆς
481 340 657 392 ἀποδοχης
678 338 782 390 (λέγω
802 339 837 376 δὲ
854 338 945 377 κατὰ
955 339 1049 387 τὴν’
1034 356 1068 378 εν

48 407 118 445 τοῖς
137 401 272 455 χρόνοις
296 400 357 439 καὶ
375 406 451 443 ταῖς
469 401 692 471 ἀναγραφαῖς
712 397 875 451 ἐπίφασιν
894 400 956 444 τῆς
973 400 1071 452 ἀκρι-

48 458 161 504 ὅείας,
181 459 240 498 καὶ
256 458 319 505 τὴν
332 458 411 512 περὶ
430 461 532 496 τοῦτο
546 456 586 495 τὸ
600 456 702 510 μέρος
715 456 945 508 ἐπιμέλειαν),
966 457 1069 504 δοκῶ,

47 517 176 562 πάντες
193 517 422 569 γινώσκομεν.
449 515 513 555 Διὸ
531 515 591 554 καὶ
623 515 810 566 θαυμάζειν
840 514 932 554 ἔστιν
962 514 1069 563 ἄξιον,

47 578 123 620 πῶς
141 575 219 615 οὔτε
237 574 277 614 τὸ
296 577 358 622 τῆς
382 574 516 617 πόλεως
539 573 666 625 ὄνομα,
684 574 767 627 παρ’
790 578 839 618 οἱς
859 578 967 628 εὗρεν,
992 574 1070 612 οὔτε

47 633 167 683 τόπον,
183 635 219 672 ἐν
241 627 270 687 ᾧ
297 632 482 684 συμὸαίνει
501 631 564 680 τὴν
592 633 767 679 συνθήκην
792 632 1070 686 ἀναγεγράφθαι,

48 691 255 747 διεσάφησεν
269 695 367 743 ἡμῖν,
390 691 467 730 οὔτε
487 691 565 735 τοὺς
587 690 757 745 ἄρχοντας
787 690 865 734 τοὺς
898 690 1072 736 δείξαντας

48 753 143 804 αὐτῷ
157 750 220 798 τὴν
238 749 453 804 ἀναγραφὴν,
470 750 626 804 καὶπρὸς
643 749 698 793 οὒς
717 752 866 789 ἐποιεῖτο
882 750 939 789 τὸν
956 749 1069 801 λόγον·

47 809 106 848 ἵνα
123 809 246 861 μηδενὶ
266 810 442 863 διαπορεῖν
457 808 536 860 ἐξῇ,
566 810 642 847 ἀλλ’
668 807 864 862 ὡρισμένου
883 813 944 847 τοῦ
963 809 1071 847 τόπου

49 868 107 906 καὶ
143 870 204 915 τῆς
234 867 368 911 πόλεως
387 869 446 919 ἐνῇ
469 873 540 911 τοῖς
557 867 837 921 ἀμφισὸητοῧσιν
871 871 978 922 εὑρεῖν
1008 867 1071 915 τὴν

49 925 240 979 ἀκρίὸειαν.
261 925 307 965 ‘O
331 924 367 964 δὲ
385 926 502 964 πάντα
521 930 631 964 ταῦτα
659 924 944 980 παραλελοιπὼς,
972 926 1074 973 δῆλός

49 986 124 1023 ἐστι
142 983 305 1028 συνειδὼς
327 986 422 1038 αὑτῷ
441 983 532 1023 κατὰ
556 984 717 1037 πρόθεσιν
745 984 959 1039 ἐψευσμένῳ.
976 984 1074 1024 Διότι

48 1042 134 1098 γὰρ,
151 1045 220 1082 τῶν
237 1042 401 1082 τοιούτων
421 1042 691 1095 ἐπιλαὸόμενος,
712 1043 808 1082 οὐδὲν
826 1043 866 1081 ἂν
884 1044 1074 1097 παρέλειπε

49 1100 200 1153 Τίμαιος
211 1132 221 1149 ,
239 1101 316 1140 ἀλλ’
331 1101 434 1156 ἀπρὶξ
452 1101 491 1140 τὸ
511 1101 552 1149 δὴ
572 1101 757 1154 λεγόμενον
775 1104 903 1156 ἀμφοῖν
919 1109 991 1142 τοῖν
1009 1120 1074 1156 χε-

52 1166 122 1214 ροῖν
143 1160 271 1214 ἕπέφυ,
297 1159 471 1215 προφανὲς
492 1162 532 1199 ἐκ
553 1159 697 1199 τούτων.
734 1161 778 1200 Ὁ
803 1161 870 1216 γὰρ
895 1162 981 1215 πρὸς
1007 1162 1071 1210 τὴν

51 1217 288 1272 Ἐχεκράτους
302 1219 418 1258 πίστιν
434 1218 702 1273 ἀπερεισάμενος
715 1220 769 1257 ἐπ’
784 1219 951 1271 ὀνόματος
962 1252 972 1269 ,
992 1221 1076 1275 πρὸς

50 1275 88 1315 ὅν
105 1292 191 1331 φησι
212 1277 291 1331 περὶ
308 1280 377 1316 τῶν
402 1279 437 1316 ἐν
458 1277 592 1316 Ἰταλία
612 1280 755 1332 Λοκρῶν
772 1278 986 1325 ποιήσασθαι
999 1279 1077 1324 τους

51 1334 193 1386 λόγους,
210 1335 268 1374 καὶ
286 1336 369 1390 παρ’
386 1340 425 1374 οὑ
441 1335 609 1374 πυθέσθαι
625 1335 705 1406 περὶ
722 1335 866 1375 τούτων·
884 1337 943 1375 καὶ
962 1353 1076 1391 προσ-

52 1392 333 1448 εξειργασμένος,
359 1392 417 1432 ἵνα
448 1394 496 1446 μὴ
518 1397 608 1448 φανῇ
634 1398 694 1432 τοῦ
717 1394 882 1447 τυχόντος
898 1396 1077 1444 ἀκηκοὼς,

52 1451 105 1491 ὅτι
124 1452 306 1491 συνέὸαινε
325 1453 383 1492 τὸν
404 1452 528 1492 τούτου
549 1452 684 1507 πατέρα
703 1454 890 1508 πρεσὸείας
905 1455 1078 1503 κατηξιῶ-

52 1514 132 1550 σθαι
160 1511 325 1566 πρότερον
357 1514 424 1550 1)πο
455 1511 655 1551 ΔιονυσίΟυ·
692 1506 783 1559 ἦπου
817 1527 846 1565 γ
879 1530 920 1552 αν
958 1509 1078 1564 Οὗτος,

52 1570 221 1619 δημοσίας
250 1573 453 1625 ἀναγραφης
474 1570 747 1622 ἐπιλαὸόμενος,
775 1571 797 1618 ἢ
834 1573 1078 1627 παραδοσίμου

52 1630 202 1679 στήλης,
221 1629 511 1684 παρεσιώπησεν;

105 1688 177 1728 Καὶ
212 1687 320 1740 μὴνὸ
358 1688 418 1733 τὰς
448 1688 699 1740 ὀπισθοδόμους
733 1689 886 1739 στήλας,
923 1691 984 1729 καὶ
1016 1691 1078 1737 τὰς

51 1748 88 1786 ἐν
124 1753 201 1791 ταῖς
238 1749 353 1801 φλιαῖς
395 1750 464 1786 τῶν
506 1750 592 1787 νεῶν
639 1747 819 1802 προξενίας
866 1748 1078 1803 ἐξευρηκὼς,

52 1805 204 1858 Τίμαιός
235 1808 348 1844 ἔστιν·
385 1806 421 1845 ὃν
452 1806 526 1845 οὔθ’
558 1806 716 1860 ὑπάρχον
745 1823 779 1845 τι
807 1810 876 1846 τῶν
910 1809 1077 1846 τοιούτων

53 1866 208 1917 ἀγνοεῖν,
236 1865 307 1903 οὔθ’
328 1864 469 1920 εὑρόντα
498 1867 708 1919 παραλιπεῖν
745 1866 967 1915 πιστευτέον,
1000 1867 1079 1906 οὔτε

52 1923 262 1977 ψευσαμένῳ
295 1922 505 1976 συγγνώμην
557 1924 673 1963 δοτέον
720 1926 901 1977 οὐδαμῶς.
948 1925 1081 1980 Πικρὸς

51 1980 117 2035 γὰρ
132 1982 280 2034 γεγονὼς
300 1982 359 2021 καὶ
380 1982 617 2037 ἀπαραίτητος
637 1983 847 2035 ἐπιτιμητὴς
861 1987 933 2022 τῶν
951 1984 1077 2033 πέλας,

53 2039 194 2083 εἰκότως
211 2039 252 2080 ἂν
272 2041 329 2080 καὶ
350 2041 418 2080 ὑπὸ
436 2044 505 2080 τῶν
533 2042 682 2089 πλησίον
712 2043 814 2087 αὐτὸς
837 2043 1078 2097 ἀπαραιτήτου

51 2158 209 2191 quosnam
228 2149 335 2182 foedus
349 2150 430 2182 illud
441 2151 662 2191 conscriptum
677 2152 818 2193 reperit?
831 2152 919 2184 Nihil
932 2152 1019 2184 enim
1033 2151 1074 2184 de

52 2196 104 2230 his
124 2196 220 2229 nobis
232 2196 419 2229 declaravit.
436 2199 478 2229 Et
497 2199 603 2229 tamen
617 2198 784 2239 proprium
799 2198 832 2230 id
850 2207 920 2231 esse
934 2199 1049 2231 Timaei
1063 2223 1072 2238 ,

51 2245 148 2284 atque
178 2244 242 2275 hoc
268 2243 361 2275 illum
378 2253 452 2276 cum
473 2245 588 2277 ceteris
612 2245 822 2286 scriptoribus
837 2246 1031 2279 contendere
1046 2248 1078 2278 et

52 2289 218 2322 historiam
237 2299 329 2322 suam
342 2291 482 2323 maxime
495 2292 627 2332 jactare,
647 2291 791 2324 studium
802 2292 875 2324 dico
895 2301 932 2324 ac
945 2292 1077 2333 diligen-

51 2336 131 2369 tiam
143 2337 178 2369 in
194 2339 374 2378 temporum
388 2339 420 2369 et
434 2338 468 2369 in
492 2340 780 2371 monumentorum
799 2339 1003 2380 publicorum
1022 2349 1078 2371 no-

51 2383 190 2422 tatione,
205 2391 329 2419 omnes‚
347 2384 472 2425 opinor,
498 2384 718 2425 intelligimus.
733 2386 951 2423 Quamobrem
967 2386 1077 2418 mirari

53 2430 161 2470 subit,
178 2439 236 2462 cur
248 2439 352 2471 neque
368 2431 457 2463 urbis
473 2440 592 2463 nomen
603 2456 612 2471 ,
629 2432 662 2463 in
678 2441 743 2472 qua
764 2433 798 2464 id
819 2433 953 2474 reperit,
970 2442 1075 2474 neque

53 2476 171 2516 locum,
183 2477 217 2509 in
227 2486 293 2518 quo
304 2478 336 2509 id
352 2477 459 2510 foedus
472 2478 691 2519 conscriptum
705 2481 764 2519 est,
779 2488 838 2511 nec
854 2480 1073 2520 magistratus,

53 2523 110 2564 qui
127 2523 233 2565 ipsum
249 2527 496 2556 monumentum
512 2525 541 2557 ei
563 2528 803 2565 monstrarunt,
821 2528 854 2558 et
870 2535 944 2558 cum
959 2527 1077 2567 quibus

52 2569 233 2603 collocutus
246 2573 305 2611 est,
319 2570 414 2603 nobis
429 2573 753 2612 commemoraverit;
779 2582 820 2605 ne
841 2573 893 2605 cui
908 2573 1077 2606 dubitandi

54 2616 144 2650 locus
158 2617 404 2659 relinqueretur,
422 2618 498 2658 sed,
516 2618 597 2651 urbe
616 2628 653 2651 ac
668 2619 739 2651 loco
755 2619 941 2660 designatis,
958 2621 1004 2652 rei
1024 2629 1076 2652 ve-

55 2663 132 2697 ritas
149 2664 190 2697 ab
211 2665 263 2697 his
274 2688 284 2704 ,
299 2664 355 2706 qui
372 2665 567 2704 dubitarent,
581 2666 719 2698 inveniri
747 2668 868 2707 posset.
887 2668 1004 2708 Igitur,
1019 2667 1076 2708 qui

55 2710 124 2743 haec
131 2711 239 2743 omnia
250 2712 502 2753 praetermiserit,
510 2713 660 2745 conscius
670 2714 732 2745 sibi
741 2722 812 2746 esse
825 2714 978 2746 destinati
991 2723 1076 2747 men-

54 2756 137 2789 dacii
157 2757 416 2800 deprehenditur.
438 2761 518 2791 Nam
541 2759 719 2799 Timaeum,
742 2760 865 2801 siquid
888 2761 1075 2801 hujusmodi

53 2806 166 2837 nactus
178 2807 448 2846 esset,nunqua1n
461 2806 491 2838 id
505 2806 701 2838 omissurum
716 2807 826 2847 fuisse,
839 2808 895 2839 sed
905 2808 1074 2847 ambabus,

54 2850 141 2891 quod
155 2851 264 2891 aiunt,
291 2852 376 2885 ulnis
391 2852 615 2893 amplexurum
627 2877 636 2892 ‚
653 2862 693 2885 ex
719 2854 770 2886 his
782 2855 989 2895 perspicuum
1012 2857 1071 2887 est.

53 2897 134 2929 Nam
171 2898 229 2939 qui
257 2899 441 2931 Echecratis
470 2899 657 2932 testimonio
693 2901 885 2932 nominatim
925 2902 1075 2934 innititur

55 2942 208 2984 (quocum
233 2945 279 2977 ait
294 2954 329 2978 se
349 2946 389 2978 de
412 2946 628 2979 Locrensibus
640 2970 649 2986 ‚
674 2947 730 2988 qui
746 2948 778 2979 in
796 2948 887 2980 ltalia
903 2952 991 2989 sunt,
1015 2958 1075 2981 ser-

54 2997 182 3023 monem
196 2991 359 3033 hahuisse,
373 2994 407 3025 et
422 3002 441 3025 a
456 3002 521 3034 quo
546 2993 580 3025 id
601 3003 671 3026 sese
699 2995 862 3035 accepisse
881 2997 1073 3037 memorat),

54 3038 160 3078 atque,
173 3041 260 3071 utne
272 3048 292 3071 a
303 3039 366 3072 levi
379 3048 417 3071 ac
427 3040 608 3081 spernendo
621 3043 752 3073 auctore
763 3041 902 3074 audiisse
911 3042 1070 3079 videatur,

54 3081 132 3116 illud
149 3085 247 3117 etiam
269 3086 413 3119 studiose
438 3086 605 3127 adJungit,
627 3088 724 3128 hujus
748 3088 933 3120 Echecratis
950 3091 1074 3130 patrem

54 3131 208 3164 mandatu
219 3132 364 3173 Dionysii
386 3133 515 3173 tyranni
530 3134 607 3165 olim
620 3134 811 3175 legationem
827 3135 946 3167 obiisse
957 3160 966 3175 ,
984 3145 1024 3167 an
1046 3135 1074 3167 is

56 3184 197 3218 unquam
206 3179 371 3220 publicum
385 3181 541 3221 scriptum
555 3183 611 3212 aut
621 3181 787 3222 antiquam
801 3182 944 3214 tabulam
959 3184 1074 3214 nactus

54 3223 252 3258 reticuisset?

96 3270 155 3302 Hic
180 3274 241 3311 est,
269 3272 326 3314 qui
353 3273 510 3305 soederum
536 3273 662 3314 tabulas
677 3274 710 3306 in
738 3275 843 3315 adytis
870 3275 1074 3315 templorum,

55 3315 88 3348 in
102 3318 268 3351 vestibulis
284 3323 492 3352 monumenta
504 3321 625 3361 publici
643 3321 772 3362 hospitii
787 3322 923 3361 reperit:
941 3321 1020 3361 ipse,
1033 3321 1076 3352 in-

54 3370 164 3404 quam,
177 3365 330 3404 Timaeus,
346 3374 442 3406 quem
454 3374 558 3406 neque
570 3367 754 3406 hujiismodi
785 3367 962 3408 quidquam
984 3367 1069 3407 igno-

157 3425 352 3456 FRAGMENTA
374 3433 618 3457 insroiuconuiu.

2073 143 2150 178 209

1128 226 1295 278 τυγχάνοι
1314 227 1534 280 κατηγορίας.
1555 226 1609 265 Οὐ
1624 224 1693 277 μὴν
1715 224 1805 263 ἀλλὰ
1823 225 2005 277 προφανῶς
2022 225 2057 262 ἐν
2075 226 2151 264 τού·

1130 300 1200 328 τοις
1229 284 1461 338 ἐψευσμένος,
1494 284 1648 337 μεταὸὰς
1682 283 1739 322 ἐπὶ
1766 282 1843 327 τοὺς
1863 284 1898 321 ἐν
1920 282 2054 335 Ἰταλίᾳ
2080 283 2152 320 Λο-

1129 342 1250 396 κροὺς,
1272 347 1409 396 πρῶτον
1439 343 1502 395 μὲν
1530 343 1638 398 φησὶ,
1662 342 1725 390 τήν
1759 358 1798 381 τε
1823 342 1999 380 πολιτείαν
2026 341 2086 379 καὶ
2108 340 2153 379 τὰ

1129 400 1236 438 λοιπὰ
1259 401 1488 455 φιλάνθρωπα
1509 409 1581 446 τοῖς
1611 405 1758 456 Λοκροῖς
1784 398 2039 454 ἀμφοτέροις’*
2057 399 2152 452 Ἀρι-

1131 460 1279 508 στοτέλη
1309 462 1369 499 καὶ
1400 461 1629 516 Θεόφραστον
1664 463 1897 514 κατεψεῦσθαι
1922 462 1982 506 τῆς
2006 458 2152 501 πόλεως.

1130 517 1226 569 Ἔγὼ
1251 519 1280 556 δ7
1300 520 1362 556 οὐκ
1383 521 1497 570 ἀγνοῶ
1518 520 1595 571 μὲν,
1616 519 1668 558 ὅτι
1696 520 1756 558 καὶ
1777 517 1888 570 ταύτῃ
1902 519 1964 564 τῆς
1985 531 2152 570 πραγμα-

1128 575 1221 618 τείας
1241 578 1553 629 ἀναγκασθήσομαι
1569 578 1829 632 παρεκὸαίνειν,
1848 574 2076 629 διοριζόμενος
2094 574 2153 614 καὶ

1129 634 1433 686 διαὸεὸαιούμενος
1449 636 1527 690 περὶ
1547 637 1677 675 τούτων

1612 713 1676 750 69.

1188 787 1322 824 Cicero
1343 791 1399 824 De
1431 789 1526 838 legg.
1559 791 1613 834 ΙΙ,
1633 790 1674 825 6:
1693 791 1792 836 Quid
1803 792 1822 826 ‚³
1845 793 1942 839 quod
1961 792 2156 828 Zaleucum

1132 850 1239 882 istum
1260 855 1373 895 negat
1389 849 1501 882 ullum
1515 844 1634 894 ιίὶιιῖςςε
1659 850 1827 886 Timoeus.

1185 903 1289 942 Idem
1309 904 1368 941 Ad
1390 904 1554 941 Atticum
1573 908 1646 951 VI,
1667 920 1703 943 1:
1733 908 1822 953 Quis
1836 910 2032 944 Zaleucum
2066 910 2160 957 leges

1131 966 1256 999 Locris
1269 966 1450 1012 scripsisse
1465 977 1538 999 non
1556 965 1671 1000 dixit.
1669 966 1684 992 ν’
1702 979 1789 1001 num
1804 970 1913 1015 igitur
1927 972 2032 1014 Jacet
2052 968 2161 1003 Theo-

1125 1022 1314 1071 phrastus,
1337 1025 1369 1057 si
1386 1022 1426 1057 id
1443 1035 1467 1057 α
1486 1023 1636 1066 Timoeo,
1658 1031 1717 1058 tuo
1731 1021 1940 1070 familiari,
1964 1025 2160 1073 reprehen—

1132 1095 1210 1117 sum
1232 1083 1314 1117 est?

1618 1149 1681 1188 70.

1189 1221 1368 1258 Convicia
1383 1220 1419 1257 in
1433 1220 1673 1264 Aristotelem
1692 1221 1760 1258 hac
1778 1221 1976 1259 occasione
1993 1223 2159 1272 profusa.

1190 1279 1323 1329 Polyb.
1334 1282 1423 1326 XII,
1443 1281 1465 1316 8
1481 1294 1509 1316 s.
1526 1292 1569 1328 9:
1582 1277 1630 1317 Ἣ
1651 1277 1801 1317 δεικτέον
1819 1274 1957 1327 effigi-bv
1971 1279 2159 1333 Ἀριστοτέ-

1135 1337 1199 1382 λην
1217 1335 1307 1374 κατὰ
1326 1336 1383 1375 τὸν
1398 1336 1476 1390 ἄρτι
1491 1337 1592 1389 λόγον
1610 1336 1654 1376 τὰ
1670 1338 1749 1390 περὶ
1767 1340 1911 1391 Λοκρῶν
1925 1338 2087 1390 εἰρηκότα
2100 1340 2164 1392 χά-

1138 1394 1262 1449 ριτοςῆ
1277 1395 1417 1448 κέρδους
1433 1394 1455 1442 ἢ
1478 1397 1641 1450 διαφορᾶς
1656 1395 1782 1434 ἕνεκεν·
1799 1395 1835 1444 ἢ,
1855 1396 1943 1447 μηδὲ
1961 1398 2164 1448 τολμῶντας

1136 1457 1239 1491 τοῦτο
1258 1453 1384 1506 λέγειν,
1405 1453 1654 1506 ὁμολογητέον,
1686 1457 1820 1506 ἀγνοεῖν
1858 1455 1917 1493 καὶ
1953 1457 2164 1510 παραπαίειν

1136 1512 1213 1556 τους
1241 1512 1384 1565 τοιαύτῃ
1414 1512 1617 1567 χρωμένους
1643 1514 1812 1567 ἀπεχθεία
1835 1514 1894 1552 καὶ
1923 1515 2047 1568 πικρίᾳ
2074 1515 2166 1554 κατὰ

1137 1587 1206 1609 των
1221 1570 1349 1619 πέλας,
1368 1588 1425 1610 οια
1440 1571 1613 1634 κέχρηται
1623 1572 1773 1624 Τίμαιος
1787 1571 1878 1610 κατὰ
1895 1573 2163 1627 Ἀριστοτέλους

1139 1630 1238 1677 Φησὶ
1272 1629 1359 1684 γὰρ,
1396 1631 1498 1670 αυτὸν
1534 1635 1622 1669 εἰναι
1659 1631 1801 1685 θρασυν,
1826 1633 1952 1686 εὐχερῆ
1964 1661 1973 1678 ,
1993 1637 2164 1686 προπετῆ·

1137 1688 1223 1742 πρὸς
1242 1687 1278 1727 δὲ
1296 1687 1447 1738 τούτοις,
1464 1689 1810 1740 κατατετολμηκέναι
1836 1693 1898 1736 τῆς
1921 1693 1990 1729 τῶν
2019 1694 2165 1747 Λοκρῶν

1137 1747 1292 1796 πόλεως,
1307 1746 1448 1786 εἰπόντα
1457 1747 1544 1796 ,τὴν
1563 1748 1726 1786 ἀποικίαν
1744 1750 1857 1787 αυτῶν
1875 1755 1962 1787 εἰναι
1986 1751 2165 1804 δραπετῶν

1138 1809 1295 1858 οἰκετων,
1337 1809 1485 1859 μοιχῶν,
1513 1807 1808 1861 ἀνδραποδιστῶν.
1856 1807 1926 1846 Καὶ
1959 1824 2070 1847 ταυτα
2105 1809 2167 1848 λέ·-

1138 1882 1209 1918 γειν
1228 1866 1345 1914 αὐτὸν,
1361 1866 1480 1920 φησὶν,
1501 1864 1608 1909 οὕτως
1624 1865 1831 1910 ἀξιοπίστως
1843 1896 1852 1913 ,
1867 1865 1958 1905 ὥστε
1977 1868 2088 1906 δοκεῖν
2108 1867 2168 1907 ἕνα

1138 1927 1207 1963 τῶν
1229 1924 1542 1978 ἐστρατηγηκότων
1573 1924 1756 1977 ὑπάρχειν,
1782 1924 1841 1963 καὶ
1864 1923 1943 1968 τοὺς
1970 1925 2111 1978 Πέρσας
2133 1928 2166 1964 ἐν

1138 1989 1214 2026 ταῖς
1232 1982 1406 2026 Κιλικίαις
1430 1982 1556 2026 πύλαις
1575 1982 1650 2036 α’ίρτι
1669 1982 1862 2035 παρατάξει
1886 1983 2093 2031 νενικηκότα
2112 1984 2168 2022 διὰ

1137 2046 1199 2090 τῆς
1219 2044 1322 2081 αὐτοῦ
1349 2042 1545 2093 δυνάμεως·
1570 2042 1647 2080 ἀλλ’
1668 2045 1705 2080 οὐ
1725 2042 1892 2096 σοφιστὴν
1922 2045 2077 2097 ὀψιμαθῆ
2109 2044 2168 2082 καὶ

1138 2160 1238 2187 rasse.
1255 2160 1369 2192 neque,
1385 2150 1412 2182 si
1427 2151 1614 2190 invenisset,
1631 2151 1826 2192 praeteriisse
1843 2152 2049 2190 credendum,
2066 2161 2169 2193 neque

1136 2207 1226 2238 vero,
1236 2198 1264 2230 si
1285 2198 1366 2229 salsa
1378 2198 1524 2237 tradidit,
1537 2198 1698 2230 ullatenus
1709 2198 1738 2230 ei
1747 2198 1995 2230 condonandum
2006 2201 2065 2230 est.
2086 2201 2166 2230 Nam

1137 2254 1239 2286 quum
1253 2245 1334 2277 alios
1347 2245 1416 2285 ipse
1431 2244 1545 2277 acerbe
1564 2247 1661 2285 atque
1687 2245 1897 2277 inclementer
1911 2246 2078 2286 olrjurgare
2094 2254 2168 2277 con-

1139 2292 1291 2332 sueverit,
1303 2292 1375 2333 Jure
1389 2291 1503 2323 merito
1516 2291 1556 2323 ab
1569 2291 1640 2323 aliis
1654 2292 1724 2333 pari
1745 2292 1950 2324 inclementia
1963 2292 2163 2324 tractabitur.

1136 2340 1308 2378 Ceterum,
1333 2338 1365 2370 in
1391 2338 1442 2370 his
1467 2339 1630 2371 manifesti
1662 2339 1822 2371 mendacii
1845 2339 2035 2378 convictus,
2051 2339 2107 2370 ubi
2127 2339 2165 2370 ad

1136 2387 1259 2416 Locros
1275 2385 1307 2416 in
1325 2385 1418 2417 Italia
1433 2385 1584 2426 degentes
1602 2385 1762 2424 transivit,
1788 2385 1927 2426 primum
1945 2386 2076 2426 quidem
2099 2386 2165 2422 ait,

1137 2432 1327 2473 reipublicae
1351 2432 1489 2464 formam
1518 2435 1550 2464 et
1571 2433 1724 2464 amicitiae
1751 2433 1870 2464 i'oedera
1897 2432 1981 2473 apud
2010 2434 2164 2472 utrosque

1136 2480 1294 2510 Locros...
1304 2479 1507 2511 Aristotelem
1518 2482 1550 2511 et
1559 2480 1813 2520 Theophrastum
1823 2479 1903 2510 falso
1913 2478 2075 2510 affluxisse
2090 2478 2164 2508 civi-

1138 2525 1208 2558 tati.
1230 2528 1298 2566 Ego
1312 2535 1390 2558 vero
1406 2535 1471 2558 non
1488 2535 1562 2558 sum
1579 2527 1711 2567 quidem
1727 2526 1867 2564 nescius,
1882 2525 1961 2556 mihi
1975 2525 2034 2556 hoc
2052 2533 2163 2555 rursus

1136 2573 1208 2604 loco
1225 2572 1266 2604 ab
1283 2572 1432 2605 instituto
1448 2582 1547 2604 cursu
1556 2582 1627 2605 esse
1646 2572 1884 2610 divertendum,
1902 2574 1938 2603 ut
1949 2571 1989 2603 de
2005 2571 2055 2602 his
2068 2571 2164 2602 rebus

1137 2619 1290 2652 distincta
1313 2622 1346 2651 et
1367 2619 1460 2651 firma
1483 2620 1606 2651 ratione
1633 2628 1791 2660 exponam
1811 2629 1818 2649 ε
1845 2618 1900 2650 sed
1925 2617 2078 2648 nimirum
2105 2617 2164 2648 hac

1140 2667 1211 2707 ipsa
1227 2666 1268 2698 de
1282 2675 1380 2698 causa
1398 2666 1485 2698 hunc
1499 2666 1539 2698 de
1555 2666 1678 2698 Timaeo
1697 2673 1876 2697 sermonem
1891 2673 1992 2695 unum
2006 2664 2038 2694 in
2054 2663 2160 2695 locum

1138 2713 1261 2753 distuli,
1276 2722 1316 2744 ne
1331 2715 1443 2744 contra
1453 2722 1550 2753 quam
1566 2713 1669 2751 decet,
1681 2711 1798 2753 saepius
1810 2720 1829 2742 a
1842 2711 2007 2751 proposito
2018 2710 2165 2742 recedere

1138 2769 1278 2801 cogerer.

1621 2808 1641 2838 7
1647 2807 1667 2837 0
1675 2831 1682 2838 .

1179 2855 1243 2885 Aut
1259 2853 1353 2894 igitur
1368 2862 1416 2892 ea,
1434 2861 1508 2892 quac
1522 2851 1706 2884 Aristoteles
1723 2851 1762 2882 de
1783 2850 1894 2882 Locris
1917 2849 2076 2891 prodidit,
2096 2859 2163 2891 gra-

1139 2899 1194 2931 tiae
1212 2900 1261 2931 vel
1282 2899 1411 2931 utilitati
1426 2898 1476 2929 vel
1496 2898 1674 2929 inimicitiae
1695 2896 1822 2928 dedisse
1844 2896 2074 2928 monstrandus
2092 2898 2160 2935 est;

1139 2948 1206 2985 aut,
1220 2946 1247 2978 si
1264 2955 1360 2977 nemo
1375 2947 1434 2983 est,
1452 2945 1507 2984 qui
1523 2944 1554 2975 id
1569 2952 1710 2975 asserere
1725 2943 1821 2982 ausit,
1837 2943 1927 2975 fateri
1943 2945 2080 2984 oportet,
2094 2952 2164 2984 gra-

1140 2993 1225 3025 viter
1241 2993 1387 3024 aberrare
1400 3000 1467 3030 eos,
1481 2991 1535 3031 qui
1556 2990 1717 3030 ejusmodi
1734 2990 1808 3022 odio
1824 2992 1856 3022 et
1869 2990 2042 3022 acerbitate
2058 2989 2163 3022 scrun-

1133 3041 1196 3078 tur,
1215 3039 1303 3080 quali
1326 3039 1466 3070 Timaeus
1496 3038 1528 3068 in
1550 3037 1751 3069 Aristotelem
1781 3038 1830 3069 est
1859 3043 1947 3069 usus.
1979 3037 2033 3069 Ait
2055 3037 2161 3082 enim,

1133 3087 1286 3119 audacem
1313 3085 1404 3116 illum
1419 3093 1457 3115 ac
1467 3084 1568 3115 levem
1582 3086 1613 3115 et
1629 3083 1831 3115 temerarium
1845 3084 1956 3124 fuisse,
1970 3092 2008 3115 ac
2019 3083 2059 3115 de
2074 3083 2154 3115 civi-

1133 3136 1197 3165 tate
1229 3134 1405 3163 Locrorum
1439 3132 1579 3170 graviter
1607 3130 1798 3170 mentitum,
1813 3140 1913 3171 quum
1929 3131 2089 3163 coloniam
2110 3139 2159 3162 eo·

1134 3188 1204 3211 rum
1221 3187 1258 3210 ex
1272 3177 1414 3217 fugitivis
1426 3176 1605 3217 mancipiis,
1621 3177 1756 3209 moechis
1771 3186 1809 3209 ac
1818 3178 1977 3219 plagiariis
1990 3178 2158 3209 collectam

1134 3235 1204 3258 esse
1233 3225 1315 3256 dixit
1333 3234 1340 3255 ε
1359 3226 1454 3263 atque
1485 3223 1555 3255 haec
1590 3223 1680 3255 illum
1720 3226 1765 3256 ait
1789 3233 1827 3256 ea
1855 3225 2044 3256 auctoritate
2078 3224 2159 3256 affir-

1135 3281 1232 3307 mare.
1247 3271 1338 3311 quasi
1357 3279 1440 3302 unus
1453 3279 1470 3302 e
1486 3270 1624 3302 ducibus
1644 3271 1769 3311 suisset,
1797 3274 1830 3304 et
1845 3272 1884 3304 ad
1903 3271 2031 3305 Cilicias
2047 3273 2157 3312 portas

1136 3318 1311 3350 novissime
1320 3320 1432 3349 Persas
1446 3326 1505 3349 sua
1514 3317 1632 3350 virtute
1648 3318 1796 3358 fudisset,
1817 3327 1854 3350 ac
1870 3328 1934 3350 non
1948 3318 2057 3360 potius
2071 3317 2158 3349 odio·

1135 3374 1189 3396 sus
1202 3373 1337 3404 seroque
1347 3364 1494 3396 eruditus
1505 3366 1588 3396 esset
1598 3365 1753 3406 sophista,
1769 3367 1866 3406 atque
1882 3366 1921 3406 is,
1933 3366 1989 3406 qui
2002 3364 2159 3396 celebrem

1999 3423 2032 3452 14
