2320 3684
164 196 240 236 202

161 279 237 328 σμά
269 293 303 318 τι
339 277 398 316 καὶ
412 276 576 331 φυλάττοι
594 277 628 314 ἐν
646 277 740 328 χηλῇ
757 274 832 327 βοός
849 276 915 324 (so.
929 275 1182 327 Ἐπιμενίδης)·

161 334 438 393 προσφερόμενός
467 351 504 374 τε
529 335 607 373 κατ’
642 334 772 385 ὀλίγον,
811 334 966 387 μηδεμιᾷ
1002 338 1185 373 κενοῦσθαι

161 398 363 449 ἁποκρισει,
387 393 475 446 μηδὲ
494 392 641 447 ὀφθῆναί
655 408 740 431 ποτε
758 392 893 431 ἐσθίων.
906 392 1095 444 Μέμνηται
1118 395 1185 432 αὖ-

164 458 220 492 tot]
243 454 301 493 καὶ
323 453 474 504 Τίμαιος
495 453 530 490 ἐν
548 453 591 502 τῇ
606 450 760 505 δευτέρα.

637 527 700 564 46.

212 604 402 642 Plutarch.
422 607 586 654 Lycurg.
602 617 634 640 c.
659 605 701 641 31
722 617 730 639 :
750 604 970 650 Τελευτῆσαι
984 602 1020 641 δὲ
1037 602 1096 642 τὸν
1107 605 1183 643 Λυ-

158 667 302 724 κοῦργον
329 664 360 700 οἱ
388 661 451 713 μὲν
472 663 507 699 ἐν
529 661 643 715 Κίῤῥᾳ
667 661 846 713 λέγουσιν·
867 661 1113 713 Ἀπολλόθεμις
1141 663 1182 710 δ’,

159 723 205 764 εἷς
226 723 327 759 Ἦλιν
341 719 564 772 κομισθέντα.
580 720 732 772 Τίμαιος
751 720 787 759 δὲ
804 719 862 760 καὶ
877 719 1123 774 Ἀριστόξενος,
1147 722 1182 759 ἐν

158 780 282 835 Κρήτῃ
302 778 583 818 καταδιώσαντα.
605 779 676 819 Καὶ
697 781 803 834 τάφον
827 777 1057 833 Ἀριστόξενος
1078 781 1183 818 αὐτοῦ

158 839 354 878 δείκνυσθαί
373 854 459 893 φησι
479 838 546 877 ὑπὸ
563 841 714 892 Κρητῶν
733 842 796 886 τῆς
809 838 1015 892 Περγαμίας
1027 839 1106 892 περὶ
1119 838 1182 886 τὴν

158 897 290 946 ξενικὴν
306 896 393 937 ὁδόν.

637 975 702 1015 47.

210 1056 316 1094 Idem
334 1055 427 1094 ibid.
449 1069 482 1093 c.
507 1070 521 1093 1
547 1070 556 1093 ε
575 1059 634 1094 De
656 1064 828 1108 tempore
849 1070 926 1107 quo
950 1056 1088 1094 vixerit
1106 1059 1184 1107 Ly-

157 1128 295 1165 curgus
313 1115 416 1153 haud
435 1115 568 1165 liquet.
589 1115 635 1153 Οἱ
661 1113 724 1166 μὲν
737 1113 805 1168 γὰρ
823 1114 942 1168 Ἰφίτῳ
959 1113 1184 1165 συνακμάσαι

154 1291 303 1345 κμήριον
325 1290 505 1345 προφέρων
533 1290 590 1330 τὸν
615 1290 834 1342 Ὀλυμπίασι
864 1290 994 1339 δίσκον,
1010 1291 1044 1328 ἐν
1061 1289 1184 1342 ᾠτοῦ-

154 1366 247 1400 νομα
271 1354 332 1388 τοῦ
361 1348 565 1404 Λυκούργου
600 1349 806 1394 διασώζεται
835 1348 1182 1401 καταγεγραμμένον.

153 1410 199 1447 Οἱ
223 1407 259 1446 δὲ
280 1414 356 1452 ταῖς
372 1408 550 1459 διαδοχαῖς
569 1409 637 1445 τῶν
658 1409 692 1445 ἓν
714 1407 863 1460 Σπάρτῃ
886 1405 1183 1459 βεὸασιλευκότων

155 1465 402 1517 ἀναλεγόμενοι
432 1466 490 1504 τὸν
519 1465 658 1518 χρόνον,
684 1464 803 1518 ὥσπερ
835 1464 1087 1518 Ἐρατοσθένης
1124 1464 1183 1503 καὶ
1213 1491 1214 1494 =

156 1524 431 1579 Ἀπολλόδωρος,
448 1526 511 1563 οὔκ
529 1524 656 1576 ὀλίγοις
673 1522 765 1562 ἔτεσι
778 1523 1012 1578 πρεσὸύτερον
1033 1523 1184 1577 ἀποφαί-
1211 1536 1214 1574 f

155 1599 254 1622 νουσι
272 1587 334 1631 τῆς
355 1583 497 1637 πρώτης
514 1582 768 1635 Ὀλυμπιάδος.
794 1582 946 1634 Τίμαιος
966 1581 1002 1621 δὲ
1024 1585 1182 1632 ὑπονοεῖ,

155 1643 247 1680 δυοῖν
271 1644 306 1680 ἐν
328 1643 478 1696 Σπάρτῃ
505 1641 699 1694 γεγονότων
726 1641 939 1696 Λυκούργων
958 1643 996 1680 οὐ
1013 1640 1105 1680 κατὰ
1123 1641 1181 1680 τὸν

155 1701 257 1740 αὐτὸν
276 1701 414 1755 χρόνον,
442 1705 492 1755 τῷ
520 1701 628 1754 ἑτέρῳ
649 1699 710 1745 τὰς
731 1703 859 1753 ἀμφοῖν
885 1699 1026 1754 πράξεις
1049 1700 1104 1738 διὰ
1119 1700 1182 1748 τὴν
1212 1730 1214 1735 ,

154 1759 254 1806 δόξαν
275 1763 491 1808 ἀνακεῖσθαι,
509 1760 568 1798 καὶ
606 1758 664 1798 τόν
687 1775 727 1812 γε
745 1759 979 1813 πρεσὸύτερον
1000 1761 1039 1798 οὔ
1064 1757 1184 1813 πόῤῥω

154 1821 223 1857 τῶν
252 1819 411 1873 Ὁμήρου
443 1818 579 1872 χρόνων
608 1818 804 1870 γεγονέναι,
834 1817 917 1856 ἔνιοι
943 1817 1002 1866 δὲ,
1023 1818 1081 1856 καὶ
1106 1818 1184 1856 κατ’

154 1876 232 1931 ὄψιν
257 1879 411 1930 ἐντυχεῖν
432 1876 597 1931 Ὁμήρῳ.

209 1937 324 1983 Quod
353 1937 608 1986 fragmentum
644 1935 949 1986 praecedentibus
977 1934 1183 1985 subjunxi—

154 2008 248 2043 mus,
265 2009 383 2045 quum
421 1995 470 2032 de
498 1995 597 2041 loco,
617 2008 731 2045 quem
754 1994 1013 2044 occupaverit,
1045 1994 1184 2031 certius

153 2054 247 2092 nihil
263 2054 412 2092 definiri
429 2055 564 2105 possit.
582 2057 759 2092 Fortasse
773 2054 1044 2103 depromptum
1061 2060 1117 2090 est
1137 2066 1183 2090 ex

154 2113 442 2164 Olympionicis.
461 2114 517 2151 Cf.
539 2112 766 2163 Apollodori
787 2112 987 2151 Chronica.

154 2259 250 2297 atque
262 2255 416 2297 paulatim
435 2255 511 2288 inde
523 2254 676 2287 alimenta
691 2256 892 2296 promentem
911 2254 999 2286 nulla
1018 2255 1181 2295 egestione

154 2311 347 2336 exonerasse
364 2303 486 2343 alvum,
506 2311 612 2343 neque
622 2310 766 2343 unquam
782 2304 990 2342 conspectum
1004 2310 1075 2334 esse
1089 2301 1180 2334 eden-

154 2352 232 2384 tem.
250 2349 399 2382 Meminit
414 2350 483 2390 ejus
496 2352 528 2382 et
541 2350 683 2382 Timaeus
702 2348 783 2381 libro
796 2348 949 2381 secundo.

194 2446 241 2476 Ex
247 2444 400 2477 stinctum
409 2445 592 2484 Lycurgum
607 2443 661 2474 alii
676 2443 800 2476 Cirrhae
814 2443 986 2482 affirmant3
1000 2441 1181 2483 Apollothe-

153 2492 228 2532 mis,
249 2492 453 2533 deportatum
470 2490 563 2529 Elin;
579 2491 723 2522 Timaeus
742 2493 774 2522 et
789 2491 1014 2529 Aristoxean
1032 2489 1065 2520 in
1087 2491 1181 2521 Creta

155 2540 257 2572 vitain
269 2547 345 2571 eum
360 2538 534 2576 finiisse‚et
547 2537 730 2578 sepulcrum
745 2537 815 2578 ejus
830 2536 955 2569 ostendi
969 2536 1180 2568 Aristoxenus

155 2586 199 2618 ait
213 2586 247 2618 in
266 2584 430 2626 Pergamia
441 2587 536 2625 juxta
548 2585 636 2615 viam
652 2583 783 2623 regiam.

197 2679 339 2717 Quidam
361 2681 546 2719 Lycurgum
562 2677 659 2718 Iphiti
675 2677 832 2718 aequalem
848 2677 881 2708 et
897 2677 1022 2708 socium
1043 2677 1076 2707 in
1097 2676 1179 2717 dige-

155 2727 263 2760 rendis
277 2726 369 2759 festis
390 2724 588 2766 Olympiacis
608 2724 708 2756 fuisse
722 2724 908 2765 perhibent,
924 2732 965 2756 ex
979 2722 1097 2764 quihus
1110 2724 1179 2755 Ari-

155 2774 285 2807 stoteles
296 2776 345 2805 est
359 2772 582 2814 philosophus,
594 2773 632 2803 ut
645 2771 865 2803 testimonium
878 2770 1040 2811 proferens
1053 2769 1178 2802 discum

155 2821 392 2862 Olympiacam,
404 2820 460 2861 qui
469 2819 610 2851 nominis
626 2819 763 2860 Lycurgi
779 2818 908 2859 praefert
923 2817 1176 2858 inscriptionem.

155 2869 218 2901 Alii
235 2869 446 2909 supputantes
458 2868 605 2908 tempora
619 2875 660 2899 ex
673 2866 876 2898 successione
893 2873 1005 2897 eorum
1020 2865 1076 2906 qui
1088 2866 1180 2896 Lace-

155 2915 302 2947 daemone
322 2915 552 2955 regnaverunt,
580 2915 616 2945 ut
630 2912 859 2944 Eratosthenes
880 2913 912 2944 et
940 2910 1153 2952 Apollodorus
1165 2933 1174 2949 ‚

156 2971 220 2993 non
235 2961 345 3002 paucis
361 2960 454 2992 annis
467 2969 542 2992 eum
556 2959 717 2992 affirmant
729 2959 864 3000 primam
887 2959 1104 3000 olympiadem
1126 2967 1177 2990 an-

156 3009 332 3040 tecessisse.
350 3008 491 3039 Timaeus
504 3008 688 3048 suspicatur
709 3007 791 3039 duos
807 3007 929 3047 Spartae
949 3007 1111 3046 Lycurgos
1138 3004 1180 3036 di-

156 3055 258 3086 versis
275 3054 471 3095 temporibus
492 3054 605 3094 fuisse,
624 3054 658 3086 in
670 3063 809 3095 quorum
826 3054 961 3086 alterum
973 3053 1015 3084 ob
1033 3053 1103 3094 ejus
1121 3053 1180 3084 cla-

158 3100 284 3133 ritatem
314 3109 365 3133 res
392 3102 497 3141 gestas
513 3101 644 3133 collatas
668 3101 836 3141 utriusque
857 3109 928 3132 esse
941 3124 950 3140 ,
973 3108 1012 3132 ac
1026 3099 1179 3140 maj0rem

158 3148 243 3179 certe
270 3156 336 3178 non
361 3148 454 3188 longe
475 3148 575 3180 fuisse
602 3149 685 3180 infra
706 3147 838 3180 Homeri
859 3149 987 3179 aetatem
1004 3171 1013 3187 ‚
1033 3146 1179 3178 nonnulli

157 3193 256 3225 ctiam
272 3202 346 3225 cum
362 3195 502 3227 Homero
517 3204 591 3227 eum
608 3203 816 3236 congressum
831 3203 902 3228 esse
914 3193 1124 3227 contendunt.

592 3246 777 3259 *σοι’-

543 3276 694 3314 LIBER
724 3278 794 3316 III.

202 3383 291 3417 Idem
314 3384 503 3425 Epitimaeus
517 3385 611 3417 tertio
635 3335 849 3419 {ilistoriarum
871 3387 952 3419 libro
972 3387 1117 3423 dixerat.
1135 3387 1180 3419 ita

958 189 1123 228 TIMAEI
1151 189 1485 230 FRAGMENTA.

1633 279 1781 320 LIBER
1811 281 1879 319 III.

1723 334 1786 371 48.

1298 383 1500 422 Athenaeus
1519 385 1595 432 VI,
1621 399 1682 432 21,
1702 399 1744 436 p.
1764 399 1853 432 272,
1872 389 1926 423 B:
1949 386 2025 424 Κάν
2050 388 2094 439 τῇ
2117 385 2216 440 τρίτῃ
2231 387 2266 427 δὲ

1243 442 1311 479 τῶν
1329 440 1503 495 Ἱστοριῶν
1525 446 1543 481 ὁ
1563 443 1788 494 Ἐπιτίμαιος
1817 443 1882 497 ἔφη
1895 475 1905 493 ,
1925 442 2032 486 οὕτως
2055 445 2267 496 εὐδαιμονῆ-

1244 513 1303 536 σαι
1323 498 1386 547 τὴν
1409 499 1600 554 Κορινθίων
1625 500 1740 547 πόλιν,
1761 503 1807 545 ὡς
1832 501 2028 548 κτήσασθαι
2046 501 2176 540 δούλων
2197 518 2267 553 μυ-

1245 558 1363 610 ριάδας
1380 557 1414 603 ἓξ
1434 559 1494 597 καὶ
1511 560 1791 614 τεσσαράκοντα,
1821 560 1864 598 δι’
1884 559 1924 604 ἃς
1942 563 2095 611 ἡγοῦμαι
2123 561 2184 600 καὶ
2201 560 2265 608 τὴν

1244 617 1377 655 Πυθίαν
1407 617 1528 662 αὐτοὺς
1556 617 1764 667 κεκληκέναι
1800 618 2076 673 χοινικομέτρας.
2099 623 2267 659 Antece-

1212 692 1215 724 γ
1244 676 1372 714 dentia
1396 691 1444 714 ex
1463 691 1566 715 nono
1583 679 1715 716 Timaei
1732 678 1832 716 libro
1857 679 2016 729 repetita
2037 686 2135 716 sunt.

1296 787 1416 826 Strab.
1431 791 1539 837 XIII,
1557 802 1593 839 p.
1615 790 1704 839 896,
1725 737 1942 840 Ξῗ.’1“ίμαιον
1957 787 2152 842 ψεύσασθαί
2164 804 2266 842 φησιν

1212 878 1214 893 ,
1243 848 1261 883 ὃ
1280 845 1479 899 Δημήτριος
1498 849 1703 899 ἱστοροῦντα
1723 848 1763 885 ἐκ
1787 849 1855 885 τῶν
1875 847 1980 886 λίθων
2005 849 2074 886 τῶν
2104 845 2138 892 ἐξ
2163 847 2268 886 Ἰλίου

1244 904 1456 958 Περίανδρον
1470 905 1704 957 περιτειχίσαι
1719 905 1759 943 τὸ
1775 905 1965 958 Ἀχίλλειον
1979 911 2051 949 τοῖς
2067 905 2268 954 Ἀθηναίοις,

1245 965 1436 1014 βοηθοῦντα
1463 969 1532 1007 τοῖς
1548 964 1627 1018 περὶ
1647 963 1839 1004 Πιττακόν.

1298 1068 1422 1106 Schol.
1443 1069 1594 1108 Pindar.
1627 1071 1688 1108 Ol.
1715 1017 1833 1117 {silk
1860 1083 1908 1119 29
1924 1069 1991 1109 z‘O
2016 1068 2113 1112 ἀετὸς
2137 1069 2267 1107 οἰωνῶν

1213 1169 1215 1175 Ι
1246 1127 1406 1176 βασιλεύς
1423 1127 1515 1164 ἐστιν
1533 1130 1551 1165 ὃ
1567 1126 1624 1165 ἐπὶ
1643 1130 1711 1166 τῶν
1729 1130 1830 1181 ἱερῶν
1853 1127 2034 1178 τιθέμενος.
2056 1128 2157 1170 Τινὲς
2177 1126 2214 1165 δὲ
2229 1126 2270 1166 τὸ

155 1172 214 1211 καὶ
234 1174 465 1212 συνδιαθεῖναι
484 1171 546 1220 τὴν
572 1172 820 1224 Ὀλυμπιακὴν
845 1173 1036 1225 ἐκεχειρίαν
1059 1172 1184 1224 λέγου-
1212 1176 1215 1187 ¹
1244 1183 1388 1235 ἀέτωμα
1403 1214 1414 1232 ,
1444 1184 1490 1228 ὥς
1515 1201 1601 1240 φησι
1628 1185 1799 1237 Δίδυμος,
1819 1186 2092 1239 παρατιθέμενος
2117 1185 2269 1237 Τίμαιον

156 1247 210 1271 σιν
230 1231 351 1271 αὐτόν·
371 1226 419 1271 ὧν
445 1230 519 1270 ἐστὶ
538 1230 597 1270 καὶ
618 1231 859 1285 Ἀριστοτέλης
878 1235 896 1271 ὃ
910 1232 1112 1286 φιλόσοφος,
1127 1247 1183 1270 τε-
1212 1240 1215 1266 4

1242 1242 1388 1294 λέγοντα
1407 1243 1468 1281 καὶ
1491 1248 1593 1282 τοῦτο
1616 1246 1651 1283 ἐν
1669 1251 1743 1288 ταῖς
1759 1245 1970 1296 οἰκοδομίαις
1988 1246 2099 1283 αὐτῶν
2119 1245 2268 1296 (Corin-

1213 1325 1215 1338 ι
1245 1302 1412 1340 thiorum
1432 1301 1499 1353 se.)
1520 1301 1667 1355 εὕρημα.

1297 1407 1429 1458 l'olyb.
1462 1410 1558 1454 XII,
1600 1414 1620 1452 4
1633 1437 1644 1456 ,
1680 1408 1717 1446 d.
1743 1409 1837 1447 Exc.
1855 1411 1963 1446 Vat.:
1993 1407 2093 1455 Φησὶ
2127 1422 2268 1463 τοιγαρ-

1243 1470 1301 1505 οῦν
1318 1466 1381 1514 τὴν
1397 1465 1600 1519 Ἀρέθουσαν
1631 1466 1763 1520 κρήνην
1791 1465 1855 1513 τὴν
1876 1468 1911 1504 ἐν
1930 1471 2006 1510 ταῖς
2028 1466 2270 1520 Συρακούσαις

1244 1525 1336 1578 ἔχειν
1359 1524 1422 1569 τὰς
1449 1523 1565 1575 πηγὰς
1589 1526 1629 1562 ἐκ
1652 1529 1712 1564 τοῦ
1735 1524 1826 1564 κατὰ
1854 1524 2122 1572 Πελοπόννησον
2147 1525 2204 1564 διά
2230 1541 2268 1564 τε

1243 1587 1305 1631 τῆς
1318 1583 1500 1637 Ἀρκαδίας
1512 1583 1571 1621 καὶ
1592 1583 1649 1621 διὰ
1665 1587 1726 1630 τῆς
1743 1583 1942 1635 Ὀλυμπίας
1960 1583 2095 1637 ῥέοντος
2108 1588 2268 1636 ποταμοῦ

1245 1642 1421 1695 Ἀλφειοῦ·
1458 1644 1589 1680 ἐκεῖνον
1624 1641 1692 1695 γὰρ
1727 1641 1833 1680 δύντα
1853 1639 1944 1680 κατὰ
1972 1644 2055 1694 γῆς,
2081 1657 2267 1695 τετρακισ-

1244 1701 1376 1753 χιλίους
1391 1701 1549 1744 σταδίους
1567 1701 1634 1739 ὓπὸ
1652 1701 1692 1739 τὸ
1711 1699 1895 1740 Σικελικὸν
1913 1702 2096 1752 ἐνεχθῆναι
2114 1699 2268 1752 πέλαγος

1243 1759 1473 1798 καὶάναδύειν
1484 1761 1604 1802 ἓνταῖς
1635 1758 1886 1813 Συρακούσαις·
1907 1759 2066 1810 γενέσθαι
2095 1759 2132 1797 δὲ
2166 1763 2268 1798 τοῦτο

1245 1819 1348 1866 δῆλον
1369 1820 1408 1857 ἐκ
1427 1822 1488 1857 τοῦ
1512 1819 1602 1857 κατά
1623 1835 1701 1857 τινα
1711 1818 1834 1872 χρόνον
1846 1818 2013 1871 οὐρανίων
2033 1817 2175 1872 ὅμὸρων
2201 1821 2266 1871 ῥα-

1242 1876 1373 1929 γέντων
1385 1876 1476 1915 κατὰ
1484 1877 1542 1915 τὸν
1554 1879 1623 1915 τῶν
1639 1876 1849 1926 Ὀλυμπίων
1861 1875 1994 1930 καιρὸν,
2009 1875 2069 1914 καὶ
2081 1879 2142 1914 τοῦ
2158 1891 2267 1914 ποτα-

1245 1940 1311 1986 μοῦ
1350 1934 1428 1979 τοὺς
1460 1936 1552 1974 κατὰ
1579 1935 1618 1973 τὸ
1646 1934 1788 1986 τέμενος
1829 1934 2079 1978 ἐπικλύσαντος
2120 1934 2267 1983 τόπους,

1243 1994 1342 2032 ὄνθου
1362 2010 1399 2032 τε
1424 1995 1555 2040 πλῆθος
1577 1993 1780 2038 ἀναὸλύζειν
1809 1991 1873 2040 τὴν
1903 1992 2104 2046 Ἀρέθουσαν
2130 1995 2169 2032 ἐκ
2196 1995 2266 2032 τῶν

1243 2052 1335 2092 κατὰ
1342 2052 1404 2100 τὴν
1416 2052 1609 2106 πανήγυριν
1619 2051 1794 2104 θυομένων
1805 2054 1907 2104 βοῶν,
1921 2052 1982 2091 ml
1995 2052 2122 2104 φιάλην
2132 2053 2266 2104 χρυσῆν
2317 2048 2320 2051 v

1243 2111 1446 2158 ἀναὸαλεῑν,
1464 2111 1506 2158 ἣν
1527 2110 1722 2159 ἐπιγνόντες
1740 2104 1828 2149 εἶναι
1845 2113 1908 2158 τῆς
1922 2113 2042 2165 ἑορτῆς
2053 2140 2065 2162 ,
2079 2109 2264 2149 ἀνείλοντο.
2310 2144 2315 2158 Ἴ,

1242 2260 1428 2300 opulentam
1447 2260 1546 2292 fuisse
1566 2259 1809 2293 Corinthiorum
1834 2259 2015 2299 civitatem,
2035 2262 2074 2291 ut
2087 2259 2266 2301 possideret

1243 2317 1410 2341 servorum
1428 2316 1486 2340 sex
1505 2309 1538 2339 et
1555 2307 1766 2348 quadraginta
1785 2306 1958 2348 myriadas.
1976 2309 2082 2344 Quare
2096 2307 2191 2339 etiam
2209 2309 2266 2348 Py·

1241 2356 1342 2387 thiam
1361 2357 1439 2396 puto
1455 2354 1723 2386 choenicometras
1736 2353 1810 2386 illos
1825 2353 2015 2395 appellasse.
2305 2354 2320 2404 ξ’

1282 2467 1439 2499 Mendacii
1456 2469 1586 2498 accusat
1606 2415 1976 2506 Timaeuffibemetrius,
1990 2465 2079 2507 quod
2093 2465 2146 2498 ille
2163 2465 2263 2507 per-hi·
2300 2481 2320 2501 ,.

1241 2513 1358 2552 buerit,
1370 2513 1580 2546 Periandrum
1590 2522 1628 2545 ex
1639 2513 1744 2545 lliacis
1759 2511 1920 2554 lapidibus
1930 2511 2087 2544 adversus
2097 2511 2265 2544 Athenien-
2299 2510 2315 2558 ζ

1241 2568 1292 2592 ses
1308 2560 1529 2593 substruxisse
1544 2560 1732 2595 Achilleum‚
1749 2568 1852 2601 eoque
1866 2559 2060 2601 opitulatum
2076 2558 2212 2590 Pittaco.

1720 2619 1780 2652 50.

2299 2558 2314 2594 ι’

1280 2672 1421 2703 Timaeus
1435 2671 1531 2703 etiam
1546 2671 1708 2712 fastigium
1723 2670 1918 2713 triangulare
1929 2670 1962 2702 in
1974 2670 2078 2702 fronte
2092 2671 2123 2701 et
2136 2667 2260 2710 postico
2289 2596 2315 2696 ξ

1240 2719 1432 2759 templorum
1445 2743 1454 2758 ,
1472 2719 1522 2750 cui
1539 2718 1647 2759 aquila
1663 2718 1754 2750 Jovis
1767 2717 2009 2759 imponebatur,
2022 2715 2262 2750 Con'nthiorum
2288 2694 2311 2777 ἒ

1239 2765 1405 2797 inventum
1421 2774 1490 2796 esse
1503 2764 1591 2795 dicit.
2290 2778 2310 2806 :fg

1721 2819 1781 2851 51.
2286 2797 2309 2855 ἒς

1279 2877 1332 2907 Ait
1346 2876 1441 2916 igitur
1456 2875 1578 2907 sontem
1590 2875 1770 2915 Arethusae,
1789 2875 1845 2915 qui
1865 2873 2032 2916 Syracusis
2047 2875 2108 2914 est,
2124 2873 2262 2914 origines
2283 2863 2302 2909 ,ἵ

1238 2922 1313 2954 inde
1327 2931 1430 2962 usque
1444 2931 1462 2953 a
1472 2922 1695 2962 Peloponneso
1708 2922 1844 2960 trahere,
1859 2921 1899 2952 ab
1910 2921 2031 2962 Alpheo
2040 2919 2194 2952 nimirum
2206 2916 2263 2951 ssu-
2280 2899 2309 2962 Ξ

1238 2969 1303 3007 vio,
1319 2967 1373 3008 qui
1387 2977 1442 3008 per
1456 2968 1623 3000 Arcadiam
1650 2971 1745 3008 atque
1771 2968 1952 3008 Olympiam
1989 2966 2141 2998 decurrit.
2168 2965 2301 3036 Hunc‘gg

1239 3014 1282 3046 ait
1300 3014 1435 3046 ssuvium
1448 3015 1563 3046 tellure
1579 3015 1782 3055 absorptum,
1800 3017 1832 3045 et
1847 3017 1960 3054 quater
1975 3013 2060 3044 mille
2078 3012 2182 3045 stadia
2200 3011 2261 3044 suh
2275 3015 2298 3055 ς

1239 3061 1382 3093 Siculum
1405 3069 1492 3092 mare
1524 3059 1696 3098 labentem,
1734 3067 1895 3100 emergere
1935 3059 2115 3100 Syracusis.
2159 3058 2261 3100 quue
2276 3058 2298 3114 {E
2319 3057 2320 3072 ³

1239 3116 1276 3139 eo
1289 3108 1333 3139 ait
1346 3107 1602 3139 demonstratum
1617 3106 1787 3146 aliquando
1800 3105 1909 3145 fuisse,
1924 3104 2022 3146 quod,
2036 3112 2138 3144 quum
2153 3105 2261 3146 Olym·
2276 3115 2290 3148 -ss

1238 3154 1385 3195 picorum
1405 3153 1555 3185 ludorum
1574 3155 1718 3193 tempore
1739 3152 1857 3184 fluvius
1885 3161 1941 3193 per
1964 3150 2152 3184 immodicas
2168 3159 2259 3192 quas-

1239 3201 1313 3233 darn
1328 3200 1454 3242 pluvias
1470 3199 1634 3241 proximos
1663 3200 1738 3230 fano
1764 3199 1853 3231 locos
1883 3199 2083 3239 inundasset,
2111 3193 2304 3238 maguamjss

1239 3247 1399 3279 Arethusa
1414 3245 1592 3279 vomuisset
1610 3245 1678 3276 fimi
1695 3245 1820 3286 copiam
1832 3268 1841 3284 ,
1872 3245 1971 3276 boum
2000 3245 2121 3277 scilicet
2137 3244 2170 3275 in
2186 3242 2259 3275 con-
2268 3237 2308 3283 *3³

1239 3296 1338 3326 ventu
1357 3293 1414 3325 illo
1436 3301 1606 3331 caesorum,
1623 3301 1682 3324 nec
1703 3301 1767 3323 non
1786 3292 1930 3332 eJecisset
1951 3291 2091 3332 phialam
2111 3296 2275 3328 auream„

1239 3349 1337 3381 quam
1354 3339 1502 3371 homines
1516 3347 1619 3379 quum
1634 3341 1842 3379 agnoscerent
1856 3338 1896 3371 de
1908 3338 2110 3370 solemnitate
2121 3337 2176 3369 illa
2187 3342 2257 3378 pro-
2268 3341 2291 3369 -Γ

1240 3386 1431 3426 venientem,
1445 3385 1659 3420 sustulissent
