2320 3684
190 178 262 210 146

185 257 357 310 θυγατέρα
391 250 496 295 οὖσαν
525 257 658 308 ἀγνοῶν
693 254 860 310 ἔφθειρεν.
885 256 932 297 Ἤ
962 257 1017 307 δὲ,
1050 261 1201 298 τεκοῦσα

185 315 299 369 κρύφα
312 316 351 354 τὸ
367 314 488 369 βρέφος
499 345 510 364 ,
529 314 692 354 κατέθετο
709 316 743 353 ἐν
760 317 808 368 τῷ
820 314 957 367 τεμένει
971 319 1035 364 τῆς
1048 316 1203 364 Ἀθηνᾶς.

187 376 311 427 Λοιμῷ
345 372 381 412 δὲ
409 376 471 419 τῆς
500 371 618 426 χώρας
649 371 891 426 φθειρομένης,
910 372 1024 416 Ἀλεὸς
1043 372 1204 412 εἰσελθὼν

186 431 272 470 καὶ’
257 432 440 492 ερευνήσας
457 432 503 474 εἷς
522 430 561 468 τὸ
587 429 751 482 τέμενος,
777 429 838 475 τὰς
862 433 924 478 τῆς
942 431 1108 485 θυγατρὸς
1123 432 1207 470 ὠδῖ-

186 506 246 532 νας
267 493 354 542 εὗρε.
374 489 428 528 'lb
458 487 538 558 μὲν..
541 483 599 527 ουν
629 488 752 543 βρέφος
771 490 818 534 εἷς
845 489 885 528 τὸ
908 489 1102 542 Παρθένιον
1130 489 1208 544 ὄρος

187 547 240 591 ἐξέ
242 551 327 585 θετο.
349 545 446 584 2Καὶ
477 561 580 584 τουτο
612 545 675 597 μὲν
702 545 795 584 κατὰ
822 548 907 585 θεῶν
935 562 1013 585 τινα
1045 546 1208 600 πρόνοιαν

187 605 314 651 ἐσώθη.
334 602 459 651 Θηλὴν
481 603 542 655 μὲν
557 602 658 658 γὰρ’
639 603 817 657 αρτιτόκος
835 603 989 659 ἔλαφοςε
977 604 1126 659 υπέσχεν
1145 607 1211 644 αὗ-

187 666 237 716 τῷ
252 678 260 686 ·
291 662 455 713 ποιμένες
491 662 527 702 δὲ
561 663 764 714 ἀνελόμενοι
794 663 835 702 τὸ
869 663 1013 718 βρέφος,
1049 664 1210 717 Τήλεφον

188 722 357 761 ἐκάλεσαν
378 720 492 760 αὐτόν.
502 720 641 774 3Αὔγην
653 720 688 760 δὲ
705 720 813 760 ἔδωκε
827 722 998 775 Ναυπλίῳ
1011 725 1062 776 τῷ
1079 724 1213 762 Ποσει-

189 783 293 826 δῶνος
312 782 492 835 ὑπερόριον
530 783 791 833 ἀπεμπολῆσαι.
820 782 863 822 Ὁ
887 781 923 822 δὲ
942 782 1136 837 Τεύθραντι
1162 785 1214 836 τῷ

189 839 406 892 Τευθρανίας
421 838 548 878 ἔδωκεν
567 838 674 887 αὐτὴν
691 838 841 892 δυνάστῃ
853 854 861 862 ·
884 842 1042 884 κάκεῖνος
1064 846 1214 892 γυναῖκα

189 898 392 946 ἐποιήσατο.

243 957 296 1009 (5)
318 956 496 1011 Ἡρακλῆς
516 955 553 995 δὲ
571 956 848 1010 παραγενόμενος
864 959 910 1001 εἷς
928 959 1138 1003 Καλυδῶνα,
1151 956 1214 1005 τὴν

190 1014 324 1059 Οἰνέως
338 1014 512 1069 θυγατέρα
526 1014 736 1070 Δηϊάνειραν
753 1015 1030 1068 ἐμνηστεύσατο.
1059 1016 1130 1056 Καὶ
1148 1016 1218 1054 δια-

189 1074 364 1118 παλαίσας
396 1074 483 1128 ὖπὲρ
511 1076 580 1113 τῶν
614 1075 738 1126 γάμων
774 1076 881 1122 αὐτῆς
913 1075 998 1128 πρὸς
1031 1076 1215 1127 Ἀχελῶον,

190 1133 448 1172 ἀπεικασθέντα
465 1132 585 1187 ταύρῳ
597 1165 606 1182 ,
624 1133 833 1187 περιέκλασε
856 1134 896 1173 τὸ
915 1133 1029 1187 ἕτερον
1064 1137 1132 1173 τῶν
1152 1149 1215 1172 κε-

193 1193 317 1243 ράτιον.
337 1193 408 1232 Καὶ
432 1192 494 1240 τὴν
522 1192 584 1244 μὲν
614 1193 824 1246 Δηϊάνειραν
855 1199 980 1244 γαμεῖ·
999 1194 1039 1232 τὸ
1056 1192 1091 1231 δὲ
1114 1192 1217 1246 κέρας

190 1252 361 1304 Ἀχελῶος
379 1251 572 1303 λαμὸάνει,
600 1251 676 1295 δοὺς
698 1251 773 1290 ἀντὶ
799 1251 922 1291 τούτου
942 1252 982 1290 τὸ
997 1255 1059 1299 τῆς
1078 1251 1216 1302 Ἀμαλ-

190 1310 293 1355 θείας.
314 1310 331 1335 2
352 1309 540 1362 Ἀμάλθεια
560 1309 595 1348 δὲ
621 1305 664 1358 ῆν
696 1311 862 1362 Αἱμονίου
885 1309 1096 1363 θυγάτηρ,ἣ
1116 1309 1219 1363 κέρας

134 1414 139 1419 .
190 1384 264 1430 ειχε
286 1367 426 1422 ταύρου.
442 1371 555 1408 Τοῦτο
571 1367 606 1406 δὲ
618 1370 689 1417 ,ὡς
705 1367 910 1423 Φερεκύδης
935 1368 1049 1420 λέγει,
1073 1367 1218 1420 δύναμιν

190 1431 263 1480 εἶχε
279 1426 457 1473 τοιαύτην,
477 1426 568 1465 ὥστε
589 1426 753 1480 βρωτον
734 1444 756 1474 η
774 1427 892 1477 ποτὸν,
907 1426 991 1481 ὅπερ
1007 1426 1144 1472 εὔξαιτό
1153 1442 1215 1475 τις,

189 1485 355 1539 παρέχειν
370 1485 508 1523 ἄπονον.

247 1547 301 1595 (6)
318 1543 510 1598 Στρατεύει
529 1543 565 1582 δὲ
583 1543 762 1598 Ηρακλῆς
788 1544 877 1593 μετὰ
907 1544 1141 1584 Καλυδωνίων
1162 1543 1219 1584 ἐπὶ

190 1601 435 1657 Θεσπρωτούς.
455 1602 528 1641 Καὶ
547 1601 648 1641 πόλιν
675 1601 762 1641 ἑλὼν
782 1601 959 1656 Ἔφυραν,
982 1599 1023 1652 ἧς
1039 1603 1220 1643 ἐὸασίλευε

192 1660 334 1711 Φύλας,
354 1659 528 1715 Ἀστυόχῃ
540 1663 584 1715 τῇ
600 1659 724 1701 τούτου
741 1660 884 1715 θυγατρὶ
902 1661 1089 1711 συνελθὼν,
1102 1661 1219 1715 πατὴρ

189 1721 427 1773 Τληπολέμου
443 1721 588 1772 γίνεται.
609 1717 806 1759 2Διατελῶν
825 1718 861 1758 δὲ
880 1719 963 1774 παρ’
983 1721 1111 1769 αὐτοῖς,
1122 1719 1219 1771 πέμ-

190 1783 257 1834 ψας
273 1780 357 1835 πρὸς
375 1779 545 1829 Θέστιον,
566 1779 656 1818 ἑπτὰ
676 1778 739 1831 μὲν
763 1778 925 1832 κατέχειν
952 1778 1048 1831 ἔλεγε
1067 1780 1194 1823 παῖδας
1208 1810 1218 1827 ,

189 1847 279 1895 τρεῖς
300 1841 336 1880 δὲ
350 1844 397 1885 εἷς
411 1840 537 1888 Θήὸας
557 1839 798 1888 ἀποστέλλειν,
818 1839 896 1883 τοὺς
923 1838 959 1878 δὲ
979 1839 1119 1884 λοιποὺς
1135 1856 1219 1878 τεσ-

191 1901 391 1954 σαράκοντα
402 1899 554 1950 πέμπειν
567 1901 614 1943 εἷς
631 1897 758 1953 Σαρδὼ
777 1898 839 1946 τὴν
852 1902 957 1945 νῆσον
970 1899 1024 1936 ἐπ’
1039 1898 1216 1937 ἀποικίαν.

243 1960 260 1985 3
275 1957 478 2010 Ιενομένων
506 1957 542 1996 δὲ
562 1956 706 2006 τούτων,
728 1956 965 2009 εὐωχούμενος
983 1955 1079 2010 παρὰ
1101 1958 1218 2005 Οἰνεῖ,

190 2018 348 2071 κονδύλῳ
376 2016 511 2064 πλήξας
535 2015 736 2054 ἀπέκτεινεν
761 2015 978 2069 Ἀρχιτέλους
1007 2016 1117 2053 παῖδα
1128 2014 1220 2090 ἲ,Εὔ-

190 2092 296 2128 νομον
308 2077 400 2115 κατὰ
415 2077 542 2129 χειρῶν
557 2073 714 2113 διδόντα·
733 2073 900 2147 συγγενὴς
914 2072 950 2111 δὲ
961 2072 1094 2118 Οἰνέως
1110 2067 1218 2117 ουτος.

191 2137 207 2161 ⁴
215 2135 336 2175 All*
324 2152 341 2174 0
357 2134 418 2186 μὲν
438 2133 556 2188 πατὴρ
569 2149 629 2173 του
640 2132 780 2181 παιδὸς,
801 2132 971 2177 ἀκουσίως
986 2131 1219 2185 γεγενημένου

191 2199 251 2234 τοῦ
269 2192 552 2246 συμὸεὸηκότος,
570 2190 842 2267 συνεγνωμόνει·
855 2191 1034 2246 Ἡρακλῆς
1049 2191 1108 2241 δὲ,
1128 2192 1221 2230 κατὰ

191 2269 249 2291 τον
270 2252 390 2304 νόμον,
417 2250 480 2299 τὴν
511 2251 621 2306 φυγὴν
652 2250 837 2303 υπομένειν
866 2251 987 2299 ἤθελε,
1011 2251 1070 2289 καὶ
1097 2248 1221 2302 διέγνω

192 2312 276 2366 πρὸς
294 2311 421 2358 Κήῦκα
440 2312 487 2355 εἷς
502 2313 664 2365 Τραχῖνα
684 2312 765 2348 ἀπιε
755 2309 835 2348 ’.ναι
857 2307 987 2361 5Ἄγων
1008 2309 1044 2347 δὲ
1029 2309 1219 2357 εΔηϊάνει-

194 2387 269 2425 ραν,
302 2370 359 2408 ἐπὶ
394 2369 552 2421 ποταμὸν
586 2367 721 2416 Εὔηνον
755 2372 853 2417 ἡκεν,
889 2369 924 2407 ἐν
945 2372 973 2422 ᾡ
995 2368 1222 2419 καθεζόμενος
1261 2390 1264 2391 ’

194 2429 328 2473 Νέσσος
345 2432 362 2468 δ
383 2428 580 2481 Κένταυρος
604 2427 684 2471 τους
704 2427 893 2481 παριόντας
912 2407 1135 2481 διέπόρθμευε
1161 2444 1221 2478 μι-

193 2491 299 2537 σθοῦ,
318 2486 430 2539 λέγων
451 2486 549 2541 παρὰ
569 2489 654 2525 θεῶν
674 2485 737 2532 τὴν
757 2486 948 2540 πορθμείαν
969 2485 1148 2539 εἰληφέναι
1166 2486 1222 2524 διὰ

195 2545 430 2594 δικαιοσύνην.
451 2547 469 2572 6
485 2545 598 2589 Αὐτὸς
618 2543 680 2596 μὲν
700 2548 759 2583 οὖν
776 2544 955 2598 (Ηρακλῆς
973 2544 1032 2583 τὸν
1063 2545 1220 2596 ποταμὸν

195 2606 312 2654 διέὸη·
350 2605 561 2659 Δηιάνειραν
593 2603 649 2652 δὲ,
688 2603 810 2655 μισθὸν
850 2604 1020 2652 αἰτηθεὶς,
1056 2603 1223 2657 ἐπέτρεψε

195 2665 324 2719 Νέσσῳ
344 2663 569 2715 διακομίζειν.
588 2663 629 2702 Ὁ
654 2661 690 2701 δὲ
716 2662 977 2717 διαπορθμεύων
1003 2662 1110 2710 αὐτὴν
1139 2664 1223 2701 ἐπε-

196 2725 306 2779 χείρει
326 2723 517 2776 βιάζεσθαι.
537 2725 614 2770 Τῆς
637 2721 674 2760 δὲ
696 2721 961 2776 ἀνακραγούσης
983 2721 1184 2773 αἰσθόμενος
1206 2725 1224 2760 ὃ

196 2783 398 2837 Ἡρακλῆς,
420 2780 598 2826 ἐξελθόντα
624 2779 761 2821 Νέσσον
783 2779 956 2825 ἐτόξευσεν
986 2782 1032 2824 εἷς
1050 2780 1113 2827 τὴν
1134 2796 1224 2834 καρ-

198 2841 285 2880 δίαν.
303 2840 366 2879 7Ὁ
378 2839 414 2878 δὲ
429 2838 567 2891 μέλλων
584 2841 759 2893 τελευτᾷν,
773 2839 1100 2893 προσκαλεσάμενος
1112 2839 1226 2886 Δηϊά-

199 2916 313 2953 νειραν
347 2903 456 2948 εἶπεν,
480 2915 510 2938 ει
530 2898 624 2938 θέλοι
643 2898 782 2953 φίλτρον
803 2898 887 2953 πρὸς
915 2897 1137 2952 Ἧρακλέα”
1118 2914 1224 2951 εχειν,

200 2958 257 2996 τόν
276 2975 312 2996 τε
329 2957 444 3009 γόνον,
463 2957 500 2997 ὃν
521 2960 635 3012 ἀφῆκε
651 2957 743 2997 κατὰ
763 2961 826 3004 τῆς
844 2961 925 3010 γῆς,
945 2973 1004 2996 και
1029 2957 1068 2996 τὸ
1089 2957 1203 3011 ῥυὲν
1187 2973 1227 2995 εκ

201 3020 260 3054 τοῦ
275 3015 490 3089 τραύματος
525 3020 588 3063 τῆς
619 3017 735 3061 ἀκίδος
769 3020 877 3068 αἱμα,
900 3015 1087 3068 συμμῖξαι.
1121 3015 1166 3054 Ἥ
1191 3014 1227 3053 δὲ

202 3075 381 3121 ποιήσασα
402 3079 524 3124 τοῦτο,
544 3073 715 3127 ἐφύλαττε
731 3076 814 3130 παρ’
833 3077 953 3127 ἑαυτῆ.

258 3134 310 3183 (7)
330 3132 471 3178 Διεξιὼν
487 3134 523 3172 δὲ
534 3133 712 3206 Ηρακλῆς
728 3134 790 3181 τὴν
809 3133 976 3188 Δρυόπων
994 3132 1126 3188 χώραν,
1144 3135 1230 3171 ἀπο-

207 3192 273 3242 ρῶν
291 3194 437 3262 τροφῆς,
456 3193 719 3239 ἀπαντήσαντος
736 3193 998 3244 Θειοδάμαντος
1021 3194 1232 3245 βοηλατουν-

206 3264 280 3296 τος,
291 3249 348 3287 τὸν
361 3248 474 3303 ἕτερον
491 3253 559 3288 τῶν
577 3251 713 3304 ταύρων
732 3251 859 3300 λύσας,
874 3252 1089 3305 εὐωχήσατο.
1101 3252 1118 3277 ²
1122 3251 1181 3295 Ως
1196 3250 1232 3289 δὲ

206 3312 288 3354 ἡκεν
312 3309 358 3350 εἷς
372 3310 534 3360 Τραχῖνα
552 3309 637 3362 πρὸς
655 3310 804 3360 Κήϋκα,
824 3311 1048 3363 υποδεχθεις(
1036 3311 1093 3348 υπ’
1109 3312 1232 3359 αὐτοῦ,

208 3364 369 3418 Δρᾶοπας
387 3366 685 3416 κατεπολέμησεν.

807 172 1178 214 ΑΠΟΛΛΟΔΩΡΟΥ
1208 173 1550 215 ΒΙΒΛΙΟΘΗΚΗΣ
1577 177 1627 224 Β,
1656 172 1700 219 ζ’.

1261 269 1348 302 haud
1363 270 1504 312 agnitam
1517 271 1654 305 vitiavit.
1671 274 1753 310 Quae
1765 281 1862 313 quem
1875 272 1959 305 clam
1968 274 2090 315 peperit
2102 283 2237 316 puerum
2250 275 2282 308 iu

1263 338 1415 372 Minervae
1436 340 1575 373 sacrario
1590 341 1748 382 deposuit.
1765 342 1858 374 Peste
1870 343 1979 375 autem
2004 351 2062 384 per
2075 351 2114 375 ea
2126 343 2196 376 loca
2209 347 2287 376 stra-

1265 415 1336 448 gem
1350 406 1479 447 edente,
1498 407 1595 439 Ateus
1607 407 1762 448 templum
1781 408 1944 448 ingressus
1961 409 1993 440 et
2012 409 2138 450 singula
2151 409 2287 442 rimatus

1267 473 1342 508 filiae
1356 476 1486 517 partum
1499 475 1634 508 invenit.
1652 476 1811 509 Infantem
1826 475 1922 517 igitur
1933 477 1967 508 in
1979 477 2187 510 Parthenium
2202 486 2290 510 mon-

1268 545 1334 576 tem
1347 544 1444 585 jussit
1455 546 1584 586 exponi.
1600 546 1683 578 2sed
1698 546 1806 578 divina
1812 545 1953 587 quadam
1969 546 2172 588 providentia
2184 554 2290 579 serva-

1270 616 1394 647 tus-est.
1417 617 1498 648 Nam
1514 624 1608 648 cerva
1622 638 1631 655 ‚
1648 624 1722 657 quae
1737 615 1919 656 nuperrime
1932 615 2114 656 pepererat,
2129 614 2176 647 illi
2189 614 2291 648 ubera

1270 683 1409 725 praebuit
1423 693 1430 716 :
1445 686 1590 726 pastores
1603 687 1710 717 autem
1723 685 1888 717 sublatum
1901 693 2038 726 puerum
2047 683 2223 726 Telephum
2238 691 2293 716 vo-

1271 755 1397 787 carunt.
1415 757 1541 796 ³Augen
1560 755 1657 788 Aleus
1673 755 1810 796 Nauplio
1822 778 1832 795 ,
1855 754 1994 797 Neptuni
2009 754 2087 791 filio,
2103 757 2195 788 extra
2212 753 2293 786 tina

1273 823 1474 856 vendendam
1490 824 1587 857 dedit.
1602 825 1662 857 Hic
1680 823 1883 864 Teuthranti‚
1902 823 2107 857 Teuthraniae
2126 822 2204 865 regi,
2220 830 2293 855 mm

1274 893 1425 934 tradidit,
1439 895 1495 936 qui
1511 903 1645 927 uxorem
1658 894 1761 927 duxit.

1316 964 1362 1005 (5)
1385 965 1539 999 Hercules
1557 965 1755 1006 Calydonem
1787 964 1950 1006 profectus
1985 963 2168 996 Deianiram
2196 963 2295 996 OEnet

1275 1028 1375 1061 filiam
1391 1029 1425 1061 in
1447 1029 1690 1062 matrimonium
1711 1029 1872 1071 poposcit:
1897 1037 1935 1061 ac
1956 1028 2098 1061 luctatus
2119 1027 2160 1060 de
2174 1027 2296 1071 nuptiis

1276 1094 1345 1134 ejus
1358 1102 1432 1126 cum
1443 1094 1582 1126 Acheloo
1590 1094 1621 1126 in
1635 1093 1998 1126 taurumtransformato
2007 1093 2144 1125 alterum
2153 1092 2184 1125 ei
2195 1100 2297 1124 cornu

1276 1157 1437 1198 perfregit.
1455 1159 1567 1198 Itaque
1588 1154 1770 1190 Deianiram
1785 1156 1898 1196 duxit,
1916 1166 2018 1189 cornu
2031 1157 2138 1189 autem
2158 1155 2298 1188 Acheloo

1277 1221 1429 1262 restituit,
1439 1222 1496 1263 qui
1509 1222 1605 1263 hujus
1620 1222 1691 1254 loeo
1704 1222 1879 1254 Amaltheae
1891 1230 1991 1253 cornu
2005 1220 2104 1253 dedit.
2116 1219 2299 1252 ⁸A1nalthea

1278 1285 1440 1317 Haemonii
1455 1285 1521 1317 filia
1535 1288 1604 1318 erat
1617 1285 1703 1318 tauri
1721 1294 1822 1318 cornu
1841 1284 1996 1326 praedita;
2014 1284 2115 1325 quod,
2130 1285 2169 1316 ut
2186 1283 2299 1316 Phere-

1279 1349 1375 1390 cydes
1391 1350 1527 1382 testatur
1540 1373 1550 1389 ,
1570 1357 1643 1382 eam
1668 1349 1807 1381 habebat
1820 1348 1990 1388 virtutem,
2009 1349 2046 1380 ut
2059 1347 2218 1389 quidquid
2234 1347 2300 1380 cibi

1279 1411 1330 1444 vel
1367 1413 1465 1452 potus
1494 1411 1655 1454 quispiam
1671 1413 1843 1453 expeteret,
1860 1411 1929 1443 sine
1947 1410 2056 1443 labore
2069 1410 2137 1443 ullo
2152 1409 2301 1452 suppedi·
2317 1403 2320 1405 ’

1278 1476 1372 1509 taret.

1323 1546 1367 1587 (6)
1385 1545 1508 1578 Deinde
1523 1545 1675 1578 Hercules
1691 1554 1766 1577 cum
1779 1545 1965 1586 Calydoniis
1983 1545 2095 1578 eontra
2107 1545 2303 1586 Thesprotos

1281 1608 1314 1640 in
1327 1607 1446 1641 bellum
1461 1608 1538 1648 exit3
1556 1609 1589 1640 et
1601 1608 1695 1649 capta
1707 1608 1836 1648 Ephyra
1849 1607 1940 1647 urbe,
1954 1608 2046 1648 cujus
2060 1615 2116 1640 rex
2131 1607 2200 1639 erat
2211 1605 2299 1647 Phy-

1280 1668 1328 1700 las
1339 1691 1348 1707 ,
1361 1677 1437 1700 cum
1453 1668 1613 1708 Astyoche
1625 1667 1710 1699 illius
1732 1667 1799 1699 filia
1814 1675 2023 1708 congressus,
2036 1667 2127 1708 pater
2141 1665 2179 1698 fit
2190 1666 2302 1707 Tlepo·
2317 1662 2320 1666 ’

1279 1726 1366 1759 lemi.
1377 1728 1478 1758 ⁹Dum
1487 1735 1564 1758 vero
1577 1725 1664 1767 apud
1670 1725 1865 1766 calydonios
1876 1724 2074 1761 versabatur,
2085 1724 2127 1757 ad
2135 1724 2304 1757 Thestium
2315 1727 2320 1758 ἰ

1280 1785 1367 1817 misit
1380 1810 1389 1826 ‚
1406 1792 1545 1826 eumque
1568 1784 1667 1826 jussit
1689 1786 1811 1826 septem
1835 1793 1969 1816 suorum
1986 1781 2278 1816 filiorum'retiuere
2291 1806 2303 1824 ,

1280 1847 1343 1876 tres
1356 1844 1500 1885 ablegare
1515 1843 1651 1884 Thebas,
1666 1843 1805 1884 reliquos
1817 1842 2027 1884 quadraginta
2038 1843 2169 1875 colonos
2179 1841 2305 1875 mittere
2318 1856 2320 1858 ·

1279 1904 1312 1935 in
1329 1903 1516 1936 Sardiniam.

1323 1960 1464 1998 ²⁵Quibus
1481 1960 1590 1999 factis,
1607 1969 1709 2001 quum
1724 1959 1810 2000 apud
1827 1961 1973 1992 OEneum
1997 1959 2030 1991 in
2046 1959 2196 1992 convivio
2210 1960 2315 1999 esset,

1278 2035 1386 2068 pugno
1415 2034 1604 2067 percussmn
1629 2027 1814 2057 Eunomum
1828 2048 1838 2064 ‚
1863 2024 2033 2057 Architelis
2049 2023 2152 2056 filium
2164 2047 2176 2064 ,
2188 2030 2320 2065 aquam³

1281 2088 1430 2120 manibus
1439 2087 1664 2120 infundentem
1675 2087 1804 2120 occidit.
1820 2087 1882 2120 Hic
1893 2089 2000 2120 OEneo
2009 2087 2212 2129 propinquus
2222 2076 2320 2119 eratss

1280 2157 1293 2176 ⁴
1307 2153 1368 2186 Sed
1380 2156 1469 2194 pater
1483 2153 1586 2194 pueri,
1602 2152 1690 2194 quod
1705 2152 1740 2184 id
1764 2152 1804 2184 ab
1834 2151 2037 2193 imprudente
2061 2151 2181 2184 factum
2210 2147 2320 2190 essetf.

1280 2219 1408 2252 veniam
1430 2219 1530 2251 dedit.
1553 2218 1706 2251 Hercules
1725 2219 1834 2250 autem
1846 2242 1856 2259 ,
1874 2219 1910 2249 ut
1930 2217 1984 2249 lex
1993 2215 2149 2257 jubebat,
2172 2215 2310 2248 exilium?

1281 2284 1438 2317 sustinere
1445 2283 1560 2324 voluit,
1570 2286 1665 2324 atque
1679 2282 1871 2315 Trachinem
1884 2281 1925 2314 ad
1937 2283 2153 2322 ceyoemsese
2164 2278 2320 2316 conferre

1281 2350 1432 2390 decrevit.
1453 2352 1583 2391 ultaque
1597 2358 1672 2382 cum
1687 2348 1838 2381 Deianira
1859 2347 1900 2379 ad
1921 2349 2068 2379 Evenum
2087 2346 2223 2378 fluvium
2238 2334 2313 2399 peru'J¹

1282 2417 1382 2453 venit,
1399 2416 1432 2448 in
1447 2416 1539 2457 quus
1556 2414 1631 2456 ripis
1649 2413 1819 2446 considens
1839 2414 1960 2445 Nessus
1979 2412 2159 2444 Centaurus
2169 2411 2310 2443 viatores

1281 2482 1427 2515 mercede
1463 2480 1655 2522 trajiciebat3
1681 2478 1767 2520 quod
1796 2477 1931 2509 naulum
1954 2485 1974 2508 a
1998 2476 2062 2508 diis
2085 2475 2147 2508 sibi
2174 2471 2320 2532 1118ιὶυῆ

1282 2548 1451 2590 praemium
1466 2553 1655 2579 concessum
1661 2553 1730 2578 esse
1737 2544 1873 2577 dicebat.
1883 2540 2230 2582 ⁶Herculesigituripse
2240 2533 2318 2592 qui}

1282 2614 1355 2646 dem
1363 2621 1489 2645 amnem
1505 2610 1692 2653 permeavit
1711 2609 1892 2642 Deianiram
1907 2616 1984 2640 vero
1999 2604 2178 2648 portorium
2194 2585 2320 2645 pactu&

1282 2679 1381 2710 Nesso
1397 2675 1558 2708 commisit
1572 2674 1836 2708 transferendam.
1853 2672 1914 2704 Hic
1929 2673 2035 2704 autem
2047 2669 2082 2702 in
2094 2668 2230 2709 trajectu
2240 2662 2320 2706 viii,

1284 2741 1313 2774 ei
1329 2741 1443 2773 afferre
1459 2740 1607 2772 intendit.
1625 2742 1730 2777 Quam
1743 2737 1936 2770 clamantem
1970 2733 2103 2768 audiens
2143 2722 2320 2832 Herum

1284 2806 1497 2847 egredientem
1514 2806 1651 2837 Nessum
1668 2804 1702 2835 in
1717 2802 1814 2835 corde
1831 2800 1946 2842 sagitta
1958 2790 2197 2841 percussimus
2287 2796 2299 2832 j

1284 2871 1378 2900 turus
1394 2868 1552 2900 Deianirae
1569 2867 1746 2906 advocatae,
1764 2865 1792 2898 si
1806 2864 1962 2906 philtrum
1978 2862 2011 2894 in
2026 2858 2196 2894 Herculem
2213 2853 2320 2903 vend}

1286 2932 1414 2972 habere,
1432 2931 1547 2972 jussit,
1575 2933 1611 2962 ut
1627 2930 1713 2971 quod
1730 2929 1799 2970 ipse
1815 2936 1924 2961 semen
1951 2926 1985 2958 in
2001 2924 2119 2957 terram
2142 2908 2320 2999 effudisuf

1287 3006 1362 3029 cum
1379 2997 1535 3036 sanguine
1550 3004 1588 3027 ex
1605 2995 1729 3035 sagittae
1746 2994 1878 3025 vulnere
1899 2991 2059 3024 defluente
2075 2976 2309 3031 commiscere&

1288 3061 1383 3099 Quod
1407 3069 1507 3101 quum
1527 3059 1580 3091 illa
1596 3058 1738 3098 fecisset,
1755 3065 1852 3098 penes
1870 3064 1904 3088 se
1920 3053 2070 3087 servavit.

1332 3141 1376 3182 (7)
1390 3139 1541 3172 Hercules
1555 3141 1720 3179 Dryopum
1732 3138 1851 3169 terram
1865 3143 2034 3177 peragrans
2041 3136 2073 3166 et
2080 3133 2144 3165 cibi
2151 3129 2309 3179 mopiam

1290 3201 1425 3238 horans,
1441 3198 1672 3231 Thiodamante
1685 3205 1760 3230 cum
1777 3196 1920 3237 plaustro
1936 3193 2064 3226 duobus
2078 3191 2184 3225 hobus
2194 3179 2313 3241 im

1291 3260 1489 3298 oecurrente,
1506 3255 1641 3289 alterum
1655 3263 1766 3288 eorum
1781 3254 1878 3286 solvit
1889 3256 1921 3286 et
1936 3252 2049 3286 deinde
2061 3249 2237 3284 devoravit.
2250 3232 2307 3294 'Q

1292 3327 1369 3350 vero
1381 3317 1569 3350 Trachinem
1579 3314 1668 3347 venit
1677 3314 1718 3347 ad
1732 3315 1890 3355 Ceycem,
1904 3311 2044 3353 hospitio
2056 3310 2098 3343 ab
2109 3319 2148 3343 eo
2157 3301 2307 3350 exo-apta

1294 3380 1437 3419 Dryopas
1450 3374 1630 3408 debellavit.
2297 3367 2298 3370 ’
