<?xml version="1.0" encoding="UTF-8"?>
<!DOCTYPE html PUBLIC "-//W3C//DTD XHTML 1.0 Transitional//EN"
    "http://www.w3.org/TR/xhtml1/DTD/xhtml1-transitional.dtd">
<html xmlns="http://www.w3.org/1999/xhtml" xml:lang="en" lang="en">
 <head>
  <title>
</title>
<meta http-equiv="Content-Type" content="text/html;charset=utf-8" />
  <meta name='ocr-system' content='tesseract 3.04.00' />
  <meta name='ocr-capabilities' content='ocr_page ocr_carea ocr_par ocr_line ocrx_word'/>
</head>
<body>
  <div class='ocr_page' id='page_1' title='image "./fragmentahistori01mueluoft_0456.png"; bbox 0 0 2320 3684; ppageno 0'>
   <div class='ocr_carea' id='block_1_1' title="bbox 153 182 227 217">
    <p class='ocr_par' dir='ltr' id='par_1_1' title="bbox 153 182 227 217">
     <span class='ocr_line' id='line_1_1' title="bbox 153 182 227 217; baseline -0.014 0"><span class='ocrx_word' id='word_1_1' title='bbox 153 182 227 217; x_wconf 84' lang='lat'>354</span> 
     </span>
    </p>
   </div>
   <div class='ocr_carea' id='block_1_2' title="bbox 143 260 1180 487">
    <p class='ocr_par' dir='ltr' id='par_1_2' title="bbox 143 260 1180 487">
     <span class='ocr_line' id='line_1_2' title="bbox 143 260 1178 315; baseline -0.004 -12"><span class='ocrx_word' id='word_1_2' title='bbox 143 264 478 315; x_wconf 84' lang='lat' dir='ltr'>Colophoniorum</span> <span class='ocrx_word' id='word_1_3' title='bbox 513 270 743 300; x_wconf 82' lang='lat' dir='ltr'>mentionem</span> <span class='ocrx_word' id='word_1_4' title='bbox 775 260 1013 311; x_wconf 88' lang='lat' dir='ltr'><strong>Phylarchus</strong></span> <span class='ocrx_word' id='word_1_5' title='bbox 1040 260 1178 311; x_wconf 84' lang='lat' dir='ltr'>injice—</span> 
     </span>
     <span class='ocr_line' id='line_1_3' title="bbox 147 319 1180 372; baseline -0.003 -11"><span class='ocrx_word' id='word_1_6' title='bbox 147 332 228 372; x_wconf 89' lang='lat' dir='ltr'>ret,</span> <span class='ocrx_word' id='word_1_7' title='bbox 250 322 480 360; x_wconf 77' lang='lat' dir='ltr'>observante</span> <span class='ocrx_word' id='word_1_8' title='bbox 499 322 734 367; x_wconf 73' lang='lat' dir='ltr'>Brficknero,</span> <span class='ocrx_word' id='word_1_9' title='bbox 759 319 946 357; x_wconf 88' lang='lat' dir='ltr'>adductus</span> <span class='ocrx_word' id='word_1_10' title='bbox 969 332 1052 357; x_wconf 87' lang='lat' dir='ltr'>esse</span> <span class='ocrx_word' id='word_1_11' title='bbox 1071 319 1180 358; x_wconf 90' lang='lat' dir='ltr'>vide-</span> 
     </span>
     <span class='ocr_line' id='line_1_4' title="bbox 145 381 1179 432; baseline -0.005 -12"><span class='ocrx_word' id='word_1_12' title='bbox 145 391 206 420; x_wconf 89' lang='lat' dir='ltr'>tur</span> <span class='ocrx_word' id='word_1_13' title='bbox 222 382 329 420; x_wconf 87' lang='lat' dir='ltr'>urbis</span> <span class='ocrx_word' id='word_1_14' title='bbox 339 412 349 430; x_wconf 93' lang='lat'>,</span> <span class='ocrx_word' id='word_1_15' title='bbox 366 394 482 432; x_wconf 86' lang='lat' dir='ltr'>quam</span> <span class='ocrx_word' id='word_1_16' title='bbox 500 381 660 418; x_wconf 86' lang='lat' dir='ltr'>fortasse</span> <span class='ocrx_word' id='word_1_17' title='bbox 679 386 919 426; x_wconf 85' lang='lat' dir='ltr'><strong>narraverat,</strong></span> <span class='ocrx_word' id='word_1_18' title='bbox 942 391 1012 429; x_wconf 90' lang='lat' dir='ltr'>per</span> <span class='ocrx_word' id='word_1_19' title='bbox 1029 381 1179 428; x_wconf 89' lang='lat' dir='ltr'>Lysan-</span> 
     </span>
     <span class='ocr_line' id='line_1_5' title="bbox 145 436 1178 487; baseline -0.003 -9"><span class='ocrx_word' id='word_1_20' title='bbox 145 441 237 478; x_wconf 90' lang='lat' dir='ltr'>‹lum</span> <span class='ocrx_word' id='word_1_21' title='bbox 254 439 524 478; x_wconf 81' lang='lat' dir='ltr'>devastatione.</span> <span class='ocrx_word' id='word_1_22' title='bbox 538 442 578 475; x_wconf 84' lang='lat' dir='ltr'>V.</span> <span class='ocrx_word' id='word_1_23' title='bbox 593 441 752 476; x_wconf 91' lang='lat' dir='ltr'>Pausan.</span> <span class='ocrx_word' id='word_1_24' title='bbox 769 439 856 481; x_wconf 88' lang='lat' dir='ltr'>VII,</span> <span class='ocrx_word' id='word_1_25' title='bbox 873 438 909 484; x_wconf 84' lang='lat'>3,</span> <span class='ocrx_word' id='word_1_26' title='bbox 932 450 962 474; x_wconf 86' lang='lat'>1.</span> <span class='ocrx_word' id='word_1_27' title='bbox 979 436 1034 475; x_wconf 86' lang='lat' dir='ltr'>Cf.</span> <span class='ocrx_word' id='word_1_28' title='bbox 1049 439 1081 486; x_wconf 92' lang='grc' dir='ltr'>Ι,</span> <span class='ocrx_word' id='word_1_29' title='bbox 1092 451 1131 487; x_wconf 88' lang='lat'>9,</span> <span class='ocrx_word' id='word_1_30' title='bbox 1143 438 1178 475; x_wconf 89' lang='lat'>8.</span> 
     </span>
    </p>
   </div>
   <div class='ocr_carea' id='block_1_3' title="bbox 146 565 1189 2381">
    <p class='ocr_par' dir='ltr' id='par_1_3' title="bbox 146 565 1181 740">
     <span class='ocr_line' id='line_1_6' title="bbox 200 565 1178 619; baseline -0.002 -13"><span class='ocrx_word' id='word_1_31' title='bbox 200 568 440 619; x_wconf 84' lang='lat' dir='ltr'><strong>Porphyrius</strong></span> <span class='ocrx_word' id='word_1_32' title='bbox 472 570 531 604; x_wconf 90' lang='lat' dir='ltr'>De</span> <span class='ocrx_word' id='word_1_33' title='bbox 547 565 780 604; x_wconf 85' lang='lat' dir='ltr'>abstinentia</span> <span class='ocrx_word' id='word_1_34' title='bbox 802 568 854 613; x_wconf 92' lang='lat' dir='ltr'>II,</span> <span class='ocrx_word' id='word_1_35' title='bbox 875 579 913 618; x_wconf 93' lang='lat' dir='ltr'>p.</span> <span class='ocrx_word' id='word_1_36' title='bbox 934 566 1010 604; x_wconf 82' lang='lat'>226</span> <span class='ocrx_word' id='word_1_37' title='bbox 1037 566 1178 618; x_wconf 85' lang='lat' dir='ltr'>(Lugd.</span> 
     </span>
     <span class='ocr_line' id='line_1_7' title="bbox 152 622 1181 678; baseline -0.001 -13"><span class='ocrx_word' id='word_1_38' title='bbox 152 626 268 678; x_wconf 80' lang='lat'>1620)</span> <span class='ocrx_word' id='word_1_39' title='bbox 289 642 297 664; x_wconf 75' lang='grc' dir='ltr'>τ</span> <span class='ocrx_word' id='word_1_40' title='bbox 319 624 509 678; x_wconf 88' lang='grc' dir='ltr'>Φύλαρχος</span> <span class='ocrx_word' id='word_1_41' title='bbox 541 623 578 662; x_wconf 83' lang='grc' dir='ltr'>δὲ</span> <span class='ocrx_word' id='word_1_42' title='bbox 595 626 725 668; x_wconf 73' lang='grc' dir='ltr'>ικοινῶς</span> <span class='ocrx_word' id='word_1_43' title='bbox 740 623 875 668; x_wconf 84' lang='grc' dir='ltr'>πάντας</span> <span class='ocrx_word' id='word_1_44' title='bbox 895 622 974 668; x_wconf 77' lang='grc' dir='ltr'>τοὺς</span> <span class='ocrx_word' id='word_1_45' title='bbox 998 622 1181 672; x_wconf 64' lang='grc' dir='ltr'>’Έλληνας</span> 
     </span>
     <span class='ocr_line' id='line_1_8' title="bbox 146 682 1178 740; baseline -0.002 -16"><span class='ocrx_word' id='word_1_46' title='bbox 146 686 228 740; x_wconf 77' lang='grc' dir='ltr'>πρὶν</span> <span class='ocrx_word' id='word_1_47' title='bbox 253 683 309 723; x_wconf 82' lang='grc' dir='ltr'>ἐπὶ</span> <span class='ocrx_word' id='word_1_48' title='bbox 342 683 530 734; x_wconf 87' lang='grc' dir='ltr'>πολεμίους</span> <span class='ocrx_word' id='word_1_49' title='bbox 555 682 683 728; x_wconf 80' lang='grc' dir='ltr'>ἐξιέναι</span> <span class='ocrx_word' id='word_1_50' title='bbox 711 685 1010 737; x_wconf 85' lang='grc' dir='ltr'>ἀνθρωποκτονεῖν</span> <span class='ocrx_word' id='word_1_51' title='bbox 1035 685 1178 737; x_wconf 76' lang='grc' dir='ltr'>ἱστορεῖ.</span> 
     </span>
    </p>

    <p class='ocr_par' dir='ltr' id='par_1_4' title="bbox 147 742 1180 855">
     <span class='ocr_line' id='line_1_9' title="bbox 199 742 1180 795; baseline 0 -13"><span class='ocrx_word' id='word_1_52' title='bbox 199 743 396 795; x_wconf 84' lang='lat' dir='ltr'>Repetivit</span> <span class='ocrx_word' id='word_1_53' title='bbox 420 743 501 780; x_wconf 88' lang='lat' dir='ltr'>haec</span> <span class='ocrx_word' id='word_1_54' title='bbox 520 742 710 781; x_wconf 91' lang='lat' dir='ltr'>Eusebius</span> <span class='ocrx_word' id='word_1_55' title='bbox 739 746 905 794; x_wconf 84' lang='lat' dir='ltr'>Praepar.</span> <span class='ocrx_word' id='word_1_56' title='bbox 934 745 1078 794; x_wconf 84' lang='lat' dir='ltr'>Evang.</span> <span class='ocrx_word' id='word_1_57' title='bbox 1103 746 1180 792; x_wconf 81' lang='lat' dir='ltr'>lv,</span> 
     </span>
     <span class='ocr_line' id='line_1_10' title="bbox 147 803 534 855; baseline -0.005 -14"><span class='ocrx_word' id='word_1_58' title='bbox 147 818 184 855; x_wconf 90' lang='lat' dir='ltr'>p.</span> <span class='ocrx_word' id='word_1_59' title='bbox 209 803 294 850; x_wconf 89' lang='lat'>156,</span> <span class='ocrx_word' id='word_1_60' title='bbox 314 806 358 853; x_wconf 84' lang='lat' dir='ltr'>B,</span> <span class='ocrx_word' id='word_1_61' title='bbox 381 803 467 850; x_wconf 76' lang='lat'>164,</span> <span class='ocrx_word' id='word_1_62' title='bbox 490 806 534 840; x_wconf 90' lang='lat' dir='ltr'>A.</span> 
     </span>
    </p>

    <p class='ocr_par' dir='ltr' id='par_1_5' title="bbox 633 865 697 904">
     <span class='ocr_line' id='line_1_11' title="bbox 633 865 697 904; baseline -0.016 0"><span class='ocrx_word' id='word_1_63' title='bbox 633 865 697 904; x_wconf 82' lang='lat'>64.</span> 
     </span>
    </p>

    <p class='ocr_par' dir='ltr' id='par_1_6' title="bbox 146 923 1182 1450">
     <span class='ocr_line' id='line_1_12' title="bbox 200 923 1180 978; baseline 0.002 -16"><span class='ocrx_word' id='word_1_64' title='bbox 200 925 394 963; x_wconf 84' lang='lat' dir='ltr'>Plutarch.</span> <span class='ocrx_word' id='word_1_65' title='bbox 415 925 663 964; x_wconf 88' lang='lat' dir='ltr'>Themistocl.</span> <span class='ocrx_word' id='word_1_66' title='bbox 687 927 735 963; x_wconf 83' lang='lat'>32</span> <span class='ocrx_word' id='word_1_67' title='bbox 759 938 768 964; x_wconf 91' lang='lat'>:</span> <span class='ocrx_word' id='word_1_68' title='bbox 789 923 879 978; x_wconf 75' lang='grc' dir='ltr'>Περὶ</span> <span class='ocrx_word' id='word_1_69' title='bbox 900 923 937 962; x_wconf 82' lang='grc' dir='ltr'>δὲ</span> <span class='ocrx_word' id='word_1_70' title='bbox 956 926 1025 963; x_wconf 84' lang='grc' dir='ltr'>τῶν</span> <span class='ocrx_word' id='word_1_71' title='bbox 1055 925 1180 977; x_wconf 80' lang='grc' dir='ltr'>λειψά-</span> 
     </span>
     <span class='ocr_line' id='line_1_13' title="bbox 146 981 1177 1037; baseline -0.001 -15"><span class='ocrx_word' id='word_1_72' title='bbox 146 1000 214 1022; x_wconf 87' lang='grc' dir='ltr'>νων</span> <span class='ocrx_word' id='word_1_73' title='bbox 246 984 321 1036; x_wconf 77' lang='grc' dir='ltr'>(τοῧ</span> <span class='ocrx_word' id='word_1_74' title='bbox 353 982 650 1035; x_wconf 85' lang='grc' dir='ltr'>Θεμιστοκλέους)</span> <span class='ocrx_word' id='word_1_75' title='bbox 680 983 752 1022; x_wconf 83' lang='grc' dir='ltr'>οὔτ’</span> <span class='ocrx_word' id='word_1_76' title='bbox 777 983 955 1035; x_wconf 81' lang='grc' dir='ltr'>Ἀνδοκίδῃ</span> <span class='ocrx_word' id='word_1_77' title='bbox 990 981 1177 1037; x_wconf 83' lang='grc' dir='ltr'>προσέχειν</span> 
     </span>
     <span class='ocr_line' id='line_1_14' title="bbox 148 1041 1181 1097; baseline -0.001 -16"><span class='ocrx_word' id='word_1_78' title='bbox 148 1042 240 1088; x_wconf 84' lang='grc' dir='ltr'>ἄξιον</span> <span class='ocrx_word' id='word_1_79' title='bbox 260 1044 294 1081; x_wconf 79' lang='grc' dir='ltr'>ἐν</span> <span class='ocrx_word' id='word_1_80' title='bbox 320 1044 372 1097; x_wconf 77' lang='grc' dir='ltr'>τῷ</span> <span class='ocrx_word' id='word_1_81' title='bbox 389 1043 485 1097; x_wconf 84' lang='grc' dir='ltr'>Πρὸς</span> <span class='ocrx_word' id='word_1_82' title='bbox 511 1042 591 1087; x_wconf 71' lang='grc' dir='ltr'>τοὺς</span> <span class='ocrx_word' id='word_1_83' title='bbox 609 1042 762 1097; x_wconf 80' lang='grc' dir='ltr'>ἑταίρους</span> <span class='ocrx_word' id='word_1_84' title='bbox 780 1041 930 1096; x_wconf 87' lang='grc' dir='ltr'>λέγοντι,</span> <span class='ocrx_word' id='word_1_85' title='bbox 950 1041 1181 1096; x_wconf 81' lang='grc' dir='ltr'>φωράσαντας</span> 
     </span>
     <span class='ocr_line' id='line_1_15' title="bbox 147 1100 1179 1156; baseline -0.001 -16"><span class='ocrx_word' id='word_1_86' title='bbox 147 1102 191 1141; x_wconf 82' lang='grc' dir='ltr'>τὰ</span> <span class='ocrx_word' id='word_1_87' title='bbox 209 1102 359 1155; x_wconf 83' lang='grc' dir='ltr'>λείψανα</span> <span class='ocrx_word' id='word_1_88' title='bbox 379 1102 559 1156; x_wconf 79' lang='grc' dir='ltr'>διαῤῥῐψαι</span> <span class='ocrx_word' id='word_1_89' title='bbox 583 1101 663 1146; x_wconf 78' lang='grc' dir='ltr'>τοὺς</span> <span class='ocrx_word' id='word_1_90' title='bbox 691 1101 908 1149; x_wconf 79' lang='grc' dir='ltr'>Ἀθηναίους’</span> <span class='ocrx_word' id='word_1_91' title='bbox 930 1100 1093 1155; x_wconf 83' lang='grc' dir='ltr'>ψεύδεται</span> <span class='ocrx_word' id='word_1_92' title='bbox 1111 1101 1179 1155; x_wconf 88' lang='grc' dir='ltr'>γὰρ</span> 
     </span>
     <span class='ocr_line' id='line_1_16' title="bbox 148 1159 1180 1216; baseline -0.002 -16"><span class='ocrx_word' id='word_1_93' title='bbox 148 1162 206 1200; x_wconf 78' lang='grc' dir='ltr'>ἐπὶ</span> <span class='ocrx_word' id='word_1_94' title='bbox 235 1161 294 1200; x_wconf 83' lang='grc' dir='ltr'>τὸν</span> <span class='ocrx_word' id='word_1_95' title='bbox 329 1162 440 1212; x_wconf 77' lang='grc' dir='ltr'>δῆμον</span> <span class='ocrx_word' id='word_1_96' title='bbox 468 1160 670 1216; x_wconf 84' lang='grc' dir='ltr'>παροξύνων</span> <span class='ocrx_word' id='word_1_97' title='bbox 699 1160 779 1205; x_wconf 80' lang='grc' dir='ltr'>τοὺς</span> <span class='ocrx_word' id='word_1_98' title='bbox 809 1159 1071 1213; x_wconf 85' lang='grc' dir='ltr'>ὀλιγαρχικούς·</span> <span class='ocrx_word' id='word_1_99' title='bbox 1096 1159 1118 1198; x_wconf 79' lang='grc' dir='ltr'>ὅ</span> <span class='ocrx_word' id='word_1_100' title='bbox 1141 1176 1180 1198; x_wconf 89' lang='grc' dir='ltr'>τε</span> 
     </span>
     <span class='ocr_line' id='line_1_17' title="bbox 148 1218 1182 1275; baseline -0.002 -15"><span class='ocrx_word' id='word_1_101' title='bbox 148 1221 340 1275; x_wconf 83' lang='grc' dir='ltr'>Φύλαρχος</span> <span class='ocrx_word' id='word_1_102' title='bbox 355 1219 475 1274; x_wconf 78' lang='grc' dir='ltr'>ὥσπερ</span> <span class='ocrx_word' id='word_1_103' title='bbox 491 1222 527 1259; x_wconf 82' lang='grc' dir='ltr'>ἐν</span> <span class='ocrx_word' id='word_1_104' title='bbox 543 1220 722 1275; x_wconf 79' lang='grc' dir='ltr'>τραγῳδίᾳ</span> <span class='ocrx_word' id='word_1_105' title='bbox 737 1223 781 1273; x_wconf 83' lang='grc' dir='ltr'>τῇ</span> <span class='ocrx_word' id='word_1_106' title='bbox 801 1220 938 1273; x_wconf 79' lang='grc' dir='ltr'>ἱστορίᾳ</span> <span class='ocrx_word' id='word_1_107' title='bbox 954 1218 1098 1270; x_wconf 79' lang='grc' dir='ltr'>μονονοὺ</span> <span class='ocrx_word' id='word_1_108' title='bbox 1113 1235 1182 1271; x_wconf 88' lang='grc' dir='ltr'>μη-</span> 
     </span>
     <span class='ocr_line' id='line_1_18' title="bbox 149 1277 1181 1333; baseline -0.001 -16"><span class='ocrx_word' id='word_1_109' title='bbox 149 1278 264 1331; x_wconf 85' lang='grc' dir='ltr'>χανὴν</span> <span class='ocrx_word' id='word_1_110' title='bbox 293 1278 378 1333; x_wconf 86' lang='grc' dir='ltr'>ἄρας</span> <span class='ocrx_word' id='word_1_111' title='bbox 396 1277 456 1318; x_wconf 77' lang='grc' dir='ltr'>καὶ</span> <span class='ocrx_word' id='word_1_112' title='bbox 475 1278 686 1331; x_wconf 87' lang='grc' dir='ltr'>προαγαγὼν</span> <span class='ocrx_word' id='word_1_113' title='bbox 705 1278 862 1318; x_wconf 80' lang='grc' dir='ltr'>Νεοκλέα</span> <span class='ocrx_word' id='word_1_114' title='bbox 882 1278 960 1317; x_wconf 86' lang='grc' dir='ltr'>τινὰ</span> <span class='ocrx_word' id='word_1_115' title='bbox 981 1278 1042 1316; x_wconf 81' lang='grc' dir='ltr'>καὶ</span> <span class='ocrx_word' id='word_1_116' title='bbox 1055 1277 1181 1330; x_wconf 79' lang='grc' dir='ltr'>Δημό-</span> 
     </span>
     <span class='ocr_line' id='line_1_19' title="bbox 147 1336 1180 1390; baseline -0.002 -13"><span class='ocrx_word' id='word_1_117' title='bbox 147 1340 263 1387; x_wconf 91' lang='grc' dir='ltr'>πολιν,</span> <span class='ocrx_word' id='word_1_118' title='bbox 273 1337 367 1382; x_wconf 79' lang='grc' dir='ltr'>υἱοὺς</span> <span class='ocrx_word' id='word_1_119' title='bbox 376 1336 670 1388; x_wconf 83' lang='grc' dir='ltr'>Θεμιστοκλέους,</span> <span class='ocrx_word' id='word_1_120' title='bbox 683 1339 803 1389; x_wconf 81' lang='grc' dir='ltr'>ἀγῶνα</span> <span class='ocrx_word' id='word_1_121' title='bbox 820 1336 983 1390; x_wconf 85' lang='grc' dir='ltr'>βούλεται</span> <span class='ocrx_word' id='word_1_122' title='bbox 1000 1342 1106 1375; x_wconf 88' lang='grc' dir='ltr'>κινεῖν</span> <span class='ocrx_word' id='word_1_123' title='bbox 1120 1336 1180 1376; x_wconf 84' lang='grc' dir='ltr'>καὶ</span> 
     </span>
     <span class='ocr_line' id='line_1_20' title="bbox 148 1396 1158 1450; baseline 0.001 -14"><span class='ocrx_word' id='word_1_124' title='bbox 148 1399 257 1442; x_wconf 84' lang='grc' dir='ltr'>πάθος</span> <span class='ocrx_word' id='word_1_125' title='bbox 270 1429 280 1446; x_wconf 93' lang='grc'>,</span> <span class='ocrx_word' id='word_1_126' title='bbox 303 1397 322 1436; x_wconf 85' lang='grc' dir='ltr'>ὃ</span> <span class='ocrx_word' id='word_1_127' title='bbox 342 1398 413 1437; x_wconf 77' lang='grc' dir='ltr'>οὐδ’</span> <span class='ocrx_word' id='word_1_128' title='bbox 431 1397 472 1437; x_wconf 84' lang='grc' dir='ltr'>ἂν</span> <span class='ocrx_word' id='word_1_129' title='bbox 487 1400 505 1437; x_wconf 87' lang='grc' dir='ltr'>ὁ</span> <span class='ocrx_word' id='word_1_130' title='bbox 518 1397 634 1450; x_wconf 88' lang='grc' dir='ltr'>τυχὼν</span> <span class='ocrx_word' id='word_1_131' title='bbox 653 1397 852 1450; x_wconf 83' lang='grc' dir='ltr'>ἀγνοήσειεν</span> <span class='ocrx_word' id='word_1_132' title='bbox 875 1396 929 1436; x_wconf 78' lang='grc' dir='ltr'>ὅτι</span> <span class='ocrx_word' id='word_1_133' title='bbox 943 1396 1158 1438; x_wconf 84' lang='grc' dir='ltr'>πέπλασται.</span> 
     </span>
    </p>

    <p class='ocr_par' dir='ltr' id='par_1_7' title="bbox 630 1463 692 1500">
     <span class='ocr_line' id='line_1_21' title="bbox 630 1463 692 1500; baseline 0 0"><span class='ocrx_word' id='word_1_134' title='bbox 630 1463 692 1500; x_wconf 89' lang='grc'>65.</span> 
     </span>
    </p>

    <p class='ocr_par' dir='ltr' id='par_1_8' title="bbox 148 1519 1189 2381">
     <span class='ocr_line' id='line_1_22' title="bbox 202 1519 1181 1573; baseline -0.001 -14"><span class='ocrx_word' id='word_1_135' title='bbox 202 1521 425 1559; x_wconf 81' lang='lat' dir='ltr'>Plutarchus</span> <span class='ocrx_word' id='word_1_136' title='bbox 459 1521 709 1559; x_wconf 90' lang='lat' dir='ltr'>Demosthen.</span> <span class='ocrx_word' id='word_1_137' title='bbox 741 1533 820 1568; x_wconf 79' lang='lat'>27:</span> <span class='ocrx_word' id='word_1_138' title='bbox 849 1519 911 1559; x_wconf 90' lang='grc' dir='ltr'>Ἐν</span> <span class='ocrx_word' id='word_1_139' title='bbox 949 1519 979 1557; x_wconf 91' lang='grc' dir='ltr'>δ’</span> <span class='ocrx_word' id='word_1_140' title='bbox 1015 1519 1181 1573; x_wconf 79' lang='grc' dir='ltr'>Ἀρκαδίᾳ</span> 
     </span>
     <span class='ocr_line' id='line_1_23' title="bbox 149 1577 1178 1632; baseline 0 -16"><span class='ocrx_word' id='word_1_141' title='bbox 149 1578 208 1616; x_wconf 81' lang='grc' dir='ltr'>καὶ</span> <span class='ocrx_word' id='word_1_142' title='bbox 227 1578 402 1632; x_wconf 88' lang='grc' dir='ltr'>λοιδορίαν</span> <span class='ocrx_word' id='word_1_143' title='bbox 421 1582 482 1617; x_wconf 73' lang='grc' dir='ltr'>τοῦ</span> <span class='ocrx_word' id='word_1_144' title='bbox 512 1577 650 1618; x_wconf 79' lang='grc' dir='ltr'>Πυθέου</span> <span class='ocrx_word' id='word_1_145' title='bbox 678 1578 738 1617; x_wconf 78' lang='grc' dir='ltr'>καὶ</span> <span class='ocrx_word' id='word_1_146' title='bbox 763 1581 823 1616; x_wconf 81' lang='grc' dir='ltr'>τοῦ</span> <span class='ocrx_word' id='word_1_147' title='bbox 844 1578 1088 1630; x_wconf 80' lang='grc' dir='ltr'>Δημοσθένους</span> <span class='ocrx_word' id='word_1_148' title='bbox 1115 1593 1178 1630; x_wconf 52' lang='grc' dir='ltr'>γεκ</span> 
     </span>
     <span class='ocr_line' id='line_1_24' title="bbox 150 1635 1181 1690; baseline 0.001 -16"><span class='ocrx_word' id='word_1_149' title='bbox 150 1635 271 1674; x_wconf 87' lang='grc' dir='ltr'>νέσθαι</span> <span class='ocrx_word' id='word_1_150' title='bbox 290 1635 375 1689; x_wconf 80' lang='grc' dir='ltr'>πρὸς</span> <span class='ocrx_word' id='word_1_151' title='bbox 395 1636 568 1684; x_wconf 81' lang='grc' dir='ltr'>ἀλλήλους</span> <span class='ocrx_word' id='word_1_152' title='bbox 581 1635 717 1690; x_wconf 85' lang='grc' dir='ltr'>εἴρηκεν</span> <span class='ocrx_word' id='word_1_153' title='bbox 736 1638 755 1674; x_wconf 78' lang='grc' dir='ltr'>ὁ</span> <span class='ocrx_word' id='word_1_154' title='bbox 773 1635 978 1690; x_wconf 75' lang='grc' dir='ltr'>Φύλαρχος,</span> <span class='ocrx_word' id='word_1_155' title='bbox 996 1637 1031 1674; x_wconf 81' lang='grc' dir='ltr'>ἐν</span> <span class='ocrx_word' id='word_1_156' title='bbox 1052 1637 1181 1684; x_wconf 81' lang='grc' dir='ltr'>ἐκκλη-</span> 
     </span>
     <span class='ocr_line' id='line_1_25' title="bbox 150 1693 1180 1750; baseline 0.001 -17"><span class='ocrx_word' id='word_1_157' title='bbox 150 1695 210 1749; x_wconf 76' lang='grc' dir='ltr'>σίᾳ</span> <span class='ocrx_word' id='word_1_158' title='bbox 227 1698 289 1734; x_wconf 73' lang='grc' dir='ltr'>τοῦ</span> <span class='ocrx_word' id='word_1_159' title='bbox 315 1694 379 1746; x_wconf 80' lang='grc' dir='ltr'>μὲν</span> <span class='ocrx_word' id='word_1_160' title='bbox 408 1694 495 1750; x_wconf 76' lang='grc' dir='ltr'>ὑπὲρ</span> <span class='ocrx_word' id='word_1_161' title='bbox 517 1697 586 1733; x_wconf 83' lang='grc' dir='ltr'>τῶν</span> <span class='ocrx_word' id='word_1_162' title='bbox 606 1693 838 1744; x_wconf 84' lang='grc' dir='ltr'>Μακεδόνων,</span> <span class='ocrx_word' id='word_1_163' title='bbox 865 1698 926 1733; x_wconf 78' lang='grc' dir='ltr'>τοῦ</span> <span class='ocrx_word' id='word_1_164' title='bbox 953 1694 984 1732; x_wconf 77' lang='grc' dir='ltr'>δ’</span> <span class='ocrx_word' id='word_1_165' title='bbox 1001 1694 1088 1750; x_wconf 79' lang='grc' dir='ltr'>ὑπὲρ</span> <span class='ocrx_word' id='word_1_166' title='bbox 1110 1698 1180 1734; x_wconf 83' lang='grc' dir='ltr'>τῶν</span> 
     </span>
     <span class='ocr_line' id='line_1_26' title="bbox 149 1752 1179 1805; baseline 0 -13"><span class='ocrx_word' id='word_1_167' title='bbox 149 1753 332 1800; x_wconf 85' lang='grc' dir='ltr'>Ἑλλήνων</span> <span class='ocrx_word' id='word_1_168' title='bbox 352 1752 524 1805; x_wconf 87' lang='grc' dir='ltr'>λέγοντος.</span> <span class='ocrx_word' id='word_1_169' title='bbox 546 1752 697 1805; x_wconf 87' lang='grc' dir='ltr'>Λέγεται</span> <span class='ocrx_word' id='word_1_170' title='bbox 725 1752 761 1792; x_wconf 85' lang='grc' dir='ltr'>δὲ</span> <span class='ocrx_word' id='word_1_171' title='bbox 781 1753 838 1792; x_wconf 82' lang='grc' dir='ltr'>τὸν</span> <span class='ocrx_word' id='word_1_172' title='bbox 867 1752 931 1804; x_wconf 85' lang='grc' dir='ltr'>μὲν</span> <span class='ocrx_word' id='word_1_173' title='bbox 964 1752 1104 1792; x_wconf 83' lang='grc' dir='ltr'>Πυθέαν</span> <span class='ocrx_word' id='word_1_174' title='bbox 1125 1755 1179 1792; x_wconf 83' lang='grc' dir='ltr'>εἷ-</span> 
     </span>
     <span class='ocr_line' id='line_1_27' title="bbox 148 1810 1182 1866; baseline -0.001 -16"><span class='ocrx_word' id='word_1_175' title='bbox 148 1818 245 1861; x_wconf 87' lang='grc' dir='ltr'>πεῖν,</span> <span class='ocrx_word' id='word_1_176' title='bbox 274 1811 348 1860; x_wconf 76' lang='grc' dir='ltr'>ὅτι,</span> <span class='ocrx_word' id='word_1_177' title='bbox 375 1811 533 1866; x_wconf 90' lang='grc' dir='ltr'>καθάπερ</span> <span class='ocrx_word' id='word_1_178' title='bbox 564 1811 676 1850; x_wconf 78' lang='grc' dir='ltr'>οἰκίαν</span> <span class='ocrx_word' id='word_1_179' title='bbox 706 1813 752 1855; x_wconf 81' lang='grc' dir='ltr'>εἷς</span> <span class='ocrx_word' id='word_1_180' title='bbox 780 1811 822 1858; x_wconf 77' lang='grc' dir='ltr'>ἣν</span> <span class='ocrx_word' id='word_1_181' title='bbox 849 1811 959 1850; x_wconf 81' lang='grc' dir='ltr'>ὄνειον</span> <span class='ocrx_word' id='word_1_182' title='bbox 986 1810 1182 1865; x_wconf 80' lang='grc' dir='ltr'>εἰσφέρεται</span> 
     </span>
     <span class='ocr_line' id='line_1_28' title="bbox 153 1869 1181 1923; baseline -0.001 -14"><span class='ocrx_word' id='word_1_183' title='bbox 153 1871 246 1923; x_wconf 84' lang='grc' dir='ltr'>γάλα</span> <span class='ocrx_word' id='word_1_184' title='bbox 266 1872 374 1909; x_wconf 83' lang='grc' dir='ltr'>κακόν</span> <span class='ocrx_word' id='word_1_185' title='bbox 395 1886 430 1909; x_wconf 89' lang='grc' dir='ltr'>τι</span> <span class='ocrx_word' id='word_1_186' title='bbox 446 1870 586 1914; x_wconf 84' lang='grc' dir='ltr'>πάντως</span> <span class='ocrx_word' id='word_1_187' title='bbox 603 1870 696 1922; x_wconf 81' lang='grc' dir='ltr'>ἔχειν</span> <span class='ocrx_word' id='word_1_188' title='bbox 716 1869 1018 1921; x_wconf 78' lang='grc' dir='ltr'>νομίζομεν,οὕτω</span> <span class='ocrx_word' id='word_1_189' title='bbox 1036 1870 1096 1908; x_wconf 78' lang='grc' dir='ltr'>καὶ</span> <span class='ocrx_word' id='word_1_190' title='bbox 1112 1869 1181 1908; x_wconf 91' lang='grc' dir='ltr'>πό-</span> 
     </span>
     <span class='ocr_line' id='line_1_29' title="bbox 149 1928 1184 1983; baseline 0 -16"><span class='ocrx_word' id='word_1_191' title='bbox 149 1931 204 1967; x_wconf 89' lang='grc' dir='ltr'>λιν</span> <span class='ocrx_word' id='word_1_192' title='bbox 229 1929 366 1980; x_wconf 82' lang='grc' dir='ltr'>ἀνάγκη</span> <span class='ocrx_word' id='word_1_193' title='bbox 386 1935 513 1976; x_wconf 83' lang='grc' dir='ltr'>νοσεῖν,</span> <span class='ocrx_word' id='word_1_194' title='bbox 541 1932 588 1973; x_wconf 84' lang='grc' dir='ltr'>εἷς</span> <span class='ocrx_word' id='word_1_195' title='bbox 606 1929 649 1976; x_wconf 86' lang='grc' dir='ltr'>ἣν</span> <span class='ocrx_word' id='word_1_196' title='bbox 669 1928 859 1976; x_wconf 86' lang='grc' dir='ltr'>Ἀθηναίων</span> <span class='ocrx_word' id='word_1_197' title='bbox 880 1928 1049 1983; x_wconf 74' lang='grc' dir='ltr'>πρεσὸεία</span> <span class='ocrx_word' id='word_1_198' title='bbox 1069 1945 1184 1983; x_wconf 87' lang='grc' dir='ltr'>παρα-</span> 
     </span>
     <span class='ocr_line' id='line_1_30' title="bbox 151 1987 1184 2041; baseline 0 -15"><span class='ocrx_word' id='word_1_199' title='bbox 151 1987 305 2038; x_wconf 87' lang='grc' dir='ltr'>γίνεται·</span> <span class='ocrx_word' id='word_1_200' title='bbox 329 1988 387 2027; x_wconf 84' lang='grc' dir='ltr'>τὸν</span> <span class='ocrx_word' id='word_1_201' title='bbox 416 1987 452 2026; x_wconf 83' lang='grc' dir='ltr'>δὲ</span> <span class='ocrx_word' id='word_1_202' title='bbox 481 1987 690 2039; x_wconf 86' lang='grc' dir='ltr'>Δημοσθένη</span> <span class='ocrx_word' id='word_1_203' title='bbox 723 1987 871 2041; x_wconf 81' lang='grc' dir='ltr'>στρέψαι</span> <span class='ocrx_word' id='word_1_204' title='bbox 891 1987 929 2027; x_wconf 87' lang='grc' dir='ltr'>τὸ</span> <span class='ocrx_word' id='word_1_205' title='bbox 957 1987 1184 2041; x_wconf 89' lang='grc' dir='ltr'>παράδειγμα</span> 
     </span>
     <span class='ocr_line' id='line_1_31' title="bbox 156 2045 1186 2100; baseline 0.001 -16"><span class='ocrx_word' id='word_1_206' title='bbox 156 2046 319 2100; x_wconf 79' lang='grc' dir='ltr'>φήσαντα</span> <span class='ocrx_word' id='word_1_207' title='bbox 331 2076 341 2094; x_wconf 87' lang='grc'>,</span> <span class='ocrx_word' id='word_1_208' title='bbox 361 2046 422 2085; x_wconf 70' lang='grc' dir='ltr'>καὶ</span> <span class='ocrx_word' id='word_1_209' title='bbox 441 2046 481 2085; x_wconf 80' lang='grc' dir='ltr'>τὸ</span> <span class='ocrx_word' id='word_1_210' title='bbox 499 2047 593 2098; x_wconf 88' lang='grc' dir='ltr'>γάλα</span> <span class='ocrx_word' id='word_1_211' title='bbox 611 2046 650 2085; x_wconf 84' lang='grc' dir='ltr'>τὸ</span> <span class='ocrx_word' id='word_1_212' title='bbox 668 2046 777 2085; x_wconf 83' lang='grc' dir='ltr'>ὄνειον</span> <span class='ocrx_word' id='word_1_213' title='bbox 807 2046 860 2100; x_wconf 81' lang='grc' dir='ltr'>ἐφ’</span> <span class='ocrx_word' id='word_1_214' title='bbox 881 2046 994 2100; x_wconf 69' lang='grc' dir='ltr'>ὑγεία,</span> <span class='ocrx_word' id='word_1_215' title='bbox 1027 2046 1088 2085; x_wconf 82' lang='grc' dir='ltr'>καὶ</span> <span class='ocrx_word' id='word_1_216' title='bbox 1106 2045 1186 2090; x_wconf 75' lang='grc' dir='ltr'>τοὺς</span> 
     </span>
     <span class='ocr_line' id='line_1_32' title="bbox 155 2105 1186 2159; baseline 0 -15"><span class='ocrx_word' id='word_1_217' title='bbox 155 2105 356 2153; x_wconf 83' lang='grc' dir='ltr'>Ἀθηναίους</span> <span class='ocrx_word' id='word_1_218' title='bbox 384 2105 637 2159; x_wconf 89' lang='grc' dir='ltr'>παραγίνεσθαι</span> <span class='ocrx_word' id='word_1_219' title='bbox 669 2105 726 2144; x_wconf 83' lang='grc' dir='ltr'>ἐπὶ</span> <span class='ocrx_word' id='word_1_220' title='bbox 759 2105 918 2159; x_wconf 73' lang='grc' dir='ltr'>σωτηρίᾳ</span> <span class='ocrx_word' id='word_1_221' title='bbox 942 2108 1011 2144; x_wconf 83' lang='grc' dir='ltr'>τῶν</span> <span class='ocrx_word' id='word_1_222' title='bbox 1041 2105 1186 2144; x_wconf 86' lang='grc' dir='ltr'>νοσούν-</span> 
     </span>
     <span class='ocr_line' id='line_1_33' title="bbox 150 2165 1185 2216; baseline 0.002 -14"><span class='ocrx_word' id='word_1_223' title='bbox 150 2180 232 2203; x_wconf 89' lang='grc' dir='ltr'>των.</span> <span class='ocrx_word' id='word_1_224' title='bbox 253 2165 427 2204; x_wconf 91' lang='lat' dir='ltr'>«Cadunt</span> <span class='ocrx_word' id='word_1_225' title='bbox 459 2166 536 2203; x_wconf 80' lang='lat' dir='ltr'>hoec</span> <span class='ocrx_word' id='word_1_226' title='bbox 572 2166 610 2203; x_wconf 88' lang='lat' dir='ltr'>in</span> <span class='ocrx_word' id='word_1_227' title='bbox 639 2179 781 2203; x_wconf 89' lang='lat' dir='ltr'>annum</span> <span class='ocrx_word' id='word_1_228' title='bbox 812 2165 980 2216; x_wconf 91' lang='lat' dir='ltr'>primum</span> <span class='ocrx_word' id='word_1_229' title='bbox 1008 2165 1058 2203; x_wconf 91' lang='lat' dir='ltr'>ol.</span> <span class='ocrx_word' id='word_1_230' title='bbox 1099 2171 1185 2212; x_wconf 83' lang='lat'>114,</span> 
     </span>
     <span class='ocr_line' id='line_1_34' title="bbox 152 2223 1187 2274; baseline 0.002 -14"><span class='ocrx_word' id='word_1_231' title='bbox 152 2237 272 2274; x_wconf 84' lang='lat' dir='ltr'>quum</span> <span class='ocrx_word' id='word_1_232' title='bbox 294 2224 593 2271; x_wconf 85' lang='lat' dir='ltr'>Demosthenes,</span> <span class='ocrx_word' id='word_1_233' title='bbox 618 2225 755 2262; x_wconf 89' lang='lat' dir='ltr'>nuntio</span> <span class='ocrx_word' id='word_1_234' title='bbox 771 2223 818 2262; x_wconf 92' lang='lat' dir='ltr'>de</span> <span class='ocrx_word' id='word_1_235' title='bbox 839 2233 963 2262; x_wconf 86' lang='lat' dir='ltr'>morte</span> <span class='ocrx_word' id='word_1_236' title='bbox 978 2224 1187 2262; x_wconf 83' lang='lat' dir='ltr'>Alexandri</span> 
     </span>
     <span class='ocr_line' id='line_1_35' title="bbox 150 2283 1189 2335; baseline 0.001 -14"><span class='ocrx_word' id='word_1_237' title='bbox 150 2283 284 2332; x_wconf 87' lang='lat' dir='ltr'>allato,</span> <span class='ocrx_word' id='word_1_238' title='bbox 304 2284 439 2335; x_wconf 87' lang='lat' dir='ltr'>legatis</span> <span class='ocrx_word' id='word_1_239' title='bbox 458 2284 767 2331; x_wconf 85' lang='lat' dir='ltr'>Atheniensium,</span> <span class='ocrx_word' id='word_1_240' title='bbox 785 2284 852 2335; x_wconf 89' lang='lat' dir='ltr'>qui</span> <span class='ocrx_word' id='word_1_241' title='bbox 879 2288 1029 2322; x_wconf 87' lang='lat' dir='ltr'>Graecas</span> <span class='ocrx_word' id='word_1_242' title='bbox 1051 2285 1189 2323; x_wconf 86' lang='lat' dir='ltr'>civita—</span> 
     </span>
     <span class='ocr_line' id='line_1_36' title="bbox 152 2342 1188 2381; baseline 0.002 -2"><span class='ocrx_word' id='word_1_243' title='bbox 152 2350 207 2380; x_wconf 84' lang='lat' dir='ltr'>tes</span> <span class='ocrx_word' id='word_1_244' title='bbox 233 2342 395 2380; x_wconf 88' lang='lat' dir='ltr'>obibant</span> <span class='ocrx_word' id='word_1_245' title='bbox 420 2351 458 2380; x_wconf 92' lang='lat' dir='ltr'>et</span> <span class='ocrx_word' id='word_1_246' title='bbox 488 2355 594 2380; x_wconf 87' lang='lat' dir='ltr'>arma</span> <span class='ocrx_word' id='word_1_247' title='bbox 624 2351 757 2381; x_wconf 89' lang='lat' dir='ltr'>contra</span> <span class='ocrx_word' id='word_1_248' title='bbox 785 2343 1013 2381; x_wconf 85' lang='lat' dir='ltr'>Macedones</span> <span class='ocrx_word' id='word_1_249' title='bbox 1037 2356 1188 2381; x_wconf 86' lang='lat' dir='ltr'>sumere</span> 
     </span>
    </p>
   </div>
   <div class='ocr_carea' id='block_1_4' title="bbox 640 2459 705 2494">
    <p class='ocr_par' dir='ltr' id='par_1_9' title="bbox 640 2459 705 2494">
     <span class='ocr_line' id='line_1_37' title="bbox 640 2459 705 2494; baseline 0.031 -2"><span class='ocrx_word' id='word_1_250' title='bbox 640 2459 705 2494; x_wconf 86' lang='lat'>63.</span> 
     </span>
    </p>
   </div>
   <div class='ocr_carea' id='block_1_5' title="bbox 154 2517 1186 2698">
    <p class='ocr_par' dir='ltr' id='par_1_10' title="bbox 154 2517 1186 2644">
     <span class='ocr_line' id='line_1_38' title="bbox 196 2517 1185 2558; baseline 0 -9"><span class='ocrx_word' id='word_1_251' title='bbox 196 2517 396 2558; x_wconf 78' lang='lat' dir='ltr'>Phylarchus</span> <span class='ocrx_word' id='word_1_252' title='bbox 423 2517 641 2549; x_wconf 87' lang='lat' dir='ltr'>communiter</span> <span class='ocrx_word' id='word_1_253' title='bbox 674 2525 788 2549; x_wconf 91' lang='lat' dir='ltr'>omnes</span> <span class='ocrx_word' id='word_1_254' title='bbox 807 2518 963 2557; x_wconf 77' lang='lat' dir='ltr'>Graecos,</span> <span class='ocrx_word' id='word_1_255' title='bbox 994 2518 1185 2558; x_wconf 85' lang='lat' dir='ltr'>priusquam</span> 
     </span>
     <span class='ocr_line' id='line_1_39' title="bbox 154 2563 1186 2603; baseline -0.001 -6"><span class='ocrx_word' id='word_1_256' title='bbox 154 2567 186 2597; x_wconf 89' lang='lat' dir='ltr'>in</span> <span class='ocrx_word' id='word_1_257' title='bbox 211 2564 329 2596; x_wconf 87' lang='lat' dir='ltr'>bellum</span> <span class='ocrx_word' id='word_1_258' title='bbox 347 2563 490 2603; x_wconf 85' lang='lat' dir='ltr'>exirent,</span> <span class='ocrx_word' id='word_1_259' title='bbox 521 2564 699 2596; x_wconf 81' lang='lat' dir='ltr'>sacrificare</span> <span class='ocrx_word' id='word_1_260' title='bbox 728 2563 891 2597; x_wconf 91' lang='lat' dir='ltr'>hominem</span> <span class='ocrx_word' id='word_1_261' title='bbox 926 2564 1024 2597; x_wconf 80' lang='lat' dir='ltr'>tradit</span> <span class='ocrx_word' id='word_1_262' title='bbox 1053 2573 1186 2597; x_wconf 91' lang='lat' dir='ltr'>consue·</span> 
     </span>
     <span class='ocr_line' id='line_1_40' title="bbox 156 2613 253 2644; baseline -0.01 0"><span class='ocrx_word' id='word_1_263' title='bbox 156 2613 253 2644; x_wconf 81' lang='lat' dir='ltr'>visse.</span> 
     </span>
    </p>

    <p class='ocr_par' dir='ltr' id='par_1_11' title="bbox 639 2665 702 2698">
     <span class='ocr_line' id='line_1_41' title="bbox 639 2665 702 2698; baseline 0.016 -1"><span class='ocrx_word' id='word_1_264' title='bbox 639 2665 702 2698; x_wconf 82' lang='lat'>64.</span> 
     </span>
    </p>
   </div>
   <div class='ocr_carea' id='block_1_6' title="bbox 156 2716 1189 3086">
    <p class='ocr_par' dir='ltr' id='par_1_12' title="bbox 156 2716 1189 3086">
     <span class='ocr_line' id='line_1_42' title="bbox 197 2716 1187 2758; baseline 0.001 -9"><span class='ocrx_word' id='word_1_265' title='bbox 197 2719 245 2750; x_wconf 94' lang='lat' dir='ltr'>De</span> <span class='ocrx_word' id='word_1_266' title='bbox 260 2716 406 2757; x_wconf 88' lang='lat' dir='ltr'>reliquiis</span> <span class='ocrx_word' id='word_1_267' title='bbox 421 2716 672 2758; x_wconf 81' lang='lat' dir='ltr'>(Themistoclis)</span> <span class='ocrx_word' id='word_1_268' title='bbox 686 2726 751 2748; x_wconf 91' lang='lat' dir='ltr'>non</span> <span class='ocrx_word' id='word_1_269' title='bbox 765 2720 814 2749; x_wconf 90' lang='lat' dir='ltr'>est</span> <span class='ocrx_word' id='word_1_270' title='bbox 824 2717 973 2749; x_wconf 87' lang='lat' dir='ltr'>addenda</span> <span class='ocrx_word' id='word_1_271' title='bbox 985 2716 1066 2750; x_wconf 87' lang='lat' dir='ltr'>fides</span> <span class='ocrx_word' id='word_1_272' title='bbox 1080 2718 1187 2750; x_wconf 80' lang='lat' dir='ltr'>Ando-</span> 
     </span>
     <span class='ocr_line' id='line_1_43' title="bbox 157 2763 1187 2805; baseline 0 -9"><span class='ocrx_word' id='word_1_273' title='bbox 157 2765 233 2804; x_wconf 71' lang='lat' dir='ltr'>cidi,</span> <span class='ocrx_word' id='word_1_274' title='bbox 249 2764 303 2805; x_wconf 90' lang='lat' dir='ltr'>qui</span> <span class='ocrx_word' id='word_1_275' title='bbox 322 2764 354 2795; x_wconf 91' lang='lat' dir='ltr'>in</span> <span class='ocrx_word' id='word_1_276' title='bbox 367 2764 450 2796; x_wconf 92' lang='lat' dir='ltr'>libro</span> <span class='ocrx_word' id='word_1_277' title='bbox 464 2763 504 2795; x_wconf 88' lang='lat' dir='ltr'>ad</span> <span class='ocrx_word' id='word_1_278' title='bbox 518 2764 642 2796; x_wconf 88' lang='lat' dir='ltr'>amicos</span> <span class='ocrx_word' id='word_1_279' title='bbox 659 2764 772 2796; x_wconf 87' lang='lat' dir='ltr'>scribit</span> <span class='ocrx_word' id='word_1_280' title='bbox 786 2764 1020 2805; x_wconf 80' lang='lat' dir='ltr'>pei-vestigasse</span> <span class='ocrx_word' id='word_1_281' title='bbox 1036 2765 1187 2805; x_wconf 84' lang='lat' dir='ltr'>reliquias</span> 
     </span>
     <span class='ocr_line' id='line_1_44' title="bbox 156 2811 1187 2852; baseline 0 -9"><span class='ocrx_word' id='word_1_282' title='bbox 156 2813 226 2851; x_wconf 84' lang='lat' dir='ltr'>ejus</span> <span class='ocrx_word' id='word_1_283' title='bbox 245 2813 277 2843; x_wconf 85' lang='lat' dir='ltr'>et</span> <span class='ocrx_word' id='word_1_284' title='bbox 303 2811 478 2852; x_wconf 80' lang='lat' dir='ltr'>dissipasse</span> <span class='ocrx_word' id='word_1_285' title='bbox 504 2811 729 2843; x_wconf 80' lang='lat' dir='ltr'>Athenienses.</span> <span class='ocrx_word' id='word_1_286' title='bbox 754 2811 909 2843; x_wconf 84' lang='lat' dir='ltr'>Mentitur</span> <span class='ocrx_word' id='word_1_287' title='bbox 932 2811 1020 2844; x_wconf 80' lang='lat' dir='ltr'>enim</span> <span class='ocrx_word' id='word_1_288' title='bbox 1039 2811 1073 2843; x_wconf 91' lang='lat' dir='ltr'>id</span> <span class='ocrx_word' id='word_1_289' title='bbox 1083 2835 1093 2851; x_wconf 91' lang='lat'>‚</span> <span class='ocrx_word' id='word_1_290' title='bbox 1121 2821 1187 2852; x_wconf 87' lang='lat' dir='ltr'>quo</span> 
     </span>
     <span class='ocr_line' id='line_1_45' title="bbox 158 2857 1188 2900; baseline 0.001 -11"><span class='ocrx_word' id='word_1_291' title='bbox 158 2858 339 2899; x_wconf 81' lang='lat' dir='ltr'>principum</span> <span class='ocrx_word' id='word_1_292' title='bbox 357 2857 530 2890; x_wconf 81' lang='lat' dir='ltr'>factionem</span> <span class='ocrx_word' id='word_1_293' title='bbox 543 2858 694 2890; x_wconf 86' lang='lat' dir='ltr'>incendat</span> <span class='ocrx_word' id='word_1_294' title='bbox 705 2858 739 2890; x_wconf 90' lang='lat' dir='ltr'>in</span> <span class='ocrx_word' id='word_1_295' title='bbox 753 2858 920 2900; x_wconf 87' lang='lat' dir='ltr'>populum.</span> <span class='ocrx_word' id='word_1_296' title='bbox 937 2861 979 2890; x_wconf 88' lang='lat' dir='ltr'>At</span> <span class='ocrx_word' id='word_1_297' title='bbox 989 2859 1188 2900; x_wconf 82' lang='lat' dir='ltr'>Phylarchus</span> 
     </span>
     <span class='ocr_line' id='line_1_46' title="bbox 160 2904 1186 2946; baseline 0.002 -11"><span class='ocrx_word' id='word_1_298' title='bbox 160 2904 253 2944; x_wconf 83' lang='lat' dir='ltr'>quasi</span> <span class='ocrx_word' id='word_1_299' title='bbox 271 2905 303 2935; x_wconf 89' lang='lat' dir='ltr'>in</span> <span class='ocrx_word' id='word_1_300' title='bbox 323 2904 477 2945; x_wconf 78' lang='lat' dir='ltr'>tragoedia</span> <span class='ocrx_word' id='word_1_301' title='bbox 488 2905 634 2937; x_wconf 88' lang='lat' dir='ltr'>excitans</span> <span class='ocrx_word' id='word_1_302' title='bbox 648 2905 844 2945; x_wconf 82' lang='lat' dir='ltr'>machinam,</span> <span class='ocrx_word' id='word_1_303' title='bbox 859 2905 1009 2938; x_wconf 88' lang='lat' dir='ltr'>Neoclem</span> <span class='ocrx_word' id='word_1_304' title='bbox 1025 2906 1186 2946; x_wconf 85' lang='lat' dir='ltr'>quendam</span> 
     </span>
     <span class='ocr_line' id='line_1_47' title="bbox 161 2951 1189 2993; baseline 0.003 -12"><span class='ocrx_word' id='word_1_305' title='bbox 161 2960 197 2981; x_wconf 85' lang='lat' dir='ltr'>ac</span> <span class='ocrx_word' id='word_1_306' title='bbox 214 2951 416 2992; x_wconf 81' lang='lat' dir='ltr'>Deniopolin,</span> <span class='ocrx_word' id='word_1_307' title='bbox 432 2951 658 2984; x_wconf 89' lang='lat' dir='ltr'>Themistoclis</span> <span class='ocrx_word' id='word_1_308' title='bbox 668 2951 762 2991; x_wconf 83' lang='lat' dir='ltr'>tilios,</span> <span class='ocrx_word' id='word_1_309' title='bbox 782 2952 919 2988; x_wconf 85' lang='lat' dir='ltr'>inducit,</span> <span class='ocrx_word' id='word_1_310' title='bbox 938 2960 1042 2993; x_wconf 87' lang='lat' dir='ltr'>eoque</span> <span class='ocrx_word' id='word_1_311' title='bbox 1058 2960 1189 2984; x_wconf 89' lang='lat' dir='ltr'>movere</span> 
     </span>
     <span class='ocr_line' id='line_1_48' title="bbox 160 2998 1189 3040; baseline 0.004 -12"><span class='ocrx_word' id='word_1_312' title='bbox 160 2998 286 3029; x_wconf 87' lang='lat' dir='ltr'>animos</span> <span class='ocrx_word' id='word_1_313' title='bbox 299 3000 331 3030; x_wconf 87' lang='lat' dir='ltr'>et</span> <span class='ocrx_word' id='word_1_314' title='bbox 347 2998 482 3031; x_wconf 84' lang='lat' dir='ltr'>incitare</span> <span class='ocrx_word' id='word_1_315' title='bbox 497 2998 632 3040; x_wconf 86' lang='lat' dir='ltr'>nititur,</span> <span class='ocrx_word' id='word_1_316' title='bbox 658 2999 747 3040; x_wconf 89' lang='lat' dir='ltr'>quod</span> <span class='ocrx_word' id='word_1_317' title='bbox 762 3008 858 3032; x_wconf 88' lang='lat' dir='ltr'>nemo</span> <span class='ocrx_word' id='word_1_318' title='bbox 882 3002 932 3032; x_wconf 84' lang='lat' dir='ltr'>est</span> <span class='ocrx_word' id='word_1_319' title='bbox 946 3002 1014 3032; x_wconf 84' lang='lat' dir='ltr'>tam</span> <span class='ocrx_word' id='word_1_320' title='bbox 1037 2999 1189 3032; x_wconf 79' lang='lat' dir='ltr'>indoctus</span> 
     </span>
     <span class='ocr_line' id='line_1_49' title="bbox 160 3044 578 3086; baseline 0.01 -12"><span class='ocrx_word' id='word_1_321' title='bbox 160 3045 216 3083; x_wconf 86' lang='lat' dir='ltr'>qui</span> <span class='ocrx_word' id='word_1_322' title='bbox 230 3044 341 3076; x_wconf 82' lang='lat' dir='ltr'>fictum</span> <span class='ocrx_word' id='word_1_323' title='bbox 358 3054 428 3077; x_wconf 89' lang='lat' dir='ltr'>esse</span> <span class='ocrx_word' id='word_1_324' title='bbox 443 3046 578 3086; x_wconf 78' lang='lat' dir='ltr'>ignoret.</span> 
     </span>
    </p>
   </div>
   <div class='ocr_carea' id='block_1_7' title="bbox 163 3149 1190 3428">
    <p class='ocr_par' dir='ltr' id='par_1_13' title="bbox 163 3149 1190 3428">
     <span class='ocr_line' id='line_1_50' title="bbox 203 3149 1189 3195; baseline 0.006 -16"><span class='ocrx_word' id='word_1_325' title='bbox 203 3150 239 3179; x_wconf 86' lang='lat' dir='ltr'>In</span> <span class='ocrx_word' id='word_1_326' title='bbox 256 3149 392 3181; x_wconf 84' lang='lat' dir='ltr'>Arcadia</span> <span class='ocrx_word' id='word_1_327' title='bbox 408 3151 562 3191; x_wconf 83' lang='lat' dir='ltr'>Pytheam</span> <span class='ocrx_word' id='word_1_328' title='bbox 575 3154 608 3184; x_wconf 85' lang='lat' dir='ltr'>et</span> <span class='ocrx_word' id='word_1_329' title='bbox 621 3153 871 3186; x_wconf 88' lang='lat' dir='ltr'>Demosthenem</span> <span class='ocrx_word' id='word_1_330' title='bbox 887 3156 1044 3186; x_wconf 88' lang='lat' dir='ltr'>memorat</span> <span class='ocrx_word' id='word_1_331' title='bbox 1060 3154 1189 3195; x_wconf 87' lang='lat' dir='ltr'>Phylar-</span> 
     </span>
     <span class='ocr_line' id='line_1_51' title="bbox 163 3194 1190 3242; baseline 0.01 -19"><span class='ocrx_word' id='word_1_332' title='bbox 163 3194 257 3233; x_wconf 83' lang='lat' dir='ltr'>chus,</span> <span class='ocrx_word' id='word_1_333' title='bbox 275 3195 353 3226; x_wconf 88' lang='lat' dir='ltr'>dum</span> <span class='ocrx_word' id='word_1_334' title='bbox 367 3196 418 3227; x_wconf 91' lang='lat' dir='ltr'>hic</span> <span class='ocrx_word' id='word_1_335' title='bbox 431 3206 490 3237; x_wconf 90' lang='lat' dir='ltr'>pro</span> <span class='ocrx_word' id='word_1_336' title='bbox 505 3199 637 3238; x_wconf 64' lang='lat' dir='ltr'>Graecis»,</span> <span class='ocrx_word' id='word_1_337' title='bbox 656 3199 709 3232; x_wconf 93' lang='lat' dir='ltr'>ille</span> <span class='ocrx_word' id='word_1_338' title='bbox 730 3200 830 3232; x_wconf 87' lang='lat' dir='ltr'>verha</span> <span class='ocrx_word' id='word_1_339' title='bbox 845 3200 920 3232; x_wconf 75' lang='lat' dir='ltr'>fecit</span> <span class='ocrx_word' id='word_1_340' title='bbox 935 3209 994 3242; x_wconf 83' lang='lat' dir='ltr'>pro</span> <span class='ocrx_word' id='word_1_341' title='bbox 1007 3201 1190 3233; x_wconf 85' lang='lat' dir='ltr'>Macedoni-</span> 
     </span>
     <span class='ocr_line' id='line_1_52' title="bbox 167 3240 1190 3285; baseline 0.01 -15"><span class='ocrx_word' id='word_1_342' title='bbox 167 3240 230 3272; x_wconf 81' lang='lat' dir='ltr'>bus</span> <span class='ocrx_word' id='word_1_343' title='bbox 240 3264 248 3279; x_wconf 95' lang='lat'>,</span> <span class='ocrx_word' id='word_1_344' title='bbox 276 3241 317 3272; x_wconf 88' lang='lat' dir='ltr'>ad</span> <span class='ocrx_word' id='word_1_345' title='bbox 336 3244 453 3275; x_wconf 89' lang='lat' dir='ltr'>mutua</span> <span class='ocrx_word' id='word_1_346' title='bbox 479 3253 664 3285; x_wconf 84' lang='lat' dir='ltr'>progressos</span> <span class='ocrx_word' id='word_1_347' title='bbox 690 3247 833 3280; x_wconf 84' lang='lat' dir='ltr'>convitia</span> <span class='ocrx_word' id='word_1_348' title='bbox 857 3247 968 3280; x_wconf 76' lang='lat' dir='ltr'>ruisse.</span> <span class='ocrx_word' id='word_1_349' title='bbox 998 3248 1190 3281; x_wconf 82' lang='lat' dir='ltr'>Perhibetur</span> 
     </span>
     <span class='ocr_line' id='line_1_53' title="bbox 164 3287 1190 3334; baseline 0.011 -17"><span class='ocrx_word' id='word_1_350' title='bbox 164 3287 301 3326; x_wconf 86' lang='lat' dir='ltr'>Pytheas</span> <span class='ocrx_word' id='word_1_351' title='bbox 312 3287 442 3328; x_wconf 87' lang='lat' dir='ltr'>dixisse,</span> <span class='ocrx_word' id='word_1_352' title='bbox 457 3292 501 3322; x_wconf 90' lang='lat' dir='ltr'>Ut</span> <span class='ocrx_word' id='word_1_353' title='bbox 518 3291 662 3332; x_wconf 89' lang='lat' dir='ltr'>domum,</span> <span class='ocrx_word' id='word_1_354' title='bbox 674 3294 706 3325; x_wconf 92' lang='lat' dir='ltr'>in</span> <span class='ocrx_word' id='word_1_355' title='bbox 717 3303 813 3334; x_wconf 81' lang='lat' dir='ltr'>quani</span> <span class='ocrx_word' id='word_1_356' title='bbox 830 3295 879 3326; x_wconf 91' lang='lat' dir='ltr'>lac</span> <span class='ocrx_word' id='word_1_357' title='bbox 895 3295 1059 3327; x_wconf 87' lang='lat' dir='ltr'>asininum</span> <span class='ocrx_word' id='word_1_358' title='bbox 1076 3296 1190 3328; x_wconf 84' lang='lat' dir='ltr'>insera-</span> 
     </span>
     <span class='ocr_line' id='line_1_54' title="bbox 164 3334 1189 3382; baseline 0.013 -20"><span class='ocrx_word' id='word_1_359' title='bbox 164 3335 229 3371; x_wconf 86' lang='lat' dir='ltr'>tur,</span> <span class='ocrx_word' id='word_1_360' title='bbox 244 3334 378 3365; x_wconf 88' lang='lat' dir='ltr'>omnino</span> <span class='ocrx_word' id='word_1_361' title='bbox 396 3335 540 3369; x_wconf 87' lang='lat' dir='ltr'>laborare</span> <span class='ocrx_word' id='word_1_362' title='bbox 556 3339 663 3379; x_wconf 89' lang='lat' dir='ltr'>aliquo</span> <span class='ocrx_word' id='word_1_363' title='bbox 677 3341 792 3372; x_wconf 90' lang='lat' dir='ltr'>morbo</span> <span class='ocrx_word' id='word_1_364' title='bbox 816 3341 1032 3382; x_wconf 85' lang='lat' dir='ltr'>arbitramur;</span> <span class='ocrx_word' id='word_1_365' title='bbox 1051 3343 1095 3375; x_wconf 86' lang='lat' dir='ltr'>ita</span> <span class='ocrx_word' id='word_1_366' title='bbox 1113 3343 1189 3375; x_wconf 86' lang='lat' dir='ltr'>urbs</span> 
     </span>
     <span class='ocr_line' id='line_1_55' title="bbox 163 3380 1189 3428; baseline 0.015 -20"><span class='ocrx_word' id='word_1_367' title='bbox 163 3386 229 3409; x_wconf 86' lang='lat' dir='ltr'>non</span> <span class='ocrx_word' id='word_1_368' title='bbox 245 3387 340 3419; x_wconf 79' lang='lat' dir='ltr'>posse</span> <span class='ocrx_word' id='word_1_369' title='bbox 351 3380 416 3412; x_wconf 80' lang='lat' dir='ltr'>lieri</span> <span class='ocrx_word' id='word_1_370' title='bbox 430 3383 508 3421; x_wconf 88' lang='lat' dir='ltr'>quin</span> <span class='ocrx_word' id='word_1_371' title='bbox 522 3388 652 3423; x_wconf 78' lang='lat' dir='ltr'>aegrotet</span> <span class='ocrx_word' id='word_1_372' title='bbox 668 3395 766 3427; x_wconf 89' lang='lat' dir='ltr'>quam</span> <span class='ocrx_word' id='word_1_373' title='bbox 780 3387 895 3428; x_wconf 74' lang='lat' dir='ltr'>legatio</span> <span class='ocrx_word' id='word_1_374' title='bbox 909 3389 1003 3421; x_wconf 81' lang='lat' dir='ltr'>adeat</span> <span class='ocrx_word' id='word_1_375' title='bbox 1018 3390 1189 3423; x_wconf 86' lang='lat' dir='ltr'>Athenien-</span> 
     </span>
    </p>
   </div>
   <div class='ocr_carea' id='block_1_8' title="bbox 888 173 1550 213">
    <p class='ocr_par' dir='ltr' id='par_1_14' title="bbox 888 173 1550 213">
     <span class='ocr_line' id='line_1_56' title="bbox 888 173 1550 213; baseline 0 -1"><span class='ocrx_word' id='word_1_376' title='bbox 888 173 1185 213; x_wconf 86' lang='lat' dir='ltr'>PHYLARCHI</span> <span class='ocrx_word' id='word_1_377' title='bbox 1220 173 1550 213; x_wconf 79' lang='lat' dir='ltr'><strong>FRAGMENTA.</strong></span> 
     </span>
    </p>
   </div>
   <div class='ocr_carea' id='block_1_9' title="bbox 1236 260 2269 966">
    <p class='ocr_par' dir='ltr' id='par_1_15' title="bbox 1236 260 2266 430">
     <span class='ocr_line' id='line_1_57' title="bbox 1237 260 2266 312; baseline 0.004 -15"><span class='ocrx_word' id='word_1_378' title='bbox 1237 260 1504 309; x_wconf 83' lang='lat' dir='ltr'>hortabantur,</span> <span class='ocrx_word' id='word_1_379' title='bbox 1533 262 1634 299; x_wconf 93' lang='lat' dir='ltr'>ultro</span> <span class='ocrx_word' id='word_1_380' title='bbox 1665 261 1842 299; x_wconf 89' lang='lat' dir='ltr'>comitem</span> <span class='ocrx_word' id='word_1_381' title='bbox 1877 274 1918 299; x_wconf 90' lang='lat' dir='ltr'>se</span> <span class='ocrx_word' id='word_1_382' title='bbox 1940 260 2174 312; x_wconf 84' lang='lat' dir='ltr'>adjungeret.</span> <span class='ocrx_word' id='word_1_383' title='bbox 2209 265 2266 301; x_wconf 89' lang='lat' dir='ltr'>De</span> 
     </span>
     <span class='ocr_line' id='line_1_58' title="bbox 1236 319 2266 370; baseline 0.002 -13"><span class='ocrx_word' id='word_1_384' title='bbox 1236 319 1382 369; x_wconf 88' lang='lat' dir='ltr'>Pythea</span> <span class='ocrx_word' id='word_1_385' title='bbox 1414 334 1452 358; x_wconf 86' lang='lat' dir='ltr'>v.</span> <span class='ocrx_word' id='word_1_386' title='bbox 1478 320 1744 359; x_wconf 88' lang='lat' dir='ltr'>Wachsmuth.</span> <span class='ocrx_word' id='word_1_387' title='bbox 1772 319 1964 370; x_wconf 81' lang='lat' dir='ltr'>Antiquit.</span> <span class='ocrx_word' id='word_1_388' title='bbox 1999 321 2145 358; x_wconf 87' lang='lat' dir='ltr'>Hellen.</span> <span class='ocrx_word' id='word_1_389' title='bbox 2175 324 2266 370; x_wconf 81' lang='lat'>1,2‚</span> 
     </span>
     <span class='ocr_line' id='line_1_59' title="bbox 1237 379 1541 430; baseline -0.01 -11"><span class='ocrx_word' id='word_1_390' title='bbox 1237 391 1275 430; x_wconf 91' lang='lat' dir='ltr'>p.</span> <span class='ocrx_word' id='word_1_391' title='bbox 1293 379 1400 422; x_wconf 74' lang='grc'>413.»</span> <span class='ocrx_word' id='word_1_392' title='bbox 1412 380 1541 417; x_wconf 79' lang='lat' dir='ltr'>Lucht.</span> 
     </span>
    </p>

    <p class='ocr_par' dir='ltr' id='par_1_16' title="bbox 1717 443 1782 480">
     <span class='ocr_line' id='line_1_60' title="bbox 1717 443 1782 480; baseline 0 0"><span class='ocrx_word' id='word_1_393' title='bbox 1717 443 1782 480; x_wconf 92' lang='lat'>66.</span> 
     </span>
    </p>

    <p class='ocr_par' dir='ltr' id='par_1_17' title="bbox 1237 500 2269 966">
     <span class='ocr_line' id='line_1_61' title="bbox 1290 500 2265 555; baseline 0.003 -17"><span class='ocrx_word' id='word_1_394' title='bbox 1290 500 1516 539; x_wconf 88' lang='lat' dir='ltr'>Plutarchus</span> <span class='ocrx_word' id='word_1_395' title='bbox 1535 501 1681 541; x_wconf 89' lang='lat' dir='ltr'>Camill.</span> <span class='ocrx_word' id='word_1_396' title='bbox 1707 515 1752 552; x_wconf 84' lang='lat'>¹9</span> <span class='ocrx_word' id='word_1_397' title='bbox 1772 517 1780 539; x_wconf 95' lang='lat'><strong>:</strong></span> <span class='ocrx_word' id='word_1_398' title='bbox 1798 500 1973 553; x_wconf 81' lang='grc' dir='ltr'>Ἐνήνοχε</span> <span class='ocrx_word' id='word_1_399' title='bbox 1994 500 2032 540; x_wconf 87' lang='grc' dir='ltr'>δὲ</span> <span class='ocrx_word' id='word_1_400' title='bbox 2050 515 2112 539; x_wconf 85' lang='grc' dir='ltr'>και</span> <span class='ocrx_word' id='word_1_401' title='bbox 2128 514 2147 540; x_wconf 92' lang='grc' dir='ltr'>ο</span> <span class='ocrx_word' id='word_1_402' title='bbox 2164 502 2265 555; x_wconf 70' lang='lat' dir='ltr'>Qoep-</span> 
     </span>
     <span class='ocr_line' id='line_1_62' title="bbox 1237 559 2267 616; baseline 0.001 -17"><span class='ocrx_word' id='word_1_403' title='bbox 1237 559 1369 611; x_wconf 84' lang='grc' dir='ltr'>γηλιὼν</span> <span class='ocrx_word' id='word_1_404' title='bbox 1390 559 1460 612; x_wconf 86' lang='grc' dir='ltr'>μὴν</span> <span class='ocrx_word' id='word_1_405' title='bbox 1488 566 1560 605; x_wconf 86' lang='grc' dir='ltr'>τοῖς</span> <span class='ocrx_word' id='word_1_406' title='bbox 1591 561 1778 616; x_wconf 76' lang='grc' dir='ltr'>βαρὸάροις</span> <span class='ocrx_word' id='word_1_407' title='bbox 1808 561 1982 609; x_wconf 81' lang='grc' dir='ltr'>ἐπιδήλως</span> <span class='ocrx_word' id='word_1_408' title='bbox 2013 561 2176 614; x_wconf 83' lang='grc' dir='ltr'>ἀτυχίας·</span> <span class='ocrx_word' id='word_1_409' title='bbox 2206 561 2267 600; x_wconf 78' lang='grc' dir='ltr'>καὶ</span> 
     </span>
     <span class='ocr_line' id='line_1_63' title="bbox 1237 618 2267 675; baseline 0.003 -18"><span class='ocrx_word' id='word_1_410' title='bbox 1237 618 1304 673; x_wconf 81' lang='grc' dir='ltr'>γὰρ</span> <span class='ocrx_word' id='word_1_411' title='bbox 1324 618 1544 673; x_wconf 85' lang='grc' dir='ltr'>Ἀλέξανδρος</span> <span class='ocrx_word' id='word_1_412' title='bbox 1561 620 1617 659; x_wconf 83' lang='grc' dir='ltr'>ἐπὶ</span> <span class='ocrx_word' id='word_1_413' title='bbox 1637 622 1797 674; x_wconf 82' lang='grc' dir='ltr'>Γρανικῷ</span> <span class='ocrx_word' id='word_1_414' title='bbox 1814 619 1893 666; x_wconf 75' lang='grc' dir='ltr'>τοὺς</span> <span class='ocrx_word' id='word_1_415' title='bbox 1919 619 2092 673; x_wconf 87' lang='grc' dir='ltr'>βασιλέως</span> <span class='ocrx_word' id='word_1_416' title='bbox 2109 636 2267 675; x_wconf 83' lang='grc' dir='ltr'>στρατη-</span> 
     </span>
     <span class='ocr_line' id='line_1_64' title="bbox 1237 675 2267 734; baseline 0.005 -20"><span class='ocrx_word' id='word_1_417' title='bbox 1237 675 1318 728; x_wconf 79' lang='grc' dir='ltr'>γοὺς</span> <span class='ocrx_word' id='word_1_418' title='bbox 1357 678 1611 731; x_wconf 80' lang='grc' dir='ltr'>Θαργηλιῶνος</span> <span class='ocrx_word' id='word_1_419' title='bbox 1651 678 1813 727; x_wconf 83' lang='grc' dir='ltr'>ἐνίκησε,</span> <span class='ocrx_word' id='word_1_420' title='bbox 1829 678 1889 718; x_wconf 80' lang='grc' dir='ltr'>καὶ</span> <span class='ocrx_word' id='word_1_421' title='bbox 1910 679 2150 733; x_wconf 78' lang='grc' dir='ltr'>Καρχηδόνιοι</span> <span class='ocrx_word' id='word_1_422' title='bbox 2185 679 2267 734; x_wconf 77' lang='grc' dir='ltr'>περὶ</span> 
     </span>
     <span class='ocr_line' id='line_1_65' title="bbox 1239 735 2266 793; baseline 0.002 -18"><span class='ocrx_word' id='word_1_423' title='bbox 1239 735 1403 775; x_wconf 85' lang='grc' dir='ltr'>Σικελίαν</span> <span class='ocrx_word' id='word_1_424' title='bbox 1424 736 1491 776; x_wconf 79' lang='grc' dir='ltr'>ὑπὸ</span> <span class='ocrx_word' id='word_1_425' title='bbox 1518 736 1752 789; x_wconf 88' lang='grc' dir='ltr'>Τιμολέοντος</span> <span class='ocrx_word' id='word_1_426' title='bbox 1775 739 1932 785; x_wconf 81' lang='grc' dir='ltr'>ἡττῶντο</span> <span class='ocrx_word' id='word_1_427' title='bbox 1957 741 2000 792; x_wconf 77' lang='grc' dir='ltr'>τῇ</span> <span class='ocrx_word' id='word_1_428' title='bbox 2030 737 2164 792; x_wconf 76' lang='grc' dir='ltr'>ἑὸδόμῃ</span> <span class='ocrx_word' id='word_1_429' title='bbox 2185 738 2266 793; x_wconf 75' lang='grc' dir='ltr'>φθί-</span> 
     </span>
     <span class='ocr_line' id='line_1_66' title="bbox 1237 795 2268 851; baseline 0.005 -19"><span class='ocrx_word' id='word_1_430' title='bbox 1237 809 1367 843; x_wconf 81' lang='grc' dir='ltr'>νοντος,</span> <span class='ocrx_word' id='word_1_431' title='bbox 1385 795 1465 849; x_wconf 82' lang='grc' dir='ltr'>περὶ</span> <span class='ocrx_word' id='word_1_432' title='bbox 1483 795 1527 842; x_wconf 85' lang='grc' dir='ltr'>ἣν</span> <span class='ocrx_word' id='word_1_433' title='bbox 1547 797 1640 834; x_wconf 87' lang='grc' dir='ltr'>δοκεῖ</span> <span class='ocrx_word' id='word_1_434' title='bbox 1656 795 1716 834; x_wconf 75' lang='grc' dir='ltr'>καὶ</span> <span class='ocrx_word' id='word_1_435' title='bbox 1734 795 1775 835; x_wconf 83' lang='grc' dir='ltr'>τὸ</span> <span class='ocrx_word' id='word_1_436' title='bbox 1791 795 1899 836; x_wconf 85' lang='grc' dir='ltr'>Ἴλιον</span> <span class='ocrx_word' id='word_1_437' title='bbox 1918 797 2074 845; x_wconf 85' lang='grc' dir='ltr'>ἁλῶναι,</span> <span class='ocrx_word' id='word_1_438' title='bbox 2097 798 2145 841; x_wconf 81' lang='grc' dir='ltr'>ὥς</span> <span class='ocrx_word' id='word_1_439' title='bbox 2155 795 2268 851; x_wconf 79' lang='grc' dir='ltr'>Ἐφο-</span> 
     </span>
     <span class='ocr_line' id='line_1_67' title="bbox 1239 853 2269 909; baseline 0.002 -17"><span class='ocrx_word' id='word_1_440' title='bbox 1239 868 1295 906; x_wconf 90' lang='grc' dir='ltr'>ρος</span> <span class='ocrx_word' id='word_1_441' title='bbox 1321 853 1380 892; x_wconf 82' lang='grc' dir='ltr'>καὶ</span> <span class='ocrx_word' id='word_1_442' title='bbox 1401 853 1641 902; x_wconf 86' lang='grc' dir='ltr'>Καλλισθένης</span> <span class='ocrx_word' id='word_1_443' title='bbox 1671 854 1731 893; x_wconf 83' lang='grc' dir='ltr'>καὶ</span> <span class='ocrx_word' id='word_1_444' title='bbox 1762 854 1956 906; x_wconf 84' lang='grc' dir='ltr'>Δαμάστης</span> <span class='ocrx_word' id='word_1_445' title='bbox 1984 855 2044 895; x_wconf 83' lang='grc' dir='ltr'>καὶ</span> <span class='ocrx_word' id='word_1_446' title='bbox 2075 854 2269 909; x_wconf 83' lang='grc' dir='ltr'>Φύλαρχος</span> 
     </span>
     <span class='ocr_line' id='line_1_68' title="bbox 1237 912 1475 966; baseline 0.004 -16"><span class='ocrx_word' id='word_1_447' title='bbox 1237 912 1475 966; x_wconf 81' lang='grc' dir='ltr'>ἱστορήκασιν.</span> 
     </span>
    </p>
   </div>
   <div class='ocr_carea' id='block_1_10' title="bbox 1238 1040 2271 2396">
    <p class='ocr_par' dir='ltr' id='par_1_18' title="bbox 1238 1040 2269 1211">
     <span class='ocr_line' id='line_1_69' title="bbox 1290 1040 2268 1096; baseline 0.003 -17"><span class='ocrx_word' id='word_1_448' title='bbox 1290 1040 1497 1080; x_wconf 87' lang='lat' dir='ltr'>Athenaeus</span> <span class='ocrx_word' id='word_1_449' title='bbox 1530 1045 1589 1090; x_wconf 89' lang='lat'>11,</span> <span class='ocrx_word' id='word_1_450' title='bbox 1615 1056 1675 1092; x_wconf 88' lang='lat'>19,</span> <span class='ocrx_word' id='word_1_451' title='bbox 1695 1056 1733 1094; x_wconf 90' lang='lat' dir='ltr'>p.</span> <span class='ocrx_word' id='word_1_452' title='bbox 1753 1043 1816 1089; x_wconf 89' lang='grc'>43,</span> <span class='ocrx_word' id='word_1_453' title='bbox 1834 1046 1876 1081; x_wconf 93' lang='lat' dir='ltr'>F:</span> <span class='ocrx_word' id='word_1_454' title='bbox 1897 1041 2091 1095; x_wconf 86' lang='grc' dir='ltr'>Φύλαρχος</span> <span class='ocrx_word' id='word_1_455' title='bbox 2110 1042 2148 1081; x_wconf 88' lang='grc' dir='ltr'>δέ</span> <span class='ocrx_word' id='word_1_456' title='bbox 2163 1057 2268 1096; x_wconf 82' lang='grc' dir='ltr'>φησιν</span> 
     </span>
     <span class='ocr_line' id='line_1_70' title="bbox 1238 1093 2269 1155; baseline 0.004 -19"><span class='ocrx_word' id='word_1_457' title='bbox 1238 1099 1273 1136; x_wconf 81' lang='grc' dir='ltr'>ἐν</span> <span class='ocrx_word' id='word_1_458' title='bbox 1303 1099 1463 1153; x_wconf 88' lang='grc' dir='ltr'>Κλείτορι</span> <span class='ocrx_word' id='word_1_459' title='bbox 1489 1093 1578 1138; x_wconf 66' lang='grc' dir='ltr'>εἶναι</span> <span class='ocrx_word' id='word_1_460' title='bbox 1611 1099 1742 1155; x_wconf 78' lang='grc' dir='ltr'>κρήνην</span> <span class='ocrx_word' id='word_1_461' title='bbox 1776 1101 1835 1155; x_wconf 82' lang='grc' dir='ltr'>ἀφ’</span> <span class='ocrx_word' id='word_1_462' title='bbox 1865 1095 1907 1148; x_wconf 68' lang='grc' dir='ltr'>ἧς</span> <span class='ocrx_word' id='word_1_463' title='bbox 1933 1099 2012 1145; x_wconf 79' lang='grc' dir='ltr'>τοὺς</span> <span class='ocrx_word' id='word_1_464' title='bbox 2035 1100 2180 1145; x_wconf 88' lang='grc' dir='ltr'>πιόντας</span> <span class='ocrx_word' id='word_1_465' title='bbox 2205 1102 2269 1140; x_wconf 78' lang='grc' dir='ltr'>οὔκ</span> 
     </span>
     <span class='ocr_line' id='line_1_71' title="bbox 1239 1155 1839 1211; baseline 0.005 -16"><span class='ocrx_word' id='word_1_466' title='bbox 1239 1155 1425 1209; x_wconf 85' lang='grc' dir='ltr'>ἀνέχεσθαι</span> <span class='ocrx_word' id='word_1_467' title='bbox 1442 1157 1506 1206; x_wconf 84' lang='grc' dir='ltr'>τὴν</span> <span class='ocrx_word' id='word_1_468' title='bbox 1525 1161 1586 1197; x_wconf 80' lang='grc' dir='ltr'>τοῦ</span> <span class='ocrx_word' id='word_1_469' title='bbox 1604 1158 1696 1197; x_wconf 84' lang='grc' dir='ltr'>οἴνου</span> <span class='ocrx_word' id='word_1_470' title='bbox 1716 1159 1839 1211; x_wconf 84' lang='grc' dir='ltr'>ὀδμήν.</span> 
     </span>
    </p>

    <p class='ocr_par' dir='ltr' id='par_1_19' title="bbox 1238 1217 2268 1329">
     <span class='ocr_line' id='line_1_72' title="bbox 1293 1217 2268 1273; baseline 0.004 -19"><span class='ocrx_word' id='word_1_471' title='bbox 1293 1219 1380 1254; x_wconf 87' lang='lat' dir='ltr'>Haec</span> <span class='ocrx_word' id='word_1_472' title='bbox 1401 1230 1449 1254; x_wconf 85' lang='lat' dir='ltr'>ex</span> <span class='ocrx_word' id='word_1_473' title='bbox 1475 1217 1632 1269; x_wconf 86' lang='lat' dir='ltr'>Isigono</span> <span class='ocrx_word' id='word_1_474' title='bbox 1662 1218 1779 1256; x_wconf 85' lang='lat' dir='ltr'>refert</span> <span class='ocrx_word' id='word_1_475' title='bbox 1810 1219 1947 1258; x_wconf 90' lang='lat' dir='ltr'>Sotion</span> <span class='ocrx_word' id='word_1_476' title='bbox 1982 1218 2062 1273; x_wconf 83' lang='grc' dir='ltr'>περὶ</span> <span class='ocrx_word' id='word_1_477' title='bbox 2095 1220 2268 1271; x_wconf 75' lang='grc' dir='ltr'>ποταμῶν</span> 
     </span>
     <span class='ocr_line' id='line_1_73' title="bbox 1238 1274 1629 1329; baseline 0.005 -16"><span class='ocrx_word' id='word_1_478' title='bbox 1238 1274 1297 1313; x_wconf 79' lang='grc' dir='ltr'>καὶ</span> <span class='ocrx_word' id='word_1_479' title='bbox 1315 1278 1467 1329; x_wconf 85' lang='grc' dir='ltr'>κρηνῶν,</span> <span class='ocrx_word' id='word_1_480' title='bbox 1485 1290 1524 1328; x_wconf 90' lang='lat' dir='ltr'>p.</span> <span class='ocrx_word' id='word_1_481' title='bbox 1545 1279 1629 1328; x_wconf 77' lang='lat'>139.</span> 
     </span>
    </p>

    <p class='ocr_par' dir='ltr' id='par_1_20' title="bbox 1721 1341 1784 1380">
     <span class='ocr_line' id='line_1_74' title="bbox 1721 1341 1784 1380; baseline 0.016 -1"><span class='ocrx_word' id='word_1_482' title='bbox 1721 1341 1784 1380; x_wconf 89' lang='lat'>68.</span> 
     </span>
    </p>

    <p class='ocr_par' dir='ltr' id='par_1_21' title="bbox 1239 1399 2270 1866">
     <span class='ocr_line' id='line_1_75' title="bbox 1294 1399 2270 1452; baseline 0.001 -13"><span class='ocrx_word' id='word_1_483' title='bbox 1294 1400 1520 1439; x_wconf 87' lang='lat' dir='ltr'>Plutarchus</span> <span class='ocrx_word' id='word_1_484' title='bbox 1546 1401 1784 1452; x_wconf 90' lang='lat' dir='ltr'>Symposiac.</span> <span class='ocrx_word' id='word_1_485' title='bbox 1811 1404 1858 1447; x_wconf 90' lang='lat' dir='ltr'>V,</span> <span class='ocrx_word' id='word_1_486' title='bbox 1889 1415 1908 1449; x_wconf 92' lang='lat'><strong>7</strong></span> <span class='ocrx_word' id='word_1_487' title='bbox 1936 1415 1944 1438; x_wconf 96' lang='lat'><strong>:</strong></span> <span class='ocrx_word' id='word_1_488' title='bbox 1979 1399 2105 1440; x_wconf 86' lang='grc' dir='ltr'>Καίτοι</span> <span class='ocrx_word' id='word_1_489' title='bbox 2123 1399 2202 1444; x_wconf 84' lang='grc' dir='ltr'>τούς</span> <span class='ocrx_word' id='word_1_490' title='bbox 2229 1415 2270 1452; x_wconf 83' lang='grc' dir='ltr'>γε</span> 
     </span>
     <span class='ocr_line' id='line_1_76' title="bbox 1239 1456 2267 1514; baseline 0 -16"><span class='ocrx_word' id='word_1_491' title='bbox 1239 1459 1319 1514; x_wconf 81' lang='grc' dir='ltr'>περὶ</span> <span class='ocrx_word' id='word_1_492' title='bbox 1335 1457 1393 1496; x_wconf 82' lang='grc' dir='ltr'>τὸν</span> <span class='ocrx_word' id='word_1_493' title='bbox 1411 1456 1548 1498; x_wconf 87' lang='grc' dir='ltr'>Πόντον</span> <span class='ocrx_word' id='word_1_494' title='bbox 1577 1459 1756 1503; x_wconf 78' lang='grc' dir='ltr'>οἰκοῦντας</span> <span class='ocrx_word' id='word_1_495' title='bbox 1775 1459 1887 1498; x_wconf 90' lang='grc' dir='ltr'>πάλαι</span> <span class='ocrx_word' id='word_1_496' title='bbox 1916 1458 2062 1504; x_wconf 73' lang='grc' dir='ltr'>Θιὸίους</span> <span class='ocrx_word' id='word_1_497' title='bbox 2086 1474 2267 1514; x_wconf 87' lang='grc' dir='ltr'>προσαγο-</span> 
     </span>
     <span class='ocr_line' id='line_1_77' title="bbox 1241 1516 2268 1573; baseline 0.001 -16"><span class='ocrx_word' id='word_1_498' title='bbox 1241 1516 1445 1573; x_wconf 84' lang='grc' dir='ltr'>ρευομένους</span> <span class='ocrx_word' id='word_1_499' title='bbox 1458 1519 1589 1572; x_wconf 81' lang='grc' dir='ltr'>ἱστορεῖ</span> <span class='ocrx_word' id='word_1_500' title='bbox 1613 1517 1807 1572; x_wconf 85' lang='grc' dir='ltr'>Φύλαρχος</span> <span class='ocrx_word' id='word_1_501' title='bbox 1823 1519 1862 1557; x_wconf 85' lang='grc' dir='ltr'>οὗ</span> <span class='ocrx_word' id='word_1_502' title='bbox 1873 1518 2023 1563; x_wconf 86' lang='grc' dir='ltr'>παιδίοις</span> <span class='ocrx_word' id='word_1_503' title='bbox 2033 1517 2159 1570; x_wconf 90' lang='grc' dir='ltr'>μόνον,</span> <span class='ocrx_word' id='word_1_504' title='bbox 2175 1516 2268 1558; x_wconf 81' lang='grc' dir='ltr'>ἀλλὰ</span> 
     </span>
     <span class='ocr_line' id='line_1_78' title="bbox 1239 1570 2270 1632; baseline 0 -15"><span class='ocrx_word' id='word_1_505' title='bbox 1239 1578 1299 1617; x_wconf 83' lang='grc' dir='ltr'>καὶ</span> <span class='ocrx_word' id='word_1_506' title='bbox 1316 1576 1459 1621; x_wconf 87' lang='grc' dir='ltr'>τελείοις</span> <span class='ocrx_word' id='word_1_507' title='bbox 1477 1576 1650 1630; x_wconf 83' lang='grc' dir='ltr'>ὀλεθρίους</span> <span class='ocrx_word' id='word_1_508' title='bbox 1672 1570 1773 1616; x_wconf 70' lang='grc' dir='ltr'>εἶναι·</span> <span class='ocrx_word' id='word_1_509' title='bbox 1788 1577 1848 1616; x_wconf 86' lang='grc' dir='ltr'>καὶ</span> <span class='ocrx_word' id='word_1_510' title='bbox 1870 1576 1938 1632; x_wconf 78' lang='grc' dir='ltr'>γὰρ</span> <span class='ocrx_word' id='word_1_511' title='bbox 1960 1577 2001 1617; x_wconf 84' lang='grc' dir='ltr'>τὸ</span> <span class='ocrx_word' id='word_1_512' title='bbox 2034 1577 2179 1631; x_wconf 85' lang='grc' dir='ltr'>βλέμμα</span> <span class='ocrx_word' id='word_1_513' title='bbox 2209 1577 2270 1617; x_wconf 81' lang='grc' dir='ltr'>καὶ</span> 
     </span>
     <span class='ocr_line' id='line_1_79' title="bbox 1239 1634 2270 1691; baseline -0.001 -15"><span class='ocrx_word' id='word_1_514' title='bbox 1239 1636 1303 1684; x_wconf 83' lang='grc' dir='ltr'>τὴν</span> <span class='ocrx_word' id='word_1_515' title='bbox 1330 1634 1507 1683; x_wconf 83' lang='grc' dir='ltr'>ἀναπνοὴν</span> <span class='ocrx_word' id='word_1_516' title='bbox 1539 1635 1599 1674; x_wconf 77' lang='grc' dir='ltr'>καὶ</span> <span class='ocrx_word' id='word_1_517' title='bbox 1622 1634 1686 1683; x_wconf 82' lang='grc' dir='ltr'>τὴν</span> <span class='ocrx_word' id='word_1_518' title='bbox 1718 1635 1898 1675; x_wconf 89' lang='grc' dir='ltr'>διάλεκτον</span> <span class='ocrx_word' id='word_1_519' title='bbox 1927 1637 2040 1675; x_wconf 78' lang='grc' dir='ltr'>αὐτῶν</span> <span class='ocrx_word' id='word_1_520' title='bbox 2070 1637 2270 1691; x_wconf 85' lang='grc' dir='ltr'>παραδεχο-</span> 
     </span>
     <span class='ocr_line' id='line_1_80' title="bbox 1241 1693 2268 1748; baseline 0 -14"><span class='ocrx_word' id='word_1_521' title='bbox 1241 1694 1364 1747; x_wconf 87' lang='grc' dir='ltr'>μένους</span> <span class='ocrx_word' id='word_1_522' title='bbox 1382 1693 1550 1742; x_wconf 84' lang='grc' dir='ltr'>τήκεσθαι</span> <span class='ocrx_word' id='word_1_523' title='bbox 1569 1694 1629 1733; x_wconf 83' lang='grc' dir='ltr'>καὶ</span> <span class='ocrx_word' id='word_1_524' title='bbox 1648 1701 1779 1734; x_wconf 89' lang='grc' dir='ltr'>νοσεῖν·</span> <span class='ocrx_word' id='word_1_525' title='bbox 1797 1695 1944 1748; x_wconf 79' lang='grc' dir='ltr'>ᾔσθοντο</span> <span class='ocrx_word' id='word_1_526' title='bbox 1965 1694 2021 1745; x_wconf 84' lang='grc' dir='ltr'>δὲ,</span> <span class='ocrx_word' id='word_1_527' title='bbox 2038 1697 2085 1740; x_wconf 83' lang='grc' dir='ltr'>ὡς</span> <span class='ocrx_word' id='word_1_528' title='bbox 2103 1694 2210 1746; x_wconf 83' lang='grc' dir='ltr'>ἔοικε,</span> <span class='ocrx_word' id='word_1_529' title='bbox 2227 1694 2268 1734; x_wconf 80' lang='grc' dir='ltr'>τὸ</span> 
     </span>
     <span class='ocr_line' id='line_1_81' title="bbox 1240 1753 2268 1806; baseline 0.001 -13"><span class='ocrx_word' id='word_1_530' title='bbox 1240 1754 1419 1806; x_wconf 89' lang='grc' dir='ltr'>γινόμενον</span> <span class='ocrx_word' id='word_1_531' title='bbox 1452 1756 1483 1792; x_wconf 80' lang='grc' dir='ltr'>οἱ</span> <span class='ocrx_word' id='word_1_532' title='bbox 1523 1753 1673 1806; x_wconf 87' lang='grc' dir='ltr'>μιγάδας</span> <span class='ocrx_word' id='word_1_533' title='bbox 1706 1754 1843 1800; x_wconf 77' lang='grc' dir='ltr'>οἰκέτας</span> <span class='ocrx_word' id='word_1_534' title='bbox 1859 1756 1987 1794; x_wconf 84' lang='grc' dir='ltr'>ἐκεῖθεν</span> <span class='ocrx_word' id='word_1_535' title='bbox 2027 1755 2150 1800; x_wconf 85' lang='grc' dir='ltr'>ὠνίους</span> <span class='ocrx_word' id='word_1_536' title='bbox 2185 1753 2268 1801; x_wconf 80' lang='grc' dir='ltr'>ἐξά-</span> 
     </span>
     <span class='ocr_line' id='line_1_82' title="bbox 1241 1829 1370 1866; baseline -0.008 -14"><span class='ocrx_word' id='word_1_537' title='bbox 1241 1829 1370 1866; x_wconf 87' lang='grc' dir='ltr'>γοντες.</span> 
     </span>
    </p>

    <p class='ocr_par' dir='ltr' id='par_1_22' title="bbox 1241 1873 2271 2218">
     <span class='ocr_line' id='line_1_83' title="bbox 1278 1873 2271 1925; baseline 0.002 -15"><span class='ocrx_word' id='word_1_538' title='bbox 1278 1873 1438 1925; x_wconf 78' lang='lat' dir='ltr'>¹Plinius</span> <span class='ocrx_word' id='word_1_539' title='bbox 1459 1873 1557 1911; x_wconf 88' lang='lat' dir='ltr'>Hist.</span> <span class='ocrx_word' id='word_1_540' title='bbox 1587 1881 1663 1911; x_wconf 88' lang='lat' dir='ltr'>nat.</span> <span class='ocrx_word' id='word_1_541' title='bbox 1681 1876 1773 1922; x_wconf 90' lang='lat' dir='ltr'>VII,</span> <span class='ocrx_word' id='word_1_542' title='bbox 1796 1887 1817 1910; x_wconf 83' lang='lat'><em>2</em></span> <span class='ocrx_word' id='word_1_543' title='bbox 1842 1875 2131 1923; x_wconf 73' lang='lat' dir='ltr'>:nPlzylar-clzus</span> <span class='ocrx_word' id='word_1_544' title='bbox 2161 1882 2200 1912; x_wconf 91' lang='lat' dir='ltr'>et</span> <span class='ocrx_word' id='word_1_545' title='bbox 2229 1874 2271 1912; x_wconf 91' lang='lat' dir='ltr'>in</span> 
     </span>
     <span class='ocr_line' id='line_1_84' title="bbox 1241 1924 2270 1983; baseline 0 -13"><span class='ocrx_word' id='word_1_546' title='bbox 1241 1924 1364 1970; x_wconf 73' lang='lat' dir='ltr'>anto</span> <span class='ocrx_word' id='word_1_547' title='bbox 1390 1931 1618 1970; x_wconf 90' lang='lat' dir='ltr'>Thibiorum</span> <span class='ocrx_word' id='word_1_548' title='bbox 1648 1945 1767 1983; x_wconf 88' lang='lat' dir='ltr'>genus</span> <span class='ocrx_word' id='word_1_549' title='bbox 1796 1933 2014 1983; x_wconf 85' lang='lat' dir='ltr'>multosque</span> <span class='ocrx_word' id='word_1_550' title='bbox 2042 1933 2137 1970; x_wconf 89' lang='lat' dir='ltr'>alios</span> <span class='ocrx_word' id='word_1_551' title='bbox 2162 1931 2270 1982; x_wconf 87' lang='lat' dir='ltr'>ejus-</span> 
     </span>
     <span class='ocr_line' id='line_1_85' title="bbox 1243 1990 2269 2042; baseline 0 -14"><span class='ocrx_word' id='word_1_552' title='bbox 1243 1990 1331 2028; x_wconf 91' lang='lat' dir='ltr'>dem</span> <span class='ocrx_word' id='word_1_553' title='bbox 1361 1998 1504 2028; x_wconf 87' lang='lat' dir='ltr'>naturae</span> <span class='ocrx_word' id='word_1_554' title='bbox 1531 1990 1706 2042; x_wconf 78' lang='lat' dir='ltr'>(prodit),</span> <span class='ocrx_word' id='word_1_555' title='bbox 1739 2004 1906 2041; x_wconf 88' lang='lat' dir='ltr'>quorum</span> <span class='ocrx_word' id='word_1_556' title='bbox 1943 1999 2054 2030; x_wconf 86' lang='lat' dir='ltr'>notas</span> <span class='ocrx_word' id='word_1_557' title='bbox 2084 1990 2201 2029; x_wconf 89' lang='lat' dir='ltr'>tradit</span> <span class='ocrx_word' id='word_1_558' title='bbox 2229 1990 2269 2029; x_wconf 90' lang='lat' dir='ltr'>in</span> 
     </span>
     <span class='ocr_line' id='line_1_86' title="bbox 1243 2049 2271 2102; baseline 0.001 -15"><span class='ocrx_word' id='word_1_559' title='bbox 1243 2050 1364 2087; x_wconf 90' lang='lat' dir='ltr'>altero</span> <span class='ocrx_word' id='word_1_560' title='bbox 1389 2050 1503 2087; x_wconf 92' lang='lat' dir='ltr'>oculo</span> <span class='ocrx_word' id='word_1_561' title='bbox 1526 2049 1717 2100; x_wconf 85' lang='lat' dir='ltr'>geminam</span> <span class='ocrx_word' id='word_1_562' title='bbox 1743 2050 1948 2102; x_wconf 89' lang='lat' dir='ltr'>pupillam,</span> <span class='ocrx_word' id='word_1_563' title='bbox 1970 2050 2010 2088; x_wconf 91' lang='lat' dir='ltr'>in</span> <span class='ocrx_word' id='word_1_564' title='bbox 2031 2051 2152 2088; x_wconf 81' lang='lat' dir='ltr'>altero</span> <span class='ocrx_word' id='word_1_565' title='bbox 2178 2050 2271 2101; x_wconf 92' lang='lat' dir='ltr'>equi</span> 
     </span>
     <span class='ocr_line' id='line_1_87' title="bbox 1244 2108 2270 2160; baseline 0.002 -14"><span class='ocrx_word' id='word_1_566' title='bbox 1244 2108 1428 2160; x_wconf 81' lang='lat' dir='ltr'>effigiem3</span> <span class='ocrx_word' id='word_1_567' title='bbox 1449 2108 1604 2146; x_wconf 91' lang='lat' dir='ltr'>eosdem</span> <span class='ocrx_word' id='word_1_568' title='bbox 1625 2116 1811 2160; x_wconf 84' lang='lat' dir='ltr'>praeterea</span> <span class='ocrx_word' id='word_1_569' title='bbox 1832 2122 1910 2146; x_wconf 89' lang='lat' dir='ltr'>non</span> <span class='ocrx_word' id='word_1_570' title='bbox 1933 2122 2046 2160; x_wconf 88' lang='lat' dir='ltr'>posse</span> <span class='ocrx_word' id='word_1_571' title='bbox 2072 2108 2205 2159; x_wconf 85' lang='lat' dir='ltr'>mergi,</span> <span class='ocrx_word' id='word_1_572' title='bbox 2221 2122 2270 2148; x_wconf 84' lang='lat' dir='ltr'>ne</span> 
     </span>
     <span class='ocr_line' id='line_1_88' title="bbox 1245 2166 1810 2218; baseline 0.002 -13"><span class='ocrx_word' id='word_1_573' title='bbox 1245 2176 1351 2205; x_wconf 87' lang='lat' dir='ltr'>veste</span> <span class='ocrx_word' id='word_1_574' title='bbox 1368 2166 1522 2218; x_wconf 90' lang='lat' dir='ltr'>quidem</span> <span class='ocrx_word' id='word_1_575' title='bbox 1537 2167 1776 2218; x_wconf 87' lang='lat' dir='ltr'>degravatos.</span> <span class='ocrx_word' id='word_1_576' title='bbox 1795 2184 1810 2200; x_wconf 87' lang='lat'>»</span> 
     </span>
    </p>

    <p class='ocr_par' dir='ltr' id='par_1_23' title="bbox 1246 2225 2270 2396">
     <span class='ocr_line' id='line_1_89' title="bbox 1299 2225 2270 2279; baseline 0.002 -15"><span class='ocrx_word' id='word_1_577' title='bbox 1299 2229 1345 2264; x_wconf 92' lang='lat' dir='ltr'>In</span> <span class='ocrx_word' id='word_1_578' title='bbox 1378 2225 1558 2263; x_wconf 89' lang='lat' dir='ltr'>omnibus</span> <span class='ocrx_word' id='word_1_579' title='bbox 1595 2226 1673 2263; x_wconf 88' lang='lat' dir='ltr'>fere</span> <span class='ocrx_word' id='word_1_580' title='bbox 1709 2226 1900 2264; x_wconf 87' lang='lat' dir='ltr'>Plutarchi</span> <span class='ocrx_word' id='word_1_581' title='bbox 1937 2226 2047 2264; x_wconf 91' lang='lat' dir='ltr'>codd.</span> <span class='ocrx_word' id='word_1_582' title='bbox 2085 2228 2270 2279; x_wconf 87' lang='lat' dir='ltr'>scriptum</span> 
     </span>
     <span class='ocr_line' id='line_1_90' title="bbox 1246 2283 2269 2335; baseline 0.003 -13"><span class='ocrx_word' id='word_1_583' title='bbox 1246 2293 1303 2322; x_wconf 91' lang='lat' dir='ltr'>est</span> <span class='ocrx_word' id='word_1_584' title='bbox 1319 2283 1464 2333; x_wconf 77' lang='grc' dir='ltr'>Θηὸεἷς,</span> <span class='ocrx_word' id='word_1_585' title='bbox 1488 2284 1580 2322; x_wconf 90' lang='lat' dir='ltr'>edit.</span> <span class='ocrx_word' id='word_1_586' title='bbox 1599 2287 1682 2322; x_wconf 88' lang='lat' dir='ltr'>Bas.</span> <span class='ocrx_word' id='word_1_587' title='bbox 1707 2292 1745 2323; x_wconf 88' lang='lat' dir='ltr'>et</span> <span class='ocrx_word' id='word_1_588' title='bbox 1761 2284 1958 2335; x_wconf 88' lang='lat' dir='ltr'>Xylander</span> <span class='ocrx_word' id='word_1_589' title='bbox 1972 2285 2116 2323; x_wconf 86' lang='lat' dir='ltr'>habent</span> <span class='ocrx_word' id='word_1_590' title='bbox 2130 2285 2269 2329; x_wconf 76' lang='grc' dir='ltr'>Θυὸεῖς.</span> 
     </span>
     <span class='ocr_line' id='line_1_91' title="bbox 1248 2343 2270 2396; baseline 0.003 -16"><span class='ocrx_word' id='word_1_591' title='bbox 1248 2344 1454 2381; x_wconf 89' lang='lat' dir='ltr'>Salmasius</span> <span class='ocrx_word' id='word_1_592' title='bbox 1472 2343 1513 2381; x_wconf 92' lang='lat' dir='ltr'>in</span> <span class='ocrx_word' id='word_1_593' title='bbox 1534 2344 1715 2381; x_wconf 85' lang='lat' dir='ltr'>Exercitt.</span> <span class='ocrx_word' id='word_1_594' title='bbox 1740 2344 1837 2382; x_wconf 92' lang='lat' dir='ltr'>Plin.</span> <span class='ocrx_word' id='word_1_595' title='bbox 1863 2357 1902 2396; x_wconf 90' lang='lat' dir='ltr'>p.</span> <span class='ocrx_word' id='word_1_596' title='bbox 1920 2345 1967 2389; x_wconf 88' lang='grc'>34</span> <span class='ocrx_word' id='word_1_597' title='bbox 1985 2353 2024 2382; x_wconf 87' lang='lat' dir='ltr'>et</span> <span class='ocrx_word' id='word_1_598' title='bbox 2040 2345 2213 2383; x_wconf 88' lang='lat' dir='ltr'>Valesius</span> <span class='ocrx_word' id='word_1_599' title='bbox 2229 2345 2270 2384; x_wconf 88' lang='lat' dir='ltr'>in</span> 
     </span>
    </p>
   </div>
   <div class='ocr_carea' id='block_1_11' title="bbox 1242 2453 2268 2587">
    <p class='ocr_par' dir='ltr' id='par_1_24' title="bbox 1242 2453 2268 2587">
     <span class='ocr_line' id='line_1_92' title="bbox 1243 2453 2267 2495; baseline 0.001 -9"><span class='ocrx_word' id='word_1_600' title='bbox 1243 2453 1341 2486; x_wconf 86' lang='lat' dir='ltr'>sium.</span> <span class='ocrx_word' id='word_1_601' title='bbox 1359 2453 1611 2485; x_wconf 87' lang='lat' dir='ltr'>Demosthenem</span> <span class='ocrx_word' id='word_1_602' title='bbox 1624 2462 1702 2486; x_wconf 86' lang='lat' dir='ltr'>vero</span> <span class='ocrx_word' id='word_1_603' title='bbox 1716 2454 1885 2486; x_wconf 89' lang='lat' dir='ltr'>retorsisse</span> <span class='ocrx_word' id='word_1_604' title='bbox 1899 2453 2084 2495; x_wconf 90' lang='lat' dir='ltr'>exemplum</span> <span class='ocrx_word' id='word_1_605' title='bbox 2096 2454 2186 2486; x_wconf 83' lang='lat' dir='ltr'>hisce</span> <span class='ocrx_word' id='word_1_606' title='bbox 2200 2463 2267 2488; x_wconf 86' lang='lat' dir='ltr'>ver-</span> 
     </span>
     <span class='ocr_line' id='line_1_93' title="bbox 1242 2499 2268 2541; baseline 0.003 -10"><span class='ocrx_word' id='word_1_607' title='bbox 1242 2499 1293 2532; x_wconf 86' lang='lat' dir='ltr'>bis</span> <span class='ocrx_word' id='word_1_608' title='bbox 1309 2524 1317 2540; x_wconf 91' lang='lat'>,</span> <span class='ocrx_word' id='word_1_609' title='bbox 1334 2502 1377 2531; x_wconf 88' lang='lat' dir='ltr'>Et</span> <span class='ocrx_word' id='word_1_610' title='bbox 1392 2500 1441 2531; x_wconf 85' lang='lat' dir='ltr'>lac</span> <span class='ocrx_word' id='word_1_611' title='bbox 1466 2499 1626 2532; x_wconf 87' lang='lat' dir='ltr'>asininum</span> <span class='ocrx_word' id='word_1_612' title='bbox 1643 2500 1682 2532; x_wconf 89' lang='lat' dir='ltr'>ad</span> <span class='ocrx_word' id='word_1_613' title='bbox 1698 2501 1868 2533; x_wconf 78' lang='lat' dir='ltr'>sanitatem</span> <span class='ocrx_word' id='word_1_614' title='bbox 1890 2500 2012 2541; x_wconf 78' lang='lat' dir='ltr'>inferri,</span> <span class='ocrx_word' id='word_1_615' title='bbox 2026 2503 2058 2534; x_wconf 89' lang='lat' dir='ltr'>et</span> <span class='ocrx_word' id='word_1_616' title='bbox 2073 2500 2113 2534; x_wconf 82' lang='lat' dir='ltr'>ad</span> <span class='ocrx_word' id='word_1_617' title='bbox 2131 2502 2268 2534; x_wconf 82' lang='lat' dir='ltr'>salutem</span> 
     </span>
     <span class='ocr_line' id='line_1_94' title="bbox 1243 2546 1834 2587; baseline 0 -9"><span class='ocrx_word' id='word_1_618' title='bbox 1243 2547 1469 2587; x_wconf 83' lang='lat' dir='ltr'>aegrotantium</span> <span class='ocrx_word' id='word_1_619' title='bbox 1483 2546 1597 2579; x_wconf 87' lang='lat' dir='ltr'>adesse</span> <span class='ocrx_word' id='word_1_620' title='bbox 1612 2547 1834 2580; x_wconf 86' lang='lat' dir='ltr'>Athenienses.</span> 
     </span>
    </p>
   </div>
   <div class='ocr_carea' id='block_1_12' title="bbox 1727 2601 1790 2635">
    <p class='ocr_par' dir='ltr' id='par_1_25' title="bbox 1727 2601 1790 2635">
     <span class='ocr_line' id='line_1_95' title="bbox 1727 2601 1790 2635; baseline 0.016 -1"><span class='ocrx_word' id='word_1_621' title='bbox 1727 2601 1790 2635; x_wconf 87' lang='grc'>66.</span> 
     </span>
    </p>
   </div>
   <div class='ocr_carea' id='block_1_13' title="bbox 1244 2652 2270 2928">
    <p class='ocr_par' dir='ltr' id='par_1_26' title="bbox 1244 2652 2270 2928">
     <span class='ocr_line' id='line_1_96' title="bbox 1284 2652 2269 2694; baseline 0.003 -10"><span class='ocrx_word' id='word_1_622' title='bbox 1284 2652 1405 2684; x_wconf 89' lang='lat' dir='ltr'>Mensis</span> <span class='ocrx_word' id='word_1_623' title='bbox 1419 2653 1611 2694; x_wconf 87' lang='lat' dir='ltr'>Thargelion</span> <span class='ocrx_word' id='word_1_624' title='bbox 1634 2653 1695 2684; x_wconf 81' lang='lat' dir='ltr'>suit</span> <span class='ocrx_word' id='word_1_625' title='bbox 1722 2653 1894 2686; x_wconf 85' lang='lat' dir='ltr'>manifeste</span> <span class='ocrx_word' id='word_1_626' title='bbox 1923 2653 2067 2686; x_wconf 83' lang='lat' dir='ltr'>barbaris</span> <span class='ocrx_word' id='word_1_627' title='bbox 2095 2653 2269 2688; x_wconf 71' lang='lat' dir='ltr'>infaustus.</span> 
     </span>
     <span class='ocr_line' id='line_1_97' title="bbox 1244 2699 2269 2743; baseline 0.004 -12"><span class='ocrx_word' id='word_1_628' title='bbox 1244 2699 1424 2732; x_wconf 86' lang='lat' dir='ltr'>Alexander</span> <span class='ocrx_word' id='word_1_629' title='bbox 1436 2701 1606 2732; x_wconf 86' lang='lat' dir='ltr'>Persarum</span> <span class='ocrx_word' id='word_1_630' title='bbox 1617 2700 1701 2740; x_wconf 86' lang='lat' dir='ltr'>regis</span> <span class='ocrx_word' id='word_1_631' title='bbox 1720 2700 1891 2741; x_wconf 80' lang='lat' dir='ltr'>praefectos</span> <span class='ocrx_word' id='word_1_632' title='bbox 1908 2701 1970 2733; x_wconf 89' lang='lat' dir='ltr'>hoc</span> <span class='ocrx_word' id='word_1_633' title='bbox 1986 2709 2097 2734; x_wconf 88' lang='lat' dir='ltr'>mense</span> <span class='ocrx_word' id='word_1_634' title='bbox 2106 2701 2269 2743; x_wconf 74' lang='lat' dir='ltr'>superavit</span> 
     </span>
     <span class='ocr_line' id='line_1_98' title="bbox 1244 2746 2267 2788; baseline 0.004 -11"><span class='ocrx_word' id='word_1_635' title='bbox 1244 2746 1286 2777; x_wconf 91' lang='lat' dir='ltr'>ad</span> <span class='ocrx_word' id='word_1_636' title='bbox 1298 2747 1484 2778; x_wconf 83' lang='lat' dir='ltr'>Granicum.</span> <span class='ocrx_word' id='word_1_637' title='bbox 1509 2746 1663 2787; x_wconf 84' lang='lat' dir='ltr'>Ejusdem</span> <span class='ocrx_word' id='word_1_638' title='bbox 1677 2746 1799 2778; x_wconf 88' lang='lat' dir='ltr'>mensis</span> <span class='ocrx_word' id='word_1_639' title='bbox 1813 2747 1866 2779; x_wconf 90' lang='lat' dir='ltr'>die</span> <span class='ocrx_word' id='word_1_640' title='bbox 1882 2747 2039 2788; x_wconf 86' lang='lat' dir='ltr'>vigesimo</span> <span class='ocrx_word' id='word_1_641' title='bbox 2058 2749 2174 2788; x_wconf 80' lang='lat' dir='ltr'>quarto</span> <span class='ocrx_word' id='word_1_642' title='bbox 2193 2749 2267 2781; x_wconf 74' lang='lat' dir='ltr'>car·</span> 
     </span>
     <span class='ocr_line' id='line_1_99' title="bbox 1245 2793 2270 2836; baseline 0.003 -12"><span class='ocrx_word' id='word_1_643' title='bbox 1245 2793 1460 2833; x_wconf 86' lang='lat' dir='ltr'>thaginienses</span> <span class='ocrx_word' id='word_1_644' title='bbox 1481 2794 1514 2825; x_wconf 90' lang='lat' dir='ltr'>in</span> <span class='ocrx_word' id='word_1_645' title='bbox 1538 2793 1646 2825; x_wconf 88' lang='lat' dir='ltr'>Sicilia</span> <span class='ocrx_word' id='word_1_646' title='bbox 1660 2793 1737 2826; x_wconf 82' lang='lat' dir='ltr'>caesi</span> <span class='ocrx_word' id='word_1_647' title='bbox 1761 2802 1780 2825; x_wconf 90' lang='lat' dir='ltr'>a</span> <span class='ocrx_word' id='word_1_648' title='bbox 1802 2794 2001 2826; x_wconf 86' lang='lat' dir='ltr'>Timoleonte</span> <span class='ocrx_word' id='word_1_649' title='bbox 2022 2796 2122 2827; x_wconf 88' lang='lat' dir='ltr'>sunt:</span> <span class='ocrx_word' id='word_1_650' title='bbox 2139 2804 2206 2836; x_wconf 90' lang='lat' dir='ltr'>quo</span> <span class='ocrx_word' id='word_1_651' title='bbox 2219 2793 2270 2834; x_wconf 60' lang='lat' dir='ltr'>dic</span> 
     </span>
     <span class='ocr_line' id='line_1_100' title="bbox 1245 2839 2268 2884; baseline 0.004 -13"><span class='ocrx_word' id='word_1_652' title='bbox 1245 2839 1391 2880; x_wconf 84' lang='lat' dir='ltr'>ejusdem</span> <span class='ocrx_word' id='word_1_653' title='bbox 1416 2841 1539 2872; x_wconf 87' lang='lat' dir='ltr'>mensis</span> <span class='ocrx_word' id='word_1_654' title='bbox 1565 2842 1598 2872; x_wconf 90' lang='lat' dir='ltr'>et</span> <span class='ocrx_word' id='word_1_655' title='bbox 1625 2840 1720 2881; x_wconf 87' lang='lat' dir='ltr'>Troja</span> <span class='ocrx_word' id='word_1_656' title='bbox 1747 2841 1880 2880; x_wconf 86' lang='lat' dir='ltr'>putatur</span> <span class='ocrx_word' id='word_1_657' title='bbox 1903 2843 2016 2882; x_wconf 83' lang='lat' dir='ltr'>capta,</span> <span class='ocrx_word' id='word_1_658' title='bbox 2037 2844 2074 2873; x_wconf 87' lang='lat' dir='ltr'>ut</span> <span class='ocrx_word' id='word_1_659' title='bbox 2100 2842 2268 2884; x_wconf 68' lang='lat' dir='ltr'>Ephorus,</span> 
     </span>
     <span class='ocr_line' id='line_1_101' title="bbox 1246 2885 2186 2928; baseline 0.003 -9"><span class='ocrx_word' id='word_1_660' title='bbox 1246 2885 1471 2926; x_wconf 87' lang='lat' dir='ltr'>Callisthenes,</span> <span class='ocrx_word' id='word_1_661' title='bbox 1489 2888 1658 2919; x_wconf 83' lang='lat' dir='ltr'>Damastes</span> <span class='ocrx_word' id='word_1_662' title='bbox 1673 2889 1705 2919; x_wconf 91' lang='lat' dir='ltr'>et</span> <span class='ocrx_word' id='word_1_663' title='bbox 1716 2887 1919 2928; x_wconf 76' lang='lat' dir='ltr'>Phylarchus</span> <span class='ocrx_word' id='word_1_664' title='bbox 1933 2890 2083 2921; x_wconf 86' lang='lat' dir='ltr'>auctores</span> <span class='ocrx_word' id='word_1_665' title='bbox 2097 2891 2186 2922; x_wconf 88' lang='lat' dir='ltr'>sunt.</span> 
     </span>
    </p>
   </div>
   <div class='ocr_carea' id='block_1_14' title="bbox 1725 2945 1788 2977">
    <p class='ocr_par' dir='ltr' id='par_1_27' title="bbox 1725 2945 1788 2977">
     <span class='ocr_line' id='line_1_102' title="bbox 1725 2945 1788 2977; baseline -0.016 0"><span class='ocrx_word' id='word_1_666' title='bbox 1725 2945 1788 2977; x_wconf 86' lang='lat'>67.</span> 
     </span>
    </p>
   </div>
   <div class='ocr_carea' id='block_1_15' title="bbox 1246 2997 2270 3087">
    <p class='ocr_par' dir='ltr' id='par_1_28' title="bbox 1246 2997 2270 3087">
     <span class='ocr_line' id='line_1_103' title="bbox 1287 2997 2270 3041; baseline 0.003 -12"><span class='ocrx_word' id='word_1_667' title='bbox 1287 2997 1488 3038; x_wconf 69' lang='lat' dir='ltr'>Phylarchus</span> <span class='ocrx_word' id='word_1_668' title='bbox 1504 2998 1638 3037; x_wconf 86' lang='lat' dir='ltr'>scribit,</span> <span class='ocrx_word' id='word_1_669' title='bbox 1657 2998 1779 3031; x_wconf 84' lang='lat' dir='ltr'>Clitore</span> <span class='ocrx_word' id='word_1_670' title='bbox 1795 2998 1916 3031; x_wconf 85' lang='lat' dir='ltr'>sontem</span> <span class='ocrx_word' id='word_1_671' title='bbox 1933 3008 2016 3039; x_wconf 90' lang='lat' dir='ltr'>esse,</span> <span class='ocrx_word' id='word_1_672' title='bbox 2031 3008 2050 3032; x_wconf 88' lang='lat' dir='ltr'>e</span> <span class='ocrx_word' id='word_1_673' title='bbox 2065 3008 2131 3041; x_wconf 89' lang='lat' dir='ltr'>quo</span> <span class='ocrx_word' id='word_1_674' title='bbox 2148 2999 2206 3041; x_wconf 83' lang='lat' dir='ltr'>qui</span> <span class='ocrx_word' id='word_1_675' title='bbox 2220 2998 2270 3032; x_wconf 81' lang='lat' dir='ltr'>hi·</span> 
     </span>
     <span class='ocr_line' id='line_1_104' title="bbox 1246 3044 1998 3087; baseline 0.003 -10"><span class='ocrx_word' id='word_1_676' title='bbox 1246 3045 1364 3085; x_wconf 77' lang='lat' dir='ltr'>herim,</span> <span class='ocrx_word' id='word_1_677' title='bbox 1381 3044 1512 3078; x_wconf 90' lang='lat' dir='ltr'>odorem</span> <span class='ocrx_word' id='word_1_678' title='bbox 1529 3045 1597 3077; x_wconf 89' lang='lat' dir='ltr'>vini</span> <span class='ocrx_word' id='word_1_679' title='bbox 1613 3054 1678 3077; x_wconf 91' lang='lat' dir='ltr'>non</span> <span class='ocrx_word' id='word_1_680' title='bbox 1693 3046 1834 3087; x_wconf 84' lang='lat' dir='ltr'>amplius</span> <span class='ocrx_word' id='word_1_681' title='bbox 1851 3047 1998 3079; x_wconf 86' lang='lat' dir='ltr'>tolerare.</span> 
     </span>
    </p>
   </div>
   <div class='ocr_carea' id='block_1_16' title="bbox 1245 3156 2320 3339">
    <p class='ocr_par' dir='ltr' id='par_1_29' title="bbox 1245 3156 2320 3339">
     <span class='ocr_line' id='line_1_105' title="bbox 1288 3156 2270 3199; baseline 0.004 -12"><span class='ocrx_word' id='word_1_682' title='bbox 1288 3156 1488 3197; x_wconf 84' lang='lat' dir='ltr'>Phylarchus</span> <span class='ocrx_word' id='word_1_683' title='bbox 1503 3165 1580 3189; x_wconf 85' lang='lat' dir='ltr'>sane</span> <span class='ocrx_word' id='word_1_684' title='bbox 1598 3156 1715 3197; x_wconf 74' lang='lat' dir='ltr'>refert,</span> <span class='ocrx_word' id='word_1_685' title='bbox 1742 3157 1892 3198; x_wconf 87' lang='lat' dir='ltr'>Thibios,</span> <span class='ocrx_word' id='word_1_686' title='bbox 1915 3159 1973 3199; x_wconf 89' lang='lat' dir='ltr'>qui</span> <span class='ocrx_word' id='word_1_687' title='bbox 1989 3159 2067 3191; x_wconf 89' lang='lat' dir='ltr'>olim</span> <span class='ocrx_word' id='word_1_688' title='bbox 2086 3159 2172 3191; x_wconf 83' lang='lat' dir='ltr'>circa</span> <span class='ocrx_word' id='word_1_689' title='bbox 2189 3157 2270 3191; x_wconf 83' lang='lat' dir='ltr'>Pon·-</span> 
     </span>
     <span class='ocr_line' id='line_1_106' title="bbox 1246 3203 2282 3249; baseline 0.004 -14"><span class='ocrx_word' id='word_1_690' title='bbox 1246 3205 1317 3235; x_wconf 86' lang='lat' dir='ltr'>tnm</span> <span class='ocrx_word' id='word_1_691' title='bbox 1334 3203 1569 3244; x_wconf 85' lang='lat' dir='ltr'>habitaverunt,</span> <span class='ocrx_word' id='word_1_692' title='bbox 1586 3212 1651 3236; x_wconf 89' lang='lat' dir='ltr'>non</span> <span class='ocrx_word' id='word_1_693' title='bbox 1662 3204 1840 3238; x_wconf 80' lang='lat' dir='ltr'>infantibus</span> <span class='ocrx_word' id='word_1_694' title='bbox 1852 3206 1962 3246; x_wconf 90' lang='lat' dir='ltr'>modo,</span> <span class='ocrx_word' id='word_1_695' title='bbox 1973 3207 2031 3238; x_wconf 89' lang='lat' dir='ltr'>sed</span> <span class='ocrx_word' id='word_1_696' title='bbox 2041 3206 2161 3238; x_wconf 88' lang='lat' dir='ltr'>adultis</span> <span class='ocrx_word' id='word_1_697' title='bbox 2173 3205 2282 3249; x_wconf 66' lang='lat' dir='ltr'>etiamj</span> 
     </span>
     <span class='ocr_line' id='line_1_107' title="bbox 1245 3250 2320 3294; baseline 0.003 -12"><span class='ocrx_word' id='word_1_698' title='bbox 1245 3250 1381 3282; x_wconf 86' lang='lat' dir='ltr'>exitium</span> <span class='ocrx_word' id='word_1_699' title='bbox 1397 3250 1567 3283; x_wconf 88' lang='lat' dir='ltr'>attulisse:</span> <span class='ocrx_word' id='word_1_700' title='bbox 1586 3250 1701 3283; x_wconf 88' lang='lat' dir='ltr'>obtutu</span> <span class='ocrx_word' id='word_1_701' title='bbox 1711 3252 1799 3284; x_wconf 90' lang='lat' dir='ltr'>enim</span> <span class='ocrx_word' id='word_1_702' title='bbox 1809 3261 1934 3293; x_wconf 89' lang='lat' dir='ltr'>eorum,</span> <span class='ocrx_word' id='word_1_703' title='bbox 1946 3253 2061 3294; x_wconf 83' lang='lat' dir='ltr'>spiritu</span> <span class='ocrx_word' id='word_1_704' title='bbox 2075 3261 2113 3285; x_wconf 85' lang='lat' dir='ltr'>ac</span> <span class='ocrx_word' id='word_1_705' title='bbox 2123 3257 2270 3285; x_wconf 73' lang='lat' dir='ltr'>sermone</span> <span class='ocrx_word' id='word_1_706' title='bbox 2318 3257 2320 3260; x_wconf 85' lang='lat'>&#39;</span> 
     </span>
     <span class='ocr_line' id='line_1_108' title="bbox 1246 3296 2268 3339; baseline 0.002 -11"><span class='ocrx_word' id='word_1_707' title='bbox 1246 3296 1392 3336; x_wconf 76' lang='lat' dir='ltr'>affectos,</span> <span class='ocrx_word' id='word_1_708' title='bbox 1410 3297 1553 3329; x_wconf 87' lang='lat' dir='ltr'>tabuisse</span> <span class='ocrx_word' id='word_1_709' title='bbox 1574 3298 1607 3330; x_wconf 92' lang='lat' dir='ltr'>et</span> <span class='ocrx_word' id='word_1_710' title='bbox 1635 3301 1818 3338; x_wconf 80' lang='lat' dir='ltr'>aegrotasse.</span> <span class='ocrx_word' id='word_1_711' title='bbox 1839 3299 1940 3339; x_wconf 85' lang='lat' dir='ltr'>quue</span> <span class='ocrx_word' id='word_1_712' title='bbox 1961 3300 2150 3338; x_wconf 86' lang='lat' dir='ltr'>senserunt,</span> <span class='ocrx_word' id='word_1_713' title='bbox 2165 3300 2202 3330; x_wconf 82' lang='lat' dir='ltr'>ut</span> <span class='ocrx_word' id='word_1_714' title='bbox 2216 3305 2268 3338; x_wconf 80' lang='lat' dir='ltr'>ap-</span> 
     </span>
    </p>
   </div>
   <div class='ocr_carea' id='block_1_17' title="bbox 1246 3343 2267 3424">
    <p class='ocr_par' dir='ltr' id='par_1_30' title="bbox 1246 3343 2267 3424">
     <span class='ocr_line' id='line_1_109' title="bbox 1246 3343 2267 3423; baseline 0 -47"><span class='ocrx_word' id='word_1_715' title='bbox 1246 3346 1358 3423; x_wconf 48' lang='lat' dir='ltr'>lnaret,</span> <span class='ocrx_word' id='word_1_716' title='bbox 1377 3344 1432 3385; x_wconf 88' lang='lat' dir='ltr'>qui</span> <span class='ocrx_word' id='word_1_717' title='bbox 1457 3353 1569 3377; x_wconf 88' lang='lat' dir='ltr'>servos</span> <span class='ocrx_word' id='word_1_718' title='bbox 1593 3343 1655 3377; x_wconf 90' lang='lat' dir='ltr'>illis</span> <span class='ocrx_word' id='word_1_719' title='bbox 1676 3345 1854 3386; x_wconf 84' lang='lat' dir='ltr'>permixtos</span> <span class='ocrx_word' id='word_1_720' title='bbox 1881 3346 2018 3388; x_wconf 90' lang='lat' dir='ltr'>indeque</span> <span class='ocrx_word' id='word_1_721' title='bbox 2033 3349 2137 3379; x_wconf 86' lang='lat' dir='ltr'>emtos</span> <span class='ocrx_word' id='word_1_722' title='bbox 2154 3345 2267 3378; x_wconf 78' lang='lat' dir='ltr'>educe·</span> 
     </span>
     <span class='ocr_line' id='line_1_110' title="bbox 1267 3394 1334 3424; baseline 0.015 -1"><span class='ocrx_word' id='word_1_723' title='bbox 1267 3394 1334 3424; x_wconf 66' lang='lat' dir='ltr'>antv</span> 
     </span>
    </p>
   </div>
  </div>
 </body>
</html>
