2320 3684
825 120 880 160 [N
908 119 1135 180 MARMOR
1163 118 1379 158 PARIUM.

40 213 193 256 nonnisi
211 227 246 254 a.
269 213 344 262 735
362 211 411 250 ad
431 209 652 250 Heraclidas
673 221 894 247 numerasse
914 207 1070 245 dicitur.

41 275 125 316 Nisi
146 285 328 311 numerus
352 277 558 321 corruptus
576 277 653 315 est,
676 268 754 305 hoc
777 268 832 305 ita
853 267 976 318 possit
1000 278 1070 303 ex-

42 332 195 386 plicari,
221 339 265 368 ut
290 330 470 381 Ephorus
493 328 614 372 14-15
640 340 760 364 annos
781 326 930 363 dederit
947 328 1074 374 Eury-

43 391 140 431 sthei
170 390 360 436 infantiae,
394 401 537 438 eosque
557 385 606 424 ab
639 392 687 431 42
719 386 827 423 3111115
853 384 1072 434 Eurystheo

42 451 84 489 in
103 448 277 500 catalogo
308 446 462 485 tributis
488 444 698 484 detraxerit
728 443 970 495 (Apollodor.
990 442 1075 479 toti-

44 509 133 547 dem
174 508 255 545 fere
289 506 438 544 addidit
484 505 558 542 illis
592 503 675 555 42);
702 503 868 553 ideoque
892 514 1074 538 numerus

45 566 247 607 Clementis
267 565 433 616 primum
455 567 551 614 regis
567 562 774 612 Eurysthei
794 573 935 599 annum
956 559 1076 610 signi-

0 616 3 638 3
47 626 176 664 ficaret
193 624 312 675 (1076
330 637 364 661 a.
381 621 501 672 Chr.).
530 622 716 661 Similiter
745 623 793 658 de
820 620 972 659 Phaniae
1002 632 1075 656 nu—

48 696 155 722 mero
175 695 238 733 ap.
259 682 378 721 Clem.
393 680 659 732 judicandum.

4 741 7 743 ’
100 741 373 780 Eratosthenes
387 748 426 778 et
449 740 710 791 Apollodorus
729 737 939 788 Trojanam
956 747 1075 786 expe-

6 825 7 828 =
49 800 234 838 ditionem
271 807 318 838 23
352 800 461 837 3111115
491 799 750 850 posteriorem
783 797 929 834 faciunt
961 807 1076 845 quam

49 867 183 897 auctor
199 859 406 896 Marmoris
424 859 457 910 (1
471 858 578 909 194);
597 856 887 895 Heraclidarum
908 854 1077 893 reditum

49 924 200 969 ponunt
220 917 264 953 13
283 916 392 953 annis
404 924 492 953 ante
515 929 609 965 ,1191
628 915 694 965 (28
714 923 802 952 ante
824 912 952 964 1076).
987 912 1078 950 ldeo

0 1001 2 1004 »
50 975 219 1027 spatium
237 974 342 1024 quod
361 975 598 1025 antiquiores
615 981 830 1024 posuerunt
855 974 927 1010 126
950 985 1074 1009 anno-

0 1040 2 1042 ’
51 1046 136 1071 rum
154 1033 255 1070 inter
277 1032 435 1083 Trojam
459 1040 497 1070 et
519 1031 739 1070 Heraclidas
767 1030 1078 1081 interjectorum,

47 1092 127 1144 jam
151 1092 442 1130 diminuendum
458 1100 514 1130 est
535 1093 583 1129 36
609 1093 718 1129 annis
731 1120 740 1138 ,
759 1091 811 1128 ita
829 1098 872 1127 ut
894 1089 941 1127 ab
959 1104 1079 1142 expe—

55 1152 202 1189 ditione
228 1150 334 1201 Troj.
363 1151 410 1188 ad
442 1151 611 1189 reditum
645 1153 736 1188 Her.
763 1150 840 1187 sint
870 1163 904 1187 a.
937 1163 1000 1200 90.
1028 1173 1080 1178 -

53 1210 201 1248 Deinde
235 1223 328 1248 vero
363 1210 529 1260 primam
564 1209 834 1260 Olympiadem
869 1218 1083 1259 posuerunt

54 1282 134 1307 11011
169 1269 210 1306 in
238 1269 451 1306 Alcamenis
481 1277 718 1320 postremum
746 1282 887 1305 annum
919 1268 985 1320 (35
1024 1269 1083 1307 vel

57 1326 142 1378 37),
161 1326 227 1364 sed
247 1326 287 1363 in
309 1335 490 1364 octavum
504 1328 562 1364 vel
583 1327 785 1364 decimum.
806 1329 905 1368 Huic
935 1341 981 1374 27
1009 1341 1082 1365 an—

55 1400 196 1424 norum
210 1386 441 1423 differentiae
451 1387 482 1424 si
493 1386 603 1424 addis
611 1386 713 1423 illam
727 1387 774 1423 36
791 1399 994 1434 annorum,
1005 1394 1084 1423 tota

56 1454 114 1484 est
128 1458 319 1483 annorum
341 1446 403 1482 63.

112 1507 207 1551 Quae
224 1504 415 1542 moverint
436 1503 729 1540 Eratosthenem
748 1510 786 1540 et
805 1503 919 1553 Apoll
949 1502 1086 1539 dorum

59 1571 103 1600 ut
115 1564 170 1601 ita
178 1570 391 1600 statuerent
406 1570 444 1600 et
457 1563 665 1615 ἀναγραφῶν
675 1562 959 1612 simplicitatem
971 1561 1086 1599 dere—

59 1622 296 1672 linquerent,
314 1620 520 1671 quaerenda
539 1629 628 1657 sunt
650 1621 689 1657 in
712 1620 841 1658 studio
865 1628 943 1657 tum
968 1623 1087 1657 Lace—

62 1679 341 1717 daemoniorum
363 1676 566 1731 ἀναγραφὰς
581 1691 670 1716 011111
694 1679 769 1715 11115
793 1679 1087 1716 Atheniensium

62 1739 312 1787 conciliandi,
333 1747 414 1777 turn
432 1751 490 1776 res
510 1751 627 1788 quam
649 1738 932 1775 accuratissime
951 1737 1086 1788 dispo-

61 1798 180 1837 nendi
198 1798 247 1836 ad
269 1797 441 1835 historiae
462 1796 788 1848 probabilitatem.
810 1799 946 1846 Itaque
966 1809 1086 1846 quum

63 1871 85 1895 a
103 1857 377 1908 Demophonte
396 1869 518 1906 usque
536 1855 584 1893 ad
609 1855 846 1893 Melanthum
861 1885 871 1902 ,
892 1855 941 1892 ab
961 1858 1086 1892 Hera-

63 1916 174 1953 clidis
191 1915 457 1966 Peloponneso
478 1914 645 1965 pulsum,
671 1914 710 1950 in
736 1914 915 1964 Excerpt.
932 1913 1087 1951 Barbar.

63 1975 163 2013 circa
181 1975 231 2011 60
253 1982 402 2011 tantum
420 1973 511 2011 anni
529 1980 782 2012 numerentur
795 2002 806 2020 ,
827 1972 991 2023 ideoque
1013 1976 1088 2010 At-

66 2034 130 2084 tici
152 2041 329 2071 auctores
354 2032 402 2070 ad
427 2032 526 2069 hanc
552 2044 634 2068 rem
659 2031 909 2081 respicientes
945 2030 1089 2069 bellum

63 2091 274 2143 Trojanum
299 2101 337 2130 et
361 2091 530 2130 reditum
556 2090 847 2128 Heraclidarum
876 2104 956 2128 uno
983 2098 1090 2128 tanto

63 2151 172 2202 cyclo
203 2151 377 2202 sejuncta
403 2159 572 2187 statuere
594 2148 812 2200 potuerint:
837 2148 1090 2187 Alexandrini

65 2210 296 2261 chronologi
313 2209 387 2247 hoc
406 2210 574 2261 spatium
599 2208 784 2258 temporis
810 2208 916 2258 quod
937 2207 986 2245 ab
1009 2208 1091 2246 aliis

64 2269 182 2320 vulgo
199 2269 272 2306 126
283 2281 472 2306 annorum
488 2281 570 2305 esse
580 2266 793 2312 dicebatur,
806 2267 860 2304 ita
873 2265 1093 2304 debuerunt

65 2335 275 2374 coarctare,
303 2334 347 2364 ut
379 2340 465 2363 cum
504 2326 632 2364 Attica
676 2324 927 2375 chronologia
961 2333 1092 2376 posset

65 2389 273 2426 conciliari.
303 2386 418 2434 Quod
448 2387 649 2435 fecerunt,
681 2395 723 2424 ut
751 2385 867 2423 modo
901 2386 1091 2435 indicavi3

65 2460 138 2498 pro
168 2448 240 2484 126
270 2447 378 2485 annis
399 2453 611 2496 posuerunt
640 2459 689 2494 90
725 2459 858 2482 annos.
879 2446 956 2484 Sed
984 2446 1093 2484 vides

64 2506 127 2544 vel
151 2506 224 2543 hoc
241 2506 403 2543 nimium
425 2517 526 2551 esse,
550 2505 580 2542 si
610 2504 658 2542 ad
686 2505 873 2542 Melanthi
892 2505 1094 2543 historiam

67 2565 286 2603 attenderis.
312 2564 529 2602 Verisimile
558 2572 615 2602 est
641 2564 773 2614 igitur,
800 2564 1092 2602 Eratosthenem

66 2637 143 2661 nou
159 2632 235 2661 tam
257 2623 304 2673 ad
321 2624 556 2661 Melanthum
574 2623 781 2674 repexisse‚
798 2636 913 2673 quam
928 2623 975 2660 ad
993 2631 1093 2661 tem-

67 2696 163 2734 pora
176 2712 186 2731 ,
206 2682 347 2733 quibus
372 2683 585 2721 Heraclidae
599 2683 768 2720 Atticam
790 2682 945 2734 aggredi
967 2684 1094 2721 conati

67 2750 166 2779 sunt.
181 2745 318 2792 Neque
333 2742 428 2779 istos
445 2755 495 2792 90
514 2755 634 2780 annos
653 2743 927 2780 Eratosthenes
946 2743 1094 2793 primus

66 2803 324 2852 computando
343 2802 506 2848 invenit,
526 2801 593 2839 sed
613 2815 658 2839 ex
680 2801 897 2840 Atticorum
921 2803 1093 2840 nonnul-

66 2859 191 2897 lorum
217 2861 408 2911 computis
432 2861 594 2911 accepit.
611 2862 765 2898 Etenim
778 2860 857 2911 jam
874 2861 977 2911 apud
993 2858 1094 2898 Thu-

66 2918 241 2968 cydidem
257 2922 300 2964 (Ι,
321 2918 360 2970 3)
381 2932 403 2955 a
417 2918 545 2969 Trojae
565 2919 719 2957 excidio
736 2919 782 2957 ad
800 2920 1093 2957 Heraclidarum

68 2977 232 3015 reditum
250 2977 341 3015 anni
358 2991 439 3015 esse
459 2978 641 3016 dicuntur
663 2979 870 3029 octoginta.

120 3036 227 3074 Idem
248 3036 331 3073 aliis
352 3049 509 3087 quoque
530 3036 754 3074 auctoribus
782 3036 991 3087 probatum
1011 3050 1092 3074 esse

67 3093 214 3132 debuit.
249 3095 345 3132 Inde
373 3095 476 3132 enim
506 3096 658 3146 explico
687 3109 892 3133 numerum
927 3095 1092 3142 Sosibii,

8 3164 11 3177 ²
69 3156 150 3206 qui,
166 3156 355 3194 referente
375 3157 493 3194 Clem.
517 3157 644 3204 Alex.,
665 3157 817 3207 Trojam
840 3165 990 3207 captam
1016 3170 1090 3207 po—

70 3213 147 3250 suit
167 3226 201 3251 a.
230 3214 304 3263 395
323 3222 410 3252 ante
438 3215 590 3265 Olymp.
614 3219 646 3261 Ι,
670 3216 695 3253 1.
716 3229 749 3252 0.
774 3230 869 3262 1171
902 3229 935 3252 a.
955 3215 1023 3254 Ch.
1054 3229 1091 3253 11.

70 3271 257 3309 Nimirum
277 3272 384 3309 addit
410 3272 458 3309 80
476 3286 599 3310 annos
620 3273 670 3311 ad
692 3287 833 3311 annum
859 3287 952 3323 1091
966 3302 975 3320 ,
1001 3274 1092 3324 qui,

73 3337 116 3366 ut
138 3337 250 3368 antea
280 3330 430 3381 monui,
461 3331 500 3368 in
530 3332 691 3370 vetustis
729 3333 946 3385 ἀναγραφαῖς
975 3341 1012 3370 et
1044 3332 1092 3369 ab

2085 124 2158 157 573

1132 206 1291 258 Ephoro
1322 218 1395 257 pro
1447 205 1591 244 reditus
1632 205 1785 256 epocha
1815 203 2046 256 ponebatur.
2075 208 2162 243 Jam

1132 279 1253 317 quum
1272 264 1461 314 SosibiuS,
1478 264 1702 303 Callimachi
1723 264 1890 315 aequaliS‚
1906 264 1946 301 in
1964 276 2065 302 anno
2080 268 2161 303 He-

1134 324 1362 362 raclidarum
1392 324 1537 362 reditus
1561 324 1735 362 nondum
1764 324 1964 362 recesserit
1983 323 2031 362 ab
2053 332 2162 362 vete—

1133 397 1218 421 rum
1258 384 1519 434 catalogorum
1555 384 1800 435 simplicitate
1814 412 1824 431 ,
1863 392 2161 421 consentaneum

1133 451 1191 481 est
1222 456 1367 481 annum
1404 449 1522 490 1104,
1548 457 1660 494 quem
1691 443 1964 482 Eratosthenes
1981 444 2074 482 huic
2103 444 2161 482 rei

1134 502 1319 552 assignat,
1341 502 1389 540 ab
1410 503 1482 540 hoc
1503 503 1587 553 ipso
1611 502 1766 541 demum
1791 503 2059 541 ratiocinando
2079 516 2162 541 esse

1137 569 1347 611 repertum.

1189 619 1340 657 Etenim
1374 619 1539 670 catalogi
1568 619 1806 671 incipiebant
1839 620 1888 658 ab
1918 634 2007 672 rege
2035 624 2163 671 Eury-

1136 677 1258 715 stheo.
1278 677 1371 727 Ejus
1391 679 1499 727 regni
1519 691 1642 716 annus
1662 680 1813 730 primus
1834 679 1968 731 (1091)
1989 679 2038 718 ab
2058 680 2161 718 anti-

1136 736 1341 787 quioribus
1364 736 1585 786 ponebatur
1605 751 1679 788 pro
1702 739 1851 789 epocha
1875 739 2023 776 reditus
2043 742 2165 777 Hera-

1136 795 1334 833 clidarum.
1349 796 1423 834 Sed
1439 809 1557 845 quum
1571 798 1806 847 Eurystheus
1818 798 1858 835 in
1872 799 1956 850 ipsa
1969 799 2166 849 Pelopon-

1137 868 1229 892 neso
1256 862 1369 892 natus
1389 863 1631 902 narraretur,
1662 856 1858 894 offendere
1891 857 2025 894 debuit
2052 857 2167 908 hujus

1138 917 1235 962 regis
1267 926 1368 950 anno
1395 913 1523 963 primo
1563 914 1705 952 reditus
1739 916 1928 965 epocham
1965 916 2165 967 assignari.

1138 974 1268 1017 Quare
1282 971 1361 1022 jam
1380 972 1583 1023 Ephorus,
1603 981 1646 1009 ut
1662 975 1850 1024 suspicati
1871 988 2021 1023 sumus,
2047 977 2163 1020 14-15

1138 1043 1259 1067 annos
1288 1030 1422 1068 tribuit
1448 1030 1619 1068 infantiae
1646 1033 1870 1082 Eurysthei,
1905 1041 2021 1083 atque
2048 1046 2168 1085 regno

1139 1089 1220 1139 ejus
1240 1103 1316 1127 11011
1340 1096 1409 1138 42,
1426 1097 1470 1127 ut
1492 1090 1530 1127 in
1551 1091 1724 1141 catalogo
1745 1101 1841 1138 erat,
1864 1093 1930 1130 sed
1953 1107 2000 1140 27
2021 1101 2170 1131 1311111111

1141 1162 1263 1186 3111105
1281 1148 1398 1187 dedit.
1420 1149 1542 1186 Aliter
1561 1149 1651 1186 fecit
1670 1151 1955 1189 Eratosthenes.
1973 1155 2009 1189 Is
2030 1151 2171 1203 proba-

1141 1207 1256 1245 bilius
1277 1207 1428 1253 statuit,
1458 1207 1716 1257 Eurystheum
1743 1221 1823 1245 non
1851 1209 2003 1248 decimo
2031 1220 2171 1262 quarto

1141 1267 1202 1304 vel
1224 1266 1380 1316 quinto,
1405 1266 1472 1304 sed
1498 1267 1685 1316 vigesimo
1707 1275 1846 1305 octavo
1867 1268 2024 1306 demum
2052 1271 2173 1308 aetatis

1142 1336 1244 1360 anno
1276 1338 1436 1375 regnum
1463 1326 1676 1376 suscepisse
1690 1341 1700 1372 ;
1722 1340 1848 1377 neque
1878 1335 2007 1366 tamen
2031 1329 2101 1367 hos
2123 1330 2171 1367 28

1144 1396 1263 1421 3111105
1280 1384 1316 1420 in
1337 1385 1520 1428 4211115111
1537 1386 1710 1435 catalogo
1721 1387 1862 1424 notatis
1873 1388 2172 1438 comprehensos

1144 1456 1226 1479 esse
1246 1443 1393 1494 voluit,
1414 1438 1481 1481 sed
1502 1444 1574 1481 illis
1594 1443 1762 1491 addidit,
1790 1445 1844 1490 ita
1865 1454 1906 1483 ut
1934 1447 2173 1496 Eurystheus

1145 1501 1245 1538 circa
1255 1501 1354 1538 idem
1367 1510 1517 1553 tempus
1534 1516 1694 1553 regnare
1705 1503 1894 1554 coepisset,
1907 1518 1985 1555 quo
1997 1506 2174 1556 Ephorus

1145 1560 1313 1598 voluisse
1326 1560 1502 1609 videtur,
1518 1569 1636 1611 atque
1645 1561 1736 1599 inde
1756 1561 1804 1598 ab
1822 1563 1895 1600 hoc
1913 1577 2015 1602 anno
2034 1578 2173 1604 nume—

1146 1627 1248 1658 raret
1277 1620 1326 1656 28
1349 1632 1470 1656 annos
1494 1620 1542 1656 ad
1572 1621 1715 1661 natales
1742 1621 1961 1670 Eurysthei.
1984 1627 2173 1662 Praeterea

1146 1678 1438 1724 Eratosthenes,
1455 1686 1498 1715 ut
1513 1678 1592 1728 jam
1612 1681 1658 1716 O.
1680 1679 1830 1717 Miiller.
1853 1683 1948 1719 Dor.
1971 1684 2021 1730 ΙΙ,
2038 1696 2077 1733 p.
2099 1683 2174 1720 502

1146 1739 1360 1789 suspicatus
1376 1746 1445 1785 est,
1460 1752 1579 1775 unum
1599 1739 1659 1775 vel
1679 1738 1775 1776 duos
1794 1753 1914 1778 annos
1935 1741 2072 1779 tribuit
2086 1743 2177 1780 Ari-

1147 1798 1328 1836 stomeni.
1363 1801 1498 1848 Itaque
1514 1798 1752 1847 Eurystheus
1771 1812 1934 1848 regnare
1952 1801 2088 1851 incipit
2105 1815 2174 1852 29-

1148 1858 1197 1894 30
1223 1857 1331 1893 annis
1362 1865 1450 1907 post
1480 1857 1649 1894 reditum
1679 1857 1984 1896 Heraclidarum.
2016 1886 2066 1892 -
2100 1862 2178 1908 Qui

1147 1929 1265 1966 quum
1301 1915 1403 1952 hunc
1434 1916 1474 1952 in
1507 1915 1665 1952 modum
1699 1918 1826 1964 29-30
1856 1917 1966 1954 annis
1999 1919 2178 1967 superior

1149 1975 1271 2013 factus
1288 1982 1387 2012 esset
1402 1987 1517 2024 quam
1538 1988 1559 2012 a
1581 1973 1778 2025 prioribus
1804 1976 1920 2013 statui
1941 1977 2081 2014 soleret
2098 2008 2107 2025 ‚
2127 1978 2176 2017 ab

1149 2035 1223 2071 hoc
1245 2046 1338 2073 vero
1363 2046 1487 2084 usque
1509 2033 1558 2070 ad
1579 2032 1851 2083 Olympiadem
1867 2034 2029 2084 primam
2050 2046 2178 2076 certus

1149 2092 1306 2143 quidam
1337 2105 1544 2138 numerus,
1574 2099 1617 2127 ut
1639 2091 1819 2137 videtur,
1853 2102 2030 2144 receptus
2057 2104 2178 2145 esset,

1150 2159 1447 2190 consentaneum
1458 2159 1516 2188 est
1529 2151 1646 2188 etiam
1663 2150 1932 2201 Olympiadem
1943 2154 2106 2204 primam
2118 2163 2181 2194 to-

1151 2210 1270 2248 tidem
1287 2210 1395 2248 annis
1415 2209 1464 2246 ab
1485 2209 1736 2247 Eratosthene
1763 2210 2003 2260 superiorem
2025 2213 2178 2252 factam.

1151 2270 1275 2320 Igitur
1292 2268 1340 2306 ab
1352 2269 1562 2305 Alcamenis
1578 2281 1680 2305 anno
1698 2269 1745 2315 37
1769 2277 1916 2306 remota
1931 2279 1989 2308 est
2006 2272 2053 2308 ad
2074 2273 2180 2323 ejus-

1152 2328 1240 2365 dem
1271 2340 1413 2364 annum
1438 2329 1473 2363 8.
1511 2349 1554 2354 --
1588 2326 1867 2377 Explicandum
1901 2337 2030 2367 autem
2061 2339 2180 2370 restat

1152 2400 1221 2423 cur
1271 2385 1546 2423 Eratosthenes
1595 2384 1749 2436 regibus
1797 2387 2179 2428 Lacedaemoniorum

1151 2459 1230 2483 non
1248 2446 1322 2483 315
1341 2458 1476 2492 annos,
1486 2443 1551 2481 sed
1570 2444 1643 2481 325
1664 2458 1736 2482 sec.
1755 2445 1966 2484 Eusebium
1988 2447 2178 2486 tribuerit.

1153 2507 1276 2544 Porro
1296 2505 1327 2542 si
1352 2504 1393 2541 in
1424 2504 1529 2541 hisce
1561 2517 1640 2541 non
1666 2505 1796 2542 omnia
1824 2507 2112 2544 accuratissime
2132 2508 2179 2545 ad

1152 2577 1297 2602 annum
1317 2563 1508 2614 expendi,
1536 2563 1630 2610 hoc,
1652 2571 1748 2614 puto
1763 2593 1774 2612 ,
1803 2573 1966 2615 propter
1993 2579 2179 2603 numero-

1154 2636 1238 2660 rum
1257 2622 1546 2660 fluctuationem
1568 2623 1733 2660 lectores
1753 2622 2002 2661 excusabunt.

1206 2686 1334 2720 Pauca
1352 2682 1413 2719 his
1443 2681 1678 2732 subjungere
1699 2682 1812 2720 liceat
1842 2682 1889 2719 de
1924 2683 2035 2731 loco,
2066 2697 2180 2734 quem

1152 2745 1354 2792 Lycurgus
1388 2749 1426 2778 et
1454 2754 1539 2791 quae
1582 2754 1667 2778 cum
1701 2755 1748 2778 eo
1780 2743 2029 2793 componitur
2060 2744 2180 2794 Iphiti

1152 2803 1350 2853 Olympias
1368 2802 1407 2838 in
1426 2800 1623 2838 veteribus
1643 2802 1877 2852 anagraphis
1898 2804 2159 2853 occupaverit.

1207 2861 1395 2899 Eusebius
1424 2863 1529 2897 Arm.
1552 2873 1588 2909 p.
1615 2860 1688 2908 139
1712 2859 1771 2897 ed.
1797 2861 1876 2898 Mai
1900 2861 2179 2911 Apollodorum

1153 2920 1245 2958 dicit
1270 2934 1290 2957 a
1311 2919 1473 2956 coloniis
1500 2918 1642 2955 Ionicis
1663 2918 1762 2968 (quae
1783 2920 1979 2957 communi
2005 2920 2179 2957 omnium

1152 2993 1340 3018 consensu
1364 2981 1412 3015 60
1433 2980 1542 3015 annis
1561 2977 1770 3025 solaribus,
1788 2978 1848 3015 vel
1871 2992 1949 3016 uno
1969 2979 2077 3028 cyclo
2092 2989 2181 3029 post

1151 3038 1439 3076 Heraclidarum
1448 3036 1613 3073 reditum
1624 3036 1834 3087 ponuntur)
1844 3050 1964 3087 usque
1974 3037 2021 3074 ad
2033 3041 2179 3087 Lycur-

1152 3110 1240 3146 gum
1257 3109 1462 3133 numerare
1476 3108 1597 3132 annos
1623 3109 1635 3130 1
1648 3095 1708 3144 59.
1729 3095 1835 3132 Idem
1856 3109 1904 3133 ex
1923 3097 2178 3134 Eratosthene

1153 3156 1268 3193 tradit
1282 3156 1396 3192 Clem.
1415 3154 1523 3191 Alex.
1542 3157 1573 3202 1,
1594 3168 1624 3191 c.
1645 3167 1708 3201 21,
1746 3168 1782 3204 p.
1804 3161 1878 3199 402
1900 3159 2060 3200 Potter.‚
2085 3164 2176 3194 tom.

1151 3218 1201 3261 II,
1221 3228 1258 3265 p.
1277 3228 1325 3264 92
1340 3214 1486 3260 Klotz.;
1503 3226 1539 3250 v.
1561 3213 1791 3263 Apollodor.
1814 3214 1858 3251 fr.
1873 3216 1934 3261 73.
1955 3217 2040 3252 Jam
2061 3214 2092 3252 si
2113 3227 2176 3252 re-

1153 3273 1350 3324 putaveris
1370 3271 1517 3309 Coroebi
1535 3273 1806 3323 Olympiadem
1818 3273 1916 3310 circa
1942 3274 2095 3324 triginta
2109 3286 2176 3310 au-

1153 3346 1224 3370 1105
1234 3332 1282 3370 31)
1293 3331 1545 3370 Eratosthene
1565 3333 1806 3383 superiorem
1819 3332 1956 3370 factam
1969 3346 2049 3371 esse
2060 3346 2174 3383 quam
