2320 3684
136 187 211 220 392

133 274 170 305 et
181 282 258 318 ipse
276 268 491 304 occidendas
498 266 614 314 foret,
635 266 817 314 expedivit
830 267 1009 301 Hercules
1035 278 1166 314 super—

136 331 301 363 veniens.
299 335 468 375 ·pr0pter
482 326 581 374 quod
590 337 771 361 summum
785 325 978 360 discrimen
997 327 1099 360 visus
1114 332 1168 359 est

865 177 1187 218 PHILOCHORI
1215 176 1546 217 FRAGMENTA.

1194 265 1201 349 1

1221 261 1319 307 ζόνας
1351 265 1630 318 συστρατεύσας,
1674 266 1733 304 καὶ
1771 281 1874 327 γερας
1906 267 2076 318 ἀριστεῖον
2117 263 2246 304 Ἀντιό-

1222 337 1292 369 πην
1322 320 1456 362 ἔλαὸεν.
1474 327 1520 364 Οἱ
1547 324 1582 363 δὲ
1610 324 1768 374 πλείους,
1791 328 1838 363 ὢν
1861 324 1936 363 ἐστὶ
1960 324 2018 363 καὶ
2044 324 2248 377 Φερεκύδης

135 386 184 423 ab
198 386 327 434 inferis
350 389 462 433 remi&
448 397 566 420 ware
593 386 687 419 Hoec
712 391 845 418 narrat
862 382 1101 419 Philochorus
1129 385 1166 417 in
1195 351 1283 418 καὶ
1306 380 1510 427 Ἑλλάνικος
1523 383 1582 422 καὶ
1603 384 1850 437 Ἡρόδωρος,
1841 382 1981 434 ὕστερόν
2004 398 2107 436 φασιν
2131 382 2248 436 ‘Hpot-

134 446 295 482 Atthidis
314 445 481 481 secundo.

187 504 332 542 Eadem
365 501 561 551 Syncellus
597 514 635 550 p.
673 500 759 546 158,
795 502 854 538 C·
873 498 991 553 Κόρης
1024 497 1165 553 ἁρπαγὴ

137 561 387 624 Περσεφόνης
375 559 442 598 υπὸ
462 558 652 603 Ἀϊδωνέως
670 562 731 597 του“
757 559 952 597 Μολοσσῶν
978 557 1167 618 βασιλέως,

137 621 173 665 ὃς
190 625 264 672 εἶχε
291 619 376 658 κύνα
395 617 629 670 παμμεγέθη,
648 617 706 655 τὸν
726 615 913 669 λεγόμενον
936 616 1169 670 Κέρὸερον,ῷ

135 680 193 718 τὸν
213 679 426 732 Πειρίθουν
417 677 559 731 ὕστερον
581 676 792 730 διεχρήσατο
817 675 1097 731 παραγενόμενον
1115 675 1170 729 ἐφ’

142 741 285 791 ἁρπαγῇ
308 740 370 784 τῆς
385 736 547 787 γυναικὸς
569 735 644 787 ἅμα
664 738 790 783 Θησεῖ.
816 734 941 782 Θησέα
957 734 993 774 δὲ
1013 751 1171 789 παρατυ-

135 796 209 850 χὼν
238 796 420 850 Ἡρακλῆς
445 794 614 848 ἓῤῥύσατο
647 794 821 846 μέλλοντα
849 794 1169 848 συνδιαφθείρεσθαι

135 858 186 909 τῷ
203 855 367 909 Πειρίθῳ.
383 853 451 892 Διὰ
466 853 502 892 δὲ
513 853 551 891 τὸ
570 857 631 892 τοῦ
648 852 808 892 κινδύνου
823 857 1000 907 προῦπτον
1013 852 1047 897 ἐξ
1063 851 1169 909 ᾍδου

137 914 316 966 νομίζεται
335 912 476 960 Θησεὺς
496 912 765 962 ἀνεληλυθέναι,
787 914 835 957 ὡς
853 911 1051 966 Φιλόχορος
1072 914 1170 951 ἱστο-

139 979 189 1026 ρεῖ
208 975 242 1012 ἐν
260 972 410 1016 Ἀτθίδος
423 971 583 1025 δευτέρῳ.

191 1102 317 1148 Etym.
345 1101 394 1136 M.
414 1111 447 1135 v.
480 1096 652 1144 Θήσειονε
670 1095 836 1145 Θήσειον,
855 1094 998 1146 τέμενός
1021 1097 1094 1133 ἐστι
1121 1097 1171 1147 τῷ
1200 1134 1204 1146 ,

139 1159 276 1206 Θησεῖ,
298 1157 316 1195 ὃ
341 1162 411 1200 τοῖς
430 1155 582 1200 οἰκέταις
608 1155 734 1194 ἄσυλον
758 1149 814 1203 ἦν,
842 1154 1001 1207 ἐλέγοντο
1022 1153 1058 1192 δὲ
1078 1153 1172 1193 δίκαι

139 1218 308 1255 ἐνταῦθα·
330 1215 353 1262 ἢ
373 1214 453 1258 ναὸς
472 1219 533 1253 τοῦ
565 1213 738 1263 Θησέως,
766 1215 818 1268 ἐφ’
851 1213 888 1252 ὃν
921 1215 951 1251 οἱ
983 1212 1174 1266 ἀποδιδρά-

142 1291 282 1318 σκοντες
306 1275 423 1313 δοῦλοι
452 1273 701 1328 προσέφευγον.
734 1271 932 1325 Φιλόχορος
955 1271 991 1309 δὲ
1011 1273 1049 1309 οὖ
1069 1271 1171 1322 μόνον

138 1333 218 1378 τοὺς
234 1333 371 1377 οἰκέτας
387 1332 427 1371 τὸ
444 1331 594 1371 παλαιόν
617 1348 703 1384 φησι
724 1329 954 1383 καταφεύγειν
975 1332 1021 1374 εἷς
1039 1330 1079 1369 τὸ
1098 1329 1175 1377 Θή-

140 1408 245 1442 σειον,
266 1390 358 1430 ἀλλὰ
377 1390 529 1434 καὶτοὺς
548 1394 707 1429 ὁπωσοῦν
725 1388 953 1433 ἱκετεύοντας.

194 1526 319 1573 Etym.
340 1526 394 1560 Μ.
412 1537 446 1559 V.
469 1520 674 1574 Ἀρητήσιον
688 1536 695 1558 :
711 1519 929 1573 Ἀρητῆσιον,
948 1518 1052 1564 τόπος
1070 1519 1174 1567 Ἀθή-

141 1597 240 1629 νησιν
260 1583 351 1619 ουτω
368 1579 600 1631 καλούμενος,
621 1578 675 1617 ὅτι
697 1578 838 1627 Θησευς
857 1578 946 1630 μετὰ
964 1579 1004 1617 τὸ
1024 1578 1177 1631 υποτρέ-

143 1640 242 1693 ψαι’
227 1655 266 1677 εκ
281 1655 341 1677 του
361 1638 490 1695 ᾍδου,
511 1637 668 1677 ἐκπεσὼν
689 1638 887 1685 Ἀθηνῶν,’
872 1643 983 1676 εκεῖσε
1002 1636 1064 1680 τας
1085 1636 1177 1675 κατα

140 1701 210 1737 τῶν
233 1700 365 1751 ἐχθρῶν
390 1696 476 1751 ἀρὰς
496 1697 699 1744 ἐποιησατο.
718 1695 825 1750 Παρὰ
839 1695 901 1740 τας
917 1696 1002 1750 ἀρὰς
1012 1690 1070 1734 οὖν
1091 1698 1178 1749 ἀρη-

141 1757 262 1805 τήσιον
283 1760 300 1795 ὁ
311 1756 415 1800 τόπος
431 1756 574 1803 εκληθη.
587 1755 694 1795 Οὕτω
708 1754 905 1809 Φιλόχορος
914 1756 949 1794 ἐν
960 1771 1011 1809 τῳ
1029 1753 1178 1809 δευτέρῳ

141 1819 210 1856 τῶν
229 1816 403 1855 Ἀτθίδων.

196 1877 438 1915 Phavorinus
457 1876 494 1915 h.
513 1889 548 1913 v.
575 1875 708 1913 eadem
734 1874 853 1912 habet
873 1887 959 1925 quae
980 1877 1105 1924 Etym.
1126 1877 1177 1911 M.

633 1945 697 1982 49.

197 2012 295 2049 Plut.
322 2011 471 2048 Theseo
498 2025 530 2048 c.
559 2010 708 2053 26:th
749 2007 785 2046 δὲ
819 2007 876 2046 τὸν
908 2006 1032 2046 πόντον
1054 2006 1182 2045 ἔπλευ-

144 2086 184 2108 σε
205 2068 373 2120 (Θησεὺς)
405 2069 462 2108 τὸν
508 2068 687 2118 Εὔξεινον,
717 2070 764 2111 ὡς
794 2066 856 2118 μὲν
889 2065 1089 2120 Φιλόχορος
1122 2065 1183 2104 καί

145 2144 234 2172 τινες
250 2127 350 2166 ἄλλοι
371 2127 532 2179 λέγουσι,
565 2127 642 2179 μεθ’
660 2125 875 2180 (Ηρακλέους
908 2125 965 2163 ἐπὶ
997 2123 1058 2168 τὰς
1076 2124 1185 2176 Ἀμα-

187 2291 378 2332 Proserpina
395 2290 500 2331 puella
523 2291 614 2331 rapta
628 2289 669 2321 ab
693 2288 837 2321 Aidoneo
852 2288 1067 2320 Molossorum
1087 2296 1176 2327 rege,

149 2339 205 2380 qui
228 2337 495 2369 canem-habebat
509 2337 692 2375 ingentem,
718 2338 771 2367 cui
793 2344 912 2367 nomen
928 2337 996 2367 erat
1021 2334 1177 2366 Cerberi:

146 2386 199 2418 hic
216 2385 399 2417 Pirithoum
417 2387 530 2425 postea
547 2383 718 2423 interfecit,
741 2382 798 2423 qui
813 2391 889 2415 cum
911 2382 1036 2414 Theseo
1048 2381 1181 2413 venerat

147 2432 189 2464 ad
205 2431 392 2472 rapiendam
410 2431 490 2471 regis
504 2439 650 2462 uxorem.
660 2431 831 2468 Theseum,
849 2429 902 2460 cui
916 2429 983 2470 iam
994 2428 1106 2460 eadem
1122 2428 1180 2459 im-

147 2477 291 2510 minebat
304 2486 376 2509 sors
389 2500 397 2515 ,
413 2485 512 2517 quam
537 2476 649 2508 habuit
668 2476 832 2507 Pirithous
843 2499 852 2514 ‚
870 2474 1013 2507 servavit
1028 2473 1181 2506 Hercules

147 2525 202 2565 qni
212 2526 294 2556 forte
307 2523 504 2564 supervenit.
518 2524 623 2563 Atque
635 2524 765 2563 propter
773 2522 1055 2562 hancinsperatam
1069 2529 1108 2552 ex
1118 2520 1181 2551 im-

148 2572 284 2604 minenti
305 2570 449 2612 periculo
465 2570 602 2602 salutem
620 2570 763 2601 Theseus
776 2578 813 2600 ex
832 2571 915 2600 Orco
930 2567 1065 2600 rediisse
1083 2567 1182 2599 credi-

149 2623 215 2660 tur,
236 2621 274 2651 ut
290 2618 504 2650 Philochorus
520 2616 618 2649 tradit
637 2616 778 2648 Atthidis
791 2615 874 2647 libro
888 2614 1041 2647 secundo.

633 2671 696 2703 47.

193 2725 373 2761 Theseum,
389 2725 480 2756 locus
497 2723 622 2755 Theseo
639 2731 747 2761 sacer,
770 2722 826 2762 qui
842 2721 944 2754 servis
959 2720 1087 2760 asylum
1103 2729 1183 2761 prae.

150 2772 265 2812 bebat3
277 2772 466 2804 dicebantur
478 2770 522 2802 ibi
536 2778 643 2802 causae
655 2780 664 2809 ;
677 2769 728 2802 vel
740 2769 896 2809 templum
909 2768 1035 2806 Thesei,
1049 2767 1083 2798 in
1095 2767 1183 2807 quod

152 2820 236 2852 servi
254 2819 491 2861 pei-fugiebant.
509 2817 725 2849 Philochorus
743 2825 818 2848 vero
835 2815 899 2854 ait,
917 2815 994 2846 olim
1007 2824 1073 2846 non
1086 2814 1184 2846 modo

152 2875 264 2899 servos
276 2890 285 2906 ,
303 2866 360 2898 sed
380 2865 541 2906 supplices
557 2864 665 2897 omnis
691 2863 815 2905 generis
837 2862 869 2894 in
887 2862 1048 2894 Theseum
1074 2861 1184 2892 consu-

152 2922 249 2954 ngSe.

637 2959 701 2993 48.

195 3014 401 3053 Aretesium,
419 3014 512 3046 locus
534 3013 569 3045 in
593 3013 794 3045 Athenarum
814 3011 913 3051 urbe,
940 3011 986 3043 ita
1009 3009 1185 3051 appellatus

156 3061 243 3100 quod
260 3061 415 3105 Theseus,
433 3070 548 3101 quum,
564 3069 604 3092 ex
625 3062 709 3092 0100
727 3059 828 3091 redux
845 3036 968 3097 111οἷ115,
985 3057 1119 3090 Athenis
1137 3065 1186 3088 es-

155 3109 204 3138 set
219 3107 385 3147 expulsus,
404 3107 470 3139 illic
485 3107 720 3139 exsecrationes
735 3107 769 3137 in
784 3106 895 3138 hostes
910 3104 1036 3137 effudit.
1054 3105 1187 3144 Propter

156 3153 213 3184 1135
227 3154 462 3185 exsecrationes
480 3154 578 3197 (ἀρὰς)
595 3154 685 3185 100115
705 3156 841 3185 vocatus
855 3154 905 3184 est
923 3150 1115 3184 Aletesium.
1139 3152 1188 3182 lta

155 3200 369 3232 Philochorus
388 3201 471 3233 libro
487 3202 631 3234 secundo
650 3202 832 3234 Atthidum.

638 3257 700 3288 49.

198 3305 382 3336 Theseusin
398 3309 533 3346 pontum
549 3307 714 3338 Euxinum
728 3306 904 3347 navigavit,
920 3306 958 3337 ut
978 3304 1189 3337 Philochorus

157 3354 189 3382 et
207 3351 352 3382 nonnulli
375 3352 428 3383 alii
457 3353 615 3392 referunt,
645 3353 814 3385 Herculem
832 3352 871 3384 ad
890 3351 1010 3384 bellum
1035 3351 1189 3383 adversus

158 3401 334 3430 Amazones
342 3402 507 3438 sequutus,
516 3402 545 3431 el
556 3399 723 3440 praemium
735 3399 861 3432 virtutis
872 3399 995 3439 accepit
1003 3398 1185 3439 Antiopam.

1201 1149 1205 1167 1

1222 437 1343 483 κλεους
1362 440 1549 480 ἰδιόστολον
1567 444 1717 480 πλευσαι
1730 442 1787 480 τὸν
1808 441 1955 491 Θησέα,
1976 442 2033 480 καὶ
2053 441 2117 489 τὴν
2137 441 2249 493 Ἀμα-

1223 497 1304 543 ζόνα
1321 499 1440 538 λαὸεῖν
1465 501 1704 553 αἰχμάλωτον,
1719 499 1939 554 πιθανώτερα
1958 500 2125 552 λέγοντες.

1710 577 1771 615 50.

1277 653 1416 692 strabo
1435 657 1510 702 IX,
1531 668 1568 704 p.
1588 656 1677 704 619,
1698 657 1726 693 C
1740 654 1793 706 (p.
1816 661 1905 703 407,
1919 653 2091 702 Tzsch.):
2110 652 2199 706 Περὶ
2216 651 2253 691 δὲ

1225 715 1284 749 τοῦ
1301 711 1476 764 Ἅρματος
1494 728 1553 751 του
1573 715 1764 752 Βοιωτικοῦ
1785 716 1816 751 οἱ
1841 712 1903 765 μέν
1924 728 2027 765 φασιν
2047 710 2254 757 ἐκπέσοντος

1226 772 1265 808 ἐκ
1280 774 1340 809 τοῦ
1361 771 1546 832 ἅρματος’
1531 788 1566 810 εν
1583 775 1626 822 τῇ
1650 772 1750 846 μάχῃ
1765 776 1825 810 τοῦ
1847 771 2063 826 Ἀμφιαράου
2083 769 2176 810 κατὰ
2195 770 2253 810 τὸν

1225 827 1344 878 τόπον,
1374 833 1413 868 ου
1442 834 1502 868 νῦν
1536 831 1609 868 ἐστι
1627 830 1668 869 τὸ
1685 830 1775 884 ιερὸν
1799 846 1926 878 αυτου,
1949 829 1989 868 τὸ
2009 827 2144 882 ἅρμα”
2125 845 2254 881 ερημον

1226 889 1409 941 ἐνεχθηναι
1428 904 1507 942 περι
1520 889 1578 928 τὸν
1593 889 1778 940 ὁμώνυμον
1799 888 1924 928 τόπον·
1945 891 1976 927 οἱ
1997 887 2034 926 δὲ
2055 891 2113 926 τοῦ
2134 887 2257 941 Ἀδρά-

1227 963 1309 987 στου
1324 947 1550 1001 συντριὸἧναι
1568 947 1608 986 τὸ
1627 947 1723 1001 ἅρμα
1745 945 1925 1000 φεύγοντάς
1953 962 2055 1000 φασιν
2080 947 2230 999 ἐνταῦθα
2246 977 2257 995 ,

1226 1006 1285 1045 τὸν
1307 1005 1343 1044 δὲ
1367 1006 1423 1044 διὰ
1442 1009 1501 1044 τοῦ
1535 1005 1703 1059 Ἀρείονος
1733 1008 1898 1052 σωθῆναι.
1919 1007 2117 1058 Φιλόχορος
2141 1004 2171 1042 δ’
2192 1004 2258 1043 ὑπὸ

1226 1067 1296 1104 τῶν
1313 1067 1489 1116 κωμητῶν
1515 1065 1670 1111 σωθῆναί
1693 1080 1797 1117 φησιν
1818 1063 1933 1102 αὐτόν.
1952 1064 2021 1103 Διὰ
2044 1067 2147 1102 τοῦτο
2182 1065 2260 1102 ἶσο-

1227 1124 1403 1163 πολιτείαν
1425 1125 1541 1167 αὐτοῖς
1554 1123 1651 1177 παρὰ
1669 1126 1738 1162 τῶν
1759 1123 1921 1177 Ἀργείων
1940 1122 2104 1177 ὑπάρξαι.

1713 1195 1774 1232 51.

1281 1265 1473 1304 Plutarch.
1492 1265 1605 1302 Thes.
1625 1279 1661 1316 p.
1688 1271 1748 1312 14,
1773 1278 1806 1302 c.
1834 1278 1901 1314 29:
1922 1262 2125 1318 Συνέπραξε
2147 1264 2261 1304 δὲκαὶ

1230 1323 1401 1376 (Θησευς)
1435 1323 1613 1377 Ἀδράστῳ
1631 1321 1694 1368 τὴν
1722 1321 1897 1376 ἀναίρεσιν
1928 1324 1998 1361 τῶν
2016 1323 2084 1362 ὑπὸ
2114 1326 2158 1376 τῇ
2185 1325 2263 1362 Κα-

1230 1382 1333 1435 δμεία
1350 1379 1556 1420 πεσόντων.
1575 1380 1722 1424 ,πείσας
1745 1380 1805 1419 καὶ
1830 1380 2072 1431 σπεισάμενος.
2107 1382 2263 1421 ..Φιλό-

1228 1457 1333 1496 χορος
1350 1439 1385 1478 δὲ
1396 1440 1455 1478 καὶ
1471 1411 1622 1484 σπονδὰς
1635 1440 1715 1493 περὶ
1732 1442 1862 1495 νεκρῶν
1880 1439 2088 1494 ἀναιρέσεως
2102 1439 2263 1492 γενέσθαι

1228 1500 1370 1555 πρώτας
1386 1499 1528 1543 ἐκείνας.

1715 1581 1778 1620 52.

1285 1651 1438 1690 Tatian.
1464 1649 1569 1703 Λόγῳ
1592 1649 1678 1703 πρὸς
1692 1650 1872 1697 Ἵῧλληνας
1893 1651 1914 1700 §
1940 1651 1989 1695 48
2017 1648 2072 1702 [p.
2098 1651 2184 1698 166,
2204 1650 2264 1689 ed.

1234 1711 1389 1762 Colon.]
1415 1718 1453 1748 et
1472 1724 1520 1747 ex
1540 1723 1586 1747 eo
1603 1709 1748 1747 Euseb.
1762 1713 1886 1759 Praep.
1906 1714 2047 1761 Evang.
2062 1713 2101 1748 X
2114 1740 2124 1760 ‚
2150 1724 2208 1758 11,
2226 1724 2265 1760 p.

1237 1777 1325 1821 490,
1347 1774 1377 1808 A
1400 1769 1458 1807 ed.
1479 1770 1563 1818 vig.
1583 1767 1696 1821 εΠερὶ
1726 1770 1788 1814 τῆς
1805 1767 1963 1822 Ὁμήρου
1988 1767 2182 1817 ποιήσεως,
2202 1768 2266 1820 γε’-

1234 1843 1315 1872 νους
1334 1843 1372 1865 τε
1386 1828 1490 1864 αὐτοῦ
1515 1826 1575 1864 καὶ
1598 1826 1744 1880 χρόνου,
1764 1826 1843 1864 καθ’
1859 1825 1895 1864 ὃν
1915 1826 2075 1877 ἤκμασε,
2094 1826 2266 1880 προηρεύ-

1235 1902 1347 1934 νησαν
1367 1885 1602 1939 πρεσὸύτατοι
1630 1883 1692 1936 μὲν
1774 1884 1862 1936 μετὰ
1881 1884 1917 1923 δὲ
1943 1885 2091 1929 ἐκείνους
2114 1885 2267 1940 Ἔφορος

1237 1949 1255 1984 ὃ
1275 1948 1434 1997 Κυμαῖος
1453 1945 1512 1983 καὶ
1535 1943 1735 1997 Φιλόχορος
1758 1947 1775 1983 ὃ
1797 1945 1984 1991 Ἀθηναῖος.
2070 1944 2269 1999 Φιλόχορος

1238 2004 1276 2044 δέ
1293 2007 1410 2059 (φησιν
1430 2003 1532 2043 αὐτὸν
1549 2003 1766 2055 ἠκμακέναι)
1785 2003 1875 2054 μετὰ
1901 2003 1964 2051 τὴν
1982 2003 2140 2050 Ἰωνικὴν
2161 2006 2268 2043 ἀποι-

1238 2064 1316 2103 κίαν
1336 2063 1428 2102 ἔτεσι
1455 2068 1489 2114 μ’
1512 2063 1568 2102 ἐπὶ
1586 2063 1751 2116 ἄρχοντος
1764 2062 1945 2110 Ἀθήνησιν
1965 2062 2160 2116 Ἀρχίππου
2172 2094 2182 2112 ,
2198 2065 2268 2102 τῶν

1241 2123 1400 2162 Ἰλιακῶν
1419 2122 1559 2176 ὕστερον
1578 2121 1688 2161 ἔτεσιν
1709 2121 1830 2160 ἑκατὸν
1844 2122 2070 2172 ὀγδοήκοντα.

1238 2230 1279 2260 At
1294 2229 1397 2268 major
1412 2236 1498 2268 pars,
1516 2227 1550 2258 in
1581 2226 1700 2266 quibus
1719 2229 1768 2258 est
1789 2226 2007 2267 Pherecydes,
2032 2227 2217 2260 Hellanicus
2236 2230 2271 2260 et

1239 2275 1438 2314 Herodotus,
1462 2276 1536 2315 post
1560 2273 1731 2306 Herculem
1748 2274 1840 2305 aiunt
1869 2282 1943 2305 cum
1961 2274 2088 2314 propria
2101 2275 2203 2307 classe
2217 2285 2270 2307 113-

1241 2324 1371 2362 vigasse
1387 2322 1559 2360 Theseum,
1573 2322 1605 2353 et
1621 2321 1782 2361 captivam
1796 2320 1929 2353 duxisse
1951 2321 2034 2353 113110
2056 2324 2269 2354 Amazonem:

1242 2369 1331 2409 quod
1347 2369 1480 2410 quidem
1497 2370 1547 2401 est
1561 2367 1772 2409 probabilius.

1284 2475 1380 2512 Quod
1409 2474 1449 2506 ad
1478 2476 1598 2506 Harma
1627 2474 1806 2506 Boeoticum
1822 2475 1957 2514 spectat,
1982 2475 2060 2506 sunt
2075 2474 2131 2515 qui
2146 2474 2269 2515 dicant,

1244 2522 1440 2562 Amphiarao
1456 2521 1491 2553 in
1506 2530 1614 2562 pugna
1629 2530 1647 2554 e
1659 2530 1756 2553 curru
1773 2520 1924 2562 prolapso
1941 2521 1998 2561 ibi,
2024 2521 2080 2552 ubi
2098 2530 2186 2554 nunc
2201 2522 2271 2563 ejus

1242 2571 1292 2599 est
1306 2569 1471 2608 sacellum,
1488 2577 1621 2600 currum
1634 2577 1774 2600 vacuum
1786 2567 1928 2599 delatum
1939 2576 2009 2599 esse
2025 2568 2063 2599 ad
2082 2567 2202 2607 locum,
2215 2570 2270 2609 qui

1244 2615 1284 2647 ab
1298 2625 1335 2647 eo
1352 2617 1474 2647 Harma
1495 2619 1652 2647 vocatur:
1671 2615 1725 2647 alii
1747 2615 1876 2647 Adrasti
1897 2615 2048 2655 fugientis
2074 2624 2205 2648 currum
2226 2616 2269 2648 ibi

1243 2662 1443 2693 confractum
1456 2662 1558 2701 aiunt,
1579 2662 1687 2702 ipsum
1705 2671 1781 2693 vero
1800 2661 1928 2693 Arionis
1944 2662 2019 2702 equi
2034 2671 2095 2703 ope
2117 2663 2271 2698 evasisse.

1243 2709 1457 2740 Philochorus
1471 2718 1490 2740 a
1503 2709 1574 2750 pagi
1590 2709 1684 2748 hujus
1698 2708 1810 2740 incolis
1823 2709 1866 2740 ait
1882 2717 1956 2740 eum
1970 2711 2134 2742 servatum
2150 2710 2248 2743 fuisse
2261 2719 2269 2741 :

1243 2757 1380 2797 ideoque
1398 2757 1445 2788 eis
1457 2757 1510 2797 ιῐ115
1532 2756 1671 2788 civitatis
1686 2756 1771 2797 apud
1787 2756 1923 2797 Argivos
1936 2764 2018 2788 esse.

1727 2810 1789 2842 51.

1287 2861 1429 2893 Theseus
1457 2862 1585 2902 adjutor
1606 2862 1744 2894 Adrasto
1760 2862 1822 2894 suit
1843 2862 1885 2894 ad
1901 2861 2119 2903 recuperanda
2142 2862 2269 2894 illorum

1244 2916 1378 2947 corpora
1391 2908 1446 2948 qui
1459 2909 1521 2941 sub
1542 2909 1683 2941 Cadmea
1699 2909 1897 2948 ceciderant,
1965 2909 2051 2942 datis
2067 2910 2271 2950 acceptisque

1244 2954 1320 2985 hinc
1333 2954 1407 2986 inde
1419 2955 1569 2987 induciis.
1642 2957 1853 2988 Philochorus
1867 2956 1965 2988 etiam
1981 2956 2130 2988 inducias
2151 2956 2191 2989 de
2212 2957 2270 2989 tol-

1245 3000 1348 3033 lendis
1365 3002 1459 3034 caesis
1470 3003 1541 3034 illas
1557 3003 1657 3035 fuisse
1669 3004 1790 3044 primas
1808 3003 1918 3036 tradit.

1287 3116 1335 3146 Ac
1350 3113 1390 3145 de
1407 3114 1538 3145 Homeri
1562 3113 1692 3154 quidem
1714 3114 1823 3155 poesi,
1839 3123 1953 3154 genere
1978 3122 2015 3145 ac
2039 3115 2183 3155 tempore
2204 3122 2270 3154 quo

1247 3161 1400 3199 floruerit,
1413 3160 1558 3192 omniurn
1576 3161 1831 3201 antiquissimi...
1844 3162 1911 3202 jam
1930 3161 2096 3201 diligenter
2105 3163 2271 3202 antequae-
2311 3198 2314 3199 ⁷

1247 3208 1402 3240 siverunt.
1422 3207 1545 3244 Quibus
1561 3207 1672 3240 eadem
1686 3208 1719 3239 in
1736 3217 1831 3248 opera
1846 3216 2027 3240 successere
2042 3207 2188 3248 Ephorus
2208 3209 2269 3239 Gu-

1248 3263 1350 3287 maeus
1361 3278 1370 3294 ,
1386 3254 1596 3286 Philochorus
1610 3255 1823 3287 Atheniensis.
1891 3255 2103 3287 Philochorus
2121 3254 2179 3294 (ait
2194 3262 2268 3286 eum

1249 3302 1407 3343 floruisse)
1424 3306 1497 3342 post
1517 3302 1659 3334 Ionicam
1677 3302 1835 3334 coloniam
1857 3302 1949 3333 annis
1972 3301 2204 3342 quadraginta,
2221 3309 2268 3332 ar-

1249 3351 1365 3382 chonte
1391 3349 1524 3381 Athenis
1550 3348 1730 3390 Archippo,
1759 3349 1851 3381 annis
1874 3351 1948 3390 post
1974 3357 2119 3381 eversam
2140 3347 2268 3388 Trojam

1250 3398 1379 3429 centum
1395 3397 1427 3429 et
1440 3395 1612 3437 octoginta.
