2320 3684
176 148 250 181 570

174 243 314 268 vorum
348 229 593 267 Daedalorum
622 226 878 264 celebratione
911 237 1030 275 quum
1056 223 1201 261 lunaris

177 302 298 327 annus
317 287 451 326 eodem
471 286 532 323 die
550 298 627 335 quo
647 285 782 321 solaris
801 283 1085 329 absolveretur,
1118 294 1201 318 ma·-

179 361 253 398 gna
271 346 427 384 Daedala
446 358 467 381 a
488 352 565 380 tota
584 343 727 380 Boeotia
747 342 970 392 agebantur.
992 368 1042 375 -
1064 339 1198 378 Habe-

183 420 266 444 mus
286 406 400 455 igitur
415 404 552 440 festum
569 402 805 452 sexagesimo
821 401 936 438 tertio
949 400 1087 450 quovis
1100 412 1199 436 anno

181 464 228 502 ab
250 462 426 500 omnibus
451 461 586 498 Boeotis
605 459 860 507 celebratum,
894 459 997 509 quod
1028 459 1201 496 similiter

181 537 223 560 ac
244 519 542 570 Daphneplioria
573 520 622 568 (v.
649 520 806 556 Proclus
821 532 881 569 ap.
903 518 1014 556 Phot.
1043 531 1081 568 p.
1107 516 1199 567 987)

182 588 311 630 aperte
322 592 400 628 prae
417 591 455 614 se
468 578 538 616 fert
549 577 862 628 significationem
879 577 1200 625 chronologicam.

183 638 402 675 Accuratius
427 637 508 673 haec
530 636 708 686 persequi
725 636 804 686 jam
825 636 980 687 quidem
1002 648 1078 672 non
1101 635 1200 681 licet,

181 697 346 746 attigisse
371 694 548 732 sufficiat.
573 698 657 732 Hoc
677 709 794 733 unum
814 704 962 732 tantum
987 708 1139 740 moneo,
1162 694 1201 731 in

183 768 330 805 magnae
347 754 459 804 hujus
476 754 627 804 periodi
653 754 841 792 divisione
866 754 1015 792 easdem
1041 754 1202 804 reperiri

182 813 464 863 proportiones,
475 826 588 862 quam
603 813 640 850 in
660 813 724 850 illa
742 814 980 864 singulorum
997 825 1200 850 annorum.

181 876 275 910 Nam
299 873 352 908 uti
375 885 521 908 menses
540 872 578 908 in
603 871 861 909 hebdomades
879 871 1108 918 diviserunt,
1127 885 1201 908 no-

182 946 267 970 vem
291 940 416 969 autem
437 945 584 969 menses
613 932 662 969 ad
690 945 807 969 unum
829 932 1022 982 quoddam
1041 933 1204 983 conjun—

182 999 338 1036 xerunt,
357 991 408 1028 sic
425 1004 562 1028 novem
582 991 731 1041 peniodi
749 1000 894 1042 septem
911 1005 1098 1029 annorum
1117 1005 1202 1029 ma—

182 1063 297 1100 gnum
308 1050 412 1087 illum
425 1050 669 1087 Daedalorum
686 1051 836 1100 cyclum
853 1051 1072 1088 effecerunt.

235 1110 366 1147 Putari
387 1109 541 1159 quidem
559 1118 688 1160 posset
700 1110 802 1146 hunc
819 1110 968 1159 cyclum
987 1109 1140 1161 nonnisi
1156 1109 1204 1146 ad

182 1167 423 1206 Daedalorum
445 1167 562 1205 festos
578 1168 831 1218 pertinuisse3
850 1181 937 1205 nam
958 1167 1062 1214 alibi,
1079 1181 1204 1218 quan-

183 1235 262 1263 tum
283 1227 398 1263 sciam
413 1256 422 1273 ,
452 1239 659 1276 numquam
679 1235 924 1263 memoratur.
953 1226 1026 1263 Sed
1046 1227 1204 1262 omuino

183 1284 414 1335 paucissima
429 1283 477 1322 de
496 1284 555 1320 his
584 1284 700 1321 rebus
723 1293 872 1322 veteres
894 1283 1006 1321 nobis
1032 1283 1204 1320 tradide—

184 1350 295 1387 runt;
328 1342 498 1392 ipsisque
528 1342 670 1379 Graecis
702 1342 769 1393 (ut
791 1342 984 1379 Pausaniae
1005 1343 1112 1380 locus
1133 1343 1202 1380 de-

183 1400 396 1452 monstrat)
437 1401 517 1438 haec
542 1401 671 1438 omnia
703 1409 866 1451 propter
895 1402 1052 1438 serioris
1083 1402 1204 1438 aetatis

184 1468 398 1509 temporum
418 1460 725 1509 computationes
738 1460 860 1496 minus
870 1468 1070 1510 perspecta
1085 1469 1204 1498 erant.

184 1522 311 1567 Quare
331 1518 568 1567 antiquitatis
585 1518 778 1555 silentium
796 1519 890 1555 nihil
913 1519 1094 1569 impedit,
1112 1519 1204 1569 quin

184 1577 313 1626 cyclus
331 1576 393 1612 ille
411 1589 431 1612 a
462 1575 597 1625 majori
626 1578 782 1614 Graeciae
816 1586 926 1627 parte
956 1577 1003 1614 ad
1029 1585 1205 1628 tempora
1231 1579 1235 1621 1

184 1634 443 1685 computanda
458 1635 706 1672 adhiberetur
722 1645 837 1686 atque
859 1636 961 1674 basis
982 1636 1091 1686 quasi
1108 1645 1206 1674 esset

183 1693 457 1743 antiquissimae
489 1693 759 1744 chronologiae.
791 1698 924 1745 Neque
949 1708 1085 1732 vanans
1109 1695 1207 1732 hanc

185 1753 441 1802 suspicionem
455 1766 548 1798 csse,
571 1753 675 1800 satis,
698 1754 850 1804 opinor,
862 1763 1136 1805 arguunt,quae
1159 1754 1206 1791 de

184 1811 387 1848 intervallo
398 1811 498 1848 inter
510 1814 684 1861 Ogygem
696 1821 733 1849 et
748 1815 976 1863 Cecropem,
999 1813 1124 1863 deque
1141 1813 1206 1850 illo

185 1871 285 1908 inter
308 1872 514 1919 Cecropem
527 1871 879 1920 ctDcmophontem
898 1872 1111 1921 interject0‚
1127 1885 1208 1922 por-

185 1942 230 1966 ro
250 1942 334 1978 quae
348 1928 395 1964 de
413 1928 560 1974 Cadmi,
572 1929 748 1978 Dionysi,
765 1931 949 1978 Herculis,
964 1935 1207 1980 Argonauta-

186 2001 270 2025 rum
286 1986 521 2037 temporibus
538 1988 574 2023 in
593 1988 907 2026 antecedentibus
927 1990 1077 2036 monui3
1097 1991 1207 2040 plura

185 2045 299 2095 hujus
313 2045 461 2095 generis
478 2046 703 2095 praebebunt
722 2048 928 2096 sequentia.
949 2051 1093 2085 Verum
1110 2062 1205 2098 prae-

185 2114 243 2142 ter
263 2105 326 2141 illa
348 2105 471 2154 spatia
492 2106 539 2142 63
559 2119 748 2143 annorum
761 2135 771 2153 ,
791 2106 932 2157 quibus
958 2121 1018 2144 res
1038 2121 1205 2159 magnae,

186 2177 267 2214 quae
288 2163 584 2215 παραπηγμάτων
607 2164 729 2201 instar
749 2173 854 2211 sunt,
877 2165 1051 2203 distineri
1070 2167 1206 2214 solent,

186 2223 324 2272 saepius
338 2221 483 2258 attendi
507 2221 553 2259 ad
574 2222 725 2259 minora
746 2223 947 2260 intervalla
972 2232 1117 2274 septem
1145 2227 1205 2263 vel

185 2280 491 2332 quattuordecim
512 2289 582 2319 etc.
601 2295 788 2320 annorum
802 2311 811 2329 ‚
834 2290 909 2320 tam
935 2284 1072 2322 crebro
1093 2284 1207 2322 obvia

185 2340 225 2377 in
244 2339 399 2388 antiqua
418 2338 686 2390 chronologia,
705 2349 748 2378 ut
765 2341 1009 2379 attentiorem
1025 2357 1103 2380 non
1125 2357 1207 2394 pos—

186 2398 261 2435 sint
280 2398 459 2446 effugere.

241 2459 337 2502 Quae
357 2455 484 2492 omnia
505 2468 624 2505 quum
644 2456 826 2494 fluxerint
852 2471 901 2495 ex
921 2461 1081 2497 vetustis
1105 2469 1206 2498 tem-

187 2515 339 2566 plorum
367 2515 594 2566 ἀναγραφαῖς,
618 2515 718 2552 ultro
742 2515 790 2553 de
810 2530 940 2554 earum
968 2519 1208 2558 institutione

188 2573 431 2612 subnascitur
447 2572 629 2622 suspicio.
653 2576 709 2611 Ex
729 2574 773 2611 iis
793 2575 907 2618 enim,
923 2590 1007 2625 quae
1030 2578 1144 2615 modo
1169 2580 1207 2616 in

188 2632 356 2671 inedium
370 2631 617 2682 protulimus,
633 2632 859 2682 intelligitur
889 2636 1206 2675 necessitudinem

188 2691 380 2742 quandam
422 2690 636 2743 ἀναγραφαῖς
671 2690 929 2729 intercessisse
969 2707 1054 2730 cum
1098 2697 1209 2743 cyclis

188 2750 262 2787 illis
288 2750 495 2794 festorum,
529 2749 596 2798 qui
621 2749 695 2798 ipsi
721 2763 769 2786 ex
806 2751 963 2800 antiqua
991 2760 1208 2803 temporum

190 2806 536 2858 computandorum
563 2806 737 2844 doctrina
766 2809 930 2858 profecti
954 2818 1054 2847 sunt.
1077 2815 1209 2862 Neque

191 2867 400 2917 quidquam
434 2866 581 2903 facilius
612 2867 814 2916 explicatu.
840 2871 940 2905 Nam
962 2877 1000 2906 et
1030 2869 1207 2909 festorum

192 2925 412 2976 procuratio
432 2934 470 2962 et
485 2926 678 2963 annalium
697 2928 887 2965 confectio
906 2928 1042 2968 iisdem
1058 2930 1209 2969 deman·-

193 2985 289 3021 datae
312 2993 420 3021 erant
449 2984 724 3023 sacerdotibus.
743 2987 812 3034 Hi,
844 2995 887 3023 ut
911 2997 1208 3028 consentaneum

192 3052 266 3088 est,
282 3044 393 3081 initio
415 3053 554 3094 praeter
572 3046 726 3083 nomina
746 3047 988 3085 sacerdotum
1007 3058 1047 3086 et
1067 3064 1208 3099 annos,

194 3102 332 3152 quibus
365 3103 526 3152 quisque
557 3105 774 3143 sacerdotio
803 3115 962 3144 ornatus
993 3108 1107 3146 fuerit
1124 3139 1134 3157 ,
1166 3124 1209 3149 ea

195 3168 340 3197 tantum
369 3162 640 3212 consignarunt
670 3177 755 3214 quae
782 3166 957 3215 proxime
987 3168 1210 3217 spectabant

194 3219 240 3255 ad
259 3219 320 3255 dei
336 3221 480 3256 cultum
510 3222 721 3272 templique
752 3223 967 3262 historiam.
991 3230 1086 3273 Quae
1112 3241 1211 3278 quo-

194 3277 295 3313 niam
314 3286 457 3314 tantum
475 3292 551 3315 non
569 3281 691 3317 omnis
711 3283 749 3318 in
772 3282 878 3320 festis
898 3283 975 3320 illis
1001 3286 1126 3334 posita
1146 3301 1211 3324 es-

196 3343 274 3379 set,
302 3336 456 3373 annales
486 3337 645 3374 eandem
674 3340 775 3377 nacti
808 3350 896 3378 sunt
918 3342 1143 3382 divisionem
1166 3359 1209 3383 ac

1058 135 1358 176 ANNOTATIO

2316 173 2320 181 .
2308 0 2320 123 ...nau-A

1262 223 1355 260 festa
1373 223 1544 264 deorum.
1561 230 1652 265 Mox
1670 235 1797 266 autem
1817 243 1894 267 non
1913 231 2078 282 amplius
2097 233 2134 270 in
2152 241 2198 271 'eo
2214 246 2278 271 ao·-
2318 230 2320 234 ¹

1261 283 1490 331 quieverunt
1521 294 1564 323 ut
1579 299 1656 324 suae
1674 300 1735 325 res
1758 290 1952 328 memoriae
1978 291 2098 329 literis
2116 292 2277 330 manda-

1260 351 1359 388 rent,
1379 343 1443 380 sed
1475 345 1619 394 priscas
1633 359 1789 396 quoque
1805 347 1880 395 dei,
1899 350 2047 400 templi,
2066 351 2199 401 populi
2217 351 2278 389 sui

1260 399 1436 438 historias
1452 402 1647 442 fabulasve
1664 405 1710 441 ad
1727 405 2018 458 chronologicas
2034 409 2200 446 rationes
2215 421 2280 446 re-
2317 415 2320 417 ’

1259 468 1458 497 vocarunt.
1472 464 1544 498 Eas
1561 462 1691 511 igitur,
1707 463 1810 512 quod
1826 463 1932 501 facile
1947 466 2128 515 largieris,
2143 466 2279 504 eodem

1262 518 1379 555 modo
1400 518 1636 557 adornabant
1663 534 1707 558 ae
1740 522 1898 572 reliqua.
1918 523 2078 573 Majoris
2106 537 2167 562 res
2195 537 2280 561 mo-
2306 555 2308 558 v

1261 577 1378 614 menti
1398 577 1629 627 majoribus,
1651 579 1809 617 minoris
1831 581 2047 620 minoribus
2062 582 2178 632 cyclis
2198 582 2280 620 dis-

1263 635 1444 674 tinebant.
1462 641 1560 675 Nam
1582 651 1810 688 quamquam
1829 639 1867 676 in
1884 641 2107 678 universum
2124 641 2282 692 quidem

1262 695 1503 745 genealogias
1521 695 1734 733 fabularum
1760 699 1970 748 respexisse
1996 699 2198 749 videntur,
2220 707 2281 737 ta-

1264 764 1372 799 men,
1401 766 1519 803 quum
1539 754 1598 791 hae
1629 767 1820 792 annorum
1847 770 2027 794 numeros
2049 769 2183 807 parum
2210 770 2281 795 cu-

1263 819 1362 859 rent,
1379 812 1618 850 accuratiora
1643 814 1773 850 omnia
1794 814 1971 865 ipsorum
1993 815 2154 854 arbitrio
2175 823 2285 854 erant

1262 870 1405 908 relicta.

1317 931 1554 979 Temporum
1571 929 1734 968 decursu
1757 940 1897 981 praeter
1918 932 2074 969 nomina
2102 931 2283 970 sacerdo·

1264 994 1343 1023 tum
1374 995 1412 1024 et
1429 995 1629 1038 poetarum
1651 989 1960 1040 musicorumque
1976 991 2157 1028 victorias
2181 990 2286 1029 festis

1263 1044 1337 1082 illis
1350 1045 1584 1096 deportatas,
1601 1060 1661 1084 res
1677 1060 1832 1098 quoque
1845 1048 1892 1085 ad
1909 1049 2105 1099 politicam
2127 1052 2286 1087 Graeco-

1264 1116 1348 1139 rum
1367 1117 1438 1140 nec
1457 1117 1535 1141 non
1551 1104 1803 1142 barbarorum
1819 1106 2021 1144 historiam
2035 1108 2285 1158 pertinentes,

1266 1168 1303 1197 et
1322 1161 1553 1198 archontum
1575 1164 1750 1209 nomina,
1769 1177 1903 1200 eorum
1921 1173 2025 1202 certe
2055 1164 2126 1202 sub
2146 1164 2287 1216 quibus

1265 1219 1358 1256 festa
1375 1219 1566 1258 celebrata
1583 1230 1706 1268 erant,
1721 1222 1758 1258 in
1771 1222 1972 1260 annalibus
1982 1232 2199 1261 enotarunt.
2213 1222 2288 1261 Sed

1265 1290 1313 1313 ne
1350 1277 1430 1315 haec
1453 1279 1610 1328 quidem
1642 1280 1693 1316 ita
1722 1281 1921 1330 proposita
1937 1293 2018 1318 esse
2035 1281 2227 1328 videntur,
2245 1289 2288 1320 ut

1265 1349 1355 1373 suus
1370 1338 1528 1387 singulis
1547 1351 1668 1376 annus
1692 1340 1962 1390 assignaretur;
1980 1340 2045 1378 sed
2060 1341 2113 1378 ita
2129 1350 2172 1377 ut
2189 1353 2290 1378 non-

1266 1396 1339 1433 nisi
1356 1397 1401 1433 ad
1423 1397 1523 1434 hunc
1535 1398 1708 1435 velillum
1725 1400 1885 1448 cyclum,
1900 1408 2091 1450 tamquam
2108 1401 2289 1451 ἐπισημα-

1265 1453 1352 1499 σίαι,
1365 1468 1424 1492 res
1442 1469 1484 1492 ac
1501 1456 1656 1493 nomina
1673 1467 1973 1508 apponerentur.
1992 1459 2088 1498 Inde
2105 1458 2290 1496 differen-

1268 1513 1326 1549 tiae
1343 1513 1413 1550 illae
1430 1515 1490 1551 vel
1509 1523 1657 1564 septem
1688 1516 1750 1552 vel
1770 1516 2062 1566 quatuordecim
2078 1529 2287 1563 annorum,

1265 1585 1428 1621 quaenon
1438 1573 1551 1610 modo
1560 1574 1598 1610 in
1611 1574 1881 1624 antiquissimae
1893 1576 2096 1623 memoriae,
2105 1575 2168 1612 sed
2176 1575 2291 1613 etiam

1265 1632 1307 1669 in
1328 1633 1523 1671 historicae
1544 1635 1664 1672 aetatis
1680 1635 1794 1673 rebus
1812 1644 1885 1672 tam
1906 1648 2007 1686 saepe
2023 1643 2242 1673 occurrunt.

1321 1692 1435 1738 Quod
1465 1700 1615 1743 tempus
1640 1695 1798 1741 attinet,
1828 1708 1904 1744 quo
1932 1693 2131 1747 ἀναγραφαί
2151 1703 2294 1732 nostrae

1266 1763 1343 1786 non
1365 1751 1529 1800 amplius
1550 1751 1646 1788 meri
1673 1761 1798 1789 essent
1823 1752 2067 1790 sacerdotum
2097 1752 2262 1803 catalogi
2276 1781 2287 1801 ,

1267 1807 1332 1845 sed
1358 1808 1405 1845 ad
1424 1809 1618 1846 annalium
1646 1809 1804 1846 formam
1826 1811 1986 1860 propius
2023 1810 2100 1861 jam
2127 1811 2289 1848 accede-

1267 1876 1371 1912 rent,
1408 1867 1448 1904 id
1482 1876 1568 1917 post
1598 1868 1866 1918 Olympiadum
1896 1869 2048 1906 initium
2069 1869 2292 1920 ponendum

1266 1938 1348 1962 csse
1363 1954 1374 1974 ,
1404 1939 1478 1963 non
1510 1934 1638 1976 potest
1678 1925 1857 1963 dubitari.
1889 1929 1984 1964 Nam
2021 1935 2059 1965 et
2099 1927 2292 1966 scribendi

1267 1996 1328 2021 ars
1366 1997 1410 2021 ea
1444 1992 1556 2021 aetate
1599 1985 1690 2022 satis
1735 1985 1906 2035 vulgaris
1939 1999 2021 2023 esse
2060 1985 2195 2023 debuit
2212 2015 2223 2034 ‚
2253 1993 2293 2024 et

1267 2042 1499 2080 desiderium
1540 2044 1735 2093 quoddam
1777 2053 1814 2080 et
1850 2045 2020 2082 studium
2047 2042 2310 2096 superiorum'

1267 2114 1394 2137 rerum
1426 2102 1652 2139 memoriam
1676 2101 1870 2139 recolendi
1891 2103 2007 2152 inque
2034 2103 2208 2141 ordinem
2227 2116 2290 2141 re-

1265 2159 1418 2210 digendi
1435 2159 1669 2210 efflagitatur
1685 2159 1747 2211 (*).

1307 2235 1351 2275 (⁴7
1367 2239 1413 2266 De
1433 2235 1682 2277 antiquissimis,
1697 2244 1771 2276 quae
1782 2244 1822 2267 ex
1844 2236 1922 2268 vett.
1934 2236 2145 2277 scriptoribus
2156 2237 2190 2269 ia
2209 2237 2297 2271 noti-

1264 2282 1342 2314 tiam
1353 2284 1494 2314 nostram
1509 2284 1734 2323 pervenerunt,
1750 2283 1934 2325 ἀναγραφαῖς
1945 2293 1977 2316 v.
1990 2287 2028 2316 0.
2037 2283 2162 2316 muner.
2176 2288 2251 2318 Dor.
2263 2286 2300 2329 1¹⁵2.

1264 2338 1296 2369 p.
1317 2332 1392 2368 130,
1417 2331 1449 2360 et
1472 2329 1641 2361 Boeckhius
1662 2329 1694 2360 in
1723 2333 1818 2370 corp.
1844 2333 1942 2362 Inscr.
1963 2331 2042 2362 tom.
2061 2333 2092 2368 Ι,
2110 2339 2143 2371 p.
2162 2334 2202 2364 63
2227 2331 2300 2374 sqq,

1265 2377 1344 2407 tom.
1377 2379 1417 2407 11.
1441 2375 1482 2407 N⁰
1506 2379 1599 2415 2655,
1623 2375 1680 2407 ubi
1705 2384 1744 2407 ex
1764 2376 1973 2416 inscriptione
2002 2376 2298 2420 Halicarnassensi,

1265 2421 1451 2454 recentioris
1476 2421 1531 2454 illa
1559 2422 1691 2462 quidem
1711 2423 1890 2476 memoriae,
1915 2423 2095 2464 catalogum
2114 2423 2168 2455 dat
2187 2427 2301 2478 sacer-3

1266 2469 1377 2501 dotum
1402 2469 1553 2509 Neptuni.
1569 2469 1616 2501 Cf.
1632 2470 1760 2501 Preller.
1779 2479 1814 2501 m
1838 2470 1944 2502 libello
1961 2471 2002 2502 de
2017 2470 2179 2502 Hellanico
2199 2471 2299 2516 (Dor-t⁶

1266 2516 1334 2556 pati
1349 2516 1563 2556 Livonorum,
1580 2517 1694 2557 1840),
1716 2526 1748 2557 p.
1765 2521 1818 2557 36,
1838 2526 1904 2557 quo
1922 2517 1994 2549 1000
2023 2516 2134 2549 iaudat
2153 2521 2191 2550 O.
2213 2518 2300 2551 mat-3

1267 2564 1368 2596 lerum
1384 2563 1429 2599 (in
1446 2563 1645 2603 Ephemerid.
1669 2564 1820 2604 Goetting.
1847 2567 1938 2605 1837,
1950 2574 1982 2605 p.
2001 2562 2094 2604 893),
2106 2565 2296 2607 impugnata

1267 2612 1334 2642 tem
1351 2609 1510 2641 clintonis
1525 2609 1708 2650 opinionem
1721 2634 1731 2650 ,
1745 2610 1801 2650 qui
1821 2610 1993 2652 ἀναγραφὰς
2008 2619 2121 2651 regum
2144 2611 2300 2665 Lacedmg·i

1268 2656 1448 2687 moniorum
1470 2658 1502 2688 et
1525 2656 1726 2689 sacerdotum
1750 2657 1886 2688 iunonis
1906 2657 2028 2689 reditus
2052 2657 2292 2693 Heraclidamm

1268 2704 1301 2734 et
1324 2703 1398 2734 belli
1422 2702 1550 2743 Trojani
1580 2703 1782 2743 temporibus
1809 2703 1956 2735 conditas
1989 2712 2059 2736 esse
2082 2702 2305 2739 asseveravit}

1267 2750 1502 2782 VerbaMiilleri
1514 2758 1533 2781 a
1545 2750 1681 2782 Prellero
1689 2750 1851 2790 exscripta
1860 2750 1930 2782 haec
1939 2753 2015 2782 sunt
2029 2760 2036 2781 ε
2050 2754 2108 2783 «Es
2124 2751 2168 2784 ist
2179 2752 2303 2794 gewissz

1267 2797 1340 2828 dass
1353 2796 1441 2828 diese
1466 2797 1642 2828 Urkunden
1661 2797 1997 2838 verhaeltnissmaessig
2013 2798 2086 2830 sehr
2101 2799 2148 2832 alt
2162 2804 2305 2842 waren&

1268 2843 1309 2875 da
1322 2843 1368 2875 sie
1378 2843 1438 2874 den
1453 2843 1643 2883 kundigsten
1653 2844 1828 2876 Fon-schem
1838 2844 2045 2884 (Hellanicus,
2054 2846 2302 2897 Eratosthenes),

1267 2890 1420 2930 verburgt
1441 2898 1545 2930 genu-g
1570 2890 1740 2930 schienen‚
1767 2899 1821 2922 um
1850 2891 1907 2922 der
1926 2891 2212 2933 chronologischen
2234 2896 2304 2939 Ἠοῖ-’θ

1268 2936 1431 2975 rechuung
1446 2944 1559 2975 ganzer
1575 2936 1763 2968 zeitraeume
1777 2946 1816 2968 zu
1832 2937 1961 2969 Grunde
1974 2938 2076 2978 gelegt
2090 2948 2130 2970 zu
2146 2938 2301 2974 werdone

1269 2983 1581 3022 Dessenungeachtet
1592 2983 1665 3015 sind
1680 2983 1740 3015 wir
1751 2984 1838 3015 wohl
1851 2985 2028 3025 genoethigt
2050 2986 2304 3034 anzimehmemg

1268 3029 1344 3061 dass
1361 3029 1394 3061 in
1409 3028 1466 3061 der
1476 3029 1542 3063 zeit
1554 3054 1563 3069 ,
1583 3039 1635 3062 wo
1649 3030 1700 3062 die
1713 3031 1831 3062 schrift
1848 3031 1970 3063 beiden
1989 3032 2144 3064 Giiechen
2155 3032 2224 3064 sich
2236 3031 2320 3074 hang,

1269 3076 1828 3116 stimmte1·nacliweisenlfflt‚d.h.
1844 3078 1887 3109 im
1900 3077 2232 3112 aclitenmlerhoechst
2265 3124 2268 3125 ⁷
2287 3076 2291 3082 '
2319 3075 2320 3084 ¹

1269 3124 1413 3156 neunten
1425 3123 1658 3156 Jahrhunderte
1671 3133 1730 3156 vor
1740 3125 1812 3156 Chr.
1821 3125 1976 3165 Geb.‚der
1986 3125 2183 3166 landcsgesc
2205 3125 2215 3133 ’

1269 3171 1410 3212 kundige
1422 3174 1591 3211 Spartaner
1599 3171 1684 3203 nach
1697 3171 1754 3203 der
1760 3171 1956 3211 Erinnerung
1968 3172 2025 3203 der
2036 3172 2178 3204 aettesten
2191 3175 2257 3204 mu

1269 3219 1336 3252 und
1357 3218 1415 3250 aus
1429 3219 1486 3250 das
1508 3218 1688 3250 Alterthum
1711 3219 1812 3250 stolze
1833 3219 1972 3250 Priester
1992 3227 2057 3250 von
2082 3221 2183 3258 Argos
2221 3223 2223 3226 ⁴

1270 3265 1390 3298 aileu-lei
1402 3268 1524 3306 Spuren
1549 3265 1616 3297 und
1629 3266 1892 3306 Vermuthungen
1906 3266 1992 3297 diese
2004 3265 2147 3306 Register
2161 3274 2199 3297 zu

1271 3313 1462 3353 mengesetzt
1475 3312 1591 3344 haben.
1603 3316 1773 3344 ——Waeren
1790 3312 1864 3344 aber
1881 3312 1941 3344 alle
1953 3311 2040 3344 dioee
2051 3311 2235 3344 Veneichni
2276 3347 2280 3350 ,

1271 3359 1304 3391 in
1330 3358 1387 3389 der
1408 3358 1490 3397 zeit‚
1504 3357 1555 3390 bis
1579 3367 1617 3390 zu
1639 3358 1695 3390 der
1708 3359 1754 3391 sie
1768 3358 1886 3391 hinaut'
1896 3359 2015 3400 gehen,
2033 3359 2110 3391 oder
2123 3359 2205 3391 auch
2226 3364 2266 3390 η’
2304 3399 2306 3401 ‚
