2320 3684
198 189 244 222 13
933 176 1174 216 flECATAEI
1202 155 1533 219 FRAGMENTA.

233 334 340 370 Eust.
357 330 466 369 Iliad.
481 331 526 378 Γ,
539 331 577 377 6,
598 343 635 381 p.
652 331 728 376 372
745 344 754 367 ε
777 330 1023 380 Πυγμαῖοι.-
1041 330 1209 386 Ἱστορεῖ-

181 404 238 427 ται
257 388 293 427 δὲ
309 388 370 427 καὶ
388 388 442 427 ὅτι
461 388 594 440 κέρατα
609 387 860 440 παρατίθενται
876 417 886 435 ,
910 388 972 427 καὶ
989 391 1024 428 ἐν
1046 389 1210 442 σχήματι

183 450 318 500 κριῶν,
346 450 393 492 ὡς
422 446 610 490 Ἑκαταῖός
639 462 748 500 φησι,
783 446 941 501 κρόταλα
972 449 1124 502 ψοφοῦσι
1149 448 1209 488 καὶ

181 505 271 544 οὕτω
300 504 363 550 τὰς
383 503 680 557 πυγμαιομάχους
697 504 863 559 γεράνους
880 505 1071 557 ἀμύνονται
1095 522 1208 546 κατα-

181 565 371 619 φρονούσας
399 564 513 607 ἄλλως
543 568 605 602 τοῦ
630 563 774 615 μήκους.
801 564 996 619 Γεωργικοὶ
1029 565 1071 604 δέ
1099 567 1207 615 εἰσιν,

181 623 228 668 ὥς
255 639 371 677 φασιν·
390 621 443 662 ὅτι
461 622 498 661 δὲ
514 622 575 661 καὶ
598 622 697 677 ἀξίνῃ
721 623 916 677 ἐχρήσαντο
935 624 995 663 ἐπὶ
1021 624 1080 664 τὸν
1100 625 1210 664 ἄστα-

180 699 266 735 χυν,
288 685 422 735 γελοῖον
458 682 521 735 μὲν
555 683 616 722 καὶ
644 686 682 723 οὐ
709 683 866 724 πιθανόν·
908 685 1049 737 λέγεται
1081 684 1128 724 δέ.
1161 689 1210 729 Et

142 781 146 785 ,
179 743 308 782 Schol.
326 744 437 782 Iliad.
459 743 524 783 ib.:
546 740 900 796 Πυγμαῖοι.-Ἔστι
924 745 961 783 δὲ
983 744 1078 789 ἔθνος
1094 760 1209 799 γεωρ-

178 801 275 852 γικὸν
286 801 480 855 ἀνθρώπων
496 804 630 857 μικρῶν
640 801 897 842 κατοικούντων
913 803 960 846 εἰς
975 802 1022 842 τὰ
1038 801 1208 841 ἀνωτάτω

180 859 271 913 μέρη
300 862 364 908 τῆς
387 862 630 914 Αἰγυπτιακῆς
657 864 722 914 γῆς
749 861 898 908 πλησίον
925 866 985 900 τοῦ
1011 862 1207 910 Ὠκεανοῦ,

178 919 264 973 ὅπερ
282 920 450 971 πολεμεῖν
466 925 543 964 ταῖς
558 919 716 973 γεράνοις
729 919 815 974 φασὶ
837 919 1075 973 βλαπτούσαις
1095 922 1208 960 αὐτῶν

179 976 224 1016 τὰ
243 978 432 1032 σπέρματα
450 978 511 1018 καὶ
527 978 631 1031 λιμὸν
645 977 827 1024 ποιούσαις
846 982 891 1032 τῇ
910 978 1026 1033 χώρα.
1042 1001 1092 1008 -
1107 979 1208 1027 Φησὶ

179 1036 216 1075 δὲ
249 1037 374 1082 αὖτοὺς
400 1038 590 1083 Ἑκαταῖος
615 1037 674 1078 ἐπὶ
698 1038 894 1092 σχημάτων
919 1041 1026 1092 κριῶν
1056 1037 1208 1083 ἐξιόντας

181 1095 370 1142 ἀλέξασθαι
390 1095 520 1149 αὐτὰς,
539 1096 601 1141 τὰς
625 1097 660 1137 δὲ
679 1096 966 1151 καταφρονούσας
990 1101 1050 1137 τοῦ
1075 1097 1209 1149 μήκους

180 1156 348 1207 πολεμεῖν
364 1155 450 1209 πρὸς
469 1155 605 1200 αὐτούς.

649 1214 742 1254 267.

234 1275 289 1312 St.
311 1276 353 1314 B.
375 1273 527 1322 Ὑσαεῖς,
546 1277 650 1321 ν’ἧσος
666 1273 776 1328 μικρὰ
797 1274 857 1312 καὶ
877 1273 1014 1326 μεγάλη
1030 1273 1207 1312 Αἰθιόπων

179 1331 259 1373 Ἕκ.
278 1333 488 1388 περιηγήσει
507 1332 701 1385 Αἰγύπτου.
715 1334 762 1374 Οἱ
786 1335 956 1380 νησιῶται
975 1332 1145 1372 Ὑσαῗται
1164 1336 1211 1377 ὥς

181 1394 360 1435 Ὀασῖται.

646 1454 737 1492 268.

233 1516 286 1553 St.
307 1517 349 1553 B.
371 1512 570 1566 Μάρμακες
583 1542 593 1560 ,
615 1512 709 1557 ἔθνος
729 1513 932 1552 Αἰθιοπικὸν
949 1528 956 1537 ·
982 1512 1061 1552 Ἕκ.
1083 1513 1154 1552 Ἀσ.

648 1572 739 1612 269.

231 1635 286 1671 St.
306 1636 348 1670 B.
362 1630 515 1682 Ἀὅοτις,
532 1630 632 1674 πόλις
651 1630 840 1683 Αἰγυπτία,
861 1632 907 1675 ὡς
923 1630 1016 1670 Ἓκ.·
1032 1630 1075 1678 ἣν
1092 1629 1210 1683 Ἥρω-

179 1689 294 1735 διανός
312 1705 399 1744 φησι
420 1688 698 1743 βαρύνεσθαι-Ὁ
715 1689 861 1736 πολίτης
880 1687 971 1728 κατὰ
991 1688 1054 1740 μὲν
1068 1688 1108 1727 τὸ
1125 1690 1208 1726 ε’πι-

178 1749 306 1801 χώριον
328 1748 529 1796 Ἀὸοτίτης,
554 1750 601 1792 ὥς
623 1753 682 1787 νῦν
708 1748 908 1796 Κλαυτίτης
927 1748 988 1786 καὶ
1007 1746 1210 1801 Ναυκρατί-

177 1823 259 1856 της,
293 1807 386 1846 κατὰ
420 1806 458 1845 δὲ
492 1806 682 1846 Ἑκαταῖον
715 1806 910 1855 Ἀὸοτιεύς,
947 1808 993 1849 ὡς
1046 1804 1207 1858 Μάκρις,

177 1858 368 1920 Μάκριεύς.
389 1865 491 1905 Urbs
512 1866 666 1916 ignota,
686 1865 759 1903 nisi
781 1879 854 1916 pro
875 1865 1009 1903 eadem
1027 1864 1208 1902 habenda

178 1934 253 1972 est,
273 1938 390 1976 quam
418 1925 562 1963 Plinius
585 1924 758 1963 Aboccin
788 1924 883 1962 dicit
901 1924 991 1976 (VI,
1018 1938 1090 1973 29,
1117 1923 1207 1973 35),

178 1984 410 2022 Ptolemaeus
439 1983 622 2022 Abuncin
643 1984 728 2035 (IV,
750 1983 801 2034 7),
813 1983 926 2021 sitam
950 1983 999 2021 ad
1023 1983 1207 2020 occiden-

178 2043 293 2081 talem
314 2043 391 2082 Nili
417 2043 544 2094 ripam
567 2043 607 2080 in
635 2042 847 2093 AEthiopia.
872 2041 1011 2080 Abotis
1038 2055 1208 2080 comme·-

178 2110 354 2140 moratur
373 2102 489 2140 etiam
507 2102 546 2139 in
571 2101 801 2156 Κραμὸοῦτις
826 2102 872 2143 fr.
895 2101 986 2149 275.

218 2271 373 2312 Pygmaei.
390 2291 430 2297 -
445 2272 623 2304 Narrantur
637 2270 735 2303 etiam
751 2278 874 2301 cornua
899 2269 959 2301 sibi
985 2277 1157 2309 apponere,
1174 2270 1207 2300 et

182 2318 296 2350 habitu
326 2319 464 2350 arietum
477 2341 486 2357 ,
513 2319 550 2350 ut
581 2319 751 2350 Hecataeus
764 2316 853 2355 dicit,
868 2316 1062 2357 crepitacula
1074 2315 1206 2356 pulsant

177 2367 275 2404 atque
292 2365 338 2395 ita
353 2364 501 2395 inimicas
517 2372 610 2404 grues
627 2363 772 2404 ipsorum
794 2363 951 2395 staturam
967 2364 1087 2394 temere
1103 2361 1206 2402 despi-

177 2411 297 2444 cientes
313 2411 506 2452 propellunt.
520 2411 734 2451 Agriculturae
743 2410 837 2451 periti
846 2410 933 2449 sunt,
946 2412 983 2441 ut
992 2409 1094 2441 aiunt.
1110 2408 1203 2446 Quod

177 2466 255 2490 vero
271 2458 374 2490 securi
397 2459 530 2489 utantur
547 2458 581 2488 in
596 2458 740 2496 aristam,
762 2456 936 2488 ridiculum
951 2456 1083 2497 quidem
1101 2464 1206 2496 neque

178 2505 350 2538 verisimile
364 2528 372 2544 ,
391 2506 539 2536 narratur
554 2506 672 2536 tamen.

218 2552 373 2593 Pygmaei.
388 2571 429 2577 -
442 2553 502 2584 Est
516 2560 594 2583 vero
619 2551 757 2592 populus
781 2551 985 2592 agriculturae
1006 2550 1134 2582 deditus
1150 2550 1205 2581 ho-

177 2599 304 2632 minum
328 2606 522 2641 parvorum,
550 2598 607 2639 qui
629 2598 776 2630 incolunt
802 2601 961 2630 extremas
988 2600 1096 2638 partes
1111 2599 1205 2629 terrae

177 2646 377 2688 AEgyptiacae
394 2646 433 2678 ad
451 2647 615 2678 Oceanum
630 2668 639 2684 ,
658 2646 691 2677 et
715 2654 811 2686 quem
834 2645 954 2677 bellum
970 2644 1073 2676 tacere
1092 2643 1205 2676 dicunt

177 2695 290 2726 contra
316 2702 411 2734 grues
427 2701 541 2726 eorum
557 2692 683 2725 semina
705 2692 875 2733 perdentes
901 2691 1084 2731 famemque
1110 2692 1204 2723 terrae

177 2740 359 2773 asserentes.
375 2740 458 2772 Dicit
471 2748 548 2772 vero
561 2748 616 2771 eos
630 2739 801 2771 Hecataeus
814 2738 951 2770 arietum
964 2737 1076 2768 habitu
1089 2745 1204 2769 exeun-

178 2789 226 2819 tes
251 2796 347 2828 grues
369 2787 564 2829 propellere,
593 2786 652 2818 has
674 2793 751 2818 vero
768 2786 926 2818 staturam
953 2784 1082 2816 illorum
1097 2784 1204 2824 despi-

177 2834 298 2867 cientes
317 2834 435 2867 bellum
450 2837 563 2867 contra
576 2842 633 2867 eos
647 2840 766 2875 gerere.

219 2944 353 2983 llysais,
376 2945 482 2977 insula
506 2953 608 2986 parva
629 2893 808 2984 jerziagna
839 2942 1039 2983 AEthiopum.
1069 2943 1147 2974 Hec.
1167 2941 1203 2972 in

180 2990 306 3031 AEgypti
320 2991 543 3033 descriptione.
561 2991 741 3032 Insubres,
762 2990 919 3031 Hysaitae,
934 2990 973 3021 ut
984 2988 1115 3021 osaitae.

217 3089 394 3122 Marmaccs
407 3114 417 3130 ,
436 3100 513 3131 gens
530 3045 732 3132 AEthiogitjg:

218 3187 330 3220 Abotis
341 3211 351 3227 ‚
365 3189 442 3220 urbs
460 3191 588 3231 AEgypti
605 3191 690 3231 apud
713 3190 911 3229 Hecataeum,
931 3198 1030 3230 quam
1046 3187 1198 3221 Herodia-

177 3243 239 3267 nus
255 3235 358 3276 inquit
370 3238 504 3269 accentu
519 3237 551 3268 in
576 3238 752 3277 penultima
771 3238 885 3270 notari.
902 3239 952 3268 Ex
967 3235 1140 3268 vernacula
1155 3244 1199 3267 re-

177 3281 279 3323 gionis
294 3283 527 3315 consuetudine
543 3284 619 3315 hinc
637 3284 794 3316 formatur
809 3284 890 3316 civis
906 3292 1023 3315 nomen
1039 3283 1172 3315 Abotita
1187 3305 1197 3321 ,

176 3330 213 3359 ut
231 3337 318 3360 nunc
331 3329 470 3361 Clautita
484 3332 516 3361 et
529 3330 712 3361 Naucratita
732 3340 739 3362 ε
755 3331 810 3362 sed
825 3340 862 3362 ex
881 3330 1023 3362 Hecataei
1040 3328 1199 3361 sententia

176 3375 306 3407 haberet
317 3376 497 3408 Abotiensis
509 3399 517 3414 ‚
533 3377 580 3407 uti
598 3377 714 3408 Macris
729 3378 931 3418 Macriensis.

1320 337 1376 372 St.
1399 336 1439 372 B.
1467 332 1599 373 Μύλων
1614 363 1625 382 ,
1650 333 1749 378 πόλις
1767 334 1971 387 Αἰγύπτου,
1991 336 2069 376 Ἑκ.

1319 453 1374 489 St.
1408 453 1450 490 Β.
1474 450 1723 500 Ὀνειαὸάτης,
1758 451 1859 496 πόλις
1887 453 2084 505 Αἰγύπτου,
2112 455 2192 500 Ἑκ.
2220 471 2290 497 πε-

1267 508 1426 562 ριηγήσει
1445 509 1591 557 Λιὸύης.

1735 569 1824 609 272.

1320 629 1375 665 St.
1394 629 1437 665 Β.
1459 627 1571 673 Σῆνος
1586 655 1597 675 ,
1616 626 1716 672 πόλις
1737 627 1918 680 Αἰγύπτου
1933 645 1941 652 ·
1964 629 2040 668 Ἑκ.
2065 632 2100 669 ἐν
2121 633 2166 683 τῇ
2181 632 2288 679 αὐτῆς

1265 683 1484 738 περιηγήσει.
1505 683 1548 725 Ὁ
1565 685 1710 734 πολίτης
1731 685 1891 734 Σηνικός.

1321 803 1374 840 St.
1395 805 1438 840 B.
1463 802 1590 854 Κρῶς,
1617 801 1718 846 πόλις
1740 801 1921 855 Αἰγύπτου
1935 820 1944 828 ·
1972 803 2053 845 Ἕκ,
2082 805 2291 860 περιηγήσει

1267 859 1394 904 Ἀσίας.
1419 859 1462 900 Ὁ
1479 859 1626 908 πολίτης
1645 859 1808 915 Κρωΐτης
1826 877 1835 886 ·
1858 861 1919 900 καὶ
1937 863 2042 915 νομὸς
2062 865 2236 919 Κρωΐτης.

1319 981 1372 1018 St.
1397 983 1439 1019 B.
1459 976 1564 1028 Συΐς,
1582 979 1681 1025 πόλις
1706 979 1886 1033 Αἰγύπτου
1900 1012 1909 1029 ,
1935 983 1982 1026 ὡς
2001 980 2083 1022 Ἕκ.
2097 984 2134 1022 ἐν
2155 985 2197 1036 τῇ
2220 984 2288 1023 αὖ·

1265 1041 1328 1086 τῆς
1346 1038 1566 1093 περιηγήσει·
1585 1039 1649 1078 καὶ
1672 1039 1776 1091 νομὸς
1797 1036 1947 1089 Συίτης.

1320 1162 1375 1198 St.
1397 1161 1439 1196 Β.
1464 1159 1714 1211 Κραμὸοῦτις,
1746 1159 1847 1204 πόλις
1870 1159 2052 1212 Αἰγύπτου
2066 1177 2075 1185 ·
2109 1160 2189 1201 Ἕκ.
2219 1176 2288 1200 πε-

1267 1216 1430 1271 ριηγήσει
1445 1217 1593 1266 Λιὸύης.
1611 1217 1658 1259 ‘0
1672 1219 1818 1267 πολίτης
1835 1219 2110 1273 Κραμὸουτίτης
2127 1222 2173 1265 ὥς
2191 1222 2291 1262 Nau-

1266 1276 1444 1330 κρατίτης.
1470 1277 1686 1330 “Ηρωδιανὸς
1710 1277 1769 1317 διὰ
1790 1282 1855 1317 τοῦ
1873 1293 1892 1316 ο
1919 1278 2065 1332 γράφει,
2086 1278 2292 1334 Κρᾶμὸστις

1266 1334 1596 1389 προπαροξυτόνως,
1613 1336 1660 1380 ὥς
1677 1335 1827 1381 Ἀὅατις.
1849 1338 1907 1377 Cf.
1928 1339 2018 1388 269.

1318 1453 1507 1491 Herodot.
1533 1455 1592 1499 II,
1618 1454 1690 1498 143
1720 1468 1729 1491 :
1756 1451 1933 1507 Πρότερον
1963 1452 1999 1492 δὲ
2026 1453 2209 1509 Ἑκαταίῳ
2238 1457 2293 1509 τῷ

1266 1513 1442 1565 λογοποιῷ
1463 1513 1498 1550 ἐν
1516 1510 1662 1564 Θήὸῃσι
1674 1511 1970 1564 γενεηλογήσαντι
1989 1512 2118 1552 ἑωυτὸν
2134 1512 2195 1551 καὶ
2208 1515 2293 1552 ἀνα-

1267 1569 1414 1617 δήσαντί
1423 1585 1461 1608 τε
1472 1568 1536 1617 τὴν
1549 1569 1702 1621 πατρίην
1714 1571 1747 1614 ἐς
1765 1570 2015 1609 ἑκκαιδέκατον
2033 1570 2108 1610 θεὸν
2121 1571 2291 1619 ἐποίησαν

1266 1630 1298 1667 οἳ
1320 1627 1408 1682 ἱρέες
1422 1631 1483 1667 τοῦ
1501 1627 1601 1677 Διὸς,
1618 1622 1687 1667 οἷόν
1709 1644 1744 1667 τι
1761 1629 1821 1668 καὶ
1837 1629 1915 1680 ἐμοὶ
1939 1631 1977 1668 οὗ
1998 1629 2291 1682 γενεηλογήσαντι

1267 1686 1464 1739 ἐμεωυτόν·
1489 1686 1718 1739 ἐσαγαγόντες
1737 1688 1771 1732 ἐς
1785 1687 1826 1727 τὸ
1845 1687 1997 1740 μέγαρον
2016 1687 2086 1727 ἔσω
2103 1688 2158 1727 ἐὸν
2179 1687 2290 1742 μέγα,

1266 1745 1470 1799 ἐξηρίθμεον
1494 1745 1685 1791 δεικνύντες
1714 1746 1902 1797 κολοσσοὺς
1929 1746 2082 1792 ξυλίνους
2105 1747 2289 1794 τοσούτους

1265 1804 1366 1850 δ’σους
1379 1820 1445 1859 περ
1462 1798 1558 1844 εἶπον
1572 1820 1580 1829 ·
1595 1804 1756 1859 ἀρχιρεῦς
1769 1805 1835 1859 γὰρ
1851 1804 1998 1851 ἕκαστος
2013 1805 2133 1845 αὐτόθι
2147 1805 2291 1847 ἵσταται

1266 1863 1324 1903 ἐπὶ
1342 1867 1404 1911 τ’ἧς
1423 1866 1553 1902 ἑωυτοῦ
1577 1862 1656 1911 ζόης
1679 1863 1796 1902 εἰκόνα
1813 1867 1964 1914 ἑωυτοῦ,
1987 1865 2209 1919 ἀριθμέοντες
2229 1859 2290 1906 οἷν

1265 1922 1325 1963 καὶ
1342 1922 1534 1965 δεικνύντες
1557 1925 1588 1961 οἱ
1606 1922 1693 1977 ἱρέες
1707 1923 1788 1974 ἐμοὶ
1809 1923 2062 1963 ἀπεδείκνυσαν
2081 1925 2194 1963 παῖδα
2214 1940 2289 1963 πα-

1264 1982 1344 2035 τρὸς
1365 1983 1504 2021 ἑωυτῶν
1523 1980 1671 2020 ἕκαστον
1692 1980 1811 2031 ἐόντα,
1836 1984 1877 2021 ἐκ
1895 1986 1956 2021 τοῦ
1975 1982 2129 2036 ἄγχιστα
2151 1985 2290 2022 ἀποθα-

1265 2040 1381 2084 νόντος
1410 2042 1472 2088 τ’ἤς
1501 2039 1647 2089 εἰκόνος,
1679 2039 1856 2085 διεξιόντες
1885 2039 1941 2079 διὰ
1967 2041 2131 2092 πασέων,
2160 2041 2225 2086 ἕως
2249 2041 2292 2086 οὗ

1265 2099 1449 2145 ἀπέδειξαν
1474 2099 1613 2144 ἁπάσας
1641 2098 1786 2144 εἰκόνας.
1814 2099 1995 2154 Ἑκαταίῳ
2020 2099 2057 2139 δὲ
2074 2099 2290 2153 γενεηλογή-

1303 2261 1413 2302 Mylon
1422 2285 1432 2302 ,
1451 2261 1609 2303 oppidum
1624 2261 1733 2302 AEgyti
1744 2284 1753 2300 ‚
1770 2261 1864 2302 cuius
1877 2260 2025 2294 meminit
2040 2262 2119 2294 Hee.

1303 2355 1490 2395 Oniabates,
1504 2354 1582 2387 urbs
1598 2355 1738 2396 AEgypti,
1748 2355 1789 2387 de
1802 2363 1867 2396 qua
1879 2355 1957 2386 Hec.
1976 2354 2010 2386 in
2026 2354 2139 2396 Libyae
2170 2354 2286 2388 deseri·

1261 2403 1381 2444 ptione.

1728 2451 1749 2483 2
1756 2452 1776 2484 7
1781 2451 1817 2483 2.

1304 2498 1418 2537 senus,
1436 2495 1514 2528 urbs
1533 2496 1672 2537 AEgypti,
1691 2497 1769 2529 Hec.
1788 2496 1822 2528 in
1840 2495 1910 2537 ejus
1926 2495 2090 2537 perlegesi.
2107 2495 2210 2537 civis,
2231 2496 2285 2529 Se·

1260 2553 1366 2576 nicus.

1728 2592 1750 2624 2
1757 2592 1776 2623 7
1783 2591 1818 2624 3.

1302 2639 1384 2670 cros
1395 2660 1405 2677 ‚
1421 2637 1580 2679 oppidum
1595 2637 1742 2678 AEgypti,
1760 2638 1891 2668 auctore
1912 2637 1991 2668 Hec.
2008 2635 2099 2669 civis
2114 2636 2147 2668 et
2158 2635 2285 2677 provin-

1261 2685 1320 2717 ciae
1332 2693 1450 2717 nomen
1468 2685 1589 2718 croita.

1729 2732 1819 2764 274.

1303 2778 1386 2819 Syis‚
1404 2777 1484 2810 urbs
1499 2778 1639 2820 AEgypti,
1655 2780 1692 2810 ut
1703 2779 1782 2810 Hec.
1794 2777 1827 2809 in
1839 2778 1910 2819 ejus
1922 2776 2147 2818 descriptione.
2162 2777 2204 2809 Et
2213 2785 2284 2818 pro-

1259 2825 1367 2857 vincia
1379 2825 1496 2866 Syites.

1726 2873 1816 2905 275.

1301 2918 1499 2958 Crambutis‚
1514 2918 1592 2951 urbs
1607 2918 1747 2959 AEgypti‚
1765 2918 1806 2950 de
1824 2926 1889 2958 qua
1904 2919 1983 2949 Hec.
2008 2917 2041 2949 in
2055 2917 2168 2958 Libyae
2183 2916 2282 2958 perie-

1258 2965 1336 3005 gesi.
1357 2965 1462 3002 Civis,
1481 2965 1695 3004 Crambutita‚
1710 2964 1757 2996 uti
1772 2964 1968 2996 Naucratim.
1982 2963 2184 2996 Herodianus
2198 2963 2283 2996 hanc

1258 3020 1371 3043 vocem
1394 3021 1450 3053 per
1465 3021 1484 3043 ο
1500 3012 1612 3044 scribit
1627 3005 1810 3044 Cramboti's
1824 3034 1834 3050 ,
1850 3013 1881 3042 et
1903 3012 2037 3043 accentu
2052 3010 2085 3042 in
2099 3009 2283 3052 antepenul-

1257 3058 1337 3090 tima
1355 3060 1466 3095 notat,
1485 3058 1534 3090 uti
1550 3058 1674 3090 Abotis.

1298 3153 1404 3192 Atque
1418 3154 1511 3183 antea
1526 3152 1675 3183 Hecataeo
1694 3106 1839 3183 histEriae
1854 3150 2002 3191 scriptori
2017 3173 2026 3189 ,
2046 3150 2132 3191 apud
2154 3149 2280 3182 Thebas

1255 3198 1410 3239 originem
1426 3198 1531 3238 gentis
1543 3197 1733 3237 recensenti,
1746 3194 1783 3229 ac
1795 3197 2053 3238 propagationem
2071 3197 2201 3229 familiae
2213 3205 2280 3228 suae

1255 3245 1404 3277 referenti
1419 3245 1461 3277 ad
1477 3244 1768 3277 sextumdecimum
1783 3244 1892 3284 deum,
1916 3244 2098 3276 sacerdotes
2113 3244 2204 3276 Jovis
2219 3243 2280 3275 tale

1255 3292 1410 3333 quiddam
1428 3292 1581 3331 fecerant,
1600 3291 1694 3332 quale
1710 3290 1788 3332 quid
1802 3294 1835 3323 et
1855 3291 1936 3323 mihi
1955 3300 2020 3322 non
2043 3290 2221 3323 recensenti
2239 3289 2280 3322 fa-

1255 3339 1377 3371 miliam
1394 3347 1510 3371 meam.
1529 3337 1719 3371 Introducto
1736 3338 1768 3370 in
1784 3338 1941 3379 templum
1957 3339 2046 3370 intus
2059 3337 2189 3378 grande,
2204 3345 2278 3369 enu-

1254 3386 1420 3418 merabant
1432 3385 1641 3418 monstrando
1658 3387 1705 3417 tot
1721 3394 1738 3417 e
1763 3385 1848 3426 ligno
1867 3385 2010 3416 colossos
2029 3386 2107 3420 Quot
2120 3384 2187 3416 dixi
2231 3382 2279 3416 lb.
