2320 3684
795 147 1018 188 PHILISTI
1046 145 1379 187 FRAGMENTA.
1422 145 1425 148 ’

25 256 96 297 τοῖς
111 249 289 296 “Eumne
306 243 500 296 εὐδοκίμων
518 240 653 294 ἀνδρῶν
671 237 893 291 χρησάμενος
913 251 1050 288 μαρτυ-

27 311 132 366 ρίοις,
152 309 192 347 τὸ
219 303 404 348 κλεπτικὸν
425 298 599 351 διελέγξας
619 290 706 340 εἶδος
733 297 861 344 αὐτῶν,
883 296 917 332 ἐν
936 293 1053 348 διαφό-

2037 186 2042 189 ,
2063 148 2132 182 ιοι

1587 230 1652 270 53.

1163 288 1295 325 Idem:
1312 285 1541 341 Ἀρτεμίσιον,
1558 282 1660 328 πόλις
1687 282 1877 337 Οἰνώτρων
1897 283 1932 322 ἐν
1953 282 2138 337 μεσογείῳ.

28 384 97 424 ροις
120 374 190 410 τοῖς
208 364 344 420 χρόνοις
359 358 651 413 καταχρώμενος,
675 354 734 394 ἐπὶ
767 354 810 392 τὰ
832 353 911 400 ἑξῆς
929 351 1055 406 τρέψο-
1111 343 1301 389 Ἓκαταῖος
1325 344 1496 399 Εὐρώπῃ.
1527 343 1573 383 Ὁ
1598 342 1744 390 πολίτης
1763 340 2041 397 Ἀρτεμισιάτης.
2062 342 2140 383 Φί-

29 442 108 480 μαι.
129 425 289 469 Σόλωνος
314 421 350 461 δὲ
364 418 591 466 ποιήσαντος·

131 496 237 528 Τίκτει
251 493 308 536 γὰρ
329 491 420 534 κόρος
433 489 532 532 ὕὸριν,
558 487 631 520 ὅταν
640 485 736 523 πολὺς
751 484 840 521 ὄλὸος
857 483 979 522 ἕπηται,

28 558 189 610 ἄντικρυς
207 556 225 592 ὁ
243 550 388 603 Θέογνις
401 547 548 602 γράφει·

63 633 66 636 “
129 624 233 658 Τίκτει
253 633 301 654 τοι
310 620 401 663 κόρος
415 619 514 661 ὕὸριν,
528 617 602 649 ὅταν
613 618 704 657 κακῷ
717 614 808 652 ὄλῧος
823 614 945 653 ἕπηται.

816 461 824 469 t

29 691 137 731 εὈΘεν
174 686 234 727 καὶ
253 689 273 725 ὃ
290 683 509 731 Θουκυδίδης
533 684 618 735 (ΙΙΙ,
640 682 703 734 39)
723 683 758 721 ἐν
775 686 852 725 ταῖς
871 678 1057 734 ἱστορίαις·

32 766 48 784 «
63 747 241 788 Εἷώθασιν
261 745 298 784 δὲ
311 747 343 784 οἱ
356 742 481 783 πολλοὶ
493 745 559 781 τῶν
577 742 782 796 ἀνθρώπων,
807 739 927 795 φησὶν,
951 734 1000 783 οῗς
1018 738 1059 777 ἂν

33 807 189 860 μάλιστα
219 805 279 844 καὶ
306 804 350 843 δι’
381 802 572 855 ἐλαχίστου
601 801 863 856 ἀπροσδόκητος
891 798 1062 854 εὐπραγία

33 859 131 919 ἔλθῃ,
152 867 199 910 εἷς
218 863 317 918 ὕὸριν
340 861 542 917 τρέπεσθαι.
559 880 575 897 »
596 861 670 900 Καὶ
687 860 857 903 Φίλιστος
871 859 1001 911 ὁμοίιος
1018 858 1062 897 τὰ

35 923 125 967 αὐτὰ
145 929 318 976 μιμεῖται,
330 915 399 960 ὦδε
414 919 546 972 λέγων·
568 937 584 955 «
594 921 627 959 T
631 917 653 958 ὰ
672 918 708 958 δὲ
718 917 834 958 πολλὰ
853 917 945 957 κατὰ
960 916 1063 970 λόγον

33 989 104 1028 τοῖς
121 980 315 1036 ἀνθρώποις
332 982 543 1033 εὐτυχοῦντα
562 977 807 1032 ἀσφαλέστερα
822 976 935 1031 [παρὰ
949 975 1066 1028 δόξαν]

35 1042 98 1083 καὶ
114 1038 374 1095 κακοπραγίαν·
396 1038 540 1092 εἰώθασι
552 1037 621 1092 γὰρ
638 1037 793 1089 μάλιστα
807 1039 839 1076 οἱ
854 1035 952 1090 παρὰ
965 1035 1066 1082 δόξαν

37 1098 309 1155 ἀπροσδοκήτως
337 1091 374 1137 εὐ
392 1097 607 1153 πράσσοντες
630 1098 679 1142 εἷς
703 1095 802 1150 ὕὸριν
825 1096 1025 1150 τρέπεσθαι.
1051 1114 1068 1131 »

90 1159 244 1199 Verba:
262 1157 440 1197 Εἷώθασιν
458 1154 494 1196 δὲ
513 1157 545 1195 οἱ
560 1155 683 1195 πολλοὶ
700 1165 738 1194 et
757 1170 842 1208 quae
855 1164 1070 1207 sequuntur

37 1220 181 1260 Duker.
191 1226 230 1256 et
239 1217 404 1264 Goeller„
415 1217 554 1255 collato
564 1216 798 1267 Thucydidis
805 1216 906 1263 loco,
915 1215 1017 1253 hunc
1030 1216 1070 1253 in

39 1277 196 1316 modum
230 1275 485 1327 probabiliter
524 1275 734 1326 disponunt
769 1283 806 1313 et
839 1274 1068 1312 emendant:

40 1335 200 1376 Εἷώθασι
223 1333 258 1372 δὲ
283 1335 315 1372 οἱ
337 1332 462 1373 πολλοὶ
490 1336 560 1372 τῶν
595 1332 798 1387 ἀνθρώπων.
893 1335 941 1378 εἷς
972 1332 1071 1387 ῧὸριν

37 1394 245 1450 τρέπεσθαι.
266 1392 325 1433 Τὰ
346 1392 382 1432 δὲ
404 1391 519 1432 πολλὰ
550 1392 642 1431 κατὰ
663 1391 765 1443 λόγον
788 1398 859 1437 τοῖς
879 1392 1072 1446 ἀνθρώποις

43 1455 254 1506 εὐτυχοῦντα
267 1451 522 1506 ἀσφαλέστερα,
536 1450 587 1505 (ἢ)
599 1451 697 1506 παρὰ
707 1450 806 1497 δόξαν
815 1450 875 1490 καὶ
889 1467 1070 1504 κακοπρα-

10 1558 14 1559 ⁷
42 1512 134 1565 γίαν.
214 1510 289 1551 Καὶ
307 1510 479 1555 Φίλιστος
503 1509 630 1562 ὁμοίως
653 1527 686 1550 τ.
715 1527 748 1551 α.
779 1527 817 1563 μ.
841 1504 910 1549 ὦδε
940 1509 1072 1562 λέγων·

44 1570 204 1612 Εἷώθασι
227 1570 295 1624 γὰρ
317 1570 472 1623 μάλιστα
491 1578 561 1610 ete.
582 1573 661 1609 Aut
693 1579 816 1608 totum
848 1569 923 1609 hoc
944 1587 952 1609 ε
971 1567 1017 1608 τὰ
1039 1568 1076 1607 δὲ

13 1648 16 1653 ’
43 1629 158 1670 πολλὰ
224 1629 480 1683 κακοπραγίαν,
495 1631 686 1668 Goellerus
701 1630 767 1678 ait,
786 1630 914 1668 malim
928 1643 1000 1681 pro
1013 1630 1076 1667 in-

43 1690 164 1728 sititio
186 1689 341 1728 habere.
360 1693 458 1728 Nam
481 1690 676 1727 sententiae
691 1690 856 1737 Solonis,
882 1689 976 1727 dicit
989 1692 1075 1726 Du—

45 1751 140 1796 ker„
174 1749 338 1788 imitatio
367 1748 612 1800 Thucydidea
625 1779 636 1798 ,
669 1762 785 1800 qnam
818 1749 874 1787 ibi
904 1749 1078 1788 Clemens

48 1808 227 1857 ostendit,
246 1808 306 1847 his
325 1807 468 1857 verbis,
500 1806 643 1847 εἰώθασι
665 1807 874 1862 τρέπεσθαι,
907 1806 1078 1846 absolvi-

48 1875 124 1906 tur.
139 1868 318 1906 Philistus
336 1876 462 1906 autem
479 1868 744 1919 Thucydidem
763 1869 933 1907 imitatus
956 1879 1014 1907 est
1029 1870 1078 1907 il—

48 1927 114 1965 lis:
127 1925 268 1966 εἰώθασι
280 1925 348 1980 γὰρ
363 1926 554 1979 μάλιστα...
568 1926 775 1980 τρέπεσθαι,
793 1942 880 1966 cum
899 1943 975 1980 qua
991 1943 1079 1967 sen-

52 1986 170 2023 tentia
187 1986 240 2024 nil
261 1999 464 2026 commune
483 1981 627 2025 habent
645 1987 725 2025 haec
749 2002 757 2025 ι
779 1986 824 2027 τὰ
853 1987 890 2027 δὲ
921 1988 1079 2029 πολλὰ...

51 2044 304 2098 κακοπραγίαν.

106 2151 286 2202 Stephan.
312 2155 400 2202 Byz.
417 2167 425 2190 :
445 2151 658 2205 Ἀμὸρακία,
678 2153 778 2197 πόλις
815 2154 1051 2208 Θεσπρωτίας
1069 2185 1079 2203 ,

51 2209 124 2248 ἀπὸ
142 2209 341 2265 Ἄμὸρακος
357 2215 416 2249 τοῦ
431 2211 553 2256 παιδὸς
576 2214 791 2267 Θεσπρωτοῦ
807 2216 868 2252 τοῦ
893 2214 1081 2264 Λυκάονος,

53 2267 76 2316 ἢ
110 2268 180 2307 ἀπὸ
220 2269 434 2324 Ἀμὸρακίας
461 2273 522 2317 τῆς
551 2271 687 2323 Αὐγέου
724 2272 914 2326 θυγατρὸς,
940 2273 1019 2327 περὶ
1039 2269 1083 2322 ἧς

55 2327 201 2371 Φιλέας.
221 2328 274 2367 Τὸ
290 2327 422 2368 ἕθνικὸν
445 2328 697 2383 Ἀμὸρακιέὺς,
722 2331 782 2369 καὶ
803 2331 1083 2385 Ἀμὸρακιώτης.

55 2386 225 2432 Φίλιστος
246 2386 282 2425 δὲ
300 2386 532 2442 Ἀμὸρακῖνός
554 2404 640 2442 φησι
660 2391 836 2445 Σικελικῷ
857 2389 970 2444 τύπῳ.

59 2531 262 2564 sermonibus
278 2532 480 2565 celebrantur
492 2537 525 2565 et
547 2533 579 2565 in
593 2542 709 2575 magna
720 2535 960 2568 existimatione
969 2535 1086 2568 liaben-

58 2580 112 2612 tur
125 2579 211 2620 apud
220 2581 365 2620 Graecos,
381 2581 539 2612 eteorum
549 2581 677 2613 furandi
693 2590 794 2622 genus
809 2582 948 2615 diversis
963 2586 1086 2624 tempo-

59 2626 151 2660 ribus
168 2627 347 2660 exercitum
363 2627 493 2660 abunde
508 2629 680 2661 convicero
691 2653 700 2669 ,
714 2633 885 2662 convertar
903 2631 945 2662 ad
958 2639 997 2663 ea
1012 2640 1087 2672 quae

58 2673 211 2716 deinceps
223 2677 414 2716 sequuntur.
432 2677 541 2714 Quum
556 2678 667 2709 autem
679 2677 851 2709 cecinisset
869 2677 967 2710 Solon
991 2687 999 2709 ε

144 2734 159 2746 ιι
173 2724 317 2752 Nascitur
333 2733 370 2752 ex
384 2725 485 2752 nimiis
501 2724 612 2764 opibus
626 2726 800 2765 petulantia
813 2727 911 2756 multa
922 2741 951 2767 »,

63 2768 175 2804 eodem
189 2769 286 2802 modo
300 2769 431 2811 scripsit
449 2771 612 2813 Theognis
629 2782 637 2804 ε

145 2841 161 2853 α
175 2830 315 2858 Nascitur
329 2840 367 2859 ex
383 2830 486 2860 nimiis
501 2833 614 2871 opibus
630 2833 802 2872 petulantia
818 2836 920 2873 pravis
936 2849 962 2863 u.

65 2884 156 2918 Unde
185 2887 280 2919 etiam
304 2888 508 2930 Thucydides
534 2890 567 2922 in
582 2890 758 2924 Historiis:
783 2904 798 2920 «
814 2891 944 2932 Solent,
961 2893 1086 2933 inquit,

66 2931 207 2973 plerique
224 2934 385 2974 homines,
399 2936 519 2976 quibus
530 2946 582 2969 res
596 2937 748 2970 secundae
768 2938 1000 2980 aliquantisper
1013 2948 1089 2980 prae-

67 2981 115 3012 ter
129 2988 218 3021 spem
232 2984 420 3021 evenerunt,
439 2983 531 3015 reddi
546 2984 732 3024 insolentes;
749 2985 901 3026 pleraque
914 2994 1004 3025 vero,
1015 2995 1088 3026 quae

66 3027 182 3061 rationi
214 3029 442 3062 convenienter
465 3030 601 3063 feliciter
627 3032 807 3064 succedunt
833 3032 977 3065 firmiora
991 3036 1089 3072 sunt,

67 3082 162 3116 quam
183 3084 257 3116 quae
278 3079 394 3117 praeter
416 3080 693 3118 exspectationem
713 3079 880 3111 eveniunt.
896 3092 912 3107 »
935 3080 1089 3112 Philistus

67 3121 212 3155 similiter
225 3123 337 3156 eadem
350 3124 508 3166 imitatur,
524 3125 571 3157 sic
585 3125 718 3158 dicens:
736 3138 750 3153 α
769 3126 889 3166 Solent,
905 3126 1023 3167 quihus
1039 3135 1090 3159 res

0 3205 2 3212 y
69 3169 218 3202 secunda}
230 3171 347 3211 praeter
360 3179 451 3212 spem
466 3172 631 3213 eveniunt,
649 3172 788 3205 evadere
800 3173 989 3206 insolentes.
1007 3186 1023 3201 ι

61 3259 64 3268 ,
544 3233 606 3266 52.

61 3273 64 3284 ²
112 3281 293 3322 Ambracia,
322 3283 401 3315 urbs
424 3285 635 3326 Thesprotiae,
652 3295 727 3328 quae
751 3287 791 3319 ab
804 3287 962 3319 Ambrace
994 3288 1090 3320 Thes·

0 3332 7 3348 ι
71 3329 154 3370 proti
165 3329 241 3369 tilio,
252 3331 409 3370 Lycaonis
423 3336 547 3373 nepote,
564 3334 634 3366 sive
648 3334 689 3366 ab
699 3335 869 3366 Ambracia
885 3338 1003 3374 Augeae
1015 3335 1090 3375 filia,

1111 405 1226 447 λιστος
1251 402 1287 442 δὲ
1313 403 1525 458 Ἀρτεμίτιον
1554 402 1662 452 αὐτὴν
1695 403 1815 452 καλεῖ,
1850 401 1933 446 ἴσως
1962 403 2139 456 Δωρικῶς.

1113 461 1222 500 Ἔστι
1241 462 1301 500 καὶ
1317 462 1419 508 πόλις
1439 461 1602 506 Εὐὸοίας.

1168 573 1502 625 ΙάεῐϊιεΝώνυμνα,
1523 521 1820 619 πόλῗς4ὲικελίας.
1841 573 1886 612 ‘0
1900 572 2046 620 πολίτης
2063 574 2145 613 Νω-

1116 638 1281 684 νυμναῖος
1290 662 1300 680 ,
1325 634 1371 675 ὡς
1394 631 1580 678 Φίλιστος.

1170 692 1314 731 Eadem
1329 693 1445 743 vulgo
1462 692 1642 743 leguntur
1659 693 1699 730 in
1719 692 1831 730 editis
1849 692 1986 731 Suidae.

1604 752 1666 788 55.

1174 809 1283 848 Idem
1299 826 1306 846 :
1322 808 1515 862 Τρίκαλον,
1537 807 1597 847 καὶ
1625 808 1790 862 Τρίκαλα
1815 807 2025 862 οὐδετέρως,
2050 807 2150 852 πόλις

1121 868 1301 913 Σικελίας.
1321 867 1500 911 Φίλιστος.

1176 980 1342 1031 Hesych.
1359 977 1594 1032 εΒουόάρτις,
1608 975 1692 1020 νεὼς
1711 976 1842 1028 ὄνομα,
1861 977 1959 1032 παρὰ
1978 978 2152 1033 Φιλίστῳ.

1125 1057 1141 1074 «ι
1158 1039 1306 1078 Albert.
1322 1046 1360 1076 et
1376 1037 1593 1075 Hemsterh.
1614 1036 1663 1074 ad
1679 1037 1822 1075 Polluc.
1843 1040 1984 1076 Onom.
2009 1041 2063 1088 X,
2089 1039 2154 1090 52,

1125 1112 1213 1137 cum
1229 1097 1415 1138 salmasio
1446 1097 1598 1147 legunt:
1611 1094 1795 1148 Βουὸᾶρις,
1808 1097 1831 1133 i.
1847 1110 1878 1134 e.
1892 1095 2027 1148 μεγάλη
2043 1099 2153 1150 βᾶρις.

1126 1156 1347 1211 Μυριοφόρον
1369 1155 1559 1207 ejusmodi
1591 1168 1729 1193 navem
1759 1155 1857 1193 dixit
1872 1155 2045 1207 Thucyd.
2065 1159 2156 1207 VII,

1130 1220 1192 1267 25,
1213 1217 1282 1255 ubi
1302 1231 1336 1255 v.
1351 1217 1528 1255 Duker.»
1547 1216 1695 1253 Goeller.

1609 1284 1672 1312 nl.

1183 1334 1309 1373 Schol.
1331 1333 1547 1372 Germanic.
1574 1346 1613 1384 p.
1644 1347 1658 1369 1
1672 1346 1729 1381 10,
1752 1332 1809 1371 ed.
1829 1333 1947 1372 Paris,
1974 1333 2092 1383 1559,
2114 1339 2158 1378 [ιε

1135 1396 1255 1442 Quum
1284 1393 1396 1432 Liber
1409 1407 1433 1430 α
1449 1395 1595 1430 Junone
1611 1397 1759 1429 insania
1777 1391 1919 1440 objecta
1926 1392 2085 1443 fugeret
2112 1394 2166 1430 ad

1131 1468 1298 1490 occursus
1316 1455 1500 1490 Dodonoez·
1513 1454 1623 1498 Iovis,
1641 1457 1793 1501 esusque
1809 1456 1845 1488 in
1866 1455 1999 1502 templo
2017 1466 2164 1502 respon-

1131 1527 1175 1550 sa
1193 1522 1348 1562 peteret,
1375 1522 1416 1549 ut
1437 1512 1615 1548 Philistus
1634 1510 1761 1559 refert,
1782 1515 1913 1560 magni
1930 1510 2064 1548 imbres
2082 1524 2162 1547 cum

1132 1574 1315 1622 grandine
1325 1575 1394 1608 orti
1399 1579 1486 1608 sunt
1495 1584 1540 1607 ea
1548 1579 1675 1619 parte,
1691 1583 1765 1618 qua
1780 1574 2058 1606 transmissurus
2071 1578 2163 1606 erat.

1132 1632 1261 1668 Asinis
1275 1644 1296 1667 e
1313 1634 1494 1667 contrario
1512 1628 1783 1666 transeuntibus
1792 1642 1869 1678 per
1884 1642 2017 1678 aquas,
2042 1632 2078 1664 in
2094 1642 2166 1665 uno

1133 1704 1182 1727 ex
1198 1691 1256 1726 his
1270 1691 1401 1726 sedens
1426 1698 1464 1726 et
1477 1693 1554 1738 quse
1578 1697 1800 1725 transvectus
1819 1698 1884 1734 est,
1911 1692 1990 1725 sine
1998 1690 2166 1738 periculo

1134 1748 1227 1788 etab
1240 1753 1387 1786 insania
1402 1747 1589 1785 liberatus.
1606 1747 1669 1785 Cf.'
1684 1748 1820 1798 Hygin.
1835 1750 1938 1785 Poet.
1959 1755 2165 1785 astronom.

1136 1811 1188 1857 ΙΙ,
1207 1822 1239 1845 c.
1257 1809 1322 1859 23,
1339 1806 1518 1859 Apollod.
1535 1809 1606 1854 ΙΙΙ,
1625 1806 1660 1853 5,
1684 1820 1715 1845 1.

1619 1865 1682 1902 58.

1193 1925 1367 1977 Apostol.
1387 1924 1570 1963 Proverb.
1596 1927 1700 1963 Cent.
1730 1928 1767 1972 1,
1794 1938 1831 1976 p.
1854 1924 1898 1962 51
1918 1938 1927 1960 :
1947 1922 2164 1977 Ἀδδηφάγον

1136 1983 1429 2037 πεντηκόντορον]
1450 1983 1632 2027 Φίλιστος.

1191 2042 1435 2089 Harpocran:
1453 2036 1690 2089 Ἀδδηφάγους
1706 2035 1859 2090 τριήρεις
1878 2035 2011 2081 Λυσίας
2026 2035 2120 2088 λέγει
2134 2037 2168 2074 ἐν

1137 2100 1182 2150 τῇ
1210 2095 1297 2150 ὑπὲρ
1317 2095 1491 2151 Εὐκρίτου
1512 2093 1767 2150 διαμαρτυρίᾳ,
1795 2097 1824 2134 εἰ
1855 2094 1995 2146 γνήσιος
2014 2098 2032 2133 ὁ
2056 2093 2168 2146 λόγος.

1142 2156 1217 2196 Καὶ
1233 2155 1436 2209 ἀδδηφάγον
1456 2153 1730 2209 πεντηκόντορον
1746 2154 1931 2200 Φίλιστος.

1195 2275 1379 2325 Συναγωγ.
1408 2272 1477 2318 λέξ.
1499 2289 1557 2327 χρ.
1592 2287 1631 2325 p.
1670 2274 1760 2321 428,
1795 2287 1836 2311 2:
1851 2271 2062 2319 Ἀποθήκην,
2094 2271 2170 2309 ἀντὶ

1140 2336 1201 2371 τοῦ
1238 2332 1475 2386 ἀποστροφήν.
1511 2332 1693 2375 Φίλιστος.
1724 2333 1846 2379 Quam
1876 2333 2038 2382 glossam
2058 2343 2171 2381 repe—

1143 2401 1231 2431 tunt
1247 2392 1385 2431 Suidas
1405 2401 1443 2430 et
1459 2395 1638 2430 Zonaras.

1144 2536 1188 2569 sis
1201 2539 1234 2569 et
1248 2537 1471 2570 Ambraciotes
1489 2545 1626 2569 :verum
1664 2534 1820 2569 Philistus
1844 2535 1948 2568 forma
1975 2533 2080 2566 Sicula
2100 2534 2172 2564 Am·

1142 2583 1297 2615 bracinus
1314 2583 1408 2615 dixit.

1183 2677 1409 2716 Artemisium,
1441 2676 1520 2709 urbs
1532 2676 1567 2707 in
1583 2630 1826 2708 ιῃεὸᾶῗίεηᾶιιοὶε
1843 2675 2068 2710 OEnotrorum,
2085 2671 2173 2712 apud

1144 2726 1333 2757 Hecataeum
1353 2724 1387 2756 in
1403 2726 1542 2764 Europa.
1561 2723 1652 2756 Civis
1690 2721 1909 2754 Artemisiates
1935 2721 2079 2751 vocatur.
2097 2718 2176 2751 Phi-

1144 2772 1240 2804 listus
1281 2780 1353 2803 eam
1377 2770 1584 2802 Artemitium
1609 2769 1771 2810 appellat,
1796 2766 1944 2799 fortassis
1963 2765 2089 2798 Dorice.
2114 2767 2174 2798 Est

1145 2820 1226 2853 item
1243 2820 1323 2852 urbs
1338 2819 1486 2852 Euhoeae.

1186 2917 1370 2955 Nonymna,
1384 2912 1539 2953 oppidum
1560 2865 1695 2946 Sicilia&
1726 2909 1819 2950 cujus
1853 2908 2036 2950 oppidanus
2066 2910 2172 2949 Nony-

1145 2971 1283 3001 mnaeus,
1297 2963 1427 2993 auctore
1440 2960 1587 2992 Philisto.

1188 3055 1347 3094 Tricalon,
1370 3056 1401 3086 et
1416 3053 1540 3085 Tricala
1549 3006 1748 3092 neutffaii'ter,
1758 3051 1835 3084 urbs
1844 3051 1976 3085 Siciliae.
1999 3051 2169 3084 Philistus.

1189 3147 1351 3187 Bubartis,
1371 3147 1465 3179 navis
1480 3154 1600 3178 nomen
1612 3099 1698 3186 azgd
1713 3146 1901 3178 Philistum.

1191 3254 1207 3269 «
1228 3240 1319 3272 Edax
1331 3240 1497 3281 navigium
1512 3194 1745 3281 quinqu5agi'nta
1759 3249 1933 3273 remorum.
1946 3253 1963 3268 »

1190 3334 1347 3372 Ἀποθήκη
1366 3288 1808 3375 (Βοροείῑοι’ἱυω)5ἑίέῃὶῦωῐ
1820 3334 1917 3367 etiam
1943 3347 1958 3362 u
1969 3333 2127 3374 refugium
2137 3345 2171 3373 »5

72 3375 459 3418 cujusPhileasmeminit,
467 3388 582 3412 nomen
594 3382 866 3422 accepit.Gentile
885 3382 1090 3414 Anibracien-
1116 3383 1122 3405 Ι
1149 3381 1236 3421 apud
1254 3380 1438 3412 Philistum.
