2320 3684
94 190 172 226 252

93 284 133 322 p.
153 270 242 318 208,
261 267 319 320 C)·
332 267 494 323 προλέγει
514 265 577 318 μὲν
596 270 667 310 τοῖς
684 263 794 319 φίλοις
811 263 880 318 πρὸ
901 266 1006 318 τριῶν
1025 267 1119 316 ἠμε-

97 327 216 382 ρῶν,ἢ
236 326 420 375 πλειόνων,
440 329 458 364 ὁ
475 323 643 378 ἐραστὴς,
664 322 716 361 ὅτι
733 323 855 374 μέλλοι
872 322 976 370 ϊὴνε
958 323 1119 377 αρπαγὴν

95 389 289 426 ποιεῖσθαι·
309 391 381 428 τοῖς
399 385 428 422 δ’
453 382 686 436 ἀποκρύπτειν
711 380 774 432 μὲν
797 381 856 420 τὸν
875 383 1004 430 παῖδα,
1023 380 1045 428 ἢ
1071 381 1120 433 μὴ

97 447 155 499 ἕᾷν
172 443 381 498 πορεύεσθαι
400 442 463 489 τὴν
478 440 694 493 τεταγμένην
720 439 811 489 ὁδὸν,
835 456 905 478 των
930 440 1120 492 αἰσχίστων

97 504 204 552 ἐστὶν,
235 505 280 546 ὡς
313 498 656 551 ἐξομολογουμένοις,
683 498 736 537 ὅτι
761 497 930 543 ἀνάξιοςὸ
953 505 1036 542 παῖς
1068 498 1121 547 εἴη

96 561 252 600 τοιούτου
271 562 416 613 ἐραστοῦ
435 557 632 629 τυγχάνειν.
653 556 835 600 Συνιόντες
855 557 897 606 δ’,
912 556 952 596 ἂν
974 556 1036 608 μὲν
1052 559 1121 595 τῶν

97 619 196 668 ἴσων,
214 618 236 665 ἢ
254 621 322 656 τῶν
343 615 582 671 ὑπερεχόντων
608 631 661 659 τις
683 631 704 667 ῃ
725 619 786 653 τοῦ
811 615 933 659 παιδὸς
959 618 1003 667 τῇ
1036 618 1122 668 τιμῇ

98 678 159 716 καὶ
187 683 258 720 τοῖς
287 677 402 748 ἄλλοις
422 678 440 713 ὁ
457 674 635 729 ἁρπάζων,
661 674 900 718 ἐπιδιώκοντες
926 674 1124 728 ἀνθήψαντο

101 735 204 786 μόνον
223 733 389 787 μετρίως,
408 733 448 772 τὸ
483 733 631 784 νόμιμον
655 733 930 784 ἐκπληροῦντες·
962 733 1076 771 τᾶλλα
1093 733 1123 772 δ’

99 792 342 846 ἐπιτρέπουσιν
362 791 459 844 ἄγειν
489 791 688 845 χαίροντες·
717 791 758 830 ἂν
781 792 810 829 δ’
831 791 987 841 ἀνάξιος,
1016 794 1124 845 ἀφαι-

101 855 259 905 ροῦνται·
277 850 385 904 πέρας
408 850 444 888 δὲ
470 853 532 897 τῆς
557 849 752 895 ἐπιδείξεως
774 850 995 902 (ἐπιδιώξεώς
1024 850 1122 902 CaS.)

102 911 210 958 ἐστιν,
225 908 290 954 ἕως
308 907 348 947 ἂν
365 911 456 962 ἀχθῇ
477 912 495 947 ὃ
510 914 592 953 παῖς
618 911 664 953 εἷς
689 908 728 948 τὸ
746 912 806 947 τοῦ
826 909 1046 963 ἁρπάσαντος
1065 911 1126 948 ἀν-

102 969 224 1022 δρεῖον.
243 967 439 1020 Ἐράσμιον
457 966 493 1006 δὲ
514 967 725 1019 νομίζουσιν,
744 968 782 1005 οὗ
795 967 853 1005 τὸν
867 969 989 1006 κάλλει
1003 967 1126 1021 διαφέ-

103 1042 225 1081 ροντα,
246 1025 338 1064 ἀλλὰ
359 1026 417 1065 τὸν
438 1025 578 1080 ἀνδρείᾳ
593 1025 652 1064 καὶ
679 1025 904 1077 κοσμιότητι·
931 1025 990 1064 καὶ
1013 1026 1128 1079 δωρη-

102 1084 252 1136 σάμενος
279 1085 408 1136 ἀπάγει
426 1084 484 1123 τὸν
502 1085 610 1123 παῖδα
630 1087 692 1131 τῆς
713 1083 830 1138 χώρας
851 1086 896 1128 εἷς
913 1084 949 1123 ὃν
967 1083 1127 1136 βούλεται

101 1143 219 1182 τόπον·
237 1145 508 1182 ἐπακολουθοῦσι
525 1142 562 1181 δὲ
575 1145 618 1195 τῇ
636 1143 777 1196 ἁρπαγῇ
791 1145 822 1181 οἱ
841 1141 1126 1196 παραγενόμενοι·

103 1202 316 1246 ἑστιαθέντες
340 1202 377 1240 δὲ
403 1201 464 1240 καὶ
488 1200 778 1255 συνθηρεύσαντες
801 1201 943 1253 δίμηνον
974 1201 1028 1252 (οὖ
1062 1200 1128 1254 γὰρ

103 1259 214 1305 ἔξεστι
231 1260 342 1299 πλείω
355 1259 477 1314 χρόνον
493 1259 654 1312 κατέχειν
664 1259 723 1298 τὸν
739 1260 875 1310 παῖδα),
887 1261 933 1303 εἷς
947 1259 1010 1306 τὴν
1028 1258 1128 1298 πόλιν

103 1318 389 1358 καταὸαίνουσιν.
406 1318 559 1373 Ἀφίεται
580 1319 611 1357 δ’
628 1322 646 1357 ὁ
662 1324 765 1366 παῖς,
785 1319 879 1372 δῶρα
897 1317 1030 1366 λαὸὼν,
1046 1334 1128 1357 στο·

103 1377 169 1424 λὴν
189 1376 397 1428 πολεμικὴν,
423 1377 484 1416 καὶ
505 1380 600 1430 βοῦν,
628 1377 687 1416 καὶ
713 1376 898 1429 ποτήριον·
924 1379 1036 1415 ταῦτα
1067 1375 1130 1427 μὲν

103 1437 149 1475 τὰ
164 1435 256 1474 κατὰ
270 1435 328 1474 τὸν
345 1434 450 1487 νόμον
468 1436 581 1489 δῶρα,
601 1435 660 1474 καὶ
677 1435 767 1474 ἄλλα
782 1434 892 1473 πλείω
908 1434 968 1473 καὶ
986 1436 1133 1473 πολυτε-

105 1495 168 1541 λη·
187 1492 279 1531 ὥστε
296 1492 524 1546 συνερανίζειν
543 1491 622 1536 τους
649 1492 766 1546 φίλους
785 1491 842 1531 διὰ
857 1492 896 1531 τὸ
915 1494 1045 1539 πληθος
1062 1494 1131 1531 τῶν

106 1551 276 1603 ἀναλωμ’
255 1567 359 1590 ατων.
380 1550 451 1591 Τὸν
467 1550 529 1602 μὲν
544 1544 602 1589 ουν
619 1553 720 1647 ξοῦν
717 1549 789 1589 θύει
800 1552 851 1604 τῷ
865 1550 941 1600 Διὶ,
957 1550 1016 1589 καὶ
1035 1552 1134 1605 ἑστιᾷ

105 1609 185 1654 τους
215 1609 574 1661 συγκαταὸαίνοντας·
607 1625 623 1648 ε
639 1626 660 1648 τ
701 1609 931 1664 ἀποφαίνεται
958 1609 1038 1663 περὶ
1071 1612 1134 1656 τῆς

106 1669 192 1722 πρὸς
205 1669 263 1707 τὸν
284 1667 433 1722 ἐραστὴν
457 1667 612 1719 ὁμιλίας,
633 1668 696 1707 εἴτ’
713 1668 908 1720 ἀσμενίζων
928 1668 1134 1720 τετύχηκεν,

107 1727 175 1766 εἴτε
192 1726 260 1779 μή·
277 1731 338 1765 τοῦ
352 1726 460 1777 νόμου
479 1730 580 1765 τοῦτο
597 1726 846 1781 ἐπιτρέψαντος
862 1725 918 1775 ἂν,
933 1726 1024 1770 εἴτις
1039 1728 1135 1780 αὐτῷ

114 1785 168 1836 βία
186 1786 458 1839 προσενήνεκται
478 1784 568 1824 κατὰ
583 1784 688 1837 (μετὰ
698 1786 781 1837 Tz.)
801 1785 864 1833 τὴν
889 1785 1136 1839 ἆρπαγὴν,ἓν-

107 1847 219 1882 ταῦθα
231 1849 492 1898 παρατιμωρεῐν
512 1843 623 1897 (πάρα
642 1850 806 1898 τιμωρεῖν
827 1845 923 1895 Cas.)
943 1846 1056 1897 ἑαυτῷ
1077 1860 1136 1882 και

110 1902 412 1941 ἀπαλλάττεσθαι·
431 1907 502 1945 τοῖς
518 1901 554 1940 δὲ
573 1903 692 1945 καλοῖς
712 1901 775 1949 τὴν
794 1901 901 1950 ἰδέαν,
927 1901 987 1940 καὶ
1005 1901 1138 1955 προγό-

108 1977 177 1998 νων
193 1962 368 2013 ἐπιφανῶν
384 1961 538 2013 ἐραστῶν
560 1959 609 2011 μὴ
637 1965 755 2012 τυχεῖν
782 1959 940 2013 (αἰσχρὸν
960 1961 1138 2011 νομίζεται

110 2018 223 2068 Cas.)‚
237 2021 283 2062 ὡς
300 2018 356 2056 διὰ
383 2018 440 2056 τὸν
459 2017 585 2072 τρόπον
605 2021 707 2056 τοῦτο
731 2021 911 2056 παθοῦσιν.
929 2017 1082 2070 Ἔχουσι
1102 2018 1138 2057 δὲ

109 2075 215 2128 τιμὰς
233 2078 264 2115 οἱ
286 2075 565 2129 παρασταθέντες
579 2091 587 2099 ·
611 2075 702 2114 οὕτω
720 2075 786 2129 γὰρ
811 2078 959 2114 καλοῦσι
977 2075 1056 2120 τοὺς
1075 2077 1139 2129 ἆρ-

111 2134 306 2186 παγέντας·
329 2134 364 2173 ἔν
385 2150 422 2172 τε
453 2133 520 2188 γὰρ
550 2140 621 2178 τοῖς
655 2133 793 2188 δρόμοις
827 2134 888 2173 καὶ
916 2140 987 2178 τοῖς
1010 2134 1141 2188 θρόνοις

111 2194 232 2246 ἔχουσι
254 2192 316 2236 τὰς
337 2192 563 2244 ἐντιμοτάτας
579 2192 713 2246 χώρας·
737 2195 781 2245 τῇ
800 2208 837 2231 τε
861 2194 968 2246 στολῇ
992 2199 1140 2245 κοσμεῖ-

112 2303 172 2337 sed
185 2303 331 2344 raptione
343 2303 481 2335 amasios
494 2305 692 2343 comparant.
712 2303 865 2335 Praedicit
879 2303 992 2336 amicis
1011 2307 1136 2336 amator

111 2350 216 2382 tribus
235 2352 291 2382 aut
317 2349 464 2390 pluribus
481 2350 553 2381 ante
573 2349 686 2381 diebus
699 2373 708 2389 ,
725 2358 760 2381 se
779 2353 946 2390 rapturum
963 2359 1056 2382 esse:
1073 2350 1136 2383 illis

112 2405 190 2430 vero
209 2396 433 2438 turpissimum
456 2395 593 2427 habetur
605 2419 614 2435 ‚
639 2397 802 2428 occultare
825 2406 962 2438 puerum
974 2420 983 2436 ,
1000 2400 1056 2429 aut
1070 2406 1136 2429 non

113 2443 218 2476 sinere
237 2443 357 2475 usitata
371 2442 536 2474 ambulare
552 2442 604 2474 via
619 2452 627 2473 ε
642 2442 761 2483 quippe
776 2443 822 2474 sic
835 2444 1043 2484 confessuris,
1061 2453 1137 2484 pue-

113 2498 187 2522 rum
210 2489 379 2530 indignum
405 2497 476 2521 esse
489 2513 498 2528 ‚
526 2488 582 2529 qui
605 2488 660 2520 tali
685 2490 828 2521 amatore
855 2490 1022 2529 potiretur.
1053 2492 1137 2530 Ergo

113 2536 199 2568 facto
215 2535 353 2576 agmine,
371 2535 399 2567 si
416 2534 545 2576 quidem
560 2536 668 2575 raptor
680 2536 737 2566 aut
751 2535 885 2575 aequalis
904 2536 957 2574 sit,
974 2537 1030 2568 aut
1041 2536 1136 2567 etiam

114 2591 251 2624 puerum
265 2583 386 2614 honore
398 2582 533 2623 aliisque
550 2582 695 2621 excellat,
714 2583 919 2623 insequentes
935 2592 1009 2615 eum
1026 2584 1138 2616 leviter

116 2628 274 2660 duntaxat
297 2628 511 2667 reluctantur,
535 2629 573 2660 ut
597 2628 656 2668 legi
675 2629 893 2668 satisfaciant,
919 2638 1014 2669 porro
1030 2631 1137 2661 autem

115 2675 180 2706 laeti
192 2684 267 2707 eum
280 2675 391 2706 sinunt
404 2674 521 2706 abduci
537 2684 544 2706 :
562 2674 589 2707 si
602 2675 751 2715 indignus
767 2676 819 2714 sit,
833 2684 907 2707 eum
923 2675 1062 2716 eripiunt
1078 2686 1085 2707 :
1100 2685 1138 2708 eo

116 2730 220 2761 usque
241 2723 349 2753 autem
369 2723 531 2753 ostentant
555 2730 590 2754 se
614 2731 806 2762 repugnare,
827 2722 928 2754 donec
944 2722 984 2754 ad
1003 2724 1138 2763 raptoris

115 2767 271 2798 Andrium
287 2776 365 2807 puer
374 2766 576 2808 perducatur.
595 2767 774 2799 Amabilem
795 2767 992 2806 existimant,
1004 2777 1070 2799 uon
1083 2768 1139 2808 qui

117 2814 237 2854 forma,
253 2813 308 2845 sed
327 2814 384 2854 qui
399 2814 586 2846 fortitudine
608 2817 640 2846 et
665 2814 823 2846 modestia
837 2816 979 2855 praestat.
999 2816 1139 2855 Raptum

118 2863 242 2891 amator
274 2861 368 2892 donis
393 2860 544 2892 affectum
561 2861 652 2893 ducit
676 2870 869 2902 quocunque
884 2861 954 2893 vult
968 2862 1112 2893 locorum
1130 2871 1137 2892 :

120 2907 298 2947 raptionem
321 2907 533 2948 comitantur,
556 2908 612 2948 qui
635 2908 876 2940 intervenerunt
893 2918 900 2939 :
919 2908 1069 2940 convivio
1089 2917 1140 2939 au-

120 2955 186 2984 tem
202 2956 234 2985 et
250 2954 419 2986 venatione
431 2954 482 2986 usi
498 2963 554 2995 per
566 2954 719 2987 bimestre
739 2954 875 2994 (diutius
893 2955 979 2986 enim
998 2954 1141 2986 detinere

121 3008 259 3040 puerum
271 3009 336 3031 non
348 3000 448 3040 licet),
467 3001 500 3032 in
511 3001 623 3033 urbem
642 3001 786 3034 redeunt.
799 3001 980 3033 Dimittitur
994 3010 1072 3042 puer
1086 3001 1140 3032 do-

122 3048 172 3078 nis
188 3048 343 3088 acceptis,
357 3049 496 3081 amiculo
518 3049 632 3081 bellico
643 3073 651 3089 ,
674 3049 824 3090 bove„et
841 3049 955 3090 poculo
972 3059 980 3080 :
1001 3057 1038 3080 ea
1054 3048 1139 3080 enim

124 3095 201 3124 sunt
212 3093 352 3132 legitima
365 3103 516 3127 munera:
529 3095 583 3127 sed
601 3096 757 3128 accedunt
766 3096 827 3127 alia
845 3098 1013 3128 sumtuosa
1028 3105 1035 3126 :
1049 3095 1094 3127 ita
1105 3097 1142 3126 ut

123 3138 166 3171 ob
179 3141 344 3171 sumtuum
357 3141 608 3181 magnitudinem
618 3143 714 3174 etiam
729 3142 825 3174 amici
835 3143 951 3183 stipem
961 3141 1137 3174 conferant.

123 3187 207 3218 Puer
213 3185 329 3217 bovem
341 3189 359 3218 J
362 3188 414 3218 ovi
425 3188 580 3228 immolat,
595 3192 637 3228 et,
650 3189 705 3229 qui
717 3198 781 3221 una
796 3190 829 3220 in
844 3190 990 3230 raptione
1000 3188 1140 3228 adfuere,

124 3232 275 3264 convivio
296 3233 414 3273 excipit
432 3243 440 3264 ε
456 3234 570 3266 deinde
593 3235 634 3267 de
659 3235 891 3268 consuetudine
915 3245 974 3267 sua
999 3244 1074 3267 cum
1095 3243 1141 3265 ra-

124 3281 216 3320 ptore
257 3279 459 3319 pronuntiat,
484 3282 615 3320 gratane
627 3281 697 3313 haec
712 3282 758 3321 ei,
776 3291 817 3313 an
833 3290 925 3314 secus
938 3282 1035 3313 suerit
1051 3291 1059 3312 z
1076 3281 1144 3321 lege

124 3325 187 3356 hoc
202 3325 417 3366 permittente,
435 3327 482 3365 ut,
507 3327 533 3357 si
552 3329 626 3366 post
640 3330 765 3368 raptum
784 3328 939 3360 violenter
952 3328 1081 3360 habitus
1097 3336 1143 3360 es-

126 3373 175 3403 set
186 3371 327 3403 amasius
339 3395 349 3412 ,
362 3370 526 3404 discedere
547 3372 587 3404 ab
600 3376 741 3406 amatore
754 3375 788 3406 et
805 3383 916 3415 poenas
931 3375 1057 3415 exigere
1072 3383 1143 3415 pos·

871 179 1065 219 EPHORI
1092 179 1421 220 FRAGMENTA.

1172 268 1252 304 σθαι
1269 265 1498 320 διαφερόντως
1512 265 1644 319 ἐφίεται
1656 267 1725 304 τῶν
1746 265 1861 304 ἄλλων
1879 267 1922 318 τῇ
1943 266 2079 318 δοθείσῃ
2095 267 2192 322 παρὰ

1172 325 1241 362 τῶν
1264 325 1418 377 ἐραστῶν
1435 340 1442 348 ·
1467 323 1526 362 καὶ
1551 327 1590 362 οὐ
1615 324 1693 363 τότε
1721 323 1839 375 μόνον,
1868 323 1959 363 ἀλλὰ
1986 325 2044 363 καὶ
2069 324 2194 364 τέλειοι

1173 382 1350 433 γενόμενοι
1372 382 1542 434 διάσημον
1561 383 1690 430 ἐσθῆτα
1707 381 1880 437 φέρουσιν,
1904 383 1961 436 ἀφ’
1978 377 2020 429 ἧς
2037 383 2196 434 γνωσθή-

1174 456 1271 479 σεται
1289 439 1434 484 ἔκαστος
1451 441 1582 484 κλεινὸς
1599 440 1781 493 γενόμενος
1792 457 1800 464 ·
1818 441 1876 479 τὸν
1894 440 1958 491 μὲν
1974 441 2039 495 γὰρ
2059 441 2197 494 ἐρώμε-

1174 514 1230 538 νον
1253 501 1400 538 καλοῦσι
1418 499 1565 548 κλεινὸν,
1581 500 1639 538 τὸν
1659 501 1687 538 δ’
1707 499 1855 554 ἐραστὴν
1876 499 2057 554 φιλήτορα.
2072 502 2197 539 Ταῦτα

1176 557 1239 609 μὲν
1257 557 1302 596 τὰ
1330 558 1409 612 περὶ
1434 557 1512 602 τοὺς
1540 558 1670 612 ἔρωτας
1691 558 1836 610 νόμιμα.
1856 558 2045 612 Ἄρχοντας
2062 556 2098 596 δὲ
2114 557 2198 597 δέκα

1177 618 1369 671 αἱροῦνται·
1386 617 1465 670 περὶ
1486 617 1522 655 δὲ
1533 620 1601 655 τῶν
1620 618 1792 669 μεγίστων
1821 616 2031 668 συμὸούλοις
2043 619 2200 670 χρῶνται

1175 682 1244 718 τοῖς
1258 675 1397 729 γέρουσι
1412 675 1648 727 καλουμένοις.
1673 676 1911 715 Καθίστανται
1931 675 1960 713 δ’
1982 678 2030 719 εἷς
2047 679 2149 714 τοῦτο
2161 675 2202 714 τὸ

1176 733 1350 788 συνέδριον
1371 736 1402 772 οἱ
1419 737 1480 782 τῆς
1502 737 1571 773 τῶν
1595 733 1748 786 Κόσμων
1771 737 1883 788 ἀρχῆς
1907 733 2114 785 ἠξιωμένοι,
2140 733 2201 772 καὶ

1175 791 1220 831 τὰ
1237 792 1328 831 ἄλλα
1345 792 1481 844 δόκιμοι
1497 792 1702 846 κρινόμενοι.

1230 851 1468 901 a)Cf.Nicol.
1491 853 1663 890 Damaso.
1679 866 1716 903 p.
1739 852 1811 890 158
1829 853 1964 890 Orell:
1980 853 2027 891 Οἱ
2044 850 2080 889 δὲ
2100 853 2203 905 Κρη-

1177 911 1245 946 τῶν
1257 910 1376 953 παῖδες
1389 909 1614 960 ἀγελάζονται
1624 913 1722 960 κοινῇ
1734 910 1809 961 μετ’
1823 909 1983 957 ἀλλήλων
1993 911 2081 957 σκλη
2087 925 2205 962 ραγω-

1178 966 1358 1018 γούμενοι,
1382 967 1441 1006 καὶ
1464 967 1569 1021 θήρας
1584 967 1643 1006 και
1663 967 1844 1021 δρόμους’
1825 967 1980 1012 ανάντεις
1996 968 2206 1016 ἀνυπόδητοι

1179 1025 1425 1074 κατανύοντες,
1444 1025 1504 1063 καὶ
1501 1025 1584 1087 m“rm
1604 1024 1760 1064 ἐνόπλιον
1780 1027 1952 1080 πυρρίχην
1968 1028 2206 1075 ἐκπονοῦντες,

1179 1084 1301 1131 ἥντινα
1322 1086 1459 1137 πρῶτος
1485 1088 1562 1137 εὗρε
1589 1082 1767 1137 Πύῤῥιχος
1792 1085 2020 1132 Κυδωνιάτης
2042 1084 2140 1138 Κρὴς
2166 1083 2208 1124 τὸ

1180 1143 1288 1194 γένος.
1318 1145 1530 1182 Συσσιτοῦσι
1565 1142 1625 1180 δ”
1610 1158 1644 1180 εν
1672 1146 1777 1195 κοινῷ
1806 1146 1836 1182 οἱ
1864 1143 1983 1197 ἄνδρες
2008 1161 2072 1191 την
2099 1144 2207 1192 αὐτὴν

1182 1199 1356 1239 δίαιταν”
1337 1216 1474 1252 εχοντες
1493 1199 1605 1245 ἐξίσου
1630 1200 1769 1244 πάντες.
1787 1203 1907 1255 Δῶρον
1926 1201 1963 1240 δὲ
1979 1203 2095 1246 αὐτοῖς
2114 1205 2207 1242 ἐστιν

1183 1259 1275 1297 ὅπλα
1290 1258 1499 1310 τιμιώτατα.
1517 1259 1572 1297 Cf.
1592 1268 1629 1296 et
1648 1261 1868 1298 Heraclides
1879 1261 2057 1299 Ponticus
2074 1275 2111 1312 p.
2133 1263 2208 1300 208

1183 1319 1300 1356 Orell.
1315 1327 1353 1355 et
1371 1318 1497 1356 Schol.
1518 1318 1624 1355 Piud.
1641 1319 1750 1368 Pyth.
1767 1321 1818 1365 11,
1839 1332 1930 1366 127:
1949 1320 1986 1358 Π
2009 1320 2097 1357 ῶτον
2112 1319 2212 1359 Κού-

1185 1391 1291 1430 ρητας
1306 1374 1370 1423 τὴν
1386 1374 1530 1414 ἔνοπλον
1544 1375 1763 1428 ὀρχήσασθαι
1773 1375 1933 1429 ὄρχησιν,
1949 1380 2045 1421 αυθις
2061 1377 2098 1416 δὲ
2114 1378 2214 1432 1165}-

1186 1438 1282 1488 ῥιχον
1309 1436 1452 1488 Κρῆτα,
1473 1433 1704 1479 συντάξασθαι
1724 1434 1760 1473 δὲ
1779 1434 1932 1483 Θάλητα
1949 1437 2088 1490 πρῶτον
2112 1437 2158 1476 τὰ
2179 1439 2214 1482 ἐς

1186 1492 1294 1540 αὐτὴν
1314 1492 1560 1547 ὑπορχήματα.

1239 1552 1274 1602 b)
1293 1552 1435 1590 Eadem
1450 1551 1603 1590 brevius
1616 1553 1848 1601 Aristoteles,
1862 1554 1943 1593 Pol.
1961 1555 2010 1601 11,
2029 1568 2066 1602 7,
2087 1569 2120 1602 1,
2135 1558 2213 1593 Po-

1186 1611 1313 1661 lybius
1331 1614 1392 1656 VI,
1412 1611 1479 1655 45:
1492 1610 1576 1650 Ἐπὶ
1591 1609 1701 1658 δὲτὴν
1714 1613 1864 1665 Κρητῶν
1883 1612 2106 1663 μεταὸάντες,
2121 1612 2214 1658 ἄξιον

1188 1671 1376 1715 ἐπιστῆσαι
1389 1668 1480 1707 κατὰ
1491 1669 1551 1708 δύο
1557 1685 1716 1723 τροπους,
1723 1686 1798 1714 πως
1811 1673 1841 1709 οἱ
1851 1671 2058 1723 λογιωτατοι
2065 1687 2133 1710 των
2146 1674 2213 1726 ἀρ-

1188 1726 1299 1779 χαίων
1318 1727 1569 1816 συγγραφέων,ὲ
1578 1728 1791 1782 Ἔφορος,’“’
1757 1732 1939 1791 ιενοφῶν,
1956 1731 2215 1780 Καλλισθένης,

1190 1785 1356 1835 Πλάτων,
1370 1789 1507 1840 πρῶτον
1527 1786 1571 1838 μὲ
1555 1803 1590 1826 ν
1608 1787 1730 1838 ὁμοίαν
1745 1782 1833 1827 εἶναί
1846 1804 1930 1842 φασι
1946 1789 2006 1827 καὶ
2022 1788 2086 1836 τὴν
2105 1789 2215 1837 αὐτὴν

1189 1847 1232 1896 τῇ
1253 1845 1553 1896 Λακεδαιμονίων·
1569 1845 1725 1900 δεύτερον
1745 1847 1774 1884 δ’
1785 1846 1999 1895 ἐπαινετὴν*
1986 1848 2214 1902 υπάρχουσαν

1193 1903 1454 1958 ἀποφαίνουσιν.
1485 1898 1555 1943 ῗΩν
1588 1904 1764 1958 οὐδέτερον
1795 1900 1976 1953 ἀληθὲς
1943 1906 2032 1944 εἶναί
2064 1922 2124 1945 ιιοι
2154 1907 2216 1945 δο-

1191 1967 1265 1999 κεῖ·
1300 1967 1442 2000 σκοπεῖν
1472 1962 1502 2000 δ’
1538 1964 1578 2000 ἐκ
1611 1962 1742 2002 τούτων
1783 1964 1941 2018 πάρεστι.
1979 1964 2050 2004 Καὶ
2077 1966 2216 2019 πρῶτον

1193 2018 1279 2072 υπὲρ
1297 2023 1361 2066 τ’ἧς
1378 2019 1625 2072 ἀνομοιότητος
1650 2021 1809 2073 διέξιμεν.
1830 2025 1905 2070 Τῆς
1930 2022 1993 2074 μὲν
2023 2022 2064 2070 δὴ
2095 2026 2218 2062 Λακε-

1193 2078 1379 2129 δαιμονίων
1402 2079 1577 2123 πολιτείας
1595 2079 1681 2119 ἴδιον
1705 2074 1794 2119 είναί
1815 2097 1920 2135 φασι,
1936 2084 2073 2135 πρῶτον
2094 2080 2158 2134 μὲν
2174 2080 2219 2120 τὰ

1192 2152 1271 2190 περι
1290 2136 1351 2180 τὰς
1368 2137 1527 2189 ἐγγαίους
1547 2137 1705 2187 κτήσεις,
1726 2143 1774 2178 ὣν
1795 2139 1905 2178 οὐδενὶ
1923 2139 2064 2191 μέτεστι
2087 2142 2218 2189 πλεῖον,

1194 2194 1284 2233 ἀλλὰ
1302 2195 1436 2239 πάντας
1447 2196 1526 2240 τους
1540 2197 1715 2242 πολίταις’
1703 2213 1774 2236 ισον
1789 2198 1880 2251 ἔχειν
1897 2200 1947 2237 δεῖ
1964 2216 2026 2246 της
2039 2201 2222 2246 πολιτικης

1196 2306 1249 2337 sit.
1274 2307 1438 2338 Formosis
1462 2309 1494 2340 et
1515 2307 1633 2340 illustri
1655 2317 1767 2349 genere
1785 2310 1864 2341 ortis
1885 2311 1980 2351 turpe
2003 2313 2070 2350 est,
2093 2311 2218 2344 nullum

1196 2352 1313 2384 habere
1328 2355 1504 2386 amatorem
1521 2364 1528 2385 :
1544 2355 1691 2386 moribus
1714 2356 1802 2387 enim
1819 2356 1880 2388 hoc
1897 2365 2008 2388 eorum
2029 2357 2216 2398 imputatur.

1195 2401 1307 2431 Honor
1322 2409 1418 2440 porro
1431 2401 1567 2434 habetur
1582 2402 1694 2443 raptis.
1710 2404 1790 2434 Nam
1811 2404 1844 2435 et
1865 2403 1898 2435 in
1912 2412 2033 2443 cursu,
2050 2406 2082 2436 et
2097 2403 2130 2436 in
2145 2413 2219 2437 con-

1197 2455 1289 2478 sessu
1303 2447 1415 2478 locus·
1407 2447 1446 2479 iis
1461 2449 1634 2489 primarius
1647 2449 1856 2482 attribuitur:
1871 2452 1904 2482 et
1918 2452 2010 2482 veste
2023 2451 2217 2491 permissum

1196 2494 1246 2525 est
1261 2496 1298 2524 ut
1313 2493 1431 2525 eximia
1444 2497 1588 2535 utantur,
1606 2496 1645 2527 ab
1659 2497 1802 2528 amatore
1815 2497 1901 2528 dono
1917 2496 2013 2528 data:
2030 2505 2135 2537 neque
2147 2499 2217 2530 tum

1198 2534 1305 2574 modo,
1315 2535 1369 2565 sed
1388 2535 1488 2567 adulti
1501 2537 1598 2568 etiam
1609 2540 1731 2569 vestem
1752 2538 1886 2577 gerunt'
1879 2537 2047 2577 insignem,
2055 2546 2118 2577 qua
2128 2547 2222 2579 agno·

1198 2584 1333 2613 scuntur
1362 2583 1450 2614 Klini
1482 2583 1614 2615 fuisse·
1632 2585 1789 2616 amasium
1805 2584 1890 2616 enim
1907 2584 1954 2615 sic
1981 2586 2111 2623 vocant,
2127 2585 2220 2625 quasi

1197 2628 1319 2659 clarum
1344 2639 1351 2660 :
1378 2632 1553 2661 amatorem
1578 2631 1782 2663 Philetorem.
1806 2633 1864 2663 Hae
1886 2632 1962 2662 sunt
1983 2631 2101 2663 amoris
2122 2632 2219 2672 leges.

1198 2676 1360 2716 Principes
1383 2677 1522 2716 diligunt
1537 2676 1647 2708 decem
1665 2688 1672 2709 ε
1691 2678 1731 2710 de
1754 2678 1889 2710 summis
1906 2677 2001 2709 rebus
2020 2678 2220 2711 consiliarios

1198 2722 1370 2762 adhibent,
1399 2724 1454 2764 qui
1478 2723 1623 2756 Seniores
1645 2727 1803 2757 vocantur
1820 2735 1828 2756 :
1846 2727 2039 2766 cooptantur
2060 2727 2168 2757 autem
2187 2726 2219 2758 in

1198 2769 1277 2800 illud
1301 2770 1488 2810 collegium,
1505 2770 1561 2810 qui
1584 2773 1778 2803 Kosmorum
1803 2772 1991 2812 magistratu
2015 2771 2102 2812 digni
2118 2772 2219 2805 habiti

1198 2819 1286 2855 sunt,
1304 2818 1401 2857 atque
1416 2816 1494 2848 alias
1510 2817 1602 2857 probi
1616 2821 1796 2850 censentur.

1238 2865 1332 2896 Nunc
1366 2864 1406 2895 ad
1445 2865 1647 2897 Cretensium
1664 2874 1766 2906 remp.
1789 2860 1942 2897 conversa
1961 2864 2126 2904 oratione,
2154 2864 2219 2896 duo

1199 2910 1284 2942 circa
1314 2910 1399 2942 illam
1422 2911 1625 2943 considerare
1655 2921 1714 2943 nos
1739 2921 1844 2952 operae
1858 2911 1995 2951 pretium
2022 2911 2129 2950 suerit,
2144 2919 2218 2951 quae

1200 2957 1330 2989 suntab
1342 2957 1571 2989 eruditissimis
1585 2958 1796 2998 scriptoribus
1809 2958 1951 2998 antiquis
1965 2958 2102 2998 prodita,
2116 2958 2220 2998 Epho-

1200 3013 1235 3036 ro
1246 3028 1255 3044 ,
1279 3005 1509 3044 Xenophonte,
1525 3004 1740 3039 Callisthene,
1754 3004 1886 3036 Platone
1903 3014 1911 3033 ε
1929 3004 1985 3044 qui
2008 3004 2087 3035 illud
2114 3004 2219 3045 primo

1200 3051 1372 3091 dixerunt,
1397 3051 1533 3082 similem
1556 3051 1638 3082 lianc
1654 3060 1724 3082 esse
1746 3053 1841 3091 atque
1867 3050 1947 3082 adeo
1974 3051 2119 3082 eamdem
2143 3059 2219 3082 cum

1201 3100 1374 3139 Spartana3
1409 3098 1525 3129 deinde
1565 3097 1660 3129 laude
1682 3098 1810 3138 dignam
1840 3098 2097 3138 pronuntiarunt.
2135 3099 2220 3135 Quo-

1201 3154 1271 3176 rum
1289 3147 1438 3176 neutrum
1451 3144 1528 3175 mihi
1542 3143 1674 3184 quidem
1687 3145 1815 3176 videtur
1829 3153 1899 3175 esse
1913 3152 2026 3175 verum
2048 3153 2055 3174 :
2076 3146 2218 3175 ceterum

1201 3201 1238 3223 ex
1256 3192 1304 3230 iis,
1320 3200 1393 3232 quae
1408 3191 1564 3229 dicemus,
1593 3191 1652 3222 erit
1686 3191 1939 3231 uniuscujusque
1965 3191 2147 3222 aestimatio.
2172 3193 2220 3222 Ac

1201 3238 1341 3279 primum
1357 3236 1486 3277 quidem
1503 3237 1543 3269 de
1556 3237 1816 3269 dissimilitudine
1832 3246 1973 3277 agemus.
1991 3239 2112 3278 Nempe
2125 3239 2218 3269 Lace-

1202 3284 1435 3317 daemoniorum
1451 3283 1528 3325 reip.
1549 3284 1715 3331 proprium
1743 3293 1812 3316 esse
1834 3284 1945 3331 aiunt,
1973 3284 2113 3325 primum
2139 3283 2218 3315 illud

1202 3326 1287 3358 circa
1311 3325 1485 3357 fundorum
1512 3324 1754 3365 possessiones,
1774 3325 1861 3365 quod
1893 3325 1926 3356 in
1951 3333 1989 3356 ea
2012 3327 2102 3365 parte
2123 3333 2218 3356 nemo

1203 3373 1300 3405 alium
1316 3373 1455 3412 superat,
1472 3370 1528 3403 sed
1541 3379 1652 3403 omnes
1668 3371 1753 3403 cives
1766 3371 1921 3412 aequalem
1935 3370 2054 3412 publici
2071 3371 2136 3412 agri
2152 3379 2216 3403 mo·
