2320 3684
144 197 221 231 204

136 277 476 329 ἀνθομολογούμενον
503 276 642 330 εὐχερὲς
666 291 895 330 παραστησαι
917 276 975 314 τὸν
992 275 1158 327 Τίμαιον.

136 335 238 375 Κατὰ
272 338 351 397 γὰρ
395 336 435 374 τὸ
472 335 654 388 προοίμιον
683 338 746 381 τῆς
774 334 876 382 ἕκτης
920 334 1042 387 βίὸλου
1076 334 1161 388 φησὶ

134 393 230 438 τινὰς
245 389 519 445 ὑπολαμὸάνειν,
534 393 620 431 διότι
636 393 725 437 τινὸς
742 393 896 444 μείζονος
907 394 1015 432 δεῖται
1029 392 1163 447 φύσεως

135 453 196 491 και
217 452 419 507 φιλοπονίας
440 452 500 490 καὶ
517 454 741 505 παρασκευῆς
762 451 803 491 τὸ
823 454 892 491 τῶν
921 453 1161 490 επιδεικτικῶν

135 510 247 562 λόγων
274 510 389 562 γένος,
409 509 431 557 ἢ
451 509 491 548 τὸ
509 511 573 557 τῆς
591 509 765 564 ἱστορίας·
785 509 913 554 ταύτας
932 509 969 549 δὲ
987 509 1049 555 τὰς
1066 509 1164 556 δόξας

135 569 300 623 πρότερον
321 568 384 620 μὲν
406 568 546 623 Ἐφόρῳ
581 569 667 623 φησὶ
702 575 914 624 προσπεσεῖν
929 585 938 596 ·
972 572 1011 608 οὐ
1055 569 1163 617 δυνή-

136 627 251 671 θέντος
273 627 303 665 δ’
321 629 448 671 ἱκανῶς
476 627 606 666 ἐκείνου
638 627 724 682 πρὸς
752 627 831 673 τοὺς
857 632 969 667 ταῦτα
999 627 1164 680 λέγοντας

136 688 355 735 ἀπαντῆσαι,
374 692 538 739 πειρᾶται
562 686 757 740 συγκρίνειν
778 686 880 731 αὐτὸς
901 688 941 725 ἐκ
959 687 1162 740 παραὸολῆς

134 743 198 791 τὴν
234 744 389 798 ἱστορίαν
429 750 501 789 τοῖς
542 745 785 790 ἐπιδεικτικοῖς
830 745 965 797 λόγοις·
1014 752 1162 799 πρᾶγμα

135 805 243 840 ποιῶν
257 803 397 842 πάντων
417 802 662 842 ἀτοπώτατον·
684 806 821 858 πρῶτον
839 802 902 856 μὲν
927 804 967 843 τὸ
988 804 1164 858 καταψεύ-

137 864 264 900 σασθαι
279 866 340 900 τοῦ
357 861 601 917 συγγραφέως·
619 865 638 902 ὃ
651 862 717 917 γὰρ
729 860 882 918 Ἔφορος
899 863 982 917 παρ’
998 861 1083 910 ὅλην
1099 863 1162 911 τὴν

135 922 378 973 πραγματείαν
397 922 588 973 θαυμάσιος
603 920 651 960 ὢν
684 921 743 960 καὶ
759 921 850 960 κατὰ
880 921 944 970 τὴν
962 922 1086 976 φράσιν
1104 922 1163 961 καὶ

135 979 227 1017 κατὰ
263 978 322 1018 τὸν
362 980 544 1034 χειρισμὸν
583 980 642 1019 καὶ
673 980 764 1020 κατὰ
804 979 867 1028 τὴν
909 981 1063 1020 ἐπίνοιαν
1093 983 1163 1020 τῶν

135 1038 347 1089 λημμάτων,
366 1039 558 1084 δεινότατός
577 1041 670 1079 ἔστιν
692 1041 726 1078 ἐν
743 1046 819 1084 ταῖς
843 1040 1083 1095 παρεκὸάσεσι
1104 1041 1163 1080 καὶ

135 1102 211 1141 ταῖς
233 1098 292 1151 ἀφ’
313 1100 419 1137 αὑτοῦ
449 1098 725 1151 γνωμολογίαις,
760 1099 819 1137 καὶ
856 1099 1055 1147 συλλήὸδην
1082 1098 1163 1138 ὅταν

136 1172 203 1195 που
222 1157 280 1197 τὸν
303 1160 554 1213 ἐπιμετροῦντα
569 1158 671 1211 λόγον
689 1160 886 1207 διατιθῆται
901 1175 909 1183 ·
926 1159 1017 1198 κατὰ
1037 1158 1075 1197 δέ
1087 1175 1165 1198 τινα

137 1216 324 1269 συντυχίαν
359 1218 597 1272 εὖχαρίστατα
633 1218 692 1256 καὶ
728 1217 954 1257 πιθανώτατα
987 1218 1068 1272 περὶ
1103 1221 1165 1265 τῆς

136 1276 349 1330 συγκρίσεως
372 1276 488 1331 εἴρηκε
512 1280 575 1323 τ’ἧς
599 1279 668 1315 τῶν
689 1276 963 1331 ἱστοριογράφων
984 1277 1043 1315 καὶ
1059 1278 1165 1328 λογο-

136 1334 278 1388 γράφων
290 1351 298 1359 ·
314 1338 332 1374 ὁ
354 1335 382 1373 δ’
399 1334 456 1374 ἵνα
478 1335 527 1387 μὴ
546 1335 625 1388 δόξῃ
644 1335 755 1374 ταύτὰ
771 1335 883 1386 λέγειν
905 1333 1064 1389 Ἐφόρῳ,
1080 1334 1166 1389 πρὸς

137 1395 187 1445 τῷ
200 1397 434 1447 κατεψεῦσθαι
451 1394 584 1432 ἐκείνου
597 1423 607 1441 ,
627 1394 686 1432 καὶ
704 1395 773 1431 τῶν
798 1395 930 1432 λοιπῶν
948 1394 1164 1445 κατέγνωκε·

136 1451 180 1489 τὰ
195 1451 262 1506 γὰρ
285 1453 343 1491 ὑπ’
362 1453 477 1491 ἄλλων
500 1451 646 1496 δεόντως
675 1451 924 1504 κεχειρισμένα
945 1455 1087 1506 μακρῶς
1107 1453 1165 1491 καὶ

136 1513 279 1565 ἀσαφῶς
295 1513 354 1551 καὶ
371 1514 421 1564 τῷ
438 1513 543 1550 παντὶ
567 1510 731 1582 χειρόνως
759 1511 1003 1564 ἐξηγούμενος,
1044 1511 1167 1551 οὐδένα

136 1572 205 1609 τῶν
224 1571 360 1616 ζώντων
396 1571 549 1609 ὖπέλαὸε
576 1574 679 1609 τουτο
712 1571 988 1626 παρατηρήσειν.
1017 1572 1071 1610 Οὐ
1096 1571 1166 1623 μὴν

137 1629 228 1667 ἀλλὰ.
262 1630 469 1682 βουλόμενος
498 1629 610 1675 αὔξειν
635 1630 699 1678 τὴν
725 1629 893 1684 ἱστορίαν,
928 1632 1066 1684 πρῶτον
1102 1631 1165 1681 μὲν

136 1689 352 1737 τηλικαύτην
382 1683 471 1728 εἶναί
499 1704 586 1743 φησι
621 1687 788 1743 διαφορὰν
808 1692 869 1737 τῆς
896 1688 1049 1742 ἱστορίας
1081 1689 1167 1743 πρὸς

136 1745 214 1790 τους
243 1747 491 1792 ἓπιδεικτικους
510 1746 633 1799 λόγους
664 1747 828 1794 ἡλίκην”
811 1762 884 1800 εχει
910 1746 955 1785 τὰ
982 1747 1060 1785 κατ’
1080 1747 1164 1794 ἀλή-

136 1808 230 1845 θειαν
249 1806 504 1859 ᾠκοδομημένα
527 1807 586 1846 καὶ
607 1807 915 1858 κατεσκευασμένα
937 1808 1007 1845 τῶν
1035 1807 1070 1844 ἓν
1091 1811 1166 1850 ταῖς

137 1867 406 1919 σκηνογραφίαις
452 1867 667 1918 φαινομένων
707 1865 823 1904 τόπων
863 1872 923 1904 καὶ
960 1864 1163 1904 διαθέσεων·

137 1923 293 1968 δεύτερον
315 1924 350 1963 δὲ
367 1925 407 1963 τὸ
426 1925 651 1978 συναθροῖσαί
671 1940 756 1979 φησι
772 1924 836 1971 τὴν
859 1923 1085 1978 παρασκευὴν
1099 1924 1162 1971 τὴν

137 1982 222 2035 πρὸς
239 1983 336 2022 τὴν(
327 1983 481 2037 ιστορίαν
502 1983 654 2030 μεῖζον
637 1999 735 2034 εργον
762 1987 850 2022 εἰναι
877 1986 940 2030 τ’ἦς
965 1982 1048 2030 ὅλης
1071 1998 1162 2036 πρα-

136 2122 288 2155 exhibere
315 2123 407 2155 facile
437 2124 498 2155 est.

138 2171 208 2203 bit:
226 2179 291 2202 non
320 2170 431 2202 deesse
464 2169 521 2210 qui
537 2169 745 2210 existiment,

529 2124 611 2155 Nam
623 2122 650 2154 is
667 2131 699 2154 in
714 2121 786 2154 libri
800 2122 881 2154 sexti
904 2122 1062 2163 prooemio
1090 2123 1163 2154 scri-

767 2168 847 2201 illud
865 2178 1052 2202 sermonum
1065 2178 1166 2210 genus

137 2218 224 2259 quod
241 2217 274 2249 in
292 2217 506 2250 ostentatione
522 2216 663 2258 positum
674 2219 723 2248 est
737 2239 746 2255 ,
762 2218 883 2257 maj0re
899 2217 1027 2257 ingenio
1042 2241 1051 2256 ,
1076 2217 1172 2248 indu-

138 2265 217 2297 stria
234 2265 267 2297 et
282 2266 438 2306 apparatu
450 2264 603 2304 indigere,
617 2272 716 2304 quam
731 2261 899 2296 historiam
918 2273 925 2294 :
942 2266 975 2296 et
987 2263 1087 2303 addit,
1099 2264 1165 2304 jam

137 2313 215 2344 olim
231 2313 329 2345 istam
358 2311 550 2344 sententiam
581 2312 711 2352 Ephoro
741 2311 842 2343 fuisse
872 2311 1062 2352 oppositam.
1102 2310 1168 2349 Qui

137 2369 239 2401 quum
259 2360 337 2392 satis
359 2368 418 2400 pro
441 2359 486 2390 rei
503 2358 658 2398 dignitate
676 2358 775 2399 hujus
791 2358 959 2390 sententiae
977 2359 1163 2390 auctoribus

138 2407 330 2448 respondere
345 2415 409 2438 non
425 2406 581 2447 potuerit;
599 2406 669 2446 ipse
691 2404 857 2437 historiam
870 2413 946 2436 cum
962 2405 1164 2437 orationibus

137 2454 179 2486 ad
192 2453 439 2487 ostentationem
457 2452 644 2493 compositis
663 2451 861 2484 contendens
874 2475 884 2490 ‚
905 2455 1075 2492 utramque
1091 2453 1166 2484 scri-

138 2502 281 2542 ptionem
294 2501 377 2532 inter
402 2509 436 2532 se
451 2503 586 2531 conatur
599 2508 796 2539 comparare,
811 2508 877 2531 rem
893 2500 1040 2531 omnium
1055 2500 1162 2532 absur-

138 2548 306 2580 dissimam
329 2547 466 2586 faciens3
486 2547 589 2587 primo
615 2546 693 2586 quia
718 2546 910 2578 historicum
926 2546 1164 2580 calumniatur:

138 2604 278 2636 namque
299 2595 449 2636 Ephorus
467 2594 500 2625 in
526 2593 676 2625 universa
694 2593 828 2624 historia
852 2594 1012 2634 permirus
1032 2596 1082 2626 est
1097 2595 1167 2626 sive

138 2642 332 2682 elocutione,
351 2641 420 2673 sive
434 2640 578 2672 materiae
590 2641 742 2678 tractatu,
758 2639 827 2671 sive
839 2642 1102 2680 argumentorum
1116 2649 1166 2672 ex-

138 2690 343 2730 cogitatione,
361 2691 428 2720 tum
441 2687 694 2728 digressionibus
709 2686 865 2718 faciendis
881 2687 1113 2728 sententiisque
1126 2688 1166 2720 de

139 2746 224 2777 penu
237 2746 297 2769 suo
304 2735 531 2777 depromendis
544 2734 832 2774 ingeniosissimuS‚
845 2736 877 2765 et
887 2734 1165 2775 omninoquoties-

139 2793 280 2824 cumque
316 2791 497 2816 sermonem
525 2782 666 2823 aliquem
688 2784 804 2823 praeter
827 2790 894 2813 rem
916 2782 1114 2822 praecipuam
1133 2784 1166 2815 et

139 2831 232 2872 quasi
245 2831 286 2862 ad
298 2839 449 2872 pompam
463 2829 596 2862 adornat
603 2840 612 2869 ;
628 2830 737 2860 nescio
749 2830 859 2860 autem
871 2837 937 2868 quo
948 2837 1024 2860 casu
1035 2829 1163 2869 accidit,

141 2881 177 2911 ut
198 2878 391 2910 suavissima
415 2877 564 2918 quaedam
588 2876 792 2916 maximeque
815 2874 995 2916 probabilia
1016 2875 1103 2907 dicat
1125 2875 1166 2908 de

140 2925 378 2966 comparatione
400 2923 545 2956 historici
565 2925 597 2955 et
618 2922 756 2955 oratoris
774 2921 938 2954 :Timaeus
955 2930 1044 2961 vero,
1059 2931 1100 2954 ne
1122 2922 1166 2954 vi-

141 2972 255 3004 deatur
272 2972 382 3004 eadem
398 2980 472 3012 quae
491 2971 640 3011 Ephorus
655 2970 778 3009 dicere,
794 2978 859 3001 non
881 2969 986 3001 solum
1000 2968 1035 3000 in
1054 2969 1114 3001 hac
1133 2979 1166 3002 re

142 3020 313 3059 mentitur,
331 3019 386 3051 sed
407 3018 505 3050 etiam
524 3018 585 3049 alia
601 3017 704 3058 ipsius
720 3017 852 3049 damnat
866 3017 966 3048 :dum
987 3016 1073 3048 enim
1092 3026 1166 3057 quae

141 3065 194 3096 alii
206 3065 405 3097 laudabiliter
417 3067 647 3104 tractaverunt,
659 3064 785 3105 prolixe
796 3066 828 3096 et
839 3064 977 3096 obscure
988 3066 1021 3096 et
1032 3065 1165 3097 omnino

141 3111 232 3151 pejus
246 3112 377 3152 exponit
402 3112 487 3152 ipse,
504 3112 667 3144 neminem
689 3111 750 3143 hoc
765 3111 950 3144 mortalium
965 3111 1165 3144 animadver-

143 3166 256 3188 surum
272 3166 342 3190 esse
361 3158 422 3189 sibi
440 3158 612 3198 persuasit.

184 3206 225 3235 Et
240 3205 346 3235 tamen
367 3205 510 3237 historiae
526 3205 637 3236 laudes
653 3205 789 3245 augendi
805 3205 942 3245 cupidus
953 3229 962 3245 ,
977 3205 1082 3246 primo
1097 3206 1165 3247 qui-

143 3250 216 3281 dem
233 3252 354 3281 tantam
366 3259 436 3282 esse
451 3252 495 3282 ait
511 3252 725 3283 differentiam
744 3252 891 3284 historiae
908 3252 948 3283 ab
964 3250 1165 3284 orationibus

143 3296 334 3337 epidicticis‚
351 3299 471 3336 quauta
483 3300 532 3329 est
549 3299 631 3329 inter
646 3307 720 3329 vera
743 3298 878 3330 aedificia
893 3301 925 3330 et
940 3299 993 3330 illa
1012 3301 1044 3330 in
1061 3300 1165 3331 scenis

143 3343 304 3384 pigmenta
323 3343 465 3374 locorum
489 3353 526 3374 ac
542 3344 801 3384 dispositionum.
822 3345 944 3377 Deinde
959 3345 1097 3378 affirmat
1114 3346 1164 3378 vel

143 3388 244 3420 solam
261 3389 403 3422 materiae
418 3389 457 3421 ad
473 3389 690 3422 instruendam
716 3391 880 3422 historiam
898 3392 1164 3432 conquisitionem

930 190 1096 229 TIMAEI
1124 189 1458 231 FRAGMENTA.

1218 277 1386 327 γματείας
1401 281 1463 326 τῆς
1480 279 1559 324 περὶ
1596 278 1674 322 τοὺς
1711 279 1961 324 ἐπιδεικτικοὺς
2006 281 2142 334 λόγους·
2177 285 2243 323 αὗ-

1220 334 1275 378 τὸς
1286 339 1368 387 γοῦν
1383 336 1597 384 τηλικαύτην
1612 337 1915 389 ὑπομεμενηκέναι
1931 339 2088 388 δαπάνην
2106 341 2165 380 καὶ
2181 357 2246 381 κα-

1220 393 1410 432 κοπάθειαν
1423 398 1484 433 τοῦ
1498 401 1706 448 συναγαγεῖν
1724 395 1766 433 τὰ
1782 395 1862 450 περί
1878 399 1981 436 τίνων
1997 399 2245 450 ὑπομνήματα,

1221 451 1280 490 καὶ
1311 453 1650 507 πολυπραγμονῆσαι
1683 454 1727 492 τὰ
1760 453 1901 505 Λιγύων
1928 454 1988 503 ἔθη
2009 456 2068 494 καὶ
2087 458 2244 508 Κελτῶν,

1221 508 1295 561 ἅμα
1313 508 1349 548 δὲ
1367 510 1499 556 τούτοις
1516 511 1677 565 Ἰὸήρων,
1697 511 1787 551 ὥστε
1805 513 1887 564 μήτ’
1904 512 1945 552 ἂν
1968 514 2068 558 αὐτὸς
2082 515 2244 566 ἐλπίσαι,

1223 567 1305 620 μήτ’
1323 567 1364 607 ἂν
1381 568 1509 623 ἑτέροις
1525 570 1766 623 ἐξηγουμένοις
1789 574 1973 619 πεισθῆναι
1989 572 2069 627 περὶ
2098 572 2244 613 τούτων.

1274 675 1432 714 Suidas:
1450 676 1689 730 Καλλικύριοι.
1712 651 1767 716 Οἱ.
1783 676 1860 715 ἀντὶ
1886 678 1954 715 τῶν
1983 677 2180 733 Γεωμόρων
2208 681 2246 718 ἐν

1222 732 1463 807 Συρακούσαις
1496 733 1696 786 γενόμενοι,
1736 735 1860 775 πολλοί
1899 751 1987 779 τινες
2024 735 2064 775 τὸ
2102 739 2245 784 πλῆθος.

1221 793 1348 830 Δοῦλοι
1362 786 1430 830 δ”*
1407 808 1496 839 ησαν
1514 797 1609 832 οὑτοι
1621 795 1691 831 τῶν
1710 794 1919 847 ερυγοίδων,ε
1900 810 1947 838 ως
1973 794 2125 846 Ἰίμαιος
2153 797 2188 834 ἐν
2205 794 2247 842 ς’.

1222 849 1330 889 ‘'oeev
1355 850 1433 895 τους
1456 852 1632 905 ὓπερὸολῇ
1659 851 1809 896 πολλους
1833 854 2087 907 Καλλικυρίους
2116 852 2246 906 ἔλεγον.

1225 908 1499 960 Ὠνομάσθησαν
1518 909 1554 948 δὲ
1571 910 1641 949 ἀπὸ
1658 914 1718 949 τοῦ
1732 912 1779 955 εἷς
1797 911 1904 950 ταύτὸ
1923 914 2095 950 συνελθεῖν
2115 927 2248 952 παντο-

1224 968 1327 1006 δαποὶ
1350 968 1464 1016 ὄντες,
1484 970 1530 1012 ὣς
1551 968 1790 1022 Ἀριστοτέλης
1813 971 1849 1008 ἓν
1874 970 2124 1024 Συρακουσίων
2143 973 2248 1010 πολι-

1223 1026 1311 1080 τείᾳ,
1348 1026 1463 1078 ὅμοιοι
1492 1033 1563 1071 τοῖς
1595 1028 1881 1080 Λακεδαιμονίων
1900 1028 2054 1078 Εἵλωσι,
2077 1029 2136 1068 καὶ
2153 1030 2250 1084 παρὰ

1224 1087 1420 1128 Θεσσαλοῖς
1440 1085 1654 1134 Πενέσταις,
1670 1086 1731 1124 καὶ
1756 1086 1852 1140 παρὰ
1873 1087 2008 1141 Κρησὶν
2027 1088 2248 1142 Κλαρώταις.

1225 1143 1297 1183 Και
1341 1143 1534 1197 παροιμία·
1570 1144 1815 1197 Καλλικυρίων
1835 1146 1984 1189 πλείους.
2004 1148 2117 1185 Τοῦτο
2136 1145 2252 1198 ἐλέγε·

1224 1217 1286 1250 το,
1307 1201 1422 1240 εἴποτε
1437 1203 1569 1248 πλῆθος
1590 1202 1749 1249 ἤθελον’
1733 1218 1899 1257 εμφηναι.
1913 1206 1960 1243 Οἱ
1979 1204 2047 1277 γὰρ
2066 1203 2251 1244 Καλλικύ-

1224 1275 1290 1313 ριοι
1306 1254 1463 1298 Sosim*
1440 1275 1547 1308 ησαν,
1564 1260 1704 1304 πλείους
1741 1264 1810 1300 τῶν
1840 1262 1968 1316 κυρίων
1999 1264 2140 1301 αὐτῶν·
2159 1262 2251 1302 ὥστε

1228 1318 1288 1356 καὶ
1306 1317 1428 1362 αὐτους
1447 1317 1623 1363 ἐξέὸαλον.

1279 1377 1438 1415 photius
1458 1378 1586 1415 Lexic.
1608 1378 1739 1416 eadem
1757 1377 1875 1416 habet
1895 1392 2014 1430 usque
2036 1379 2086 1417 ad
2103 1379 2220 1418 verba
2240 1394 2250 1418 :

1225 1435 1284 1473 καὶ
1298 1435 1482 1490 παροιμία.

1279 1542 1480 1580 Athenaeus
1499 1545 1624 1593 XIII,
1643 1548 1662 1588 l,
1680 1572 1689 1590 ,
1706 1489 1864 1594 5373,
1885 1546 1939 1580 D:
1959 1542 2030 1581 Καὶ
2052 1542 2109 1582 ὅτε
2128 1541 2171 1590 δὴ
2191 1543 2251 1582 ἐπὶ

1225 1599 1288 1647 τὴν
1304 1600 1463 1640 Ἑλλάδα
1482 1600 1546 1648 τὴν
1568 1601 1752 1655 στρατείαν
1778 1595 1861 1652 ἦγεν
1891 1604 1909 1640 ὃ
1935 1600 2077 1655 Πέρσης
2087 1632 2105 1652 ,¹
2119 1604 2166 1646 ὡς
2191 1602 2251 1640 καὶ

1225 1657 1437 1710 Θεόπομπος
1461 1662 1612 1713 ἱστορεῖ,
1640 1661 1697 1699 κα)
1730 1660 1882 1711 Τίμαιος
1904 1661 1939 1698 ἓν
1964 1663 2008 1713 τῇ
2032 1658 2187 1712 ἑὸδόμῃ,
2215 1661 2251 1698 αἱ

1226 1718 1406 1772 Κορίνθιαι
1436 1721 1570 1773 ἑταῖραι
1602 1718 1751 1767 ηὔξαντο
1780 1717 1867 1772 ὑπὲρ
1886 1721 1949 1766 τῆς
1976 1721 2044 1758 τῶν
2068 1713 2250 1766 Ἑλλήνων

1226 1776 1400 1830 σωτηρίας
1414 1808 1424 1826 ,
1442 1779 1489 1821 εἷς
1504 1777 1562 1816 τὸν
1581 1781 1644 1824 τῆς
1662 1777 1864 1832 Ἀφροδίτης
1880 1778 2044 1816 ἐλθοῦσαι
2056 1776 2156 1816 νέων.

1585 1853 1750 1917 'Lmen
1777 1851 1865 1919 vil.

1277 1983 1382 2022 Idem
1402 1987 1498 2032 XII,
1520 1998 1561 2021 11
1577 2014 1589 2033 ,
1609 1997 1646 2035 p.
1668 1931 1830 2031 5453&
1845 1983 1934 2036 Περὶ
1957 1982 1994 2021 δὲ
2017 1981 2252 2036 Σμινδυρίδου

1226 2121 1331 2162 maJus
1345 2129 1417 2153 esse
1432 2130 1526 2162 opus,
1537 2130 1634 2162 quam
1647 2121 1805 2162 quidquid
1820 2121 1939 2153 laboris
1953 2121 2129 2153 insumitur
2143 2121 2176 2153 in
2190 2121 2252 2162 epi·

1226 2167 1352 2200 dicticis
1367 2168 1571 2200 sermonibus
1587 2168 1832 2209 componendis.
1850 2171 1923 2209 lpse
1934 2167 2029 2209 igitur
2043 2169 2149 2200 tantas
2161 2177 2196 2200 se
2207 2170 2251 2199 to·

1223 2214 1377 2247 leravisse
1393 2214 1470 2246 dicit
1491 2215 1654 2256 impensas
1673 2217 1848 2255 tantosque
1869 2214 1995 2247 labores
2016 2214 2050 2246 in
2066 2214 2254 2255 colligendis

1224 2262 1264 2294 de
1276 2261 1471 2303 quibusdam
1487 2262 1675 2294 hominibus
1688 2262 1827 2294 rebusve
1841 2261 2093 2301 commentariis,
2108 2264 2208 2302 atque
2220 2261 2252 2292 iu

1225 2308 1444 2349 percontando
1457 2308 1498 2341 de
1509 2309 1664 2350 Ligurum
1677 2311 1709 2342 et
1724 2309 1903 2348 Gallorum,
1919 2311 2073 2350 praeterea
2087 2308 2250 2340 iberorum

1225 2355 1388 2395 moribus,
1406 2357 1443 2386 ut
1458 2364 1562 2396 neque
1577 2356 1647 2396 ipse
1664 2356 1699 2387 id
1714 2357 1988 2397 exspectavisset‚
2006 2364 2110 2396 neque
2129 2355 2200 2388 aliis
2217 2355 2247 2388 fl-

1224 2402 1297 2434 dem
1314 2403 1398 2435 esset
1412 2402 1582 2435 habiturus
1595 2403 1656 2435 hoc
1677 2402 1784 2444 ipsum
1798 2401 1858 2434 sibi
1873 2402 2091 2435 narrantibus·

1267 2496 1444 2537 Callicyrii,
1459 2496 1628 2529 Geomoris
1644 2496 1800 2537 expulsis,
1820 2496 1927 2528 locum
1942 2496 2071 2528 illorum
2085 2495 2252 2537 Syracusis

1224 2545 1436 2584 occuparunt.
1482 2543 1608 2583 lugenti
1644 2546 1736 2575 erant
1777 2543 1995 2576 multitudine.
2037 2544 2079 2574 Hi
2117 2542 2250 2574 exulum

1225 2592 1315 2621 erant
1331 2589 1428 2629 servi,
1444 2590 1480 2621 ut
1489 2591 1602 2621 auctor
1615 2592 1664 2621 est
1681 2589 1823 2621 Timaeus
1835 2589 1919 2621 libro
1930 2597 1984 2621 sex
1990 2591 2034 2620 to.
2049 2588 2142 2620 Unde
2155 2587 2252 2620 maxi—

1224 2644 1310 2666 mam
1322 2635 1488 2667 hominum
1504 2636 1745 2668 multitudinem
1757 2636 1933 2677 significare
1947 2635 2103 2675 volentes,
2120 2634 2251 2675 Gallicy-

1224 2682 1290 2714 rios
1316 2682 1423 2714 dicere
1438 2682 1594 2714 solebant.
1614 2683 1666 2715 Sic
1684 2684 1792 2715 autem
1803 2722 1806 2724 ,
1819 2683 1923 2715 vocati
1940 2683 2087 2721 fuerunt,
2106 2682 2193 2722 quod
2209 2690 2261 2714 cx·

1224 2729 1322 2760 variis
1345 2729 1424 2760 locis
1437 2729 1670 2769 confluxerant,
1684 2732 1720 2763 ut
1734 2731 1919 2763 Aristoteles
1932 2730 1965 2762 in
1979 2732 2250 2771 Syracusanorum

1223 2775 1358 2815 Republ.
1371 2775 1478 2807 tradit.
1487 2776 1613 2808 Similes
1622 2779 1713 2810 erant
1722 2777 2038 2809 Lacedaemoniorum
2045 2775 2252 2808 Helotibuset

1223 2821 1449 2854 Thessalorum
1463 2823 1621 2863 PenestiS,
1640 2826 1672 2856 et
1686 2825 1888 2857 Cretensium
1902 2824 2052 2856 Glarotis.
2067 2825 2108 2854 Et
2123 2831 2249 2864 prover·

1223 2867 1316 2899 bium
1334 2877 1342 2899 ε
1360 2869 1487 2901 Plures
1510 2869 1706 2910 Galltcyrz'is
1724 2880 1731 2901 :
1746 2871 1834 2911 quod
1854 2871 1894 2903 de
1912 2879 2027 2911 magna
2042 2868 2248 2901 multitudine

1226 2914 1404 2947 dicebatur.
1420 2915 1583 2956 Callicyrii
1600 2917 1687 2948 enim
1702 2917 1787 2950 servi
1803 2917 1952 2950 dominos
1966 2925 2103 2949 numero
2118 2923 2247 2957 supera·

1223 2961 1393 3003 bant:quo
1409 2962 1529 2994 sactum
1542 2963 1602 3003 cst,
1621 2965 1658 2995 ut
1675 2973 1731 2995 eos
1747 2964 1952 3005 expellerent.

1268 3057 1380 3096 Itaque
1394 3056 1491 3088 etiam
1507 3065 1573 3096 quo
1589 3059 1732 3098 tempore
1745 3057 1902 3089 Graeciam
1917 3066 1992 3088 cum
2005 3056 2147 3088 exercitu
2161 3055 2248 3087 inva-

1223 3102 1266 3134 sit
1281 3105 1388 3144 Persa,
1410 3106 1446 3134 ut
1461 3105 1493 3134 et
1507 3104 1740 3145 Theopompus
1756 3107 1864 3135 narrat
1874 3129 1883 3143 ,
1900 3106 1932 3136 et
1948 3103 2088 3136 Timaeus
2111 3103 2248 3143 septimo

1223 3149 1320 3190 libro,
1334 3150 1511 3182 Corinthiae
1525 3151 1708 3183 meretrices
1722 3161 1780 3192 pro
1796 3151 1898 3182 salute
1910 3153 2098 3182 Graecorum
2114 3151 2190 3181 vota
2206 3148 2247 3181 ΐο-

1223 3199 1346 3235 cerunt,
1359 3197 1391 3228 in
1409 3197 1543 3228 Veneris
1560 3197 1716 3238 templum
1736 3197 1975 3230 convenientes.

1645 3254 1843 3269 “Quo-—

1599 3291 1750 3329 LIBER
1779 3292 1866 3330 Vll.

1266 3396 1310 3426 De
1341 3395 1545 3436 Smindyrida
1571 3351 1722 3436 Sybarin?
1727 3351 1750 3434 ‚8
1752 3374 1885 3437 eiusque
1898 3395 2041 3433 luxuria,
2063 3391 2243 3427 Herodotus
