2320 3684
760 150 1060 190 PHYLARCHI
1089 150 1424 192 FRAGMENTA.

38 241 161 293 γίστην
191 239 291 279 πόλιν
320 241 389 278 τῶν
421 238 512 278 κατὰ
543 236 607 285 τὴν
629 235 811 290 Ἀρκαδίαν
841 235 1068 283 τηλικαύταις

38 301 211 339 παλαῖσαι
237 303 448 352 συμφοραῖς,
470 295 562 335 ὥστε
579 294 713 339 πάντας
739 296 787 338 εἰς
806 294 988 334 ἐπίστασιν
1008 294 1068 333 καὶ

39 358 173 412 δάκρυα
208 357 287 401 τοὺς
319 356 502 404 ἽΞλληνας
533 357 693 407 ἀγαγεῖν·
731 355 935 399 σπουδάζων
971 354 1000 392 δ’
1023 355 1070 397 εἰς

38 416 134 456 ἔλεον
161 418 384 456 ἐκκαλεῖσθαι
405 414 486 458 τοὺς
508 413 809 466 ἀναγινώσκοντας
835 412 896 452 καὶ
921 429 1070 465 συμπα-

40 478 108 520 θεῖς
123 481 232 515 ποιεῖν
251 480 323 518 τοῖς
341 473 552 526 λεγομένοις,
566 472 699 524 εἰσάγει
715 470 930 526 περιπλοκὰς
946 487 1071 522 γυναι-

38 537 110 574 κῶν
139 534 199 573 καὶ
227 533 339 585 κόμας
368 531 613 587 διερριμμένοις
639 532 699 571 καὶ
728 534 873 584 μαστῶν
905 529 1071 579 ἐκὸολὰς,

38 592 124 648 πρὸς
155 592 192 631 δὲ
222 592 356 636 τούτοις
371 592 505 646 δάκρυα
524 591 584 630 καὶ
606 591 750 646 θρήνους
769 591 902 644 ἀνδρῶν
930 588 990 628 καὶ
1011 604 1074 640 γυ-

38 655 168 692 ναικῶν
185 651 314 704 ἀναμὶξ
331 651 406 702 ἅμα
419 650 553 695 τέκνοις
567 650 627 690 καὶ
643 653 783 703 γονεῦσι
802 654 959 704 γηραιοῖς
979 650 1074 687 ἀπα-

38 710 208 764 γομένων.

92 773 151 811 Cf.
167 772 360 812 Plutarch.
376 775 482 811 Arat.
505 770 568 817 45.

528 829 592 868 52.

93 889 278 941 Polybius
293 893 346 938 II,
367 889 437 939 59:
452 888 569 929 Πάλιν
584 886 839 942 Ἀριστόμαχον
850 884 908 924 τὸν
921 883 1073 939 Ἀργεῖόν

41 963 146 1003 φησιν
168 947 438 1002 (δ’Φύλαρχος),
458 947 567 1001 ἄνδρα
585 950 648 994 τῆς
672 944 952 1000 ἐπιφανεστάτης
965 943 1077 988 οἰκίας

41 1007 246 1061 ὑπάρχοντα
259 1007 318 1046 καὶ
329 1005 610 1061 τετυραννηκότα
628 1005 691 1057 μὲν
707 1005 882 1059 Ἀργείων,
895 1003 1077 1058 πεφυκότα

43 1066 79 1105 δὲ
117 1068 158 1105 ἐκ
192 1066 386 1120 τυράννων,
427 1065 628 1119 ὑποχείριον
668 1062 854 1118 Ἀντιγόνῳ
894 1063 954 1102 καὶ
1007 1069 1077 1107 τοῖς

42 1125 194 1178 Ἀχαιοῖς
211 1125 394 1178 γενόμενον
415 1126 462 1168 εἷς
482 1123 664 1178 Κεγχρεὰς
677 1126 881 1176 ἀπαχθῆναι
895 1123 954 1161 καὶ
972 1138 1078 1176 στρε-

41 1182 234 1235 ὅλούμενον
255 1185 453 1232 ἀποθανεῖν,
480 1183 681 1222 ἀδικώτατα
707 1182 767 1221 καὶ
792 1181 972 1221 δεινότατα
1011 1198 1080 1220 πα-

42 1240 146 1281 θόντα
163 1241 306 1282 πάντων
327 1242 533 1296 ἀνθρώπων.
551 1244 680 1296 Τηρῶν
702 1240 738 1280 δὲ
760 1241 819 1280 καὶ
847 1241 927 1295 περὶ
947 1241 1077 1288 ταύτην

42 1300 106 1349 τὴν
123 1301 247 1356 πρᾶξιν
263 1305 281 1341 ὁ
301 1301 520 1356 συγγραφεὺς
537 1301 577 1340 τὸ
593 1302 671 1340 καθ’
688 1300 792 1340 αὑτὸν
811 1300 942 1351 ἰδίωμα
960 1301 1077 1354 φωνάς

42 1377 139 1405 τινας
162 1362 311 1401 πλάττει
338 1361 396 1400 διὰ
425 1365 487 1408 τῆς
515 1360 638 1404 νυκτὸς
663 1363 768 1400 αὐτοῦ
798 1359 1076 1414 στρεὸλουμένου

44 1419 337 1474 προσπιπτούσας
362 1427 434 1465 τοῖς
460 1419 627 1472 σύνεγγυς
660 1424 902 1459 κατοικοῦσιν·
931 1414 979 1458 ὧν
1000 1418 1080 1463 τοὺς

46 1479 110 1531 μὲν
131 1478 438 1531 ἐκπληττομένους
455 1478 519 1527 τὴν
547 1478 724 1528 ἀσέὸειαν,
742 1478 820 1523 τοὺς
834 1479 863 1517 δ’
884 1481 1079 1517 ἀπιστοῦν-

0 1535 2 1538 ’
45 1554 120 1587 τας,
133 1538 211 1582 τοὺς
225 1539 254 1577 δ’
271 1540 554 1591 ἀγανακτοῦντας
565 1538 624 1577 ἐπὶ
642 1544 715 1583 τοῖς
726 1537 962 1591 γιγνομένοις,
973 1553 1083 1592 προσ-

46 1597 183 1652 τρέχειν
204 1597 290 1652 πρὸς
305 1596 368 1645 τὴν
393 1596 506 1636 οἰκίαν
523 1597 621 1651 φησί.

98 1658 355 1708 Phylarchum
371 1687 383 1706 ‚
404 1667 444 1695 ut
464 1657 630 1705 videtur,
651 1657 826 1708 sequitur
855 1657 1083 1696 Plutarchus

46 1717 87 1757 in
106 1719 226 1756 Arato
245 1723 307 1762 44.
617 1715 619 1717 ’

46 1788 49 1789 ’
532 1770 594 1808 53.

100 1829 281 1880 Polybius
303 1833 353 1876 ΙΙ,
379 1831 422 1867 6ι
441 1845 450 1868 :
465 1829 510 1868 Ὁ
525 1828 562 1868 δὲ
576 1828 796 1883 (Φύλαρχος)
808 1831 883 1872 πῶς
899 1828 962 1880 μὲν
979 1827 1084 1867 ἔλαὸε

47 1886 319 1940 Κλεομένηςτὴν
333 1887 433 1928 πόλιν
450 1889 756 1940 (Megalopolin),
768 1888 912 1932 καὶπῶς
922 1887 1083 1942 ἀκέραιον

50 1946 261 2002 διαφυλάξας
279 1946 502 1993 ἐξαπέστειλε
521 1951 744 2002 παραχρῆμα
763 1947 849 2001 πρὸς
865 1946 945 1992 τοὺς
965 1950 1084 2000 Μεγα-

0 2005 4 2007 ’
49 2005 236 2050 λοπολίτας
254 2007 301 2050 εἷς
314 2005 377 2054 τὴν
399 2006 590 2055 Μεσσήνην
609 2006 928 2061 γραμματοφόρους
941 2037 952 2054 ,
982 2007 1085 2053 ἀξιῶν

49 2059 171 2109 αὖτοὺς
189 2064 330 2113 ἀὸλαὸἢ
346 2064 604 2117 κομισαμένους
619 2065 682 2113 τὴν
697 2068 830 2104 ἑαυτῶν
845 2066 998 2121 πατρίδα
1013 2082 1087 2106 κοι-

5 2184 20 2200 ‘x
49 2177 196 2211 omnium
218 2177 445 2210 Arcadicarum
465 2178 641 2210 maximam
664 2180 762 2219 atque
791 2178 1050 2219 antiquissimam
1068 2202 1078 2218 ‚

49 2225 149 2258 tanus
164 2224 381 2257 conflictatam
394 2233 467 2257 esse
481 2225 721 2257 calamitatibus
731 2249 743 2267 ,
763 2227 800 2258 ut
816 2228 948 2258 Graecos
963 2235 1077 2258 omnes

49 2271 85 2305 in
95 2280 208 2304 curam
220 2274 253 2304 et
265 2271 416 2304 lacrimas
428 2281 467 2304 ea
482 2281 532 2304 res
548 2272 734 2305 adduceret.
750 2273 897 2314 Cupiens
912 2276 1021 2305 autem
1038 2273 1079 2306 le-

50 2322 176 2352 ctorum
191 2318 444 2351 misericordiam
460 2327 678 2359 commovere,
692 2321 726 2352 et
738 2319 921 2352 narratione
935 2329 994 2352 sua
1006 2319 1080 2351 illos

49 2365 191 2406 afficere,
206 2365 380 2397 mulierum
391 2366 561 2406 amplexus
574 2369 819 2406 commemorat,
831 2367 936 2399 crines
951 2375 1078 2408 passos,

38 2421 209 2456 gmammas
224 2416 368 2446 exsertas
383 2423 391 2445 ε
409 2413 451 2446 ad
467 2414 537 2446 haec
550 2414 698 2446 lacrimas
714 2416 747 2446 et
760 2415 900 2456 eJ'ulatus
916 2423 979 2455 qua
997 2415 1077 2447 viro-

38 2463 123 2492 'rum
137 2461 170 2491 et
193 2459 364 2492 mulierum
379 2483 388 2500 ‚
404 2469 470 2502 qua
494 2460 668 2493 liberorum
696 2463 728 2493 et
746 2470 861 2494 senum
884 2466 1053 2504 parentum
1069 2487 1078 2503 ,

50 2506 108 2555 qudi
122 2506 212 2556 nullo
228 2507 416 2541 discrimine
432 2507 528 2541 simul
544 2508 798 2542 abducebantur.

534 2563 598 2595 52.

18 2619 21 2623 “
41 2627 45 2648 ε
93 2613 252 2646 Pmeoerea
265 2613 381 2647 scribit
395 2614 482 2647 idem
498 2614 699 2656 Phylarchus
714 2625 722 2647 :
738 2615 1012 2655 Aristomachum,
1028 2619 1081 2648 Ar-

0 2667 1 2670 *
47 2657 163 2704 ⁴sivum
191 2659 397 2693 nobilissimo
423 2669 538 2702 genere
574 2664 684 2694 ortum
694 2686 703 2702 ‚
720 2663 776 2703 qui
803 2665 960 2704 tyrannus
986 2663 1082 2695 suerit

53 2705 256 2748 Argivorum,
273 2709 306 2740 et
319 2708 467 2748 tyrannis
479 2712 671 2750 prognatum
689 2733 698 2750 ,
714 2711 888 2751 postquam
903 2710 936 2742 in
947 2712 1082 2751 potesta-

54 2755 119 2786 tem
127 2754 270 2797 venisset
279 2755 431 2797 Antigoni
442 2759 475 2788 et
485 2757 688 2797 Achaeorum,
699 2757 882 2791 Cenchreas
892 2758 1080 2798 abductum,

19 2830 22 2832 .
54 2799 134 2833 adeo
147 2802 363 2836 cruciabi!iter
383 2806 536 2836 necatum
554 2804 653 2837 fuisse
668 2828 677 2842 ‚
706 2808 743 2837 ut
769 2814 829 2846 par
844 2805 1002 2846 iniquitas
1026 2807 1083 2838 aut

55 2847 227 2881 erudelitas
240 2850 272 2881 in
285 2851 445 2883 neminem
460 2860 606 2892 unquam
617 2852 803 2884 mortalium
819 2852 915 2884 suerit
926 2852 1080 2885 admissa.

58 2894 175 2928 Deinde
190 2897 288 2929 etiam
301 2897 355 2930 hic
371 2907 461 2931 more
476 2908 557 2931 usus
569 2908 631 2931 suo
646 2900 794 2941 scriptor,
812 2908 909 2932 voces
923 2900 1081 2941 quasdam

57 2938 164 2981 fingit,
183 2951 265 2984 quas
283 2953 338 2985 per
357 2948 485 2978 noctem
501 2946 534 2978 in
561 2946 640 2987 ipsis
662 2947 834 2979 tormentis
860 2947 901 2979 ab
925 2956 964 2980 eo
979 2947 1082 2979 editas

29 2993 41 3030 ζ
57 2987 153 3021 nicini
177 2991 358 3025 audiverint
376 3002 384 3025 :
401 3002 541 3034 quorum
568 2994 670 3033 alios,
700 2994 763 3033 ait,
792 2994 833 3026 ad
860 2994 985 3027 facinus
1014 2996 1082 3026 tam

28 3039 41 3063 a*
58 3033 191 3076 impium
208 3039 386 3079 stupentes,
401 3040 482 3072 alios
497 3040 573 3081 quia
585 3050 652 3073 non
666 3041 843 3081 crederent,
860 3042 982 3073 multos
995 3041 1084 3083 quod

29 3107 45 3131 Γ,
57 3087 124 3114 mn
140 3081 269 3124 indigne
284 3085 417 3125 l'errcnt,
435 3087 478 3119 ad
495 3086 585 3119 illam
601 3087 737 3119 domum
753 3087 942 3120 accurrisse.

537 3143 601 3174 53.

98 3189 171 3226 Quo
188 3189 285 3230 igitur
304 3194 398 3232 pacto
415 3193 530 3226 urbem
553 3194 742 3226 Cleomenes
758 3193 897 3234 ceperit,
919 3193 1084 3234 quomodo

58 3231 252 3283 &columem
277 3240 474 3279 servaverit,
499 3242 532 3273 et
554 3241 595 3272 ad
617 3241 904 3282 Megalopolitanos
929 3241 1085 3272 continuo

38 3311 39 3314 ,
58 3280 237 3316 Messenam
255 3284 437 3319 tabellarios
455 3287 595 3327 miserit,
616 3297 750 3329 rogans,
768 3289 824 3327 ut,
844 3288 947 3329 patria
965 3288 1087 3328 absque

46 3325 126 3363 rullo
146 3328 265 3363 dmnno
288 3335 436 3374 recepta,
459 3335 639 3367 consentire
662 3335 934 3374 secumrvellent,
959 3338 992 3367 et
1014 3343 1087 3366 con-

2086 159 2157 193 351

1126 240 1282 284 νωνῆσαι
1298 240 1367 276 τῶν
1385 237 1481 276 ἰδίων
1500 236 1734 291 πραγμάτων,
1753 240 1866 276 ταῦτα
1886 236 1949 289 μὲν
1966 240 2053 290 ἡμῖν
2077 239 2164 287 ἐδή-

1126 297 1238 344 λωσε,
1265 295 1472 348 βουλόμενος
1505 295 1682 341 ὑποδεῖξαι
1710 295 1774 344 τὴν
1797 295 2016 348 Κλεομένους
2049 313 2164 349 μεγα-

1127 349 1300 406 λοψυχίαν
1320 355 1379 393 καὶ
1407 355 1617 409 μετριότητα
1642 354 1727 409 πρὸς
1754 353 1834 399 τοὺς
1852 355 2052 407 πολεμίους.
2076 355 2163 397 Ἔτι

1130 413 1186 462 δὲ,
1204 417 1278 458 πῶς
1303 417 1334 453 οἳ
1355 417 1669 468 Μεγαλοπολῖται,
1689 419 1752 463 τ’ῆς
1778 417 1963 463 ἐπιστολῆς
1987 418 2165 469 ἀναγινωα

1131 473 1329 524 σκομένης,
1350 475 1413 512 οὐκ
1436 474 1575 513 ἐάσαιεν
1597 476 1645 519 εἰς
1667 474 1766 519 τέλος
1783 477 2070 528 ἀναγνωσθῆναι,
2103 492 2163 527 μι-

1131 535 1215 584 κροῦ
1257 531 1294 569 δὲ
1329 532 1582 572 καταλεύσαιεν
1609 533 1689 577 τοὺς
1725 534 2065 589 γραμματοφόρους,
2102 534 2166 580 ἕως

1130 589 1254 628 τούτου
1276 590 1487 645 διεσάφησε,
1516 591 1557 630 τὸ
1583 593 1612 630 δ’
1642 591 1830 633 ἀκόλουθον
1849 594 1909 633 καὶ
1934 594 1974 633 τὸ
1988 597 2052 642 τῆς
2067 597 2167 634 ἱστο-

1134 648 1209 703 ρίας
1239 647 1325 687 ἴδιον
1351 651 1491 703 ἀφεῖλε,
1526 650 1585 690 τὸν
1606 650 1747 691 ἔπαινον
1768 653 1828 692 καὶ
1860 652 1925 701 τὴν
1952 654 2007 692 ἐπ’
2046 656 2168 708 ἀγαθῷ

1135 706 1279 769 μνήμυην
1298 710 1369 746 τῶν
1389 707 1577 761 ἀξιολόγων
1594 710 1831 766 προαιρέσεων
1844 727 1853 736 ·
1873 711 1988 750 καίτοι
2006 711 2039 764 γ’
2058 713 2170 764 ἐμπο-

1134 765 1202 804 δὼν
1216 769 1272 814 ἠν.

1190 826 1243 864 Cf.
1264 826 1456 864 Plutarch.
1476 828 1617 865 Cleom.
1648 830 1818 878 23—25,
1835 830 2060 882 Philopoem.
2080 831 2117 879 5,
2134 838 2171 868 et

1134 888 1295 924 Pausan.
1311 888 1375 934 IV,
1394 899 1432 937 p.
1455 898 1545 934 271,
1564 890 1665 936 VIII,
1687 902 1724 939 p.
1748 889 1835 926 500.

1620 947 1683 983 54.

1189 996 1375 1047 Polybius
1393 1001 1443 1044 II,
1471 999 1534 1047 62,
1556 999 1604 1036 63
1628 1001 1706 1039 τΟὒ
1728 999 1797 1050 μὴν
1819 1001 1909 1038 ἀλλὰ
1931 1000 2066 1045 τούτοις
2095 1000 2172 1048 ἑξῆς

1137 1073 1242 1112 φησιν
1263 1058 1296 1109 (ὁ
1313 1055 1520 1110 Φύλαρχος)
1541 1057 1610 1096 ἀπὸ
1627 1060 1696 1096 τῶν
1718 1060 1757 1097 ἐκ
1776 1061 1837 1105 τ’ῆς
1857 1060 2025 1112 Μεγάλης
2038 1059 2173 1104 πόλεως

1136 1115 1299 1170 λαφύρων
1333 1114 1555 1168 ἑξακισχίλια
1590 1117 1748 1157 τάλαντα
1781 1123 1852 1162 τοῖς
1883 1119 2173 1170 Λακεδαιμονίοις

1137 1186 1270 1230 πεσεῖν,
1291 1173 1338 1219 ὧν
1358 1180 1402 1219 τὰ
1423 1181 1579 1234 δισχίλια
1602 1181 1793 1233 Κλεομένει
1819 1183 1961 1229 δοθῆναι
1979 1182 2071 1222 κατὰ
2093 1183 2174 1227 τοὺς

1138 1239 1314 1292 ἐθισμούς.

1192 1304 1402 1350 Postquam
1436 1300 1736 1349 demonstravit,
1768 1301 2022 1351 Phylarchum
2053 1302 2093 1339 in
2114 1302 2175 1340 his

1139 1372 1162 1396 a
1185 1359 1348 1396 veritate
1370 1359 1491 1406 abire,
1512 1360 1640 1411 pergit
1662 1375 1670 1397 :
1696 1359 1750 1399 Τὸ
1766 1360 1803 1398 δὲ
1823 1359 1966 1412 συνεχὲς
1991 1359 2105 1413 τούτῳ
2123 1360 2176 1404 τίς

1140 1419 1202 1456 οὐκ
1221 1416 1261 1456 ἂν
1281 1415 1332 1455 ἔτι
1353 1419 1486 1468 μᾶλλον
1508 1417 1718 1469 θαυμάσειε;
1739 1423 1853 1457 ταῦτα
1879 1418 1947 1473 γὰρ
1978 1417 2176 1472 ἀποφαινό-

1143 1492 1245 1527 μενος
1260 1475 1374 1528 λέγει·
1391 1476 1538 1530 πρὸτῆς
1563 1476 1793 1530 παρατάξεως
1821 1477 1906 1517 δέκα
1929 1477 2078 1532 ἡμέραις
2105 1477 2176 1528 μά-

1142 1537 1247 1574 λιστα
1265 1535 1323 1574 τὸν
1346 1533 1443 1588 παρὰ
1470 1534 1695 1587 Πτολεμαίου
1714 1535 1933 1590 πρεσὸευτὴν
1967 1538 2075 1575 ἐλθεῖν
2110 1538 2178 1588 ἀγ-

1141 1593 1312 1647 γέλλοντα
1332 1593 1418 1647 πρὸς
1444 1594 1503 1632 τὸν
1526 1593 1745 1646 Κλεομένην,
1766 1594 1852 1634 διότι
1882 1596 2105 1646 Πτολεμαῖος
2136 1594 2177 1634 τὸ

1144 1653 1207 1705 μὲν
1222 1659 1387 1707 χορηγεῖν
1400 1653 1584 1705 ἀπολέγει,
1603 1653 1804 1692 διαλύεσθαι
1823 1652 1860 1692 δὲ
1875 1655 2077 1708 παρακαλεῖ
2093 1653 2180 1707 πρὸς

1142 1711 1201 1751 τὸν
1217 1711 1423 1763 Ἀντίγονον.
1443 1711 1516 1751 Τὸν
1535 1712 1564 1750 δ’
1582 1712 1797 1761 ἀκούσαντα,
1812 1713 1920 1767 φησὶ,
1938 1719 2072 1765 κρῖναι,
2091 1712 2179 1752 διότι

1144 1772 1195 1810 δεῖ
1210 1770 1274 1819 τὴν
1295 1771 1468 1824 ταχίστην
1500 1770 1699 1810 ε’κκυὸεύειν
1719 1778 1790 1816 τοῖς
1810 1772 1902 1816 ὅλοις
1923 1771 1991 1826 πρὸ
2009 1777 2069 1810 τοῦ
2091 1788 2179 1811 συν-

1145 1830 1233 1869 ιέναι
1258 1829 1303 1869 τὰ
1328 1829 1633 1884 προσπεπτωκότα
1659 1830 1721 1875 τὰς
1747 1831 1931 1883 δυνάμεις,
1957 1830 2014 1870 διὰ
2038 1831 2078 1870 τὸ
2105 1847 2179 1883 μη-

1145 1889 1268 1941 δεμίαν
1290 1889 1461 1944 ὑπάρχειν
1483 1891 1518 1928 ἐν
1541 1895 1611 1932 τοῖς
1635 1890 1731 1932 ἰδίοις
1748 1890 1955 1943 πράγμασιν
1973 1890 2098 1937 ἐλπίδα
2118 1894 2179 1928 τοῦ

1145 1949 1312 1988 δύνασθαι
1345 1949 1575 2001 μισθοδοτεῖν.
1602 1949 1695 1987 Ἀλλ’
1716 1948 1813 2003 εἴπερ
1843 1949 2088 2002 ἑξακισχιλίων
2118 1951 2178 2002 ἐγ-

1146 2007 1278 2061 κρατὴς
1298 2007 1450 2060 ἐγεγόνει
1466 2008 1648 2047 ταλάντων
1664 2006 1756 2047 κατὰ
1775 2007 1854 2052 τοὺς
1872 2008 1996 2052 αὐτοὺς
2012 2007 2151 2061 καιροὺς
2169 2038 2178 2056 ,

1145 2066 1204 2106 τὸν
1225 2068 1451 2119 Πτολεμαῖον
1478 2067 1582 2106 αὐτὸν
1599 2066 1751 2115 ἠδύνατο
1766 2073 1843 2111 ταῖς
1862 2067 2046 2122 χορηγίαις
2070 2070 2178 2119 ὑπερ-

1138 2179 1387 2211 commendandi
1405 2179 1704 2220 magnanimitatem
1728 2179 1913 2211 Cleomenis
1932 2181 1965 2211 et
1986 2178 2178 2211 moderatio-

1138 2235 1213 2258 nem
1231 2235 1305 2267 erga
1323 2228 1445 2259 hostes.
1467 2229 1567 2266 Item,
1586 2226 1751 2267 quomodo
1772 2226 2031 2268 Megalopolitani
2049 2227 2178 2258 inchoa-

1138 2276 1205 2305 tam
1228 2274 1374 2314 epistolae
1403 2274 1576 2306 lectionem
1597 2274 1730 2315 perduci
1752 2273 1791 2306 ad
1815 2273 1911 2306 smem
1934 2283 2000 2305 non
2024 2273 2158 2305 siverint
2170 2285 2179 2314 3

1139 2320 1218 2361 quin
1234 2321 1332 2353 etiam
1347 2321 1532 2353 tabellarios
1558 2321 1722 2362 lapidibus
1749 2330 1850 2362 prope
1876 2321 2043 2353 obruerint
2071 2330 2079 2351 :
2110 2321 2179 2353 haec

1140 2377 1270 2409 quoque
1284 2377 1349 2400 non
1364 2369 1592 2410 praetermisit,
1608 2377 1677 2400 rem
1692 2369 1852 2401 hactenus
1867 2370 2066 2409 persecutus
2083 2367 2179 2405 Quod

1142 2424 1220 2447 vero
1241 2424 1441 2456 consequens
1464 2418 1546 2448 erat.
1563 2418 1595 2447 et
1633 2415 1777 2448 historiae
1799 2415 1979 2456 proprium,
2002 2416 2039 2446 ut
2059 2423 2179 2445 memo-

1140 2462 1241 2495 rabile
1261 2472 1517 2504 generosumque
1539 2462 1881 2504 Megalopolitanorum]
1904 2462 2048 2494 animum
2070 2460 2179 2492 debito

1139 2510 1330 2542 testimonio
1357 2519 1395 2542 ac
1421 2509 1515 2542 laude
1542 2510 1656 2542 merita
1684 2509 1846 2548 afficeret,
1875 2509 1908 2541 id
1933 2507 2140 2550 praetermisit
2169 2517 2176 2537 ε

1140 2565 1338 2598 quamquam
1356 2557 1389 2589 in
1411 2561 1546 2598 promtu
1564 2565 1642 2589 sane
1659 2566 1710 2589 res
1729 2556 1844 2588 fuerat.

1626 2619 1690 2651 54.

1176 2677 1214 2707 ln
1236 2675 1446 2716 sequentibus
1459 2675 1659 2716 Phylarchus
1682 2675 1842 2715 scriptiun
1864 2671 2015 2712 reliquit,
2030 2679 2048 2703 e
2070 2670 2178 2711 praeda

1142 2722 1233 2755 urbis
1255 2723 1491 2764 Megalopoleos
1509 2731 1566 2754 sex
1582 2722 1776 2754 talentorum
1794 2718 1893 2752 millia
1911 2719 1951 2751 ad
1976 2718 2165 2750 Lacedaemo

1142 2770 1214 2802 nios
1242 2770 1396 2810 rediisse;
1419 2778 1559 2810 quorum
1584 2769 1649 2801 duo
1672 2768 1772 2800 millia
1787 2791 1796 2807 ,
1825 2776 1865 2799 cx
1887 2766 1988 2798 veteri
2011 2768 2179 2797 consuetu-

1142 2818 1235 2857 dine,
1260 2818 1426 2850 Cleomeni
1450 2816 1616 2849 cesserint.

1185 2865 1266 2903 Quis
1282 2874 1359 2897 vero
1375 2874 1440 2896 non
1458 2864 1560 2904 magis
1576 2864 1682 2895 adhuc
1698 2863 1844 2901 miretur,
1866 2860 1953 2901 quod
1981 2860 2068 2892 idem
2098 2859 2180 2891 scri-

1143 2914 1217 2953 ptor
1246 2912 1316 2944 istis
1345 2912 1502 2952 subjicit?
1532 2913 1614 2943 Nam
1644 2910 1757 2942 eodem
1787 2910 1856 2940 loco
1887 2908 1932 2941 ait
1949 2908 2085 2939 :decem
2115 2907 2180 2939 sere

1143 2959 1258 2992 diebus
1280 2961 1355 2991 ante
1375 2967 1475 2999 quam
1497 2967 1604 2998 pugna
1627 2957 1843 2997 pugnaretur,
1872 2954 2012 2994 legatum
2033 2963 2052 2985 a
2077 2953 2179 2985 Ptole-

1142 3015 1226 3038 maeo
1255 3006 1393 3038 missum
1421 3004 1570 3043 venisse,
1598 3003 1654 3043 qui
1681 3003 1864 3040 nuntiaret,
1895 3001 2066 3042 pecuniam
2090 3000 2180 3032 -nolle

1143 3053 1282 3094 amplius
1309 3052 1521 3084 Ptolemaeum
1551 3049 1779 3090 suppeditare,
1809 3048 1866 3080 sed
1894 3048 1933 3079 ad
1964 3054 2075 3088 pacem
2103 3055 2178 3078 cum

1144 3100 1304 3140 Antigono
1325 3098 1504 3130 faciendam
1528 3096 1648 3128 hortari
1672 3106 1680 3127 ;
1705 3095 1791 3137 quod
1816 3095 1869 3127 ubi
1893 3095 2071 3135 accepisset
2093 3094 2182 3126 Cleo·

1144 3156 1274 3186 menes,
1294 3146 1503 3178 constituisse
1524 3152 1616 3182 eum,
1638 3144 1800 3175 fortunam
1823 3151 1961 3175 summae
1982 3150 2088 3174 rerum
2112 3141 2172 3173 sihi

1145 3202 1244 3235 quam
1269 3193 1411 3233 primum
1432 3200 1503 3223 esse
1525 3190 1733 3230 tentandam,
1757 3191 1847 3231 prius
1865 3198 1964 3230 quam
1987 3189 2027 3221 de
2049 3190 2180 3229 accepto

1145 3240 1261 3272 nuntio
1278 3238 1399 3279 aliquid
1416 3238 1546 3270 resciret
1561 3238 1725 3270 exercitus
1737 3261 1745 3275 ,
1766 3237 1921 3278 quoniam
1937 3236 2070 3277 quidem
2089 3244 2180 3276 spem

1146 3287 1268 3319 nullam
1285 3286 1352 3327 ipse
1371 3285 1520 3324 haberet,
1544 3294 1584 3316 ex
1609 3285 1746 3326 propriis
1769 3284 1885 3325 opibus
1908 3283 2002 3315 militi
2020 3282 2180 3324 stipendia

1146 3342 1242 3375 posse
1258 3342 1293 3365 se
1304 3333 1439 3364 solvere.
1457 3332 1555 3372 Atqui
1572 3332 1599 3363 si
1614 3331 1699 3364 circa
1712 3334 1841 3373 tempus
1856 3331 1939 3364 idem
1960 3339 2015 3362 sex
2043 3329 2179 3361 millium

60 3371 131 3414 bilia
150 3375 282 3410 miscere
305 3388 312 3410 :
334 3379 406 3412 haec
422 3380 554 3421 quidem
577 3382 777 3423 Phylarchus
795 3382 955 3421 narravit,
979 3381 1087 3414 studio
1111 3375 1116 3422 Ι
1147 3381 1341 3413 talentorum
1374 3389 1508 3421 compos
1529 3382 1580 3412 cst
1604 3379 1729 3420 factus3
1763 3379 1814 3412 vel
1839 3379 2048 3412 l'tolennnnm
2071 3378 2179 3418 ipsum
