<?xml version="1.0" encoding="UTF-8"?>
<!DOCTYPE html PUBLIC "-//W3C//DTD XHTML 1.0 Transitional//EN"
    "http://www.w3.org/TR/xhtml1/DTD/xhtml1-transitional.dtd">
<html xmlns="http://www.w3.org/1999/xhtml" xml:lang="en" lang="en">
 <head>
  <title>
</title>
<meta http-equiv="Content-Type" content="text/html;charset=utf-8" />
  <meta name='ocr-system' content='tesseract 3.04.00' />
  <meta name='ocr-capabilities' content='ocr_page ocr_carea ocr_par ocr_line ocrx_word'/>
</head>
<body>
  <div class='ocr_page' id='page_1' title='image "./fragmentahistori01mueluoft_0106.png"; bbox 0 0 2320 3684; ppageno 0'>
   <div class='ocr_carea' id='block_1_1' title="bbox 128 236 1152 1161">
    <p class='ocr_par' dir='ltr' id='par_1_1' title="bbox 611 236 624 260">
     <span class='ocr_line' id='line_1_1' title="bbox 611 236 624 260; baseline 0 0"><span class='ocrx_word' id='word_1_1' title='bbox 611 236 624 260; x_wconf 74' lang='lat' dir='ltr'><em>t</em></span> 
     </span>
    </p>

    <p class='ocr_par' dir='ltr' id='par_1_2' title="bbox 130 237 1150 404">
     <span class='ocr_line' id='line_1_2' title="bbox 183 237 1150 352; baseline -0.007 -14"><span class='ocrx_word' id='word_1_2' title='bbox 183 303 238 340; x_wconf 83' lang='lat' dir='ltr'>St,</span> <span class='ocrx_word' id='word_1_3' title='bbox 263 302 303 337; x_wconf 99' lang='grc' dir='ltr'>Β.</span> <span class='ocrx_word' id='word_1_4' title='bbox 330 297 469 352; x_wconf 83' lang='grc' dir='ltr'>Ἱμέρα,</span> <span class='ocrx_word' id='word_1_5' title='bbox 488 294 588 338; x_wconf 86' lang='grc' dir='ltr'>πόλις</span> <span class='ocrx_word' id='word_1_6' title='bbox 605 237 769 337; x_wconf 42' lang='lat' dir='ltr'>{ge-sliam</span> <span class='ocrx_word' id='word_1_7' title='bbox 789 308 797 316; x_wconf 90' lang='lat'><strong>·</strong></span> <span class='ocrx_word' id='word_1_8' title='bbox 822 292 902 333; x_wconf 86' lang='grc' dir='ltr'>Ἑκ.</span> <span class='ocrx_word' id='word_1_9' title='bbox 930 294 1019 346; x_wconf 81' lang='grc' dir='ltr'>Εὗρ.</span> <span class='ocrx_word' id='word_1_10' title='bbox 1043 292 1150 332; x_wconf 84' lang='grc' dir='ltr'>Ἔστι</span> 
     </span>
     <span class='ocr_line' id='line_1_3' title="bbox 130 356 353 404; baseline -0.018 -6"><span class='ocrx_word' id='word_1_11' title='bbox 130 357 190 398; x_wconf 76' lang='grc' dir='ltr'>καὶ</span> <span class='ocrx_word' id='word_1_12' title='bbox 208 356 353 404; x_wconf 74' lang='grc' dir='ltr'>Λιὸύης.</span> 
     </span>
    </p>

    <p class='ocr_par' dir='ltr' id='par_1_3' title="bbox 129 408 1152 584">
     <span class='ocr_line' id='line_1_4' title="bbox 181 408 1152 468; baseline -0.007 -12"><span class='ocrx_word' id='word_1_13' title='bbox 181 418 316 468; x_wconf 84' lang='lat' dir='ltr'>Libyae</span> <span class='ocrx_word' id='word_1_14' title='bbox 334 415 427 454; x_wconf 89' lang='lat' dir='ltr'>urbs</span> <span class='ocrx_word' id='word_1_15' title='bbox 450 415 604 464; x_wconf 80' lang='lat' dir='ltr'>ignota;</span> <span class='ocrx_word' id='word_1_16' title='bbox 632 412 794 449; x_wconf 82' lang='lat' dir='ltr'>sortasse</span> <span class='ocrx_word' id='word_1_17' title='bbox 826 408 1074 449; x_wconf 80' lang='lat' dir='ltr'>scribendum</span> <span class='ocrx_word' id='word_1_18' title='bbox 1093 420 1152 450; x_wconf 87' lang='lat' dir='ltr'>est</span> 
     </span>
     <span class='ocr_line' id='line_1_5' title="bbox 132 467 1150 524; baseline -0.019 -8"><span class='ocrx_word' id='word_1_19' title='bbox 132 475 279 515; x_wconf 78' lang='grc' dir='ltr'>Λέσὸου.</span> <span class='ocrx_word' id='word_1_20' title='bbox 315 473 449 524; x_wconf 78' lang='lat' dir='ltr'>steph.</span> <span class='ocrx_word' id='word_1_21' title='bbox 477 487 485 509; x_wconf 91' lang='lat'>:</span> <span class='ocrx_word' id='word_1_22' title='bbox 512 469 636 514; x_wconf 89' lang='grc' dir='ltr'><strong>Ἴσσα,</strong></span> <span class='ocrx_word' id='word_1_23' title='bbox 672 467 773 512; x_wconf 87' lang='grc' dir='ltr'>πόλις</span> <span class='ocrx_word' id='word_1_24' title='bbox 811 469 847 506; x_wconf 81' lang='grc' dir='ltr'>ἓν</span> <span class='ocrx_word' id='word_1_25' title='bbox 877 467 1027 521; x_wconf 69' lang='grc' dir='ltr'>Λέσῧῳ,</span> <span class='ocrx_word' id='word_1_26' title='bbox 1058 469 1150 516; x_wconf 78' lang='grc' dir='ltr'><strong>χλη..</strong></span> 
     </span>
     <span class='ocr_line' id='line_1_6' title="bbox 129 532 381 584; baseline -0.004 -12"><span class='ocrx_word' id='word_1_27' title='bbox 129 537 228 573; x_wconf 82' lang='grc' dir='ltr'>θεῖσα</span> <span class='ocrx_word' id='word_1_28' title='bbox 249 532 381 584; x_wconf 80' lang='grc' dir='ltr'>Ἱμέρα.</span> 
     </span>
    </p>

    <p class='ocr_par' dir='ltr' id='par_1_4' title="bbox 609 580 672 619">
     <span class='ocr_line' id='line_1_7' title="bbox 609 580 672 619; baseline -0.016 0"><span class='ocrx_word' id='word_1_29' title='bbox 609 580 672 619; x_wconf 87' lang='lat'>50.</span> 
     </span>
    </p>

    <p class='ocr_par' dir='ltr' id='par_1_5' title="bbox 181 639 1006 693">
     <span class='ocr_line' id='line_1_8' title="bbox 181 639 1006 693; baseline -0.001 -13"><span class='ocrx_word' id='word_1_30' title='bbox 181 647 234 682; x_wconf 85' lang='lat' dir='ltr'>St.</span> <span class='ocrx_word' id='word_1_31' title='bbox 257 646 297 681; x_wconf 93' lang='lat' dir='ltr'>B.</span> <span class='ocrx_word' id='word_1_32' title='bbox 319 639 463 689; x_wconf 87' lang='grc' dir='ltr'>Μυλαί,</span> <span class='ocrx_word' id='word_1_33' title='bbox 483 639 583 683; x_wconf 82' lang='grc' dir='ltr'>πόλις</span> <span class='ocrx_word' id='word_1_34' title='bbox 602 639 766 683; x_wconf 85' lang='grc' dir='ltr'>Σικελίας</span> <span class='ocrx_word' id='word_1_35' title='bbox 786 655 794 664; x_wconf 91' lang='grc'><em>·</em></span> <span class='ocrx_word' id='word_1_36' title='bbox 816 639 896 679; x_wconf 85' lang='grc' dir='ltr'>Ἑκ.</span> <span class='ocrx_word' id='word_1_37' title='bbox 917 640 1006 693; x_wconf 81' lang='grc' dir='ltr'>Εὖρ.</span> 
     </span>
    </p>

    <p class='ocr_par' dir='ltr' id='par_1_6' title="bbox 129 699 1149 909">
     <span class='ocr_line' id='line_1_9' title="bbox 180 699 1149 812; baseline -0.001 -14"><span class='ocrx_word' id='word_1_38' title='bbox 180 764 237 798; x_wconf 90' lang='lat' dir='ltr'>St.</span> <span class='ocrx_word' id='word_1_39' title='bbox 267 763 309 800; x_wconf 93' lang='lat' dir='ltr'>B.</span> <span class='ocrx_word' id='word_1_40' title='bbox 328 757 458 812; x_wconf 80' lang='grc' dir='ltr'>Λοκροὶ</span> <span class='ocrx_word' id='word_1_41' title='bbox 477 699 742 812; x_wconf 60' lang='grc' dir='ltr'>Ἐπιζεξύιριοι,</span> <span class='ocrx_word' id='word_1_42' title='bbox 758 757 860 802; x_wconf 84' lang='grc' dir='ltr'>πόλις</span> <span class='ocrx_word' id='word_1_43' title='bbox 883 757 1046 803; x_wconf 84' lang='grc' dir='ltr'>Ἰταλίας.</span> <span class='ocrx_word' id='word_1_44' title='bbox 1071 758 1149 797; x_wconf 87' lang='grc' dir='ltr'>Ἑκ.</span> 
     </span>
     <span class='ocr_line' id='line_1_10' title="bbox 129 820 672 909; baseline 0.002 -52"><span class='ocrx_word' id='word_1_45' title='bbox 129 820 218 872; x_wconf 77' lang='lat' dir='ltr'>Eup.</span> <span class='ocrx_word' id='word_1_46' title='bbox 610 869 672 909; x_wconf 37' lang='lat'>52.</span> 
     </span>
    </p>

    <p class='ocr_par' dir='ltr' id='par_1_7' title="bbox 128 927 1151 1038">
     <span class='ocr_line' id='line_1_11' title="bbox 180 927 1151 978; baseline -0.002 -9"><span class='ocrx_word' id='word_1_47' title='bbox 180 931 236 969; x_wconf 88' lang='lat' dir='ltr'>St.</span> <span class='ocrx_word' id='word_1_48' title='bbox 262 933 304 968; x_wconf 90' lang='lat' dir='ltr'>B.</span> <span class='ocrx_word' id='word_1_49' title='bbox 335 929 544 978; x_wconf 84' lang='grc' dir='ltr'>Καυλωνία,</span> <span class='ocrx_word' id='word_1_50' title='bbox 573 928 674 973; x_wconf 86' lang='grc' dir='ltr'>πόλις</span> <span class='ocrx_word' id='word_1_51' title='bbox 698 928 868 978; x_wconf 87' lang='grc' dir='ltr'>Ἰταλίας,</span> <span class='ocrx_word' id='word_1_52' title='bbox 897 928 940 976; x_wconf 88' lang='grc' dir='ltr'>ἣν</span> <span class='ocrx_word' id='word_1_53' title='bbox 967 927 1151 968; x_wconf 83' lang='grc' dir='ltr'>Αὖλωνίαν</span> 
     </span>
     <span class='ocr_line' id='line_1_12' title="bbox 128 980 1005 1038; baseline -0.002 -10"><span class='ocrx_word' id='word_1_54' title='bbox 128 988 320 1033; x_wconf 89' lang='grc' dir='ltr'>Ἑκαταῖος</span> <span class='ocrx_word' id='word_1_55' title='bbox 339 989 441 1027; x_wconf 86' lang='grc' dir='ltr'>καλεῖ</span> <span class='ocrx_word' id='word_1_56' title='bbox 461 985 519 1026; x_wconf 73' lang='grc' dir='ltr'>διὰ</span> <span class='ocrx_word' id='word_1_57' title='bbox 534 986 576 1027; x_wconf 76' lang='grc' dir='ltr'>τὸ</span> <span class='ocrx_word' id='word_1_58' title='bbox 599 987 710 1038; x_wconf 85' lang='grc' dir='ltr'>μέσην</span> <span class='ocrx_word' id='word_1_59' title='bbox 731 989 886 1031; x_wconf 79' lang='grc' dir='ltr'>αὐλῶνος</span> <span class='ocrx_word' id='word_1_60' title='bbox 906 980 1005 1026; x_wconf 67' lang='grc' dir='ltr'>εἶναι.</span> 
     </span>
    </p>

    <p class='ocr_par' dir='ltr' id='par_1_8' title="bbox 184 1049 1152 1161">
     <span class='ocr_line' id='line_1_13' title="bbox 184 1049 1152 1161; baseline 0 -15"><span class='ocrx_word' id='word_1_61' title='bbox 184 1109 238 1147; x_wconf 87' lang='lat' dir='ltr'>St.</span> <span class='ocrx_word' id='word_1_62' title='bbox 275 1111 315 1147; x_wconf 88' lang='lat' dir='ltr'>B.</span> <span class='ocrx_word' id='word_1_63' title='bbox 346 1106 560 1161; x_wconf 84' lang='grc' dir='ltr'>Κρόταλλα,</span> <span class='ocrx_word' id='word_1_64' title='bbox 598 1049 699 1152; x_wconf 53' lang='grc' dir='ltr'>τῗόῗλις</span> <span class='ocrx_word' id='word_1_65' title='bbox 730 1106 904 1155; x_wconf 88' lang='grc' dir='ltr'>Ἰταλίας,</span> <span class='ocrx_word' id='word_1_66' title='bbox 939 1106 1021 1145; x_wconf 85' lang='grc' dir='ltr'>Ἑκ.</span> <span class='ocrx_word' id='word_1_67' title='bbox 1062 1107 1152 1146; x_wconf 83' lang='grc' dir='ltr'>Εὖο.</span> 
     </span>
    </p>
   </div>
   <div class='ocr_carea' id='block_1_2' title="bbox 130 1166 661 1258">
    <p class='ocr_par' dir='ltr' id='par_1_9' title="bbox 130 1166 661 1258">
     <span class='ocr_line' id='line_1_14' title="bbox 130 1166 661 1258; baseline -0.008 -51"><span class='ocrx_word' id='word_1_68' title='bbox 130 1166 232 1207; x_wconf 86' lang='lat' dir='ltr'>Urbs</span> <span class='ocrx_word' id='word_1_69' title='bbox 262 1167 408 1218; x_wconf 84' lang='lat' dir='ltr'>ignota.</span> <span class='ocrx_word' id='word_1_70' title='bbox 612 1219 661 1258; x_wconf 71' lang='lat'>54</span> 
     </span>
    </p>
   </div>
   <div class='ocr_carea' id='block_1_3' title="bbox 128 1277 1158 1508">
    <p class='ocr_par' dir='ltr' id='par_1_10' title="bbox 128 1277 1158 1508">
     <span class='ocr_line' id='line_1_15' title="bbox 181 1277 1155 1332; baseline -0.004 -13"><span class='ocrx_word' id='word_1_71' title='bbox 181 1285 238 1321; x_wconf 86' lang='lat' dir='ltr'>St.</span> <span class='ocrx_word' id='word_1_72' title='bbox 260 1284 302 1319; x_wconf 90' lang='lat' dir='ltr'>B.</span> <span class='ocrx_word' id='word_1_73' title='bbox 326 1279 492 1332; x_wconf 85' lang='grc' dir='ltr'>Ἴαπυγία</span> <span class='ocrx_word' id='word_1_74' title='bbox 506 1311 517 1329; x_wconf 92' lang='grc'>,</span> <span class='ocrx_word' id='word_1_75' title='bbox 539 1279 600 1319; x_wconf 78' lang='grc' dir='ltr'>δύο</span> <span class='ocrx_word' id='word_1_76' title='bbox 619 1279 739 1324; x_wconf 86' lang='grc' dir='ltr'>πόλεις</span> <span class='ocrx_word' id='word_1_77' title='bbox 754 1296 763 1304; x_wconf 88' lang='grc'><em>·</em></span> <span class='ocrx_word' id='word_1_78' title='bbox 795 1279 859 1330; x_wconf 88' lang='grc' dir='ltr'>μία</span> <span class='ocrx_word' id='word_1_79' title='bbox 882 1280 919 1317; x_wconf 81' lang='grc' dir='ltr'>ἐν</span> <span class='ocrx_word' id='word_1_80' title='bbox 938 1281 982 1331; x_wconf 81' lang='grc' dir='ltr'>τῇ</span> <span class='ocrx_word' id='word_1_81' title='bbox 1007 1277 1155 1331; x_wconf 66' lang='grc' dir='ltr'>Ἰταλίᾳ,</span> 
     </span>
     <span class='ocr_line' id='line_1_16' title="bbox 129 1335 1157 1393; baseline -0.006 -13"><span class='ocrx_word' id='word_1_82' title='bbox 129 1340 189 1380; x_wconf 82' lang='grc' dir='ltr'>καὶ</span> <span class='ocrx_word' id='word_1_83' title='bbox 219 1338 322 1393; x_wconf 82' lang='grc' dir='ltr'>ἑτέρα</span> <span class='ocrx_word' id='word_1_84' title='bbox 341 1340 375 1377; x_wconf 80' lang='grc' dir='ltr'>ἐν</span> <span class='ocrx_word' id='word_1_85' title='bbox 399 1342 443 1391; x_wconf 80' lang='grc' dir='ltr'>τῇ</span> <span class='ocrx_word' id='word_1_86' title='bbox 462 1335 629 1393; x_wconf 81' lang='grc' dir='ltr'>Ἰλλυρίδι</span> <span class='ocrx_word' id='word_1_87' title='bbox 650 1355 658 1363; x_wconf 92' lang='grc'><em>·</em></span> <span class='ocrx_word' id='word_1_88' title='bbox 678 1341 725 1382; x_wconf 80' lang='grc' dir='ltr'>ὥς</span> <span class='ocrx_word' id='word_1_89' title='bbox 745 1339 947 1381; x_wconf 85' lang='grc' dir='ltr'>Ἑκαταῖος.</span> <span class='ocrx_word' id='word_1_90' title='bbox 972 1342 1030 1376; x_wconf 86' lang='lat' dir='ltr'>De</span> <span class='ocrx_word' id='word_1_91' title='bbox 1051 1336 1157 1375; x_wconf 86' lang='lat' dir='ltr'>urbi-</span> 
     </span>
     <span class='ocr_line' id='line_1_17' title="bbox 128 1396 1158 1449; baseline -0.005 -11"><span class='ocrx_word' id='word_1_92' title='bbox 128 1399 202 1438; x_wconf 88' lang='lat' dir='ltr'>bus</span> <span class='ocrx_word' id='word_1_93' title='bbox 221 1399 316 1437; x_wconf 83' lang='lat' dir='ltr'>nihil</span> <span class='ocrx_word' id='word_1_94' title='bbox 341 1407 497 1436; x_wconf 88' lang='lat' dir='ltr'>notum·</span> <span class='ocrx_word' id='word_1_95' title='bbox 523 1397 728 1449; x_wconf 81' lang='lat' dir='ltr'>probabile</span> <span class='ocrx_word' id='word_1_96' title='bbox 750 1406 827 1446; x_wconf 83' lang='lat' dir='ltr'>est,</span> <span class='ocrx_word' id='word_1_97' title='bbox 851 1398 932 1435; x_wconf 80' lang='lat' dir='ltr'>haec</span> <span class='ocrx_word' id='word_1_98' title='bbox 956 1396 1158 1434; x_wconf 80' lang='lat' dir='ltr'>reserenda</span> 
     </span>
     <span class='ocr_line' id='line_1_18' title="bbox 130 1457 489 1508; baseline -0.006 -12"><span class='ocrx_word' id='word_1_99' title='bbox 130 1471 213 1496; x_wconf 85' lang='lat' dir='ltr'>esse</span> <span class='ocrx_word' id='word_1_100' title='bbox 234 1457 282 1495; x_wconf 87' lang='lat' dir='ltr'>ad</span> <span class='ocrx_word' id='word_1_101' title='bbox 304 1457 489 1508; x_wconf 80' lang='lat' dir='ltr'><strong>regiones.</strong></span> 
     </span>
    </p>
   </div>
   <div class='ocr_carea' id='block_1_4' title="bbox 129 1510 1161 2150">
    <p class='ocr_par' dir='ltr' id='par_1_11' title="bbox 129 1510 1161 2150">
     <span class='ocr_line' id='line_1_19' title="bbox 612 1510 675 1547; baseline 0 0"><span class='ocrx_word' id='word_1_102' title='bbox 612 1510 675 1547; x_wconf 86' lang='lat'>55.</span> 
     </span>
     <span class='ocr_line' id='line_1_20' title="bbox 183 1565 1156 1618; baseline -0.004 -10"><span class='ocrx_word' id='word_1_103' title='bbox 183 1573 238 1609; x_wconf 88' lang='lat' dir='ltr'>St.</span> <span class='ocrx_word' id='word_1_104' title='bbox 260 1573 303 1608; x_wconf 88' lang='grc' dir='ltr'>Β.</span> <span class='ocrx_word' id='word_1_105' title='bbox 327 1567 526 1618; x_wconf 78' lang='grc' dir='ltr'>Ἐλεύτιοι,</span> <span class='ocrx_word' id='word_1_106' title='bbox 544 1567 636 1612; x_wconf 83' lang='grc' dir='ltr'>ἔθνος</span> <span class='ocrx_word' id='word_1_107' title='bbox 659 1570 722 1614; x_wconf 67' lang='grc' dir='ltr'>τῆς</span> <span class='ocrx_word' id='word_1_108' title='bbox 743 1566 936 1618; x_wconf 81' lang='grc' dir='ltr'>Ἰαπυγίας.</span> <span class='ocrx_word' id='word_1_109' title='bbox 959 1566 1039 1604; x_wconf 86' lang='grc' dir='ltr'>Ἕκ.</span> <span class='ocrx_word' id='word_1_110' title='bbox 1066 1565 1156 1617; x_wconf 81' lang='grc' dir='ltr'>Εὖρ.</span> 
     </span>
     <span class='ocr_line' id='line_1_21' title="bbox 613 1628 676 1666; baseline 0.016 -1"><span class='ocrx_word' id='word_1_111' title='bbox 613 1628 676 1666; x_wconf 86' lang='grc'>56.</span> 
     </span>
     <span class='ocr_line' id='line_1_22' title="bbox 181 1683 1158 1737; baseline -0.004 -11"><span class='ocrx_word' id='word_1_112' title='bbox 181 1690 237 1727; x_wconf 86' lang='lat' dir='ltr'>St.</span> <span class='ocrx_word' id='word_1_113' title='bbox 259 1690 300 1726; x_wconf 92' lang='lat' dir='ltr'>B.</span> <span class='ocrx_word' id='word_1_114' title='bbox 323 1685 510 1733; x_wconf 83' lang='grc' dir='ltr'>Χανδάνη,</span> <span class='ocrx_word' id='word_1_115' title='bbox 529 1685 632 1730; x_wconf 88' lang='grc' dir='ltr'>πόλις</span> <span class='ocrx_word' id='word_1_116' title='bbox 652 1685 845 1737; x_wconf 85' lang='grc' dir='ltr'>Ἰαπυγίας.</span> <span class='ocrx_word' id='word_1_117' title='bbox 865 1684 946 1724; x_wconf 84' lang='grc' dir='ltr'>Ἕκ.</span> <span class='ocrx_word' id='word_1_118' title='bbox 969 1683 1127 1736; x_wconf 77' lang='grc' dir='ltr'>Εὐρώπῃ</span> <span class='ocrx_word' id='word_1_119' title='bbox 1151 1699 1158 1706; x_wconf 92' lang='grc'><em>·</em></span> 
     </span>
     <span class='ocr_line' id='line_1_23' title="bbox 131 1743 997 1796; baseline -0.003 -12"><span class='ocrx_word' id='word_1_120' title='bbox 131 1763 147 1780; x_wconf 93' lang='lat'>«</span> <span class='ocrx_word' id='word_1_121' title='bbox 165 1743 200 1784; x_wconf 83' lang='grc' dir='ltr'>ἒν</span> <span class='ocrx_word' id='word_1_122' title='bbox 219 1745 256 1784; x_wconf 85' lang='grc' dir='ltr'>δὲ</span> <span class='ocrx_word' id='word_1_123' title='bbox 274 1744 444 1792; x_wconf 84' lang='grc' dir='ltr'>Χανδάνη</span> <span class='ocrx_word' id='word_1_124' title='bbox 463 1744 565 1789; x_wconf 84' lang='grc' dir='ltr'>πόλις</span> <span class='ocrx_word' id='word_1_125' title='bbox 577 1774 587 1793; x_wconf 92' lang='grc'>,</span> <span class='ocrx_word' id='word_1_126' title='bbox 608 1743 699 1796; x_wconf 82' lang='grc' dir='ltr'>μέτα</span> <span class='ocrx_word' id='word_1_127' title='bbox 716 1743 753 1782; x_wconf 81' lang='grc' dir='ltr'>δὲ</span> <span class='ocrx_word' id='word_1_128' title='bbox 776 1746 958 1782; x_wconf 86' lang='grc' dir='ltr'>Πευκαῖοι.</span> <span class='ocrx_word' id='word_1_129' title='bbox 982 1762 997 1777; x_wconf 84' lang='grc'><em>»</em></span> 
     </span>
     <span class='ocr_line' id='line_1_24' title="bbox 613 1802 677 1841; baseline 0.016 -1"><span class='ocrx_word' id='word_1_130' title='bbox 613 1802 677 1841; x_wconf 85' lang='lat'>57.</span> 
     </span>
     <span class='ocr_line' id='line_1_25' title="bbox 183 1859 1159 1911; baseline -0.004 -9"><span class='ocrx_word' id='word_1_131' title='bbox 183 1867 239 1903; x_wconf 86' lang='lat' dir='ltr'>St.</span> <span class='ocrx_word' id='word_1_132' title='bbox 260 1866 301 1901; x_wconf 90' lang='lat' dir='ltr'>B.</span> <span class='ocrx_word' id='word_1_133' title='bbox 324 1861 580 1905; x_wconf 86' lang='grc' dir='ltr'>Πευκετίαντες</span> <span class='ocrx_word' id='word_1_134' title='bbox 592 1892 602 1911; x_wconf 87' lang='grc'>,</span> <span class='ocrx_word' id='word_1_135' title='bbox 619 1861 712 1904; x_wconf 85' lang='grc' dir='ltr'>ἔθνος</span> <span class='ocrx_word' id='word_1_136' title='bbox 733 1866 803 1904; x_wconf 87' lang='grc' dir='ltr'>τοῖς</span> <span class='ocrx_word' id='word_1_137' title='bbox 821 1859 1013 1904; x_wconf 81' lang='grc' dir='ltr'>Οἷνώτροις</span> <span class='ocrx_word' id='word_1_138' title='bbox 1030 1875 1159 1910; x_wconf 84' lang='grc' dir='ltr'>προσε-</span> 
     </span>
     <span class='ocr_line' id='line_1_26' title="bbox 129 1921 492 1974; baseline 0 -15"><span class='ocrx_word' id='word_1_139' title='bbox 129 1921 210 1974; x_wconf 70' lang='grc' dir='ltr'>χὲς,</span> <span class='ocrx_word' id='word_1_140' title='bbox 230 1922 277 1964; x_wconf 81' lang='grc' dir='ltr'>ὡς</span> <span class='ocrx_word' id='word_1_141' title='bbox 300 1921 380 1959; x_wconf 83' lang='grc' dir='ltr'>Ἑκ-</span> <span class='ocrx_word' id='word_1_142' title='bbox 403 1921 492 1973; x_wconf 58' lang='lat' dir='ltr'>Eup.</span> 
     </span>
     <span class='ocr_line' id='line_1_27' title="bbox 613 1979 678 2018; baseline 0 -1"><span class='ocrx_word' id='word_1_143' title='bbox 613 1979 678 2018; x_wconf 84' lang='lat'>58.</span> 
     </span>
     <span class='ocr_line' id='line_1_28' title="bbox 183 2035 1161 2091; baseline -0.003 -15"><span class='ocrx_word' id='word_1_144' title='bbox 183 2041 238 2077; x_wconf 89' lang='lat' dir='ltr'>St.</span> <span class='ocrx_word' id='word_1_145' title='bbox 267 2042 309 2076; x_wconf 93' lang='grc' dir='ltr'>Β.</span> <span class='ocrx_word' id='word_1_146' title='bbox 342 2036 480 2091; x_wconf 81' lang='grc' dir='ltr'>Ἀδρία,</span> <span class='ocrx_word' id='word_1_147' title='bbox 517 2037 619 2081; x_wconf 87' lang='grc' dir='ltr'>πόλις</span> <span class='ocrx_word' id='word_1_148' title='bbox 637 2068 647 2086; x_wconf 89' lang='grc'>,</span> <span class='ocrx_word' id='word_1_149' title='bbox 677 2035 739 2075; x_wconf 81' lang='grc' dir='ltr'>καὶ</span> <span class='ocrx_word' id='word_1_150' title='bbox 769 2036 855 2089; x_wconf 88' lang='grc' dir='ltr'>παρ’</span> <span class='ocrx_word' id='word_1_151' title='bbox 886 2035 994 2083; x_wconf 81' lang='grc' dir='ltr'>αὐτὴν</span> <span class='ocrx_word' id='word_1_152' title='bbox 1032 2036 1161 2079; x_wconf 86' lang='grc' dir='ltr'>κόλπος</span> 
     </span>
     <span class='ocr_line' id='line_1_29' title="bbox 131 2094 1160 2150; baseline -0.004 -14"><span class='ocrx_word' id='word_1_153' title='bbox 131 2095 279 2150; x_wconf 80' lang='grc' dir='ltr'>Ἀδριὰς,</span> <span class='ocrx_word' id='word_1_154' title='bbox 293 2096 354 2136; x_wconf 76' lang='grc' dir='ltr'>καὶ</span> <span class='ocrx_word' id='word_1_155' title='bbox 366 2096 526 2148; x_wconf 83' lang='grc' dir='ltr'>ποταμὸς</span> <span class='ocrx_word' id='word_1_156' title='bbox 537 2096 677 2148; x_wconf 80' lang='grc' dir='ltr'>ὁμοίως·</span> <span class='ocrx_word' id='word_1_157' title='bbox 695 2098 742 2140; x_wconf 85' lang='grc' dir='ltr'>ὡς</span> <span class='ocrx_word' id='word_1_158' title='bbox 752 2095 952 2139; x_wconf 84' lang='grc' dir='ltr'>Ἑκαταῖος.</span> <span class='ocrx_word' id='word_1_159' title='bbox 972 2112 988 2128; x_wconf 77' lang='grc' dir='ltr'>«ι</span> <span class='ocrx_word' id='word_1_160' title='bbox 1000 2094 1045 2134; x_wconf 80' lang='lat' dir='ltr'>‘H</span> <span class='ocrx_word' id='word_1_161' title='bbox 1059 2095 1160 2147; x_wconf 85' lang='grc' dir='ltr'>χώρα</span> 
     </span>
    </p>
   </div>
   <div class='ocr_carea' id='block_1_5' title="bbox 131 2250 1160 2387">
    <p class='ocr_par' dir='ltr' id='par_1_12' title="bbox 131 2250 1160 2387">
     <span class='ocr_line' id='line_1_30' title="bbox 172 2250 1160 2340; baseline -0.004 -6"><span class='ocrx_word' id='word_1_162' title='bbox 172 2301 320 2340; x_wconf 85' lang='lat' dir='ltr'>Himera,</span> <span class='ocrx_word' id='word_1_163' title='bbox 345 2300 423 2332; x_wconf 85' lang='lat' dir='ltr'>urbs</span> <span class='ocrx_word' id='word_1_164' title='bbox 449 2300 565 2333; x_wconf 81' lang='lat' dir='ltr'>Siciliae</span> <span class='ocrx_word' id='word_1_165' title='bbox 578 2325 587 2340; x_wconf 93' lang='lat'>,</span> <span class='ocrx_word' id='word_1_166' title='bbox 611 2250 698 2333; x_wconf 50' lang='grc' dir='ltr'>ῗίἶο.</span> <span class='ocrx_word' id='word_1_167' title='bbox 727 2302 786 2332; x_wconf 86' lang='lat' dir='ltr'>Est</span> <span class='ocrx_word' id='word_1_168' title='bbox 807 2300 840 2332; x_wconf 81' lang='lat' dir='ltr'>ct</span> <span class='ocrx_word' id='word_1_169' title='bbox 867 2299 991 2340; x_wconf 78' lang='lat' dir='ltr'><strong>Libyae.</strong></span> <span class='ocrx_word' id='word_1_170' title='bbox 1008 2317 1048 2322; x_wconf 91' lang='lat'>—-</span> <span class='ocrx_word' id='word_1_171' title='bbox 1067 2301 1136 2331; x_wconf 87' lang='lat' dir='ltr'>Issa</span> <span class='ocrx_word' id='word_1_172' title='bbox 1151 2321 1160 2338; x_wconf 91' lang='lat'>,</span> 
     </span>
     <span class='ocr_line' id='line_1_31' title="bbox 131 2348 695 2387; baseline -0.004 -6"><span class='ocrx_word' id='word_1_173' title='bbox 131 2348 208 2381; x_wconf 79' lang='lat' dir='ltr'>urbs</span> <span class='ocrx_word' id='word_1_174' title='bbox 221 2348 254 2380; x_wconf 88' lang='lat' dir='ltr'>in</span> <span class='ocrx_word' id='word_1_175' title='bbox 270 2348 375 2380; x_wconf 85' lang='lat' dir='ltr'><strong>Lesbo</strong></span> <span class='ocrx_word' id='word_1_176' title='bbox 385 2371 395 2387; x_wconf 95' lang='lat'>,</span> <span class='ocrx_word' id='word_1_177' title='bbox 409 2349 525 2380; x_wconf 78' lang='lat' dir='ltr'>vocata</span> <span class='ocrx_word' id='word_1_178' title='bbox 539 2349 695 2380; x_wconf 77' lang='lat' dir='ltr'>Himera.</span> 
     </span>
    </p>
   </div>
   <div class='ocr_carea' id='block_1_6' title="bbox 170 2413 735 2668">
    <p class='ocr_par' dir='ltr' id='par_1_13' title="bbox 170 2413 735 2668">
     <span class='ocr_line' id='line_1_32' title="bbox 170 2413 676 2507; baseline -0.008 -9"><span class='ocrx_word' id='word_1_179' title='bbox 170 2465 268 2507; x_wconf 84' lang='lat' dir='ltr'>Mylae</span> <span class='ocrx_word' id='word_1_180' title='bbox 279 2489 288 2506; x_wconf 96' lang='lat'>,</span> <span class='ocrx_word' id='word_1_181' title='bbox 306 2465 384 2497; x_wconf 87' lang='lat' dir='ltr'>urbs</span> <span class='ocrx_word' id='word_1_182' title='bbox 399 2464 529 2496; x_wconf 77' lang='lat' dir='ltr'>Siciliae.</span> <span class='ocrx_word' id='word_1_183' title='bbox 613 2413 676 2445; x_wconf 45' lang='lat'>50·</span> 
     </span>
     <span class='ocr_line' id='line_1_33' title="bbox 171 2513 735 2612; baseline -0.009 -7"><span class='ocrx_word' id='word_1_184' title='bbox 171 2572 266 2605; x_wconf 86' lang='lat' dir='ltr'>Locri</span> <span class='ocrx_word' id='word_1_185' title='bbox 282 2569 510 2612; x_wconf 77' lang='lat' dir='ltr'>Epizephyrii,</span> <span class='ocrx_word' id='word_1_186' title='bbox 530 2513 735 2602; x_wconf 50' lang='lat' dir='ltr'>urbssltlziliae.</span> 
     </span>
     <span class='ocr_line' id='line_1_34' title="bbox 613 2635 677 2668; baseline -0.016 0"><span class='ocrx_word' id='word_1_187' title='bbox 613 2635 677 2668; x_wconf 83' lang='lat'>52.</span> 
     </span>
    </p>
   </div>
   <div class='ocr_carea' id='block_1_7' title="bbox 130 2684 1158 2777">
    <p class='ocr_par' dir='ltr' id='par_1_14' title="bbox 130 2684 1158 2777">
     <span class='ocr_line' id='line_1_35' title="bbox 171 2684 1158 2727; baseline -0.006 -6"><span class='ocrx_word' id='word_1_188' title='bbox 171 2689 345 2724; x_wconf 77' lang='lat' dir='ltr'>Caulonia,</span> <span class='ocrx_word' id='word_1_189' title='bbox 375 2688 454 2720; x_wconf 75' lang='lat' dir='ltr'>urbs</span> <span class='ocrx_word' id='word_1_190' title='bbox 469 2687 589 2727; x_wconf 77' lang='lat' dir='ltr'>Italiae,</span> <span class='ocrx_word' id='word_1_191' title='bbox 615 2695 713 2727; x_wconf 82' lang='lat' dir='ltr'>quam</span> <span class='ocrx_word' id='word_1_192' title='bbox 741 2684 911 2717; x_wconf 83' lang='lat' dir='ltr'>Auloniam</span> <span class='ocrx_word' id='word_1_193' title='bbox 939 2686 1016 2717; x_wconf 82' lang='lat' dir='ltr'>Hec.</span> <span class='ocrx_word' id='word_1_194' title='bbox 1042 2685 1137 2715; x_wconf 63' lang='lat' dir='ltr'>vocat</span> <span class='ocrx_word' id='word_1_195' title='bbox 1150 2707 1158 2723; x_wconf 91' lang='lat'>‚</span> 
     </span>
     <span class='ocr_line' id='line_1_36' title="bbox 130 2734 702 2777; baseline -0.005 -9"><span class='ocrx_word' id='word_1_196' title='bbox 130 2736 218 2777; x_wconf 87' lang='lat' dir='ltr'>quod</span> <span class='ocrx_word' id='word_1_197' title='bbox 233 2736 267 2768; x_wconf 89' lang='lat' dir='ltr'>in</span> <span class='ocrx_word' id='word_1_198' title='bbox 284 2735 390 2768; x_wconf 83' lang='lat' dir='ltr'>medio</span> <span class='ocrx_word' id='word_1_199' title='bbox 403 2734 559 2768; x_wconf 84' lang='lat' dir='ltr'>convallis</span> <span class='ocrx_word' id='word_1_200' title='bbox 572 2734 634 2766; x_wconf 84' lang='lat' dir='ltr'>sita</span> <span class='ocrx_word' id='word_1_201' title='bbox 649 2734 702 2766; x_wconf 85' lang='lat' dir='ltr'>sit.</span> 
     </span>
    </p>
   </div>
   <div class='ocr_carea' id='block_1_8' title="bbox 173 2791 1095 3173">
    <p class='ocr_par' dir='ltr' id='par_1_15' title="bbox 173 2791 1095 3173">
     <span class='ocr_line' id='line_1_37' title="bbox 619 2791 678 2831; baseline 0 -25"><span class='ocrx_word' id='word_1_202' title='bbox 619 2798 633 2806; x_wconf 74' lang='lat'>.</span> <span class='ocrx_word' id='word_1_203' title='bbox 641 2791 662 2828; x_wconf 85' lang='lat'><strong>3</strong></span> <span class='ocrx_word' id='word_1_204' title='bbox 670 2822 678 2831; x_wconf 51' lang='lat'><strong>·</strong></span> 
     </span>
     <span class='ocr_line' id='line_1_38' title="bbox 173 2807 636 2891; baseline -0.002 -8"><span class='ocrx_word' id='word_1_205' title='bbox 173 2851 332 2891; x_wconf 78' lang='lat' dir='ltr'>Oretana,</span> <span class='ocrx_word' id='word_1_206' title='bbox 349 2851 426 2883; x_wconf 89' lang='lat' dir='ltr'>urbs</span> <span class='ocrx_word' id='word_1_207' title='bbox 442 2851 556 2883; x_wconf 73' lang='lat' dir='ltr'>ltaliae.</span> <span class='ocrx_word' id='word_1_208' title='bbox 615 2807 636 2831; x_wconf 58' lang='grc' dir='ltr'>ὖ</span> 
     </span>
     <span class='ocr_line' id='line_1_39' title="bbox 175 2903 1095 2996; baseline -0.007 -8"><span class='ocrx_word' id='word_1_209' title='bbox 175 2956 322 2996; x_wconf 82' lang='lat' dir='ltr'>Iapygia,</span> <span class='ocrx_word' id='word_1_210' title='bbox 339 2956 413 2988; x_wconf 80' lang='lat' dir='ltr'>‹luae</span> <span class='ocrx_word' id='word_1_211' title='bbox 429 2955 542 2996; x_wconf 80' lang='lat' dir='ltr'>urbes,</span> <span class='ocrx_word' id='word_1_212' title='bbox 557 2903 677 2987; x_wconf 44' lang='grc' dir='ltr'>υῐιοὸἰιίι·</span> <span class='ocrx_word' id='word_1_213' title='bbox 689 2953 779 2986; x_wconf 82' lang='lat' dir='ltr'>ltalia</span> <span class='ocrx_word' id='word_1_214' title='bbox 792 2976 801 2992; x_wconf 90' lang='lat'>‚</span> <span class='ocrx_word' id='word_1_215' title='bbox 819 2952 917 2984; x_wconf 78' lang='lat' dir='ltr'>altera</span> <span class='ocrx_word' id='word_1_216' title='bbox 930 2951 963 2984; x_wconf 89' lang='lat' dir='ltr'>in</span> <span class='ocrx_word' id='word_1_217' title='bbox 977 2951 1095 2992; x_wconf 79' lang='lat' dir='ltr'>Illyria.</span> 
     </span>
     <span class='ocr_line' id='line_1_40' title="bbox 619 3021 680 3054; baseline -0.033 0"><span class='ocrx_word' id='word_1_218' title='bbox 619 3021 680 3054; x_wconf 85' lang='lat'>55.</span> 
     </span>
     <span class='ocr_line' id='line_1_41' title="bbox 174 3076 637 3119; baseline 0 -11"><span class='ocrx_word' id='word_1_219' title='bbox 174 3076 309 3116; x_wconf 85' lang='lat' dir='ltr'>Eleutii,</span> <span class='ocrx_word' id='word_1_220' title='bbox 328 3078 467 3118; x_wconf 86' lang='lat' dir='ltr'>populus</span> <span class='ocrx_word' id='word_1_221' title='bbox 487 3078 637 3119; x_wconf 82' lang='lat' dir='ltr'>Iapygioe.</span> 
     </span>
     <span class='ocr_line' id='line_1_42' title="bbox 613 3141 676 3173; baseline 0 0"><span class='ocrx_word' id='word_1_222' title='bbox 613 3141 676 3173; x_wconf 85' lang='lat'>56.</span> 
     </span>
    </p>
   </div>
   <div class='ocr_carea' id='block_1_9' title="bbox 134 3187 1160 3279">
    <p class='ocr_par' dir='ltr' id='par_1_16' title="bbox 134 3187 1160 3279">
     <span class='ocr_line' id='line_1_43' title="bbox 174 3187 1160 3232; baseline -0.005 -9"><span class='ocrx_word' id='word_1_223' title='bbox 174 3191 361 3231; x_wconf 69' lang='lat' dir='ltr'>ebandum,</span> <span class='ocrx_word' id='word_1_224' title='bbox 379 3191 456 3223; x_wconf 88' lang='lat' dir='ltr'>urbs</span> <span class='ocrx_word' id='word_1_225' title='bbox 472 3192 618 3232; x_wconf 76' lang='lat' dir='ltr'>Iapygiae.</span> <span class='ocrx_word' id='word_1_226' title='bbox 636 3193 713 3224; x_wconf 86' lang='lat' dir='ltr'>Hec.</span> <span class='ocrx_word' id='word_1_227' title='bbox 731 3204 737 3220; x_wconf 75' lang='lat' dir='ltr'>z</span> <span class='ocrx_word' id='word_1_228' title='bbox 758 3204 772 3218; x_wconf 74' lang='grc' dir='ltr'>α</span> <span class='ocrx_word' id='word_1_229' title='bbox 790 3191 877 3223; x_wconf 81' lang='lat' dir='ltr'><strong>Inest</strong></span> <span class='ocrx_word' id='word_1_230' title='bbox 894 3198 970 3222; x_wconf 84' lang='lat' dir='ltr'>vero</span> <span class='ocrx_word' id='word_1_231' title='bbox 985 3187 1160 3222; x_wconf 78' lang='lat' dir='ltr'>Cbandane</span> 
     </span>
     <span class='ocr_line' id='line_1_44' title="bbox 134 3237 644 3279; baseline 0 -11"><span class='ocrx_word' id='word_1_232' title='bbox 134 3237 232 3278; x_wconf 77' lang='lat' dir='ltr'>urbs,</span> <span class='ocrx_word' id='word_1_233' title='bbox 251 3240 325 3279; x_wconf 87' lang='lat' dir='ltr'>post</span> <span class='ocrx_word' id='word_1_234' title='bbox 347 3240 454 3269; x_wconf 81' lang='lat' dir='ltr'>autem</span> <span class='ocrx_word' id='word_1_235' title='bbox 474 3238 609 3270; x_wconf 79' lang='lat' dir='ltr'>Pcucaei.</span> <span class='ocrx_word' id='word_1_236' title='bbox 628 3253 644 3264; x_wconf 67' lang='grc' dir='ltr'>ι»</span> 
     </span>
    </p>
   </div>
   <div class='ocr_carea' id='block_1_10' title="bbox 619 3305 681 3336">
    <p class='ocr_par' dir='ltr' id='par_1_17' title="bbox 619 3305 681 3336">
     <span class='ocr_line' id='line_1_45' title="bbox 619 3305 681 3336; baseline -0.016 0"><span class='ocrx_word' id='word_1_237' title='bbox 619 3305 681 3336; x_wconf 88' lang='grc'>57.</span> 
     </span>
    </p>
   </div>
   <div class='ocr_carea' id='block_1_11' title="bbox 175 3361 811 3402">
    <p class='ocr_par' dir='ltr' id='par_1_18' title="bbox 175 3361 811 3402">
     <span class='ocr_line' id='line_1_46' title="bbox 175 3361 811 3402; baseline -0.005 -9"><span class='ocrx_word' id='word_1_238' title='bbox 175 3362 394 3394; x_wconf 70' lang='grc' dir='ltr'>Ροιιοοῐίιιιιῑοε</span> <span class='ocrx_word' id='word_1_239' title='bbox 409 3385 417 3401; x_wconf 89' lang='grc'>,</span> <span class='ocrx_word' id='word_1_240' title='bbox 435 3370 511 3402; x_wconf 78' lang='lat' dir='ltr'>gens</span> <span class='ocrx_word' id='word_1_241' title='bbox 534 3361 680 3393; x_wconf 81' lang='lat' dir='ltr'>OEnotris</span> <span class='ocrx_word' id='word_1_242' title='bbox 697 3361 811 3391; x_wconf 84' lang='lat' dir='ltr'>vicina.</span> 
     </span>
    </p>
   </div>
   <div class='ocr_carea' id='block_1_12' title="bbox 880 146 1479 188">
    <p class='ocr_par' dir='ltr' id='par_1_19' title="bbox 880 146 1479 188">
     <span class='ocr_line' id='line_1_47' title="bbox 880 146 1479 188; baseline 0.002 -3"><span class='ocrx_word' id='word_1_243' title='bbox 880 146 1116 186; x_wconf 87' lang='lat' dir='ltr'>HECATAEI</span> <span class='ocrx_word' id='word_1_244' title='bbox 1147 146 1479 188; x_wconf 85' lang='lat' dir='ltr'><strong>FRAGMENTA.</strong></span> 
     </span>
    </p>
   </div>
   <div class='ocr_carea' id='block_1_13' title="bbox 1211 233 2237 643">
    <p class='ocr_par' dir='ltr' id='par_1_20' title="bbox 1211 233 2237 643">
     <span class='ocr_line' id='line_1_48' title="bbox 1212 233 2227 288; baseline 0.003 -14"><span class='ocrx_word' id='word_1_245' title='bbox 1212 241 1282 280; x_wconf 86' lang='grc' dir='ltr'>τοῖς</span> <span class='ocrx_word' id='word_1_246' title='bbox 1303 235 1526 288; x_wconf 86' lang='grc' dir='ltr'>βοσκήμασίν</span> <span class='ocrx_word' id='word_1_247' title='bbox 1551 236 1645 273; x_wconf 83' lang='grc' dir='ltr'>ἐστιν</span> <span class='ocrx_word' id='word_1_248' title='bbox 1676 233 1810 286; x_wconf 84' lang='grc' dir='ltr'>ἀγαθὴ,</span> <span class='ocrx_word' id='word_1_249' title='bbox 1833 236 1879 279; x_wconf 87' lang='grc' dir='ltr'>ὡς</span> <span class='ocrx_word' id='word_1_250' title='bbox 1903 235 1954 279; x_wconf 78' lang='grc' dir='ltr'>δὶς</span> <span class='ocrx_word' id='word_1_251' title='bbox 1973 234 2100 274; x_wconf 82' lang='grc' dir='ltr'>τίκτειν</span> <span class='ocrx_word' id='word_1_252' title='bbox 2111 266 2227 277; x_wconf 88' lang='grc'><strong>.....</strong></span> 
     </span>
     <span class='ocr_line' id='line_1_49' title="bbox 1212 297 2235 353; baseline 0.002 -15"><span class='ocrx_word' id='word_1_253' title='bbox 1212 299 1270 338; x_wconf 84' lang='grc' dir='ltr'>τὸν</span> <span class='ocrx_word' id='word_1_254' title='bbox 1288 299 1445 339; x_wconf 82' lang='grc' dir='ltr'>ἐνιαυτὸν</span> <span class='ocrx_word' id='word_1_255' title='bbox 1460 299 1520 338; x_wconf 74' lang='grc' dir='ltr'>καὶ</span> <span class='ocrx_word' id='word_1_256' title='bbox 1537 299 1774 350; x_wconf 86' lang='grc' dir='ltr'>διδυμοτοκεῖν</span> <span class='ocrx_word' id='word_1_257' title='bbox 1784 327 1794 346; x_wconf 97' lang='grc'>,</span> <span class='ocrx_word' id='word_1_258' title='bbox 1808 297 1979 343; x_wconf 81' lang='grc' dir='ltr'>πολλάκις</span> <span class='ocrx_word' id='word_1_259' title='bbox 1992 299 2052 338; x_wconf 77' lang='grc' dir='ltr'>καὶ</span> <span class='ocrx_word' id='word_1_260' title='bbox 2065 306 2157 353; x_wconf 84' lang='grc' dir='ltr'>τρεῖς</span> <span class='ocrx_word' id='word_1_261' title='bbox 2172 301 2235 340; x_wconf 79' lang='grc' dir='ltr'>καὶ</span> 
     </span>
     <span class='ocr_line' id='line_1_50' title="bbox 1211 355 2233 412; baseline 0.001 -15"><span class='ocrx_word' id='word_1_262' title='bbox 1211 355 1385 412; x_wconf 79' lang='grc' dir='ltr'>τέσσαρας</span> <span class='ocrx_word' id='word_1_263' title='bbox 1414 358 1552 411; x_wconf 82' lang='grc' dir='ltr'>ἐρίφους</span> <span class='ocrx_word' id='word_1_264' title='bbox 1582 357 1711 396; x_wconf 86' lang='grc' dir='ltr'>τίκτειν</span> <span class='ocrx_word' id='word_1_265' title='bbox 1731 372 1740 381; x_wconf 86' lang='grc'><em>·</em></span> <span class='ocrx_word' id='word_1_266' title='bbox 1769 356 1878 395; x_wconf 82' lang='grc' dir='ltr'>ἐνίοτε</span> <span class='ocrx_word' id='word_1_267' title='bbox 1898 355 1933 395; x_wconf 84' lang='grc' dir='ltr'>δὲ</span> <span class='ocrx_word' id='word_1_268' title='bbox 1955 357 2017 396; x_wconf 83' lang='grc' dir='ltr'>καὶ</span> <span class='ocrx_word' id='word_1_269' title='bbox 2048 357 2152 398; x_wconf 85' lang='grc' dir='ltr'>πέντε</span> <span class='ocrx_word' id='word_1_270' title='bbox 2171 359 2233 398; x_wconf 76' lang='grc' dir='ltr'>καὶ</span> 
     </span>
     <span class='ocr_line' id='line_1_51' title="bbox 1211 414 2235 470; baseline 0.002 -15"><span class='ocrx_word' id='word_1_271' title='bbox 1211 415 1352 460; x_wconf 85' lang='grc' dir='ltr'>πλείους</span> <span class='ocrx_word' id='word_1_272' title='bbox 1369 432 1378 440; x_wconf 87' lang='grc'><em>·</em></span> <span class='ocrx_word' id='word_1_273' title='bbox 1397 415 1459 454; x_wconf 86' lang='grc' dir='ltr'>καὶ</span> <span class='ocrx_word' id='word_1_274' title='bbox 1472 415 1533 460; x_wconf 85' lang='grc' dir='ltr'>τὰς</span> <span class='ocrx_word' id='word_1_275' title='bbox 1547 414 1768 468; x_wconf 80' lang='grc' dir='ltr'>ἀλεκτορίδας</span> <span class='ocrx_word' id='word_1_276' title='bbox 1788 414 1840 459; x_wconf 80' lang='grc' dir='ltr'>δὶς</span> <span class='ocrx_word' id='word_1_277' title='bbox 1857 415 1986 454; x_wconf 85' lang='grc' dir='ltr'>τίκτειν</span> <span class='ocrx_word' id='word_1_278' title='bbox 2000 414 2062 461; x_wconf 80' lang='grc' dir='ltr'>τὰς</span> <span class='ocrx_word' id='word_1_279' title='bbox 2080 416 2235 470; x_wconf 82' lang='grc' dir='ltr'>ἡμέρας·</span> 
     </span>
     <span class='ocr_line' id='line_1_52' title="bbox 1211 467 2237 528; baseline 0.003 -16"><span class='ocrx_word' id='word_1_280' title='bbox 1211 477 1261 528; x_wconf 85' lang='grc' dir='ltr'>τῷ</span> <span class='ocrx_word' id='word_1_281' title='bbox 1275 474 1311 513; x_wconf 81' lang='grc' dir='ltr'>δὲ</span> <span class='ocrx_word' id='word_1_282' title='bbox 1332 474 1470 526; x_wconf 87' lang='grc' dir='ltr'>μεγέθει</span> <span class='ocrx_word' id='word_1_283' title='bbox 1487 474 1627 513; x_wconf 85' lang='grc' dir='ltr'>πάντων</span> <span class='ocrx_word' id='word_1_284' title='bbox 1641 467 1730 512; x_wconf 75' lang='grc' dir='ltr'>εἶναι</span> <span class='ocrx_word' id='word_1_285' title='bbox 1747 473 1955 528; x_wconf 84' lang='grc' dir='ltr'>μικροτέρας</span> <span class='ocrx_word' id='word_1_286' title='bbox 1969 477 2036 513; x_wconf 84' lang='grc' dir='ltr'>τῶν</span> <span class='ocrx_word' id='word_1_287' title='bbox 2050 475 2205 528; x_wconf 82' lang='grc' dir='ltr'>ὀρνίθων.</span> <span class='ocrx_word' id='word_1_288' title='bbox 2221 494 2237 511; x_wconf 69' lang='grc' dir='ltr'>ι»</span> 
     </span>
     <span class='ocr_line' id='line_1_53' title="bbox 1211 533 2237 573; baseline 0.003 -3"><span class='ocrx_word' id='word_1_289' title='bbox 1211 533 1400 571; x_wconf 89' lang='lat' dir='ltr'>Videntur</span> <span class='ocrx_word' id='word_1_290' title='bbox 1420 533 1501 570; x_wconf 86' lang='lat' dir='ltr'>haec</span> <span class='ocrx_word' id='word_1_291' title='bbox 1522 533 1650 570; x_wconf 88' lang='lat' dir='ltr'>omnia</span> <span class='ocrx_word' id='word_1_292' title='bbox 1666 533 1785 571; x_wconf 87' lang='lat' dir='ltr'>verba</span> <span class='ocrx_word' id='word_1_293' title='bbox 1801 534 1981 571; x_wconf 85' lang='lat' dir='ltr'>Hecataei.</span> <span class='ocrx_word' id='word_1_294' title='bbox 2002 537 2091 572; x_wconf 89' lang='lat' dir='ltr'>Post</span> <span class='ocrx_word' id='word_1_295' title='bbox 2109 533 2237 573; x_wconf 78' lang='grc' dir='ltr'>τίκτειν</span> 
     </span>
     <span class='ocr_line' id='line_1_54' title="bbox 1211 591 1979 643; baseline 0.001 -13"><span class='ocrx_word' id='word_1_296' title='bbox 1211 605 1353 630; x_wconf 89' lang='lat' dir='ltr'>nomen</span> <span class='ocrx_word' id='word_1_297' title='bbox 1374 604 1579 643; x_wconf 84' lang='lat' dir='ltr'>caprarum</span> <span class='ocrx_word' id='word_1_298' title='bbox 1605 591 1760 629; x_wconf 81' lang='lat' dir='ltr'>videtur</span> <span class='ocrx_word' id='word_1_299' title='bbox 1781 591 1979 632; x_wconf 84' lang='lat' dir='ltr'>excidisse.</span> 
     </span>
    </p>
   </div>
   <div class='ocr_carea' id='block_1_14' title="bbox 1213 729 2244 1467">
    <p class='ocr_par' dir='ltr' id='par_1_21' title="bbox 1215 729 2238 842">
     <span class='ocr_line' id='line_1_55' title="bbox 1265 729 2238 783; baseline 0.001 -14"><span class='ocrx_word' id='word_1_300' title='bbox 1265 733 1319 770; x_wconf 87' lang='lat' dir='ltr'>St.</span> <span class='ocrx_word' id='word_1_301' title='bbox 1334 734 1376 769; x_wconf 90' lang='grc' dir='ltr'>Β.</span> <span class='ocrx_word' id='word_1_302' title='bbox 1397 729 1551 783; x_wconf 85' lang='grc' dir='ltr'>Ἴστροι,</span> <span class='ocrx_word' id='word_1_303' title='bbox 1581 730 1673 774; x_wconf 83' lang='grc' dir='ltr'>ἔθνος</span> <span class='ocrx_word' id='word_1_304' title='bbox 1699 730 1813 783; x_wconf 63' lang='grc' dir='ltr'>ἐνπῷ</span> <span class='ocrx_word' id='word_1_305' title='bbox 1840 729 1951 783; x_wconf 83' lang='grc' dir='ltr'>Ἰονίῳ</span> <span class='ocrx_word' id='word_1_306' title='bbox 1981 729 2126 783; x_wconf 73' lang='grc' dir='ltr'>κόλπῳ’</span> <span class='ocrx_word' id='word_1_307' title='bbox 2158 730 2238 771; x_wconf 83' lang='grc' dir='ltr'>Ἕκ.</span> 
     </span>
     <span class='ocr_line' id='line_1_56' title="bbox 1215 790 1301 842; baseline 0 -14"><span class='ocrx_word' id='word_1_308' title='bbox 1215 790 1301 842; x_wconf 81' lang='grc' dir='ltr'>Εὒρ.</span> 
     </span>
    </p>

    <p class='ocr_par' dir='ltr' id='par_1_22' title="bbox 1697 853 1760 891">
     <span class='ocr_line' id='line_1_57' title="bbox 1697 853 1760 891; baseline -0.016 0"><span class='ocrx_word' id='word_1_309' title='bbox 1697 853 1760 891; x_wconf 86' lang='lat'>60.</span> 
     </span>
    </p>

    <p class='ocr_par' dir='ltr' id='par_1_23' title="bbox 1213 914 2238 1029">
     <span class='ocr_line' id='line_1_58' title="bbox 1265 914 2238 965; baseline 0 -9"><span class='ocrx_word' id='word_1_310' title='bbox 1265 920 1320 956; x_wconf 90' lang='lat' dir='ltr'>St.</span> <span class='ocrx_word' id='word_1_311' title='bbox 1341 921 1381 956; x_wconf 91' lang='lat' dir='ltr'>B.</span> <span class='ocrx_word' id='word_1_312' title='bbox 1409 916 1603 965; x_wconf 88' lang='grc' dir='ltr'>Καυλικοί,</span> <span class='ocrx_word' id='word_1_313' title='bbox 1629 916 1724 960; x_wconf 85' lang='grc' dir='ltr'>ἔθνος</span> <span class='ocrx_word' id='word_1_314' title='bbox 1742 914 1834 956; x_wconf 78' lang='grc' dir='ltr'>κατὰ</span> <span class='ocrx_word' id='word_1_315' title='bbox 1861 915 1918 956; x_wconf 85' lang='grc' dir='ltr'>τὸν</span> <span class='ocrx_word' id='word_1_316' title='bbox 1950 915 2058 957; x_wconf 79' lang='grc' dir='ltr'>Ιόνιον</span> <span class='ocrx_word' id='word_1_317' title='bbox 2084 915 2214 957; x_wconf 86' lang='grc' dir='ltr'>κόλπον</span> <span class='ocrx_word' id='word_1_318' title='bbox 2230 933 2238 941; x_wconf 94' lang='grc'>·</span> 
     </span>
     <span class='ocr_line' id='line_1_59' title="bbox 1213 974 1869 1029; baseline -0.003 -14"><span class='ocrx_word' id='word_1_319' title='bbox 1213 975 1292 1015; x_wconf 86' lang='grc' dir='ltr'>Ἑκ.</span> <span class='ocrx_word' id='word_1_320' title='bbox 1304 977 1391 1029; x_wconf 84' lang='grc' dir='ltr'>Εὐρ.</span> <span class='ocrx_word' id='word_1_321' title='bbox 1412 974 1597 1023; x_wconf 84' lang='grc' dir='ltr'>Κέκληται</span> <span class='ocrx_word' id='word_1_322' title='bbox 1617 975 1653 1015; x_wconf 84' lang='grc' dir='ltr'>δὲ</span> <span class='ocrx_word' id='word_1_323' title='bbox 1668 975 1739 1014; x_wconf 86' lang='grc' dir='ltr'>ἀπὸ</span> <span class='ocrx_word' id='word_1_324' title='bbox 1757 974 1869 1029; x_wconf 83' lang='grc' dir='ltr'>ὄρους.</span> 
     </span>
    </p>

    <p class='ocr_par' dir='ltr' id='par_1_24' title="bbox 1695 1048 1758 1085">
     <span class='ocr_line' id='line_1_60' title="bbox 1695 1048 1758 1085; baseline 0 0"><span class='ocrx_word' id='word_1_325' title='bbox 1695 1048 1758 1085; x_wconf 86' lang='lat'>61.</span> 
     </span>
    </p>

    <p class='ocr_par' dir='ltr' id='par_1_25' title="bbox 1213 1116 2244 1405">
     <span class='ocr_line' id='line_1_61' title="bbox 1267 1116 2243 1171; baseline -0.002 -13"><span class='ocrx_word' id='word_1_326' title='bbox 1267 1122 1323 1158; x_wconf 86' lang='lat' dir='ltr'>St.</span> <span class='ocrx_word' id='word_1_327' title='bbox 1345 1122 1386 1156; x_wconf 92' lang='grc' dir='ltr'>Β.</span> <span class='ocrx_word' id='word_1_328' title='bbox 1402 1117 1583 1170; x_wconf 75' lang='grc' dir='ltr'>Λιὸυρνοί,</span> <span class='ocrx_word' id='word_1_329' title='bbox 1596 1116 1690 1162; x_wconf 85' lang='grc' dir='ltr'>ἔθνος</span> <span class='ocrx_word' id='word_1_330' title='bbox 1702 1116 1872 1171; x_wconf 80' lang='grc' dir='ltr'>προσεχὲς</span> <span class='ocrx_word' id='word_1_331' title='bbox 1890 1119 1942 1170; x_wconf 79' lang='grc' dir='ltr'>τῷ</span> <span class='ocrx_word' id='word_1_332' title='bbox 1962 1116 2130 1170; x_wconf 81' lang='grc' dir='ltr'>ἕνδοτέρῳ</span> <span class='ocrx_word' id='word_1_333' title='bbox 2145 1116 2243 1171; x_wconf 84' lang='grc' dir='ltr'>μέρει</span> 
     </span>
     <span class='ocr_line' id='line_1_62' title="bbox 1213 1174 2242 1230; baseline 0 -16"><span class='ocrx_word' id='word_1_334' title='bbox 1213 1181 1275 1215; x_wconf 77' lang='grc' dir='ltr'>τοῦ</span> <span class='ocrx_word' id='word_1_335' title='bbox 1293 1177 1510 1230; x_wconf 84' lang='grc' dir='ltr'>Ἀδριατικοῦ</span> <span class='ocrx_word' id='word_1_336' title='bbox 1529 1175 1683 1215; x_wconf 87' lang='grc' dir='ltr'>κόλπου·</span> <span class='ocrx_word' id='word_1_337' title='bbox 1706 1176 1786 1215; x_wconf 87' lang='grc' dir='ltr'>Ἑκ.</span> <span class='ocrx_word' id='word_1_338' title='bbox 1800 1178 1886 1229; x_wconf 86' lang='grc' dir='ltr'>Εὖρ.</span> <span class='ocrx_word' id='word_1_339' title='bbox 1909 1175 2185 1228; x_wconf 82' lang='grc' dir='ltr'>Ὠνομάσθησαν</span> <span class='ocrx_word' id='word_1_340' title='bbox 2206 1174 2242 1214; x_wconf 80' lang='grc' dir='ltr'>δὲ</span> 
     </span>
     <span class='ocr_line' id='line_1_63' title="bbox 1216 1229 2244 1289; baseline -0.002 -15"><span class='ocrx_word' id='word_1_341' title='bbox 1216 1234 1288 1274; x_wconf 86' lang='grc' dir='ltr'>ἀπό</span> <span class='ocrx_word' id='word_1_342' title='bbox 1305 1251 1397 1279; x_wconf 86' lang='grc' dir='ltr'>τινος</span> <span class='ocrx_word' id='word_1_343' title='bbox 1423 1235 1620 1289; x_wconf 75' lang='grc' dir='ltr'>Λιὸυρνοῧ,</span> <span class='ocrx_word' id='word_1_344' title='bbox 1645 1235 1704 1288; x_wconf 80' lang='grc' dir='ltr'>ἀφ’</span> <span class='ocrx_word' id='word_1_345' title='bbox 1732 1229 1771 1273; x_wconf 72' lang='grc' dir='ltr'>οῧ</span> <span class='ocrx_word' id='word_1_346' title='bbox 1805 1233 1948 1288; x_wconf 78' lang='grc' dir='ltr'>εὕρηται</span> <span class='ocrx_word' id='word_1_347' title='bbox 1973 1234 2017 1273; x_wconf 84' lang='grc' dir='ltr'>τὰ</span> <span class='ocrx_word' id='word_1_348' title='bbox 2048 1233 2244 1288; x_wconf 73' lang='grc' dir='ltr'>Αιὸυρνικὰ</span> 
     </span>
     <span class='ocr_line' id='line_1_64' title="bbox 1216 1292 2242 1350; baseline 0 -17"><span class='ocrx_word' id='word_1_349' title='bbox 1216 1295 1335 1350; x_wconf 83' lang='grc' dir='ltr'>σκάφη</span> <span class='ocrx_word' id='word_1_350' title='bbox 1364 1294 1425 1333; x_wconf 80' lang='grc' dir='ltr'>καὶ</span> <span class='ocrx_word' id='word_1_351' title='bbox 1447 1294 1644 1349; x_wconf 72' lang='grc' dir='ltr'>Λιὸυρνικὴ</span> <span class='ocrx_word' id='word_1_352' title='bbox 1666 1295 1821 1347; x_wconf 86' lang='grc' dir='ltr'>μανδύη,</span> <span class='ocrx_word' id='word_1_353' title='bbox 1851 1292 1940 1339; x_wconf 70' lang='grc' dir='ltr'>εἶδος</span> <span class='ocrx_word' id='word_1_354' title='bbox 1965 1297 2119 1342; x_wconf 76' lang='grc' dir='ltr'>ἐσθῆτος.</span> <span class='ocrx_word' id='word_1_355' title='bbox 2139 1298 2242 1334; x_wconf 86' lang='lat' dir='ltr'>Num</span> 
     </span>
     <span class='ocr_line' id='line_1_65' title="bbox 1216 1354 2242 1405; baseline -0.002 -13"><span class='ocrx_word' id='word_1_356' title='bbox 1216 1355 1298 1392; x_wconf 88' lang='lat' dir='ltr'>haec</span> <span class='ocrx_word' id='word_1_357' title='bbox 1319 1355 1449 1392; x_wconf 89' lang='lat' dir='ltr'>omnia</span> <span class='ocrx_word' id='word_1_358' title='bbox 1468 1368 1516 1392; x_wconf 87' lang='lat' dir='ltr'>ex</span> <span class='ocrx_word' id='word_1_359' title='bbox 1534 1357 1714 1392; x_wconf 85' lang='lat' dir='ltr'>Hecataeo</span> <span class='ocrx_word' id='word_1_360' title='bbox 1740 1354 1962 1405; x_wconf 87' lang='lat' dir='ltr'>desumpta,</span> <span class='ocrx_word' id='word_1_361' title='bbox 1983 1354 2187 1392; x_wconf 83' lang='lat' dir='ltr'>incertum.</span> <span class='ocrx_word' id='word_1_362' title='bbox 2237 1374 2242 1386; x_wconf 59' lang='grc'>’-</span> 
     </span>
    </p>

    <p class='ocr_par' dir='ltr' id='par_1_26' title="bbox 1269 1408 2242 1467">
     <span class='ocr_line' id='line_1_66' title="bbox 1269 1408 2242 1467; baseline 0 -16"><span class='ocrx_word' id='word_1_363' title='bbox 1269 1417 1344 1452; x_wconf 84' lang='lat' dir='ltr'>Pro</span> <span class='ocrx_word' id='word_1_364' title='bbox 1365 1414 1425 1467; x_wconf 82' lang='grc' dir='ltr'>ἀφ’</span> <span class='ocrx_word' id='word_1_365' title='bbox 1445 1408 1484 1452; x_wconf 67' lang='grc' dir='ltr'>οἷ</span> <span class='ocrx_word' id='word_1_366' title='bbox 1513 1413 1627 1451; x_wconf 90' lang='lat' dir='ltr'><strong>codd.</strong></span> <span class='ocrx_word' id='word_1_367' title='bbox 1653 1413 1832 1460; x_wconf 82' lang='grc' dir='ltr'>Ἀττικοῦ,</span> <span class='ocrx_word' id='word_1_368' title='bbox 1856 1413 1962 1464; x_wconf 80' lang='lat' dir='ltr'>quod</span> <span class='ocrx_word' id='word_1_369' title='bbox 1981 1427 2029 1451; x_wconf 84' lang='lat' dir='ltr'>ex</span> <span class='ocrx_word' id='word_1_370' title='bbox 2051 1412 2242 1452; x_wconf 76' lang='lat' dir='ltr'>Eustathii</span> 
     </span>
    </p>
   </div>
   <div class='ocr_carea' id='block_1_15' title="bbox 1217 1472 2243 1569">
    <p class='ocr_par' dir='ltr' id='par_1_27' title="bbox 1217 1472 2243 1569">
     <span class='ocr_line' id='line_1_67' title="bbox 1218 1472 2243 1524; baseline 0.001 -15"><span class='ocrx_word' id='word_1_371' title='bbox 1218 1474 1494 1511; x_wconf 81' lang='lat' dir='ltr'>commentario</span> <span class='ocrx_word' id='word_1_372' title='bbox 1530 1474 1570 1510; x_wconf 88' lang='lat' dir='ltr'>in</span> <span class='ocrx_word' id='word_1_373' title='bbox 1606 1473 1836 1523; x_wconf 85' lang='lat' dir='ltr'>Dionysium</span> <span class='ocrx_word' id='word_1_374' title='bbox 1881 1473 2028 1524; x_wconf 84' lang='lat' dir='ltr'>optime</span> <span class='ocrx_word' id='word_1_375' title='bbox 2075 1472 2243 1511; x_wconf 74' lang='lat' dir='ltr'>correxit</span> 
     </span>
     <span class='ocr_line' id='line_1_68' title="bbox 1217 1531 1423 1569; baseline 0 -1"><span class='ocrx_word' id='word_1_376' title='bbox 1217 1531 1423 1569; x_wconf 82' lang='lat' dir='ltr'>Berkelius.</span> 
     </span>
    </p>
   </div>
   <div class='ocr_carea' id='block_1_16' title="bbox 1218 1595 2242 2012">
    <p class='ocr_par' dir='ltr' id='par_1_28' title="bbox 1218 1595 2242 2012">
     <span class='ocr_line' id='line_1_69' title="bbox 1700 1595 1763 1635; baseline 0.048 -4"><span class='ocrx_word' id='word_1_377' title='bbox 1700 1595 1763 1635; x_wconf 82' lang='lat'>62.</span> 
     </span>
     <span class='ocr_line' id='line_1_70' title="bbox 1273 1652 2241 1707; baseline -0.001 -15"><span class='ocrx_word' id='word_1_378' title='bbox 1273 1657 1326 1692; x_wconf 89' lang='lat' dir='ltr'>St.</span> <span class='ocrx_word' id='word_1_379' title='bbox 1344 1657 1385 1692; x_wconf 90' lang='lat' dir='ltr'>B.</span> <span class='ocrx_word' id='word_1_380' title='bbox 1407 1654 1600 1707; x_wconf 85' lang='grc' dir='ltr'>Μέντορες,</span> <span class='ocrx_word' id='word_1_381' title='bbox 1620 1652 1714 1698; x_wconf 83' lang='grc' dir='ltr'>ἔθνος</span> <span class='ocrx_word' id='word_1_382' title='bbox 1735 1653 1821 1706; x_wconf 79' lang='grc' dir='ltr'>πρὸς</span> <span class='ocrx_word' id='word_1_383' title='bbox 1839 1659 1910 1698; x_wconf 87' lang='grc' dir='ltr'>τοῖς</span> <span class='ocrx_word' id='word_1_384' title='bbox 1929 1652 2117 1706; x_wconf 73' lang='grc' dir='ltr'>Λιὸύρνοις</span> <span class='ocrx_word' id='word_1_385' title='bbox 2133 1668 2143 1678; x_wconf 91' lang='grc'><em>·</em></span> <span class='ocrx_word' id='word_1_386' title='bbox 2161 1652 2241 1692; x_wconf 85' lang='grc' dir='ltr'>Ἕκ.</span> 
     </span>
     <span class='ocr_line' id='line_1_71' title="bbox 1220 1713 1307 1751; baseline -0.011 0"><span class='ocrx_word' id='word_1_387' title='bbox 1220 1713 1273 1751; x_wconf 84' lang='grc' dir='ltr'>Εὐ</span> <span class='ocrx_word' id='word_1_388' title='bbox 1299 1742 1307 1750; x_wconf 92' lang='grc'><strong>.</strong></span> 
     </span>
     <span class='ocr_line' id='line_1_72' title="bbox 1277 1727 1764 1816; baseline 0.002 -1"><span class='ocrx_word' id='word_1_389' title='bbox 1277 1727 1295 1764; x_wconf 76' lang='grc' dir='ltr'>ρ</span> <span class='ocrx_word' id='word_1_390' title='bbox 1700 1779 1764 1816; x_wconf 88' lang='grc'>63.</span> 
     </span>
     <span class='ocr_line' id='line_1_73' title="bbox 1272 1841 2242 1896; baseline 0.001 -17"><span class='ocrx_word' id='word_1_391' title='bbox 1272 1845 1326 1882; x_wconf 87' lang='lat' dir='ltr'>St.</span> <span class='ocrx_word' id='word_1_392' title='bbox 1348 1846 1389 1880; x_wconf 92' lang='grc' dir='ltr'>Β.</span> <span class='ocrx_word' id='word_1_393' title='bbox 1416 1841 1605 1894; x_wconf 80' lang='grc' dir='ltr'>Ὑθμῖται,</span> <span class='ocrx_word' id='word_1_394' title='bbox 1629 1842 1721 1886; x_wconf 79' lang='grc' dir='ltr'>ἔθνος</span> <span class='ocrx_word' id='word_1_395' title='bbox 1741 1843 1826 1894; x_wconf 81' lang='grc' dir='ltr'>πρὸς</span> <span class='ocrx_word' id='word_1_396' title='bbox 1847 1842 2032 1896; x_wconf 73' lang='grc' dir='ltr'>Λιὸυρνοῖς</span> <span class='ocrx_word' id='word_1_397' title='bbox 2051 1845 2111 1880; x_wconf 89' lang='grc' dir='ltr'>καὶ</span> <span class='ocrx_word' id='word_1_398' title='bbox 2137 1844 2242 1882; x_wconf 85' lang='grc' dir='ltr'>Συω-</span> 
     </span>
     <span class='ocr_line' id='line_1_74' title="bbox 1218 1899 1739 1956; baseline 0.002 -17"><span class='ocrx_word' id='word_1_399' title='bbox 1218 1900 1332 1950; x_wconf 87' lang='grc' dir='ltr'>πίοις,</span> <span class='ocrx_word' id='word_1_400' title='bbox 1351 1899 1398 1945; x_wconf 79' lang='grc' dir='ltr'>ὥ“ς</span> <span class='ocrx_word' id='word_1_401' title='bbox 1420 1916 1525 1954; x_wconf 80' lang='grc' dir='ltr'>φησιν</span> <span class='ocrx_word' id='word_1_402' title='bbox 1551 1901 1629 1940; x_wconf 85' lang='grc' dir='ltr'>Ἑκ.</span> <span class='ocrx_word' id='word_1_403' title='bbox 1652 1903 1739 1956; x_wconf 83' lang='grc' dir='ltr'>Εὐρ.</span> 
     </span>
     <span class='ocr_line' id='line_1_75' title="bbox 1699 1974 1760 2012; baseline 0.033 -2"><span class='ocrx_word' id='word_1_404' title='bbox 1699 1974 1760 2012; x_wconf 83' lang='lat'>64.</span> 
     </span>
    </p>
   </div>
   <div class='ocr_carea' id='block_1_17' title="bbox 1219 2036 2246 2150">
    <p class='ocr_par' dir='ltr' id='par_1_29' title="bbox 1219 2036 2246 2150">
     <span class='ocr_line' id='line_1_76' title="bbox 1274 2036 2246 2091; baseline -0.001 -15"><span class='ocrx_word' id='word_1_405' title='bbox 1274 2040 1329 2076; x_wconf 80' lang='lat' dir='ltr'>St.</span> <span class='ocrx_word' id='word_1_406' title='bbox 1357 2041 1398 2077; x_wconf 81' lang='lat' dir='ltr'>B.</span> <span class='ocrx_word' id='word_1_407' title='bbox 1423 2036 1603 2086; x_wconf 80' lang='grc' dir='ltr'>Συώπιοι,</span> <span class='ocrx_word' id='word_1_408' title='bbox 1633 2037 1725 2082; x_wconf 87' lang='grc' dir='ltr'>ἔθνος</span> <span class='ocrx_word' id='word_1_409' title='bbox 1754 2037 1927 2091; x_wconf 86' lang='grc' dir='ltr'>προσεχὲς</span> <span class='ocrx_word' id='word_1_410' title='bbox 1951 2043 2021 2081; x_wconf 88' lang='grc' dir='ltr'>τοῖς</span> <span class='ocrx_word' id='word_1_411' title='bbox 2049 2036 2246 2090; x_wconf 73' lang='grc' dir='ltr'>Λιὸυρνοῑς,</span> 
     </span>
     <span class='ocr_line' id='line_1_77' title="bbox 1219 2096 1484 2150; baseline 0 -16"><span class='ocrx_word' id='word_1_412' title='bbox 1219 2097 1266 2140; x_wconf 83' lang='grc' dir='ltr'>ὡς</span> <span class='ocrx_word' id='word_1_413' title='bbox 1288 2096 1369 2135; x_wconf 87' lang='grc' dir='ltr'>Ἕκ.</span> <span class='ocrx_word' id='word_1_414' title='bbox 1397 2099 1484 2150; x_wconf 86' lang='grc' dir='ltr'>Εὖρ.</span> 
     </span>
    </p>
   </div>
   <div class='ocr_carea' id='block_1_18' title="bbox 1219 2297 2246 2568">
    <p class='ocr_par' dir='ltr' id='par_1_30' title="bbox 1219 2297 2246 2568">
     <span class='ocr_line' id='line_1_78' title="bbox 1260 2297 2246 2341; baseline 0 -9"><span class='ocrx_word' id='word_1_415' title='bbox 1260 2297 1374 2341; x_wconf 81' lang='lat' dir='ltr'>Adria,</span> <span class='ocrx_word' id='word_1_416' title='bbox 1395 2299 1471 2332; x_wconf 85' lang='lat' dir='ltr'>urbs</span> <span class='ocrx_word' id='word_1_417' title='bbox 1484 2302 1516 2332; x_wconf 82' lang='lat' dir='ltr'>ct</span> <span class='ocrx_word' id='word_1_418' title='bbox 1528 2300 1622 2341; x_wconf 79' lang='lat' dir='ltr'>juxta</span> <span class='ocrx_word' id='word_1_419' title='bbox 1636 2300 1749 2332; x_wconf 84' lang='lat' dir='ltr'>urbem</span> <span class='ocrx_word' id='word_1_420' title='bbox 1764 2301 1855 2332; x_wconf 85' lang='lat' dir='ltr'>sinus</span> <span class='ocrx_word' id='word_1_421' title='bbox 1872 2300 1971 2332; x_wconf 82' lang='lat' dir='ltr'>maris</span> <span class='ocrx_word' id='word_1_422' title='bbox 1987 2300 2160 2340; x_wconf 84' lang='lat' dir='ltr'>Adriatici,</span> <span class='ocrx_word' id='word_1_423' title='bbox 2174 2309 2246 2332; x_wconf 81' lang='lat' dir='ltr'>ncc-</span> 
     </span>
     <span class='ocr_line' id='line_1_79' title="bbox 1220 2347 2246 2388; baseline -0.001 -9"><span class='ocrx_word' id='word_1_424' title='bbox 1220 2356 1285 2379; x_wconf 90' lang='lat' dir='ltr'>non</span> <span class='ocrx_word' id='word_1_425' title='bbox 1313 2348 1451 2388; x_wconf 84' lang='lat' dir='ltr'>fluvius,</span> <span class='ocrx_word' id='word_1_426' title='bbox 1483 2350 1518 2379; x_wconf 85' lang='lat' dir='ltr'>ut</span> <span class='ocrx_word' id='word_1_427' title='bbox 1540 2349 1709 2380; x_wconf 78' lang='lat' dir='ltr'>Hecataeus</span> <span class='ocrx_word' id='word_1_428' title='bbox 1726 2357 1734 2378; x_wconf 75' lang='grc' dir='ltr'>ε</span> <span class='ocrx_word' id='word_1_429' title='bbox 1755 2361 1770 2375; x_wconf 90' lang='lat'>«</span> <span class='ocrx_word' id='word_1_430' title='bbox 1785 2347 1883 2387; x_wconf 83' lang='lat' dir='ltr'>Regio</span> <span class='ocrx_word' id='word_1_431' title='bbox 1908 2347 2085 2388; x_wconf 86' lang='lat' dir='ltr'>pecudibus</span> <span class='ocrx_word' id='word_1_432' title='bbox 2099 2347 2223 2388; x_wconf 82' lang='lat' dir='ltr'>optima</span> <span class='ocrx_word' id='word_1_433' title='bbox 2236 2370 2246 2386; x_wconf 94' lang='lat'><em>‚</em></span> 
     </span>
     <span class='ocr_line' id='line_1_80' title="bbox 1219 2395 2246 2436; baseline -0.001 -9"><span class='ocrx_word' id='word_1_434' title='bbox 1219 2395 1317 2434; x_wconf 83' lang='lat' dir='ltr'>adeo,</span> <span class='ocrx_word' id='word_1_435' title='bbox 1335 2397 1370 2427; x_wconf 80' lang='lat' dir='ltr'>ut</span> <span class='ocrx_word' id='word_1_436' title='bbox 1385 2395 1435 2427; x_wconf 90' lang='lat' dir='ltr'>bis</span> <span class='ocrx_word' id='word_1_437' title='bbox 1447 2395 1632 2436; x_wconf 79' lang='lat' dir='ltr'>quotannis,</span> <span class='ocrx_word' id='word_1_438' title='bbox 1650 2404 1688 2427; x_wconf 84' lang='lat' dir='ltr'>ac</span> <span class='ocrx_word' id='word_1_439' title='bbox 1701 2395 1856 2436; x_wconf 82' lang='lat' dir='ltr'>geminos,</span> <span class='ocrx_word' id='word_1_440' title='bbox 1879 2403 1965 2436; x_wconf 81' lang='lat' dir='ltr'>saepe</span> <span class='ocrx_word' id='word_1_441' title='bbox 1981 2397 2046 2426; x_wconf 83' lang='lat' dir='ltr'>tres</span> <span class='ocrx_word' id='word_1_442' title='bbox 2060 2395 2093 2426; x_wconf 86' lang='lat' dir='ltr'>et</span> <span class='ocrx_word' id='word_1_443' title='bbox 2107 2395 2246 2435; x_wconf 74' lang='lat' dir='ltr'>quatuor</span> 
     </span>
     <span class='ocr_line' id='line_1_81' title="bbox 1220 2440 2246 2482; baseline -0.002 -9"><span class='ocrx_word' id='word_1_444' title='bbox 1220 2442 1331 2474; x_wconf 79' lang='lat' dir='ltr'>baedos</span> <span class='ocrx_word' id='word_1_445' title='bbox 1356 2442 1498 2482; x_wconf 81' lang='lat' dir='ltr'>pariant,</span> <span class='ocrx_word' id='word_1_446' title='bbox 1517 2442 1691 2482; x_wconf 81' lang='lat' dir='ltr'>aliquando</span> <span class='ocrx_word' id='word_1_447' title='bbox 1707 2441 1804 2473; x_wconf 80' lang='lat' dir='ltr'>etiam</span> <span class='ocrx_word' id='word_1_448' title='bbox 1823 2442 1966 2482; x_wconf 84' lang='lat' dir='ltr'>quinque</span> <span class='ocrx_word' id='word_1_449' title='bbox 1983 2442 2016 2480; x_wconf 75' lang='lat' dir='ltr'>el:</span> <span class='ocrx_word' id='word_1_450' title='bbox 2039 2440 2146 2482; x_wconf 84' lang='lat' dir='ltr'>plures</span> <span class='ocrx_word' id='word_1_451' title='bbox 2161 2450 2170 2472; x_wconf 93' lang='lat'>:</span> <span class='ocrx_word' id='word_1_452' title='bbox 2184 2440 2246 2482; x_wconf 78' lang='lat' dir='ltr'>gal-</span> 
     </span>
     <span class='ocr_line' id='line_1_82' title="bbox 1220 2486 2246 2530; baseline -0.001 -10"><span class='ocrx_word' id='word_1_453' title='bbox 1220 2489 1294 2521; x_wconf 81' lang='lat' dir='ltr'>linae</span> <span class='ocrx_word' id='word_1_454' title='bbox 1318 2498 1396 2521; x_wconf 84' lang='lat' dir='ltr'>vero</span> <span class='ocrx_word' id='word_1_455' title='bbox 1413 2489 1465 2520; x_wconf 90' lang='lat' dir='ltr'>bis</span> <span class='ocrx_word' id='word_1_456' title='bbox 1488 2489 1632 2530; x_wconf 85' lang='lat' dir='ltr'>quotidie</span> <span class='ocrx_word' id='word_1_457' title='bbox 1657 2497 1720 2521; x_wconf 86' lang='lat' dir='ltr'>ova</span> <span class='ocrx_word' id='word_1_458' title='bbox 1735 2489 1879 2530; x_wconf 78' lang='lat' dir='ltr'>pariant:</span> <span class='ocrx_word' id='word_1_459' title='bbox 1901 2488 1979 2520; x_wconf 85' lang='lat' dir='ltr'>sunt</span> <span class='ocrx_word' id='word_1_460' title='bbox 1996 2495 2074 2520; x_wconf 83' lang='lat' dir='ltr'>vero</span> <span class='ocrx_word' id='word_1_461' title='bbox 2100 2486 2246 2519; x_wconf 85' lang='lat' dir='ltr'>omnium</span> 
     </span>
     <span class='ocr_line' id='line_1_83' title="bbox 1220 2535 1594 2568; baseline -0.003 0"><span class='ocrx_word' id='word_1_462' title='bbox 1220 2536 1363 2568; x_wconf 83' lang='lat' dir='ltr'>minimae</span> <span class='ocrx_word' id='word_1_463' title='bbox 1378 2535 1460 2568; x_wconf 83' lang='lat' dir='ltr'>inter</span> <span class='ocrx_word' id='word_1_464' title='bbox 1473 2545 1559 2568; x_wconf 84' lang='lat' dir='ltr'>aves.</span> <span class='ocrx_word' id='word_1_465' title='bbox 1578 2549 1594 2564; x_wconf 74' lang='grc' dir='ltr'>υ</span> 
     </span>
    </p>
   </div>
   <div class='ocr_carea' id='block_1_19' title="bbox 1261 2634 1790 2676">
    <p class='ocr_par' dir='ltr' id='par_1_31' title="bbox 1261 2634 1790 2676">
     <span class='ocr_line' id='line_1_84' title="bbox 1261 2634 1790 2676; baseline -0.004 -8"><span class='ocrx_word' id='word_1_466' title='bbox 1261 2635 1352 2675; x_wconf 81' lang='lat' dir='ltr'>Istri,</span> <span class='ocrx_word' id='word_1_467' title='bbox 1372 2635 1512 2676; x_wconf 89' lang='lat' dir='ltr'>populus</span> <span class='ocrx_word' id='word_1_468' title='bbox 1527 2635 1560 2667; x_wconf 90' lang='lat' dir='ltr'>in</span> <span class='ocrx_word' id='word_1_469' title='bbox 1577 2634 1688 2668; x_wconf 88' lang='lat' dir='ltr'>lonico</span> <span class='ocrx_word' id='word_1_470' title='bbox 1703 2635 1790 2667; x_wconf 87' lang='lat' dir='ltr'>sinu.</span> 
     </span>
    </p>
   </div>
   <div class='ocr_carea' id='block_1_20' title="bbox 1219 2746 2245 3082">
    <p class='ocr_par' dir='ltr' id='par_1_32' title="bbox 1220 2746 2235 2826">
     <span class='ocr_line' id='line_1_85' title="bbox 1262 2746 2235 2787; baseline -0.002 -7"><span class='ocrx_word' id='word_1_471' title='bbox 1262 2746 1398 2787; x_wconf 83' lang='lat' dir='ltr'>Caulici‚</span> <span class='ocrx_word' id='word_1_472' title='bbox 1415 2755 1493 2787; x_wconf 84' lang='lat' dir='ltr'>gens</span> <span class='ocrx_word' id='word_1_473' title='bbox 1506 2747 1600 2787; x_wconf 82' lang='lat' dir='ltr'>juxta</span> <span class='ocrx_word' id='word_1_474' title='bbox 1626 2747 1774 2780; x_wconf 87' lang='lat' dir='ltr'>Ionicum</span> <span class='ocrx_word' id='word_1_475' title='bbox 1787 2746 1916 2787; x_wconf 90' lang='lat' dir='ltr'>sinum,</span> <span class='ocrx_word' id='word_1_476' title='bbox 1932 2748 2010 2779; x_wconf 71' lang='lat' dir='ltr'>Hoc.</span> <span class='ocrx_word' id='word_1_477' title='bbox 2028 2747 2080 2779; x_wconf 90' lang='lat' dir='ltr'>Sic</span> <span class='ocrx_word' id='word_1_478' title='bbox 2101 2754 2179 2779; x_wconf 82' lang='lat' dir='ltr'>vero</span> <span class='ocrx_word' id='word_1_479' title='bbox 2192 2755 2235 2778; x_wconf 76' lang='lat' dir='ltr'>vo</span> 
     </span>
     <span class='ocr_line' id='line_1_86' title="bbox 1220 2793 1537 2826; baseline -0.009 0"><span class='ocrx_word' id='word_1_480' title='bbox 1220 2796 1291 2826; x_wconf 77' lang='lat' dir='ltr'>cata</span> <span class='ocrx_word' id='word_1_481' title='bbox 1304 2793 1366 2825; x_wconf 82' lang='lat' dir='ltr'>suit</span> <span class='ocrx_word' id='word_1_482' title='bbox 1382 2802 1401 2825; x_wconf 83' lang='lat' dir='ltr'>a</span> <span class='ocrx_word' id='word_1_483' title='bbox 1416 2798 1537 2826; x_wconf 83' lang='lat' dir='ltr'>monte.</span> 
     </span>
    </p>

    <p class='ocr_par' dir='ltr' id='par_1_33' title="bbox 1703 2849 1767 2881">
     <span class='ocr_line' id='line_1_87' title="bbox 1703 2849 1767 2881; baseline 0.016 -1"><span class='ocrx_word' id='word_1_484' title='bbox 1703 2849 1767 2881; x_wconf 88' lang='lat'>61.</span> 
     </span>
    </p>

    <p class='ocr_par' dir='ltr' id='par_1_34' title="bbox 1219 2897 2245 3082">
     <span class='ocr_line' id='line_1_88' title="bbox 1261 2897 2244 2940; baseline -0.003 -8"><span class='ocrx_word' id='word_1_485' title='bbox 1261 2900 1414 2939; x_wconf 83' lang='lat' dir='ltr'>Liburni,</span> <span class='ocrx_word' id='word_1_486' title='bbox 1441 2908 1519 2940; x_wconf 82' lang='lat' dir='ltr'>gens</span> <span class='ocrx_word' id='word_1_487' title='bbox 1537 2898 1577 2931; x_wconf 86' lang='lat' dir='ltr'>ad</span> <span class='ocrx_word' id='word_1_488' title='bbox 1604 2899 1789 2931; x_wconf 80' lang='lat' dir='ltr'>interiorem</span> <span class='ocrx_word' id='word_1_489' title='bbox 1814 2900 1936 2938; x_wconf 79' lang='lat' dir='ltr'>partem</span> <span class='ocrx_word' id='word_1_490' title='bbox 1965 2898 2057 2930; x_wconf 87' lang='lat' dir='ltr'>sinus</span> <span class='ocrx_word' id='word_1_491' title='bbox 2080 2897 2244 2930; x_wconf 66' lang='lat' dir='ltr'>Adriatici.</span> 
     </span>
     <span class='ocr_line' id='line_1_89' title="bbox 1220 2943 2245 2985; baseline -0.004 -6"><span class='ocrx_word' id='word_1_492' title='bbox 1220 2949 1296 2979; x_wconf 80' lang='lat' dir='ltr'>nee.</span> <span class='ocrx_word' id='word_1_493' title='bbox 1313 2947 1365 2979; x_wconf 91' lang='lat' dir='ltr'>Sic</span> <span class='ocrx_word' id='word_1_494' title='bbox 1383 2955 1459 2978; x_wconf 87' lang='lat' dir='ltr'>vero</span> <span class='ocrx_word' id='word_1_495' title='bbox 1478 2946 1584 2978; x_wconf 84' lang='lat' dir='ltr'>vocati</span> <span class='ocrx_word' id='word_1_496' title='bbox 1604 2946 1692 2977; x_wconf 84' lang='lat' dir='ltr'>suere</span> <span class='ocrx_word' id='word_1_497' title='bbox 1708 2954 1727 2976; x_wconf 82' lang='lat' dir='ltr'>a</span> <span class='ocrx_word' id='word_1_498' title='bbox 1741 2945 1882 2985; x_wconf 84' lang='lat' dir='ltr'>quodam</span> <span class='ocrx_word' id='word_1_499' title='bbox 1903 2945 2065 2984; x_wconf 85' lang='lat' dir='ltr'>Liburno,</span> <span class='ocrx_word' id='word_1_500' title='bbox 2080 2953 2099 2976; x_wconf 82' lang='lat' dir='ltr'>a</span> <span class='ocrx_word' id='word_1_501' title='bbox 2117 2952 2183 2985; x_wconf 90' lang='lat' dir='ltr'>quo</span> <span class='ocrx_word' id='word_1_502' title='bbox 2198 2943 2245 2976; x_wconf 86' lang='lat' dir='ltr'>in·</span> 
     </span>
     <span class='ocr_line' id='line_1_90' title="bbox 1219 2990 2244 3033; baseline -0.003 -8"><span class='ocrx_word' id='word_1_503' title='bbox 1219 2997 1325 3026; x_wconf 79' lang='lat' dir='ltr'>ventac</span> <span class='ocrx_word' id='word_1_504' title='bbox 1344 2995 1440 3026; x_wconf 82' lang='lat' dir='ltr'>etiam</span> <span class='ocrx_word' id='word_1_505' title='bbox 1462 2993 1644 3024; x_wconf 74' lang='lat' dir='ltr'>Liburnicae</span> <span class='ocrx_word' id='word_1_506' title='bbox 1670 3001 1788 3030; x_wconf 80' lang='lat' dir='ltr'>naves,</span> <span class='ocrx_word' id='word_1_507' title='bbox 1814 2994 1845 3023; x_wconf 86' lang='lat' dir='ltr'>et</span> <span class='ocrx_word' id='word_1_508' title='bbox 1873 2991 2047 3024; x_wconf 76' lang='lat' dir='ltr'>Liburnica</span> <span class='ocrx_word' id='word_1_509' title='bbox 2076 2990 2218 3033; x_wconf 76' lang='lat' dir='ltr'>mandya</span> <span class='ocrx_word' id='word_1_510' title='bbox 2232 3011 2244 3030; x_wconf 87' lang='grc'>,</span> 
     </span>
     <span class='ocr_line' id='line_1_91' title="bbox 1220 3039 1547 3082; baseline -0.009 -9"><span class='ocrx_word' id='word_1_511' title='bbox 1220 3041 1342 3082; x_wconf 84' lang='lat' dir='ltr'>species</span> <span class='ocrx_word' id='word_1_512' title='bbox 1355 3039 1547 3072; x_wconf 80' lang='lat' dir='ltr'>vestimenti.</span> 
     </span>
    </p>
   </div>
   <div class='ocr_carea' id='block_1_21' title="bbox 1261 3087 2053 3398">
    <p class='ocr_par' dir='ltr' id='par_1_35' title="bbox 1261 3087 2053 3398">
     <span class='ocr_line' id='line_1_92' title="bbox 1704 3087 1766 3122; baseline -0.016 0"><span class='ocrx_word' id='word_1_513' title='bbox 1704 3087 1727 3122; x_wconf 93' lang='lat'>6</span> <span class='ocrx_word' id='word_1_514' title='bbox 1759 3114 1766 3121; x_wconf 94' lang='lat'>.</span> 
     </span>
     <span class='ocr_line' id='line_1_93' title="bbox 1261 3093 1839 3184; baseline -0.007 -6"><span class='ocrx_word' id='word_1_515' title='bbox 1261 3148 1440 3184; x_wconf 82' lang='lat' dir='ltr'>Mentores,</span> <span class='ocrx_word' id='word_1_516' title='bbox 1457 3152 1535 3184; x_wconf 82' lang='lat' dir='ltr'>gens</span> <span class='ocrx_word' id='word_1_517' title='bbox 1554 3152 1654 3184; x_wconf 83' lang='lat' dir='ltr'>prope</span> <span class='ocrx_word' id='word_1_518' title='bbox 1669 3093 1839 3175; x_wconf 52' lang='lat' dir='ltr'>Libfirnos.</span> 
     </span>
     <span class='ocr_line' id='line_1_94' title="bbox 1262 3197 2053 3292; baseline -0.008 -9"><span class='ocrx_word' id='word_1_519' title='bbox 1262 3249 1437 3292; x_wconf 78' lang='lat' dir='ltr'>Hytbmitae</span> <span class='ocrx_word' id='word_1_520' title='bbox 1449 3272 1458 3288; x_wconf 90' lang='lat'><strong><em>‚</em></strong></span> <span class='ocrx_word' id='word_1_521' title='bbox 1483 3257 1561 3288; x_wconf 81' lang='lat' dir='ltr'>gens</span> <span class='ocrx_word' id='word_1_522' title='bbox 1578 3257 1675 3289; x_wconf 75' lang='lat' dir='ltr'>prope</span> <span class='ocrx_word' id='word_1_523' title='bbox 1689 3197 1850 3279; x_wconf 51' lang='lat' dir='ltr'>ggsnrnos</span> <span class='ocrx_word' id='word_1_524' title='bbox 1866 3249 1897 3279; x_wconf 86' lang='lat' dir='ltr'>et</span> <span class='ocrx_word' id='word_1_525' title='bbox 1914 3246 2053 3287; x_wconf 84' lang='lat' dir='ltr'>Syopios</span> 
     </span>
     <span class='ocr_line' id='line_1_95' title="bbox 1265 3302 1873 3398; baseline -0.008 -9"><span class='ocrx_word' id='word_1_526' title='bbox 1265 3356 1392 3398; x_wconf 66' lang='lat' dir='ltr'>Syopii‚</span> <span class='ocrx_word' id='word_1_527' title='bbox 1411 3355 1548 3397; x_wconf 87' lang='lat' dir='ltr'>populus</span> <span class='ocrx_word' id='word_1_528' title='bbox 1566 3302 1873 3387; x_wconf 43' lang='lat' dir='ltr'>Liburngzicinus.</span> 
     </span>
    </p>
   </div>
  </div>
 </body>
</html>
