2320 3684
138 195 209 227 220

217 275 332 311 Λαΐδος
341 284 349 291 ·
367 275 404 312 ἢν
422 274 590 306 ἐτέκνωσεν
606 273 707 316 Ἔρως
717 296 726 312 ,
740 273 846 315 θρέψεν
854 273 887 304 δὲ
899 271 1059 315 Κόρινθος,

258 323 366 353 Κεῖται
382 322 407 353 δ’
426 322 456 353 ἐν
469 323 597 357 κλεινοῖς
608 321 805 356 Θετταλικοῖς
816 319 944 356 πεδίοις.

140 395 472 448 Αὖτοσχεδιάζουσιν
490 390 547 433 οὖν
569 397 599 432 οἱ
618 393 777 446 λέγοντες
796 393 904 441 αὐτὴν
940 395 974 432 ἐν
1013 392 1173 447 Κορίνθῳ

133 453 304 508 τετάφθαι
321 454 406 507 πρὸς
423 456 474 506 τῷ
493 452 646 506 Κρανίῳ.

190 515 320 554 Verba
339 517 560 567 ἀναιρεθῆναι
581 513 726 567 φάσκων
745 512 853 560 αὐτὴν
883 522 970 561 etc.,
997 513 1174 564 quamvis

142 588 212 626 per
229 574 414 612 orationis
440 580 671 610 structuram
696 574 807 610 etiam
833 573 881 610 ad
903 572 1087 610 Timaeum
1114 585 1176 609 re—

140 633 230 671 ferri
250 632 409 683 possint,
425 632 550 682 aptius
565 639 690 668 tamen
704 639 892 682 putantur
904 644 952 668 ex
970 631 1175 668 Polemone

140 692 260 743 petita
273 704 368 738 esse,
381 691 527 742 quippe
547 704 644 740 quae,
658 691 716 727 uti
735 691 891 728 Preller.
910 704 947 741 p.
970 690 1018 737 75
1036 689 1172 726 obser-

140 758 217 796 vat,
231 750 463 800 periegetam
474 763 548 800 prae
564 763 603 786 se
617 749 743 787 ferant
751 763 798 787 ex
805 748 1062 786 monumentis
1076 748 1177 784 loco-

140 821 226 846 rum
239 808 435 846 historiam
443 808 693 846 illustrantem
702 823 712 855 ;
725 816 857 846 contra
867 807 942 845 illis
950 806 1177 858 αὐτοσχεδιά-

141 866 463 920 ζουσιν-Κρανίῳ
473 867 607 905 Timaei
624 867 757 918 opinio
786 867 990 918 perstringi
1010 865 1174 904 videtur.

195 930 254 964 De
271 927 390 964 Laide
408 927 592 976 Hyccaris
615 935 727 977 capta
743 940 780 964 v.
795 926 941 964 Philist.
959 925 1004 962 fr.
1026 926 1061 968 5,
1082 926 1172 963 Plu-

145 985 265 1022 tarch.
287 986 369 1024 Nic.
389 999 420 1022 c.
448 987 492 1023 15
513 994 628 1036 extr„
646 989 806 1023 Pausan.
828 988 879 1031 ΙΙ,
899 998 934 1022 2.

613 1049 704 1089 106.

197 1117 381 1167 Stephan.
426 1120 541 1166 Byz.:
566 1115 777 1169 Εὐκαρπία,
809 1116 932 1167 δῆμος,
955 1117 1017 1162 τῆς
1050 1120 1176 1167 μικρᾶς

144 1175 318 1228 Φρυγίας.
395 1174 502 1214 Ἔστι
521 1174 580 1213 καὶ
601 1174 793 1228 Εὒκαρπία
822 1173 984 1228 φρούριον
1014 1172 1176 1215 Σικελίας

144 1235 180 1272 ἐν
199 1240 270 1277 τοῖς
289 1233 489 1285 λεγομένοις
515 1232 691 1284 Τιμαίοις.
720 1232 790 1271 Καὶ
811 1231 971 1284 γενέσθαι
996 1228 1112 1271 Λαίδα
1138 1232 1173 1269 ἐν

144 1292 275 1345 τούτῳ,
291 1291 355 1339 τὴν
377 1292 434 1330 ἐπὶ
450 1291 572 1330 κάλλει
592 1289 871 1341 διαὸεὸλημένην
893 1290 1046 1343 ἑταίραν,
1071 1290 1115 1336 ἣν
1144 1291 1176 1328 οἱ

144 1351 267 1390 πολλοὶ
287 1350 472 1404 Κορινθίαν
491 1350 586 1404 φασί.
607 1348 677 1388 ιῊν
711 1349 789 1388 οὐδὲ
809 1345 924 1388 Λαίδα
942 1347 1033 1392 τινὲς
1050 1348 1176 1400 λέγου-

146 1426 216 1460 σιν,
236 1409 327 1448 ἀλλὰ
357 1406 493 1457 Ναίδα,
529 1408 588 1446 καὶ
624 1406 834 1461 Ὑκκαρικὸν
872 1406 1101 1461 ἀνδράποδον,
1131 1409 1177 1451 ὡς

147 1467 313 1511 Συνέσιος
330 1469 365 1506 ἐν
383 1468 563 1518 ἐπιστολῇ.

199 1527 406 1573 Berkelius,
419 1526 481 1563 cui
501 1525 753 1575 adstipulatur
764 1523 920 1562 Jacobs.
938 1524 976 1561 in
989 1527 1087 1562 Mus.
1098 1528 1173 1561 Att.

147 1594 238 1623 tom.
260 1589 331 1633 ΙΙΙ,
358 1585 448 1623 fasc.
485 1597 520 1630 2,
544 1597 581 1634 p.
604 1584 680 1620 225
706 1596 777 1634 sq.‚
815 1584 1053 1634 Stephanum
1083 1582 1176 1620 dicit

145 1645 356 1695 depravato
379 1643 508 1681 Timaei
522 1642 653 1679 codice
671 1655 782 1679 usum
796 1655 889 1688 esse,
904 1642 943 1679 in
962 1655 1040 1692 quo
1066 1642 1174 1692 lege-

146 1702 262 1740 batur
283 1700 466 1754 Εὗκαρπία
488 1714 559 1751 pro
579 1699 756 1752 ‘'Yxxotpot.
777 1700 884 1738 Idem
900 1699 1017 1737 verba
1041 1700 1075 1737 ἐν
1103 1705 1175 1744 τοῖς

145 1759 343 1812 λεγομένοις
358 1758 523 1811 Τιμαίοις
535 1758 713 1809 explicat,
730 1759 840 1809 quasi
853 1760 1041 1809 scriptum
1059 1767 1174 1796 esset:

146 1820 181 1857 ἐν
199 1825 271 1864 τοῖς
285 1818 484 1870 λεγομένοις
499 1821 560 1856 τοῦ
578 1817 734 1868 Τιμαίου
751 1819 914 1869 ἱστοριῶν
936 1816 1092 1869 βιὸλίοις.

623 1881 710 1921 107.

200 1949 404 1986 Athenaeus
426 1951 512 1995 Vll,
537 1961 600 1994 22,
616 1961 653 1998 p.
677 1948 766 1994 327‚
784 1950 812 1984 B
828 1961 836 1984 :
851 1945 1001 1995 Τίμαιος
1021 1946 1050 1983 δ’
1065 1947 1100 1983 ἐν
1129 1948 1173 1998 τῇ

147 2006 416 2060 τρισκαιδεκάτῃ
434 2008 503 2044 τῶν
518 2005 695 2057 Ἱστοριῶν
716 2004 795 2058 περὶ
814 2008 875 2043 τοῦ
897 2006 1082 2043 Σικελικοῦ
1107 2020 1174 2043 πο-

147 2065 282 2119 λιχνίου
303 2064 409 2117 (λέγω
427 2063 462 2102 δὲ
479 2066 548 2102 τῶν
567 2063 767 2117 Ὑκκάρων)
788 2061 1046 2114 διαλεγόμενος,
1065 2079 1175 2116 προσ-

149 2123 378 2177 αγορευθῆναί
394 2138 481 2177 φησι
506 2122 547 2161 τὸ
565 2122 746 2174 πολίχνιον
770 2121 827 2160 διὰ
848 2121 888 2160 τὸ
915 2120 994 2166 τοὺς
1018 2120 1174 2175 πρώτους

147 2184 215 2219 τῶν
243 2180 434 2235 ἀνθρώπων
460 2179 619 2224 ἐλθόντας
645 2180 702 2218 ἐπὶ
727 2180 786 2218 τὸν
807 2179 912 2218 τόπον
932 2181 1029 2231 ἰχθῦς
1064 2182 1172 2233 εὑρεῖν

148 2239 226 2283 τοὺς
244 2239 479 2290 καλουμένους
499 2238 626 2287 ῧκκας,
644 2238 703 2276 καὶ
720 2237 863 2282 τούτους
879 2237 1038 2290 ἐγκύους·
1054 2239 1098 2277 δι’
1117 2237 1175 2282 οὓς

147 2291 415 2343 οἰωνισαμένους
429 2291 609 2345 ζΎκκοιρον
624 2291 796 2343 ὀνομάσαι
816 2291 855 2329 τὸ
874 2291 1015 2344 χωρίον.

148 2405 273 2444 Impiae
307 2405 454 2436 Veneris.
527 2405 632 2440 Quare
646 2403 819 2443 nugantur,
851 2403 907 2443 qui
941 2402 1088 2434 Corinthi
1107 2411 1179 2434 eam

148 2459 247 2492 prope
261 2452 424 2483 craneum
446 2450 604 2490 sepultam
620 2450 741 2482 dicunt.

623 2504 708 2536 106.

193 2556 370 2597 Eucarpia,
405 2564 506 2597 pagus
539 2555 671 2587 minoris
696 2555 895 2595 Phrygiae...
919 2557 977 2586 Est
998 2555 1095 2586 etiam
1119 2557 1179 2587 Eu-

151 2604 261 2645 carpia
277 2603 392 2635 Siciliae
408 2602 586 2641 castellum,
603 2604 733 2634 auctore
750 2602 872 2633 Timaeo
889 2602 921 2633 in
941 2604 968 2633 Η
973 2602 1102 2640 istoria;
1122 2602 1178 2634 ubi

152 2654 229 2684 nata
242 2651 304 2683 suit
319 2650 404 2689 Lais,
422 2649 628 2682 celeberrima
643 2649 698 2680 illa
711 2649 753 2681 ob
767 2649 909 2689 corporis
926 2649 1064 2680 sormam
1081 2657 1178 2681 mere·
1202 2647 1208 2685 ῐ

151 2699 215 2730 trix
226 2722 234 2737 ‚
248 2706 348 2738 quam
365 2699 470 2728 tamen
496 2696 628 2737 plurimi
643 2695 846 2729 Corinthiam
864 2696 993 2727 vocant.
1016 2697 1107 2727 Hanc
1124 2695 1177 2727 alii

151 2794 187 2823 ut
202 2793 356 2833 synesius
372 2791 404 2822 in
419 2790 575 2831 Epistola.

191 2886 334 2917 Timaeus
347 2887 468 2924 autem,
486 2885 611 2917 decimo
628 2883 722 2917 tertio
735 2883 952 2923 Historiarum
965 2883 1059 2922 libro,
1075 2883 1116 2915 de
1133 2882 1177 2914 Si-

151 2933 235 2964 ciliae
248 2932 403 2973 oppidulo
414 2932 513 2963 verba
529 2932 648 2964 faciens
665 2933 821 2972 (Hyccara
833 2929 988 2971 oppidum
1005 2930 1104 2969 dico),
1124 2938 1177 2960 no·

158 2988 232 3011 men
245 2979 404 3011 invenisse
420 2979 464 3010 ait
476 2979 632 3020 oppidum
648 2988 688 3010 ex
703 2987 754 3018 eo,
767 2977 867 3018 quod,
886 2977 941 3018 qui
955 2977 1049 3018 primi
1063 2979 1177 3008 morta.

154 3025 232 3056 lium
248 3026 282 3056 in
298 3034 372 3057 eum
385 3026 491 3057 locum
507 3026 682 3065 venissent,
699 3025 803 3066 pisces
818 3024 862 3056 ibi
881 3023 1103 3062 offendissent,
1119 3022 1176 3063 qui

152 3072 265 3111 hyccoe
278 3075 445 3111 vocantur,
458 3081 578 3113 eosque
589 3075 790 3114 praegnantes
804 3081 812 3103 ε
827 3080 926 3112 quam
933 3079 999 3103 rem
1013 3071 1059 3102 illi
1074 3070 1108 3102 in
1122 3078 1176 3102 au·

153 3118 281 3158 gurium
295 3122 466 3158 vertentes,
483 3120 620 3160 Hyccari
634 3128 752 3151 nomen
769 3119 965 3159 imposuisse
980 3118 1063 3150 loco.

499 3178 673 3228 [LIBER
703 3177 830 3228 xiv.]

622 3255 707 3288 108.

195 3309 386 3341 Universum
395 3311 582 3342 Hannibalis
588 3312 764 3343 exercitum
775 3312 916 3344 'timavus
927 3321 991 3344 non
1002 3311 1103 3344 multo
1114 3311 1178 3352 plu-

152 3365 204 3389 res
213 3359 340 3388 centuni
353 3357 495 3388 millibus
507 3358 603 3389 t'uissc
613 3358 719 3389 tradit.

930 185 1098 224 TIMAEI
1126 185 1460 225 FRAGMENTA.

1580 272 1755 324 [Lissa
1784 273 1911 322 xm]

1286 385 1401 423 Diod.
1422 388 1533 430 XIII,
1559 385 1605 429 54
1625 332 1861 430 :Halriiigibah
1885 383 2046 421 advecta
2079 375 2196 422 classe
2219 393 2258 422 et

1235 444 1418 493 expositis
1441 444 1577 494 copiis,
1598 443 1741 480 bellum
1762 443 1801 480 in
1827 442 1955 480 Sicilia
1977 451 2100 492 urget,
2130 435 2204 494 εἶχε
2221 442 2258 480 δὲ

1233 502 1312 547 τοὺς
1325 503 1550 555 σύμπαντας,
1581 506 1627 547 ὡς
1654 503 1716 555 μὲν
1739 502 1895 557 Ἔφορος
1923 501 2115 556 ἀνέγραψε,
2145 505 2258 548 πεζῶν

1235 562 1405 616 μυριάδας
1422 562 1564 612 εἴκοσιν,
1585 565 1702 605 ἱππεῖς
1715 561 1751 600 δὲ
1771 560 2087 614 τετρακισχιλίους·
2105 564 2123 599 ὁ
2143 559 2179 599 δὲ
2197 561 2259 601 Τί-

1236 620 1336 671 μαιός
1356 637 1473 672 φησιν,
1490 624 1529 660 οὐ
1542 623 1662 674 πολλῷ
1678 621 1815 664 πλείους
1830 623 1899 658 τῶν
1915 619 1999 658 δέκα
2016 619 2205 673 μυριάδων.

1288 727 1394 765 Idem
1407 727 1500 765 ibid.
1524 742 1553 764 c.
1581 729 1653 765 60:
1675 675 1850 765 Hliiiizraei
1886 725 2260 776 Carthaginiensium

1235 784 1374 828 πλείους
1393 787 1526 824 ἀνεῖλον
1551 788 1620 824 τῶν
1638 785 1896 838 ἑξακισχιλίων,
1916 787 1962 828 ὡς
1979 783 2149 835 Τίμαιος,
2164 786 2211 828 ὡς
2231 785 2262 823 δ’

1234 841 1387 896 Ἔφορός
1403 859 1510 895 φησι,
1528 843 1730 897 δισμυρίων.

1613 956 1779 1051 LIBERO
1796 957 1879 995 XV.

1705 1016 1718 1052 l
1733 1016 1745 1051 l
1783 1044 1790 1052 .

1289 1067 1396 1104 Idem
1410 1066 1503 1105 ibid.
1519 1081 1552 1105 c.
1573 1069 1642 1105 80:
1656 1067 1845 1105 Hannibal
1859 1081 1946 1105 cum
1962 1068 2144 1106 Imilcone
2158 1068 2262 1105 socio

1237 1124 1309 1162 sibi
1340 1125 1522 1175 adjuncto
1551 1139 1692 1162 novam
1722 1127 1762 1162 in
1782 1126 1946 1163 Siciliam
1979 1125 2263 1176 expeditionem

1236 1192 1365 1234 parat3
1383 1185 1465 1222 Τῶν
1488 1183 1668 1234 δυνάμεων
1690 1186 1934 1237 ἀθροισθεισῶν
1961 1186 2008 1228 εἷς
2026 1182 2239 1238 Καρχηδόνα
2251 1214 2262 1232 ,

1235 1241 1460 1294 συνήχθησαν
1478 1243 1594 1285 αὐτοῖς
1613 1244 1644 1279 οἱ
1657 1242 1786 1285 πάντες
1803 1242 1867 1281 σὺν
1881 1245 2059 1291 ἱππεῦσιν,
2090 1245 2127 1281 οὐ
2142 1243 2264 1296 πολλῷ

1235 1300 1373 1344 πλείους
1386 1331 1395 1349 ,
1413 1302 1458 1344 ὡς
1479 1299 1542 1351 μὲν
1562 1299 1713 1351 Τίμαιος
1725 1331 1735 1348 ,
1754 1303 1823 1339 τῶν
1856 1301 1989 1340 δώδεκα
2005 1300 2195 1354 μυριάδων,
2216 1302 2264 1344 ὡς

1236 1359 1265 1396 δ’
1289 1358 1460 1412 Ἔφορος,
1479 1358 1666 1413 τριάκοντα
1686 1359 1877 1412 μυριάδων.

1710 1413 1725 1449 1
1738 1413 1752 1449 1
1766 1413 1795 1448 l.

1288 1465 1395 1503 Idem
1413 1464 1505 1502 ibid.
1527 1466 1597 1503 83:
1618 1464 1663 1503 Ὁ
1689 1462 1725 1502 δὲ
1744 1466 1814 1503 τῶν
1839 1464 2117 1518 Ἀκραγαντίνων
2138 1464 2262 1516 σχεδὸν

1235 1522 1496 1566 πλουσιώτατος
1516 1517 1556 1570 ἦν
1574 1522 1652 1560 κατ’
1673 1524 1801 1562 ἐκεῖνον
1820 1522 1879 1561 τὸν
1899 1522 2022 1576 χρόνον
2042 1525 2071 1563 Γ
2073 1522 2208 1572 ελλίας,
2228 1522 2264 1566 ὃς

1234 1580 1325 1619 κατὰ
1360 1579 1423 1628 τὴν
1461 1580 1573 1619 οἰκίαν
1595 1579 1740 1625 ξενῶνας
1768 1579 1859 1633 ἔχων
1879 1580 2036 1629 πλείους,
2069 1580 2155 1634 πρὸς
2188 1586 2264 1624 ταῖς

1234 1638 1361 1683 πύλαις
1375 1638 1514 1678 ἔταττεν
1533 1638 1685 1686 οἰκέτας,
1706 1634 1756 1683 οἷς
1773 1639 2062 1692 παρηγγελμένον
2079 1634 2122 1687 ἦν
2143 1639 2263 1678 ἅπαν-

1235 1715 1297 1742 τας
1315 1698 1394 1742 τοὺς
1408 1698 1522 1743 ξένους
1541 1699 1660 1736 καλεῖν
1680 1698 1737 1736 ἐπὶ
1755 1698 1856 1751 ξενίᾳ.
1877 1698 2010 1737 Πολλοὶ
2043 1697 2079 1736 δὲ
2105 1698 2164 1736 καὶ
2189 1700 2260 1736 τῶν

1235 1757 1351 1796 ἄλλων
1385 1755 1660 1811 Ἀκραγαντίνων
1695 1757 1832 1795 ἐποίουν
1860 1756 1900 1794 τὸ
1918 1756 2176 1810 παραπλήσιον,
2197 1759 2263 1810 ἀρ-

1233 1818 1368 1867 χαϊκῶς
1381 1815 1439 1854 καὶ
1458 1814 1709 1870 φιλανθρώπως
1725 1817 1934 1866 ὁμιλοῦντες.
1950 1814 2080 1868 Διόπερ
2097 1815 2156 1853 καὶ
2171 1815 2263 1866 Ἔμ-

1233 1875 1404 1921 πεδοκλῆς
1423 1873 1516 1925 λέγει
1532 1874 1611 1927 περὶ
1633 1875 1746 1912 αὐτῶν
1758 1889 1765 1896 ·

1317 1943 1433 1975 Ξείνων
1447 1945 1557 1976 αἰδοῖοι
1571 1944 1700 1985 λιμένες,
1716 1942 1887 1980 κακότητος
1901 1941 2032 1984 ἄπειροι.

1236 1995 1307 2034 Καὶ
1327 1995 1455 2043 δήποτε
1477 1995 1717 2034 πεντακοσίων
1747 1994 1881 2033 ἱππέων
1906 1993 2199 2047 παραγενομένων
2223 1995 2263 2033 ἔκ

1235 2054 1367 2100 Γέλας,
1385 2054 1563 2109 χειμερίου
1596 2053 1833 2109 περιστάσεως
1853 2053 1975 2102 οὔσης,
1995 2051 2152 2107 καθάπερ
2176 2051 2260 2106 φησὶ

1234 2114 1384 2165 Τίμαιος
1406 2116 1440 2152 ἐν
1458 2117 1501 2166 τῇ
1520 2113 1813 2165 πεντεκαιδεκάτῃ
1836 2111 1960 2166 βίὸλῳ,
1980 2112 2114 2156 πάντας
2139 2111 2262 2155 αὐτοὺς

1234 2172 1442 2222 ὑπεδέξατο,
1455 2173 1515 2212 καὶ
1534 2175 1755 2226 παραχρῆμα
1770 2178 1876 2210 πᾶσιν
1894 2171 2018 2222 ἱμάτια
2034 2171 2093 2209 καὶ
2112 2173 2263 2224 χιτῶνας

1234 2230 1366 2270 ἔνδοθεν
1389 2231 1602 2285 προενέγκας
1630 2231 1748 2271 ἔδωκε.
1779 2232 1834 2271 Cs.
1854 2232 1976 2270 Valer.
2002 2234 2105 2269 Max.
2124 2234 2188 2279 lv,
2223 2233 2260 2278 8,

1235 2292 1441 2329 Athenaeus
1466 2295 1499 2338 Ι,
1517 2293 1552 2328 3.

1709 2409 1793 2441 109.

1278 2454 1429 2487 Himeraei
1443 2454 1757 2495 Carthaginiensium
1772 2462 1870 2494 supra
1879 2461 1934 2485 sex
1948 2452 2061 2492 millia,
2073 2454 2111 2484 ut
2119 2452 2261 2484 Timaeos
2311 2446 2314 2447 ⁷

1235 2502 1290 2536 ait,
1303 2501 1480 2534 secundum
1496 2501 1664 2542 Ephorum
1680 2510 1757 2533 vero
1785 2499 1896 2542 viginti
1916 2500 2016 2532 millia
2042 2499 2257 2532 trucidarunt.

1652 2552 1850 2566 *⁴000*—

1612 2595 1778 2686 LIBlilan
1792 2594 1876 2634 XV.

1275 2700 1338 2732 Ubi
1361 2701 1463 2741 copiae
1483 2700 1711 2741 Carthaginem
1736 2698 1957 2731 confluxerant
1971 2723 1980 2739 ,
2006 2706 2119 2730 omnes
2134 2697 2259 2730 collecti

150 2754 215 2777 non
227 2744 336 2783 Laida,
344 2744 398 2776 sed
416 2743 516 2776 Naida
528 2743 699 2785 appellant,
707 2745 739 2775 et
746 2742 958 2783 Hyccaricum
966 2742 1175 2782 mancipium,
1233 2756 1308 2778 cum
1318 2747 1480 2787 equitibus
1490 2757 1554 2778 non
1563 2748 1666 2779 multo
1676 2746 1783 2787 plures
1790 2749 1891 2785 erant,
1901 2745 2080 2779 secundum
2087 2745 2259 2785 Timaeum,
2315 2751 2320 2774 ζ

1233 2797 1362 2826 centum
1385 2796 1416 2826 et
1433 2794 1548 2834 viginti
1565 2794 1749 2873 milli-busil

1762 2842 1793 2873 1.

2288 2645 2318 2683 ⁶5.

1278 2887 1466 2919 Ditissimus
1479 2896 1556 2920 vero
1571 2887 1717 2919 omnium
1731 2886 1815 2918 inter
1828 2886 2052 2927 Agrigentinos
2065 2894 2104 2918 eo
2117 2887 2260 2926 tempore
2303 2877 2307 2884 ’

1233 2934 1353 2967 Gellias
1369 2936 1448 2967 erat.
1464 2937 1496 2966 ls
1510 2934 1731 2975 compluribus
1748 2933 1836 2965 domi
1852 2942 1920 2965 suae
1945 2932 2136 2965 deversoriis
2149 2932 2192 2964 ad
2204 2940 2258 2964 ex·
2289 2927 2320 2963 21?

1236 2981 1400 3022 cipiendos
1415 2981 1558 3022 hospites
1573 2981 1765 3016 exstructis,
1787 2980 1828 3011 ad
1841 2981 1952 3020 portas
1969 2980 2125 3020 janitores
2139 2978 2257 3011 consti·
2299 2988 2306 2996 -’

1233 3029 1316 3068 tuit,
1329 3028 1448 3069 quibus
1461 3028 1652 3069 imperatum
1666 3028 1746 3067 emt,
1763 3030 1799 3059 ut
1812 3035 2024 3067 quoscunque
2041 3025 2187 3058 viderent
2204 3024 2256 3057 ad-

1232 3084 1342 3114 venas,
1359 3075 1400 3106 ad
1415 3074 1591 3116 hospitium
1608 3074 1793 3106 invitarent.
1807 3073 1903 3110 Quod
1917 3073 2016 3105 etiam
2041 3072 2092 3104 alii
2109 3072 2256 3113 Agrigm·

1232 3122 1290 3153 tini
1318 3122 1433 3154 imitati
1454 3124 1551 3160 sunt,
1580 3121 1699 3162 quibus
1718 3119 1824 3161 prisco
1839 3128 1928 3151 more
1949 3119 2132 3151 humaniter
2153 3120 2187 3151 et
2204 3117 2256 3150 be-

1232 3169 1326 3209 nigne
1354 3178 1428 3201 cum
1458 3167 1645 3200 hominibus
1673 3167 1823 3200 versandi
1851 3166 1994 3198 studium
2020 3168 2098 3198 erat.
2116 3163 2258 3204 contigit

1232 3218 1338 3248 autem
1359 3215 1588 3256 aliquand0,ut
1607 3214 1773 3255 quingenti
1787 3214 1993 3254 illucequites
2001 3213 2256 3252 hibernatempff
2274 3211 2304 3218 ‘

2280 3232 2294 3239 ψ

1233 3265 1325 3303 state,
1338 3266 1373 3295 ut
1382 3263 1523 3295 Timacus
1533 3262 1614 3294 libro
1620 3260 1861 3302 quintodecimo
1871 3262 2039 3300 memorat,
2049 3258 2255 3292 diverterent.

1233 3312 1300 3343 Hos
1319 3319 1433 3342 omnes
1449 3309 1620 3341 liberaliter
1638 3309 1692 3341 ille
1705 3308 1869 3348 suscepit,
1887 3311 1919 3340 et
1937 3307 2108 3340 confestim
2123 3305 2255 3346 singulis

1234 3357 1420 3398 chlamydes
1438 3356 1626 3396 tunicasque
1640 3364 1678 3387 ex
1696 3355 1778 3387 arcis
1797 3355 1983 3395 depromtas
1994 3377 2003 3392 ,
2020 3352 2193 3386 distribuit.
