2320 3684
141 216 215 251 262

432 293 585 332 LIBER
622 289 870 330 OCTAVUS.

605 372 694 410 100.

192 446 494 498 Harpocration:
514 443 739 497 Εὖρυὸάτης,
763 441 931 494 Αἰσχίνης
949 440 1040 479 κατὰ
1062 442 1166 487 Κτη-

141 508 297 559 σιφῶντα
329 505 383 555 (p.
417 503 523 553 293).
612 499 763 555 ’Ἔφορος
780 502 815 538 ἐν
845 503 890 553 τῇ
918 501 1021 551 ὀγδοῇ
1046 500 1165 553 Εὔρυ-

139 564 251 611 &dvm
278 563 381 616 φησὶν
403 561 510 614 ἄνδρα
526 559 691 614 Ἐφέσιον
709 558 864 597 λαὸόντα
884 558 1053 612 χρήματα
1071 557 1168 610 παρὰ

140 622 292 676 Κροίσου
317 621 409 659 ὥστε
433 618 600 674 στρατιὰν
633 624 839 670 συναγαγεῖν
862 620 909 662 εἷς
928 617 987 656 τὸν
1014 615 1166 668 πόλεμον

140 682 198 721 τὸν
216 684 262 725 εἷς
279 681 358 724 τοὺς
377 679 537 734 Πέρσας,
559 669 633 717 εἶτα
651 677 823 733 προδότην
845 677 1029 730 γενόμενον
1047 678 1166 730 ἔγχει·-

142 742 236 794 ρίσαι
252 740 296 778 τὰ
313 738 455 778 δοθέντα
475 739 644 792 χρήματα
660 740 711 791 τῷ
729 737 848 791 Κύρῳ.

195 818 211 834 «ι
233 799 375 837 Eadem
414 799 520 845 fere,
564 797 721 835 laudato
755 805 821 835 aut
858 809 1067 847 suppresso
1095 809 1167 833 au—

143 867 262 906 ctore,
297 866 454 895 narrant
473 854 632 904 suidas,
649 855 874 907 Apostolius
900 858 971 903 IX,
997 856 1044 893 33
1059 884 1070 902 ‚
1095 855 1168 892 Ul-

141 917 244 968 pian.
282 916 330 954 ad
357 915 557 954 Demosth.
584 929 622 966 p.
654 916 755 963 137„
780 914 956 952 Eustatli.
983 913 1031 951 ad
1054 916 1168 950 Hom.

142 989 181 1027 p.
226 975 322 1020 1864
349 979 478 1023 Rom„
504 973 676 1013 Eudocia
711 987 750 1025 p.
788 974 879 1021 161,
905 972 1069 1010 Diodori
1087 975 1170 1010 Ex-

143 1042 282 1084 cerptt.
310 1042 336 1072 t.
363 1037 430 1080 IV,
457 1047 495 1085 p.
534 1034 598 1081 48,
624 1032 719 1083 ibiq.
745 1032 920 1079 Wessel„
945 1031 1172 1069 Schol.Ari-

145 1091 231 1129 stid.
271 1100 297 1129 t.
325 1095 377 1140 11,
416 1106 455 1143 p.
497 1092 600 1140 310„
626 1091 754 1129 Schol.
785 1091 943 1128 Lucian.
970 1089 1170 1127 Pseudom.

144 1163 183 1201 p.
210 1152 260 1188 66
286 1151 387 1202 Bip.,
412 1154 505 1188 Lex.
527 1150 696 1201 Seguier.
722 1150 762 1187 in
783 1148 943 1186 Bekkeri
973 1145 1171 1185 Anecdott.

145 1212 212 1246 Gr.
228 1221 313 1260 pag.
340 1211 386 1256 67
403 1218 442 1247 et
477 1210 563 1258 168,
578 1209 704 1247 Schol.
729 1211 963 1257 Hermogen.
977 1206 1018 1242 in
1029 1204 1174 1242 Reiskii

145 1270 269 1305 Oratt.
297 1272 363 1306 Gr.
391 1276 417 1306 t.
443 1271 546 1317 VIII,
572 1282 611 1319 p.
636 1273 710 1317 9²4
739 1280 818 1316 seq.
833 1283 848 1299 υ
873 1267 1005 1302 Marx.

618 1343 703 1381 lOl.

199 1409 394 1460 Diogenes
430 1408 607 1446 Laertius
647 1412 678 1456 I,
724 1413 795 1452 40:
822 1404 976 1458 Ἔφορος
1007 1402 1044 1441 δὲ
1079 1402 1177 1456 παρὰ

147 1466 290 1521 Κροίσῳ
331 1466 423 1513 πλὴν
486 1468 608 1506 Θαλοῦ
669 1474 818 1517 septem
861 1463 1084 1502 convenisse
1116 1476 1177 1500 sa-

147 1527 298 1577 pientes
323 1526 452 1564 tradit.
468 1523 813 1578 Ι1)ἰι10111;”Εφορος
844 1523 872 1561 δ’
899 1521 975 1560 ἀντὶ
1007 1519 1180 1563 Μύσωνος

148 1582 360 1639 Ἀνάχαρσιν
421 1586 460 1622 in
509 1593 657 1635 septem
713 1582 944 1634 sapientium
1017 1592 1179 1617 numero

148 1645 276 1686 habet.
291 1644 345 1683 Cf.
362 1645 495 1695 fragm.
512 1657 557 1690 77
575 1651 613 1680 et
645 1643 707 1690 78,
732 1641 894 1679 Diodor.
915 1642 1007 1677 Exc.
1026 1641 1096 1676 IX.
1139 1650 1178 1688 p.

151 1710 197 1749 24
218 1706 318 1756 Rip„
344 1706 435 1740 Exc.
458 1705 542 1740 Vat.
570 1715 609 1752 p.
641 1706 686 1745 14
715 1714 772 1751 sq.

625 1771 710 1809 102.

204 1844 411 1881 Athenaeus
434 1846 526 1890 XII,
549 1856 587 1893 p.
620 1839 710 1888 515,
724 1841 755 1878 E
776 1854 784 1876 :
803 1837 910 1878 Λυδοὶ
925 1839 972 1880 εἷς
1018 1839 1181 1874 τοσοῦτον

150 1892 255 1950 ἦλθον
293 1904 436 1955 τρυφῆς,
462 1903 507 1944 ὡς
531 1900 590 1939 καὶ
621 1902 754 1951 πρῶτοι
773 1903 938 1949 γυναῖκας
965 1895 1184 1948 εὐνουχίσαι,

151 1963 198 2004 ὡς
219 1963 349 2013 ἱστορεῖ
380 1960 516 2003 Ξάνθος
534 1962 552 1998 ὃ
571 1958 683 2002 Λυδὸς
706 1957 729 2004 ἢ
758 1961 776 1996 ὃ
807 1958 854 2000 εἷς
881 1954 984 1994 αὐτὸν
1005 1954 1067 1998 τὰς
1093 1955 1182 1992 ἀνα-

153 2019 346 2074 φερομένας
367 2018 520 2073 ἱστορίας
550 2016 799 2071 συγγεγραφὼς
825 2014 1004 2058 Διονύσιος
1035 2016 1054 2052 ὁ
1085 2014 1183 2051 Σκυ-

154 2078 365 2133 θοὸραχίων,
392 2081 440 2122 ὡς
460 2076 635 2131 Ἀρτέμων
663 2076 766 2131 φησὶν
787 2078 805 2114 ὃ
826 2071 1050 2126 Κασανδρεὺς
1072 2073 1107 2110 ἓν
1137 2073 1186 2123 τῷ

153 2138 233 2191 περὶ
271 2140 475 2189 συναγωγῆς
520 2136 664 2189 βιὸλίων
679 2166 689 2185 ,
720 2137 853 2187 ἀγνοῶν
891 2133 944 2172 ὅτι
982 2128 1135 2184 Ἔφορος
1169 2132 1187 2167 ὃ

156 2196 372 2251 συγγραφεὺς
386 2195 598 2248 μνημονεύει
616 2197 720 2234 αὐτοῦ
749 2197 796 2238 ὣς
818 2190 1052 2245 παλαιοτέρου
1071 2189 1187 2236 ὄντος,

155 2256 215 2294 καὶ
237 2255 415 2309 Ἡροδότῳ
433 2255 494 2299 τὰς
511 2254 672 2309 ἀφορμὰς
695 2252 893 2296 δεδωκότος.

917 200 1110 240 EPHORI
1139 197 1474 238 FRAGMENTA.

1555 282 1713 370 LIBERl
1720 279 1919 369 OIZONUS.

1279 395 1406 434 Schol.
1434 394 1562 446 Apoll.
1587 393 1661 431 Rli.
1689 396 1739 440 ΙΙ,
1765 394 1839 441 967
1862 406 1870 428 :
1897 387 2047 444 Ἔφορος
2075 389 2107 428 δ’
2123 391 2158 428 ἐν
2193 390 2253 428 ἐν-

1225 453 1320 507 νάτῳ
1352 453 1436 507 φησὶ
1468 452 1530 496 τὰς
1555 450 1745 502 Ἀμαζόνας
1770 448 1997 503 ὑδριζομένας
2015 446 2083 486 ὑπὸ
2103 451 2173 487 τῶν
2193 450 2254 486 ἀν·-

1227 513 1331 566 δρῶν,
1348 510 1552 558 ἐξελθόντων
1570 511 1684 548 αὐτῶν
1713 509 1771 547 ἐπί
1793 524 1871 547 τινα
1896 507 2062 558 πόλεμον,
2081 506 2161 551 τοὺς
2189 503 2253 558 μὲν

1226 569 1517 624 καταλειφθέντας
1536 571 1702 622 ἀναιρεῖν,
1721 566 1799 610 τοὺς
1819 565 1855 604 δὲ
1873 566 1942 604 ἀπὸ
1955 567 2016 612 τῆς
2030 564 2128 612 ξένης
2145 579 2255 618 προσ-

1230 627 1341 672 ιόντας
1365 628 1413 680 μὴ
1434 627 1609 680 δέχεσθαι.

1281 688 1497 738 Stephanus
1522 683 1743 735 εἈμαζόνες,
1763 682 1857 726 ἔθνος
1872 687 2066 734 γυναικεῖον
2087 680 2172 734 πρὸς
2205 683 2256 734 τῷ

1229 746 1476 800 Θερμώδοντι,
1497 746 1543 787 ὥς
1567 734 1732 795 Ἔφορὸς,
1752 742 1791 785 ἃς
1809 745 1869 780 νῦν
1897 739 2166 794 Σαυροματίδας
2185 753 2256 778 κα·-

1228 807 1339 844 λοῧσι.
1361 806 1418 844 Cs.
1444 803 1665 843 Herodotus
1690 806 1759 850 IX,
1788 816 1850 849 27.
1869 803 1926 840 Cs.
1949 801 1995 838 fr.
2018 801 2080 848 78.

1283 922 1410 961 Schol.
1435 922 1563 972 Apoll.
1579 921 1651 959 Rh.
1665 924 1696 968 Ι,
1710 921 1786 970 976
1804 933 1813 957 ε
1830 917 1959 966 Κλειτὴ
1998 915 2153 970 θυγάτηρ
2176 913 2272 954 Mb*-

1232 997 1347 1035 ροπος,
1382 979 1589 1033 Περκωσίου
1617 978 1658 1016 τὸ
1683 978 1794 1029 γένος,
1831 977 2006 1028 μάντεως,
2030 975 2072 1021 ἢν
2112 973 2262 1018 Κύζικος

1231 1040 1374 1092 ἔγημεν,
1394 1041 1440 1082 ὡς
1457 1041 1587 1092 ἱστορεῖ
1619 1033 1793 1089 Δηίλοχος
1819 1035 1879 1074 καὶ
1897 1034 2061 1088 Ἔφορος.
2083 1032 2138 1072 Cf.
2164 1036 2260 1071 Par-

1233 1100 1336 1137 then.
1363 1101 1471 1135 Erot.
1497 1098 1642 1134 XVIII.

1286 1157 1395 1195 Idem
1413 1155 1539 1193 Schol.
1558 1154 1653 1193 ibid.
1685 1154 1780 1199 ¹037
1798 1166 1806 1188 ε
1822 1151 1913 1204 Περὶ
1932 1150 1967 1188 δὲ
1986 1152 2048 1197 τῆς
2069 1153 2130 1188 τοῦ
2152 1147 2264 1193 Κυζί-

1233 1232 1296 1256 κου
1317 1213 1526 1269 ἀναιρέσεως
1544 1213 1605 1252 καὶ
1624 1216 1687 1259 τ’ἧς
1703 1211 1786 1258 ὅλης
1812 1210 1932 1264 μάχης
1954 1211 1994 1248 οὔ
2013 1214 2263 1263 συμφωνεῖται.

1234 1272 1386 1328 Ἔφορος
1403 1271 1465 1324 μὲν
1481 1270 1549 1324 γὰρ
1565 1270 1644 1314 τοὺς
1664 1268 1848 1316 Δολίονας,
1866 1266 2072 1319 Πελασγοὺς
2089 1266 2189 1309 ὄντας
2204 1265 2265 1304 καὶ

1236 1332 1419 1386 ἐχθρωδῶς
1437 1328 1675 1381 διακειμένους
1691 1327 1778 1381 πρὸς
1794 1327 1873 1370 τοὺς
1894 1325 1958 1374 τὴν
1978 1325 2180 1366 Θεσσαλίαν
2200 1324 2260 1364 καὶ

1236 1389 1448 1442 Μαγνησίαν
1482 1391 1743 1435 κατοικοῦντας,
1778 1385 1835 1424 διὰ
1866 1385 1907 1424 τὸ
1940 1386 2180 1431 ἀπελασθῆναι
2207 1379 2266 1422 ὑπ’

1238 1453 1365 1498 αὐτῶν,
1383 1447 1562 1487 ἐπιθέσθαι
1578 1448 1692 1488 αὐτοῖς
1710 1445 1846 1499 νύκτωρ
1867 1443 1992 1498 γράφει
2013 1445 2048 1482 ἐν
2067 1445 2112 1496 τῇ
2129 1441 2265 1495 ἐννοίτῃ.

1239 1511 1295 1549 Cf.
1321 1508 1465 1548 Strabo
1478 1510 1568 1555 XII,
1583 1520 1622 1558 p.
1642 1506 1711 1543 861
1734 1521 1742 1543 ;
1761 1504 1927 1548 Δολίονας
1947 1502 2010 1554 μὲν
2030 1497 2089 1541 οὖν
2114 1501 2268 1554 μάλιστα

1240 1569 1388 1606 καλοῦσι
1404 1565 1484 1610 τοὺς
1507 1564 1586 1617 περὶ
1611 1563 1776 1612 Κύζικον,
1797 1562 1866 1600 ἀπὸ
1892 1561 2055 1608 Αἰσήπου
2075 1558 2140 1604 ἕως
2157 1558 2266 1600 Ῥυν-

1241 1627 1348 1666 δάκου
1364 1625 1424 1664 καὶ
1443 1627 1506 1671 τῆς
1528 1621 1777 1712 Δασκυλίτιδὸς
1794 1621 1929 1673 λίμνης.

1715 1677 1728 1712 l
1765 1676 1801 1712 5.

1296 1731 1529 1783 Stephanus:
1547 1728 1735 1776 Φάλαννα,
1747 1726 1846 1770 πόλις
1858 1724 2083 1780 Περραιὸίας,
2095 1722 2164 1762 ἀπὸ
2180 1719 2268 1762 Φασ-

1241 1792 1370 1838 λάννης
1388 1792 1450 1836 τῆς
1472 1787 1589 1841 Τύρου
1618 1786 1797 1840 θυγατρὸς.
1818 1784 2030 1838 Λυκόφρων·

1409 1852 1515 1891 Γόνον,
1538 1850 1702 1883 Φάλανναν
1716 1850 1764 1888 ἠδ’
1779 1849 1977 1881 Ὀλοσσόνων
1989 1847 2076 1888 γύας.

1244 1911 1432 1951 Ἑκαταῖος
1453 1906 1631 1960 Ἱστοριῶν
1663 1904 1697 1944 α’
1729 1903 1870 1944 Ἱππίαν
1907 1901 2015 1949 αὐτὴν
2050 1901 2161 1940 καλεῖ.
2199 1893 2271 1939 Καὶ

1244 1971 1396 2024 Ἔφορος
1412 1967 1599 2007 Φάλαννον
1619 1964 1727 2012 αὐτὴν
1745 1966 1846 2003 καλεῖ
1863 1965 1896 2002 ἔν
1913 1965 1963 2015 τῷ
1981 1961 2024 2000 θ’.

1299 2029 1354 2068 Cf.
1371 2031 1500 2066 Tzetz.
1514 2025 1563 2063 ad
1576 2025 1770 2076 Lycophr.
1797 2037 1851 2061 vs.
1878 2023 1969 2073 906.

1674 2091 1857 2106 *000*-

1551 2124 1704 2164 LIBER
1720 2121 1974 2219 ll())l‘⁴3]ClMUS.

1302 2245 1492 2296 Diogenes
1517 2248 1644 2282 Laert.
1685 2245 1728 2290 Ι,
1769 2240 1833 2290 96,
1868 2240 1908 2277 in
1945 2239 2026 2277 vita
2049 2234 2274 2277 Periandri:

156 2333 1923 2354 ,Μ

451 2401 605 2439 LIBER
645 2398 896 2439 OCTAVUS.

632 2476 720 2509 100.

200 2544 395 2586 Eurybates.
417 2543 589 2576 AEschines
605 2543 640 2574 in
663 2541 918 2583 Ctesiphontem.
938 2539 1089 2581 Ephorus
1108 2538 1192 2569 libro
1216 2524 1219 2527 ’

161 2594 287 2631 octavo,
300 2590 498 2632 Eurybatem
511 2590 556 2622 ait
565 2590 671 2621 virum
682 2589 783 2620 fuisse
794 2588 981 2629 Ephesium,
995 2586 1050 2626 qui
1062 2587 1191 2626 accepta

163 2647 182 2671 a
202 2640 316 2671 Groeso
343 2637 497 2679 pecunia,
521 2639 558 2668 ut
573 2636 768 2668 conduceret
788 2635 925 2667 militem
949 2634 989 2665 ad
1012 2633 1134 2664 bellum
1159 2632 1192 2662 111

161 2688 275 2718 Persas
292 2685 503 2724 movendum,
531 2683 676 2725 proditor
699 2683 802 2715 factus
817 2681 1009 2714 commissas
1023 2679 1086 2711 sibi
1100 2688 1193 2720 pecu-

162 2732 233 2765 nias
254 2735 339 2773 Cyro
353 2732 552 2765 tradidisset.

635 2797 722 2830 101.

206 2857 356 2898 Ephorus
373 2855 456 2897 apud
474 2857 624 2888 Croesum
639 2855 760 2895 septem
777 2852 938 2894 sapientes
959 2852 1076 2893 praeter
1090 2858 1194 2882 unum

165 2904 330 2937 Thaletem
345 2903 537 2935 convenisse
550 2901 662 2934 tradit.

206 2951 356 2992 Ephorus
369 2959 428 2991 pro
441 2952 575 2991 Mysone
591 2948 802 2982 Anacharsim
814 2948 849 2979 in
863 2947 987 2988 septem
1003 2945 1195 2986 sapientium

169 3007 303 3030 numero
317 2998 422 3030 habet.

641 3078 729 3110 102.

1561 2414 1563 2420 ι
1587 2386 1739 2426 LIBER
1766 2383 1948 2424 NONUS.

1289 2507 1443 2547 Ephorus
1458 2505 1541 2537 libro
1558 2512 1644 2536 nono
1662 2502 1741 2534 dicit
1764 2505 1942 2533 Amazones
1965 2498 2092 2540 injuriis
2114 2497 2245 2530 affectas
2257 2505 2278 2529 a

1245 2554 1345 2593 viris,
1362 2553 1410 2584 his
1427 2553 1459 2584 in
1482 2551 1602 2583 bellum
1620 2549 1785 2591 prosectis,
1803 2547 1993 2588 superstites
2018 2543 2206 2583 interficere,
2221 2550 2276 2575 eos

1247 2609 1342 2638 vero,
1362 2599 1415 2639 qui
1433 2593 1473 2631 es
1490 2601 1575 2630 terra
1592 2596 1758 2638 peregrina
1780 2593 1990 2631 advenirent,
2024 2599 2088 2623 non
2119 2590 2274 2632 excipere.

1290 2649 1480 2683 Amazones,
1498 2651 1576 2684 gens
1592 2641 1670 2674 solis
1692 2640 1884 2672 mulieribus
1901 2641 2054 2671 constans
2069 2637 2110 2668 ad
2126 2636 2275 2668 Thermo-

1218 2692 1223 2736 Ι
1248 2692 1381 2724 dontem
1394 2715 1402 2730 ‚
1424 2693 1558 2723 auctore
1575 2689 1706 2730 Ephoro
1719 2712 1729 2729 ,
1747 2696 1828 2728 quas
1853 2694 1941 2718 nunc
1965 2682 2206 2718 Sauromatidas
2221 2689 2273 2723 ap-

1247 2738 1375 2779 pellant.

1290 2831 1384 2869 Clite,
1403 2830 1468 2861 filia
1485 2828 1638 2869 Meropis,
1656 2781 1798 2859 Perlcgsli
1825 2827 1932 2866 gente,
1949 2824 2054 2863 vatis,
2067 2830 2167 2864 quam
2184 2819 2278 2862 cyzi-

1250 2887 1307 2910 cus
1326 2885 1459 2909 uxorem
1474 2875 1579 2914 duxit,
1595 2879 1631 2906 ut
1650 2876 1783 2905 narrant
1801 2871 1976 2904 Deilochus
1989 2871 2022 2902 et
2037 2870 2201 2911 Ephorus.

1290 2927 1338 2956 De
1351 2923 1477 2956 excidio
1494 2921 1605 2962 Cyzici
1628 2925 1725 2961 atque
1744 2919 1785 2951 de
1801 2921 1870 2951 tota
1885 2926 1993 2959 pugna
2018 2925 2084 2948 non
2106 2912 2280 2948 concinunt

1221 2970 1226 3009 Ι
1250 2972 1432 3013 scriptores.
1450 2970 1599 3011 Ephorus
1611 2967 1699 3000 enim
1715 2966 1797 2998 libro
1810 2974 1896 2998 nono
1910 2965 2020 2996 narrat
2037 2964 2200 3001 notiones,
2225 2962 2279 2994 1³0⁶

1250 3020 1355 3059 lasgos
1369 3019 1467 3058 atque
1488 3015 1595 3048 infesti
1615 3014 1715 3046 animi
1730 3015 1843 3045 contra
1857 3011 2031 3044 Thessaliae
2049 3009 2281 3051 Magnesiaeque

1250 3063 1385 3105 incolas,
1401 3072 1502 3104 quum
1522 3062 1562 3094 ab
1589 3062 1639 3093 his
1670 3061 1774 3102 patria
1803 3061 1911 3092 essent
1937 3057 2077 3099 expulsi,
2104 3057 2203 3090 noctu
2225 3060 2280 3087 οοσ

211 3132 291 3175 Lydi
307 3144 345 3166 eo
362 3134 508 3167 mollitiei
526 3135 686 3176 progressi
703 3136 790 3175 suut,
810 3137 846 3166 ut
862 3135 958 3167 etiam
987 3134 1124 3167 seminas
1151 3141 1199 3164 ca·
1253 3121 1419 3155 aggressos
1432 3120 1513 3144 ⁶⁸⁵⁰·

169 3183 324 3220 suan-enm
343 3182 431 3222 quod
447 3182 547 3214 tradit
567 3183 716 3214 Xanthus
735 3182 870 3223 Lydius,
882 3183 951 3214 sive
965 3183 1022 3223 qui
1040 3180 1198 3213 Historias

170 3228 363 3268 conscripsit
386 3237 459 3268 quae
485 3230 532 3260 illi
557 3229 746 3261 tribuuntur
768 3254 778 3269 ,
803 3229 979 3270 Dionysius
1007 3227 1201 3269 Scythobra-

169 3275 279 3313 chion,
296 3277 333 3305 ut
347 3275 392 3306 ait
411 3277 566 3307 Artemon
592 3277 843 3308 cassandi-ensis
856 3277 888 3307 in
907 3275 1139 3307 commentario
1157 3274 1198 3306 (le

170 3320 326 3352 librorum
348 3321 554 3361 collectione3
581 3323 710 3355 nescius
733 3323 873 3362 scilicet,
898 3323 1066 3363 Ephorum
1102 3321 1201 3353 histo-

170 3367 290 3399 riarum
305 3367 493 3408 scriptorem
508 3368 593 3400 illius
609 3371 775 3409 tamquam
792 3369 980 3401 vetustioris
997 3368 1196 3407 meminisse,

169 3414 226 3454 qui
238 3414 335 3447 etiam
351 3415 514 3447 Herodoto
531 3425 642 3447 ansam
660 3416 821 3448 scribendi
839 3417 1045 3457 proebuisset.

1296 3206 1461 3238 Phalanna
1476 3228 1486 3244 ,
1516 3203 1595 3236 urbs
1627 3156 1832 3239 PerrhlzleliJ‘iSae,
1871 3210 1889 3232 a
1919 3200 2084 3232 Phalanne
2108 3197 2183 3239 Tyri
2205 3164 2294 3228 fitis?

1267 3254 1417 3295 Ephorus
1432 3251 1632 3285 Phalannum
1649 3258 1720 3281 eam
1738 3249 1814 3280 dicit
1830 3248 1862 3280 in
1876 3257 1974 3279 nono.

1558 3300 1713 3339 LIBER
1742 3297 1982 3337 DECIMUS.

1294 3415 1393 3445 Porro
1410 3412 1560 3454 Ephorus
1579 3410 1613 3443 in
1630 3363 1914 3442 historilzofovisse
1937 3407 2028 3439 illum
2047 3398 2279 3446 (Periandrum)
