2320 3684
142 228 218 261 284

196 371 412 423 Stephanus
433 386 441 408 ε
466 367 823 424 Μόκαρσος,Θρᾴκης
838 368 984 422 χωρίον·
1001 368 1167 420 Θεόπομ-

143 445 207 473 πος
221 429 352 483 πρώτῳ
370 430 613 468 Φιλιππικῶν.
624 481 674 519 35

195 542 326 580 Cicero
352 545 411 579 De
440 540 504 578 off.
528 543 579 587 ΙΙ,
613 554 655 577 11
679 554 688 576 ε
717 541 852 588 Itaque
869 549 1026 589 propter
1044 553 1171 589 oequa-

144 600 249 637 bilem
260 601 412 650 proedoe
422 602 661 648 partitionem
675 607 713 635 et
737 599 916 647 Bardylis
930 601 1085 646 Illyrius
1112 601 1171 635 la-

142 668 210 704 tro,
229 661 275 694 de
300 671 371 707 quo
396 666 451 693 est
467 659 573 706 apud
592 658 878 707 Theopompum,
906 670 1067 706 magnas
1085 671 1171 706 opes

142 717 280 754 habuit.
296 719 339 754 V.
355 715 518 753 Diodor.
538 719 647 763 XVI,
664 721 701 762 4,
715 718 736 753 J
741 715 854 753 nstin.
868 718 954 762 VII,
976 716 1011 752 6.
1033 716 1170 754 Melius

143 775 301 813 fortasse
331 774 412 812 haec
443 774 663 812 referuntur
696 774 745 812 ad
773 774 914 812 librum
946 775 1170 813 secundum.

196 897 411 948 Stephanus
429 900 484 935 B.:
502 895 630 945 Χάλκη
700 895 839 948 λέγεται
855 896 915 935 καὶ
930 898 1171 944 πληθυντικῶς

142 954 303 996 Χάλκαι·
321 954 535 1007 Θεόπομπος
550 955 680 1010 πρώτῳ
699 957 943 1004 Φιλιππικῶν,
963 955 1022 994 καὶ
1042 956 1169 1010 τρίτῳ·

142 1032 158 1049 «
169 1013 253 1054 Ἔτι
263 1013 546 1066 συνεπολέμησεν
565 1013 765 1068 ὁρμώμενος
788 1016 829 1053 ἐκ
850 1015 1003 1054 Χαλκῶν
1017 1018 1081 1062 τῆς
1096 1017 1173 1054 Aon-

144 1072 313 1126 ρισσαίας.
335 1089 351 1107 »

197 1132 253 1170 Cf.
269 1135 290 1170 ,Ι
294 1131 410 1169 ustin.
433 1134 518 1178 VII,
539 1132 576 1181 6,
596 1146 616 1180 7
632 1146 641 1169 ε
658 1133 751 1169 Post
774 1132 839 1168 hos
857 1131 1007 1169 bello‘in
1025 1135 1173 1180 Illyrios

143 1193 325 1228 translato
344 1193 461 1228 multa
480 1193 598 1227 millia
617 1191 771 1228 hostium
798 1192 911 1227 coedit
927 1204 941 1226 .·
960 1190 1084 1227 urbem
1104 1204 1172 1227 no-

145 1248 357 1286 bilissimam
377 1252 567 1286 Larissam
585 1254 693 1298 capit.
720 1253 820 1287 Hinc
848 1250 1076 1286 Thessaliam
1097 1263 1170 1285 non

140 1311 290 1358 proedce
324 1311 534 1358 cupiditate,
572 1310 640 1346 sed
662 1310 762 1358 quod
781 1312 957 1345 exercitui
979 1322 1043 1345 suo
1064 1308 1175 1344 robur

148 1369 401 1405 Thessalorum
423 1371 581 1416 equitum
599 1369 801 1417 adjungere
817 1366 1005 1417 gestiebat,
1028 1369 1085 1403 nil
1098 1371 1171 1403 mi—

142 1441 213 1464 nus
228 1439 338 1475 quam
354 1425 487 1462 bellum
503 1434 723 1462 metuentem
743 1429 952 1474 improvisus
967 1434 1170 1476 expugnat.

144 1486 207 1524 Sic
243 1484 412 1534 vulgata,
448 1497 563 1534 quam
604 1485 796 1535 explicare
836 1484 1066 1522 studuerunt
1099 1485 1173 1523 viri

142 1544 258 1582 docti.
278 1546 422 1580 Verum
438 1556 557 1593 quum
567 1543 823 1593 antiquissimi
842 1542 992 1580 codices
1005 1543 1054 1593 (v.
1068 1543 1174 1581 Diib-

149 1602 231 1640 neri
267 1601 488 1653 editionem)
516 1615 588 1652 pro
605 1605 791 1639 Larissam
814 1601 1023 1640 exhibeant
1040 1605 1171 1640 Laris-

142 1674 243 1697 seam
263 1660 323 1696 vel
351 1663 599 1706 Larissoeam,
626 1673 669 1698 ac
705 1674 775 1711 pro
802 1661 887 1697 hinc
914 1662 1040 1712 legant
1058 1662 1117 1698 hic
1135 1666 1172 1698 in

143 1719 202 1756 vel
227 1719 312 1755 hinc
333 1722 391 1764 in;
408 1732 455 1756 ex
474 1719 730 1770 Theopompo
758 1719 1038 1757 restituendum
1057 1728 1172 1771 puto:

143 1778 266 1815 urbem
303 1777 591 1828 (nobilissimam)
615 1781 838 1815 Larissoeam
862 1783 963 1828 capit
985 1779 1142 1816 Chulcen
1159 1794 1171 1815 :

150 1838 373 1874 Thessaliam
392 1851 464 1874 non
477 1839 628 1886 proedoe
647 1839 858 1886 cupiditate,
873 1845 943 1875 etc.

628 1900 692 1940 37.

198 1962 428 2010 Harpocrat.
461 1974 470 1996 :
511 1958 637 2003 Κινέας
717 1957 942 2010 ὡμολόγηται
978 1959 1037 1998 καὶ
1077 1958 1174 2014 παρὰ

143 2022 215 2060 τοῖς
241 2018 439 2071 ἱστορικοῖς,
477 2016 531 2055 ὅτι
559 2018 688 2062 Κινέας
716 2012 763 2062 εἷς
789 2012 836 2065 ’ἦν
856 2020 925 2056 τῶν
955 2017 1172 2072 προϊεμένων

145 2075 321 2130 Φιλίππῳ
354 2075 400 2115 τὰ
440 2077 629 2116 Θετταλῶν
670 2076 884 2130 πράγματα,
919 2076 979 2114 καὶ
1018 2077 1174 2128 μάλιστα

144 2134 352 2189 Θεοπόμπῳ
369 2136 404 2173 ἓν
421 2134 564 2188 πρώτῃ,
589 2136 663 2186 ἅμα
692 2135 752 2174 καὶ
771 2134 1024 2189 διεξερχομένῳ
1049 2134 1093 2174 τὰ
1115 2135 1173 2174 ἐπὶ

145 2192 202 2231 τὸν
221 2192 341 2247 ἄνδρα.

624 2248 687 2286 38.

199 2306 434 2357 Stephanus:
446 2305 736 2355 Ἀλλάντη,πόλις
750 2306 969 2350 Μακεδονίας
982 2306 1042 2345 καὶ
1054 2306 1087 2346 ’A
1094 2323 1174 2361 ρκα-

184 2470 369 2510 Mocarsus,
384 2469 529 2502 Thraciae
547 2424 726 2502 castezilliim.

187 2563 357 2596 Chaloe....
374 2563 502 2596 Dicitur
528 2518 763 2604 etiam31ii'ura1i
782 2564 922 2597 Chalcae.
944 2565 1174 2607 Theopompus

145 2609 400 2651 Philippicorum
416 2610 522 2651 primo
538 2611 570 2641 et
591 2610 684 2641 tertio
702 2619 710 2640 z
729 2622 744 2637 α
761 2609 877 2641 Adhuc
892 2609 1013 2642 bellum
1028 2620 1094 2643 una
1109 2620 1176 2651 ges·

146 2656 188 2687 sit
201 2655 365 2697 profectus
377 2656 558 2696 ex-Chalcis
568 2665 642 2697 quae
657 2655 735 2688 urbs
747 2658 815 2688 erat
825 2656 964 2697 regionis
974 2656 1172 2690 Larissaeae.»

188 2749 316 2782 Cineas.
385 2750 503 2784 Cineas
529 2749 614 2782 inter
631 2705 700 2782 {iis
727 2749 785 2791 qui
815 2749 964 2791 Philippo
992 2749 1174 2782 libertatem

146 2796 321 2829 Thessaliae
337 2797 550 2838 prodiderunt
560 2806 646 2829 unus
662 2797 721 2829 suit
735 2796 843 2838 ;quod
857 2806 934 2829 cum
947 2797 1175 2829 historicorum

146 2852 306 2875 consensu
323 2846 500 2885 receptum,
518 2846 588 2875 tum
606 2844 772 2885 praecipue
806 2843 1024 2885 Theopompi,
1043 2844 1098 2885 qui
1124 2853 1175 2876 res

147 2889 232 2921 illius
248 2890 328 2922 libro
341 2891 446 2942 primo
461 2890 674 2932 persequitur.

192 2983 330 3024 Allante,
344 2984 422 3016 urbs
435 2940 851 3018 Macedoniae3ti3t'Arcadiae.
869 2985 933 3018 Sed
947 2985 1175 3026 Theopompus

148 3028 228 3060 libro
244 3030 348 3070 primo
370 3030 623 3072 Philippicorum
644 3041 715 3064 eam
734 3033 908 3066 Allantium
930 3032 1111 3074 appellavit.

191 3129 232 3158 At
247 3136 345 3167 nunc,
359 3130 447 3169 quod
462 3130 513 3168 (de
529 3139 588 3162 sua
602 3133 698 3164 aetate
713 3132 862 3173 loquens)
877 3132 1105 3173 Theopompus
1130 3131 1177 3163 ait

150 3172 407 3214 Philippicorum
427 3176 508 3208 libro
526 3178 631 3217 primo
642 3202 651 3217 ‚
669 3187 764 3211 nemo
779 3180 850 3218 est,
874 3179 971 3212 etiam
993 3187 1033 3210 ex
1052 3178 1102 3210 his
1119 3178 1175 3219 qui

151 3220 298 3252 modicas
324 3230 402 3261 opes
426 3223 618 3263 possident,
638 3225 718 3265 quin
734 3229 938 3258 sumtuosam
965 3225 1028 3258 sibi
1053 3226 1173 3267 apponi

150 3274 296 3298 mensam
312 3270 415 3307 curet,
430 3271 462 3300 et
478 3278 600 3311 coquos
613 3274 645 3303 et
664 3281 821 3313 magnum
843 3273 980 3305 aliorum
998 3272 1061 3304 sibi
1083 3273 1174 3304 mini-

150 3314 321 3344 strantium
334 3323 505 3347 numerum
521 3317 596 3355 alat,
612 3319 646 3350 et
660 3318 794 3359 singulis
810 3319 923 3351 diebus
939 3320 1077 3361 major-es
1088 3329 1174 3351 sum-

149 3359 337 3438 gusuiassiat,
354 3370 450 3401 quam
473 3362 548 3393 olim
574 3363 664 3396 sestis
687 3365 803 3398 diebus
826 3366 868 3398 ad
885 3366 1040 3398 sacrificia
1056 3366 1175 3407 impen-

173 3414 191 3437 e
233 3414 318 3437 nur.

867 217 1172 258 THEOPOMPI
1199 216 1531 257 FRAGMENTA.

1224 302 1315 348 δίας·
1338 303 1458 343 Θέοπο
1488 317 1551 346 πος
1584 303 1614 340 δ’
1627 303 1662 340 ἐν
1683 301 1813 355 πρώτῳ
1838 302 2070 341 Φιλιππικῶν
2101 300 2249 342 'Aim-

1223 377 1294 400 τιον
1315 360 1424 409 αὐτὴν
1444 319 1531 400 εἷπε.

1275 468 1479 507 Athenaeus
1507 469 1559 505 VI
1593 476 1688 504 extr.
1710 481 1718 503 :
1741 469 1817 505 Νῦν
1839 465 1874 503 δὲ
1889 496 1899 514 ,
1922 467 1968 508 ὡς
1990 468 2009 505 ὁ
2039 463 2251 517 Θεόπομπος

1223 527 1352 580 ἱστορεῖ
1381 527 1417 564 ἐν
1448 528 1492 578 τῇ
1510 524 1633 579 πρώτῃ
1661 527 1729 563 τῶν
1765 525 2009 573 Φιλιππικῶν,
2041 524 2150 568 οὐδείς
2175 525 2250 564 ἐστι

1223 583 1283 622 καὶ
1305 587 1373 623 τῶν
1400 583 1548 638 μετρίως
1574 583 1851 637 εὐπορουμένων,
1877 582 1971 626 ὅστις
2000 584 2040 621 οὗ
2075 584 2250 631 πολυτελῆ

1225 641 1288 694 μὲν
1321 643 1495 697 τράπεζαν
1521 642 1772 696 παρατίθεται,
1794 642 1979 695 μαγείρους
2003 641 2039 680 δὲ
2066 640 2126 680 καὶ
2146 644 2252 695 θερα-

1223 701 1324 740 πείαν
1346 702 1455 749 ἄλλην
1472 700 1606 748 πολλὴν
1630 700 1822 750 κέκτηται,
1843 701 1902 739 καὶ
1922 700 2034 739 πλείω
2054 701 2195 753 δαπανᾷ
2206 699 2252 738 τὰ

1223 761 1301 799 καθ’
1331 759 1491 813 ἡμέραν,
1515 759 1538 807 ἢ
1562 759 1731 814 πρότερον
1766 762 1801 798 ἐν
1823 765 1900 803 ταῖς
1923 761 2056 813 ἑορταῖς
2079 757 2140 797 καὶ
2176 763 2253 803 ταῖς

1225 819 1358 863 θυσίαις
1382 820 1583 866 ἀνήλισκον.
1678 853 1686 859 ,
1703 871 1755 909 40

1276 925 1412 963 Suidas
1428 923 1562 976 εΛόγον
1580 923 1673 976 ἔχειν
1693 924 1769 962 ἀντὶ
1789 927 1849 963 τοῦ
1873 922 2076 978 φροντίζειν,
2087 921 2254 974 Θεόπομ-

1224 997 1288 1026 πος
1306 984 1393 1022 Φιλ.
1412 981 1456 1020 α’.
1475 983 1618 1020 Eadem
1639 983 1780 1021 habent
1794 984 1875 1021 sine
1893 983 1980 1020 libri
1999 982 2136 1020 notitia
2154 981 2254 1019 Pho-

1225 1042 1300 1079 tius
1317 1050 1355 1079 et
1376 1042 1657 1079 Grammaticus
1675 1043 1932 1093 Seguerianus
1958 1041 2084 1079 editus
2105 1054 2129 1080 a
2149 1041 2251 1079 Bek-

1226 1101 1319 1138 kero
1335 1101 1375 1138 in
1393 1100 1539 1138 Anecd.
1555 1104 1622 1138 Gr.
1638 1114 1677 1151 p.
1699 1115 1786 1148 107.

1642 1168 1855 1183 ⁴00⁸-—

1623 1239 1775 1278 LIBER
1804 1240 1854 1278 II.

1278 1366 1483 1403 Athenaeus
1501 1368 1554 1412 X,
1567 1378 1607 1416 p.
1624 1366 1699 1410 443
1719 1370 1765 1412 A,
1779 1368 1822 1411 B,
1841 1367 1869 1403 C
1887 1379 1895 1402 :
1915 1365 1979 1404 ’Ev
1994 1364 2031 1404 δὲ
2047 1368 2091 1419 τῇ
2111 1366 2257 1423 δευτέρᾳ

1225 1426 1293 1462 τῶν
1305 1425 1551 1472 Φιλιππικῶν,
1562 1422 1759 1477 «Ἰλλύριοι,
1769 1422 1868 1477 φησὶ,
1880 1424 2056 1463 δειπνοῦσι
2065 1425 2257 1477 καθήμενοι

1225 1483 1284 1521 καὶ
1301 1482 1471 1521 πίνουσιν·
1491 1482 1614 1534 ἄγουσι
1632 1481 1667 1521 δὲ
1687 1481 1822 1525 καὶτὰς
1835 1488 2000 1533 γυναῖκας
2019 1485 2066 1528 εἷς
2090 1482 2153 1528 τὰς
2172 1500 2257 1524 συν-

1225 1541 1363 1591 ουσίας,
1396 1541 1456 1579 καὶ
1488 1541 1596 1580 καλὸν
1627 1543 1748 1584 αὐταῖς
1778 1540 1959 1594 προπίνειν
1985 1535 2034 1585 οἷς
2053 1541 2094 1580 ἂν
2119 1541 2256 1595 τύχωσι

1225 1604 1294 1640 τῶν
1313 1599 1508 1655 παρόντων.
1531 1600 1599 1639 Ἐκ
1616 1598 1652 1638 δὲ
1669 1602 1738 1638 τῶν
1756 1599 1960 1650 συμποσίων
1981 1594 2082 1639 αὗται
2101 1599 2177 1644 τοὺς
2190 1601 2256 1640 ἄν·-

1227 1660 1309 1714 δρας
1342 1660 1536 1711 ἀπάγουσι·
1567 1659 1626 1697 καὶ
1663 1658 1823 1697 κακόὸιοι
1853 1658 1889 1697 δὲ
1918 1659 2046 1703 πάντες
2079 1658 2164 1706 εἰσὶ,
2193 1659 2255 1698 καὶ

1227 1718 1417 1764 ζώννυνται
1431 1719 1491 1762 τὰς
1509 1718 1641 1761 κοιλίας
1656 1718 1780 1762 ζώναις
1794 1718 1997 1767 πλατείαις,
2014 1718 2096 1757 ὅταν
2115 1719 2254 1758 πίνωσι.

1226 1776 1298 1816 Καὶ
1316 1781 1416 1816 τοῦτο
1437 1776 1499 1828 μὲν
1517 1779 1655 1830 πρῶτον
1677 1776 1825 1830 μετρίως
1849 1780 2005 1816 ποιοῦσιν
2018 1793 2026 1801 ·
2051 1777 2191 1816 ἐπειδὰν
2219 1776 2256 1815 δὲ

1225 1834 1452 1890 σφοδρότερον
1466 1836 1607 1885 πίνωσι,
1629 1837 1762 1887 μᾶλλον
1777 1835 1829 1873 ἀεὶ
1845 1836 2032 1887 συνάγουσι
2048 1836 2112 1883 τὴν
2130 1835 2255 1884 ζώνην.

1230 1894 1375 1949 Ἀριαῖοι
1393 1895 1442 1942 δὲ,
1457 1895 1555 1948 φησὶ,
1564 1894 1751 1943 κέκτηνται
1771 1897 2037 1948 προσπελατῶν,
2048 1895 2168 1949 ὥσπερ
2184 1897 2255 1935 Εἱ-

1225 1954 1361 2003 λώτων,
1379 1954 1566 2006 τριάκοντα
1587 1954 1775 2007 μυριάδας·
1791 1955 1869 1992 καθ’
1889 1954 2041 2002 ἑκάστην
2059 1953 2094 1992 δὲ
2119 1954 2256 2008 ἡμέραν

1228 2012 1393 2064 μεθύουσι
1404 2012 1464 2051 καὶ
1473 2017 1655 2052 ποιοῦνται
1669 2013 1851 2057 συνουσίας
1862 2044 1873 2062 ,
1893 2013 1952 2052 καὶ
1967 2012 2158 2052 διάκεινται
2171 2013 2258 2068 πρὸς

1227 2072 1360 2120 ἐδωδὴν
1378 2072 1438 2111 καὶ
1461 2072 1563 2110 πόσιν
1585 2071 1853 2126 ἀκρατέστερον.
1878 2071 1941 2112 Διὸ
1959 2071 2020 2111 καὶ
2043 2072 2172 2112 Κελτοὶ
2193 2088 2258 2111 πο-

1225 2132 1413 2183 λεμοῦντες
1440 2133 1576 2179 αὐτοῖς,
1602 2131 1662 2169 καὶ
1689 2131 1816 2175 εἰδότες
1845 2132 1958 2169 αὐτῶν
1979 2130 2043 2179 τὴν
2069 2131 2254 2185 ἀκρασίαν,

1226 2189 1466 2242 παρήγγειλαν
1484 2189 1596 2228 ἅπασι
1611 2196 1682 2233 τοῖς
1698 2189 1928 2244 στρατιώταις
1946 2190 2082 2228 δεῖπνον
2099 2192 2146 2233 ὥς
2166 2191 2259 2241 λαμ-

1230 2248 1402 2303 πρότατον
1429 2250 1767 2303 παρασκευάσαντας
1794 2250 1885 2289 κατὰ
1915 2249 2062 2299 σκηνὴν,
2091 2250 2258 2302 ε’μὸαλεῖν

1233 2310 1279 2351 εἷς
1302 2307 1346 2346 τὰ
1366 2308 1460 2347 σιτία
1483 2309 1572 2348 πόαν
1601 2308 1680 2348 τινὰ
1704 2309 1923 2364 φαρμακώδη
1937 2338 1946 2354 ,
1966 2309 2160 2360 δυναμένην
2185 2310 2259 2347 δια-

1273 2472 1375 2514 Λόγον
1389 2473 1482 2515 ἔχειν;
1498 2475 1679 2506 Ratv'onem
1695 2428 1839 2514 hlizg’ere,
1857 2482 1916 2515 pro
1930 2482 2053 2507 curare.
2077 2473 2259 2515 Theopom-

1231 2529 1292 2561 pus
1308 2520 1562 2562 Philippieorum
1577 2521 1658 2553 libro
1675 2521 1791 2562 primo.

1623 2632 1776 2670 LIBER
1810 2632 1862 2670 II.

1273 2753 1421 2785 Secundo
1444 2761 1520 2784 vero
1539 2752 1794 2793 Philippicorum
1818 2752 2071 2794 (Theopompus)
2092 2751 2162 2785 haec
2177 2752 2259 2785 scri·
2301 2747 2306 2791 J

1231 2800 1295 2832 bit:
1312 2813 1327 2827 «
1341 2799 1440 2840 Illyrii
1457 2801 1586 2830 coenant
1609 2802 1786 2840 potantque
1807 2799 1967 2832 sedentes.
1985 2798 2147 2832 Adhibent
2183 2807 2260 2832 vero
2295 2793 2308 2805 ¹

1233 2847 1266 2878 in
1280 2846 1431 2878 convivia
1444 2846 1542 2878 etiam
1559 2854 1676 2877 uxores
1691 2855 1699 2876 ε
1714 2845 1833 2886 quibus
1852 2846 2005 2878 decorum
2022 2845 2169 2886 habetur,
2191 2853 2260 2886 pro-

1232 2894 1345 2935 pinare
1373 2893 1568 2933 cuicumque
1587 2891 1749 2924 voluerint
1767 2901 1785 2924 e
1799 2892 1959 2924 convivis.
1976 2894 2181 2933 Domumque
2203 2891 2258 2924 ab·

1232 2940 1357 2971 ducunt
1378 2939 1443 2971 illae
1468 2939 1601 2970 maritos
1613 2947 1631 2970 e
1649 2939 1958 2979 compotationibus.
1975 2940 2128 2971 Ceterum
2144 2946 2258 2979 aspero

1231 2986 1385 3026 tenuique
1395 2985 1482 3016 victu
1495 2986 1632 3016 utuntur
1647 2993 1763 3016 omnes
1779 2994 1786 3015 z
1801 2992 1968 3025 quumque
1981 2984 2110 3024 bibunt,
2126 2984 2258 3025 cingunt

1232 3037 1380 3067 ventrem
1403 3034 1478 3065 latis
1500 3033 1637 3074 cingulis
1653 3043 1664 3063 :
1679 3033 1778 3072 idque
1796 3032 1939 3073 primum
1955 3033 2081 3065 modice
2105 3032 2230 3065 faciunt
2246 3043 2257 3072 ς

1232 3090 1332 3122 quum
1347 3090 1424 3113 vero
1437 3080 1556 3121 largius
1568 3079 1696 3118 bibunt,
1721 3079 1841 3111 arctius
1866 3080 2039 3112 identidem
2053 3079 2258 3120 adstringunt
2292 3105 2302 3111 .

1232 3128 1409 3168 cingulum.
1422 3127 1540 3160 Ardiaei
1557 3135 1644 3166 vero,
1660 3126 1705 3158 ait
1732 3125 1831 3165 idem,
1849 3126 1967 3159 habent
1982 3126 2149 3167 clientum,
2165 3125 2256 3167 quasi
2292 3126 2308 3160 ’,

1233 3176 1403 3214 Helotum,
1415 3174 1547 3215 triginta
1572 3173 1744 3214 myriadas.
1763 3173 1916 3210 Quotidie
1934 3182 2011 3205 vero
2033 3173 2254 3212 inebriantur,

1232 3226 1264 3255 et
1274 3221 1426 3254 convivia
1435 3224 1544 3262 agunt,
1556 3224 1588 3253 et
1597 3220 1886 3252 comessationibus
1898 3219 2258 3261 compotationibusque
2301 3225 2305 3241 1

1232 3269 1500 3311 intemperantius
1526 3268 1703 3308 indulgent.
1731 3269 1837 3304 Quare
1853 3268 1949 3299 etiam
1969 3267 2053 3299 Galli
2069 3266 2189 3299 bellum
2209 3265 2256 3296 eis

1233 3317 1398 3356 facientes,
1417 3325 1520 3357 quum
1537 3324 1601 3347 non
1619 3315 1804 3355 ignorarent
1818 3314 1945 3346 illorum
1962 3312 2255 3354 intemperantiam,

1232 3364 1351 3396 milites
1378 3363 1546 3404 jusserunt
1572 3371 1685 3394 omnes
1713 3370 1838 3393 coenam
1867 3361 1901 3392 in
1931 3360 2078 3392 tentoriis
2102 3358 2255 3400 adparare

1233 3419 1330 3452 quam
1360 3410 1574 3442 lautissimam
1603 3411 1734 3449 possent
1751 3432 1759 3446 ‚
1787 3407 1934 3448 cibisque
1965 3407 2093 3448 injicere
2122 3405 2257 3438 herbam'
2277 3396 2307 3421 ’θ
