2320 3684
154 187 206 223 6⁰

154 274 295 328 Τριόπα
325 276 464 325 παῖδες,
496 275 766 323 τελευτήσαντος
792 276 910 319 αὐτοῖς
934 278 995 314 τοῦ
1030 275 1183 330 πατρὸς,

155 333 321 372 διείλοντο
334 333 398 382 τὴν
423 333 617 386 βασιλείαν.
640 332 771 385 Λαχὼν
795 331 831 371 δὲ
852 333 1036 387 Πελασγὸς
1055 333 1119 386 μὲν
1139 333 1183 374 τὰ

155 391 240 444 πρὸς
257 392 440 445 Ἐρασῖνον
465 391 637 443 ποταμὸν,
658 391 774 430 ἔκτισε
794 390 991 444 Λάρισσαν·
1012 391 1131 436 Ἴασος
1147 391 1184 431 δὲ

154 449 199 489 τὰ
212 450 297 504 πρὸς
313 445 433 490 ἿΙλιν.
451 450 748 498 Τελευτησάντων
767 451 796 488 δ’
817 452 946 502 αὐτῶν,
969 453 988 489 ὁ
1017 450 1186 495 νεώτατος

155 508 300 562 ἀδελφὸς
341 507 494 562 Ἀγήνωρ
530 507 785 562 ἐπεστράτευσε
817 511 862 561 τῇ
900 507 1017 564 χώρα,
1051 509 1184 557 πολλὴν

154 565 261 605 ἵππον
281 566 504 618 ἐπαγόμενος.
527 561 638 606 εὈθεν
671 567 802 614 ἐκλήθη
825 566 1031 607 Ἱππόὸοτον
1067 565 1129 620 μὲν
1147 568 1185 607 τὸ

153 624 274 678 Ἄργος
286 656 296 675 ,
320 625 390 663 ἀπὸ
402 628 464 672 τῆς
474 625 655 679 Ἀγήνορος
671 624 793 664 fvt-troo*
809 625 879 664 ἀπὸ
897 625 934 665 δὲ
952 626 1081 675 Ἰάσου,
1105 626 1179 666 Ἴα-

154 698 231 722 σον·
282 683 342 721 καὶ
386 684 622 735 Πελασγικὸν,
670 683 741 723 ἀπὸ
796 685 997 737 Πελασγοῦ.
1040 684 1186 740 Ἱστορεῖ

153 738 360 785 Ἑλλάνικος
375 742 410 780 ἐν
429 742 648 796 Ἀργολικοῖς.

208 802 381 839 Eustath.
416 803 464 839 ad
488 802 651 840 eundem
680 804 836 841 Homeri
871 803 1000 841 locum
1021 818 1058 855 p.
1079 805 1181 842 335:

155 858 256 904 Φησὶ
270 858 306 897 δὲ
318 858 542 910 Ἑλλάνικος,
559 862 686 904 παῖδας
701 867 791 914 τρεῖς
804 861 998 915 Φορωνέως
1011 861 1184 913 γενέσθαι,

154 915 187 954 οἳ
205 921 266 955 τοῦ
286 916 417 972 πατρὸς
434 918 595 963 θανόντος
614 919 829 970 διενείμαντο
841 919 905 967 τὴν
926 920 1091 973 Ἀργείαν.
1111 920 1185 960 Καὶ

153 977 175 1021 ἡ
197 974 260 1026 μὲν
287 975 374 1029 πρὸς
390 977 568 1031 Ἐρασίνῳ
589 980 640 1031 τῷ
655 980 819 1032 ποταμῷ,
846 980 1023 1032 Πελασγῷ
1052 978 1159 1031 ἔλαχε
1172 1009 1183 1028 ,

153 1036 202 1087 τῷ
240 1034 302 1073 καὶ
332 1034 396 1082 τὴν
428 1037 500 1075 ἐκεῖ
525 1035 708 1090 Λάρισσαν
726 1036 897 1076 κτίσαντι.
919 1036 1026 1091 Ἰάσῳ
1062 1036 1114 1088 δὲ,
1136 1036 1181 1075 τὰ

158 1091 244 1142 πρὸς
263 1086 382 1132 *mun
402 1093 558 1148 Ἀγήνωρ
588 1093 636 1142 δὲ,
661 1094 898 1142 ἀναλωθείσης
925 1098 986 1142 τῆς
1007 1098 1092 1147 γῆς,
1121 1094 1183 1142 τὴν

157 1149 332 1205 πατρικὴν
357 1150 496 1205 εἴληφεν
515 1150 636 1192 ἵππον.
652 1153 762 1193 “’()θεν
779 1155 814 1192 ἐν
837 1155 954 1207 ταύτῷ
968 1158 1084 1207 χρόνῳ
1100 1154 1186 1191 ὠνο-

154 1209 277 1260 μάσθη
298 1208 338 1248 τὸ
356 1209 479 1263 Ἄργος
497 1214 636 1265 τριχῶς·
662 1211 793 1260 Ἴασον,
809 1214 856 1256 ὥς
875 1211 935 1251 καὶ
952 1216 974 1260 ἠ
995 1211 1183 1251 Ὀδύσσεια

156 1268 268 1315 δηλοῖ,
282 1269 519 1320 Πελασγικὸν,
536 1270 596 1308 καὶ
614 1270 834 1309 Ἱππόὸοτον.
851 1270 953 1313 Τινὲς
971 1270 1008 1308 δὲ
1023 1269 1112 1321 μετὰ
1124 1270 1182 1308 τὸν

153 1324 301 1365 θάνατον
334 1329 403 1365 τῶν
433 1326 493 1366 δύο
529 1328 687 1382 ἀδελφῶν
711 1327 982 1382 ἐπιστρατεῦσαί
1010 1342 1099 1380 φασι
1125 1328 1184 1367 τὸν

132 1427 134 1429 ,
154 1383 336 1438 Ἀγήνορα,
348 1385 479 1433 πολλὴν
495 1386 710 1438 ἐπαγόμενον
729 1385 836 1426 ἵππον
848 1403 856 1412 ·
877 1387 935 1441 ἀφ’
951 1381 992 1434 ἧς
1010 1388 1182 1434 κληθῆναι

153 1442 192 1480 τὸ
226 1441 349 1495 Ἄργος
393 1443 616 1484 Ἱππόὸοτον.
656 1448 835 1492 Quocum
876 1447 1066 1484 consentit
1107 1446 1186 1484 fere

153 1502 376 1541 scholiastes
386 1504 640 1542 Victorianus.
651 1505 708 1543 Cf.
726 1505 932 1544 Phavorin.
953 1519 983 1545 ⁵.
1001 1503 1185 1557 ν.Ἀργος.

639 1571 700 1609 38.

206 1626 440 1667 Phavorin.:
462 1627 590 1676 Φινέα,
611 1628 836 1682 Ἀγηνορίδην
859 1627 1070 1672 Ἑλλάνικος
1094 1621 1183 1675 εἷπε,

153 1682 427 1738 καθὸἈγήνορός
451 1687 527 1725 ἐστι
555 1693 650 1730 παῖς.
682 1689 740 1726 Ex
766 1689 894 1727 Schol.
923 1688 1098 1739 Apollou.
1119 1691 1186 1735 Ill,

158 1744 245 1790 178,
262 1744 329 1793 qui
362 1745 523 1796 insuper
559 1746 818 1786 addit:’'Evtot
836 1746 872 1785 δὲ
886 1745 990 1785 αὐτὸν
1002 1747 1037 1784 ἐν
1055 1748 1098 1797 τῇ
1111 1747 1188 1784 Πα-

152 1800 323 1854 φλαγονίᾳ
349 1804 554 1853 βασιλεῦσαι
573 1805 782 1858 ἱστοροῦσιν,
794 1804 869 1852 ἥτις
882 1804 956 1844 ἐστὶ
975 1806 1036 1851 τῆς
1053 1803 1186 1852 Ἀσίας,

152 1856 198 1901 ὥς
217 1873 321 1912 φησιν
339 1859 558 1906 Ἑλλάνικος.

637 1922 699 1960 39.

207 1976 336 2014 Schol.
357 1979 539 2028 Apollon.
565 1983 582 2018 I
597 2010 606 2028 ‚
632 1982 718 2028 131,
738 1990 776 2019 et
799 1981 1005 2019 Phavorin.
1028 1979 1184 2026 ;“Υλας,

155 2032 375 2086 Ἡρακλέους
428 2036 618 2090 ἐρώμενος,
675 2037 745 2081 υἱὸς
804 2038 1066 2089 Θειοδάμαντος
1125 2040 1186 2076 τοῦ

153 2090 310 2144 Δρύοπος
321 2093 463 2145 (Schol.
483 2096 650 2135 Theocr.
674 2097 711 2134 in
729 2106 957 2148 argumento
974 2097 1101 2146 Idyllii
1124 2099 1183 2142 18,

153 2160 337 2203 corrupte
350 2153 508 2193 exhibet
528 2155 728 2209 δρυτόμου).
763 2156 870 2196 Οὕτω
890 2156 1069 2198 Μνασέας.
1094 2155 1185 2194 Ἑλ·-

151 2207 288 2254 λάνικος
317 2211 353 2249 δὲ
397 2213 620 2265 Θειομένητα
639 2214 898 2267 Θειοδάμαντος
914 2216 1025 2255 καλεῖ.

152 2329 252 2373 gnum
264 2321 347 2355 inter
362 2331 398 2355 se
412 2324 601 2358 diviserunt.
622 2327 776 2368 Pelasgus
792 2327 954 2368 regionem
970 2326 1109 2359 Erasino
1123 2325 1180 2357 tlu-

154 2375 208 2398 vio
222 2367 421 2409 adjacentem
437 2371 578 2404 obtinuit
593 2373 804 2415 condiditque
817 2375 1001 2412 Larissam;
1018 2375 1090 2405 Iaso
1106 2380 1180 2412 quae

152 2414 195 2445 ad
207 2414 289 2467 Elin·
298 2416 360 2448 sita
375 2421 452 2449 sunt
464 2419 658 2460 obtigerunt.
678 2421 736 2453 His
750 2421 910 2453 defunctis
926 2424 1064 2462 Agenor,
1081 2420 1180 2451 frater

152 2461 231 2490 natu
248 2461 414 2502 minimus,
429 2465 667 2505 expeditionem
680 2468 714 2499 in
729 2468 812 2499 hanc
823 2470 940 2499 terram
954 2466 1180 2507 suscepitmul-

153 2508 226 2538 tum
241 2507 382 2541 educens
398 2511 578 2551 equitatum
592 2524 602 2553 ;
633 2514 673 2545 ab
689 2514 751 2546 hoc
766 2514 908 2555 equitatu
926 2519 1028 2554 Argos
1044 2513 1179 2554 appella-

153 2556 221 2586 tum
229 2557 279 2588 est
288 2556 509 2598 Hippobotum
519 2560 632 2602 (equos
641 2563 804 2603 pascens),
812 2563 853 2594 ab
861 2565 933 2595 Iaso
941 2565 1050 2595 autem
1057 2564 1178 2601 Iasum,

151 2610 171 2632 a
184 2601 315 2642 Pelasgo
331 2603 470 2646 denique
485 2606 608 2640 dictum
628 2612 677 2641 est
692 2610 903 2650 Pelasgicum.

186 2648 381 2702 ‘Hellanicus
397 2653 462 2684 tres
475 2652 575 2687 fuisse
587 2655 667 2688 dicit
684 2657 845 2689 Phoronei
859 2655 953 2696 filios,
968 2658 1025 2697 qui
1041 2656 1115 2697 post
1127 2663 1177 2696 pa-

155 2696 212 2748 tris
231 2695 358 2749 obitum
374 2706 506 2739 regnum
523 2700 606 2734 inter
618 2711 653 2734 se
665 2703 856 2736 diviserunt.
874 2704 957 2743 Quae
972 2703 1108 2735 Erasino
1123 2701 1176 2733 ssu-

153 2750 207 2773 vio
227 2742 395 2785 adjacent,
413 2747 546 2789 Pelasgo
559 2773 568 2789 ‚
597 2750 651 2791 qui
668 2752 831 2783 Larissam
847 2752 891 2784 ibi
907 2750 1052 2783 condidit
1067 2759 1075 2788 ;
1106 2757 1179 2789 quae

153 2791 260 2840 autem
277 2790 359 2843 lindi
373 2795 450 2826 sunt
463 2796 622 2837 proxima,
636 2800 709 2830 Iaso
725 2798 936 2839 contigerunt.
945 2801 1042 2830 Terra
1058 2797 1117 2828 hac
1132 2804 1178 2827 ra-

156 2837 240 2868 tione
252 2836 434 2880 distributa,
451 2844 577 2883 Agenor
593 2847 764 2886 paternum
781 2846 902 2887 accepit
917 2845 1111 2886 equitatum.
1130 2845 1178 2875 Ita

156 2881 278 2914 sactum
295 2887 355 2924 est,
375 2890 410 2918 ut
424 2889 537 2922 eodem
552 2892 696 2933 tempore
711 2892 824 2933 triplex
842 2895 943 2934 Argos
953 2900 1070 2924 nomen
1086 2890 1178 2922 habe-

155 2931 212 2967 ret,
229 2932 358 2984 Iasum,
374 2935 462 2974 quod
474 2945 514 2968 ex
533 2938 679 2980 Odyssea
690 2948 819 2980 quoque
834 2940 1004 2980 intelligas,
1020 2937 1178 2977 Pela-⁹9²*-

155 2982 242 3014 cum,
255 2979 492 3018 Hippobotum.
509 2985 589 3017 Sunt
598 2986 694 3018 etiam
707 2987 762 3027 qui
770 2990 946 3028 Agenorem
956 2988 1030 3028 post
1042 2987 1177 3017 mortem

155 3020 290 3054 fratrum
303 3026 405 3058 multo
421 3037 496 3061 cum
515 3032 660 3072 equitatu
675 3034 911 3075 expeditionem
936 3032 1116 3073 suscepisse
1131 3031 1176 3063 di-

155 3070 241 3106 cant,
258 3068 297 3100 ab
309 3079 409 3112 eaque
426 3085 459 3108 re
477 3080 575 3119 Argos
591 3081 798 3113 nominatum
812 3089 883 3113 esse
898 3079 1132 3122 Hippohotum.

166 3211 175 3218 .
193 3165 355 3218 *Phineum
370 3173 555 3210 Hellanicus
571 3180 785 3220 Agenoridam
807 3180 897 3220 dicit,
923 3179 998 3220 quia
1023 3177 1175 3218 Agenoris

156 3211 241 3264 1111ϋὲ
256 3215 315 3244 est·
331 3233 372 3240 ·—
389 3221 541 3256 Nonnulli
554 3227 687 3258 tradunt
699 3236 772 3260 eum
789 3236 937 3268 regnasse
953 3226 986 3258 in
999 3225 1173 3266 Paphlago-

157 3267 222 3298 nffln
236 3267 310 3299 (1¹1ae
325 3266 374 3295 est
387 3267 472 3300 Asiae
487 3272 583 3311 regio,
601 3277 636 3304 ut
651 3274 696 3306 ait
711 3275 908 3307 Hellanicus.

199 3357 299 3412 Hyles
312 3383 321 3398 2
354 3364 498 3399 Herculis
517 3371 657 3402 amasius
670 3395 679 3411 ,
709 3373 793 3404 tilius
819 3375 887 3405 erat
909 3372 1171 3411 Theodamantis,

159 3405 307 3446 DYYOPls·
321 3410 369 3454 lta
376 3413 532 3447 Mnaseas.
545 3417 729 3450 Hellanicus
742 3429 818 3451 vero
825 3421 1071 3452 'l'lieomenetem
1080 3422 1178 3452 Theo-

875 181 1152 221 HELLANICI
1179 183 1506 225 FRAGMENTA.

1290 279 1507 317 «Hellanici
1529 281 1717 319 sententia
1739 280 1843 318 haud
1873 280 1991 319 dubie
2020 281 2091 320 suit
2117 282 2204 330 alia,
2222 291 2261 321 et

1239 338 1347 376 locus
1369 338 1629 376 emendandus
1646 348 1704 377 est
1729 340 1803 377 sic:
1819 338 2024 382 Ἑλλάνικος
2051 338 2088 378 δὲ
2111 340 2261 392 Θειομέ-

1240 411 1328 444 νητα
1343 397 1417 449 (vel
1440 396 1633 448 Θειομένη)
1653 396 1728 443 ἀντὶ
1748 397 2007 447 Θειοδάμαντος
2034 400 2146 437 καλεῖ.
2165 402 2260 437 Nam

1240 455 1279 493 in
1298 455 1434 493 iisdem
1455 456 1611 493 scholiis
1634 456 1682 494 ad
1701 470 1739 495 v.
1769 469 1866 504 1207
1888 464 2011 494 exstat
2033 455 2260 502 Θειομένους·

1241 515 1348 564 Hylae
1371 522 1479 565 pater
1497 515 1616 565 igitur
1635 515 1840 553 Hellanico
1867 523 2023 553 auctore
2051 515 2124 553 suit
2151 516 2260 554 Θειο-

1242 572 1386 623 μένης.»
1407 576 1531 612 Sturz.

1718 643 1781 681 40.

1293 705 1420 744 Schol.
1431 707 1577 745 Platon.
1594 707 1655 758 (ad
1668 707 1847 745 Phaedon.
1863 721 1901 758 p.
1921 709 1983 758 89,
2000 707 2046 759 C)
2059 721 2144 759 pag.
2165 709 2261 747 381:

1242 764 1438 820 Ἡρόδωρος
1463 764 1524 803 καὶ
1544 764 1752 810 Ἑλλάνικός
1776 781 1879 819 φασιν
1898 768 1966 815 ὡς,
1992 765 2049 805 ὅτε
2070 765 2133 814 τὴν
2158 765 2262 820 ὕδραν

1242 826 1420 880 Ἡρακλῆς
1439 825 1572 879 ἀνῄρει,
1597 825 1658 873 τὴν
1675 825 1791 879 ’Ἥραν
1816 826 1911 880 αὐτῷ
1927 830 2088 879 καρκίνον
2111 829 2265 881 ἐφορμῆ-

1242 900 1311 923 σαι·
1336 884 1419 938 πρὸς
1446 883 1506 922 δύο
1535 882 1570 922 δὲ
1597 885 1634 922 οὗ
1658 882 1846 934 δυνάμενον
1868 883 2054 935 μάχεσθαι,
2074 883 2263 937 σύμμαχον

1242 942 1517 982 ἐπικαλέσασθαι
1537 941 1594 981 τὸν
1615 941 1750 981 Ἰόλεων
1780 941 1927 994 (Ἰόλαον
1952 956 2014 993 ap.
2041 943 2177 994 Sieb.)·
2201 941 2262 981 καὶ

1240 1001 1392 1039 ἐντεῦθεν
1407 1004 1551 1055 ῥηθῆναι
1560 999 1623 1048 τὴν
1637 1000 1827 1054 παροιμίαν
1847 1000 1944 1054 (πρὸς
1958 999 2017 1040 δύο
2036 1002 2106 1040 οὐδ’
2118 1004 2137 1040 ὁ
2154 1001 2264 1055 Ἡρα-

1241 1060 1354 1108 κλῆς).
1376 1059 1560 1111 Ἐμνήσθη
1572 1058 1608 1097 δὲ
1621 1057 1750 1106 ταύτης
1772 1057 1922 1098 Πλάτων
1939 1058 1999 1097 καὶ
2018 1061 2054 1099 ἓν
2075 1059 2120 1098 ια’
2133 1058 2264 1111 Νόμων

1243 1118 1296 1169 (1)·
1322 1132 1414 1168 9¹9²
1427 1120 1487 1169 Β)-

1722 1187 1783 1226 41,

1298 1252 1426 1290 801101.
1456 1251 1616 1290 Hesiodi
1642 1253 1675 1290 Τ
1679 1252 1788 1302 heog.
1823 1253 1897 1301 293
1923 1266 1932 1288 :
1959 1250 2030 1291 Τὸν
2061 1251 2266 1305 Εὖρυτίωνά

1242 1325 1345 1363 φησιν
1358 1309 1564 1353 Ἑλλάνικος
1574 1312 1778 1360 γεγενῆσθαι
1789 1309 1858 1348 ἀπὸ
1866 1308 1982 1362 Ἄρεος
1998 1309 2057 1347 καὶ
2071 1308 2264 1363 Ἐρυθείας.

1242 1371 1330 1406 Haec
1348 1382 1395 1405 ex
1414 1367 1589 1406 Herculis
1608 1367 1768 1405 historia
1788 1368 1908 1419 petita
1927 1367 2119 1405 videntur.

1723 1436 1786 1474 42.

1296 1502 1423 1543 Schol.
1450 1506 1606 1540 Homer.
1626 1501 1671 1539 11.
1688 1504 1731 1548 B,
1758 1500 1828 1538 105
1845 1514 1854 1538 z
1874 1499 2010 1554 Πέλοψ,
2032 1502 2072 1540 ἐκ
2095 1500 2266 1554 προτέρας

1243 1561 1402 1612 γυναικὸς
1415 1560 1504 1612 ἔχων
1515 1559 1624 1598 παῖδα
1638 1558 1859 1613 Χρύσιππον,
1874 1558 2001 1610 ἔγημεν
2013 1558 2266 1609 Ἱπποδάμειαν

1242 1620 1305 1667 τὴν
1328 1617 1521 1669 Οἰνομάου,
1541 1618 1576 1663 ἐξ
1595 1612 1636 1664 ἧς
1659 1616 1796 1661 ἱκανοὺς
1818 1618 1948 1669 (vulgo
1965 1618 2107 1669 ἱκανῶς)
2127 1617 2267 1656 ἐπαιδο-

1243 1678 1399 1726 ποίησεν.
1416 1675 1663 1729 Ἀγαπωμένου
1686 1675 1722 1714 δὲ
1742 1676 1800 1714 ὕπ’
1819 1678 1925 1714 αὐτοῦ
1946 1675 2078 1730 σφόδρα
2094 1678 2154 1714 τοῦ
2177 1677 2268 1728 Χρυ-

1244 1739 1388 1785 σίππου,
1425 1737 1715 1792 ἐπιφθονήσαντες
1728 1735 1752 1784 ἥ
1767 1752 1804 1774 τε
1825 1735 1975 1790 μητρυιὰ
1995 1736 2056 1776 καὶ
2074 1738 2106 1775 οἱ
2124 1738 2267 1785 παῖδες,

1245 1798 1295 1848 μή
1314 1813 1387 1841 πως
1402 1797 1463 1836 καὶ
1483 1796 1527 1835 τὰ
1555 1799 1717 1848 σκῆπτρα
1754 1797 1847 1848 αὐτῷ
1883 1794 2097 1848 καταλείψῃ,
2120 1794 2266 1833 θάνατον

1244 1857 1497 1896 ἐπεὸούλευσαν
1515 1854 1650 1908 Ἀτρεὺς
1684 1854 1743 1892 καὶ
1763 1853 1944 1904 Θυέστης,
1970 1855 2002 1892 οἵ
2032 1853 2266 1907 πρεσὸύτατοι

1243 1918 1312 1954 τῶν
1329 1913 1475 1960 παίδων,
1508 1915 1613 1967 αὐτῷ.
1637 1914 1708 1965 (De
1733 1913 1793 1950 his
1814 1927 1849 1951 v.
1872 1912 1999 1964 infra.)
2018 1911 2267 1965 Ἀναιρεθέντος

1251 1970 1308 2013 οῧν
1329 1977 1388 2013 τοῦ
1403 1972 1630 2027 Χρυσίππου,
1641 1971 1765 2026 Πέλοψ
1784 1970 1955 2023 ἐπιγνοὺς,
1966 1971 2174 2025 ἐφυγάδευσε
2189 1970 2268 2015 τοὺς

1246 2033 1449 2087 αὐτόχειρας
1505 2035 1566 2079 τῆς
1605 2034 1740 2086 σφαγῆς
1774 2032 1939 2083 (Villois.
1976 2030 2099 2084 αὐτόχ.
2135 2031 2266 2081 αὐτῶν)

1244 2092 1447 2144 γενομένους
1487 2092 1635 2139 παῖδας,
1668 2090 1929 2144 ἐπαρασάμενος
1969 2091 2082 2134 αὐτοῖς
2115 2089 2176 2128 καὶ
2215 2091 2267 2143 τῷ

1243 2154 1367 2205 γε’νει,“
1388 2152 1431 2190 δι’
1452 2153 1565 2189 αὐτῶν
1599 2151 1761 2203 (Villois.
1786 2152 1837 2203 τῷ
1855 2150 1946 2202 γένει
1973 2151 2100 2202 αὐτῶν)
2129 2152 2265 2203 ἀναιρε-

1245 2215 1357 2259 θῆναι.
1373 2212 1420 2251 Οἱ
1432 2210 1494 2262 μὲν
1506 2204 1563 2249 οῧν
1578 2209 1678 2249 ἄλλοι
1695 2210 1833 2262 ἀλλαχῇ
1846 2208 2051 2247 ἐκπίπτουσι
2066 2211 2127 2256 τῆς
2137 2207 2263 2255 Πίσης·

1245 2323 1405 2356 damantis
1415 2322 1518 2354 filium
1531 2321 1676 2353 nominat
1687 2320 1753 2363 (vel
1754 2322 1889 2362 potius:
1903 2319 2150 2352 Theomenetem
2163 2319 2263 2352 Theo-

1242 2369 1404 2403 damantis
1419 2369 1490 2402 loco
1502 2367 1672 2409 nominat).
1720 2415 1770 2448 4ο

1283 2470 1471 2502 Herodorus
1492 2469 1525 2501 et
1539 2467 1723 2500 Hellanicus
1739 2467 1893 2506 narrant,
1909 2475 2010 2507 quum
2026 2465 2169 2506 Hydram
2186 2468 2261 2498 Her-

1240 2517 1328 2549 cules
1360 2515 1535 2548 interficere
1551 2514 1666 2553 vellet,
1683 2516 1843 2546 Junonem
1862 2513 2035 2545 immisisse
2051 2512 2080 2544 ei
2095 2521 2258 2545 cancrum.

1243 2563 1338 2595 Illum
1358 2572 1446 2602 vero,
1462 2571 1561 2603 quum
1575 2563 1686 2593 contra
1701 2561 1767 2592 duo
1782 2561 1944 2592 certamen
1959 2568 2024 2591 non
2038 2561 2148 2600 posset
2162 2560 2259 2592 susti-

1240 2619 1327 2650 nere,
1347 2609 1465 2642 auxilio
1481 2609 1657 2641 advocasse
1671 2608 1795 2640 Iolaum
1811 2631 1820 2647 ‚
1848 2607 1936 2638 unde
1960 2609 2071 2638 natum
2090 2608 2176 2638 esset
2190 2615 2260 2648 pro-

1238 2657 1398 2696 verbium,
1427 2658 1547 2689 contra
1567 2656 1633 2688 duo
1654 2664 1694 2687 ne
1712 2655 1865 2687 Hercules
1881 2654 2011 2695 quidem
2025 2677 2034 2693 ‚
2059 2654 2153 2694 cujus
2169 2653 2260 2686 Plato

1238 2704 1434 2736 mentionem
1451 2703 1527 2735 fecit
1541 2704 1575 2734 in
1593 2702 1754 2735 Phaedone
1779 2705 1811 2734 et
1834 2704 1956 2742 Legum
1975 2701 2056 2733 libro
2074 2700 2256 2733 undecimo.

1717 2756 1779 2789 41.

1277 2809 1487 2849 Eurytionem
1495 2807 1678 2840 Hellanicus
1689 2809 1802 2839 natum
1810 2807 1893 2839 dicit
1904 2815 1944 2839 ex
1954 2807 2056 2839 Marte
2067 2806 2255 2846 etErytliea.

1718 2861 1780 2894 42.

1278 2907 1392 2947 Pelops
1406 2931 1415 2946 ,
1444 2909 1614 2948 postquam
1631 2915 1671 2938 ex
1695 2906 1800 2947 priore
1828 2914 1929 2938 uxore
1956 2905 2057 2936 lilium
2073 2906 2256 2944 susceperat

1237 2953 1467 2994 Chrysippum,
1482 2953 1516 2984 iu
1526 2953 1765 2984 matrimonium
1776 2952 1869 2984 duxit
1882 2951 2141 2992 Hippodamiam,
2155 2951 2255 2982 OEno-

1236 2999 1299 3031 mai
1323 3000 1431 3039 filiam,
1448 3002 1480 3031 et
1494 2999 1602 3040 plures
1633 3007 1672 3031 ex
1706 3007 1744 3030 ea
1768 2998 1885 3030 liberos
1909 2997 2028 3038 genuit.
2048 2999 2157 3034 Quum
2178 3005 2256 3029 vero

1236 3046 1436 3087 Chrysippus
1446 3047 1651 3078 vehementer
1661 3045 1701 3076 ab
1708 3054 1746 3077 eo
1753 3047 1923 3083 amaretur,
1933 3046 1964 3075 et
1975 3052 2113 3075 noverca
2122 3044 2256 3084 eJusque

1235 3092 1309 3133 filii,
1333 3101 1373 3125 ne
1385 3092 1461 3124 huic
1474 3094 1563 3134 pater
1577 3094 1739 3133 sceptrum
1753 3091 1945 3131 relinqueret
1957 3092 2134 3122 metuentes
2148 3114 2158 3130 ,
2175 3090 2253 3122 invi-

1235 3140 1356 3180 derent,
1371 3142 1486 3172 Atreus
1496 3140 1529 3171 et
1540 3139 1706 3180 Thyestes,
1721 3138 1777 3170 filii
1787 3139 1864 3169 natu
1876 3137 2023 3176 maximi,
2038 3136 2078 3168 ‹le
2088 3137 2176 3169 caede
2183 3136 2253 3177 ejus

1235 3186 1396 3227 agitaruut
1427 3185 1439 3228 [
1456 3187 1528 3218 sive
1554 3187 1596 3217 ut
1635 3186 1759 3218 Veneta
1773 3208 1782 3224 ‚
1824 3185 1954 3216 Atreum
1984 3186 2016 3216 et
2054 3184 2226 3224 Thyestem
2241 3206 2252 3222 ,

1234 3231 1316 3264 filios
1337 3234 1414 3264 natu
1436 3231 1607 3270 maximos,
1623 3231 1699 3263 huic
1714 3231 1758 3262 rei
1781 3229 2000 3271 praeficientes,
2015 3229 2056 3262 de
2067 3229 2156 3261 caede
2182 3229 2253 3270 ejus

1234 3278 1416 3319 agitaruut}
1434 3281 1483 3310 Ita
1502 3278 1702 3319 Chrysippus
1730 3277 1917 3308 interemtus
1951 3279 2012 3308 est.
2041 3276 2133 3314 Quod
2150 3283 2252 3316 quum

1235 3326 1348 3366 Pelops
1363 3325 1590 3367 comperisset,
1612 3325 1670 3365 qui
1688 3324 1756 3356 suis
1773 3323 1921 3356 manibus
1939 3323 2060 3355 caedem
2076 3324 2252 3364 perpetras-

1235 3375 1305 3404 sent
1319 3372 1400 3404 tilios
1415 3373 1447 3403 in
1462 3371 1594 3404 exilium
1607 3371 1707 3410 misit,
1721 3373 1753 3403 et
1763 3373 1799 3402 ut
1812 3370 1873 3411 ipsi
1887 3377 2061 3410 eorumque
2075 3376 2177 3409 genus
2186 3376 2252 3399 mu-

1235 3422 1290 3452 tua
1305 3419 1393 3452 caede
1408 3418 1572 3451 interirent
1587 3419 1782 3459 imprecatus
1797 3420 1856 3450 est.
1870 3417 1919 3449 llli
1933 3417 2028 3457 igitur
2041 3416 2116 3448 Pisa
2127 3413 2253 3456 expulsi
