2294 3704
951 118 1019 157 DE
1046 117 1352 159 HELLANICO.

58 217 69 227 ⁸
93 212 168 250 nisi
186 211 403 250 Atticarum
427 207 645 247 fabularum
668 205 874 244 enarratio.
899 207 976 242 Has
998 218 1120 255 expo-

93 272 173 311 suit
189 270 377 322 peculiari
396 279 515 319 opere
537 273 722 316 quattuor
741 263 948 310 librorum,
978 263 1083 313 quod
1105 277 1127 301 a

94 328 324 379 Thucydide
345 325 395 378 (1,
410 324 479 376 97)
492 326 515 371 ἡ
530 321 673 369 Ἀττικὴ
691 320 873 375 συγγραφή
892 321 1126 369 nominatur,

93 389 133 426 in
155 385 374 438 fragmentis
395 392 524 422 autem
555 382 603 420 ad
626 381 915 419 similitudinem
937 380 1127 417 seriorum

95 447 302 489 librorum,
319 444 384 494 qui
402 443 443 480 in
462 442 597 480 eodem
616 440 869 478 versabantur
884 447 1127 490 argumento,

91 505 253 542 Atthidis
290 502 348 539 vel
377 502 567 538 Atthidum
599 499 754 537 nomine
799 498 1062 548 designatum,
1090 505 1128 535 et

92 562 227 613 fragm.
253 573 302 597 ιο
320 573 342 598 a
355 558 573 597 Phoronide
588 558 743 596 disertis
755 556 886 595 verbis
903 556 1127 594 distinctum

92 620 280 659 videmus.
312 621 454 656 Verum
483 618 523 655 in
556 617 630 655 hoc
659 630 779 668 opere
804 616 1024 654 Hellanicus
1049 628 1127 652 non

92 679 262 720 substitit
292 680 332 717 in
362 678 547 717 fabulosis
578 676 839 728 temporibus,
882 690 1009 727 neque
1040 676 1126 714 data

92 738 336 779 solummodo
362 738 564 775 occasione
595 736 645 775 ad
669 736 854 774 seriorem
883 743 1031 773 aetatem
1057 735 1128 773 de·-

92 798 264 846 sceudit,
294 796 361 835 sed
383 793 607 834 continuam
623 794 826 833 contexuit
843 794 981 832 Atticae
1000 794 1127 831 histo-

60 861 63 865 '
91 859 190 897 riam
208 857 299 895 inde
319 855 368 894 ab
383 859 515 907 Ogyge
533 855 595 893 vel
611 855 785 905 Cecrope
807 867 930 905 usque
946 853 994 892 ad
1012 852 1129 891 finem

92 918 187 957 belli
200 915 535 967 Peloponnesiaci.
557 914 704 965 Saepius
719 926 807 951 eum
827 913 868 951 in
881 912 998 951 rebus
1014 912 1124 950 Athe-

92 976 283 1015 niensium
313 974 362 1012 ad
394 987 455 1012 res
475 972 856 1011 Lacedaemoniorum
887 972 1130 1022 aliorumque

93 1036 254 1074 fortasse
274 1033 507 1085 populorum
527 1037 754 1071 Graecorum
773 1031 988 1083 respexisse
1002 1039 1040 1068 et
1059 1044 1131 1082 per

94 1115 134 1140 se
146 1099 348 1152 probabile
361 1107 418 1137 est
430 1107 469 1136 et
482 1097 672 1136 indicatur
687 1097 900 1148 fragmento
919 1099 983 1145 67,
1000 1095 1069 1134 ubi
1083 1096 1130 1134 de

94 1159 242 1198 Helotis
264 1159 406 1196 citatur
422 1155 631 1199 Ἑλλάνικος
653 1157 689 1195 ἐν
706 1158 751 1208 τῇ
766 1155 902 1210 πρώτῃ.
926 1155 1130 1195 Putaveris

93 1219 169 1257 hoc
189 1232 237 1256 ex
255 1217 509 1256 Sacerdotum
528 1215 632 1253 libro
649 1216 776 1266 primo
798 1215 1020 1253 desumtum
1034 1227 1130 1262 esse,

94 1292 214 1331 quum
234 1277 364 1329 operis
386 1276 527 1315 notitia
546 1289 624 1314 non
654 1276 703 1314 sit
727 1275 889 1326 adjecta.
915 1275 990 1314 Sed
1012 1283 1056 1313 ut
1083 1289 1132 1312 ex

94 1338 250 1376 Atthide
270 1337 434 1388 petitum
455 1335 611 1373 credam
627 1343 757 1373 movet
770 1348 831 1372 me
852 1343 931 1372 tum
953 1335 1006 1383 id,
1024 1333 1132 1385 quod

95 1397 354 1447 fragmentum
368 1394 494 1432 hocin
508 1393 828 1444 Harpocrationis
842 1393 985 1430 Lexico
1002 1405 1132 1430 rerum

95 1456 309 1494 Atticarum
326 1454 486 1504 legitur,
510 1461 591 1490 tum
612 1452 719 1503 quod
745 1452 817 1489 aliu
835 1460 917 1490 erat
931 1452 972 1489 in
992 1455 1131 1490 Sacer—

96 1513 255 1552 dotibus
276 1513 464 1550 librorum
485 1511 638 1549 divisio.
666 1512 801 1560 'Quum
822 1512 951 1562 itaque
970 1511 1018 1548 de
1038 1512 1131 1549 llelo

97 1572 194 1611 urbe
220 1585 242 1609 a
274 1570 530 1609 Doriensibus
563 1571 604 1608 in
635 1570 863 1608 servitutem
906 1570 1064 1609 redacta
1090 1571 1129 1608 in

98 1630 256 1670 Atthide
276 1642 402 1668 sermo
420 1629 686 1667 institueretur
698 1658 708 1677 ,
730 1629 894 1666 sortasse
914 1629 1029 1666 etiam
1049 1643 1132 1680 quae

96 1689 144 1727 de
163 1692 442 1740 Spartanorum
459 1687 556 1726 dixit
574 1687 787 1739 republica,
809 1686 919 1738 cujus
936 1688 1130 1725 constitu-

97 1748 254 1794 tionem,
264 1747 369 1785 nulla
383 1746 484 1784 facta
497 1747 694 1785 mentione
707 1747 886 1797 Lycurgi,
900 1746 948 1784 ad
958 1747 1131 1786 Proclem

96 1814 135 1844 et
149 1806 431 1856 Eurysthenem
449 1805 584 1843 retulit
602 1806 655 1858 (v.
671 1806 819 1857 Ephor.
839 1805 886 1843 fr.
908 1806 967 1853 18,
994 1806 1074 1856 19),
1091 1806 1132 1843 in

96 1865 254 1903 Atthide
267 1864 507 1915 legebantur.
524 1865 586 1903 Nil
603 1865 785 1908 decern03
800 1873 962 1916 apparet
974 1877 1068 1902 vero
1085 1878 1131 1902 ex

97 1925 234 1975 fragm.
249 1925 297 1970 67
320 1923 488 1974 primum
506 1924 630 1961 nostri
649 1924 777 1974 operis
791 1923 934 1961 librum
953 1924 1000 1961 ad
1018 1925 1133 1962 mini-

96 1996 201 2020 mum
218 1982 449 2033 pertinuisse
466 1996 588 2033 usque
603 1982 653 2020 ad
675 1991 848 2033 tempora
864 1991 952 2033 post
967 1983 1133 2021 reditum

95 2041 404 2088 Heraclidarum,
426 2049 542 2092 atque
561 2042 826 2080 verisimiliter
845 2056 967 2093 usque
984 2043 1033 2081 ad
1055 2044 1132 2081 mi-

95 2101 309 2152 grationem
340 2101 523 2139 Ionicam.
564 2102 700 2139 Altero
753 2100 856 2138 libro
892 2101 1133 2139 Hellanicum

96 2160 219 2210 egisse
234 2159 410 2197 videmus
417 2160 464 2198 de
473 2159 652 2198 tribubus
666 2159 930 2206 aCallisthene
950 2161 1134 2198 institutis

96 2231 140 2255 ac
162 2217 210 2254 de
233 2216 499 2256 sacerdotibus
520 2231 734 2268 eorumque
760 2219 923 2256 familiis.
943 2222 1000 2257 Ex
1021 2220 1134 2257 tertio

96 2275 196 2314 libro
217 2277 312 2314 nihil
330 2286 521 2315 servatum
542 2277 739 2315 habemus
761 2277 816 2315 Ad
835 2286 1037 2328 quartum,
1055 2286 1134 2329 quo

97 2335 353 2386 probabiliter
365 2348 426 2373 res
442 2336 530 2373 inde
546 2336 740 2374 aPersicis
754 2335 865 2374 bellis
884 2350 1003 2387 usque
1020 2337 1068 2375 ad
1088 2338 1134 2374 fi-

95 2407 182 2431 nem
207 2392 300 2432 bell'i
317 2394 636 2445 Peloponnesiaci
660 2402 786 2445 gestas
815 2396 1011 2445 exposuit,
1031 2396 1134 2433 refe-

96 2452 259 2494 rendum
291 2461 387 2504 puto
417 2453 463 2491 fr.
505 2454 554 2500 78
592 2453 640 2491 de
654 2453 855 2491 Andocidc
885 2467 907 2491 a
938 2456 1135 2493 Mercurio

96 2523 216 2561 genus
246 2512 481 2558 deducente;
526 2512 632 2563 quod
680 2513 763 2550 sine
808 2512 928 2551 dubio
962 2527 1132 2552 comme-

97 2572 263 2608 moravit
302 2571 369 2608 ubi
394 2571 472 2622 egit
507 2571 555 2609 (le
582 2585 716 2610 caussa
744 2573 1132 2624 Hermocopidarum.

96 2632 314 2679 Fragmenti
336 2630 385 2667 80
403 2630 451 2667 ad
480 2644 559 2668 rem
591 2644 625 2669 a.
657 2637 733 2676 406
772 2640 918 2682 gestam
950 2643 1133 2684 spectan-

99 2686 147 2724 tis
172 2687 253 2738 jam
290 2702 408 2739 supra
444 2689 680 2728 mentionem
711 2691 784 2728 feci
824 2691 890 2742 (1).
916 2694 1043 2731 Facile
1083 2709 1131 2732 ex

97 2745 156 2783 his
189 2747 384 2798 colligitur
424 2748 664 2786 Hellanicum
710 2763 859 2788 summa
881 2759 1028 2790 tantum
1069 2768 1132 2792 re-

98 2817 183 2842 rum
204 2806 329 2856 capita
351 2819 544 2854 narrasse,
567 2808 674 2858 quod
697 2809 746 2847 de
773 2808 890 2847 rebus
910 2811 1011 2849 inter
1053 2817 1134 2851 Me-

97 2862 181 2900 dica
224 2872 262 2901 et
296 2865 666 2915 Peloponnesiacum
709 2868 853 2906 bellum
895 2871 1010 2921 gestis
1063 2885 1108 2909 ex

99 2934 231 2971 presse
267 2930 427 2972 testatur
457 2925 704 2975 Thucydides
739 2928 762 2965 l.
798 2928 823 2965 l.
856 2928 1028 2967 breviter
1060 2930 1130 2969 has

98 2980 230 3018 dicens
263 2989 382 3020 tactas
417 2996 499 3021 esse
523 2992 562 3021 et
585 2993 804 3037 temporum
828 2988 977 3026 ratione
1002 2989 1131 3027 minus

99 3038 307 3089 diligenter
326 3040 540 3080 observata.

151 3099 345 3146 Quattuor
360 3100 441 3138 haec
460 3115 546 3152 quae
564 3101 765 3154 hucusque
782 3103 830 3141 de
853 3103 971 3143 rebus
986 3108 1130 3145 Graecis

139 3187 184 3228 (1)
206 3190 279 3221 Non
303 3199 434 3231 prorsus
459 3196 543 3226 recte
559 3194 655 3235 igitur
673 3196 892 3236 Bougainvillc
913 3198 945 3230 in
971 3200 1074 3232 Μόνη.
1089 3201 1132 3233 de

99 3233 228 3287 l'sicad.
245 3238 325 3269 tom,
342 3240 466 3280 XXIX,
482 3249 514 3282 p.
537 3243 594 3273 124
609 3242 692 3274 dixit
710 3253 717 3274 :
734 3244 924 3286 L’mcvraqe
939 3246 981 3278 dc
1005 3248 1130 3289 Thucy-

97 3279 177 3313 dide
191 3282 279 3315 &tait
292 3292 335 3316 en
347 3286 456 3318 meme
469 3289 576 3329 temps
591 3297 661 3321 ‘eme
684 3292 924 3325 conle'mmlion
937 3295 970 3326 cc
989 3303 1037 3326 un
1055 3305 1132 3336 sup-

97 3326 252 3368 plement
267 3328 309 3360 de
323 3331 461 3365 l‘Atlln's
474 3333 516 3366 de
530 3336 746 3368 Hellanicus.

2094 135 2212 163 xxvn

1181 219 1301 258 opera
1316 206 1507 259 recensui,
1523 206 1562 246 in
1578 220 1699 246 unum
1715 221 1872 259 corpus,
1887 217 1932 246 ut
1947 209 2041 247 mihi
2057 212 2213 262 quidem

1181 278 1407 315 persuasum
1427 274 1506 312 est,
1527 265 1735 317 conjuncta
1754 275 1879 315 erant,
1901 276 2017 319 atque
2038 270 2150 308 simul
2173 271 2215 309 in

1181 323 1378 374 publicum
1400 326 1502 364 edita
1526 335 1628 364 sunt.
1649 326 1926 364 Distinctiones
1948 335 1986 364 et
2006 327 2215 368 divisiones

1181 395 1346 432 operum
1366 383 1653 435 librorumque,
1679 393 1723 422 ut
1748 385 1787 423 in
1806 384 1986 423 omnibus
2008 386 2087 424 fere
2100 387 2215 438 hujus

1182 440 1306 477 aetatis
1331 441 1499 492 scriptiS‚
1520 456 1541 479 a
1566 443 1710 481 seriore
1729 443 1900 494 quodam
1920 444 2078 482 homine
2104 446 2216 484 factae

1181 511 1263 536 esse
1299 499 1502 538 videntur.
1539 503 1676 552 Itaque
1708 516 1828 553 quum
1869 511 1991 541 totum
2033 505 2216 542 volumen

1181 557 1313 596 decem
1345 556 1466 595 libros
1504 561 1740 609 contineret,
1770 561 1876 613 quod
1928 564 2216 614 Harpocration

1182 616 1499 667 Stephanephori
1538 620 1773 658 mentionem
1808 620 1948 658 factam
1987 634 2070 659 esse
2122 622 2217 660 dicit

1182 674 1415 713 Phoronidis
1431 674 1535 713 libro
1554 676 1703 715 decimo
1715 709 1727 729 ,
1743 679 1784 716 id
1803 679 1858 717 ita
1875 680 2061 731 explicari
2073 683 2216 731 possit,

1181 742 1226 771 ut
1254 747 1343 771 eum
1368 741 1610 784 postremum
1647 736 1879 776 Phoronidis
1920 738 2087 787 librum,
2127 753 2217 778 cum

1183 802 1382 845 postremo
1402 791 1506 831 libro
1541 795 1658 831 totius
1679 797 1808 846 operis
1821 827 1832 848 ,
1859 798 1968 849 cujus
1989 799 2116 850 prima
2128 813 2220 852 pars

1183 861 1265 891 erat
1285 854 1491 901 Phoronis,
1513 853 1730 892 confudisse
1751 863 1972 895 statuamus.

1236 911 1295 950 Ab
1325 913 1386 951 his
1418 925 1516 952 vero
1548 911 1784 963 sejungenda
1820 924 1916 965 puto
1947 916 2125 953 Lesbiaca
2155 917 2217 954 vel

1183 975 1340 1020 AEolica,
1363 985 1448 1023 quae
1471 971 1571 1009 duos
1588 971 1636 1008 ad
1656 972 1858 1010 minimum
1874 973 1996 1013 libros
2016 976 2219 1027 complexa

1184 1028 1371 1082 σύνταγμα
1400 1030 1591 1084 ἐπιχώριον
1623 1030 1793 1078 fuerunt,
1836 1033 1950 1082 quale
1981 1034 2218 1082 Charonem,

1183 1090 1386 1141 Ephorum
1409 1098 1448 1127 et
1472 1090 1568 1128 alios
1588 1090 1730 1128 multos
1754 1090 1952 1141 scripsisse
1971 1101 2132 1130 constat.

1238 1151 1464 1199 Sequuntur
1486 1161 1729 1186 SACERDOTES
1745 1162 1911 1187 JUNONIS
1927 1164 2090 1196 ARGIVAE‚
2115 1152 2221 1203 quod

1185 1221 1284 1259 opus
1317 1208 1502 1260 synopsin
1536 1208 1851 1260 chronologicam
1882 1209 2109 1248 continebat
2138 1220 2219 1249 tum

1185 1281 1317 1306 earum
1340 1281 1491 1316 rerum,
1513 1281 1610 1319 quas
1636 1267 1677 1305 in
1704 1267 2220 1320 praecedentibus'operibus

1186 1327 1398 1365 secundum
1428 1328 1571 1378 stirpes
1599 1335 1715 1377 atque
1741 1335 1860 1365 terras
1888 1328 2116 1367 distributas
2138 1329 2221 1380 jam

1187 1395 1432 1434 tractaverat,
1449 1395 1529 1424 tum
1550 1400 1683 1424 earum
1705 1400 1791 1437 quae
1809 1387 1848 1424 in
1870 1387 1943 1425 illis
1958 1397 2121 1439 propter
2136 1403 2223 1427 nar-

1186 1446 1346 1483 rationis
1366 1445 1526 1483 modum
1547 1454 1588 1483 et
1605 1453 1781 1483 tenorem
1800 1445 1903 1484 haud
1920 1447 2125 1486 commode
2143 1461 2221 1499 po—

1188 1512 1344 1542 tuerant
1372 1505 1688 1550 commemorari,
1716 1513 1784 1542 aut
1800 1504 1848 1542 ad
1872 1507 2040 1557 populos
2067 1516 2220 1558 specta-

1187 1562 1304 1613 bant,
1340 1576 1508 1614 quorum
1539 1563 1579 1600 in
1611 1562 1811 1617 prioribus
1849 1565 1996 1602 nullam
2034 1565 2222 1604 rationem

1187 1622 1388 1661 habuerat.
1418 1623 1568 1661 Etenim
1593 1623 1694 1661 inter
1717 1623 1847 1674 plures
1864 1631 2040 1662 veterum
2059 1628 2221 1663 Graeco-

1187 1696 1273 1720 rum
1303 1691 1483 1734 tempora
1510 1695 1640 1720 rerum
1673 1682 1832 1720 notandi
1855 1684 2023 1722 rationes
2047 1698 2123 1722 una
2149 1686 2224 1723 suit

1186 1742 1263 1789 illa,
1284 1755 1361 1793 qua
1378 1755 1439 1779 res
1453 1750 1568 1793 gestae
1583 1741 1856 1780 referebantur
1871 1742 1920 1780 ad
1934 1745 2071 1781 seriem
2089 1757 2221 1782 sacer-

1187 1802 1325 1840 dotum
1348 1802 1512 1840 Junonis
1541 1801 1719 1853 Argivae,
1750 1815 1838 1852 quae
1870 1803 2034 1853 proprio
2065 1803 2222 1842 nomine

1186 1857 1366 1913 Ἥρεσίδε,
1399 1859 1641 1898 vocabantur
1678 1859 1750 1910 (α).
1789 1860 2101 1899 Asservabantur
2141 1863 2222 1900 sine

1188 1920 1308 1958 dubio
1337 1921 1377 1958 in
1412 1920 1557 1971 templo
1589 1919 1754 1957 Junonis
1778 1933 1911 1957 earum
1941 1921 2127 1971 catalogi,
2155 1922 2223 1960 illo

1189 1989 1385 2031 tempore,
1404 1988 1447 2018 ut
1464 1979 1641 2027 videtur,
1659 1979 1839 2027 confecti,
1855 1993 1934 2030 quo
1956 1981 2124 2030 primum
2148 1981 2222 2019 ho-

1189 2041 1336 2078 minum
1354 2040 1472 2079 animi
1493 2039 1800 2086 adducebantur,
1820 2048 1863 2077 ut
1883 2040 1985 2078 hunc
2008 2041 2048 2078 in
2063 2042 2222 2080 modum

1187 2100 1539 2137 vetustissimorum
1588 2107 1809 2149 temporum
1849 2101 2076 2138 memoriani
2111 2102 2218 2152 quasi

1189 2158 1426 2206 stabilirent,
1453 2167 1491 2196 et
1522 2158 1560 2195 in
1586 2158 1760 2196 ordinem
1779 2159 1971 2209 quendam
1991 2152 2229 2211 redigerenf.

1189 2221 1326 2268 Neque
1344 2218 1446 2256 enim
1466 2218 1548 2255 sola
1566 2217 1724 2254 nomina
1744 2218 1986 2256 sacerdotum
2008 2219 2048 2256 in
2067 2220 2113 2257 iis
2131 2228 2222 2258 c'on-

1189 2281 1336 2328 signata
1354 2277 1469 2314 fuisse
1490 2277 1696 2323 videntur,
1719 2277 1786 2314 sed
1806 2277 1923 2315 etiam
1943 2291 2071 2315 rerum
2094 2287 2221 2329 gesta-

1189 2351 1273 2374 rum
1291 2336 1636 2383 memorabiliores,
1656 2348 1708 2373 eae
1723 2336 1889 2374 maxime
1910 2349 1996 2386 quae
2012 2337 2060 2374 ad
2077 2338 2219 2375 cultum

1189 2396 1371 2441 deorum,
1405 2396 1454 2433 ad
1471 2396 1586 2442 festa,
1603 2395 1730 2442 ludos,
1751 2396 1824 2432 alia
1840 2395 1914 2433 hoc
1936 2410 2057 2446 genus
2072 2405 2224 2447 specta-

1191 2463 1288 2492 rent.
1311 2456 1380 2493 His
1397 2455 1517 2505 igitur
1544 2455 1764 2507 ἀναγραφαῖς
1787 2454 2008 2492 Hellanicus
2027 2463 2221 2505 tamquam

1190 2513 1441 2551 fundamento
1474 2526 1566 2550 usus
1599 2521 1679 2559 est,
1713 2513 1775 2550 cui
1806 2521 2088 2563 superstrueret
2121 2526 2221 2564 opus

1189 2574 1414 2610 historicum
1442 2586 1504 2610 res
1523 2572 1595 2610 sub
1622 2573 1783 2623 singulis
1805 2572 2068 2610 sacerdotibus
2096 2581 2220 2624 gestas

1187 2632 1358 2669 breviter
1376 2645 1590 2682 exponens.
1608 2632 1671 2669 Sic
1687 2631 1931 2680 Thucydides
1946 2644 2102 2682 quoque
2115 2633 2222 2683 poti—

1188 2705 1256 2728 ora
1283 2690 1375 2729 belli
1400 2690 1716 2741 Peloponnesiaci
1737 2689 2008 2742 παραπήγματα
2027 2691 2217 2729 Sacerdo-

1190 2764 1270 2793 tum
1290 2754 1513 2793 nominibus
1532 2753 1682 2791 notavit
1702 2754 1769 2805 (ΙΙ,
1789 2766 1826 2803 23
1843 2757 1910 2801 IV,
1933 2767 1946 2790 1
1959 2753 2038 2804 33),
2060 2754 2220 2792 eodem-

1230 2872 1275 2914 (2)
1298 2873 1437 2905 Nomina
1459 2871 1668 2904 sacerdotum
1691 2871 1778 2911 apud
1806 2872 1886 2903 vett.
1919 2871 2093 2913 scriptores
2123 2874 2221 2906 obvia

1186 2921 1257 2952 lure
1275 2919 1592 2960 sunt10allae'tlzyia
1620 2928 1648 2951 s.
1676 2918 1865 2959 Gallium,
1895 2919 2117 2960 Pirantifllia‚
2145 2922 2217 2961 Argi

1186 2967 1293 3009 neptis
1322 2967 1403 3008 (sive
1426 2969 1476 3006 Io)
1495 2966 1600 3007 prima
1615 2964 1772 2997 sacerdos.
1789 2967 1830 2998 V.
1847 2966 1967 2998 Euseb.
1985 2966 2107 2999 chron.
2130 2977 2162 3009 p.
2178 2971 2216 3001 24

1185 3018 1217 3047 et
1234 3019 1292 3047 105
1308 3014 1359 3046 ed.
1376 3013 1529 3053 Scaliger.
1553 3029 1594 3035 --
1616 3014 1650 3044 H
1655 3014 1917 3054 ypemnastra,
1942 3013 2046 3045 Danai
2062 3014 2137 3046 filia.
2154 3017 2216 3047 Eu-

1186 3061 1254 3094 seb.
1272 3070 1305 3102 p.
1327 3064 1396 3099 115,
1415 3069 1447 3090 n.
1465 3062 1537 3090 582.
1555 3077 1596 3084 —-
1618 3059 1764 3099 Alcyone
1788 3068 1814 3092 s.
1833 3060 1991 3099 Alcinoo,
2011 3061 2108 3093 tertia
2122 3064 2218 3094 oetate

1185 3110 1260 3140 ante
1274 3107 1395 3139 bellum
1407 3105 1594 3145 Trojanum.
1621 3107 1661 3137 V.
1688 3105 1727 3137 l'r.
1755 3110 1806 3139 53.
1830 3126 1872 3132 -
1887 3107 2039 3147 Admeto,
2068 3109 2217 3141 Herculis

1183 3156 1394 3196 temporibus.
1411 3156 1554 3186 Marmor
1574 3156 1705 3187 Farnes.
1730 3157 1764 3188 V.
1780 3155 1873 3188 infra.
1890 3176 1931 3183 -
1949 3157 2096 3189 Callisto
2110 3181 2119 3196 ‚
2136 3158 2216 3189 tem·

1185 3212 1261 3244 pore
1283 3201 1398 3234 excidii
1412 3200 1526 3232 Troiae.
1549 3202 1583 3232 V.
1599 3201 1639 3232 [ν.
1659 3204 1728 3234 144.
1746 3223 1787 3229 --
1805 3204 1969 3245 Cydippe,
1987 3203 2088 3236 Croesi
2105 3206 2211 3236 aetate.

1189 3252 1223 3282 V.
1246 3250 1388 3282 Fischer.
1410 3248 1451 3280 ad
1472 3247 1614 3280 AEscliin.
1638 3249 1762 3291 Dialog.
1790 3253 1832 3283 ΙΙΙ
1847 3274 1856 3290 ,
1883 3256 1932 3291 10,
1957 3260 1988 3292 p.
2018 3254 2086 3290 136,
2110 3260 2216 3292 sq.—

1186 3297 1336 3337 Clnysis,
1358 3295 1450 3328 initio
1467 3295 1542 3327 belli
1555 3296 1731 3338 Peloponn.
1747 3298 1893 3341 Tluicyd.
1914 3301 1944 3331 Π
1956 3323 1964 3338 ,
1990 3299 2214 3333 2.-Ρ1ια8η-

1186 3346 1251 3383 m‘S,
1273 3344 1375 3375 Tluic,
1400 3344 1455 3381 lV,
1480 3343 1546 3374 133.
