2320 3684
797 188 1132 231 APOLLODORI
1164 190 1498 230 FRAGMENTA.

139 337 339 378 Athenaeus
369 337 448 383 XI,
480 348 520 386 p.
557 335 648 382 482,
681 336 713 372 E
740 347 749 370 ε
779 332 914 386 Κύμὸα
947 334 1115 389 ποτήριον

75 391 341 450 Ἀπολλόδωρος
357 393 509 448 Παφίοις
533 394 595 445 (sc.
617 385 706 431 εἶναι
724 392 847 445 λέγει).
874 395 931 434 Cf.
956 395 1001 433 fr.
1028 395 1115 445 189,

81 454 149 494 ubi
163 454 296 494 eadem
316 467 376 493 res
391 467 440 492 ex
461 452 716 503 Etymologiis
733 452 925 491 laudatur.

135 516 298 556 «Oritur
310 514 591 562 controversia,
614 513 721 564 quod
738 512 786 551 ab
799 514 943 551 Athen.
961 516 1036 563 XI,
1056 527 1116 562 12,

80 588 120 627 p.
136 575 226 623 487,
236 577 279 623 B,
298 572 368 612 ubi
390 573 439 611 de
474 572 625 625 poculis
650 572 791 624 agitur,
812 571 1072 626 Ἀπολλόδωρος
1099 575 1117 612 ὃ

80 635 280 688 Κυρηναῖος
297 632 475 670 laudatur
499 646 508 669 ε
533 630 690 675 Μαστός.
721 631 982 684 Ἀπολλόδωρος
997 634 1016 670 ὁ
1036 633 1117 670 Κυ-

81 698 242 746 ρηναῖος,
259 693 305 735 ὣς
334 690 523 744 Πάμφιλος
562 690 666 745 φησὶ,
691 690 849 745 Παφίους
877 690 919 729 τὸ
949 690 1117 744 ποτήριον

79 751 172 790 οὕτω
203 752 335 790 καλεῖν.
366 750 527 789 Videtur
545 749 619 787 hoc
648 763 694 787 ex
719 749 923 801 Pamphilo
955 749 1116 788 laudari.

79 814 208 861 Quum
224 824 342 863 supra
361 810 424 862 [fr.
449 808 539 860 189]
556 809 660 846 aliud
675 809 805 860 poculi
826 821 967 846 nomen
985 807 1117 860 Κύμὸη

80 870 234 923 Cypriis
266 869 471 922 proprium
516 881 566 906 ex
600 867 829 919 Apollodori
864 867 1118 918 Etymologiis

78 929 275 967 laudatum
295 929 369 975 sit,
390 927 583 966 dubitatio
604 927 664 973 fit,
686 940 735 965 an
755 935 796 965 et
812 926 885 965 hoc
906 926 1119 978 Cyrenensi

80 988 266 1027 tributum
287 988 337 1027 ad
355 1001 444 1026 eum
458 993 617 1038 spectet.
630 1003 645 1020 »ι
666 990 847 1035 Heynius.

131 1107 272 1145 Athen.
302 1109 380 1158 XI,
401 1119 439 1157 p.
471 1104 562 1153 485,
588 1109 648 1143 D:
669 1102 870 1151 Λεπαστής.
955 1102 1117 1157 Ἀμερίας

79 1164 117 1205 δέ
133 1180 218 1219 φησι
238 1164 298 1204 τὸν
323 1163 484 1217 οἰνοχόην
509 1161 689 1211 λεπαστὴς
722 1164 918 1202 καλεῖσθαι.
956 1161 1118 1216 Ἄριστο-

79 1224 190 1279 φάνης
209 1223 246 1263 δὲ
263 1224 324 1264 καὶ
342 1223 602 1277 Ἀπολλόδωρος
615 1254 626 1272 ,
645 1221 742 1275 γένος
756 1216 845 1260 εἶναι
860 1220 1010 1265 κύλικος.

134 1342 274 1381 Athen.
303 1345 361 1381 XI
372 1371 383 1389 ,
398 1355 436 1393 p.
454 1348 543 1392 497,
560 1344 607 1380 F:
624 1339 808 1389 Σελευκὶς,
822 1338 876 1378 ὅτι
893 1338 963 1378 ἀπὸ
983 1338 1118 1379 Σελεύ-

79 1415 145 1439 κου
162 1400 334 1454 βασιλέως
346 1400 411 1448 τὴν
431 1399 668 1456 προσηγορίαν
684 1399 768 1453 ἔσχε
787 1398 828 1438 τὸ
841 1397 1011 1451 ἔκπωμα,
1030 1414 1117 1453 προ-

79 1460 217 1514 είρηται
242 1462 294 1513 (p.
311 1462 399 1509 488,
414 1462 472 1512 F),
504 1462 725 1513 ἱστοροῦντος
742 1462 845 1498 τοῦτο
863 1459 924 1498 καὶ
945 1459 1117 1498 Ἀπολλο-

80 1518 192 1574 δώρου
204 1523 266 1558 ‘toz
282 1519 475 1565 Ἀθηναίου.

133 1581 360 1630 Sequuntur
379 1579 419 1616 in
437 1578 579 1629 Heyuii
594 1577 765 1616 editione
785 1577 1000 1629 fragmenta
1013 1607 1024 1626 ,
1047 1576 1118 1615 ubi

555 1695 645 1729 245.

2133 199 2210 233 469

1172 279 1352 318 laudatur
1386 278 1652 331 Apollodorus
1685 277 1766 332 περὶ
1793 277 1937 333 θηρίων,
1957 279 1981 318 i.
2002 294 2035 319 e.
2069 283 2128 319 De
2146 282 2210 320 be-

1172 343 1250 377 sti1‘s
1263 343 1471 387 venenatis,
1480 347 1522 376 ut
1539 339 1767 390 explicatius
1785 339 1860 377 hoc
1874 352 1974 391 opus
1988 340 2128 379 citatur
2146 342 2210 380 in-

1175 405 1232 436 ter
1250 406 1427 436 auctores
1444 398 1557 436 Plinii
1580 398 1691 450 (nist.
1709 401 1794 437 Nat.
1815 396 1899 449 XI).
1921 398 1996 436 Sed
2011 407 2119 438 extra
2134 400 2210 438 du·-

1174 456 1402 495 bitationem
1437 457 1606 509 positum
1641 465 1698 495 est
1727 457 1808 495 haec
1836 457 1961 496 aliena
1990 457 2040 496 ab
2071 461 2212 498 Nostro

1175 516 1377 553 referenda
1402 529 1484 554 esse
1515 516 1563 554 ad
1586 516 1889 568 Apollodorum,
1915 517 2047 555 nescio
2073 532 2212 569 quem,

1175 574 1381 613 medicum.
1399 578 1496 613 Nam
1515 576 1647 627 plures
1678 576 1838 614 fuerunt
1868 576 2118 628 Apollodori,
2144 578 2212 629 qui

1175 632 1223 670 de
1243 633 1400 671 venenis
1414 635 1670 685 scripserant,
1686 635 1742 672 uti
1760 644 1923 686 apparet
1942 649 1989 674 ex
2005 636 2129 675 Plinio
2144 638 2210 687 (H.

1174 693 1221 729 N.
1235 693 1331 740 XX,
1350 699 1386 737 4,
1406 692 1478 742 13),
1495 693 1561 731 ubi
1578 693 1625 731 de
1643 694 1825 746 raphanis
1840 710 1848 733 ι
1865 698 1921 733 Et
1930 696 2058 733 contra
2070 700 2210 734 viscum

1174 764 1316 799 quoque
1330 752 1415 787 dari
1430 755 1643 802 Apollodori
1657 755 1727 790 duo
1735 754 1871 802 J'ubent
1883 769 1895 791 :
1912 757 1980 792 sed
2002 756 2136 793 Citieus
2154 770 2213 794 se-

1175 823 1260 847 men
1277 823 1327 846 ex
1344 824 1445 860 aqua
1461 815 1599 857 tritum,
1628 814 1847 850 Tarentinus
1864 827 2022 852 succum.

1229 870 1408 907 Ceterum
1445 869 1521 907 loci
1537 899 1548 918 ‚
1578 869 1719 920 quibus
1756 872 1988 922 Apollodori
2024 871 2122 911 liber
2154 875 2214 912 De

1177 927 1297 965 bestiis
1315 937 1652 975 commemoratur,
1686 930 1727 967 hi
1747 939 1858 968 sunt:
1879 932 1975 969 Plin.
2003 935 2047 970 N.
2066 935 2114 971 H.
2134 935 2212 983 XI,

1177 985 1241 1034 25,
1262 987 1341 1034 303
1373 989 1510 1034 XXII,
1547 1001 1583 1035 7,
1600 989 1623 1025 8
1643 996 1682 1026 et
1708 989 1777 1035 al.;
1804 989 1922 1027 schol.
1957 990 2141 1029 Nicandri
2171 991 2212 1028 in

1175 1046 1351 1085 Theriac.
1365 1060 1402 1084 v.
1426 1046 1515 1095 715,
1530 1060 1569 1098 p.
1591 1048 1638 1085 33
1660 1046 1721 1086 ed.
1740 1048 1857 1086 Paris.
1878 1064 1888 1096 3
1906 1062 1942 1087 v.
1962 1049 2051 1097 780,
2073 1062 2112 1101 p.
2133 1050 2181 1087 36
2200 1064 2212 1097 3

1177 1120 1212 1144 v.
1235 1106 1325 1153 858,
1360 1119 1399 1157 p.
1436 1107 1505 1156 393
1530 1106 1636 1143 idem
1669 1105 1710 1143 in
1744 1105 1922 1157 Alexiph.
1944 1121 1982 1159 p.
2016 1108 2065 1145 65
2086 1107 2141 1159 (p.
2164 1121 2214 1156 70

1176 1163 1415 1217 Schneider.)
1430 1173 1468 1203 et
1488 1179 1524 1216 p.
1540 1165 1590 1202 66
1611 1165 1663 1217 (p.
1675 1178 1723 1212 72
1739 1165 1987 1217 schneider.),
2005 1166 2054 1203 ad
2070 1180 2106 1204 v.
2123 1166 2214 1216 594;

1176 1224 1314 1262 AElian.
1336 1227 1382 1262 H.
1402 1227 1448 1262 A.
1468 1227 1560 1263 VIII
1573 1254 1583 1273 ‚
1600 1238 1620 1272 7
1637 1233 1676 1262 et
1697 1238 1756 1263 12.

1229 1285 1288 1320 De
1310 1283 1468 1334 reliquis
1489 1283 1764 1334 Apollodoris,
1797 1295 1964 1334 quorum
1985 1283 2119 1334 ingens
2155 1293 2216 1323 est

1176 1355 1382 1391 numerus,
1402 1356 1438 1381 v.
1461 1345 1489 1380 F
1493 1342 1612 1380 abric.
1634 1341 1733 1381 Bibl.
1754 1345 1821 1380 Gr.
1840 1345 1950 1380 Tom.
1972 1344 2039 1386 IV,
2059 1355 2097 1393 p.
2124 1355 2214 1393 299,

1177 1408 1215 1438 et
1223 1400 1382 1438 Galeum
1395 1402 1434 1439 in
1445 1401 1595 1440 dissert.
1607 1402 1655 1439 de
1669 1400 1923 1452 scriptoribus
1936 1401 2112 1451 mythicis
2125 1415 2217 1453 prae-

1175 1458 1253 1497 fixa
1274 1459 1435 1498 editioni
1455 1461 1608 1512 Scriptt.
1625 1460 1723 1498 Hist.
1739 1460 1861 1510 Myth.
1879 1474 1917 1512 p.
1937 1473 1984 1498 10
2004 1473 2087 1511 sqq.
2106 1463 2216 1499 Non-

1175 1518 1371 1556 nullorum
1385 1518 1560 1569 Heynius
1574 1532 1730 1570 quoque
1740 1519 1780 1557 in
1792 1520 1895 1558 calce
1909 1519 2215 1570 fragmentorum

1175 1577 1412 1616 collectionis
1430 1578 1666 1616 mentionem
1679 1578 1782 1616 facit.

1172 1687 1246 1719 cula
1268 1686 1471 1727 infunditur,
1497 1687 1653 1729 lepasten
1675 1687 1805 1729 vocari3
1829 1688 2061 1730 Aristophanes
2085 1696 2165 1721 vero
2181 1691 2215 1722 et

125 1741 253 1783 cymba
267 1763 279 1780 ,
297 1741 450 1783 poculum
475 1741 563 1783 apud
584 1740 744 1782 Paphios,
769 1740 807 1772 ut
822 1739 1040 1781 Apollodorus
1054 1740 1111 1773 ait.
1173 1733 1408 1776 Apollodorus,
1427 1743 1529 1775 genus
1545 1743 1615 1767 esse
1630 1734 1751 1767 calicis.

123 1790 263 1822 Mastos.
277 1789 492 1831 Apollodorus
508 1788 724 1831 Cyrenensis,
741 1790 779 1821 ut
794 1788 890 1821 refert
905 1788 1113 1831 Pamphilus,

81 1835 222 1878 Paphios
237 1835 284 1869 ait
301 1839 365 1872 hoc
379 1837 513 1870 nomine
527 1844 645 1869 vocare
659 1834 827 1877 poculum.

549 1890 640 1924 246.

1650 1788 1741 1821 247.

1217 1839 1377 1872 seleucis.
1403 1840 1432 1871 Α
1452 1839 1586 1872 Seleuco
1609 1848 1682 1881 rege
1702 1848 1821 1873 nomen
1841 1839 2005 1873 invenisse
2026 1840 2090 1873 hoc
2110 1847 2209 1881 pocu—

1175 1888 1262 1929 lum,
1280 1897 1379 1930 supra
1393 1888 1518 1921 dictum
1534 1889 1585 1922 est
1601 1898 1610 1920 ε
1631 1888 1721 1930 quod
1741 1888 1840 1922 etiam
1861 1888 2078 1931 Apollodorus
2100 1887 2212 1922 docuit

122 1935 277 1978 Lepaste.
308 1937 456 1971 Amen-ias
484 1936 566 1972 dicit
594 1935 750 1977 trunam,
774 1943 840 1977 qua
865 1934 980 1968 vinum
1000 1936 1035 1969 in
1058 1944 1113 1978 po-
1175 1936 1395 1970 Atheniensis.
