2320 3684
766 153 1071 193 THEOPOMPI
1101 154 1166 192 FR
1174 153 1237 192 AG
1245 151 1432 194 MENTA.

37 245 143 287 λοιπὰ
161 248 230 285 τῶν
262 247 380 301 ἱερῶν,
401 244 424 283 ἃ
455 243 498 291 δὴ
523 241 605 286 τοὺς
628 240 815 295 προγόνους
844 246 1066 293 καταλιπεῖν,

2083 153 2156 187 327

1124 243 1263 283 Strabo
1276 245 1363 291 VII,
1380 255 1420 293 p.
1437 241 1531 288 510;
1554 239 1713 278 Aristot.
1732 241 1790 278 De
1807 237 1892 275 mir.
1915 249 2016 275 ausc.
2041 250 2074 273 c.
2092 237 2162 282 303

38 308 98 348 καὶ
118 314 227 361 τιμᾷν
258 308 465 350 λιὸανωτοῖς
503 303 563 343 καὶ
599 303 759 355 ψαιστοῖς
790 304 851 343 καὶ
878 305 1067 349 ποπάνοις·
1125 303 1222 340 Plin.
1242 305 1290 340 Η.
1305 305 1350 340 N.
1365 303 1438 348 IX,
1464 301 1526 338 28.

38 367 120 406 καθ’
136 366 290 406 ἐνιαυτὸν
312 364 349 404 δὲ
369 363 488 407 θυσίας
513 363 714 416 δημοτελεῖς
733 365 927 411 ποιεῖσθαι,
946 379 1068 417 παρα-

39 427 204 465 λείποντα
222 423 386 476 οὐδεμίαν
402 422 522 478 ἑορτήν
536 438 544 447 ·
565 426 600 462 ἐν
619 425 738 467 αὐταῖς
755 421 791 461 δὲ
809 421 952 466 ταύταις
965 425 1071 476 θερα-

39 484 156 525 πεύειν
172 484 252 528 τοὺς
268 481 384 533 θεοὺς,
403 486 442 523 οὐ
461 486 709 536 βουθυτοῦντα,
733 480 811 520 οὐδὲ
828 483 936 536 ἱερεῖα
954 497 1071 520 κατα-

1181 413 1287 451 Idem
1303 427 1334 450 c.
1360 412 1451 450 152:
1468 413 1502 450 T
1503 409 1546 458 ὴν
1564 350 1821 452 δὲ2ἐ8ν7ίὶούσοις
1840 407 1986 462 κρήνην,
2005 406 2165 461 καθάπερ

1130 470 1227 523 παρὰ
1243 476 1314 513 τοῖς
1329 471 1585 522 Λαμψανηκοῖς
1602 468 1694 522 ἔχειν
1714 469 1750 506 ἐν
1771 469 1880 519 ἑαυτῇ
1912 470 1999 518 μ’ὔς,
2024 465 2166 518 ὁμοίους

39 543 234 595 κόπτοντα,
251 546 329 584 ἀλλ’
348 542 379 592 ὅ,
393 559 427 582 τι
441 542 483 582 ἂν
504 541 712 596 παρατύχη,
735 539 942 590 ἓπιθύοντα,
960 556 1075 580 σπου,
1130 534 1201 571 τοῖς
1213 527 1458 576 κατοικιδίοις,
1478 530 1628 582 ἱστορεῖν
1642 525 1679 566 δὲ
1692 531 1805 566 ταῦτα
1821 524 2037 575 Θεόπομπον
2053 526 2169 578 (Καλ-

42 606 156 652 δάζειν
170 605 290 659 μέντοι
304 603 373 643 ἀπὸ
382 602 521 642 πάντων
530 604 599 640 τῶν
610 598 906 655 περιγιγνομένων
916 602 1075 654 καρπῶν,
1135 586 1288 639 λίμαχός
1301 587 1432 640 φησιν)-

42 667 185 707 καὶτῶν
205 664 343 720 ὡραίων
368 663 390 702 ἃ
413 665 454 702 ἐκ
475 665 538 710 τῆς
551 664 614 714 γῆς
633 661 872 712 λαμὸάνεται,
892 666 964 704 τοῖς
990 662 1078 704 θεοῖς

42 726 104 770 τὰς
116 723 281 779 ἀπαρχὰς
300 722 504 775 ἀπονέμειν,
530 722 590 761 καὶ
613 719 659 759 τὰ
683 718 746 772 μὲν
763 718 1014 774 παρατιθέναι,
1034 718 1079 758 τὰ

40 783 81 827 δὲ
96 782 318 836 καθαγιάζειν
339 783 475 829 αὐτοῖς,
496 779 598 819 αὐτὸν
621 780 657 818 δὲ
682 782 726 831 τῇ
747 778 940 834 αὐταρκείᾳ
959 794 1075 833 προσ-

44 842 223 898 εσχηκότα
235 846 296 882 τοῦ
311 844 414 880 θῦσαι
431 843 512 894 βοῦς
523 840 756 893 προνοεῖσθαι.

100 979 272 1019 Stobaeus
294 980 413 1016 Serm.
433 978 548 1025 XVI,
580 976 651 1014 15:
680 973 729 1013 Εἴ
751 990 803 1018 τις
833 975 983 1012 πλεῖστα
1013 975 1082 1012 τῶν

47 1039 186 1090 ἀγαθῶν
221 1034 435 1087 κεκτημένος
461 1035 550 1086 μετὰ
575 1037 635 1072 τοῦ
666 1034 852 1071 λυπεῖσθαι
881 1032 996 1086 διάγοι
1025 1032 1083 1071 τὸν

51 1096 138 1150 βίον,
153 1095 319 1135 ἁπάντων
334 1093 376 1134 ’ἂν
392 1093 445 1142 εἴη
460 1093 604 1132 καὶτῶν
619 1092 728 1132 ὄντων
746 1091 808 1131 καὶ
823 1094 893 1131 τῶν
910 1091 1085 1144 ἐσομένων

50 1157 274 1201 ἀθλιώτατος.

283 1267 543 1307 ΦΙΛΙΠΙΙΟΥ
573 1266 853 1305 ΕΓΚΩΜΙΟΝ.

533 1336 622 1374 285.

107 1401 214 1439 Theo
228 1404 340 1451 Prog.
363 1413 394 1436 c.
421 1400 459 1447 8,
479 1412 518 1450 p.
547 1399 617 1436 123
635 1412 643 1436 ε
662 1397 733 1436 Καὶ
754 1399 800 1441 ὡς
821 1395 1035 1448 Θεόπομπος
1056 1399 1091 1436 ἐν

53 1461 104 1514 τῷ
126 1458 314 1500 Φιλίππου
336 1457 501 1511 ἐγκωμίῳ
514 1471 523 1480 ·
544 1455 597 1495 ὅτι
623 1474 639 1490 «
653 1458 683 1495 εἷ
701 1456 887 1509 βουληθείη
911 1456 1094 1500 Φίλιππος

53 1525 124 1561 τοῖς
139 1520 256 1563 αὐτοῖς
274 1515 548 1568 ἐπιτηδεύμασιν
563 1517 751 1568 ἐμμεῖναι,
769 1516 905 1564 καὶτῆς
919 1514 1095 1571 Εὐρώπης

54 1578 172 1626 πάσης
190 1575 427 1630 βασιλεύσει.»

186 1685 510 1728 FRAGMENTA
537 1685 777 1725 INCERTAE
806 1684 963 1724 SEDIS.

111 1816 328 1868 Antigonus
345 1815 541 1865 Carystius
560 1828 593 1852 c.
620 1828 632 1851 1
644 1820 687 1860 [μ
703 1812 918 1866 Θεόπομπος
935 1813 972 1852 δέ
991 1829 1096 1869 φησιν

59 1875 151 1917 κατὰ
161 1874 240 1920 τοὺς
251 1876 286 1913 ἐν
300 1873 429 1929 Θρᾴκῃ
445 1873 633 1916 Χαλκιδεῖς
642 1903 652 1922 ,
673 1866 761 1912 εἶναί
774 1888 853 1911 τινα
866 1872 973 1912 τόπον
987 1878 1099 1912 τοιοῦ-

59 1951 131 1985 τον,
149 1936 196 1979 εἷς
209 1933 246 1973 ὃν
266 1933 288 1972 ὅ
299 1949 335 1972 τι
350 1933 413 1985 μὲν
434 1932 475 1971 ἂν
489 1935 559 1971 τῶν
584 1931 701 1971 ἄλλων
723 1930 820 1986 ζῴων
842 1931 980 1985 εἰσέλθῃ
995 1963 1006 1982 ,
1021 1933 1097 1972 πά-

59 1995 113 2034 λιν
134 1993 263 2037 ἀπαθὲς
291 1993 503 2048 ἀπέρχεται·
535 1995 604 2031 τῶν
623 1990 659 2031 δὲ
678 1992 862 2047 κανθάρων
880 1992 988 2036 οὐδεὶς
1016 1994 1097 2032 δια-

62 2053 197 2105 φεύγει·
229 2050 350 2106 κύκλῳ
376 2050 413 2090 δὲ
439 2050 670 2106 στρεφόμενοι
687 2081 697 2100 ,
724 2052 933 2091 τελευτῶσιν
970 2053 1097 2091 αὐτοῦ·

62 2112 115 2151 διὸ
128 2111 169 2160 δὴ
184 2111 244 2151 καὶ
260 2110 300 2150 τὸ
322 2110 452 2165 χωρίον
469 2109 701 2162 ὀνομάζεσθαι
721 2108 1022 2164 Κανθαρόλεθρον.
1037 2112 1097 2149 Cf.

62 2261 114 2287 res
129 2253 232 2286 nostri
254 2252 349 2284 nobis
365 2251 585 2292 reliquerunt,
607 2259 728 2283 corono
755 2252 854 2292 atque
870 2260 969 2291 orno,
986 2253 1092 2285 thure-

63 2309 128 2342 que
138 2300 230 2342 ipsis,
246 2302 279 2332 et
297 2299 384 2339 libis,
397 2300 430 2331 et
444 2298 601 2340 placentis
616 2307 707 2330 sacra
722 2298 825 2331 offero
845 2310 852 2327 :
867 2301 900 2331 et
918 2302 1093 2340 quotannis

62 2347 210 2390 publicas
224 2346 403 2379 oblationes
418 2345 557 2385 celebro,
573 2346 619 2378 ita
633 2347 669 2378 ut
686 2345 812 2377 nullum
826 2345 958 2378 solenne
973 2346 1093 2379 festum

65 2403 208 2436 unquam
224 2394 386 2426 omittam.
402 2395 439 2425 In
456 2393 577 2434 quibus
599 2401 677 2425 sane
701 2402 768 2424 non
789 2393 939 2425 mactatis
963 2393 1069 2426 bobus
1084 2417 1094 2434 ‚

64 2450 168 2482 neque
182 2440 326 2473 victimis
336 2440 491 2481 jugulatis
506 2440 583 2472 deos
597 2440 704 2481 placo,
718 2439 776 2472 sed
790 2440 1004 2482 quibuslibet,
1019 2450 1095 2483 quae

64 2487 159 2521 facile
174 2488 387 2520 occurrerint.
414 2489 523 2528 Atque
550 2486 584 2519 in
613 2487 728 2528 primis
746 2487 825 2519 illud
842 2487 957 2520 studeo
971 2511 981 2527 ‚
999 2490 1036 2521 ut
1055 2497 1095 2521 ex

64 2535 219 2568 omnibus
234 2534 438 2577 tempestivis
451 2534 599 2576 frugibus
609 2543 684 2576 quae
697 2543 715 2567 e
728 2537 814 2567 terra
827 2534 908 2566 mihi
919 2537 1097 2576 suppetunt

66 2582 227 2624 primitias
248 2582 313 2615 diis
338 2582 484 2614 reddam.
508 2581 596 2613 Alias
621 2581 783 2622 siquidem
805 2581 887 2613 mihi
910 2581 952 2614 ad
967 2591 1097 2615 vescen-

66 2628 146 2660 dum
159 2637 266 2670 sumo,
277 2628 356 2661 alias
371 2629 437 2660 aris
447 2637 559 2660 eorum
574 2628 702 2661 adolere
716 2629 882 2661 consuevi.
899 2631 982 2662 Nam
995 2638 1098 2670 quum

67 2684 106 2708 eo
120 2676 184 2708 sim
199 2678 384 2716 contentus,
401 2675 491 2717 quod
508 2675 586 2708 mihi
609 2678 659 2708 est
674 2676 767 2716 satis,
784 2676 822 2708 ut
836 2675 937 2709 boves
953 2677 1098 2709 immola-

69 2730 148 2762 rem,
161 2722 299 2764 adjicere
315 2723 462 2755 animum
480 2731 649 2764 nunquam
665 2724 769 2765 potui.

111 2816 144 2849 Si
166 2817 240 2858 quis
256 2817 395 2859 plurima
408 2817 579 2859 possidens
594 2817 681 2850 bona
693 2817 820 2850 tristem
834 2818 937 2850 vitam
951 2827 1100 2860 peragere

70 2864 175 2900 vellet,
189 2865 338 2897 omnium
354 2865 598 2898 infelicissimus
609 2867 707 2905 esset,
722 2867 754 2898 et
765 2873 878 2898 eorum
897 2866 953 2906 qui
974 2868 1052 2898 sunt
1066 2867 1100 2899 et

69 2919 181 2944 eorum
195 2912 372 2954 quierunt.

310 2996 539 3036 PHILIPPI
574 2996 856 3036 LAUDATIO.

113 3099 154 3131 Et
162 3099 435 3140 quemadmodum
451 3101 484 3132 in
497 3055 637 3142 Ph2il?p51ii
652 3101 837 3134 laudatione
848 3103 1077 3144 Theopompus
1088 3113 1096 3135 ε

40 3155 42 3159 ’
74 3155 92 3173 a
114 3145 313 3187 Philippum,
328 3147 356 3179 si
372 3147 406 3179 in
420 3147 533 3180 eodem
549 3148 648 3180 animi
661 3148 769 3181 studio
777 3157 981 3190 perseverare
990 3150 1099 3189 vellet,

72 3191 173 3225 totius
188 3195 326 3234 Europae
339 3194 475 3235 imperio
490 3204 566 3227 mox
583 3196 777 3237 potiturum.
797 3209 813 3225 υ

189 3276 510 3317 FRAGMENTA
547 3280 690 3319 SEDIS
718 3281 975 3321 INCERTAE.

114 3379 342 3422 Theopompus
366 3382 429 3422 ait,
455 3338 786 3424 apud2gli31‘ilcidenses
812 3387 844 3417 in
873 3387 1009 3418 Thracia
1029 3395 1099 3418 esse

1609 640 1700 678 288.

1138 718 1143 720 ν
1189 694 1368 744 Antigon.
1413 695 1499 730 Car.
1548 707 1578 730 c.
1623 693 1695 730 156
1722 707 1730 728 :
1770 691 1986 742 Θεόπομπον
2019 691 2056 730 δέ
2083 706 2170 745 φησι

1137 751 1399 804 (Καλλίμαχος)
1418 750 1563 804 γράφειν
1584 750 1646 797 τὴν
1679 750 1741 801 μὲν
1764 750 1908 802 (πηγὴν)
1931 752 1965 789 ἐν
1997 749 2171 805 Κιγχρώ-

1137 813 1250 866 ψωσιν
1268 817 1341 856 τοῖς
1357 809 1490 864 Θρᾳξὶν
1515 809 1574 847 τὸν
1589 809 1871 861 ἀπογευσάμενον
1883 811 2044 864 τελευτᾷν
2062 809 2171 853 εὐθύς.

1192 875 1270 910 Pro
1291 868 1553 924 Κιγκρώψωσιν
1573 869 1766 907 Mem-sius
1781 869 2060 907 restituendum
2081 882 2172 907 cen-

1140 930 1217 968 suit
1249 930 1284 967 ε’ν
1328 928 1484 982 Κύχροις
1509 926 1532 973 ἢ
1556 927 1714 980 Χρῶψιν.
1735 930 1832 966 Nam
1865 929 2007 966 Plinius
2025 931 2174 975 XXXI,

1144 991 1164 1027 3
1179 1019 1189 1038 ‚
1213 989 1282 1026 ubi
1308 987 1440 1026 eadem
1463 1001 1484 1025 e
1508 986 1766 1037 Theopompo
1785 996 2003 1034 narrantur,
2026 1000 2175 1025 merno-

1142 1057 1202 1086 rat
1244 1048 1399 1096 Cyclzros
1413 1075 1426 1092 ,
1471 1054 1586 1096 atque
1623 1045 1760 1084 Sotion
1808 1047 1899 1083 Exc.
1939 1046 1986 1084 de
2028 1046 2175 1084 flumin.

1143 1115 1182 1145 et
1200 1108 1297 1145 font.
1317 1120 1354 1157 p.
1384 1107 1471 1155 139,
1492 1118 1540 1142 ex
1563 1103 1700 1142 eodem
1720 1103 1977 1155 Theopompo
2006 1104 2121 1143 habet
2141 1104 2176 1141 ἐν

1145 1165 1284 1218 Χρῶψι.
1302 1162 1439 1204 Melius
1457 1175 1551 1201 vero
1573 1174 1661 1200 cum
1683 1162 1884 1212 Bentleyo,
1908 1163 2109 1200 Harduino
2130 1163 2178 1200 ad

1147 1224 1331 1272 Plinium,
1361 1222 1579 1262 Wichersio
1602 1219 1848 1258 scribendum
1883 1222 1956 1259 erit
1991 1219 2178 1275 Κύχρωψι.

1202 1347 1343 1385 Strabo
1359 1350 1425 1395 VI,
1442 1360 1479 1397 p.
1497 1352 1573 1392 440
1590 1343 1825 1396 εΘεόπομπος
1839 1342 1875 1383 δὲ
1893 1343 1954 1383 καὶ
1972 1343 2074 1383 πόλιν
2088 1343 2183 1396 λέγει

1148 1408 1192 1458 τῇ
1223 1406 1311 1458 αὐτῇ
1347 1404 1492 1459 μεθορίᾳ
1521 1405 1635 1456 (Eleae
1664 1413 1703 1442 et
1730 1403 1880 1455 Dymae)
1909 1402 2075 1455 κειμένην
2104 1403 2184 1442 A&-

1151 1480 1287 1519 ρισσαν.

1620 1522 1709 1560 290.

1205 1583 1312 1620 Idem
1330 1586 1451 1631 XIII,
1477 1596 1514 1633 p.
1536 1584 1612 1633 932
1627 1597 1635 1619 :
1653 1580 1699 1620 Ὁ
1724 1580 1788 1632 μέν
1813 1596 1853 1632 γε
1878 1582 2032 1632 Τμῶλος
2057 1583 2186 1625 ἱκανῶς

1151 1644 1346 1690 συνῆπται,
1380 1641 1440 1680 καὶ
1467 1639 1685 1695 περιγραφὴν
1715 1639 1789 1693 ἔχει
1818 1640 1976 1694 μετρίαν,
2005 1642 2041 1678 ἐν
2071 1641 2188 1684 αὐτοῖς

1153 1699 1398 1754 ἀφοριζόμενος
1420 1706 1491 1743 τοῖς
1523 1699 1661 1743 Λυδίοις
1691 1698 1850 1753 μέρεσιν·
1877 1703 1899 1747 ἡ
1931 1699 1967 1737 δὲ
2000 1698 2188 1751 μεσόγαιος

1153 1761 1201 1803 εἷς
1219 1758 1260 1798 τὸ
1284 1758 1522 1810 ἀντικείμενον
1547 1758 1650 1812 μέρος
1669 1757 1830 1797 διατείνει
1860 1757 1966 1812 μέχρι
1995 1758 2186 1807 Μυκάλης,

1153 1817 1223 1856 ἀπὸ
1243 1819 1426 1857 Κελαινῶν
1444 1816 1651 1871 ἀρξάμενον,
1672 1815 1718 1861 ὥς
1738 1832 1824 1870 φησι
1843 1815 2066 1868 Θεόπομπος.

1207 1880 1283 1915 Pro
1305 1875 1504 1928 Μεσόγαιος
1523 1877 1732 1915 Palmerius
1752 1885 1790 1915 et
1810 1876 2060 1915 Casaubonus
2089 1876 2186 1914 scri-

1154 1935 1251 1974 bunt
1270 1934 1472 1988 Μέσσωγις,
1490 1936 1557 1988 qui
1575 1945 1657 1974 erat
1677 1950 1786 1974 mons
1803 1936 1941 1974 Tmolo
1962 1936 2124 1974 vicinus.

1208 2054 1436 2092 Plutarchus
1458 2054 1599 2104 Agesil,
1628 1996 1783 2104 {9213'
1814 2058 1842 2092 B
1857 2085 1866 2102 ‚
1896 2069 1927 2093 e.
1961 2056 2004 2092 31
2028 2069 2036 2092 :
2058 2053 2102 2093 ‘O
2120 2052 2186 2106 γὰρ

1157 2112 1363 2164 Ἀγησίλαος
1379 2115 1440 2151 οὐκ
1459 2112 1514 2151 εἴα
1531 2112 1617 2166 πρὸς
1636 2117 1813 2160 τοσοῦτον,
1841 2112 1889 2158 ὥς
1910 2128 1995 2166 φησι
2016 2111 2188 2163 Θεόπομέ

1152 2254 1274 2294 locum,
1289 2263 1388 2295 quem
1405 2264 1479 2296 quae
1493 2255 1621 2288 adirent
1636 2255 1699 2288 alia
1713 2255 1876 2295 animalia,
1893 2255 1980 2288 abirc
1990 2255 2082 2288 nullo
2103 2256 2188 2288 malo

1152 2301 1273 2334 affecta
1291 2311 1298 2332 :
1318 2301 1556 2334 scarabaeorum
1573 2311 1654 2335 vero
1668 2302 1799 2335 nullum
1816 2303 1959 2344 effugere
1971 2326 1980 2342 ,
2006 2303 2063 2335 sed
2087 2303 2120 2335 in
2137 2312 2184 2335 or-

1152 2348 1229 2381 bem
1239 2349 1456 2382 circumactos
1475 2349 1520 2381 ibi
1531 2350 1681 2390 interire;
1691 2359 1730 2382 ac
1743 2353 1912 2392 propterea
1920 2350 2027 2382 locum
2037 2350 2186 2392 appellari

1156 2396 1495 2429 Cantharolethrum.

1623 2462 1713 2501 287.

1196 2525 1318 2556 Auctor
1330 2526 1381 2558 est
1393 2525 1626 2566 Callimachus,
1638 2526 1884 2568 Theopompum
1897 2526 2046 2565 scribere,
2062 2525 2186 2557 sontem

1156 2571 1242 2612 apud
1258 2574 1365 2604 Lusos
1387 2574 1420 2605 et
1436 2572 1524 2614 apud
1539 2575 1778 2615 Lampsacenos
1801 2574 1832 2605 in
1851 2582 1886 2606 se
1902 2573 2066 2605 continere
2079 2579 2188 2603 mures

1156 2618 1344 2652 domesticis
1367 2619 1500 2653 similes.

1628 2682 1718 2715 288.

1201 2738 1389 2770 Secundum
1411 2738 1647 2771 Callimachum
1672 2739 1901 2780 Theopompus
1931 2737 2068 2778 scribit,
2102 2737 2188 2778 apud

1158 2786 1361 2827 Cycbropses
1378 2786 1517 2818 Thraces
1530 2794 1602 2818 esse
1618 2785 1740 2818 sontem
1752 2809 1762 2825 ,
1777 2794 1874 2826 quem
1894 2785 1950 2825 qui
1968 2785 2167 2825 gustavisset
2178 2808 2187 2824 ‚

1158 2832 1271 2865 statim
1285 2832 1380 2864 mori.

1628 2892 1715 2925 289.

1200 2950 1429 2990 Theopompus
1448 2948 1560 2980 urbem
1575 2958 1705 2989 quoque
1722 2949 1754 2980 in
1773 2949 1827 2981 illo
1842 2949 1915 2991 ipso
1932 2948 2073 2981 confinio
2089 2947 2189 2988 (Eleae

1158 2999 1191 3030 et
1207 2998 1333 3037 Dymae)
1357 2996 1449 3037 ponit
1470 2996 1643 3028 Larissam.

1628 3062 1717 3096 290.

1201 3119 1334 3151 Tmolus
1345 3119 1477 3159 quidem
1488 3120 1566 3151 satis
1581 3121 1630 3151 est
1644 3119 1875 3153 determinatus
1884 3123 1917 3153 et
1929 3121 2125 3154 mediocrem
2137 3121 2186 3152 ha·

1159 3165 1214 3197 bet
1227 3166 1560 3206 circumscriptionem
1577 3166 1611 3198 in
1627 3167 1708 3208 ipsis
1720 3167 1834 3208 Lydiae
1849 3168 1995 3209 partibus
2010 3177 2018 3199 :
2034 3167 2190 3208 Messogis

1159 3215 1267 3244 autem
1289 3213 1321 3244 in
1339 3213 1520 3253 oppositam
1538 3215 1662 3254 partem
1680 3216 1855 3257 porrigitur
1870 3225 1974 3258 usque
1990 3216 2030 3248 ad
2044 3215 2189 3257 Mycalen

1160 3268 1178 3291 a
1193 3260 1331 3292 Celaenis
1348 3262 1458 3292 sumto
1474 3260 1581 3301 initio,
1598 3264 1633 3293 ut
1650 3265 1762 3295 auctor
1777 3265 1830 3296 est·
1843 3264 2083 3305 Theopompus.

1627 3328 1716 3361 291.

1200 3389 1270 3421 Non
1294 3389 1439 3429 permisit
1465 3390 1629 3431 Agesilaus
1662 3399 1735 3423 cum
1762 3392 1872 3431 tantis,
1900 3395 1935 3424 ut
1960 3393 2190 3433 Theopompus
