2320 3684
758 190 1058 235 PHYLARGHI
1086 182 1422 227 FRAGMENTA.

31 312 115 338 cem
131 295 303 337 intulisse
323 291 464 338 catulo,
481 303 551 328 nec
566 294 701 339 postea
718 284 758 322 in
772 289 913 320 tectum
944 278 983 316 id
1001 290 1059 315 re-

36 371 197 398 versam.
214 374 230 390 »

394 463 567 558 ¹minzi}
588 461 697 501 xm.

91 590 298 629 Athenaeus
333 587 399 629 VI,
418 582 482 629 66,
505 594 544 632 p.
570 579 658 625 254,
675 580 723 616 F:
740 573 905 618 Κόλακας
930 573 959 611 δ’
978 565 1068 611 εἶναί

37 665 124 705 φησι
157 646 348 698 Φύλαρχος
379 640 439 680 καὶ
471 637 550 682 τοὺς
586 639 621 676 ἐν
655 635 792 688 Λήμνῳ
821 635 1070 676 κατοικοῦντας

39 705 230 755 Ἀθηναίων
246 705 281 742 ἐν
303 705 347 755 τῇ
362 696 635 754 τρισκαιδεκάτῃ
654 697 724 734 τῶν
742 694 933 748 Ἱστοριῶν.
955 690 1068 744 Χάριν

39 765 107 820 γὰρ
125 760 353 804 ἀποδιδόντας
368 764 439 801 τοῖς
461 754 636 796 Σελεύκου
655 753 716 793 καὶ
741 751 919 805 Ἀντιόχου
939 749 1070 802 ἀπογό-

39 842 110 870 νοις
123 855 133 873 ,
154 823 230 863 ἐπεὶ
248 821 371 865 αὐτοὺς
383 823 402 859 ὁ
417 817 590 860 Σέλευκος
609 816 743 869 πικρῶς
757 811 1073 864 ἐπιστατουμένους

41 885 109 924 ὕπὸ
125 880 335 934 Λυσιμάχου
355 880 394 919 οὗ
414 876 519 930 μόνον
536 874 697 923 ἐξείλετο,
716 872 808 912 ἀλλὰ
826 871 887 911 καὶ
910 870 973 915 τὰς
1003 869 1073 909 πό-

41 946 113 988 λεις
129 943 245 984 αὐτοῖς
266 938 446 978 ἀπέδωκεν
464 932 683 990 ἀμφοτέρας,
704 934 736 971 οἳ
762 930 946 982 Λημνόθεν
974 930 1075 977 Ἀθη-

42 1008 134 1042 ναῖοι
167 1002 206 1040 οὗ
237 998 341 1052 μόνον
374 995 476 1039 ναοὺς
509 990 773 1033 κατεσκεύασαν
795 994 856 1030 τοῦ
880 987 1078 1038 Σελεύκου,

45 1059 137 1102 ἀλλὰ
155 1060 295 1099 καὶτοῦ
321 1058 397 1096 υἱοῦ
426 1051 616 1106 Ἀντιόχου.
654 1050 727 1091 Καὶ
762 1049 821 1089 τὸν
851 1048 1078 1102 ἐπιχεόμενον

44 1120 171 1160 κύαθον
198 1120 233 1158 ἐν
262 1122 339 1160 ταῖς
374 1112 573 1156 συνουσίαις
605 1109 781 1151 Σελεύκου
808 1111 978 1164 Σωτῆρος
1007 1123 1078 1146 κα-

44 1181 157 1219 λοῦσι.

100 1236 310 1276 Briickner.
335 1241 438 1273 recte
480 1238 611 1270 monet
639 1228 845 1282 legendum
867 1240 950 1266 esse
976 1225 1083 1279 χάριν

48 1301 117 1356 γὰρ
137 1298 369 1343 ἀποδιδόντες.

503 1366 644 1378 -Φ-

426 1420 582 1461 LIBER
616 1419 720 1459 XIV.

537 1483 601 1524 29.

110 1547 316 1586 Athenaeus
333 1547 402 1591 VI,
423 1543 493 1592 78,
514 1557 552 1595 p.
570 1543 658 1590 261,
682 1545 734 1580 B:
754 1540 818 1580 Ἐν
840 1539 877 1580 δὲ
892 1543 936 1595 τῇ
957 1557 1091 1580 τεσσα-

57 1603 311 1661 ρεσκαιδεκάτῃ
340 1601 532 1656 Φύλαρχος
568 1601 694 1656 γράφει
726 1599 847 1644 οὕτως·
884 1618 900 1636 «
913 1600 1094 1655 Περιεώρα

59 1665 261 1719 Δημήτριος
273 1661 353 1707 τοὺς
366 1660 621 1705 κολακεύοντας
634 1660 736 1700 αὐτὸν
751 1661 786 1699 ἓν
803 1666 875 1706 τοῖς
888 1660 1096 1713 συμποσίοις

58 1725 118 1764 καὶ
155 1721 404 1777 ἐπιχεομένους
434 1719 640 1774 Δημητρίου
673 1718 736 1772 μὲν
770 1719 877 1771 μόνου
906 1719 1096 1773 βασιλέως,

60 1782 285 1835 Πτολεμαίου
301 1780 338 1820 δὲ
355 1779 548 1834 ναυάρχου,
563 1778 774 1832 Λυσιμάχου
792 1778 828 1818 δὲ
842 1778 1097 1834 γαζοφύλακος,

62 1843 235 1884 Σελεύκου
255 1841 284 1879 δ’
302 1839 577 1894 ἐλεφαντάρχου.
594 1837 668 1878 Καὶ
687 1837 782 1876 τοῦτ’
800 1838 896 1891 αὐτῷ
915 1839 954 1877 οὗ
972 1837 1012 1876 τὸ
1030 1853 1096 1876 τυ-

60 1902 122 1957 χὸν
145 1903 272 1952 συνῆγε
291 1905 433 1952 μῖσος.»

118 1958 301 2014 Περιεώρα
327 1972 349 1996 a
385 1957 595 2008 Schweigh.
632 1956 846 2008 repositum
880 1966 957 2007 est;
986 1958 1101 2009 vulgo

64 2019 263 2071 legebatur
279 2017 399 2071 ὥσπερ
419 2015 524 2070 ἑώρα.

118 2078 344 2117 Plutarchus
357 2080 527 2115 Demetr.
550 2074 613 2123 25,
630 2074 887 2125 Phylarchum
899 2105 909 2123 ,
927 2085 971 2114 ut
989 2077 1102 2115 vide-

67 2145 143 2186 tur,
164 2144 351 2188 sequutus
380 2135 514 2173 eadem
560 2133 690 2182 refert,
719 2134 786 2172 sed
811 2135 937 2174 addit:
957 2135 1105 2187 Ἀγαθο-

69 2195 190 2241 κλέους
209 2195 245 2235 δὲ
260 2200 321 2236 τοῦ
342 2193 557 2235 Σικελιώτου
573 2193 781 2248 νησιάρχου.

126 2314 332 2353 Athenaeus
347 2315 457 2361 XIII,
478 2313 542 2360 64,
556 2258 710 2363 :pq-593,
724 2315 777 2350 E:
792 2311 839 2352 ‘0
861 2311 898 2351 δὲ
916 2311 1109 2367 Φύλαρχος

442 2423 598 2462 LIBER
627 2423 737 2462 XIII.

119 2529 342 2563 Assentatores
376 2528 480 2560 fuisse
497 2529 595 2560 etiam
615 2528 687 2561 illos
709 2530 941 2570 Athenienses,
964 2531 1022 2572 qui
1050 2533 1112 2564 Le-

77 2587 192 2612 mnum
229 2577 370 2609 insulam
400 2576 581 2616 incoluere,
606 2576 808 2618 Phylarchus
840 2577 951 2610 scribit
986 2578 1112 2611 decimo

77 2626 171 2659 tertio
187 2624 404 2658 Historiarum
419 2623 513 2655 libro.
531 2624 677 2655 Gratiam
693 2623 813 2665 quippe
828 2624 958 2657 relaturi
975 2625 1115 2666 posteris

78 2673 201 2707 Seleuci
219 2674 252 2706 et
265 2670 426 2710 Antiochi,
436 2670 524 2711 quod
541 2670 630 2712 ipsos
648 2670 816 2710 Seleucus,
834 2680 937 2712 quum
954 2673 1016 2704 sub
1033 2673 1116 2704 duro

78 2722 187 2754 essent
205 2718 392 2761 Lysimachi
410 2717 562 2759 imperio,
583 2727 647 2750 non
665 2718 772 2750 solum
791 2718 976 2754 liberasset,
1000 2729 1115 2752 verum

79 2769 175 2800 etiam
188 2769 363 2807 utrumque
375 2765 532 2807 oppidum
547 2764 795 2806 (Hephaestiam
810 2768 846 2798 et
857 2767 1044 2807 Myrinam)
1054 2766 1118 2798 illis

82 2815 294 2854 reddidisset,
318 2815 479 2846 Lemnum
501 2813 680 2845 incolentes
698 2813 910 2846 Athenienses
932 2824 996 2846 non
1022 2815 1119 2847 modo

83 2863 215 2895 Seleuco
232 2861 365 2902 (tertio,
394 2859 562 2900 Cerauno)
577 2881 587 2896 ,
616 2869 730 2892 verum
753 2861 853 2893 etiam
876 2861 942 2893 filio
965 2862 1035 2903 ejus
1057 2865 1120 2894 An-

84 2910 192 2944 tiocho
209 2910 335 2950 (terlio,
351 2907 491 2949 Maqno)
505 2906 627 2948 templa
644 2909 878 2940 exstruxerunt
893 2918 901 2939 ε
920 2910 953 2941 et
968 2909 1121 2950 poculum

85 2957 119 2990 in
142 2955 302 2991 conviviis
329 2954 462 2986 honoris
478 2963 594 2986 caussa
619 2956 712 2986 extra
737 2954 885 2987 ordinem
904 2955 1033 2987 infundi
1051 2955 1123 2987 soli-

84 3005 176 3044 tum,
195 3002 319 3036 Seleuci
342 3001 522 3034 servatoris
543 3001 696 3042 poculum
720 3002 893 3043 appellant.

459 3049 613 3088 LIBER
631 3049 750 3089 XIV.

130 3157 167 3188 In
190 3156 306 3196 quarto
327 3156 402 3196 post
418 3154 580 3186 decimum
599 3154 682 3186 libro
700 3154 747 3186 sic
767 3155 881 3188 scribit
900 3156 1098 3196 Phylarchus
1117 3165 1128 3185 ·.

93 3214 110 3230 «ι
134 3204 251 3234 Passus
273 3203 324 3234 est
347 3202 550 3240 Demetrius,
573 3201 758 3234 adulatores
796 3211 875 3234 suos
909 3203 942 3234 in
966 3202 1127 3234 conviviis

92 3247 230 3280 libantes
252 3247 451 3279 Demetrium
474 3247 581 3279 solum
603 3257 710 3289 regem
732 3249 890 3290 salutare;
914 3250 1127 3281 Ptolemaeum

93 3303 169 3327 vero
181 3318 190 3334 ‚
207 3294 337 3326 nonnisi
355 3294 467 3326 classis
484 3294 696 3335 praetectum3
715 3297 946 3336 Lysimachum
959 3321 967 3336 ‚
984 3297 1129 3328 thesauri

94 3341 282 3380 custodem;
306 3341 497 3380 Seleucum,
520 3341 725 3382 elephantum
748 3343 956 3383 praesectum,
980 3343 1130 3382 (Agatho-

95 3387 179 3420 clem
209 3387 422 3426 Siciliensem,
454 3387 570 3419 insulae
602 3389 816 3431 praesectum).
851 3392 932 3428 Quae
968 3399 1020 3421 res
1050 3390 1131 3421 adeo

99 3433 210 3466 odium
228 3442 293 3466 non
311 3434 442 3474 vulgare
459 3434 487 3465 ei
505 3435 678 3467 contraxit.
701 3449 717 3463 »

2072 175 2144 209 341

1120 273 1180 312 καὶ
1212 271 1292 325 περὶ
1327 268 1476 311 Μύστας
1508 268 1639 319 ἱστορεῖ
1666 264 1701 302 ἐν
1717 264 1761 315 τῇ
1786 257 2152 313 τεσσαρεσκαιδεκάτῃ

1122 331 1240 375 οὕτως·
1263 329 1420 369 «Μύστα
1441 324 1615 366 Σελεύκου
1630 326 1692 362 τοῦ
1713 318 1884 375 βασιλέως
1911 316 2072 373 ἐρωμένη
2089 311 2155 364 ἧν·

1122 390 1199 438 ἥτις
1215 389 1282 428 ὑπὸ
1302 388 1471 428 Γαλατῶν
1494 382 1667 424 Σελεύκου
1698 378 1896 428 νικηθέντος
1923 377 1985 416 καὶ
2004 375 2104 429 μόλις
2118 378 2159 415 ἐκ

1123 452 1186 496 τῆς
1219 450 1330 502 φυγῆς
1360 442 1588 486 διασωθέντος
1620 439 1709 487 αὐτὴ
1745 435 2059 492 μεταμφιεσαμένη
2093 434 2159 483 τὴν

1127 505 1312 560 βασιλικὴν
1331 506 1462 551 ἐσθ’ῆτα
1490 501 1551 541 καὶ
1583 498 1809 540 ἀναλαὸοῧσα
1837 495 2077 550 θεραπαινίδος
2097 497 2162 541 τῆς

1125 564 1299 618 τυχούσης
1312 594 1323 613 ,
1361 563 1601 615 συλληφθεῖσα
1637 558 1774 610 ἀνήχθη
1813 555 1902 608 μετὰ
1935 557 2005 593 τῶν
2043 553 2160 592 ἄλλων

1128 622 1380 677 αἰχμαλώτων,
1397 621 1456 660 καὶ
1474 622 1646 674 πραθεῖσα
1665 617 1793 670 ὁμοίως
1811 622 1887 660 ταῖς
1911 617 2038 661 ἑαυτῆς
2056 616 2165 666 θερα-

1128 684 1282 725 παινίσιν
1303 677 1406 730 ἦλθεν
1421 683 1468 725 εἷς
1486 679 1609 720 Ῥόδον
1620 696 1628 704 ·
1649 678 1731 717 ἔνθα
1745 677 1926 731 ἐκφήνασα
1940 674 2067 722 ἑαυτὴν
2085 673 2164 721 ἥτις

1129 739 1171 792 ἦν
1187 740 1496 796 περισπουδάστως
1513 738 1581 777 ὑπὸ
1594 740 1665 777 τῶν
1681 737 1829 778 Ῥοδίων
1849 737 1901 788 τῷ
1919 733 2082 787 Σελεύκῳ
2096 733 2168 771 διε·-

1130 802 1286 856 πέμφθη.
1303 819 1319 835 ι»

1186 861 1385 911 Polyaenus
1400 862 1510 906 VIII,
1539 871 1578 909 p.
1605 857 1680 902 644
1711 854 1772 892 ed.
1791 857 1875 893 Cas.
1896 852 2046 892 Seleuci
2068 851 2170 890 ami-

1133 934 1217 960 cam
1238 919 1406 972 appellat
1421 921 1588 967 Pystam,
1606 915 1672 954 sed
1692 915 1806 952 istum
1825 914 1951 951 locum
1970 926 2017 950 ex
2037 919 2172 949 nostro

1135 989 1174 1020 et
1193 994 1241 1018 ex
1275 978 1413 1017 Athen.
1427 979 1540 1024 XIII,
1558 981 1621 1023 4ο,
1642 988 1681 1024 p.
1708 973 1798 1020 578,
1824 975 1871 1020 A,
1889 970 2173 1010 emendandum

1137 1053 1220 1079 esse
1252 1051 1341 1076 cum
1371 1036 1537 1075 Luchtio
1575 1031 1856 1072 contendimus.
1899 1035 2088 1069 Praeterea
2120 1029 2170 1069 cf.

1138 1098 1277 1137 sustin.
1296 1099 1470 1144 XXVII,
1499 1108 1535 1143 2,
1549 1092 1737 1132 Niebuhr.
1753 1093 1898 1141 Opusc.
1916 1103 1955 1141 p.
1972 1090 2062 1137 283,
2087 1086 2176 1128 Fla-

1143 1158 1206 1196 the
1240 1157 1389 1195 Histor.
1421 1153 1573 1193 Maced.
1602 1154 1662 1200 ΙΙ,
1698 1165 1735 1202 p.
1767 1163 1860 1201 222,
1891 1163 1913 1188 a
1945 1149 2112 1188 Luchtio
2138 1156 2179 1186 et

1142 1216 1370 1255 Briicknero
1395 1212 1554 1252 laudati.
1624 1263 1668 1302 3¹

1199 1321 1346 1361 Plinius
1362 1322 1410 1358 H.
1427 1321 1476 1358 N.
1493 1321 1598 1367 VIII,
1618 1323 1664 1363 42
1681 1317 1744 1364 (64
1765 1314 1824 1353 ed.
1846 1314 1947 1366 Bip.)
1966 1328 1974 1350 :
1993 1314 2181 1364 «Phylar—

1147 1381 1242 1424 chus
1261 1379 1378 1417 refert
1395 1381 1656 1424 Centaretum,
1673 1388 1695 1413 a
1715 1374 1860 1413 Galatis
1874 1374 1914 1411 in
1928 1373 2062 1424 proelio
2080 1373 2185 1410 occi-

1149 1454 1192 1478 so
1217 1438 1430 1486 Antiocho,
1467 1437 1633 1488 potitum
1669 1447 1770 1486 equo
1805 1431 1888 1483 ejus
1921 1430 2187 1470 conscendisse

1151 1505 1354 1545 ovantem3
1373 1505 1411 1534 at
1427 1496 1537 1534 illum
1554 1493 1819 1545 indignatione
1833 1505 2050 1539 accensum,
2064 1491 2189 1529 domi-

1152 1557 1200 1595 tis
1219 1556 1336 1594 frenis
1352 1569 1400 1593 ne
1418 1555 1499 1606 regi
1518 1561 1661 1606 posset,
1686 1551 1924 1604 praecipitem
1952 1550 1993 1587 in
2018 1550 2190 1602 abrupta

1152 1616 1227 1654 isse
1241 1615 1576 1664 exanimatumque
1593 1625 1680 1650 una.
1698 1628 1714 1645 »

1207 1675 1381 1714 AElianus
1401 1678 1459 1712 De
1477 1682 1616 1711 natura
1647 1670 1798 1709 animal.
1816 1671 1884 1718 VI,
1906 1675 1953 1715 44
1983 1682 1993 1706 t
2024 1666 2096 1708 Καὶ
2130 1666 2191 1707 τὸν

1156 1732 1333 1786 Ἀντιόχου
1354 1732 1391 1771 δὲ
1403 1732 1512 1771 ἵππον
1531 1731 1590 1771 τὸν
1609 1729 1863 1783 τιμωρήσαντα
1887 1731 1937 1782 τῷ
1958 1727 2109 1779 δεσπότγΙ
2129 1726 2191 1766 καὶ

1158 1792 1415 1832 ἀποκτείναντα
1435 1791 1496 1831 τὸν
1514 1790 1694 1839 Γαλάτην,
1719 1792 1888 1843 ὃσπεροῦν
1919 1785 2097 1842 ἀπέσφαξε
2131 1785 2191 1824 τὸν

1159 1851 1338 1904 Ἀντίοχον
1357 1853 1391 1890 ἐν
1410 1854 1454 1904 τῇ
1477 1850 1576 1903 μάχῃ
1599 1851 1609 1900 (
1630 1849 1741 1900 ὄνομα
1768 1848 1805 1886 δὲ
1838 1850 1889 1900 τῷ
1916 1846 2061 1899 Γαλάτῃ
2097 1847 2194 1884 Κεν-

1158 1911 1334 1966 τοαράτης
1352 1905 1394 1959 ἦν
1412 1912 1446 1963 ),
1471 1912 1518 1949 ἐῶ
1536 1910 1597 1949 καὶ
1616 1913 1751 1948 τοῦτον.

1214 2019 1425 2061 Athenaeus>
1438 2021 1490 2066 II,
1509 2018 1552 2055 51
1562 2047 1572 2066 ,
1587 2031 1625 2069 p.
1640 2017 1702 2065 58,
1718 2019 1766 2055 C:
1782 2013 1974 2067 Φύλαρχος
1989 2015 2007 2051 ὁ
2022 2012 2202 2060 Ἀθηναῖος

1164 2077 1187 2125 ἢ
1209 2076 1454 2132 Ναυκρατίτης
1474 2078 1508 2115 ἓν
1527 2071 1576 2118 οἷς
1594 2079 1612 2115 ὁ
1627 2073 1728 2127 λόγος
1753 2073 1847 2113 ἐστὶν
1872 2075 1967 2126 αὐτῷ
1992 2071 2071 2125 περὶ
2099 2072 2202 2118 Ζηλᾶ

1164 2140 1226 2176 τοῦ
1244 2139 1399 2176 Βιθυνῶν
1421 2134 1592 2189 βασιλέως
1604 2165 1614 2183 ,
1633 2133 1669 2178 ὃς
1684 2133 1742 2172 ἐπὶ
1765 2132 1859 2186 ξενία
1871 2130 2022 2175 καλέσας
2035 2129 2113 2173 τοὺς
2129 2131 2199 2167 τῶν

1165 2197 1336 2235 Γαλατῶν
1360 2194 1557 2247 ἡγεμόνας,
1584 2191 1835 2235 ἐπιδουλεύσας
1863 2193 1978 2234 αὐτοῖς
2004 2189 2064 2228 καὶ
2100 2187 2202 2231 αὐτὸς

1167 2256 1348 2310 διεφθάρη,
1357 2255 1461 2310 φησὶν
1473 2253 1595 2302 οὕτως,
1608 2255 1637 2292 εἰ
1646 2252 1788 2305 μνήμης
1795 2254 1944 2305 εὐτυχῶ·
1955 2270 1970 2285 «
1982 2248 2160 2304 Πρόπομά
2168 2264 2204 2286 τι

1167 2314 1236 2369 πρὸ
1250 2318 1311 2353 τοῦ
1330 2313 1468 2353 δείπνου
1477 2312 1712 2368 περιεφέρετο,
1730 2310 1844 2355 καθὼς
1860 2310 1972 2348 εἰώθει
1985 2308 2025 2348 τὸ
2035 2310 2206 2362 πρῶτον.»

1659 2431 1723 2464 30.

1212 2496 1303 2530 Idem
1321 2496 1525 2539 Phylarchus
1542 2496 1641 2528 etiam
1657 2494 1698 2527 de
1714 2494 1822 2535 Mysta
1838 2495 1964 2531 narrat,
1982 2491 2065 2523 libro
2081 2490 2207 2522 decimo

1173 2547 1307 2586 quarto,
1327 2545 1379 2577 his
1396 2544 1525 2577 verbis:
1543 2556 1558 2571 «
1570 2544 1678 2584 Mysta
1693 2541 1819 2574 Seleuci
1839 2540 2028 2580 (Callinici,
2045 2537 2208 2570 Antiocho

1173 2594 1243 2625 Deo
1268 2595 1355 2633 nati)
1381 2592 1464 2633 regis
1498 2591 1621 2624 amasia
1642 2590 1704 2622 fuit
1723 2599 1731 2621 :
1750 2597 1844 2630 quae,
1869 2587 1956 2618 victo
1979 2594 2051 2625 rege
2066 2594 2084 2616 a
2109 2584 2211 2617 Gallis

1173 2641 1206 2671 et
1226 2639 1301 2680 suga
1315 2648 1401 2680 aegre
1417 2639 1545 2680 elapso,
1569 2638 1640 2679 ipsa
1664 2631 1790 2668 mutato
1811 2633 1897 2674 regio
1924 2632 2012 2664 cultu
2025 2655 2033 2670 ,
2056 2634 2088 2663 et
2103 2635 2212 2663 sumto

1174 2686 1251 2718 vilis
1270 2695 1373 2719 servae
1389 2687 1508 2719 vestitu
1523 2709 1532 2726 ,
1556 2685 1714 2726 prehensa
1731 2691 1807 2714 cum
1833 2680 1903 2712 aliis
1919 2679 2056 2720 captivis
2074 2678 2214 2710 abducta

1175 2736 1243 2773 est;
1264 2735 1298 2766 et
1312 2733 1399 2766 haud
1419 2742 1514 2766 secus
1529 2741 1567 2764 ac
1584 2730 1726 2773 propriae
1741 2727 1867 2761 ancillae
1888 2726 2020 2758 vendita
2033 2748 2041 2764 ,
2058 2725 2210 2757 Rhodum

1176 2781 1333 2822 pervenit.
1352 2781 1400 2814 lbi
1414 2789 1515 2821 quum
1534 2778 1713 2820 aperuisset
1727 2782 1877 2816 quaenam
1895 2775 1991 2812 esset,
2013 2781 2130 2813 magno
2147 2775 2214 2805 stu-

1177 2827 1232 2860 dio
1249 2837 1268 2860 a
1284 2827 1418 2860 Rhodiis
1436 2827 1475 2859 ad
1496 2826 1665 2858 Seleucum
1685 2822 1820 2855 remissa
1841 2822 1902 2852 est.
1923 2833 1938 2847 υ

1666 2882 1728 2915 31.

1222 2945 1373 2977 Antiochi
1406 2944 1484 2975 item
1514 2950 1633 2982 equum
1666 2939 1841 2980 praetereO,
1873 2937 1949 2979 qui,
1981 2938 2018 2969 ut
2047 2936 2218 2969 dominum

1182 3001 1278 3024 suum
1294 2992 1521 3028 ulcisceretur,
1541 2989 1634 3021 Gallo
1651 2986 1782 3018 nomine
1803 2984 1989 3018 Centoarati
2003 3008 2012 3024 ‚
2029 2985 2085 3025 qui
2109 2984 2220 3017 Antio-

1122 3047 1127 3050 ·
1183 3040 1282 3071 chum
1299 3039 1331 3070 in
1348 3046 1455 3079 pugna
1471 3036 1691 3074 interfecerat,
1709 3042 1821 3066 necem
1838 3032 1958 3065 intulit.

1669 3099 1732 3132 32.

1228 3161 1427 3201 Phylarchus
1452 3157 1674 3197 Atheniensis,
1696 3159 1753 3189 aut
1777 3156 1981 3196 Naucratita,
2005 3156 2062 3188 ubi
2081 3155 2122 3188 de
2147 3155 2222 3187 Zela

1189 3207 1389 3249 (Nicomedis
1398 3207 1490 3246 filio,
1507 3207 1643 3238 Prusiae
1651 3205 1769 3245 patre)
1782 3204 1880 3236 verba
1895 3204 1973 3236 facit
1984 3228 1993 3244 ,
2007 3203 2220 3244 Bithynorum

1188 3263 1271 3294 rege,
1287 3254 1354 3294 qui,
1371 3262 1473 3294 quum
1488 3253 1676 3285 Galatarum
1689 3251 1787 3283 duces
1804 3251 1846 3283 ad
1861 3251 2039 3292 hospitium
2056 3252 2221 3288 vocasset,

1188 3301 1387 3341 insidiasque
1400 3301 1445 3332 eis
1462 3300 1654 3338 struxisset,
1673 3299 1743 3339 ipse
1766 3298 1920 3330 occubuit
1931 3321 1940 3337 ,
1958 3297 2005 3330 sic
2022 3297 2175 3338 loquitur,
2193 3296 2219 3327 si

1190 3347 1266 3379 satis
1292 3350 1376 3379 recte
1400 3347 1556 3379 memorIa
1583 3348 1698 3379 teneo:
1720 3358 1736 3373 ι(
1760 3348 1935 3387 Propoma
1954 3345 2084 3385 aliquod
2104 3344 2155 3385 [id
2174 3346 2224 3375 est

1189 3394 1332 3435 gustatio
1349 3394 1482 3435 aliqua]
1499 3397 1573 3426 ante
1601 3402 1727 3425 coenam
1751 3392 2049 3430 circumferebatur,
2070 3390 2224 3432 quemad-

1191 3435 1326 3467 modum
1355 3437 1445 3476 prius
1471 3436 1663 3467 consuetum
1680 3436 1759 3467 erat.
1781 3447 1797 3462 u
