2320 3684
769 143 1050 184 HELLANICI
1079 143 1409 183 FRAGMENTA.
2095 147 2141 179 67

33 252 84 290 ριν
116 233 321 278 Ἑλλάνικος
358 232 500 287 ’Ύσιριν
546 230 654 270 ἔοικεν
696 230 765 304 (s‘ic
802 230 1060 268 Valcke11a1.:

33 295 151 333 codd.
173 293 307 344 ἔθηκεν)
327 291 515 340 ἀκηκοέναι
538 288 606 328 ὑπὸ
627 291 697 327 τῶν
722 286 843 342 ἱερέων
862 287 1060 339 λεγόμενον.

31 351 140 394 Ουτω
158 350 226 405 γὰρ
246 348 426 402 ὀνομάζων
447 348 597 386 διατελεῖ
620 346 680 384 τὸν
710 348 746 384 θε
748 346 807 392 ὸν,
834 343 974 388 εἰκότως
995 344 1064 383 ἀπὸ

31 414 95 460 τῆς
106 410 239 465 φύσεως
253 409 385 455 καὶτῆς
398 404 563 461 εὗρεσέως
576 403 697 458 (υσεως
711 403 796 443 καὶε
783 403 950 458 υγρασίας
964 403 1064 454 conj.

34 475 73 509 Μ
77 470 158 508 arkl
161 467 310 519 andus).

507 539 594 576 155.

91 608 299 647 Athenaeus
333 609 373 654 Ι,
406 618 443 655 p.
466 605 530 654 34,
548 607 578 640 A
593 617 601 639 ε
616 601 831 654 Θεόπομπος
857 604 876 640 ὁ
900 604 987 646 Χῖος
1003 601 1065 651 τὴν

36 666 194 718 ἄμπελον
223 665 353 716 ἱστορεῖ
381 664 573 715 εὖρεθηναι·
606 662 641 698 ἐν
674 659 858 714 Ὀλυμπία
888 659 984 714 παρὰ
1008 659 1067 698 τὸν

40 721 205 778 Ἀλφειόν·
227 720 434 764 Ἑλλάνικος
453 719 491 758 δέ
510 735 631 773 φησιν,
658 721 693 758 ἐν
713 723 756 773 τῇ
779 719 946 772 Πλινθίνῃ
966 719 1067 757 πόλει

38 781 222 835 Αἰγύπτου
255 782 393 832 πρῶτον
431 782 613 834 ευρεθηναι
651 777 716 826 τὴν
751 778 920 830 ἄμπελον.
956 779 1069 818 Unde

38 842 215 894 quaedam
243 840 435 891 excerpsit
458 839 636 877 Eustath.
663 839 713 876 ad
737 841 849 877 Hom.
875 838 1005 887 od.1‚
1029 851 1068 889 p.

43 900 155 947 1635,
183 900 243 937 16.

91 963 163 997 «In
192 956 428 1009 AEgyptiacis
440 956 662 994 Hellanicus
689 955 796 994 haud
821 955 939 993 dubie
954 956 1070 993 etiam

36 1031 84 1056 ea
103 1018 278 1069 posuisse
294 1015 490 1067 putandus
509 1022 579 1063 cst,
600 1027 686 1066 quae
706 1014 754 1053 de
773 1014 945 1065 Orphica
966 1014 1073 1052 theo-

37 1077 154 1127 logia,
182 1075 258 1113 hoc
285 1083 343 1113 est
374 1074 422 1112 de
442 1074 691 1124 cosmogonia
716 1073 862 1111 docuit.
888 1072 1071 1111 Dubitari

39 1135 142 1173 enim
155 1134 222 1172 vix
247 1141 387 1184 potest,
407 1134 503 1185 quin
521 1131 684 1171 Lesbius
700 1141 833 1170 noster
851 1133 1073 1171 Hellanicus

39 1191 310 1244 intelligendus
341 1193 389 1230 sit
422 1191 528 1242 apud
558 1193 806 1229 Damascium
841 1190 928 1245 Περὶ
954 1192 1072 1245 ἀρχῶν

40 1252 81 1292 iu
106 1254 151 1290 G.
171 1254 213 1290 C.
234 1251 371 1291 Wolfii
390 1250 536 1289 Anecd.
556 1263 612 1301 gr.
636 1259 730 1288 tom.
754 1247 822 1296 111,
848 1263 886 1300 p.
907 1250 981 1288 253
999 1265 1006 1287 :
1028 1249 1074 1289 ‘H

41 1311 79 1350 δὲ
94 1309 187 1350 κατὰ
205 1309 264 1349 τὸν
279 1309 487 1363 Ἱερώνυμον
506 1309 681 1364 φερομένη
707 1309 874 1363 (Ὀρφικὴ
899 1310 1072 1363 θεολογία)

40 1370 103 1411 καὶ
120 1369 346 1417 Ἑλλάνικον,
369 1369 465 1423 εἴπερ
480 1368 529 1421 μὴ
550 1369 611 1408 καὶ
630 1372 648 1408 ὁ
666 1369 767 1414 αὐτός
787 1371 893 1418 ἐστιν,
913 1384 998 1421 quae
1021 1371 1076 1408 sic

41 1431 299 1481 interpretor:
312 1431 388 1467 nisi
406 1431 557 1479 quidem
579 1432 676 1466 alter
690 1443 741 1466 ex
755 1432 878 1467 altero
888 1443 959 1466 sua
974 1430 1075 1466 Ιιαιι-

42 1491 106 1539 sit,
124 1490 179 1526 ita
197 1497 239 1525 ut
256 1490 371 1525 ambo
391 1501 468 1525 non
488 1488 564 1525 nisi
579 1489 691 1525 unius
712 1489 879 1533 auctoris
899 1491 982 1525 Ioco
997 1489 1076 1524 ha-

42 1547 159 1585 bendi
175 1549 261 1586 sint.
275 1565 290 1582 »
314 1550 439 1586 Sturz.

521 1622 608 1663 156.

96 1688 274 1740 Justinus
302 1691 451 1738 Mar-tyr
475 1687 675 1726 Cohortat.
705 1686 756 1724 ad
785 1690 940 1725 Graecos
960 1699 997 1737 p.
1019 1701 1077 1735 10,

44 1752 80 1788 A
109 1747 171 1786 ed.
203 1746 325 1786 Paris.
354 1746 453 1785 1615
488 1746 571 1794 fol.‚
609 1746 737 1796 primo
759 1747 1008 1785 Polemonem
1041 1755 1079 1784 et

44 1807 230 1858 Apionem
255 1806 308 1843 ait
322 1805 538 1851 tradidisse,
562 1803 656 1843 κατὰ
674 1803 833 1858 Ἴναχον,
847 1804 992 1879 Ἄργους
1013 1806 1077 1857 βα-

45 1865 157 1912 σιλέα,
173 1863 359 1916 Ἀμάσιδος
378 1863 581 1917 Αἰγυπτίων
607 1863 861 1917 βασιλεύοντος,
882 1866 1080 1911 ἀποστηναι

45 1923 288 1972 Ἰουδαίουςῇ
267 1939 315 1962 ων
336 1925 495 1975 ἡγεῖσθαι
514 1921 683 1962 Μωῦσέα.
693 1924 841 1962 Deinde
859 1924 988 1962 addit:
1007 1921 1080 1962 Καὶ

47 1983 80 2022 οἱ
113 1980 158 2021 τὰ
181 1980 373 2030 Ἀθηναίων
397 1980 433 2020 δὲ
453 1982 692 2034 ἱστοροῦντες,
719 1980 929 2026 Ελλάνικός
954 1997 994 2020 τε
1021 1980 1080 2018 καὶ

48 2040 265 2094 Φιλόχορος,
284 2042 315 2078 οἱ
334 2038 397 2084 τὰς
415 2039 589 2088 Ἀτθίδας,
607 2038 764 2095 Κάστωρ
782 2057 821 2080 τε
840 2041 900 2080 καὶ
923 2039 1081 2089 Θαλλὸς,

47 2099 109 2139 καὶ
127 2098 347 2153 Ἀλέξανδρος
362 2101 380 2137 ὁ
397 2095 613 2151 πολυίστωρ,
704 2101 751 2143 ὡς
771 2100 905 2155 σφόδρα
931 2103 1081 2155 ἀρχαίου

48 2158 109 2197 καὶ
136 2159 288 2198 παλαιοῦ
319 2160 388 2196 τῶν
410 2157 591 2197 Ἰουδαίων
618 2157 785 2212 ἄρχοντος
804 2159 984 2205 Μωϋσέως
1014 2162 1082 2213 με’-

48 2232 214 2269 μνηνται.

1174 229 1337 280 Cyiillus
1360 228 1426 267 lib.
1450 232 1469 267 1
1494 231 1637 267 Contia
1660 229 1800 266 Julian.
1831 241 1866 278 p.
1901 227 1943 264 15
1975 227 2143 278 Spanh:

1120 286 1206 327 Ὅτι
1237 294 1310 331 τοῖς
1340 286 1523 334 Ἑλλήνων
1566 286 1842 349 ἱστοριογράφοις
1875 284 2147 340 γνωριμώτατος

1121 349 1162 393 ἠν
1184 349 1202 385 ὁ
1219 348 1374 393 Μωσης,
1394 345 1429 390 ἐξ
1453 348 1565 386 αὐτῶν
1591 350 1639 386 ὡν
1661 346 1875 400 γεγράφασιν
1898 344 2029 390 ἔξεστιν
2050 344 2146 385 ἰδεῖν

1124 404 1298 455 Πολέμων
1315 421 1353 443 τε
1381 404 1446 458 γὰρ
1465 406 1500 443 ἐν
1518 409 1561 458 τῇ
1579 405 1701 458 πρώτῃ
1721 407 1790 443 τῶν
1811 405 2063 451 (Ελληνικκῗινε
2054 418 2150 441 ιστο-

1125 466 1206 516 ριῶν
1224 464 1516 515 διεμνημόνευσεν
1538 467 1658 512 αὐτοῦ,
1679 482 1739 505 και
1762 466 1984 515 Πτολεμαῖος
2002 463 2039 502 δὲ
2056 466 2151 503 Μεν-

1125 521 1264 570 δήσιος,
1299 523 1360 560 καὶ
1392 520 1460 572 μὴν
1494 523 1553 561 καὶ
1578 524 1805 569 Ἑλλάνικος,
1841 525 1901 562 καὶ
1929 522 2150 575 Φιλόχορος,

1125 580 1278 633 Κάστωρ
1294 595 1345 628 τε,
1360 580 1421 618 καὶ
1443 579 1552 634 ἕτεροι
1572 582 1656 636 πρὸς
1674 582 1816 626 τούτοις.

1514 654 1656 669 υ-ῡο

1276 686 1310 723 Η
1340 685 1424 723 ΕΙΣ
1453 686 1702 725 ΑΜΜΩΝΟΣ
1736 689 2002 727 ΑΝΑΒΑΣΙΣ.

1181 796 1388 834 Athenaeus
1408 800 1515 844 xiv,
1537 810 1573 847 p.
1596 745 1686 845 (15ξί,
1706 802 1737 836 A
1756 813 1764 835 z
1787 798 1941 838 Φοίνικα
1954 799 2011 838 τὸν
2023 797 2156 852 καρπὸν

1126 854 1187 892 καὶ
1210 853 1419 898 Ἑλλάνικος
1448 854 1618 902 κέκληκεν
1650 857 1685 893 ἐν
1713 860 1756 908 τῇ
1788 859 1836 901 εἷς
1853 857 2039 909 Ἄμμωνος
2060 858 2159 897 Ἀνα-

1128 913 1231 951 Εάσει
1244 943 1253 960 ,
1277 914 1306 952 εἷ
1325 912 1466 964 γνήσιον
1486 913 1525 952 τὸ
1548 912 1776 967 σύγγραμμα.

1569 991 1713 1002 -—-·0-—>—

1525 1020 1766 1060 ΠΕΡΣΙΚΑ.

1183 1132 1312 1170 schol.
1328 1132 1524 1183 Aristoph.
1550 1133 1599 1170 ad
1615 1137 1718 1171 Aves
1742 1147 1839 1172 1022
1854 1149 1861 1171 :
1876 1133 1922 1173 Ὃ
1942 1134 1978 1173 δὲ
1992 1133 2162 1173 Ἑλλάνιψ

1130 1206 1189 1234 κος
1209 1191 1244 1228 ἓν
1265 1196 1336 1233 τοῖς
1360 1192 1559 1243 Περσικοῖς,
1579 1191 1639 1230 δύο
1657 1192 1743 1246 φησὶ
1764 1193 2084 1246 Σαρδαναπάλλους
2100 1209 2163 1244 γε·

1131 1248 1282 1301 γονέναι.
1309 1251 1370 1293 Εἰς
1394 1249 1434 1290 τὸ
1455 1250 1553 1289 αὐτό.
1585 1246 1665 1303 (Εἷς
1688 1250 1724 1290 δὲ
1753 1253 1867 1290 αὐτῶν
1893 1252 1993 1303 conj.
2020 1252 2164 1301 Sturz.)

1133 1310 1282 1362 Περσῶν
1308 1308 1492 1360 βασιλεὺς,
1520 1308 1556 1354 ὃς
1577 1311 1613 1349 ἐν
1643 1314 1756 1365 τρυφῇ
1784 1311 1927 1365 ὡρίζετο
1956 1310 2020 1359 τὴν
2047 1311 2164 1349 εὐδαι-

1134 1367 1269 1418 μονίαν.
1287 1366 1393 1420 Λέγει
1413 1367 1449 1406 δὲ
1468 1369 1548 1423 περὶ
1569 1372 1689 1418 αὐτοῦ,
1705 1370 1757 1409 ὅτι
1776 1371 1811 1409 ἐν
1827 1376 1892 1424 μιᾷ
1909 1369 2026 1423 ἡμέρᾳ
2046 1368 2077 1422 β’
2095 1368 2166 1407 πό-

1133 1427 1205 1469 λεις
1223 1425 1338 1464 ἔκτισε
1359 1429 1422 1473 τῆς
1440 1427 1623 1476 Κιλικίας,
1644 1428 1786 1482 Ταρσὸν
1804 1428 1863 1467 καὶ
1884 1427 2087 1480 Ἀγχιάλην.

1612 1489 1698 1527 159.

1189 1538 1321 1588 steph.
1341 1542 1454 1588 Byz.:
1477 1539 1629 1594 Ἀρταῖα,
1648 1540 1807 1595 Περσικὴ
1825 1540 1941 1593 χώρα,
1960 1539 2002 1585 ἣν
2027 1538 2169 1577 ἐπόλισε

1137 1598 1314 1649 Περσεὺς,
1337 1599 1354 1635 ὁ
1374 1598 1539 1649 Περσέως
1560 1598 1621 1637 καὶ
1639 1599 1884 1652 Ἀνδρομέδας·
1905 1597 2112 1639 Ἑλλάνικος
2133 1599 2168 1634 ἐν

1137 1655 1322 1706 Περσικῶν
1349 1655 1485 1709 πρώτῃ.

1613 1712 1698 1749 160.

1189 1761 1321 1811 Steph.
1351 1765 1472 1812 Byz.:
1494 1765 1709 1803 Χαλδαῖοι.
1729 1765 1957 1807 ,Ἑλλάνικος
1991 1763 2028 1802 δέ
2065 1779 2170 1818 φησιν

1137 1820 1172 1857 ἑν
1197 1818 1328 1872 πρώτῳ
1354 1822 1540 1874 Περσικων
1558 1822 1661 1862 οὕτω·
1687 1796 1866 1879 «Κηφέως
1886 1822 2002 1862 οὐκέτι
2026 1825 2170 1871 ζῶντος,

1138 1877 1436 1932 στρατευσάμενοι
1476 1897 1516 1920 εκ
1553 1883 1782 1932 Βαὸυλῶνος,
1812 1882 2008 1929 ἀνέστησαν
2038 1883 2078 1920 ἐκ
2111 1885 2172 1929 τῆς

1138 1936 1280 1991 χώρας,
1299 1939 1361 1978 καὶ
1377 1939 1441 1988 τὴν
1465 1940 1625 1994 Χογὴν(
1615 1943 1702 1995 (leg.
1728 1943 1920 1997 Χώχην)”
1901 1958 2018 1996 εσχον.
2041 1942 2174 1981 Οὐκέτι

1139 1998 1161 2043 ἦ
1187 1995 1287 2050 χώρη
1317 1999 1483 2053 Κηφηνίη
1509 2000 1687 2051 καλέεται,
1713 2002 1785 2041 οὐδ’
1805 2001 1983 2055 ἄνθρωποι
2013 2004 2044 2039 οἱ
2081 2003 2173 2039 ἐνοι-

1141 2058 1282 2099 κοῦντες
1301 2058 1484 2111 Κηφηνες,
1505 2059 1596 2099 ἀλλὰ
1608 2062 1823 2101 Χαλδαῖοι.»
1842 2062 1915 2100 Και
1928 2065 1949 2108 ἡ
1962 2060 2062 2114 χώρα
2085 2059 2172 2106 αὕτη

1142 2119 1241 2152 πᾶσα
1255 2131 1315 2154 νυν
1341 2117 1528 2166 Χαλδαϊκὴ
1546 2120 1717 2160 καλεῖται.

1194 2170 1393 2208 Postrema
1412 2171 1501 2210 inde
1519 2172 1568 2214 ab
1582 2173 1698 2213 οὐκέτι
1718 2188 1796 2213 non
1818 2175 1994 2213 videntur
2013 2174 2060 2212 ad
2080 2174 2174 2212 Hel—

1140 2225 1307 2264 lanicum
1329 2230 1534 2279 pertinere.

50 2321 212 2354 nominari
228 2320 391 2353 audivisse
405 2320 555 2361 videtur,
572 2321 681 2362 itaque
703 2330 777 2354 eum
794 2322 907 2355 crebro
922 2324 1070 2358 nominat

51 2369 206 2403 nimirum
218 2378 237 2400 a
249 2368 360 2409 pluvia
371 2370 404 2400 et
418 2368 670 2401 humectatione.

95 2474 340 2516 Theopompum
352 2473 470 2507 Chium
488 2473 546 2514 (ait
561 2474 750 2515 Athenaeus)
767 2483 908 2515 narrare,
925 2480 1083 2519 repertam

53 2520 153 2552 vitem
189 2528 259 2553 esse
281 2520 441 2561 Olympiae
454 2520 548 2561 juxta
571 2521 769 2562 Alpheum...

55 2566 184 2607 scribit,
208 2566 240 2598 in
264 2567 395 2608 AEgypti
423 2567 542 2608 oppido
564 2567 728 2601 Plinthine
749 2569 892 2609 primum
920 2570 1086 2604 inventam

53 2621 127 2646 esse
147 2613 259 2646 vitem.

528 2663 616 2696 156.

99 2712 231 2745 Polemo
246 2715 279 2745 et
295 2714 376 2755 Apio
391 2713 525 2745 tradunt
549 2713 611 2745 sub
626 2714 748 2746 Inacho
759 2739 768 2755 ,
792 2724 865 2757 rege
881 2717 1001 2758 Argivo
1015 2742 1024 2758 ‚
1039 2727 1090 2751 eo-

59 2759 133 2791 dem
149 2762 304 2801 tempore,
321 2769 387 2801 quo
403 2760 532 2792 Amasis
551 2760 708 2802 AEgyptiis
724 2761 940 2804 imperaverit,
956 2764 1088 2798 Judaeos

57 2808 148 2839 Mose
162 2806 243 2839 duce
251 2808 435 2848 emigrasse.
443 2807 551 2840 Etiam
560 2808 617 2848 qui
629 2817 680 2840 res
691 2809 933 2842 Atheniensium
940 2815 1086 2853 narrant,

59 2853 242 2886 Hellanicus
261 2858 293 2886 et
318 2854 552 2893 Philochorus,
569 2855 739 2887 Atthidum
762 2857 951 2898 scriptores,
973 2861 1089 2891 castor

59 2900 92 2932 et
105 2899 237 2931 Thallus
250 2900 284 2932 et
296 2900 477 2933 Alexander
493 2901 673 2942 polyhistor
685 2904 798 2935 Mosen
812 2905 964 2944 tanquam
979 2914 1090 2946 peran-

0 2952 1 2957 ’
60 2945 188 2985 tiquum
203 2947 237 2978 et
251 2949 451 2987 perveterem
467 2947 660 2980 Judaeorum
682 2949 799 2982 ducem
821 2954 1088 2984 commemorant.

101 2993 214 3025 Mosen
229 2994 419 3026 Graecorum
435 2994 703 3036 historiographis
721 2997 925 3030 notissimum
939 2998 1039 3031 fuisse
1051 3008 1091 3031 ex

62 3037 140 3080 ipsis
152 3047 264 3072 eorum
280 3041 409 3081 scriptis
424 3041 602 3083 intelligere
619 3042 714 3083 licet,
738 3052 814 3076 nam
831 3045 963 3078 Polemo
979 3047 1013 3078 in
1030 3046 1091 3087 pri-

63 3093 118 3117 mo
135 3085 372 3119 Hellenicorum
385 3088 454 3129 ejus
469 3088 615 3120 meminit
630 3091 662 3122 et
677 3089 871 3123 Ptolemaeus
894 3092 1091 3133 MendesiuS,

65 3142 124 3167 nec
139 3143 203 3166 non
225 3136 422 3177 Hellanicus,
443 3137 668 3179 Philochorus,
689 3140 817 3179 Castor,
834 3140 899 3172 alii.

467 3205 688 3221 ἥσω...-

99 3239 222 3279 ITER
249 3241 320 3280 AD
347 3242 602 3282 TEMPLUM
629 3243 774 3284 JOVIS
801 3245 1057 3286 AMMONIS.

106 3355 239 3387 Φοίνικα
256 3356 341 3397 (quae
354 3366 419 3390 vox
432 3359 510 3391 alias
523 3308 682 3400 siginificat
694 3361 835 3401 palmam
848 3362 1007 3400 arborem)
1027 3362 1090 3393 fru-

1076 2349 1086 2366 5

776 2546 783 2552 .
802 2522 986 2556 Hellanicus
1010 2534 1087 2558 vero

1145 2331 1234 2361 ctum
1243 2331 1428 2366 Hellanicus
1447 2344 1577 2377 quoque
1597 2337 1777 2370 nominavit
1795 2337 1827 2371 in
1843 2338 1959 2370 Itinere
1967 2338 2005 2370 ad
2018 2337 2174 2378 templum

1144 2378 1237 2410 Jovis
1254 2382 1440 2423 Ammonis,
1457 2383 1484 2415 si
1499 2384 1674 2425 genuinum
1691 2385 1725 2419 id
1746 2385 1914 2426 scriptum,

1543 2516 1771 2555 PERSICA.

1622 2604 1706 2636 158.

1188 2662 1373 2695 Hellanicus
1395 2664 1427 2695 in
1452 2665 1589 2697 Persicis
1617 2666 1700 2700 duos
1727 2666 1772 2697 ait
1791 2664 2034 2704 Sardanapallos
2050 2663 2149 2696 fuisse
2163 2688 2173 2704 ‚

1147 2717 1286 2749 quorum
1302 2710 1400 2750 alter,
1424 2720 1480 2744 rex
1498 2714 1686 2752 Persarum,
1703 2713 1736 2744 in
1752 2711 1886 2743 mollitie
1901 2719 2061 2742 Summam
2082 2710 2174 2743 felici-

1147 2758 1246 2789 tatem
1267 2759 1421 2798 posuerit.
1439 2759 1526 2790 Dicit
1542 2768 1617 2791 vero
1634 2758 1816 2791 Hellanicus
1829 2767 1902 2790 eum
1921 2767 1985 2789 uno
1997 2758 2175 2798 eodemque

1147 2804 1200 2837 die
1213 2805 1294 2838 duas
1307 2805 1404 2838 urbes
1416 2806 1569 2839 incilicia
1583 2806 1776 2845 condidisse,
1793 2807 1929 2837 Tarsum
1941 2806 1974 2836 et
1987 2804 2173 2839 Anchialen.

1621 2878 1708 2911 159.

1190 2947 1310 2985 Altaea,
1324 2945 1410 2985 regio
1429 2945 1567 2984 Persica,
1586 2945 1621 2976 in
1642 2953 1707 2984 qua
1725 2946 1861 2976 Perseus
1882 2945 1989 2976 Persei
2004 2947 2037 2976 et
2052 2944 2176 2977 Andro-

1150 2992 1254 3024 medae
1267 2992 1353 3023 filius
1369 2991 1465 3023 urbes
1481 2991 1638 3030 condidit,
1652 2992 1783 3022 auctore
1796 2990 1961 3023 Hellanico
1978 3000 2085 3024 rerum
2103 2993 2176 3024 Per·

1149 3039 1290 3071 sicarum
1305 3038 1387 3069 libro
1402 3038 1517 3079 primo.

1621 3109 1709 3142 160.

1191 3171 1572 3205 Chaldaei—Hellanicus
1587 3180 1665 3204 vero
1679 3171 1823 3213 inprime
1838 3174 2040 3205 Persicorum
2054 3173 2177 3214 inquit:

1152 3221 1304 3251 «Mortuo
1318 3219 1384 3259 jam
1404 3218 1543 3258 Cepheo,
1561 3226 1601 3250 ex
1614 3218 1776 3260 Babylone
1791 3219 1978 3259 militantes,
1996 3228 2033 3252 ex
2050 3220 2178 3261 regione

1150 3265 1354 3306 migravisse,
1368 3273 1406 3296 ac
1424 3265 1578 3298 Chochen
1598 3266 1752 3298 tenuisse.
1777 3268 1842 3299 Nec
1866 3267 2004 3308 amplius
2020 3267 2106 3308 regio
2122 3270 2178 3299 Ce-

1150 3312 1266 3353 phenia
1288 3313 1433 3350 vocatur,
1448 3320 1507 3344 nec
1529 3312 1643 3345 incolae
1659 3313 1838 3354 cephenes,
1858 3314 1916 3346 sed
1932 3314 2088 3347 Chaldaei.
2101 3326 2117 3343 »
2135 3316 2177 3347 Et

1151 3359 1235 3399 regio
1252 3359 1314 3390 ista
1328 3359 1434 3390 omnis
1456 3368 1543 3390 nunc
1559 3359 1731 3392 Chaldaica
1746 3362 1893 3393 vocatur.

2062 3421 2095 3453 5.
