2320 3684
128 187 178 219 78

173 322 301 363 Schol.
321 321 482 372 Apollon
519 322 538 356 1
551 346 560 362 ‚
587 318 659 362 146
675 330 683 352 :
702 314 906 368 Φερεκύδης
925 315 960 352 ἐν
978 317 1022 367 τῇ
1046 314 1088 366 β’,
1106 314 1146 352 ἐκ

122 380 326 436 Λαοφόντης
345 382 407 425 τῆς
431 377 638 429 Πλευρῶνος
660 373 781 420 Λήδαν
806 373 865 413 καὶ
885 371 1046 412 Ἀλθαίαν
1070 373 1147 412 Θε-

122 439 215 492 σπίῳ
232 436 391 489 γενέσθαι
410 433 528 488 φησίν.
547 432 632 472 ΕΌτι
651 430 687 470 δὲ
704 430 867 471 Γλαύκου
891 430 964 470 ἐστὶ
991 430 1050 469 καὶ
1066 430 1147 470 Ἀλ-

125 498 239 545 θαίας,
257 495 444 534 αἰνίττεται
471 491 597 543 λέγων,
616 490 709 534 Τοὺς
724 489 805 529 τέκε
827 489 981 543 θυγάτηρ
997 488 1148 542 Γλαύκῳ

123 555 291 608 μάκαιρα.
312 551 411 591 Φασὶ
427 550 485 589 τὸν
505 550 567 602 μὲν
585 548 792 597 Πολυδεύκη
806 580 816 598 ,
831 548 927 592 Διός·
945 548 1004 588 τὸν
1019 547 1055 587 δὲ
1074 547 1151 587 Κά-

125 629 248 667 στορα,
269 609 470 663 Τυνδάρεω.

177 671 268 710 Cod.
291 670 410 708 Paris.
427 682 499 720 pro
515 667 600 721 φασὶ
619 666 738 705 habet
760 666 876 721 φησίν.

177 781 301 820 801101.
316 780 469 818 Pindar.
486 726 699 826 Ιεῐὴωὸῑῗλῖ,
721 784 812 822 104:
829 777 917 831 Περὶ
927 780 988 815 τοῦ
1006 779 1154 830 ἀριθμοῦ

127 841 208 890 (τῶν
223 837 437 892 Ἡρακλέους
450 839 489 876 ἐκ
503 837 669 891 Μεγάρας
683 837 832 888 παίδων)
843 836 1087 875 διαλλάττουσι

127 898 328 950 Φερεκύδης
344 898 379 935 ἐν
398 895 568 950 δευτέρῳ,
589 895 812 948 Ἀντίμαχον,
840 893 1037 946 Κλύμενον,
1058 896 1155 942 D&-

874 955 885 968 5
933 953 944 970 Χ
997 955 1007 968 9
1057 952 1066 966 ἵ

127 1015 195 1054 ὑπὸ
211 1018 271 1054 τοῦ
291 1014 422 1068 πατρὸς
438 1013 688 1065 ἐμὸεὸλῆσθαι.

435 1134 588 1170 LIBER
617 1133 847 1169 TERTIUS.

183 1196 301 1234 Liber
329 1196 460 1234 tertius
486 1195 660 1233 Herculis
689 1194 840 1232 labores
875 1193 923 1231 ab
947 1194 1162 1243 Eurystheo

130 1256 329 1306 impositos
349 1263 386 1292 et
402 1255 568 1305 reliquas
585 1267 645 1292 res
662 1253 711 1291 ab
725 1267 770 1291 eo
791 1261 914 1303 gestas
929 1251 1161 1290 continebat.

131 1317 265 1365 Itaque
293 1314 461 1364 primum
493 1313 605 1365 posui
630 1313 761 1363 fragm.
797 1311 844 1349 de
882 1319 1005 1349 matre
1036 1314 1162 1361 Eury-

133 1373 230 1411 sthei
250 1373 355 1423 (31);
381 1380 596 1422 sequuntur
624 1371 836 1421 fragmenta
864 1370 913 1407 de
943 1383 1056 1408 cerva
1073 1383 1164 1407 cor-

133 1440 226 1469 nuta
244 1431 322 1483 (31.
347 1430 400 1482 a),
426 1431 473 1468 de
493 1429 826 1481 Stymphalidibus
859 1429 950 1480 (32),
976 1428 1024 1466 de
1041 1429 1166 1480 pomis

134 1490 390 1540 Hesperidum
404 1489 481 1539 (33)
495 1497 532 1526 et
546 1502 630 1539 quae
643 1502 729 1526 cum
739 1501 786 1526 eo
800 1487 1001 1538 conjuncta
1014 1496 1104 1526 sunt
1120 1488 1168 1526 de

136 1550 317 1596 Eridano,
334 1549 381 1586 de
400 1552 547 1594 Antaeo,
564 1547 610 1585 de
621 1549 847 1595 Palaemone,
861 1548 909 1585 de
928 1548 1166 1594 Emathione,

137 1608 185 1645 de
238 1608 380 1658 poculo
430 1607 598 1657 navigio.
644 1610 803 1645 Restant
857 1607 1070 1657 fragmenta
1121 1606 1169 1643 de

137 1666 267 1717 Iphito
279 1666 374 1717 (34),
388 1666 435 1703 de
455 1668 508 1703 Co
525 1666 647 1703 insula
667 1665 761 1716 (35),
779 1666 826 1703 de
839 1665 1062 1703 Molionidis
1072 1665 1168 1716 (36),

138 1726 187 1762 de
204 1725 403 1764 Amalthea
413 1725 508 1777 (37):
523 1725 570 1762 de
586 1725 811 1775 Tlepolemo
827 1725 887 1775 (37
909 1725 960 1775 a),
979 1724 1027 1762 de
1042 1728 1172 1774 Dryo-

140 1782 252 1834 pibus
273 1783 364 1834 (38),
381 1784 428 1821 de
453 1791 575 1821 morte
597 1784 790 1821 Alcmenae
813 1783 903 1834 (39).

196 1905 323 1943 Schol.
342 1909 500 1944 Homer.
518 1907 561 1944 11.
578 1907 627 1952 T,
655 1919 666 1942 1
683 1906 728 1943 16
749 1919 757 1940 :
775 1905 928 1956 Δίδυμος
944 1905 1173 1958 παρατίθεται

144 1961 350 2015 Φερεκύδην
379 1962 442 2014 μὲν
469 1963 617 2015 λέγοντα
643 1963 751 2010 αὐτὴν
780 1962 844 2011 τὴν
866 1962 1027 2007 Πέλοπος
1046 1963 1174 2015 Ἀμφι-

144 2020 242 2059 &tav-
263 2021 423 2068 Ἡσίοδος
444 2021 481 2060 δὲ
503 2022 677 2077 Ἄρτιὸίαν
695 2022 758 2070 τὴν
779 2022 1064 2077 Ἀμφιδάμαντος
1081 2024 1174 2060 ἀπο-

145 2080 318 2134 φαίνεται.

603 2140 647 2178 31
689 2154 722 2178 a.

201 2199 325 2236 Schol.
340 2199 492 2237 Pindar.
513 2199 559 2237 ad
575 2200 728 2250 Olymp.
744 2202 814 2245 ΙΙΙ,
837 2200 885 2237 52
904 2213 912 2236 τ
928 2198 1130 2249 Ἐπιμελῶς
1147 2199 1179 2236 οἳ

632 2323 696 2355 29.

191 2371 390 2413 Pherecydes
399 2373 480 2405 dicit
491 2382 509 2405 e
519 2373 725 2414 Laophonta,
736 2373 905 2406 Pleuronis
917 2372 1179 2414 filia‚Thespium

151 2418 332 2459 suscepisse
350 2419 472 2450 Ledam
497 2421 530 2451 et
555 2420 722 2452 Althaeam.
740 2420 863 2452 Ledam
889 2428 967 2451 vero
994 2419 1109 2451 Glauci
1142 2427 1183 2451 ex

151 2465 277 2499 Althaea
299 2474 371 2498 esse
405 2466 605 2498 subobscure
632 2467 736 2498 innuit
750 2464 762 2506 [
775 2463 1033 2509 Eumelus?]·his
1049 2466 1156 2498 verbis
1175 2475 1182 2497 :

152 2514 221 2546 Hos
233 2513 356 2545 Glauco
370 2514 494 2554 peperit
508 2513 602 2546 beata
630 2514 704 2545 tilia.
736 2515 857 2546 Dicunt
882 2516 991 2546 autem
1009 2513 1070 2555 (al.
1090 2513 1180 2550 dicit,

154 2560 224 2592 scil.
245 2560 489 2600 Pherecydes),
509 2561 673 2593 Pollucem
699 2560 802 2592 filium
831 2568 902 2592 esse
924 2559 1038 2600 Jovis3
1062 2559 1185 2600 Tynda-

154 2607 212 2646 rei,
229 2608 410 2640 castorem.

198 2704 246 2732 De
259 2710 395 2734 numero
407 2701 560 2742 filiorum,
577 2701 634 2742 qui
649 2710 688 2733 ex
704 2703 832 2742 Megara
846 2702 938 2733 erant
954 2699 1099 2738 Herculi,
1122 2699 1186 2731 dis-

156 2750 298 2788 crepant.
314 2749 515 2790 Pherecydes
529 2748 677 2781 nominat
693 2748 926 2780 Antimachum
938 2771 947 2788 ,
965 2747 1159 2788 Clymenum
1174 2771 1183 2786 ,

158 2795 307 2834 Glanum,
317 2795 811 2836 Therimachumfflreontiaden,
824 2803 907 2835 quos
920 2794 987 2835 igni
1001 2802 1020 2825 a
1032 2795 1122 2834 patre
1140 2793 1186 2824 in-

158 2841 257 2881 iectos
271 2850 343 2874 esse
358 2841 447 2874 dicit.

468 2945 616 2981 LIBER
645 2944 872 2981 TERTIUS.

203 3045 402 3087 Pherecydes
414 3051 551 3081 matrem
565 3048 740 3089 Eurysthei
756 3047 834 3080 dicit
856 3046 1080 3088 Amphibiam‚
1099 3045 1188 3078 Pelo-

165 3091 214 3133 pis
225 3091 332 3123 filiam.

619 3143 663 3176 31
698 3149 731 3175 a.

208 3185 357 3217 Studiose
373 3195 500 3218 cervam
522 3190 691 3220 cornutam
705 3190 809 3229 poetae
833 3187 1045 3219 introducunt
1058 3211 1066 3225 ‚
1091 3186 1188 3218 sicuti

167 3230 267 3270 illam,
283 3241 356 3272 quae
374 3233 548 3274 Telephum
565 3235 672 3274 lactat,
688 3234 876 3267 describunt
894 3236 926 3266 et
938 3234 1075 3274 fingunt.
1092 3235 1191 3266 ...Fe-

169 3277 289 3308 minam
297 3287 374 3310 vero
396 3281 428 3311 et
444 3281 548 3312 aureis
561 3281 724 3313 cornubus
739 3281 931 3314 instructam
946 3289 987 3313 ex
1007 3279 1101 3312 Islria
1119 3279 1190 3311 Pin-

171 3323 267 3356 darus
280 3324 368 3365 dicit,
387 3326 432 3358 ita
449 3327 534 3358 enim
548 3328 801 3367 qui'I'heseidem
813 3328 953 3370 scripsit,
971 3329 1002 3360 et
1015 3327 1191 3360 Pisandrus

171 3371 338 3404 Camireus
353 3374 385 3404 et
399 3373 596 3414 Pherecydes
615 3375 715 3406 aiunt.

838 172 1162 213 PHERECYDIS
1190 170 1525 212 FRAGMENTA.

1203 258 1347 307 ποιηταὶ
1364 259 1428 307 τὴν
1446 259 1585 306 θήλειαν
1604 256 1731 311 ἔλαφον
1749 255 1879 310 κέρατα
1896 255 2046 310 ἔχουσαν
2065 257 2229 311 εἰσάγω-ι

1206 334 1259 358 σι·
1278 318 1438 372 καθάπερ
1456 317 1516 356 καὶ
1538 315 1602 365 τὴν
1624 315 1841 364 θηλάζουσαν
1867 314 1926 354 τὸν
1950 315 2111 370 Τήλεφον
2139 317 2231 372 γρά-

1206 393 1308 431 φουσι
1326 377 1386 416 καὶ
1402 377 1607 416 πλάττουσι.
1681 374 1838 422 Θήλειαν
1867 373 1904 412 δὲ
1924 368 1999 413 εἶπε
2018 375 2232 428 (Pindarus)

1206 436 1266 474 καὶ
1282 434 1506 490 χρυσόκερων
1528 434 1600 473 ἀπὸ
1619 433 1780 488 Ἰστρίας.
1801 432 1843 472 Ὁ
1867 432 1935 486 γὰρ
1960 430 2126 481 Θησηΐδα
2143 434 2236 489 γρά-

1203 496 1276 548 ψας
1290 493 1456 542 τοιαύτην
1474 492 1581 541 αὐτὴν
1611 491 1728 544 λέγει,
1748 492 1809 530 καὶ
1831 491 2044 546 Πείσανδρος
2061 495 2079 531 ὁ
2097 493 2234 546 Ketia-et-

1211 552 1306 606 ρεὺς,
1327 552 1387 591 καὶ
1408 551 1622 605 Φερεκύδης.

1265 670 1390 709 Schol.
1406 669 1515 707 Pind.
1527 669 1776 719 Olymp.VII,
1795 668 1866 705 60:
1882 666 1928 706 ‘H
1937 666 2054 721 Λέρνη
2064 666 2156 706 κατὰ
2173 666 2237 719 μέν

1211 743 1307 771 τινας
1321 727 1432 783 κρήνη
1443 758 1454 777 ,
1472 727 1563 766 κατὰ
1581 726 1617 765 δέ
1630 742 1726 770 τινας
1738 726 1921 778 λοχμῶδες
1935 724 2076 781 χωρίον.
2159 727 2238 766 Φε-

1215 786 1357 840 ρεκύδης
1376 786 1413 825 δὲ
1426 785 1486 825 καὶ
1501 785 1603 825 πόλιν
1619 785 1735 839 φησίν.

1268 904 1395 943 Schol.
1416 903 1597 954 Apollon.
1618 905 1669 946 ΙΙ,
1696 903 1791 946 1054
1809 917 1816 939 :
1840 898 2044 955 Φερεκύδης
2061 901 2098 941 δέ
2124 916 2243 956 φησιν,

1216 964 1255 1001 οὗ
1272 967 1457 1013 γυναῖκας,
1475 961 1552 999 ἀλλ’
1571 960 1708 1015 ὄρνιθας
1724 954 1830 1008 εἶναι,
1849 959 1908 997 καὶ
1921 961 2144 1013 ἀναιρεθῆναι
2159 958 2247 1014 πρὸς

1217 1017 1454 1072 Ἡρακλέους,
1479 1019 1662 1069 πλαταγῆς
1688 1017 1844 1065 δοθείσης
1866 1018 1961 1071 αὐτῷ
1983 1017 2070 1071 πρὸς
2093 1017 2134 1056 τὸ
2158 1033 2247 1057 κτυ-

1217 1083 1295 1116 πεῖν
1314 1077 1374 1115 καὶ
1391 1075 1549 1129 ἐκφοὸεἴν
1569 1076 1687 1120 αὐτάς.

1271 1140 1315 1174 111
1347 1135 1488 1174 Codice
1517 1136 1635 1174 Paris.
1665 1135 1828 1186 legitur:
1848 1133 1889 1178 ἃς
1922 1136 2144 1188 ἀναιρεθῆναι
2181 1133 2248 1174 ὑπὸ

1221 1192 1436 1247 Ἡρακλέους
1457 1195 1622 1246 πλαταγῇ
1642 1192 1869 1248 χρησαμένου
1889 1193 2027 1247 ὀργάνῳ
2052 1194 2248 1247 ψοφοποιῷ.

1277 1317 1402 1355 Schol.
1417 1317 1598 1367 Apollon.
1614 1319 1682 1363 IV,
1704 1314 2035 1369 1396:(1)epext'08·r1;
2050 1316 2085 1354 ἔν
2103 1315 2187 1354 δεκά
2240 1345 2251 1364 ,

1223 1378 1287 1422 τῆς
1303 1373 1419 1428 εἨρας
1437 1372 1664 1426 γαμουμένης
1682 1374 1780 1425 (cod.
1814 1374 1930 1411 Paris.
1967 1373 2076 1411 addit
2101 1374 2153 1427 τῷ
2178 1330 2251 1424 ΣΞ)

1226 1433 1311 1488 φἠσὶ
1330 1432 1394 1480 τὴν
1407 1436 1473 1485 γῆν
1495 1434 1683 1472 ἀναδοῦναι
1700 1434 1736 1471 ἐν
1753 1434 1804 1485 τῷ
1821 1432 1984 1485 Ὠκεανῷ
2005 1433 2102 1484 μῆλα
2118 1437 2252 1486 χρυσᾶ,

1225 1492 1248 1540 ἢ
1269 1490 1404 1544 μηλέας
1436 1495 1587 1546 χρυσοῦν
1616 1491 1750 1546 καρπὸν
1784 1490 1971 1546 φερούσας·
2003 1490 2188 1545 φυλάττειν
2217 1489 2254 1529 δὲ

1227 1550 1315 1590 αὐτὰ
1350 1551 1534 1605 Δράκοντα
1557 1550 1616 1589 τὸν
1639 1553 1807 1605 Τυφῶνος
1833 1550 1894 1589 καὶ
1917 1547 2102 1602 Ἐχίδνης,
2128 1548 2255 1603 ἔχοντα

1227 1608 1379 1664 κεφαλὰς
1395 1609 1519 1648 ἑκατὸν
1539 1609 1599 1647 καὶ
1620 1608 1736 1663 φωνὰς
1752 1607 1932 1652 παντοίας·
1949 1608 2009 1648 καὶ
2027 1605 2081 1647 ὅτι
2100 1610 2135 1647 αἱ
2153 1607 2258 1659 Νύμ-

1229 1685 1290 1721 φαι
1310 1670 1346 1706 αἱ
1367 1667 1447 1712 Διὸς
1471 1668 1531 1706 καὶ
1555 1667 1726 1719 Θέμιδος,
1754 1669 1912 1706 οἰκοῦσαι
1931 1669 1966 1706 ἐν
1992 1666 2156 1720 σπηλαίῳ
2176 1666 2256 1720 περὶ

1232 1728 1330 1779 (cod.
1349 1728 1468 1766 Paris.
1487 1726 1597 1780 παρὰ)
1613 1727 1671 1765 τὸν
1690 1725 1890 1780 Ἠριδανὸν,
1908 1725 2072 1764 ὑπέθεντο
2088 1725 2258 1780 Ἡρακλεῖ

1231 1788 1437 1840 ἀποροῦντι,
1457 1788 1578 1837 μαθεῖν
1593 1784 1690 1839 παρὰ
1708 1783 1872 1838 Νηρέως,
1892 1788 1960 1823 ποῦ
1979 1784 2020 1823 ἂν
2042 1783 2096 1832 εἴη
2109 1784 2154 1823 τὰ
2173 1799 2260 1838 χρυ-

1231 1845 1295 1884 σέα
1325 1847 1432 1897 μῆλα.
1466 1845 1597 1884 Λαὸεῖν
1616 1844 1650 1884 δὲ
1671 1844 1773 1883 αὐτὸν
1793 1844 1875 1898 βίᾳ,
1892 1846 2031 1897 πρῶτον
2061 1843 2124 1895 μὲν
2148 1859 2261 1895 μετα-

1234 1904 1472 1958 μορφούμενον
1496 1905 1543 1947 εἷς
1564 1902 1656 1957 ὕδωρ
1675 1903 1734 1942 καὶ
1753 1906 1841 1956 πῦρ·
1867 1897 1943 1942 εἶτα
1966 1904 2001 1948 ἐς
2023 1903 2087 1949 τὴν
2105 1901 2260 1941 παλαιὰν

1232 1963 1310 2014 ὄψιν
1330 1962 1556 2000 καταστάντα
1569 1993 1578 2011 ,
1597 1962 1754 2010 δηλῶσαι
1770 1961 1829 2000 τὸν
1847 1961 1966 2000 τόπον.
1984 1961 2030 2001 ‘O
2058 1960 2095 2000 δὲ
2120 1960 2262 2016 ἔρχεται

1235 2021 1342 2065 οὕτως
1362 2020 1419 2059 ἐπὶ
1445 2020 1490 2059 τὰ
1508 2026 1624 2074 χρυσᾶ
1650 2021 1759 2072 μῆλα.
1779 2018 2001 2075 Ἀφικόμενος
2025 2018 2063 2058 δὲ
2089 2021 2136 2063 εἷς
2159 2021 2264 2073 Ταρ-

1235 2079 1378 2128 τησσὸν,
1395 2078 1579 2133 πορεύεται
1608 2080 1655 2123 εἷς
1676 2078 1827 2128 Λιὸύην,
1849 2077 1931 2117 ἔνθα
1956 2080 2090 2132 ἀναιρεῖ
2107 2077 2263 2117 Ἀνταῖον

1236 2138 1295 2177 τὸν
1316 2139 1534 2182 Ποσειδῶνος
1549 2169 1558 2186 ,
1577 2136 1744 2190 ὖὸριστὴν
1764 2137 1860 2176 ὄντα.
1880 2130 1971 2177 Εἶτα
1991 2139 2187 2191 ἀφικνεῖται
2204 2134 2263 2174 ἐπὶ

1237 2197 1296 2236 τὸν
1314 2199 1439 2236 Νεῖλον
1458 2198 1504 2241 εἷς
1520 2195 1680 2251 Μέμφιν,
1695 2195 1792 2250 παρὰ
1810 2195 1973 2250 Βούσιριν
1996 2195 2055 2234 τὸν
2079 2195 2265 2235 Ποσειδῶ-

1699 2315 1740 2347 31
1776 2308 1813 2346 b.

1282 2379 1386 2411 Lerna
1402 2377 1583 2410 secundum
1605 2376 1685 2409 alios
1701 2376 1774 2408 sons
1785 2377 1856 2416 est,
1875 2375 2052 2408 secundum
2070 2374 2153 2407 alios
2174 2374 2266 2407 loms

1240 2425 1409 2458 dumosus.
1481 2424 1683 2465 Pherecydes
1697 2423 1795 2456 etiam
1813 2422 1928 2456 urbem
1943 2422 2032 2456 dicit.

1722 2486 1785 2522 32.

1283 2551 1525 2593 Stymphalides
1538 2560 1604 2583 non
1620 2553 1711 2583 erant
1722 2550 1887 2589 mulieres,
1900 2549 1959 2582 sed
1980 2558 2057 2582 aves
2073 2548 2115 2583 ab
2129 2549 2268 2583 Hercule

1243 2599 1360 2631 occisae
1378 2622 1386 2637 ‚
1403 2607 1505 2639 quum
1522 2597 1756 2640 crepitaculum
1777 2597 1807 2630 ei
1823 2596 1936 2630 datum
1957 2598 2060 2637 esset,
2075 2596 2168 2638 cujus
2191 2597 2268 2629 stie-

1242 2646 1313 2687 pitu
1325 2654 1380 2677 eas
1393 2646 1536 2677 terreret.

1725 2703 1787 2736 33.

1285 2765 1487 2806 Pherecydes
1502 2767 1612 2796 narrat
1629 2774 1636 2795 ε
1652 2766 1761 2802 Quum
1778 2766 1865 2796 June
1877 2764 1954 2796 Jovi
1968 2764 2104 2796 nuboeet
2117 2787 2127 2805 ,
2149 2765 2270 2797 terram

1244 2812 1278 2843 in
1290 2811 1394 2843 insula
1409 2811 1550 2852 quadam
1567 2811 1685 2843 Oceani
1697 2810 1907 2843 occidentalis
1920 2819 2017 2842 aurea
2032 2810 2117 2842 mala
2129 2810 2270 2843 edidisse

1244 2858 1297 2890 vel
1309 2859 1410 2890 malos
1425 2868 1539 2891 aureos
1555 2859 1680 2890 fructus
1698 2859 1855 2898 serentes;
1870 2858 2088 2891 custodivisse
2099 2867 2138 2891 ea
2155 2859 2271 2891 draco-

1246 2914 1332 2944 nem,
1350 2906 1514 2947 Typhonis
1532 2915 1574 2938 011
1590 2905 1740 2938 Echidna
1757 2905 1874 2945 filium,
1890 2908 2023 2938 eentum
2037 2905 2198 2947 capitibus
2218 2914 2272 2938 va-

1244 2952 1365 2992 riisque
1380 2951 1518 2983 vocibus
1534 2950 1726 2992 praeditum
1745 2952 1906 2991 nymphas
1919 2953 2039 2988 autem,
2057 2952 2151 2984 Jovis
2164 2960 2182 2984 e
2194 2951 2272 2984 Tho·

1245 2998 1333 3030 mide
1345 2997 1437 3037 filias,
1453 2997 1495 3029 ad
1508 2998 1688 3030 Eridanum
1700 2997 1734 3028 in
1749 2997 1904 3037 spelunca
1919 2997 2112 3037 habitantes,
2126 2997 2270 3038 Herculi,

1246 3054 1312 3085 quo
1328 3053 1363 3076 se
1380 3046 1519 3076 verteret
1534 3043 1702 3083 nescienti,
1721 3044 1873 3083 suasisse,
1888 3046 1926 3075 ut
1940 3053 1981 3076 ex
1998 3045 2102 3076 Nereo
2114 3045 2273 3085 quaereret

1247 3092 1382 3124 ubinam
1401 3094 1510 3124 essent
1524 3091 1609 3123 mala
1634 3099 1743 3123 aurea.
1767 3092 1862 3123 Hunc
1874 3091 1915 3122 ab
1931 3091 2069 3124 Hercule
2082 3091 2115 3123 vi
2129 3099 2272 3133 compre-

1244 3139 1382 3170 hensum
1393 3137 1536 3179 primum
1549 3137 1680 3178 quidem
1695 3137 1728 3168 in
1744 3145 1861 3177 aquam
1872 3139 1969 3177 atque
1985 3137 2090 3178 ignem
2103 3146 2174 3170 sese
2186 3146 2272 3171 com-

1246 3187 1398 3223 mutasse,
1412 3183 1527 3216 deinde
1539 3193 1616 3216 vero
1631 3184 1673 3216 ad
1693 3183 1866 3224 pristinam
1886 3183 2002 3216 faciem
2024 3184 2212 3217 redeuntem
2227 3184 2272 3216 lo·

1246 3239 1321 3263 cum
1334 3230 1364 3262 ei
1379 3230 1548 3262 indicasse.
1569 3230 1724 3262 Hercules
1746 3229 1842 3270 igitur
1858 3230 1900 3262 ad
1915 3239 2013 3263 aurea
2028 3231 2113 3263 mala
2134 3231 2272 3273 petenda

1245 3278 1470 3320 proficiscitur.
1487 3277 1585 3310 Venit
1594 3280 1781 3311 Tartessum
1796 3277 1935 3318 indeque
1950 3279 1984 3310 in
1997 3279 2134 3320 Libyam
2144 3278 2272 3318 transit,

1247 3325 1303 3357 ubi
1326 3327 1488 3365 Antaeum,
1503 3325 1642 3365 Neptuni
1663 3324 1778 3363 filium,
1805 3324 1975 3358 insolentia
1999 3326 2152 3359 infamem
2178 3326 2273 3358 inter-

1248 3371 1324 3404 ficit.
1341 3372 1459 3404 Postea
1476 3371 1564 3404 venit
1578 3371 1762 3413 Memphin,
1780 3371 1813 3403 in
1833 3371 1947 3404 urbem
1964 3373 2035 3405 Nilo
2048 3373 2248 3414 adjacentem
