2320 3684
181 160 231 196 96
905 150 1228 190 PHERECYDIS
1255 150 1585 190 FRAGMENTA.

181 244 260 287 τοὺς
293 242 458 295 Φλεγύας
489 240 631 294 ἐχθροὺς
663 239 765 282 ὄντας
815 237 874 276 καὶ
916 236 1072 290 ὁμόρους.
1119 251 1205 288 quae
1260 244 1364 289 γεῑον.
1396 238 1600 292 Θυγατέρας
1628 236 1664 275 δὲ
1691 236 1733 277 ς’.
1758 236 1902 285 Χιόνην,
1934 237 2102 281 Κλυτίαν,
2134 238 2282 289 Μελίαν,

182 303 293 340 lectio
320 316 410 340 sane
450 308 642 352 praestat.»
671 301 793 337 Sturz.
828 299 974 335 Contra
991 299 1136 346 Unger.
1165 296 1206 334 in

183 361 375 399 Thebanis
387 358 593 398 paradoxi-s
607 372 616 395 ε
629 374 645 391 «
661 357 747 395 Alia
767 354 880 392 nobis
896 367 1002 392 mens
1021 362 1089 392 est.
1109 357 1204 394 Nam

183 429 221 456 et
239 418 409 456 Eudocia
427 430 464 467 p.
494 429 540 465 ¹9
558 422 700 466 praeter
721 413 978 451 Phavorinum
1005 412 1070 450 illa
1088 411 1207 450 verba

185 476 424 526 transcripsit
448 483 486 512 et
505 474 553 511 de
567 472 715 511 Cadmo
729 471 832 510 bello
845 471 1020 509 lacessito
1034 470 1208 521 quaedam

185 535 339 572 minime
359 533 522 584 protrita
540 541 671 569 narrat
688 531 884 569 Diodorus
902 532 1013 578 XIX,
1043 543 1082 580 p.
1119 529 1208 579 359,

185 594 235 641 96
253 607 261 629 :
278 590 369 633 Τοὺς
393 589 454 641 μὲν
481 589 560 628 τότε
576 588 854 635 κατοικήσαντας
871 586 1013 641 ὕστερον
1028 586 1210 639 Ἐγχελεῖς

184 647 539 699 καταπολεμήσαντες
561 646 742 692 ἐξέὸαλον·
774 645 831 684 ὅτε
847 645 888 693 δὴ
902 645 1030 692 συνέὸη
1048 645 1110 684 καὶ
1129 643 1208 688 τοὺς

184 707 264 760 περὶ
288 706 435 758 Κάδμον
465 708 510 750 εἷς
530 704 720 759 Ἰλλυριοὺς
743 706 914 743 ἐκπεσεῖν.
945 702 1035 755 μετὰ
1058 703 1095 742 δὲ
1110 702 1210 742 ταῦτ’

186 765 340 819 Ἀμφίων
363 765 423 803 καὶ
443 767 554 811 Ζῆθος
577 763 790 817 (ἐκράτησαν
813 767 874 802 τοῦ
898 762 1036 814 τόπου).
1050 781 1066 797 υ

238 825 367 862 Schol.
399 827 555 862 Homer.
585 823 629 861 Il.
664 824 716 870 N,
737 822 1021 874 ’ὀοαεΓυρτῶνα
1051 817 1212 870 Φλεγύαι

186 885 445 931 κατοικοῦντες,
464 879 762 935 παρανομώτατον
799 879 859 918 καὶ
886 878 1072 932 λῃστρικὸν
1093 878 1210 929 διῆγον

188 940 276 992 βίον,
306 940 366 979 καὶ
400 938 675 993 κατατρέχοντες
709 937 789 981 τοὺς
819 936 1013 991 περιοίκους
1050 936 1213 988 χαλεπῶς

187 999 340 1046 ἠδίκουν.
369 998 524 1046 Θηὸαῖοι
553 997 611 1047 δὲ,
639 996 880 1051 πλησιόχωροι
911 995 1024 1044 ὄντες,
1050 993 1213 1032 ἐδεδοίκε-

187 1073 252 1096 σαν
271 1057 328 1096 καὶ
351 1056 457 1111 μέχρι
478 1057 630 1103 πολλοῦ,
649 1057 678 1093 εἷ
698 1053 747 1106 μὴ
765 1054 920 1108 Ἀμφίων
939 1053 999 1091 καὶ
1030 1055 1162 1101 Ζῆθος,
1182 1053 1213 1090 οἱ

187 1116 268 1160 Διὸς
283 1115 343 1154 καὶ
371 1113 574 1164 Ἀντιόπης,
613 1113 787 1167 ἐτείχισαν
807 1113 868 1157 τὰς
887 1111 1022 1159 Θήὸας.
1041 1105 1131 1163 Εἶχε
1147 1110 1214 1163 γὰρ

189 1174 344 1229 Ἀμφίων
376 1173 499 1228 λύραν,
519 1172 617 1227 παρὰ
639 1174 791 1212 Μουσῶν
819 1173 912 1224 αὐτῷ
937 1168 1138 1221 δεδομένην,
1171 1169 1214 1206 δι’

188 1228 229 1280 ἧς
254 1232 441 1285 κατέθελγε
476 1232 536 1270 καὶ
561 1231 642 1275 τοὺς
674 1230 807 1280 λίθους,
828 1229 919 1269 ὥστε
951 1228 1011 1267 καὶ
1042 1228 1127 1282 πρὸς
1150 1226 1213 1274 τὴν

188 1292 410 1344 τειχοδομίαν
433 1290 649 1342 αὐτομάτους
675 1289 895 1343 ἐπέρχεσθαι.
914 1286 1059 1327 Τούτων
1076 1285 1138 1338 μὲν
1156 1280 1214 1324 οὖν

189 1348 342 1398 ζώντων,
362 1348 457 1388 οὐδὲν
497 1351 528 1387 οἳ
546 1347 705 1399 Φλεγύαι
725 1347 804 1390 τοὺς
823 1345 1002 1393 Θηὸαίους
1046 1343 1216 1391 ἠδύναντο

189 1407 358 1446 διαθεῖναι
392 1405 513 1454 (κακόν
551 1407 657 1444 addit
695 1407 792 1456 vulg.
838 1402 987 1455 schot).
1028 1400 1214 1442 Θανόντων

190 1465 227 1507 δὲ
266 1468 393 1515 αὐτῶν,
426 1464 626 1508 ἐπελθόντες
657 1463 718 1502 σὺν
753 1463 960 1517 Εὐρυμάχῳ
984 1463 1035 1515 τῷ
1064 1461 1215 1514 βασιλεῖ,

189 1524 251 1568 τὰς
270 1525 394 1571 Θήὸας
412 1518 517 1562 εἶλον.
549 1522 703 1563 Πλείονα
738 1520 774 1560 δὲ
801 1523 998 1573 τολμῶντες
1015 1519 1216 1571 ἀδικήματα

190 1582 281 1621 κατὰ
302 1581 382 1626 Διὸς
407 1581 607 1636 προαίρεσιν
640 1579 707 1619 ὑπὸ
728 1578 944 1623 Ἀπόλλωνος
969 1578 1215 1640 διεφθάρησαν,

190 1642 237 1685 ὣς
267 1643 396 1694 ἱστορεῖ
432 1639 644 1694 Φερεκύδης.
678 1640 770 1679 Cod.
787 1642 882 1676 Ven.
910 1639 1017 1692 διεφθ.
1033 1653 1041 1661 ·
1062 1641 1156 1675 οὗτοι
1182 1635 1217 1675 δὲ

192 1698 386 1753 ἐνέπρησαν
406 1698 466 1737 καὶ
495 1697 553 1737 τὸν
572 1699 606 1736 ἐν
624 1698 770 1751 Δελφοῖς
799 1695 880 1735 ναὸν
908 1699 970 1734 τοῦ
989 1693 1215 1737 Ἀπόλλωνος.

192 1756 239 1797 ‘H
257 1757 391 1812 ἱστορία
407 1758 505 1811 παρὰ
524 1756 728 1810 Φερεκύδει.

247 1820 320 1854 Pro
340 1817 508 1869 Γυρτῶνα
541 1815 657 1865 vulgo
688 1814 826 1863 legitur
860 1810 1050 1865 Γόρτυναν,
1070 1811 1117 1848 de
1143 1824 1218 1861 qua

194 1875 491 1912 commutatione
508 1875 594 1912 v.C.
610 1876 656 1911 Ο.
675 1873 824 1911 Miiller.
839 1874 878 1911 in
894 1870 995 1908 libro
1014 1869 1060 1906 de
1077 1869 1217 1919 Minyis

193 1947 231 1984 p.
253 1940 337 1983 194.

247 1992 374 2030 Schol.
406 1991 647 2041 Apollon.1‚
673 1989 910 2041 741ιΛύραν
945 1985 1146 2040 Φερεκύδης
1183 1986 1217 2024 ἐν

192 2052 236 2103 τῇ
254 2049 381 2101 δεκάτῃ
396 2047 533 2102 ἱστορία
549 2047 681 2101 (Phav.
698 2045 877 2100 ἱστοριῶν)
898 2045 1040 2091 δοθῆναι
1061 2043 1220 2096 Ἀμφίονι

194 2109 279 2162 φησὶ
295 2107 362 2147 ὑπὸ
378 2109 544 2146 Μουσῶν.

643 2163 716 2202 102
739 2164 777 2202 b.

247 2226 375 2265 Schol.
404 2225 537 2275 Eurip.
576 2224 709 2262 Phoen.
747 2223 818 2260 162
843 2220 1072 2275 εφερεκύδης
1102 2219 1220 2273 φησὶν,

195 2283 302 2331 αὐτὴν
323 2283 401 2335 (τὴν
422 2283 572 2334 Νιόὸην)
591 2281 683 2334 ἔχειν
717 2282 845 2325 παῖδας
872 2280 915 2325 ς’.
943 2278 1221 2330 Ἀλαλκομενέα,

195 2342 345 2398 Φηρέα,
371 2341 549 2396 Εὔδωρον,
565 2340 728 2394 (Νιόὸην)
749 2339 948 2388 Λύσιππον,
966 2339 1117 2386 Ξάνθον,
1144 2338 1221 2391 Ἀρ-

236 2452 386 2492 Phlegyae
402 2453 580 2492 Gyrtonem
594 2449 771 2482 incolentes
790 2451 902 2480 contra
923 2449 977 2489 jus
993 2447 1107 2487 fasque
1124 2446 1219 2478 latro-

196 2499 279 2531 cinia
302 2501 334 2531 et
347 2498 600 2539 depraedationes
622 2496 824 2535 exercebant,
848 2498 1006 2536 atqueper
1020 2493 1220 2525 incursiones

196 2546 320 2579 vicinas
341 2547 450 2586 gentes
470 2545 609 2576 summis
624 2543 752 2584 injuriis
767 2542 959 2574 alliciebant.
980 2540 1126 2573 Thebani
1143 2548 1221 2571 vero

198 2593 339 2625 multum
361 2592 466 2624 adhuc
479 2594 609 2632 tempus
630 2599 686 2622 eos
708 2589 895 2629 timuerant,
919 2588 981 2619 nisi
1002 2587 1164 2628 Amphion
1185 2588 1218 2619 et

200 2640 333 2680 Zethus,
356 2638 450 2671 Jovis
463 2647 502 2670 ex
521 2638 658 2678 Antiope
673 2636 755 2676 filii,
777 2635 880 2667 muris
901 2634 1084 2667 Thebarum
1109 2633 1222 2665 urbem

198 2687 388 2718 cinxissent.
409 2685 570 2726 Amphion
583 2684 670 2717 enim
686 2684 790 2724 lyram
806 2682 920 2714 habuit
933 2690 953 2713 a
967 2681 1068 2713 Musis
1080 2681 1110 2713 ei
1125 2680 1222 2712 dona-

199 2735 276 2772 tam,
294 2741 360 2773 qua
372 2731 496 2773 lapides
510 2732 556 2764 ita
570 2730 734 2769 demulsit,
749 2731 787 2761 ut
799 2729 863 2770 ipsi
877 2729 992 2769 sponte
1007 2736 1066 2759 sua
1078 2727 1118 2759 ad
1138 2726 1221 2758 muri

199 2778 453 2811 exstructionem
466 2778 686 2811 convenirent.
706 2776 766 2809 His
785 2775 972 2808 viventibus
986 2774 1135 2815 Phlegyae
1156 2782 1221 2805 ma-

200 2826 266 2857 lum
282 2825 443 2858 Thebanis
455 2825 571 2858 inferre
586 2833 651 2856 non
665 2825 833 2865 poterant:
851 2822 909 2854 sed
923 2824 997 2862 post
1018 2823 1154 2852 mortem
1170 2829 1221 2852 eo-

201 2882 273 2903 rum
285 2873 345 2904 sub
353 2872 556 2913 Eurymacho
569 2880 640 2911 rege
650 2870 776 2903 Thebas
786 2869 923 2910 aggressi
935 2868 1046 2900 urbem
1057 2869 1220 2908 ceperunt.

201 2921 310 2955 Quum
324 2928 402 2951 vero
415 2919 508 2960 plura
523 2918 667 2950 facinora
680 2917 799 2958 injuste
814 2916 982 2951 auderent,
995 2924 1035 2947 ex
1043 2917 1061 2946 J
1064 2914 1135 2946 ovis
1148 2922 1221 2945 con-

204 2965 276 2996 silio
292 2966 332 2996 ab
363 2965 509 3006 Apolline
536 2964 691 2997 interfecti
713 2965 801 2995 sunt.
827 2965 909 2995 Nam
933 2962 1039 3003 ipsum
1067 2960 1222 3002 Apollinis

202 3011 346 3052 Delphici
360 3012 515 3053 templum
529 3011 747 3043 incenderant.

244 3058 404 3098 Amphion
419 3059 488 3099 lyra
503 3067 521 3090 a
543 3059 645 3090 Musis
668 3057 804 3089 donatus
818 3059 877 3089 est.

648 3135 721 3167 102
752 3129 791 3167 b.

247 3201 446 3241 Pherecydes
468 3201 548 3233 dicit
572 3201 695 3234 Nioben
711 3226 720 3242 ,
745 3202 938 3243 Amphionis
966 3209 1119 3240 uxorem,
1139 3200 1222 3232 filios

205 3247 355 3278 habuisse
367 3256 441 3278 sex:
459 3247 674 3287 Alalcomena,
688 3250 820 3289 Pherea,
836 3249 1015 3287 Eudorum‚
1032 3248 1221 3289 Lysippum,

205 3293 386 3331 Xanthum,
412 3295 565 3333 Argium;
592 3295 793 3335 totidemque
818 3294 898 3326 filias
919 3304 926 3325 :
950 3294 1126 3334 Chionam‚
1153 3293 1223 3334 Cly-

204 3339 295 3379 tiam‚
316 3339 456 3379 Meliam,
478 3341 608 3380 Horam,
627 3340 812 3381 Lamippen,
827 3341 1000 3382 Pelopiam.

1262 295 1390 350 εὨρην,
1424 297 1636 348 Ααμίππην,
1650 295 1841 335 Πελοπίαν.

1709 354 1780 391 102
1803 367 1833 391 c.

1316 415 1439 452 Schol.
1464 415 1595 465 Eurip.
1621 414 1755 451 Phoen.
1787 426 1881 449 1111
1902 408 2070 458 εΝηίταις
2094 411 2233 463 πύλαις]
2260 410 2284 459 ἢ

1265 471 1333 510 ἀπὸ
1352 469 1481 519 Νηίδος
1496 475 1558 519 τῆς
1572 471 1751 524 Ἀμφίονος
1767 469 1826 508 καὶ
1843 468 1984 516 Νιόὸης.
2002 469 2054 510 Ἢ
2072 469 2147 508 ἐπεὶ
2165 469 2286 508 νέαται

1265 532 1362 571 εἰσίν.
1381 531 1426 571 ‘O
1444 532 1480 570 δὲ
1499 531 1702 586 Φερεκύδης
1721 530 1790 568 ἀπὸ
1810 530 1940 576 Νηΐδος
1958 533 2019 577 τῆς
2042 530 2156 578 Ζήθου
2175 533 2281 582 θυγα-

1264 589 1353 644 τρός.
1372 591 1482 630 Conf.
1503 592 1640 641 Unger.
1661 589 1850 627 Paradox.
1873 588 1994 627 Theb.
2007 592 2038 638 1,
2054 602 2093 640 p-
2114 591 2189 628 313
2204 602 2259 639 sq.

1321 707 1448 744 Schol.
1486 707 1664 758 Apollon.
1706 707 1726 744 3
1741 735 1751 753 ,
1782 707 1831 743 62
1851 720 1860 742 :
1881 703 2101 758 Φερεκύδης·
2135 701 2288 748 Αἴτωνος

1268 763 1353 816 (υἱὸς
1371 764 1509 816 Ἰξίων).
1528 764 1628 811 Φησὶ
1649 762 1685 801 δὲ
1700 765 1745 807 ὡς
1760 762 1923 814 γαμήσας
1941 762 2027 801 Δίαν
2043 761 2107 809 τὴν
2125 760 2290 806 Ἠϊονέως

1268 822 1458 878 θυγατέρα,
1477 822 1592 861 πολλὰ
1608 821 1782 875 ὑπέσχετο
1799 822 1921 860 δώσειν
1946 823 2040 876 δῶρα
2055 821 2154 874 (cod.
2169 822 2288 861 Paris.

1269 880 1377 933 ἕδνα).
1396 881 1579 925 Ἐλθόντος
1594 880 1630 919 δὲ
1644 881 1700 919 ἐπὶ
1713 885 1823 919 ταῦτα
1840 884 1900 919 τοῦ
1918 878 2086 924 Ἠϊονέως
2098 910 2108 928 ,
2132 878 2290 933 βέρεθρον

1268 939 1416 987 ποιήσας
1432 940 1491 979 καὶ
1503 938 1736 993 πυρακτώσας
1752 939 1916 984 σκεπάζει
1929 938 2012 977 αὐτὸ
2029 939 2168 981 λεπτοῖς
2183 936 2293 982 ξύλοις

1269 998 1329 1037 καὶ
1347 997 1440 1037 κόνει
1458 1001 1582 1052 λεπτῇ.
1602 997 1790 1050 Ἐμπεσὼν
1810 997 1846 1036 δὲ
1874 1001 1892 1036 6
1909 996 2067 1041 Ἠϊονεὺς
2086 995 2292 1050 ἀπόλλυται.

1271 1059 1395 1098 Λύσσα
1430 1058 1465 1097 δὲ
1497 1061 1547 1112 τῷ
1567 1058 1680 1103 Ἰξίονι
1710 1058 1850 1097 ἐνέπεσε
1879 1057 1937 1096 διὰ
1960 1062 2084 1104 τοῦτο,
2102 1057 2163 1095 καὶ
2182 1056 2293 1100 οὗδεὶς

1271 1117 1372 1156 αὐτὸν
1389 1117 1508 1164 ἤθελεν
1526 1117 1666 1168 ἁγνίσαι
1679 1116 1756 1155 οὔτε
1769 1119 1854 1155 θεῶν
1869 1115 1948 1154 οὔτε
1964 1113 2167 1170 ἀνθρώπων.
2186 1117 2295 1169 Πρῶ-

1270 1190 1326 1219 τος
1338 1174 1404 1229 γὰρ
1424 1175 1589 1228 ἐμφύλιον
1607 1173 1715 1228 ἄνδρα
1731 1173 1943 1213 ἀπέκτεινεν.
1958 1172 2131 1220 Ἐλεήσας
2144 1171 2180 1211 δὲ
2191 1171 2293 1211 αὐτὸν

1271 1235 1289 1271 6
1307 1232 1392 1276 Ζεὺς
1408 1232 1559 1283 ἁγνίζει,
1582 1233 1642 1271 καὶ
1665 1233 1836 1284 ἁγνισθεὶς
1863 1232 2000 1286 ἠράσθη
2020 1235 2082 1279 τῆς
2099 1231 2226 1286 Ἥρας.
2249 1231 2295 1271 Ὁ

1272 1290 1309 1328 δὲ
1329 1289 1414 1334 Ζεὺς
1429 1289 1575 1344 νεφέλην
1592 1289 1767 1342 ὁμοιώσας
1780 1290 1878 1344 Ἥρα
1890 1321 1900 1339 ,
1920 1289 2166 1344 παρακοιμίζει
2185 1291 2292 1343 αὐτῷ.

1274 1348 1345 1388 Καὶ
1357 1347 1498 1402 ὕστερον
1515 1347 1663 1395 ποιήσας
1673 1349 1911 1403 τετράκνημον
1926 1348 2066 1402 τροχὸν,
2076 1348 2135 1387 καὶ
2152 1347 2297 1399 δεσμεύ-

1273 1423 1336 1451 σας
1373 1407 1490 1456 αὐτὸν,
1517 1413 1733 1462 τιμωρεῖται.
1753 1431 1801 1436 -
1820 1408 1945 1446 Schol.
1985 1407 2140 1446 Pindar.
2183 1408 2295 1458 Pyth.

1274 1470 1324 1512 ΙΙ,
1346 1472 1415 1511 40:
1431 1465 1504 1504 Τὸν
1521 1463 1645 1510 Ἰξίονα
1673 1468 1705 1504 οἱ
1739 1464 1802 1517 μὲν
1819 1465 1998 1509 Ἀντίωνος
2020 1465 2297 1517 γενεαλογοῦσιν,

1273 1526 1319 1568 ὡς
1339 1523 1526 1577 Αἰσχύλος·
1551 1523 1754 1578 Φερεκύδης
1777 1523 1835 1572 δὲ,
1865 1523 2059 1567 Πεισίωνος
2075 1535 2084 1544 “
2113 1522 2196 1562 ἔνιοι
2233 1522 2270 1562 δὲ
2285 1554 2296 1573 ,

1273 1582 1409 1636 Ἄρεος·
1428 1586 1459 1623 οἱ
1476 1582 1512 1622 δὲ
1524 1615 1534 1632 ,
1552 1583 1716 1635 Φλεγύα·
1734 1583 1993 1631 Ἀσκληπιάδης
2012 1583 2048 1622 δὲ
2067 1584 2102 1621 ἐν
2125 1585 2175 1636 τῷ
2191 1583 2298 1637 τρίτῳ

1273 1644 1342 1680 τῶν
1362 1641 1657 1696 τραγῳδουμένων
1678 1641 1768 1680 οὕτω
1792 1641 1929 1696 γράφει.
1956 1643 2231 1695 Προσιστοροῧσι
2261 1641 2299 1681 δὲ

1274 1699 1376 1747 ἔνιοι,
1397 1702 1443 1744 ὡς
1460 1700 1519 1739 καὶ
1538 1700 1662 1751 μανείη
1683 1703 1701 1739 6
1722 1699 1845 1750 Ἰξίων,
1862 1701 1908 1743 ὡς
1920 1699 1979 1738 καὶ
1995 1699 2208 1754 Φερεκύδης.
2224 1699 2296 1739 Καὶ

1273 1757 1337 1806 τὴν
1357 1758 1414 1797 ἐπὶ
1431 1762 1491 1796 τοῦ
1505 1762 1631 1812 τροχοῦ
1646 1757 1682 1797 δὲ
1701 1758 1844 1797 κόλασιν
1859 1760 1953 1811 αὐτῷ
1972 1758 2298 1812 παρεγκεχειρήκα-

1275 1832 1342 1854 σιν.
1363 1815 1455 1855 Ὑπὸ
1472 1816 1539 1870 γὰρ
1558 1816 1652 1864 δίνης
1664 1815 1724 1854 καὶ
1744 1817 1895 1854 θυελλῶν
1910 1815 2014 1854 αὐτὸν
2037 1814 2298 1869 ἐξαρπασθέντα

1275 1868 1448 1922 φθαρῆναί
1473 1884 1589 1922 φασιν.
1619 1870 1666 1907 cf.
1687 1869 1812 1908 Schol.
1838 1869 1885 1906 ad
1914 1872 2004 1907 Eur.
2027 1869 2158 1907 Phoen.
2186 1869 2284 1907 1185

1276 1928 1643 1967 Matthiae.Sturzius
1660 1927 1831 1965 lacunam
1843 1927 1974 1964 statuit
1995 1927 2036 1965 in
2058 1927 2144 1966 sch.
2175 1927 2298 1978 Apol-

1276 1987 1366 2032 lon.,
1391 1998 1505 2035 quam
1545 1985 1598 2023 ita
1616 1986 1700 2023 vult
1724 1985 1871 2036 expleri
1888 1998 1896 2021 :
1913 1986 1944 2022 οἱ
1975 1983 2012 2022 δὲ
2037 1983 2215 2028 Ἀντίωνος
2241 1999 2299 2036 γε·

1276 2044 1509 2094 νεαλογοῧσιν,
1535 2042 1737 2095 Φερεκύδης
1755 2042 1791 2081 δὲ
1811 2042 2013 2087 Πεισίωνος.
2047 2043 2299 2094 Wesselingio

1277 2102 1325 2139 ad
1360 2102 1473 2140 Diod.
1511 2102 1585 2141 Sic.
1629 2105 1696 2147 IV,
1731 2102 1801 2151 69,
1831 2101 2073 2140 scribendum
2123 2101 2296 2139 videtur:

1278 2159 1479 2213 Φερεκύδης
1533 2159 1570 2198 δὲ
1582 2190 1592 2208 ,
1625 2159 1820 2203 Πείσωνος·
1857 2158 2033 2212 Αἰσχύλος
2050 2189 2060 2206 ,
2109 2159 2298 2203 Ἀντίωνος.

1278 2219 1354 2258 Sed
1387 2218 1490 2256 haud
1511 2218 1628 2256 dubie
1653 2232 1725 2269 pro
1761 2217 1934 2267 Αἴτωνος,
1969 2218 2214 2256 scribendum
2243 2226 2300 2256 est

1282 2277 1434 2321 Αἴθωνος
1446 2277 1511 2330 (de
1532 2291 1609 2328 quo
1625 2277 1782 2315 nomine
1804 2277 1893 2314 vide
1917 2280 1963 2315 Ο.
1984 2277 2134 2315 ΜίίΙΙθΓ.
2155 2276 2203 2314 de
2225 2277 2300 2314 Mi-

1280 2338 1366 2387 nyis
1387 2351 1424 2387 p.
1456 2336 1559 2388 202),
1582 2336 1759 2386 idemque
1789 2335 1890 2386 apud
1925 2335 2050 2374 Schol.
2089 2334 2196 2372 Pind.
2226 2347 2299 2385 pro

1725 2451 1796 2483 102
1827 2455 1859 2482 c.

1320 2496 1518 2537 Pherecydes
1531 2496 1610 2528 dicit
1626 2496 1735 2528 Neitas
1751 2499 1859 2537 portas
1875 2494 2056 2526 nominatas
2069 2502 2140 2526 esse
2155 2502 2174 2526 a
2187 2494 2298 2534 Neide,

1278 2544 1366 2576 Zethi
1386 2543 1460 2575 filia.

1742 2590 1758 2622 1
1767 2590 1788 2622 0
1795 2591 1814 2622 3
1821 2614 1830 2622 .

1318 2638 1410 2669 Ixion
1425 2636 1510 2669 filius
1520 2637 1570 2668 est
1582 2635 1743 2668 AEthonis.
1758 2635 1821 2673 Qui
1834 2643 1935 2676 quum
1946 2634 2050 2674 Diam,
2063 2633 2177 2666 Eionei
2189 2633 2298 2672 filiam,

1277 2692 1411 2716 uxorem
1437 2683 1554 2715 ducere
1569 2683 1681 2723 vellet,
1710 2682 1812 2714 multa
1829 2681 1978 2723 promisit
2000 2689 2035 2712 se
2055 2680 2208 2712 daturum
2229 2687 2300 2712 esse

1278 2739 1413 2762 munera
1425 2729 1601 2770 sponsalia;
1619 2729 1675 2761 sed
1691 2729 1732 2761 ad
1751 2738 1788 2761 ea
1804 2728 1943 2770 petenda
1964 2735 2067 2768 quum
2086 2727 2231 2769 Eioneus
2245 2734 2298 2758 ve-

1279 2777 1392 2816 nisset,
1400 2776 1528 2808 foveam
1541 2776 1627 2815 fecit,
1640 2784 1738 2816 quam
1752 2774 1966 2807 candentibus
1980 2773 2177 2805 carbonibus
2189 2771 2300 2814 imple-

1278 2828 1344 2855 tam
1361 2822 1493 2854 minutis
1510 2822 1603 2862 lignis
1632 2824 1667 2855 et
1704 2821 1836 2863 pulvere
1853 2821 1965 2853 leviter
1984 2819 2121 2861 operuit.
2143 2821 2182 2852 In
2199 2826 2298 2860 quam

1277 2871 1419 2903 Eioneus
1435 2870 1586 2910 delapsus
1599 2869 1705 2910 periit.
1723 2868 1867 2902 Ixionem
1885 2876 1962 2899 vero
1977 2868 2038 2899 hoc
2051 2867 2178 2898 facinus
2193 2865 2234 2898 ad
2252 2865 2298 2897 in-

1277 2918 1401 2950 saniam
1407 2917 1524 2957 adegit,
1537 2924 1640 2956 neque
1649 2917 1821 2956 quisquam
1836 2916 1970 2947 deorum
1978 2914 2186 2946 hominumve
2196 2912 2300 2944 voluit

1277 2972 1352 2995 eum
1362 2963 1499 3004 expiare.
1514 2962 1643 2994 Primus
1655 2962 1741 2994 enim
1755 2961 1918 2992 hominem
1934 2960 2119 3001 popularem
2135 2958 2300 2991 interfeoe·

1278 3013 1338 3042 rat.
1358 3011 1420 3042 Sed
1435 3010 1563 3050 Jupiter
1577 3009 1797 3041 misericordia
1822 3010 2005 3040 commotus
2027 3015 2102 3038 eum
2120 3005 2297 3045 lustravit;

1278 3058 1433 3090 lustratus
1453 3065 1530 3088 vero
1551 3058 1665 3096 captus
1683 3059 1733 3087 est
1755 3054 1892 3087 Junonis
1914 3062 2033 3085 amore.
2051 3055 2134 3085 Tum
2156 3053 2297 3092 nubem,

1277 3113 1376 3145 quam
1391 3105 1410 3135 J
1414 3104 1513 3135 unoni
1521 3103 1656 3135 similem
1670 3101 1809 3133 reddidit
1821 3100 1959 3141 Jupiter,
1974 3100 2066 3141 juxta
2077 3108 2152 3131 eum
2167 3099 2199 3131 in
2216 3099 2298 3131 lecto

1278 3150 1464 3189 collocavit,
1481 3151 1578 3190 atque
1600 3150 1711 3189 postea
1725 3150 1877 3187 quattuor
1892 3146 2056 3178 radiorum
2071 3154 2169 3186 quam
2182 3145 2299 3178 fecerat

1278 3199 1358 3229 rotae
1377 3196 1511 3237 illigavit
1525 3204 1610 3234 eum,
1624 3197 1719 3235 atque
1738 3194 1781 3225 ita
1798 3202 1892 3234 poena
1910 3192 2027 3224 affecit.
2311 3206 2314 3207 ν

1319 3246 1464 3277 Ixionem
1483 3241 1640 3281 nonnulli,
1659 3243 1693 3272 ut
1712 3240 1894 3280 AEschylus‚
1913 3238 2076 3278 Antionis‚
2095 3236 2297 3278 Pherecydes

1279 3300 1356 3324 vero
1371 3289 1511 3323 Pisionis
1540 3288 1642 3321 filium
1673 3287 1772 3319 fuisse
1802 3286 1945 3318 tradunt.
1965 3303 2006 3309 -
2028 3287 2110 3317 Sunt
2124 3284 2219 3316 etiam
2241 3282 2296 3324 qui

1248 3372 1257 3381 „
1279 3338 1423 3372 Ixionem
1438 3336 1526 3369 rabie
1542 3335 1694 3368 affectum
1711 3342 1781 3367 esse
1796 3333 1916 3374 dicant,
1942 3335 1977 3364 ut
1993 3331 2205 3372 Pherecydes.
