2294 3704
118 181 248 208 Lxx1v

118 256 277 295 collecta
299 256 371 294 sub
397 257 643 308 Theopompi
668 258 822 295 nomine
845 258 1055 308 separatim
1081 258 1143 296 edi

117 323 341 366 potuerunt.
374 319 506 366 Neque
541 316 708 366 denique
751 316 1005 354 omittendum
1037 317 1142 367 quod

117 374 371 412 Ruhnkenius
392 375 516 426 (Hist.
543 376 627 413 crit.
649 376 716 412 Gr.
740 388 796 412 or.
820 388 857 425 p.
887 374 978 424 371)
1013 384 1142 426 putat,

117 433 262 471 scilicet
280 434 522 484 Theopompi
545 447 685 471 nomen
710 447 798 471 cum
819 434 886 471 illo
911 434 1141 485 Theophra-

117 493 187 538 sti,
220 493 277 530 uti
314 493 406 530 alias
440 492 498 542 (v.
528 507 560 530 c.
586 493 683 531 Plut.
707 497 820 543 Ages.
854 507 885 530 c.
915 493 976 541 36,
1000 493 1141 531 Athen.

117 552 204 601 XV,
233 565 271 602 p.
294 552 369 598 676
397 560 435 588 et
460 552 618 602 epitom.
644 551 788 589 Athen.
811 554 878 599 IV,
904 565 941 603 p.
968 557 1060 599 144,
1081 551 1140 603 F),

118 610 171 647 sic
191 611 305 647 etiam
333 609 394 647 hic
422 611 626 648 confusum
649 623 749 658 esse,
783 611 996 661 praesertim
1021 624 1141 661 quum

115 669 408 719 Theophrastus
423 667 566 706 librum
585 668 664 722 περὶ
678 667 854 712 εὗσεὸείας
872 669 1068 720 scripsisse
1081 669 1140 707 di-

115 736 225 765 catur
247 727 423 778 (Diogen.
442 731 486 766 L.
504 731 551 776 V,
565 741 602 779 p.
622 727 710 780 126)
732 736 846 779 atque
866 729 921 766 rei
937 741 1142 779 argumen-

116 795 198 824 tum
227 786 465 838 philosopho
495 788 616 838 magis
643 788 846 826 conveniat
872 800 988 838 quam
1013 787 1139 825 histo-

115 859 208 884 rlcO.

166 907 366 941 Postremo
391 905 478 942 loco
506 905 743 943 monendum
767 914 823 944 est
850 908 899 943 de
924 904 1046 953 libro,
1074 905 1141 956 qui

115 961 338 1016 Τρικάρανος
370 962 525 1014 (Euseb.
553 967 593 1002 P.
621 967 663 1002 E.
687 967 751 1012 X,
782 978 821 1015 p.
849 971 939 1014 4913
973 965 1138 1013 Syncell.

111 1022 253 1060 Chron.
274 1023 352 1062 vol.
375 1026 406 1071 Ι,
427 1036 466 1073 p.
490 1036 558 1060 121
583 1023 819 1070 ed.vDindf.;
839 1024 998 1061 Lucian.
1018 1027 1138 1061 Pseu-

111 1079 188 1117 dol.
207 1094 275 1130 29,
296 1089 389 1118 tom.
411 1084 488 1128 III,
509 1094 547 1132 p.
584 1082 655 1118 185
683 1081 823 1132 Reitz.)
847 1081 899 1132 (9)
928 1081 985 1118 vel
1006 1082 1139 1133 Τριπο-

109 1136 239 1182 λιτικὸς
258 1139 431 1190 (Joseph.
455 1143 499 1178 C.
521 1140 656 1191 Apion.
673 1143 704 1188 Ι,
726 1146 796 1188 24,
819 1153 856 1191 p.
881 1140 957 1189 [059
977 1140 1034 1177 ed.
1059 1143 1139 1177 Ha—

111 1198 230 1247 verk.)
245 1198 298 1248 (ι)
322 1198 558 1236 inscribitur.
575 1200 696 1246 Quem
720 1199 872 1236 titulum
891 1198 980 1236 inde
1005 1207 1139 1236 nactus

110 1264 185 1301 est,
198 1256 301 1307 quod
315 1265 391 1295 tres
402 1257 596 1308 principes
608 1258 765 1295 Graeciae
780 1257 968 1305 civitates,
982 1258 1140 1295 Athenae

110 1323 148 1352 et
163 1317 300 1366 Sparta
323 1325 361 1354 et
377 1315 516 1354 Thebae
530 1346 540 1364 ,
552 1316 591 1354 in
614 1329 661 1354 eo
679 1316 989 1354 traducebantur.
1003 1319 1139 1367 Neque

110 1386 202 1410 vero
217 1374 290 1411 hoc
309 1388 406 1425 opus
422 1375 667 1426 Theopompi
681 1388 776 1421 esse,
803 1384 848 1413 ut
868 1375 1044 1412 nonnulli
1057 1388 1137 1413 cre-

110 1432 267 1479 debant,
289 1442 369 1471 tum
391 1435 583 1486 Joscphus
601 1435 626 1472 l.
644 1435 668 1473 l.
688 1443 864 1483 testatur,
894 1442 975 1472 tum
995 1436 1138 1473 Pausa-

110 1493 192 1530 nias
212 1492 295 1544 (VI,
319 1495 381 1542 18)
396 1522 405 1538 ,
426 1507 447 1531 a
465 1507 544 1544 quo
565 1507 650 1543 quae
667 1507 727 1532 res
748 1494 862 1532 fuerit
881 1494 940 1531 his
955 1494 1139 1531 docemur

111 1551 236 1589 verbis
253 1566 261 1588 :
282 1550 347 1595 Ὡς
368 1551 406 1590 δέ
426 1554 457 1590 οἱ
476 1551 720 1606 (Ἀναξιμένῳ)
747 1552 895 1606 διαφορὰ
915 1554 947 1596 ἐς
966 1552 1139 1605 Θεόπομ-

110 1625 175 1648 πον
196 1609 344 1662 ἐγεγόνει
373 1610 431 1649 τὸν
452 1611 747 1665 Δαμασιστράτου
763 1642 773 1660 ,
801 1610 927 1666 γράφει
951 1611 1085 1664 βιὸλίον
1106 1613 1138 1654 ἐς

110 1669 312 1716 Ἀθηναίους
327 1669 387 1708 καὶ
407 1669 465 1708 ἐπὶ
482 1671 780 1722 Λακεδαιμονίους
804 1674 892 1722 ὁμοῦ
916 1670 975 1709 καὶ
991 1669 1136 1718 Θηὸαί-

109 1751 163 1782 καὶ
177 1750 220 1782 ἔτι
236 1750 310 1791 πρὸς
331 1750 448 1787 τούτοις
457 1773 466 1790 ,
481 1750 543 1782 ὅσα
557 1751 732 1791 φιλοσοφεῖν
744 1752 815 1792 παρ’
830 1751 902 1788 ὅλην
914 1751 970 1788 τὴν
987 1750 1140 1782 δικαιοσύ-

110 1810 164 1836 νην
178 1799 230 1829 καὶ
245 1798 415 1837 εὐσέὸειαν,
432 1799 484 1829 καὶ
498 1799 567 1840 περὶ
580 1801 641 1829 τῶν
659 1798 760 1829 ἄλλων
773 1798 887 1840 ἀρετῶν
899 1798 1029 1834 πολλούς
1041 1808 1074 1829 τε
1085 1798 1138 1829 καὶ

109 1846 221 1882 καλοὺς
231 1845 455 1888 διεξερχόμενος
471 1845 592 1885 λόγους.

150 1893 196 1934 (9)
214 1892 344 1925 Luciani
373 1892 472 1924 verba
494 1893 571 1924 sunt
586 1901 594 1922 t
610 1890 663 1927 Τίς
678 1891 777 1928 οὕτως
793 1891 824 1922 ἐν
839 1890 940 1932 λόγοις
958 1890 1139 1932 μεγαλότολ-

112 1952 187 1981 μος,
206 1942 247 1977 ὡς
271 1940 321 1972 ἐπὶ
342 1940 396 1980 μὲν
413 1939 483 1975 τοὺς
501 1941 579 1982 τρεῖς
605 1938 732 1979 μοιχοὺς
747 1938 814 1969 ἀντὶ
830 1937 929 1978 ξίφους
945 1938 1080 1980 τρίαιναν
1095 1939 1139 1968 αἶ-

111 1990 185 2026 τεῖν,
201 1987 254 2018 τὸν
274 1987 307 2019 δὲ
323 1985 510 2026 Θεόπομπον
523 1985 573 2017 ἐπὶ
585 1987 631 2025 τῷ
645 1984 827 2028 Τρικαράνῳ
855 1985 998 2027 κρίνοντα
1020 1985 1076 2023 (sc.
1095 1984 1142 2016 Ti.

113 2034 285 2066 marchum
304 2031 553 2072 Antiochenum)
571 2030 674 2072 φάναι,
703 2031 880 2074 τριγλώχινι
909 2031 992 2072 λόγῳ
1009 2032 1139 2073 καθῃρη-

111 2082 197 2113 κέναι
211 2080 303 2112 αὐτὸν
318 2080 372 2116 τὰς
389 2079 586 2122 προύχούσας
600 2078 703 2114 πόλεις
714 2099 725 2114 ,
741 2078 794 2109 καὶ
807 2077 909 2118 πάλιν,
926 2078 1140 2120 ἐκτριαινῶσαι

112 2128 204 2160 αὐτὸν
220 2129 275 2166 τὴν
287 2125 421 2159 Ἑλλάδα
441 2126 494 2157 καὶ
509 2125 585 2157 εἶναι
602 2125 753 2167 Κέρὸερον
769 2124 800 2156 ἐν
814 2128 878 2162 τοῖς
893 2125 1005 2165 λόγοις.

154 2179 191 2207 In
205 2174 418 2206 imitationem
433 2172 597 2204 Tricarani
625 2175 726 2203 Varro
756 2171 889 2204 satiram
917 2180 1010 2203 suam
1029 2174 1141 2204 contra

112 2221 313 2261 triumviros„
322 2224 492 2259 Caesarem,
507 2218 709 2260 Pompeium,
721 2218 1057 2259 Crassum‚insc.ripsit
1074 2221 1142 2252 Tri-

113 2271 310 2310 cipitinum.
330 2267 553 2308 Tripoliticum
573 2266 699 2307 scripsit
719 2265 817 2298 etiam
833 2266 1049 2298 Dicaearchus.
1068 2270 1141 2306 Quo

112 2317 206 2357 libro,
222 2317 259 2347 ut
277 2313 714 2354 Passovius(2‘n1nd.Lectt.
734 2314 875 2346 Vratisl.
894 2312 985 2354 1829)
994 2314 1139 2354 putavit,

117 2363 322 2396 Dicaearchus
352 2361 484 2392 famosis
519 2360 726 2393 Anaximenis
762 2360 933 2392 calumniis
962 2360 1141 2401 apologiam

116 2410 213 2442 trium
230 2409 357 2440 illarum
373 2407 541 2439 civitatum
557 2406 721 2448 opposuit,
738 2406 823 2447 quod
842 2407 877 2438 ut
889 2409 1020 2438 externa
1032 2407 1140 2439 statim

117 2457 190 2489 libri
219 2454 475 2488 conformatione
507 2454 711 2495 significaret,
736 2453 848 2485 eodem
865 2462 943 2486 usus
958 2456 1008 2485 est
1034 2453 1140 2495 titulo,

116 2513 213 2536 suum
230 2502 351 2535 scilicet
364 2501 588 2543 Tripoliticum
601 2500 633 2532 in
644 2500 776 2532 alterius
787 2500 893 2532 locum
904 2501 1142 2541 quodammodo

116 2550 328 2589 suffecturus,
356 2550 549 2589 turpemque
581 2547 651 2588 ejus
681 2547 713 2578 in
744 2548 935 2587 perpetuum
963 2546 1142 2580 aboliturus

117 2597 318 2630 memoriam.
338 2599 458 2628 Verum
483 2595 567 2626 hanc
593 2594 736 2626 Passovii
770 2594 961 2626 sententiam
990 2594 1144 2627 refutavit

117 2648 236 2676 Osann.
251 2644 435 2684 (Beitroeqe
450 2649 515 2674 zur
527 2649 624 2673 raem.
637 2649 672 2672 u.
685 2648 736 2681 qr.
752 2641 895 2672 Licerat.
908 2642 987 2672 tom.
1003 2643 1042 2679 ΙΙ,
1060 2650 1092 2682 p.
1110 2645 1142 2680 9,

117 2690 218 2731 sqq.),
231 2690 287 2730 qui
305 2687 411 2721 Photii
423 2687 495 2719 loco
510 2686 602 2728 (Bibl.
621 2686 692 2718 cod.
710 2687 762 2725 37)
785 2686 916 2727 adjutus
944 2687 1144 2719 demonstrat

118 2738 150 2769 in
164 2746 201 2769 eo
217 2744 399 2769 sermonem
411 2735 512 2767 fuisse
524 2734 564 2766 de
579 2734 701 2775 optima
715 2733 819 2765 forma
830 2733 982 2766 civitatis.
996 2736 1144 2766 Ceterum

121 2784 162 2815 de
187 2783 308 2824 Theop.
338 2782 511 2814 Tricarano
536 2789 569 2813 v.
601 2785 639 2813 O.
668 2780 793 2812 Muller.
823 2780 976 2813 Orchom.
1006 2790 1037 2821 p.
1072 2783 1143 2821 107,

119 2831 259 2870 Prolegg.
276 2840 308 2871 p.
334 2833 386 2869 98,
399 2829 506 2861 Diaria
521 2828 661 2868 Gotting.
690 2830 780 2867 1825,
792 2836 823 2868 p.
837 2830 908 2860 251.
921 2831 1145 2859 commemoro

123 2877 262 2916 denique
277 2885 350 2917 quae
366 2876 480 2908 Suidas
493 2875 590 2908 habet
607 2885 614 2904 :
629 2875 777 2911 Φίλιστος
792 2874 1003 2916 Ναυκρατίτης
1017 2875 1036 2912 ἢ
1054 2876 1146 2916 Συρα-

121 2924 286 2960 κούσιος...
302 2924 481 2959 συνέταξε...
499 2923 574 2965 πρὸς
589 2922 642 2954 τὸν
661 2920 850 2964 Τρικάρανον
861 2922 965 2962 λόγον,
978 2922 1046 2963 περὶ
1066 2923 1145 2953 Ναυ-

122 2970 246 3012 κράτης.
263 2974 309 3001 Ne
324 2970 364 3001 de
378 2970 512 3002 Philisto
539 2971 739 3010 syracusano
754 2968 944 3009 cogitemus,
962 2969 1146 3008 temporum

123 3016 204 3047 ratio
222 3018 320 3047 vetat.
338 3016 498 3056 AEgyptius
519 3015 572 3048 ille
589 3015 622 3048 id
648 3015 737 3056 quod
757 3015 983 3056 Theopompus
1000 3014 1040 3046 ad
1052 3014 1144 3047 dimi-

123 3061 297 3101 nuendam,
315 3071 379 3101 qua
394 3071 428 3094 se
443 3062 606 3102 jactabant
621 3062 842 3102 Athenienses,
858 3061 1057 3102 antiquitatis
1083 3062 1146 3102 glo-

124 3109 217 3147 riam,
228 3108 269 3140 de
280 3108 412 3140 Athenis
422 3109 636 3149 AEgyptiorum
645 3109 770 3141 colonia
782 3109 918 3148 dixerat,
929 3109 1030 3149 magis
1042 3108 1148 3141 adhuc

124 3155 254 3187 videtur
269 3154 436 3186 extulisse.
455 3158 601 3187 Fortasse
617 3156 714 3196 igitur
726 3156 825 3188 verba
838 3156 914 3197 πρὸς
926 3156 978 3187 τὸν
1001 3155 1148 3198 Τρικάρα-

125 3211 176 3233 νον
201 3200 292 3242 λόγον
317 3202 385 3243 περὶ
409 3202 590 3243 Ναυκράτης
617 3203 650 3234 in
678 3211 780 3234 unum
799 3201 1021 3243 conjungenda
1051 3203 1128 3234 sunt
1138 3226 1147 3242 ,

126 3247 246 3288 quippe
261 3256 326 3288 quo
342 3248 460 3288 scripto
472 3249 624 3280 Philistus
639 3253 831 3282 Naucratem
843 3250 968 3290 urbem,
985 3249 1044 3281 sub
1058 3253 1149 3281 Ama·

126 3294 207 3326 sidis
234 3303 331 3335 regno
347 3303 366 3326 a
388 3295 509 3327 Graeeis
532 3295 707 3336 conditam,
734 3301 980 3339 Graecorumque
1015 3297 1149 3330 deorum

127 3341 216 3372 cultu
232 3341 386 3373 celebrem
397 3366 406 3381 ,
421 3341 507 3373 malo
524 3341 658 3373 artificio
671 3342 868 3383 adhibuerit,
887 3345 924 3375 ut
942 3343 1149 3377 Athenienses

129 3387 169 3419 ab
182 3388 330 3429 AEgyptiis
344 3388 498 3421 oriundos
514 3388 757 3422 demonstraret.

955 171 1022 210 DE
1049 170 1379 212 ΤΗΕΟΡΟΜΡΟ.

1203 272 1281 307 ους,
1301 258 1504 313 συγγραφὴν
1520 259 1688 313 λοίδορον,
1699 261 1745 303 ὡς
1760 259 1798 298 δὲ
1813 255 1857 307 ἦν
1873 262 1905 303 ἐς
1922 260 1961 298 τὸ
1975 259 2224 314 ἀκριὸέστατον

1202 318 1298 371 αὐτῷ
1332 318 1585 370 μεμιμημένα,
1620 318 1816 372 ἐπιγράψας
1845 323 1906 357 τοῦ
1937 318 2154 370 Θεοπόμπου
2187 317 2228 358 τὸ

1202 375 1314 428 ὄνομα
1334 379 1384 430 τῷ
1407 376 1552 430 βιὸλίῳ,
1582 377 1771 428 διέπεμπεν
1789 379 1823 421 ἐς
1842 377 1905 423 τὰς
1921 377 2058 421 πόλεις·
2080 377 2141 416 καὶ
2161 379 2228 416 αὖ-

1202 434 1259 479 τός
1280 451 1318 474 τε
1343 435 1557 490 συγγραφεὺς
1570 430 1631 484 ἦν,
1655 436 1715 474 καὶ
1735 436 1776 475 τὸ
1798 436 1896 489 ἔχθος
1912 436 1952 475 τὸ
1965 438 1998 479 ἐς
2012 436 2227 487 Θεόπομπον

1202 493 1267 533 ἀνὰ
1290 501 1404 534 πᾶσαν
1431 495 1494 543 τὴν
1513 495 1672 534 Ἑλλάδα
1697 495 1882 544 ἐπηύξατο.
1914 497 1993 534 Etsi
2014 509 2108 534 vero
2130 496 2230 535 liber

1202 555 1424 605 suppositus
1445 556 1530 603 suit,
1553 569 1614 593 res
1632 564 1759 593 tamen
1774 555 1912 606 quibus
1930 556 2130 592 civitatum
2148 554 2229 592 illa-

1202 627 1287 650 rum
1310 614 1442 663 gloriae
1460 614 1679 652 detraheret
1695 616 1952 653 Anaximenes
1972 628 2149 665 magnam
2163 615 2230 652 sal-

1203 679 1277 709 tem
1295 681 1442 723 partem
1460 687 1507 711 ex
1530 674 1625 724 ipsis
1642 673 1890 724 Theopompi
1918 673 2102 724 operibus
2128 673 2229 711 hau-

1202 731 1294 769 sisse
1314 731 1482 771 videtur.
1513 735 1610 778 Quae
1629 740 1759 769 autem
1778 733 1894 770 fuerit
1918 731 2011 769 libri
2027 732 2230 770 adornatio

1201 798 1243 827 ut
1264 790 1501 840 intelligatur
1515 818 1526 837 ,
1552 791 1720 828 maxime
1735 791 1859 828 facere
1877 798 1974 841 puto
1993 791 2120 828 locum
2142 791 2230 828 Ari-

1201 848 1312 885 stidis
1332 849 1371 885 in
1392 849 1578 887 Encomio
1601 851 1752 895 Romae,
1775 848 1816 886 in
1835 849 2058 886 universum
2072 849 2118 886 ad
2136 849 2228 888 Tri-

1202 908 1331 944 carani
1345 908 1578 958 exemplum,
1597 908 1670 945 nisi
1687 908 1840 958 egregie
1850 908 1975 956 fallor,
1990 921 2226 959 expressum.

1202 965 1316 1012 Quod
1339 966 1439 1002 enim
1456 965 1645 1003 Aristides
1665 967 1869 1004 ostendere
1893 967 2029 1005 nititur
2053 965 2107 1006 ὅτι
2129 965 2228 1005 οὔπω

1199 1022 1268 1076 πρὸ
1296 1027 1356 1061 νῦν
1373 1023 1563 1074 Ῥωμαίων
1588 1020 1631 1072 ἦν
1660 1023 1848 1078 τὸ·ἀ’ρχειν
1878 1025 2025 1074 εἰδέναι,
2055 1026 2157 1064 idem
2181 1026 2228 1065 de

1201 1083 1422 1120 Alexandro
1460 1083 1687 1134 praedicasse
1719 1084 1874 1123 videtur
1907 1085 2227 1124 Pseudo-Theo—

1200 1154 1367 1192 pompus
1390 1141 1459 1193 (2).

1251 1204 1343 1238 Post
1366 1214 1530 1251 operum
1542 1201 1782 1253 Theopompi
1799 1203 2142 1251 enumerationem,
2163 1203 2226 1241 vi-

1242 1281 1289 1322 (1)
1311 1281 1497 1324 Θεόπομπος
1525 1283 1579 1324 μὲν
1603 1284 1658 1321 τὴν
1683 1284 1848 1322 Ἀθηναίων
1872 1285 1966 1324 (libro
1981 1285 2090 1326 XXV),
2117 1286 2172 1324 -ι-ἡν
2194 1285 2229 1319 δὲ

1197 1330 1452 1371 Λακεδαιμονίων
1468 1330 1687 1373 Πολυκράτης,
1704 1331 1721 1362 ὁ
1743 1332 1776 1363 δὲ
1805 1333 1858 1364 τὸν
1873 1333 2087 1374 Τριπολιτικὸν
2111 1332 2229 1375 γράψας

1197 1376 1244 1414 (οὐ
1259 1377 1317 1418 γὰρ
1345 1377 1382 1416 δὴ
1408 1377 1595 1419 Θεόπομπός
1611 1378 1706 1419 ἐστιν,
1723 1379 1766 1416 ὥς
1782 1390 1860 1416 τινες
1877 1379 2006 1421 οἴονται)
2022 1381 2076 1412 καὶ
2094 1381 2148 1419 τὴν
2165 1382 2229 1419 Θη-

1198 1423 1295 1455 ὅαίων
1308 1424 1397 1456 πόλιν
1414 1425 1545 1457 διέὸαλε.

1239 1473 1286 1510 (2)
1301 1471 1455 1504 Aristides
1483 1475 1562 1504 tom.
1584 1476 1611 1512 1,
1628 1482 1661 1514 p.
1687 1475 1746 1506 338
1762 1482 1810 1514 sq.
1828 1473 1879 1506 ed.
1897 1475 2022 1507 canter.
2041 1473 2086 1516 (p.
2102 1477 2162 1508 208
2177 1483 2226 1517 sq.

1197 1517 1248 1549 ed.
1265 1518 1370 1558 Jebb.;
1387 1528 1418 1559 p.
1435 1522 1494 1551 338
1510 1519 1561 1551 ed.
1579 1519 1719 1552 Dindorf
1738 1530 1746 1552 :

1239 1565 1340 1607 Δίειμι
1357 1567 1393 1604 δὴ
1419 1567 1471 1598 καὶ
1500 1567 1539 1598 τὰ
1554 1568 1731 1607 Ἑλληνικὰ,
1747 1569 1910 1611 ἐπειδήπερ
1936 1569 2066 1601 ἐνταῦθα
2082 1569 2229 1610 ἐγενόμην

1197 1614 1251 1643 τοῦ
1265 1612 1371 1653 λόγου,
1389 1613 1611 1654 αἰσχυνόμενος
1625 1614 1679 1655 μὲν
1689 1615 1742 1646 καὶ
1757 1615 1865 1651 δεδιὼς
1880 1616 1922 1655 μὴ
1950 1614 2029 1651 δόξω
2042 1616 2229 1658 μικρολογεῖ·

1198 1659 1280 1690 σθαι.
1299 1661 1390 1691 Τοῦτ’
1410 1659 1467 1691 οὖν
1490 1660 1567 1702 ἐρῶν
1592 1661 1736 1702 ἔρχομαι,
1755 1661 1839 1698 ὅπως
1868 1662 1977 1694 ἐκεῖνοι
2006 1663 2059 1694 καὶ
2088 1663 2229 1701 πηλίκοις

1198 1704 1267 1737 οὖσι
1297 1708 1360 1742 τοῖς
1388 1707 1506 1738 ἑαυτῶν
1533 1707 1704 1749 ἐχρήσαντο
1731 1707 1904 1749 πράγμασι·
1931 1709 1989 1740 κᾶν
2016 1711 2134 1750 φανῶσι
2150 1710 2229 1742 πολὺ

1199 1751 1362 1795 μικρότερα
1385 1753 1600 1785 διασώσασθαι
1618 1754 1659 1794 μὴ
1677 1754 1868 1794 δυνηθέντες,
1899 1755 1990 1793 δῆλον
2015 1755 2051 1787 τὸ
2080 1756 2230 1794 συνθησό-

1199 1810 1289 1839 μενον
1312 1800 1354 1836 εἰς
1376 1801 1432 1838 τὴν
1448 1802 1560 1842 ψῆφον.
1575 1800 1731 1843 Ἔπραξαν
1749 1802 1803 1843 μὲν
1818 1802 1876 1844 γὰρ
1889 1805 1950 1834 πᾶν
1970 1803 2047 1845 ὑπὲρ
2062 1803 2159 1845 ἀρχῆς
2173 1803 2228 1835 καὶ

1197 1846 1361 1887 ἡγεμονίας
1375 1848 1527 1885 Ἀθηναῖοι
1549 1849 1602 1879 καὶ
1617 1849 1869 1889 Λακεδαιμόνιοι,
1886 1850 1940 1881 καὶ
1955 1849 1993 1889 ἦν
2007 1851 2109 1882 αὐτῶν
2135 1852 2154 1888 ἡ
2182 1850 2229 1883 δύ·

1198 1904 1286 1933 ναμις
1295 1894 1381 1925 πλεῖν
1397 1896 1452 1932 τὴν
1469 1893 1618 1926 θάλατταν
1631 1897 1684 1927 καὶ
1704 1899 1765 1927 τῶν
1783 1896 1954 1928 Κυκλάδων
1980 1897 2087 1939 ἄρχειν
2116 1898 2170 1928 καὶ
2189 1897 2227 1930 τὰ

1199 1939 1248 1971 ἐπὶ
1269 1939 1391 1982 Θρᾴκης
1408 1941 1490 1982 ἔχειν
1507 1943 1560 1973 καὶ
1579 1942 1685 1979 Πύλας
1712 1943 1766 1973 καὶ
1780 1943 2008 1980 Ἑλλήσποντον
2023 1943 2076 1974 καὶ
2091 1943 2229 1986 Κορυφά-

1199 1996 1277 2018 σιον·
1303 1989 1356 2019 καὶ
1379 1989 1464 2020 ταῦτ’
1480 1988 1517 2028 ἦν
1531 1991 1550 2027 ἡ
1564 1989 1699 2030 δύναμις.
1720 1990 1782 2021 Καὶ
1816 1989 1929 2021 ἔπαθον
1954 1991 1991 2029 δὴ
2012 1990 2226 2033 παραπλήσιον

1199 2034 1306 2076 ὥσπερ
1324 2035 1360 2065 ἂν
1380 2034 1405 2066 εἷ
1420 2046 1465 2072 τις
1480 2035 1624 2076 σώματος
1640 2036 1796 2076 ἐπιθυμῶν
1823 2037 1964 2076 γενέσθαι
1982 2037 2086 2079 κύριος
2114 2036 2227 2078 ὄνυχάς

1199 2090 1281 2117 τινας
1287 2082 1340 2112 καὶ
1347 2081 1427 2124 ἄκρα
1433 2081 1520 2113 λάὸοι
1528 2081 1593 2113 ἀντὶ
1603 2082 1676 2113 ὅλου
1683 2085 1737 2113 τοῦ
1745 2083 1888 2123 σώματος
1894 2084 2051 2115 καὶταῦτα
2058 2083 2139 2124 ἔχων
2144 2084 2226 2125 ἔχειν

1199 2127 1294 2159 οἷοιτο
1310 2129 1388 2171 ἅπερ
1406 2129 1560 2160 ἐδούλετο·
1577 2130 1619 2164 ὡς
1635 2129 1668 2160 δὲ
1684 2129 1821 2161 κάκεῖνοι
1835 2130 1999 2170 ἡγεμονίας
2023 2130 2227 2171 ἐπιθυμήσαν-

1198 2184 1246 2210 τες
1265 2175 1388 2213 νησίδια
1402 2176 1456 2207 καὶ
1482 2175 1576 2218 ἄκροις
1593 2175 1643 2207 ἐπὶ
1666 2175 1798 2217 θαλάττῃ
1818 2177 1871 2208 καὶ
1890 2176 2012 2217 λιμένας
2027 2178 2080 2208 καὶ
2099 2181 2227 2210 τοιαῦτα

1199 2222 1450 2264 ἐξεκαρπώσαντο
1465 2223 1519 2253 καὶ
1541 2222 1782 2264 κατετρίφθησαν
1809 2223 1878 2264 περὶ
1901 2223 1956 2260 τήν
1976 2222 2136 2263 θάλατταν,
2152 2224 2227 2256 ὀνει-

1200 2269 1424 2311 ροπολήσαντες
1447 2269 1615 2310 ἡγεμονίαν
1653 2271 1767 2310 μᾶλλον
1791 2270 1810 2307 ἢ
1839 2269 2012 2307 κτήσασθαι
2037 2270 2224 2308 δυνηθέντες.

1199 2315 1359 2357 Γενόμενοι
1382 2317 1415 2348 δὲ
1430 2316 1514 2356 ὅμως
1529 2316 1580 2348 ἐπὶ
1590 2319 1708 2358 καιρῶν
1725 2317 1831 2359 ὥσπερ
1846 2317 1877 2348 ἐν
1892 2317 2006 2358 κλήρου
2019 2317 2152 2359 περιόδῳ
2164 2318 2227 2350 ἐπι-

1200 2362 1310 2394 στάται
1339 2365 1402 2393 τῶν
1430 2363 1585 2400 Ἑλλήνων
1609 2362 1746 2406 ἑκάτεροι
1775 2363 1839 2394 οὐδ’
1867 2363 1909 2399 εἷς
1937 2363 2021 2404 μίαν,
2050 2364 2092 2400 ὡς
2117 2365 2226 2404 εἰπεῖν,

1199 2409 1306 2450 γενεὰν
1331 2409 1523 2441 διεσώσαντο
1553 2411 1608 2448 τὴν
1638 2409 1733 2446 τάξιν·
1750 2410 1861 2441 οὔκουν
1887 2409 2055 2451 ἀμέμπτως
2083 2420 2130 2452 γε·
2150 2411 2226 2444 ἀλλὰ

1200 2460 1290 2488 τοῦτο
1308 2457 1346 2495 δὴ
1372 2457 1409 2488 τὸ
1425 2456 1588 2498 λεγόμενον
1605 2458 1660 2495 τὴν
1681 2456 1839 2497 Καδμείαν
1854 2456 1941 2494 νίκην
1957 2456 2065 2488 ἐνίκων
2079 2457 2226 2496 ἀλλήλους

1200 2504 1268 2546 περὶ
1286 2507 1339 2541 τῆς
1352 2503 1528 2543 ἡγεμονίας,
1543 2503 1650 2545 ὥσπερ
1671 2502 1728 2534 οὐκ
1740 2502 1889 2538 ἀξιοῦντες
1901 2502 1971 2538 τοὺς
1985 2503 2101 2545 ἑτέρους
2116 2503 2226 2545 μόνους

1202 2551 1358 2590 μισεῖσθαι
1377 2550 1424 2581 ἀεὶ
1443 2551 1471 2581 οἱ
1485 2549 1593 2592 ἕτεροι,
1609 2549 1675 2581 ἀλλ’
1688 2549 1774 2580 αὐτοὶ
1785 2551 1840 2580 τοῦ
1853 2549 1961 2591 μέρους
1973 2549 2223 2591 μεταλαμὸάνειν.

1201 2599 1300 2629 Τοῦτο
1317 2597 1372 2638 μὲν
1388 2596 1446 2638 γὰρ
1470 2596 1724 2637 Λακεδαιμονίων
1750 2596 1791 2632 εἷς
1820 2596 1944 2637 ἡγεμὼν
1961 2596 2168 2636 (Pausaniasz
2190 2607 2223 2630 v.

1202 2642 1381 2684 Thucydid.
1406 2646 1439 2683 1,
1463 2645 1515 2682 94,
1543 2645 1594 2682 95)
1625 2643 1707 2674 οὕτω
1729 2642 1849 2681 διέθηκε
1870 2643 1940 2679 τοὺς
1973 2643 2123 2682 ’Έλληνας
2150 2645 2226 2677 ὥστ’

1203 2690 1432 2730 ἀπαλλαγέντας
1453 2689 1507 2722 ἀπ’
1536 2690 1638 2722 αὐτῶν
1662 2689 1805 2727 ἑκόντας,
1835 2689 1943 2730 μόνους
1965 2691 2082 2727 ἑαυτοῖς
2108 2691 2226 2734 ἑτέρους

1202 2737 1351 2779 ἄρχοντας
1364 2739 1506 2774 ζητῆσαι.
1522 2735 1632 2773 Δόντες
1650 2736 1677 2767 δ’
1694 2736 1820 2772 ἑαυτοὺς
1836 2736 2002 2774 Ἀθηναίοις
2013 2761 2023 2776 ,
2047 2738 2089 2773 ὡς
2118 2738 2226 2780 χρόνος

1203 2785 1238 2816 οὐ
1252 2784 1346 2820 πολὺς
1362 2784 1475 2822 διῆλθε,
1501 2783 1707 2824 μετέγνωσαν,
1722 2783 1793 2815 οὔτε
1815 2786 1877 2814 τῶν
1890 2783 2000 2824 ζφόρων
2021 2784 2157 2826 φέροντες
2171 2786 2226 2824 τὴν

1203 2830 1360 2872 ἀμετρίαν,
1377 2830 1448 2861 οὔτε
1461 2830 1530 2867 τοὺς
1545 2830 1595 2862 ἐπὶ
1609 2834 1647 2870 τῇ
1663 2831 1779 2862 τούτων
1795 2829 1944 2872 προφάσει
1963 2831 2226 2869 κατακλέπτοντας

1204 2877 1314 2914 αὐτοὺς
1325 2899 1334 2912 ,
1347 2876 1543 2908 ἀνάσπαστοί
1557 2887 1593 2917 γε
1606 2877 1763 2917 γενόμενοι
1778 2877 1847 2908 καθ’
1858 2877 1987 2908 ἕκαστον
1999 2877 2135 2909 ἐνιαυτὸν
2145 2878 2226 2916 Ἀθή·

1203 2935 1274 2962 νησι
1295 2925 1364 2966 περὶ
1378 2926 1440 2955 τῶν
1462 2924 1534 2966 παρ’
1551 2924 1670 2960 ἑαυτοῖς
1696 2924 1850 2964 ὑφέξοντες
1874 2923 1976 2964 λόγον,
2000 2924 2179 2966 κληρούχων
2193 2935 2227 2957 τε

1205 2970 1308 3011 σφίσιν
1324 2970 1374 3001 ἐπὶ
1389 2971 1444 3007 τὴν
1460 2973 1517 3010 γῆν
1533 2969 1738 3010 πεμπομένων
1751 2970 1803 3001 καὶ
1819 2970 1902 3012 παρὰ
1921 2970 1991 3006 τοὺς
2011 2970 2119 3012 φόρους
2138 2970 2227 3012 ἀργυ-

1205 3017 1352 3059 ρολόγων,
1376 3016 1402 3047 εί
1418 3027 1478 3048 που
1493 3015 1581 3058 χρεία
1594 3015 1747 3056 κατάσχοι
1766 3016 1854 3058 ἑτέρα
1866 3025 1872 3031 ·
1887 3017 2014 3058 προσέτι
2029 3016 2081 3053 τάς
2093 3027 2127 3048 τε
2139 3017 2227 3059 ἀκρο·

1205 3063 1307 3098 πόλεις
1326 3063 1480 3104 ἐλευθέρας
1493 3062 1574 3102 ἔχειν
1590 3062 1626 3093 οὐ
1637 3061 1796 3103 δυνάμενοι
1811 3063 1864 3094 καὶ
1883 3063 1933 3094 ἐπὶ
1954 3065 2017 3098 τοῖς
2032 3063 2227 3104 δημαγωγοῖς

1206 3109 1289 3146 ὄντες
1307 3113 1373 3145 τοῖς
1390 3108 1528 3148 ἐκείνων,
1556 3107 1589 3140 εὗ
1604 3109 1656 3139 καὶ
1673 3111 1774 3151 χεῖρον
1799 3112 1960 3151 φρονοῦσιν
1980 3109 2094 3149 ὁμοίως
2105 3133 2115 3149 ,
2141 3121 2228 3152 στρα·

1205 3154 1375 3187 τεύσασθαί
1405 3165 1438 3185 τε
1459 3153 1701 3195 ἀναγκαζόμενοι
1730 3155 1888 3197 στρατείας
1916 3155 1973 3186 οὐκ
2001 3155 2168 3195 ἀναγκαίας
2195 3154 2240 3187 ἐν’

1208 3202 1394 3244 ἱερομηνίαις
1409 3202 1462 3232 καὶ
1484 3201 1599 3242 ἑορταῖς
1624 3200 1769 3237 πολλάκις
1780 3225 1788 3241 ,
1803 3203 1844 3237 ὡς
1859 3201 1885 3232 δ’
1899 3202 1993 3232 εἰπεῖν
2008 3202 2125 3241 ἁπλῶς,
2142 3202 2226 3234 οὐδὲν

1207 3251 1384 3288 τηλικοῦτον
1414 3252 1467 3286 τῆς
1498 3248 1688 3290 προστασίας
1716 3248 1921 3285 ἀπολαύοντες
1943 3248 2008 3280 ἀνθ’
2039 3249 2110 3280 ὅτου
2131 3252 2227 3280 ταῦτα

1207 3297 1289 3333 ἄξιον
1302 3296 1340 3337 ῇν
1363 3297 1536 3335 ὑπομεῖναι.
1551 3295 1808 3337 Δυσχεραίνοντες
1831 3295 1857 3326 δ’
1876 3295 1912 3326 ἐκ
1934 3296 2051 3327 τούτων
2066 3296 2134 3332 τοὺς
2147 3296 2227 3333 Ἀθη-

1207 3343 1310 3380 ναίους
1323 3344 1350 3375 οἱ
1363 3342 1469 3374 πολλοὶ
1486 3343 1538 3373 καὶ
1563 3341 1637 3383 πρὸς
1661 3342 1730 3378 τοὺς
1754 3341 2015 3382 Λακεδαιμονίους
2029 3342 2120 3374 πάλιν
2142 3352 2227 3382 μετα-

1209 3390 1332 3427 στάντες
1350 3390 1403 3421 τὸν
1418 3388 1508 3420 αὐτὸν
1528 3388 1638 3430 τρόπον
1660 3388 1750 3430 ὅνπερ
1767 3388 1909 3430 πρότερον
1931 3389 1984 3420 ἀπ’
2005 3389 2128 3420 ἐκείνων
2153 3388 2224 3430 πρὸς
