2320 3684
179 202 229 235 22

178 283 323 334 pariter
336 289 452 332 atque
469 282 508 318 in
527 280 705 331 phoenice
722 277 784 331 (fr.
804 276 894 329 292)
909 277 1206 329 epitomatorem

177 354 337 393 arguere
353 347 528 392 possunt.

648 397 738 436 295.

230 458 436 497 Probabile
459 465 533 504 est,
564 455 620 494 ibi
648 457 790 504 etiam,
815 455 885 494 ubi
910 455 959 494 de
983 455 1030 493 iis
1055 455 1209 494 disserit

179 517 420 564 Herodotus,
439 529 525 567 quae
545 515 593 553 de
609 515 728 554 rebus
747 514 1017 566 geographicis
1033 523 1208 553 statuant

178 580 308 622 lones,
340 575 503 626 intelligi
538 577 783 626 Hecataeum,
818 574 1016 612 hominem
1046 576 1207 624 Ionem,

178 647 292 685 quem
306 646 409 671 nunc
423 633 671 699 popularium
687 632 917 671 auctoritate
930 643 1017 670 suas
1027 631 1107 682 regi
1119 644 1209 682 pas—

177 705 261 730 sum
281 705 362 730 esse
379 691 607 758 opiniones,
623 705 728 730 nunc
742 704 812 729 sua
827 690 1061 729 auctoritate
1080 702 1208 741 popu-

177 750 316 788 larium
342 750 491 788 animos
513 749 791 801 gubernavisse
814 750 882 788 vix
906 749 1112 800 quisquam
1138 761 1206 786 ne-

177 809 295 859 gabit.
317 812 375 847 Ex
399 809 460 847 his
486 809 581 848 locis
602 817 660 847 est
685 808 875 848 Herodot.
902 811 963 856 ΙΙ,
994 808 1070 846 ι5ε
1093 798 1185 846 Et*
1159 821 1207 844 ων

179 866 377 919 βουλόμεθα
390 866 555 920 γνώμῃσι
579 870 663 920 τῇσι
673 866 802 906 Ἰώνων
822 869 981 928 ,χρᾶσθαι
1004 865 1084 919 περὶ
1098 863 1210 917 Αἰγύ-

176 941 285 975 πτου,
307 924 343 964 οἵ
359 941 445 979 φασι
462 925 503 964 τὸ
523 925 638 964 Δέλτα
665 929 790 976 μοῦνον
811 929 900 965 εἶναι
921 924 1147 977 Αἴγυπτον..

178 985 222 1024 τὰ
246 984 283 1023 δὲ
305 984 396 1023 ἄλλα
419 983 591 1036 λεγόντων
610 987 673 1032 τῆς
696 985 876 1036 Αἰγύπτου
896 982 941 1023 τὰ
965 982 1028 1035 μὲν
1050 982 1208 1034 Λιὸύης,

177 1043 222 1083 τὰ
245 1043 281 1082 δὲ
300 1042 466 1096 Ἀραὸίας
492 1047 604 1082 εἶναι·
634 1042 921 1094 ἀποδεικνύοιμεν
951 1041 992 1081 ἂν
1019 1041 1134 1096 τούτῳ
1155 1044 1209 1096 τῷ

178 1102 270 1157 λόγῳ
310 1101 504 1156 χρεώμενοι
535 1102 760 1153 Αἰγυπτίοισι
791 1104 854 1141 οὐκ
883 1103 1008 1142 ἐουσαν
1040 1099 1208 1154 πρότερον

176 1161 310 1214 χώρην.
343 1165 504 1199 Terram
543 1161 657 1199 Delta
692 1162 793 1199 enim
834 1161 958 1200 multo
992 1161 1207 1207 recentius,

178 1235 295 1272 quam
315 1221 485 1272 reliquas
501 1220 660 1271 AEgypti
684 1229 816 1271 partes
837 1220 1064 1271 apparuisse
1082 1228 1207 1270 putat.

175 1279 296 1326 ‘Quod
329 1279 431 1318 bene
470 1279 644 1317 concinit
686 1291 775 1316 cum
813 1278 999 1329 opinione
1039 1277 1210 1316 Hecataei

176 1338 321 1389 ipsius,
337 1338 507 1376 fluminis
524 1337 671 1375 donum
688 1351 770 1375 esse
779 1340 993 1387 AEgyptum
1013 1336 1073 1388 (fr.
1101 1336 1208 1387 279),

179 1411 305 1448 neque
321 1397 423 1434 ullus
437 1410 574 1435 eorum
586 1424 596 1443 ,
614 1396 682 1446 qui
699 1409 748 1433 cx
765 1397 839 1432 AE‘*
817 1396 924 1446 gypti
946 1395 1209 1445 descriptione

179 1458 364 1505 citantur,
380 1458 555 1495 locorum
571 1464 682 1494 extra
705 1456 819 1494 Delta
844 1456 994 1522 positus
1015 1463 1073 1493 est
1094 1468 1210 1493 exce-

179 1517 257 1567 ptis
277 1517 340 1563 iis,
360 1516 427 1566 qui
444 1516 594 1554 directo
614 1527 696 1552 esse
721 1514 820 1552 alius
839 1515 1007 1565 regionis
1028 1514 1210 1552 dicuntur

179 1583 218 1613 et
257 1583 421 1626 propter
463 1574 584 1612 solam
617 1573 859 1611 vicinitatem
897 1585 1208 1610 commemoran-

180 1643 265 1684 tur,
294 1642 338 1671 ut
366 1633 481 1672 Tabis
518 1632 699 1684 Arabiae,
739 1631 951 1684 Sciapodes
991 1640 1029 1670 et
1061 1633 1209 1682 Hysaeis

181 1693 409 1743 AEffiiopiae,
430 1690 582 1730 Liebris
607 1691 824 1730 Phoeniciae.
846 1694 895 1729 Et
915 1691 990 1728 loci
1011 1691 1208 1741 nonnulli,

180 1764 278 1801 quos
293 1751 513 1802 Stephanus
523 1754 693 1801 AEgypto
707 1750 888 1801 assignat,
900 1750 1068 1787 citantur
1082 1757 1208 1787 tamen

179 1823 200 1847 e
223 1809 552 1876 descriptionibus
587 1810 687 1848 Asiae
723 1810 786 1847 vel
821 1809 957 1846 Africae
971 1837 981 1854 ‚
1026 1808 1067 1846 id
1102 1808 1208 1859 quod

180 1869 329 1919 optimo
347 1869 436 1920 jure
455 1869 546 1907 inde
566 1868 793 1919 repetimus,
811 1867 917 1918 quod
940 1868 980 1905 hi
997 1875 1107 1906 extra
1126 1868 1208 1918 ejus

179 1929 346 1978 regionis
365 1928 458 1965 fines
482 1927 560 1978 siti,
583 1928 715 1978 itaque
732 1935 800 1964 aut
818 1926 971 1964 Arabiae
989 1934 1055 1964 aut
1075 1926 1240 1978 Libyae

180 1985 228 2024 ab
241 1987 421 2025 Hecataeo
436 1987 594 2037 ascripti
609 1995 739 2033 erant,
758 1994 801 2024 ut
815 1985 1031 2024 Oneabates
1042 2015 1052 2032 ‚
1073 1988 1207 2024 Cram-

179 2044 283 2083 butis
302 2054 340 2084 et
358 2046 551 2084 Heleneus
568 2045 712 2096 Libyae,
733 2048 829 2084 Cros
847 2059 940 2083 vero
962 2046 1072 2083 Asiae.

651 2104 740 2142 296.

232 2165 330 2210 Quae
350 2175 438 2202 cum
466 2163 520 2201 ita
554 2163 643 2210 sint,
669 2177 718 2202 ex
742 2162 826 2201 aliis
858 2162 1050 2201 Herodoti
1078 2162 1208 2201 verbis

180 2221 275 2259 effici
291 2230 430 2272 potest,
449 2225 671 2260 Hecataeum
690 2235 738 2260 ex
756 2225 892 2259 Ionum
917 2221 1101 2271 opinione
1133 2231 1208 2258 ter-

179 2282 324 2317 minum
342 2282 448 2318 Asioe
464 2289 501 2317 et
524 2281 657 2330 Libyoe
673 2284 847 2317 statuisse
874 2281 1004 2317 Nclum
1033 2280 1206 2318 fluvium.

180 2342 274 2378 Cum
294 2338 396 2376 enim
416 2339 589 2387 dixisset,
610 2339 683 2376 sibi
703 2351 870 2384 omnem,
899 2352 985 2388 quae
1015 2339 1209 2390 AEgyptiis

180 2398 383 2444 incolatur,
403 2406 545 2436 terram
562 2398 749 2448 appellari
769 2401 993 2448 AEgyptum,
1009 2398 1063 2435 ita
1083 2398 1209 2448 pergit

181 2456 400 2495 Herodotus
427 2459 477 2503 II,
500 2457 571 2493 16:
592 2457 672 2494 Ει
651 2471 698 2494 ων
718 2458 819 2507 ἡμεῖς
835 2457 943 2508 ὀρθῶς
967 2455 1047 2509 περι
1074 2455 1206 2494 αὐτέων

178 2513 408 2565 γινώσκομεν,
426 2513 544 2557 Ἴωνες
561 2514 624 2552 οὐκ
652 2509 690 2552 εῧ
709 2513 890 2567 φρονέουσι
909 2513 990 2567 περὶ
1006 2513 1206 2566 Αἷγυπτου,

179 2570 266 2611 εἰδὲ
293 2571 376 2626 ὀρθή
408 2573 483 2610 ἐστι
501 2574 524 2619 ἡ
547 2587 616 2610 των
639 2570 766 2610 Ἰώνων
795 2571 939 2623 γνώμη,
961 2570 1143 2620 σΕλληνοίς
1169 2589 1207 2611 τε

178 2631 239 2670 καὶ
265 2630 387 2674 αὐτους
405 2627 529 2674 Ἴωνας
546 2629 774 2681 ἀποδείκνυμι
791 2631 854 2668 οὐκ
878 2630 1128 2681 ἐπισταμένους
1149 2632 1208 2669 λο-

178 2690 344 2782 γίζεσθαι·
361 2687 396 2727 οι
413 2705 498 2744 φασι
519 2689 637 2742 «τρία
661 2689 766 2741 μόρια
787 2691 875 2726 εἶναι
897 2704 961 2739 γην
982 2695 1118 2736 πᾶσαν,
1135 2691 1207 2728 Εὖ-

180 2748 340 2802 (ρώπην
365 2763 404 2786 τε
433 2764 495 2787 και
512 2747 628 2795 Ἀσίην
651 2747 711 2786 καὶ
736 2745 907 2794 Λιὸύην.)
901 2765 915 2782 »
943 2746 1122 2800 Τέταρτον
1138 2748 1205 2801 γάρ

179 2822 284 2860 σφεας
319 2808 369 2845 δεῖ
407 2806 695 2861 προσλογίζεσθαι
730 2804 911 2857 Αἰγύπτου
935 2805 976 2844 τὸ
1013 2805 1147 2857 Δέλτα,
1176 2808 1205 2845 εἷ

190 2959 302 2982 ctoeno
315 2952 433 2992 opplet
459 2953 528 2983 Hoc
541 2951 626 2991 aeto,
639 2951 782 2983 ceterum
794 2949 887 2982 facile
899 2950 1203 2991 comprehenditur·
1194 2975 1204 2991 ,

182 3006 278 3028 ιιοιι
299 3000 383 3030 acto
408 3007 483 3030 eum
499 2998 652 3030 labore.»

220 3102 342 3138 Quodsi
366 3103 522 3136 vellemus
535 3104 575 3136 de
591 3051 738 3144 1138ξὲῑῖ
744 3105 859 3135 Ionum
880 3101 928 3134 uti
943 3102 1128 3142 sententiis,
1149 3102 1205 3143 qui

179 3147 283 3178 solum
309 3148 400 3180 Delta
416 3151 591 3190 AEgyptum
608 3159 679 3182 esse
705 3149 795 3180 aiunt
803 3172 864 3188 .....
886 3151 992 3180 cetera
1013 3157 1090 3180 vero
1102 3148 1205 3180 dicen-

179 3194 260 3225 tium
274 3196 419 3235 AEgypti,
436 3196 551 3236 partim
565 3205 635 3228 esse
650 3196 783 3235 Africae,
800 3195 917 3236 partim
933 3195 1080 3227 Arabiae:
1099 3196 1203 3226 osten-

179 3241 346 3279 fieremus,
364 3241 424 3273 hae
440 3242 561 3273 1ationc
578 3246 721 3282 utentes,
744 3220 901 3283 Aigyptiis
917 3243 1007 3283 prius
1020 3251 1085 3273 non
1102 3241 1203 3273 fuisse

179 3288 350 3329 regionem.

641 3343 730 3375 296.

219 3394 332 3433 Itaque
346 3393 373 3425 si
389 3401 449 3425 nos
463 3393 520 3426 de
513 3393 551 3425 iis
566 3396 651 3425 recte
666 3394 836 3432 sentimus,
854 3397 948 3426 Iones
960 3404 1024 3426 uon
1036 3396 1119 3426 recte
1133 3401 1198 3425 sen

935 187 1179 228 HECATAEI
1206 188 1545 232 FRAGMENTA.

1265 276 1355 328 μήτε
1370 278 1410 330 γε’
1429 280 1503 318 ἔστι
1524 281 1587 326 τῆς
1608 277 1724 326 Ἀσίης
1740 278 1829 330 μήτε
1847 281 1910 327 τῆς
1925 280 2070 329 Λιὸύης.
2090 284 2145 323 Οὖ
2156 283 2226 338 γὰρ
2247 282 2293 331 δὴ

1265 338 1283 374 ὁ
1295 338 1420 382 Νεῖλος
1437 336 1478 389 γε’
1497 339 1572 376 ἐστι
1591 336 1684 376 κατὰ
1696 342 1818 378 τοῦτον
1830 338 1889 377 τὸν
1906 338 2009 391 λόγον
2032 357 2048 374 «
2059 344 2078 380 ὃ
2096 341 2160 389 τὴν
2171 342 2292 391 Ἀσίην

1265 395 1409 449 οὐρίζων
1423 399 1486 444 τῆς
1510 396 1656 444 Λιὸύης·
1672 415 1688 432 »
1708 401 1769 437 τοῦ
1792 397 1908 437 Δέλτα
1931 397 1967 437 δὲ
1993 397 2117 439 τούτου
2138 400 2231 440 κατὰ
2251 400 2293 442 τὸ

1264 453 1322 499 ὀξυ
1341 455 1613 509 περιρῤήγνυται
1626 458 1645 494 ὁ
1657 455 1832 499 Neam-‘¹
1808 471 1899 495 ωστε
1917 458 1952 495 ἐν
1965 458 2016 510 τῷ
2030 457 2160 509 μεταξὺ
2177 458 2292 507 Ἀσίης

1264 528 1302 551 τε
1317 513 1377 552 καὶ
1394 512 1529 562 Λιὸύης
1548 513 1673 566 γένοιτ’
1694 513 1747 552 ἄν.

1734 571 1826 610 297.

1318 630 1356 667 si
1372 630 1413 668 in
1429 630 1489 668 his
1506 630 1686 668 omnibus
1702 634 1884 670 Hecataeo
1900 631 2099 670 adversari
2116 631 2295 672 videmus

1266 689 1519 736 Herodotum,
1537 689 1741 740 probabile
1755 697 1814 728 est
1831 690 1947 728 etiam
1961 691 2000 728 in
2017 691 2090 728 alia
2106 704 2162 743 re,
2177 705 2292 743 quam

1265 748 1306 784 in
1329 747 1464 785 eodem
1494 748 1581 786 loco
1616 748 1752 787 leviter
1786 748 1953 799 attingit,
1988 749 2099 788 illum
2140 751 2292 802 respici.

1265 807 1499 844 Narraverat
1531 807 1634 844 enim
1662 807 1726 859 (ΙΙ,
1751 805 1804 859 2),
1826 808 2028 858 AEgyptios
2047 816 2186 859 putare
2212 821 2294 847 sese

1266 877 1347 902 esse
1383 865 1557 903 omnium
1595 866 1798 903 hominum
1833 866 2116 905 vetustissimos
2154 875 2296 918 praeter

1264 923 1452 975 Phryges,
1469 924 1509 962 id
1530 925 1637 975 quod
1651 924 1870 962 sacerdotes
1890 925 2055 964 Vulcani
2073 925 2295 978 Memphide

1266 981 1339 1020 sibi
1365 984 1606 1022 tradiderint.
1624 986 1698 1022 Per
1731 997 1772 1021 se
1793 983 1997 1034 probabile
2025 992 2096 1032 est,
2115 987 2294 1023 Hecataeo

1266 1042 1411 1092 pariter
1449 1051 1565 1094 atque
1595 1043 1796 1082 Herodoto
1833 1043 1907 1081 hoc
1935 1051 2134 1082 narratum
2163 1056 2246 1082 esse
2271 1057 2293 1082 a

1266 1101 1532 1139 sacerdotibus
1547 1117 1555 1138 :
1573 1101 1804 1140 narrabatur
1821 1102 1926 1140 haud
1949 1101 2067 1141 dubie
2085 1101 2211 1142 cuivis
2227 1101 2294 1140 ad-

1267 1173 1386 1206 venae,
1404 1161 1472 1211 qui
1497 1161 1588 1199 talia
1602 1160 1812 1212 quaerebat.
1836 1165 1921 1199 Jam
1938 1161 1970 1199 si
2000 1162 2041 1199 in
2061 1162 2184 1200 altero
2203 1161 2295 1201 libri

1265 1220 1435 1257 Hecataei
1450 1220 1536 1257 loco
1551 1220 1694 1257 dictum
1716 1229 1812 1271 erat,
1835 1220 2039 1271 AEgyptios
2052 1233 2134 1259 sese
2151 1219 2296 1260 habere

1266 1290 1339 1327 pro
1358 1286 1471 1328 gente
1487 1278 1765 1329 antiquissima,
1784 1279 1906 1316 altero
1922 1279 2022 1327 loco,
2038 1279 2164 1317 solum
2181 1280 2294 1319 Delta

1266 1349 1348 1374 esse
1374 1349 1507 1374 veram
1525 1340 1748 1388 AEgyptum‚
1766 1346 1848 1375 tum
1869 1337 2026 1376 demum
2047 1345 2150 1376 recte
2180 1338 2296 1376 intel-

1266 1395 1385 1445 ligere
1404 1395 1517 1433 nobis
1537 1395 1716 1434 videmur
1735 1396 1854 1434 verba
1875 1396 2078 1444 Herodoti,
2105 1411 2128 1436 a
2151 1397 2296 1449 quibus

1267 1467 1323 1500 ea,
1342 1467 1429 1505 quae
1454 1454 1501 1491 fr.
1537 1455 1612 1505 295
1633 1456 1806 1507 ascripsi,
1824 1455 2095 1506 excipiuntur.
2110 1456 2157 1495 Εἰ
2179 1455 2294 1496 τοίνυν

1267 1527 1328 1565 σφι
1346 1511 1446 1566 χώρη
1466 1528 1506 1564 γε
1525 1513 1715 1564 μηδεμίη
1702 1516 1855 1568 υπῆρχε,
1873 1512 1908 1569 τί
1934 1513 2216 1567 περιειργάζοντο
2238 1514 2294 1553 δο-

1266 1585 1402 1614 κεοντες
1423 1586 1556 1624 πρωτοι
1588 1571 1780 1625 ἀνθρώπων
1801 1571 2000 1624 γεγονέναι;
2033 1573 2188 1624 Alioqui
2215 1586 2294 1611 non

1266 1629 1395 1677 video,
1415 1639 1550 1668 contra
1569 1644 1685 1681 quem
1709 1631 1784 1669 hoc
1804 1631 1952 1670 dictum
1981 1631 2053 1669 sit:
2075 1631 2294 1670 sacerdotes

1266 1690 1367 1727 enim
1389 1690 1562 1740 AEgyptii
1578 1693 1789 1741 AEgyptum
1808 1691 1966 1729 minime
1987 1691 2027 1728 in
2056 1690 2168 1728 Delta
2183 1703 2294 1728 coer-

1266 1747 1416 1785 cebant.
1440 1751 1498 1786 Ne
1517 1748 1637 1796 dicas,
1659 1749 1846 1799 ineptiam
1883 1762 1954 1787 nos
1979 1748 2189 1787 obtrudere
2215 1753 2295 1789 He«

1266 1815 1403 1845 cataeo:
1413 1808 1482 1858 qui
1492 1819 1563 1846 suo
1573 1806 1662 1858 jure
1674 1808 1875 1846 Herodoto
1886 1807 2120 1859 respondere
2131 1815 2294 1859 poterat,

1265 1867 1468 1918 AEgyptios
1482 1875 1687 1917 antequam
1705 1875 1847 1904 terram
1869 1866 1985 1905 Delta
2003 1868 2294 1918 occupaverint,

1266 1938 1343 1962 non
1363 1925 1491 1963 minus
1506 1925 1761 1964 habitavisse
1750 1939 1791 1963 ιιι
1807 1924 1953 1964 Arabia
1965 1933 2004 1963 et
2019 1924 2156 1976 Libya,
2177 1939 2294 1977 quam

1266 1997 1337 2021 suo
1355 1985 1478 2035 ipsius
1506 1993 1691 2036 tempore.
1723 1988 1856 2022 Restat
1884 1985 1988 2024 aliud
2013 1993 2293 2036 argumentum.

1267 2044 1398 2094 Pergit
1413 2044 1650 2082 Herodotus:
1662 2041 1756 2082 Οὐδὲ
1769 2042 1838 2082 ἔδει
1853 2042 1960 2096 σφέας
1975 2044 2009 2086 ἐς
2025 2043 2208 2098 διάπειραν
2223 2046 2293 2083 τῶν

1266 2101 1431 2141 παίδων’
1423 2102 1524 2152 ιέναι,
1543 2103 1622 2142 τίνα
1640 2104 1804 2155 γλῶσσαν
1822 2101 1966 2154 πρώτην
1985 2101 2171 2150 ἀπήσουσι.
2193 2104 2294 2152 Qui-

1265 2160 1338 2199 bus
1359 2163 1517 2213 respicit
1539 2161 1708 2200 fabulam
1721 2175 1743 2200 a
1764 2160 2029 2200 sacerdotibus
2047 2161 2228 2200 traditam
2244 2161 2292 2199 de

1267 2221 1410 2271 pueris,
1431 2223 1498 2273 qui
1514 2235 1536 2260 a
1554 2221 1836 2261 Psammeticho
1855 2221 2021 2259 infantes
2042 2221 2190 2272 pastori
2208 2229 2292 2259 tra-

1267 2279 1479 2329 debantur3
1498 2282 1566 2332 qui
1583 2295 1650 2319 eos
1670 2294 1739 2331 per
1765 2281 1866 2319 duos
1893 2293 2015 2320 annos
2034 2280 2075 2317 in
2094 2279 2292 2317 domicilio

1266 2340 1439 2378 solitario
1460 2340 1655 2388 educaret,
1675 2353 1882 2391 caprarum
1897 2339 1997 2377 lacte
2027 2339 2208 2385 nutriret,
2225 2338 2291 2376 sed

1265 2398 1357 2435 null
1350 2411 1410 2435 ιιιι
1431 2412 1593 2450 usquam
1606 2412 1742 2437 vocem
1762 2411 1893 2436 coram
1912 2397 1959 2435 iis
1975 2398 2178 2444 emitteret,
2199 2405 2292 2434 tem-

1266 2471 1361 2507 p01e
1378 2466 1507 2495 autem
1527 2466 1663 2496 exacto
1683 2458 1815 2507 lingua
1844 2456 2011 2506 Phrygia
2033 2469 2172 2506 panem
2189 2455 2291 2506 peti—

1265 2530 1288 2552 ν
1292 2525 1416 2563 erunt,
1430 2530 1479 2553 ex
1492 2530 1600 2567 quo
1588 2515 1881 2567 agnoscebatur,
1897 2515 2067 2565 Phryges
2082 2527 2164 2552 esse
2181 2516 2292 2565 AEgy-

1265 2575 1357 2626 ptiis
1372 2575 1623 2625 antiquiores,
1645 2578 1748 2621 11,2.
1768 2577 1860 2612 Haec
1882 2573 2100 2611 Herodotus
2123 2587 2144 2611 a
2162 2585 2290 2610 sacer-

1265 2633 1422 2671 dotibus
1457 2647 1538 2672 sese
1574 2633 1768 2672 audivisse
1805 2632 1934 2679 refert,
1968 2632 2110 2670 deinde
2143 2631 2290 2684 pergit:

1263 2691 1439 2738 ’Έλληνες
1461 2690 1496 2729 δὲ
1519 2691 1660 2743 λέγουσι
1680 2691 1772 2730 ἄλλα
1797 2706 1837 2729 τε
1866 2689 2002 2741 μάταια
2023 2689 2138 2728 πολλὰ
2159 2689 2219 2728 καὶ
2236 2691 2284 2734 ὥς

1263 2753 1436 2801 γυναικῶν
1465 2749 1527 2795 τὰς
1552 2750 1715 2802 γλώσσας
1734 2753 1753 2789 ὁ
1771 2748 2056 2802 Ψαμμήτιχος’
2039 2748 2202 2800 εκταμὼν
2223 2746 2289 2796 τὴν

1270 2807 1406 2846 δίαιταν
1430 2807 1539 2852 οὕτως
1558 2808 1750 2856 ἐποιήσατο
1769 2810 1838 2846 τῶν
1858 2808 2007 2846 παιδίων
2026 2806 2124 2862 παρὰ
2139 2805 2287 2860 ταύτῃσι

1267 2946 1351 2978 tiunt
1368 2947 1409 2979 de
1424 2949 1590 2988 AEgypto:
1608 2946 1659 2978 sin
1673 2948 1758 2978 recte
1772 2947 1867 2978 Iones
1880 2945 2036 2985 sentiunt,
2051 2944 2187 2976 ostendo
2200 2945 2286 2976 Grae·

1265 3001 1321 3024 cos
1339 2996 1372 3025 et
1390 2993 1479 3034 ipsos
1499 2997 1594 3026 Iones
1610 2993 1738 3034 ignaros
1760 2991 1997 3033 computandi:
2018 2991 2074 3032 qui
2090 2991 2213 3023 aiunt«
2227 2991 2287 3023 ttia

1264 3040 1409 3072 membra
1425 3043 1523 3072 totam
1536 3049 1608 3072 esse
1624 3043 1755 3079 terram,
1768 3042 1942 3080 Europam,
1959 3038 2081 3077 Asim,
2096 3038 2285 3078 Africam,

1263 3090 1414 3127 quartum
1422 3087 1507 3119 enim
1516 3087 1698 3118 membrum
1707 3095 1917 3119 annumerare
1925 3084 2042 3117 debent
2049 3084 2140 3116 Delta
2146 3084 2284 3126 AEgypti3

1263 3134 1290 3165 si
1315 3143 1380 3165 non
1407 3134 1450 3165 sit
1472 3143 1575 3174 neque
1597 3134 1700 3172 Asiae,
1721 3142 1826 3174 neque
1853 3132 1981 3164 Africae.
2000 3134 2082 3164 Nam
2104 3131 2284 3164 secundum

1262 3181 1345 3212 hanc
1362 3181 1517 3213 rationem
1536 3190 1599 3212 non
1618 3183 1668 3212 est
1683 3180 1775 3213 Nilus
1787 3203 1795 3219 ,
1818 3179 1903 3220 «qui
1920 3179 2029 3211 Asiam
2043 3179 2083 3210 ab
2097 3179 2204 3211 Africa
2218 3178 2282 3211 dis·

1261 3229 1435 3260 terminat.
1451 3228 1603 3268 »quippe
1622 3228 1708 3259 circa
1723 3235 1857 3258 acumen
1879 3226 1964 3258 illius
1980 3226 2071 3258 Delta
2083 3225 2283 3258 circumstan-

1260 3275 1345 3315 gitur
1358 3275 1467 3314 Nilus;
1492 3274 1638 3315 adeoque
1663 3274 1697 3306 in
1713 3273 1820 3306 medio
1842 3272 1927 3305 Asiae
1948 3274 1979 3305 et
1994 3272 2111 3306 Africae
2125 3272 2284 3305 censenda

1259 3322 1328 3354 erit
