2320 3684
831 156 1110 198 HELLANICI.
1139 162 1461 203 FRAGMENTA.

85 299 92 308 ’
139 303 271 354 steph.
296 305 386 353 Byz.
409 243 707 346 :Me'neaoxl‚2⁷lti>'>.2;
736 299 888 349 Λέσὸου,
916 300 959 347 ἣν
989 300 1108 345 Μέτας

86 359 263 414 Τυῤῥηνὸς
275 358 413 414 ᾤκισεν,
432 360 478 403 ὡς
490 356 708 401 Ἑλλάνικος.

416 488 772 584 KAPNlEssNlKAl.

133 606 340 644 Athenaeus
354 606 461 653 XIV,
475 618 515 656 p.
532 605 622 652 635,
646 607 676 643 F
693 619 702 642 ε
722 602 779 643 Τὰ
790 602 946 658 Κάρνεια
968 606 1106 658 πρῶτος

81 663 222 702 πάντων
253 662 477 717 Τέρπανδρος
495 668 589 717 νικᾷ,
609 664 656 707 ὣς
667 661 876 706 Ἑλλάνικος
904 664 1048 716 ἱστορεῖ,
1070 662 1106 701 ἔν

78 737 117 761 τε
134 727 205 766 τοῖς
226 720 410 776 ἐμμέτροις
431 721 700 776 Καρνεονίκαις,
721 722 787 760 κάν
814 727 886 765 τοῖς
905 721 1107 774 καταλογά-

79 782 153 829 δην.

131 857 148 875 α
166 841 226 879 Nil
254 841 359 879 aliud
375 841 480 893 apud
502 841 729 880 Athenaeum
762 848 954 888 narratur,
989 854 1104 891 quam

77 899 344 950 Terpandrum
360 899 409 938 ab
419 901 618 938 Hellanico
632 908 829 938 narratum
843 912 926 938 esse
938 899 1104 951 primum

77 958 249 996 omnium
272 960 419 997 Carnea
440 959 577 997 vicisse
601 971 648 997 eo
667 961 771 1009 quod
795 959 1047 997 Carneonicas
1067 966 1104 996 et

75 1020 309 1059 carminibus
327 1029 366 1059 et
388 1021 626 1060 orationibus
649 1022 853 1061 laudasset.
887 1021 987 1071 [Nisi
1023 1021 1104 1059 haee

75 1080 206 1130 potius
234 1080 422 1118 sententia
444 1088 514 1129 est,
547 1081 790 1119 Hellanicum
819 1080 916 1118 illud
939 1080 986 1118 de
1003 1083 1103 1118 Ter-

74 1137 225 1188 pandro
235 1139 388 1189 petiisse
398 1152 445 1177 ex
462 1139 643 1191 catalogis
654 1139 1100 1189 Carneonicarum,quod

74 1196 133 1234 vel
146 1196 320 1235 Athenaei
339 1197 397 1235 vel
414 1197 659 1236 librariorum
672 1198 787 1249 culpa
803 1197 900 1235 male
916 1197 1102 1235 enuncia-

73 1254 184 1305 tum.]
201 1258 259 1293 Ita
269 1269 450 1294 numerus
468 1256 657 1294 librorum
668 1255 717 1294 ab
730 1254 929 1293 Hellanico
940 1254 1103 1304 scripto-

72 1325 158 1350 rum
174 1313 427 1363 imminuitur,
443 1324 482 1353 et
494 1323 621 1367 potest
640 1316 703 1353 ille
719 1314 779 1352 vel
791 1314 829 1351 in
842 1312 1027 1365 Ἱστορίαις
1039 1313 1100 1350 vel

73 1371 112 1408 in
128 1371 338 1416 Λεσὸιακοῖς
359 1373 406 1412 de
430 1374 658 1425 Terpandro
678 1372 912 1424 exposuisse.
934 1388 949 1404 »
973 1374 1099 1409 Sturz.

125 1489 299 1531 Clemens
315 1491 420 1529 Alex.
441 1494 623 1530 Stromm.
643 1494 680 1537 1,
697 1504 736 1541 p.
759 1490 849 1537 333,
869 1492 917 1525 A:
931 1485 1098 1527 Ἑλλάνι-

71 1560 129 1589 κος
147 1546 373 1602 Τέρπανδρον
395 1551 526 1603 ἱστορεῖ
538 1548 628 1589 κατὰ
649 1548 766 1588 Μίδαν
785 1545 974 1599 γεγονέναι.

488 1629 702 1644 ,ἐφ’-

362 1673 429 1711 ΤΑ
458 1673 581 1711 ΠΕΡΙ
608 1672 806 1712 ΛΥΔΙΑΝ.

122 1786 252 1837 steph.
277 1790 388 1838 Byz.:
405 1730 712 1836 ’Astaffijoeths'flvoc
741 1790 803 1835 τῆς
829 1784 1015 1839 Τρωάδος,
1050 1786 1096 1829 ὡς

69 1842 274 1888 Ἑλλάνικος
290 1846 325 1884 ἐν
339 1851 410 1890 τοῖς
425 1846 504 1899 περὶ
523 1846 655 1886 Λυδίαν
668 1846 774 1898 λέγει.

119 1961 255 1998 Sotion
279 1962 317 1999 in
341 1961 472 2001 libello
497 1906 779 2017 Πέρ2ὶ5ποταμῶν
798 1962 857 2002 καὶ
877 1962 1014 2014 κρηνῶν
1032 1959 1092 1998 καὶ

66 2018 197 2068 λιμνῶν
221 2020 300 2071 ((Ῑυί
315 2030 421 2059 extat
443 2022 480 2059 in
500 2023 694 2074 Sylburgii
715 2024 804 2062 edit.
826 2033 988 2073 operum
1007 2019 1092 2056 Ari-

66 2077 210 2116 stotelis
229 2079 303 2117 vol.
326 2081 365 2127 3,
393 2089 492 2131 part.
514 2085 551 2129 2)
579 2095 617 2133 p.
650 2089 720 2128 124
753 2075 1094 2138 extr.:‘E)x)xd32x6q

65 2149 150 2187 φησι
168 2136 247 2191 περὶ
267 2138 477 2190 Μαγνησίαν
496 2138 560 2187 τὴν
578 2140 636 2179 ἐπὶ
657 2140 833 2187 Σιπύλου,
846 2136 962 2189 πηγὴν
982 2139 1091 2180 εἶναι,

65 2194 124 2246 ἀφ’
135 2188 177 2241 ἧς
192 2195 272 2239 τοὺς
288 2195 450 2242 πίνοντας
466 2198 598 2237 κοιλίαν
616 2200 876 2239 ἀπολιθοῦσθαι.

2139 179 2184 212 61

1579 253 1780 292 ΤΡΩΙΚΑ.

1218 357 1328 392 Hunc
1354 357 1539 396 Hellanici
1565 358 1704 397 librum
1726 360 1871 398 Villois.
1898 361 1937 398 in
1959 340 2100 401 Anecd.
2119 366 2186 402 Gr.

1168 419 1258 451 tom.
1278 426 1314 461 2,
1331 427 1368 464 p.
1398 416 1485 467 185,
1513 430 1613 467 saepe
1634 418 1779 456 laudari
1800 418 1891 457 dicit
1913 420 1953 457 in
1970 421 2122 460 scholiis
2139 423 2186 460 ad

1165 470 1340 520 Dionysii
1360 472 1500 524 Τέχνην
1519 475 1558 512 in
1584 477 1723 514 Codice
1736 477 1934 516 Marciano
1963 481 2052 530 489.

1637 546 1724 586 126.

1218 605 1446 644 Parthenius
1475 610 1618 647 Erotio.
1644 624 1676 648 c.
1708 612 1753 655 31.
1776 625 1786 651 :
1807 611 1954 667 Ἱστορεῖ
1980 613 2186 660 Ἑλλάνικος

1165 664 1337 716 Τρωϊκῶν
1356 663 1417 702 καὶ
1438 666 1609 719 Κεφάλων
1632 671 1650 707 ὁ
1667 669 1858 723 Γεργίθιος·
1893 671 1962 710 Ἐκ
1978 671 2014 711 δὲ
2028 673 2185 722 Οἰνώνης

1163 721 1222 760 καὶ
1248 722 1469 776 Ἀλεξάνδρου
1485 730 1567 768 παῖς
1591 725 1724 776 ἐγένετο
1742 727 1906 781 Κόρυθος·
1923 724 2021 775 οὗτος
2039 731 2185 771 ἐπίκου-

1165 795 1221 834 ρος
1238 780 1445 835 ἀφικόμενος
1460 783 1506 825 εἷς
1521 782 1640 832 Ἴλιον,
1658 784 1803 833 Ἑλένης
1814 787 1962 841 ἠράσθη.
1991 790 2062 829 Καὶ
2080 790 2183 830 αὐτὸν

1163 838 1277 887 ἐκείνη
1305 839 1402 890 μάλα
1418 840 1631 894 φιλοφρόνως
1651 843 1849 896 ὑπεδέχετο.
1865 841 1934 886 ’Ἦν
1955 848 1992 886 δὲ
2007 847 2070 896 τὴν
2090 849 2183 888 ἰδέαν

1162 898 1356 951 κράτιστος.
1373 898 1554 952 Φωράσας
1566 898 1602 938 δὲ
1623 900 1724 939 αὐτὸν
1743 904 1761 940 ὁ
1781 903 1918 958 πατὴρ,
1938 908 2080 946 ἀνεῖλεν.

1216 959 1441 998 «Genitivus
1457 960 1626 1011 Τρωϊκῶν
1637 960 1806 1000 indicare
1825 964 2071 1004 videturlibri
2083 981 2110 1005 s.
2127 982 2184 1006 se-

1162 1018 1298 1055 ctionis
1312 1025 1442 1054 notam
1453 1017 1545 1055 olim
1556 1019 1769 1068 appositam
1790 1030 1922 1070 postea
1941 1023 2183 1064 librariorum

1161 1077 1308 1114 incuria
1326 1076 1386 1114 vel
1411 1076 1494 1114 aliis
1512 1076 1637 1114 modis
1657 1077 1833 1116 amissam
1860 1081 1987 1119 fuisse.
2008 1086 2183 1123 Fortasse

1163 1145 1288 1173 tamen
1307 1143 1463 1185 praestat
1481 1135 1609 1185 legere
1631 1136 1824 1189 Τρωϊκοῖς,
1849 1150 2042 1188 praeeunte
2055 1146 2183 1181 Meur-

1161 1195 1217 1232 sio
1236 1194 1276 1232 in
1300 1192 1399 1231 Bibl.
1422 1196 1488 1231 Gr.
1510 1193 1586 1231 vol.
1610 1196 1803 1290 ΙῘΙΞῼΡΡἾ
1829 1209 1867 1247 p.
1890 1200 1999 1247 1193.
2017 1216 2032 1232 »
2057 1203 2180 1239 Sturz.

1212 1318 1368 1367 Dionys.
1382 1316 1503 1354 Halic.
1524 1330 1557 1364 1,
1574 1318 1634 1362 46:
1649 1318 1828 1369 Λογισμὸν
1846 1319 1882 1356 δὲ
1897 1318 1955 1357 τὸν
1970 1319 2086 1359 εἰκότα
2103 1322 2182 1376 περὶ

1159 1380 1219 1414 τοῦ
1241 1374 1425 1427 μέλλοντος
1443 1374 1636 1426 λαμὸάνων
1655 1376 1721 1428 (sc.
1747 1376 1912 1429 Αἰνείας),
1935 1380 1980 1421 ὡς
1999 1379 2180 1432 ἀμήχανον

1160 1434 1212 1482 εἴη
1231 1440 1393 1487 πρᾶγμα,
1413 1435 1525 1472 σῶσαι
1542 1433 1643 1472 πόλιν
1665 1430 1705 1482 ἧς
1721 1433 1766 1473 τὰ
1782 1435 1892 1474 πλείω
1911 1436 1978 1484 ἤδη
1992 1438 2180 1491 ἐκρατεῖτο,

1160 1495 1207 1537 εἷς
1225 1497 1303 1531 νοῦν
1326 1491 1492 1545 βάλλεται
1504 1495 1565 1530 τοῦ
1585 1490 1646 1542 μὲν
1666 1492 1802 1545 τείχους
1828 1499 2087 1548 παραχωρῆσαι
2111 1504 2182 1545 τοῖς

1157 1551 1353 1603 πολεμίοις,
1368 1549 1413 1589 τὰ
1426 1551 1462 1588 δὲ
1476 1550 1624 1601 σώματα
1642 1550 1730 1589 αὐτὰ
1748 1552 1807 1590 καὶ
1820 1552 1863 1591 τὰ
1878 1552 1952 1606 ἱερὰ
1964 1553 2007 1592 τὰ
2021 1558 2180 1609 πατρῷα,

1157 1611 1216 1650 καὶ
1228 1610 1398 1664 χρήματα
1417 1607 1528 1647 ὁπόσα
1542 1608 1656 1662 φέρειν
1677 1609 1827 1658 δύναιτο,
1846 1611 2095 1651 διασώσασθαι.
2117 1612 2181 1652 Δό·

1158 1670 1216 1715 ξαν
1234 1668 1271 1707 δὲ
1291 1670 1398 1721 αὐτῷ,
1417 1668 1545 1711 παῖδας
1563 1665 1626 1718 μὲν
1645 1667 1704 1706 καὶ
1717 1675 1902 1718 γυναῖκας,
1934 1670 1993 1708 καὶ
2016 1686 2178 1723 καταγη-

1158 1728 1239 1784 ραιὰ
1258 1727 1420 1779 σώματα,
1432 1726 1493 1765 καὶ
1510 1725 1648 1770 ὁπόσοις
1660 1726 1776 1771 ἄλλοις
1794 1728 1952 1781 βραδείας
1969 1728 2038 1767 ἔδει
2057 1733 2179 1782 φυγῆς,

1155 1787 1369 1842 προεξελθεῖν
1402 1785 1536 1824 κελεύει
1569 1788 1632 1833 τῆς
1666 1785 1799 1830 πόλεως
1823 1786 1913 1826 κατὰ
1938 1786 1999 1832 τὰς
2036 1789 2092 1827 ἐπὶ
2114 1788 2177 1837 τὴν

1154 1848 1251 1894 Ἴδην
1272 1845 1440 1900 φερούσας
1468 1844 1581 1892 ὁδοὺς,
1606 1843 1671 1888 ἕως
1699 1845 1833 1897 Ἀχαιοὶ
1851 1845 1915 1893 τὴν
1945 1845 2054 1901 ἄκραν
2089 1849 2177 1886 ἑλεῖν

1154 1904 1445 1961 προθυμούμενοι,
1466 1903 1612 1948 διώξεως
1630 1906 1690 1941 τοῦ
1713 1904 1956 1948 διαπίπτοντος
1968 1906 2008 1943 ἐκ
2024 1909 2087 1953 τῆς
2106 1906 2175 1945 πό-

1153 1968 1239 2009 λεως
1251 1963 1403 2011 πλήθους
1419 1961 1516 2001 οὐδὲν
1535 1964 1847 2015 προεμηχανῶντο.
1860 1965 1933 2002 Τοῦ
1948 1962 1984 2001 δὲ
2004 1979 2177 2015 στρατιω-

1153 2028 1250 2063 τικοῦ
1283 2022 1323 2061 τὸ
1343 2020 1405 2073 μὲν
1424 2020 1481 2059 ἐπὶ
1499 2023 1542 2072 τῇ
1563 2021 1701 2074 φυλακῇ
1719 2022 1788 2058 τῶν
1808 2019 1964 2065 ἐξιόντων
1981 2020 2110 2071 ἔταξεν,
2131 2025 2176 2066 ὥς

1153 2081 1313 2136 ἀσφαλής
1346 2096 1384 2119 τε
1420 2079 1480 2118 καὶ
1503 2078 1749 2132 ἀταλαίπωρος
1766 2080 1806 2117 ἐκ
1825 2082 1894 2118 τῶν
1915 2079 2059 2118 ἐνόντων
2083 2081 2173 2134 φυγὴ

1153 2144 1267 2184 αὐτοῖς
1286 2139 1431 2192 γένοιτο.
1460 2137 1594 2191 Εἴρητο
1625 2138 1662 2175 δὲ
1695 2137 1828 2182 τούτοις
1861 2137 1905 2176 τὰ
1927 2139 2174 2192 καρτερώτατα

1119 2234 1124 2243 ,
1151 2198 1413 2239 καταλαὸέσθαι
1433 2200 1496 2244 τῆς
1507 2195 1622 2243 Ἴδης·
1640 2196 1680 2235 τὸ
1696 2197 1731 2234 δὲ
1747 2196 1880 2246 λοιπὸν,
1899 2196 1917 2235 ὃ
1936 2196 1977 2245 δὴ
1991 2198 2173 2252 κράτιστον

534 2318 621 2352 121.

103 2365 245 2397 Metaum
257 2390 266 2406 ,
283 2367 362 2399 urbs
374 2368 489 2409 Lesbi,
505 2379 602 2411 quam
615 2372 718 2404 Metas
730 2358 916 2413 Tyrrhenus
929 2373 1085 2413 condidit,

63 2410 112 2442 uti
129 2411 312 2445 Hellanicus
328 2416 440 2447 auctor
454 2419 515 2449 est.

484 2485 683 2500 ⁴0⁰0·—

392 2531 748 2574 CARNEONICAE.

532 2598 547 2630 1
556 2598 577 2630 2
583 2598 604 2630 2
610 2622 619 2631 .

102 2645 226 2677 carnea
250 2645 374 2687 primus
390 2648 539 2680 omnium
564 2649 644 2682 vicit
672 2651 873 2692 Terpander,
889 2653 926 2684 ut
942 2652 1081 2687 Hellani-

59 2697 118 2722 cus
144 2691 259 2730 tradit,
292 2701 368 2724 cum
384 2693 418 2725 in
434 2695 582 2728 versibus
613 2697 732 2738 quibus
763 2699 979 2732 Carneonicas
1006 2700 1084 2732 cele-

60 2734 176 2776 bravit,
186 2738 257 2768 tum
270 2739 304 2770 in
316 2741 502 2773 eorumdem
510 2750 646 2775 recensu
658 2743 763 2776 soluta
775 2744 919 2777 oratione
934 2745 1020 2778 edito
1030 2746 1082 2787 (P).

528 2796 616 2830 123.

99 2840 284 2875 Hellanicus
295 2845 518 2886 Terpandrum
532 2850 640 2880 narrat
652 2848 749 2882 Midae
759 2850 957 2891 temporibus
970 2853 1082 2883 natum

59 2895 139 2921 8886.

328 2993 395 3032 DE
423 2995 589 3035 REBUS
618 2997 805 3037 LYDIAE.

98 3106 254 3146 melotae,
269 3116 347 3148 gens
365 3060 706 3151 Troadis,¹121ti·liabet
730 3114 933 3155 Hellanicus,
956 3116 1012 3156 qui
1028 3124 1079 3147 res

58 3152 169 3193 Lydiae
184 3156 385 3196 conscripsit.

523 3212 608 3245 125.

99 3256 281 3291 Hellanicus
297 3260 374 3292 dicit
392 3270 490 3302 prope
508 3264 705 3304 Magnesiam
724 3265 765 3296 ad
792 3265 938 3306 Sipylum
956 3265 1077 3296 sontem

57 3310 137 3380 gsige,
155 3303 210 3380 qtui
223 3309 317 3344 potus
330 3306 373 3338 ita
390 3308 588 3349 refrigeraret
598 3312 814 3351 stomachum,
832 3314 869 3343 ut
884 3311 1078 3352 lapidescere

112 3356 164 3381 ere
180 3358 227 3382 ur.

1544 2309 1776 2348 TROICA.

1190 2425 1305 2458 Narrat
1318 2421 1503 2457 Hellanicus
1520 2420 1554 2452 in
1582 2420 1705 2452 Troicis
1721 2422 1752 2452 et
1774 2420 1939 2461 Cephalon
1963 2420 2145 2461 Gergithius
2161 2430 2168 2451 :

1148 2474 1198 2504 Ex
1214 2473 1343 2504 OEnone
1362 2470 1395 2502 et
1416 2466 1596 2500 Alexandro
1610 2466 1695 2498 filius
1710 2468 1805 2497 natus
1821 2468 1870 2497 est
1885 2466 2056 2506 Corythus.
2081 2466 2141 2497 Hic
2157 2489 2166 2504 ‚

1149 2527 1250 2560 quum
1273 2516 1487 2550 auxiliaturus
1502 2514 1646 2546 venisset
1672 2513 1818 2553 Trojam‚
1847 2521 1955 2544 amore
1979 2514 2090 2552 eaptus
2119 2514 2168 2544 est

1143 2566 1273 2598 Helenae
1284 2589 1293 2605 ,
1311 2571 1385 2604 quae
1399 2560 1705 2594 benevolentissime
1716 2568 1789 2591 eum
1807 2567 1847 2591 ex
1853 2559 1948 2599 cepit;
1962 2558 2071 2590 sormae
2081 2560 2166 2589 enim

1142 2611 1379 2653 pulchritudine
1395 2607 1645 2650 quammaxime
1671 2606 1851 2639 excellebat.
1869 2606 1928 2638 Sed
1957 2605 2061 2645 ipsum
2079 2607 2168 2646 pater

1143 2659 1379 2701 deprehensum
1395 2655 1565 2688 interfecit.
1619 2702 1692 2734 127
2064 2654 2069 2660 ·

1182 2754 1300 2785 AEneas
1320 2759 1422 2792 quum
1442 2747 1671 2781 verisimilibus
1687 2745 1864 2778 rationibus
1890 2744 2048 2776 adductus
2061 2744 2101 2776 de
2117 2745 2164 2776 fu-

1142 2802 1214 2834 turo
1233 2799 1450 2839 conjecturam
1478 2796 1593 2828 faceret
1608 2796 1640 2826 et
1656 2793 1921 2825 animadverteret
1948 2791 2038 2823 nullo
2064 2792 2162 2824 modo

1143 2846 1211 2879 fieri
1240 2854 1353 2887 posse,
1368 2846 1405 2876 ut
1419 2843 1497 2875 urbs
1513 2842 1712 2878 servaretur,
1728 2841 1820 2880 qu'us
1842 2837 2016 2869 maximam
2037 2841 2161 2879 partem

1139 2893 1250 2925 hostes
1269 2892 1302 2924 in
1321 2899 1414 2923 suam
1430 2889 1620 2930 potestatem
1645 2887 1710 2926 jam
1730 2884 1942 2925 redegissent,
1965 2893 2038 2916 arce
2061 2885 2160 2917 hosti-

1139 2939 1202 2971 bus
1217 2940 1330 2971 cedere
1344 2936 1467 2974 statuit,
1489 2936 1524 2966 ut
1539 2934 1609 2974 ipsa
1624 2932 1789 2964 hominum
1806 2940 1941 2978 corpora
1954 2933 1986 2962 et
2000 2939 2090 2963 sacra
2108 2941 2159 2973 pa-

1139 2987 1198 3018 tria
1217 2988 1249 3018 et
1263 2983 1422 3025 quidquid
1446 2980 1591 3022 pecuniae
1617 2987 1725 3010 secum
1747 2978 1829 3010 ferre
1857 2980 1977 3019 posset,
2001 2982 2155 3011 servaret.

1138 3032 1233 3071 Quod
1248 3030 1417 3063 consilium
1436 3035 1537 3068 quum
1552 3026 1581 3057 ei
1593 3025 1776 3066 placuisset,
1805 3033 1934 3065 pueros,
1947 3024 2098 3057 mulieres
2125 3029 2158 3059 et

1137 3087 1228 3110 senes
1243 3079 1275 3109 et
1290 3078 1412 3108 ceteros
1427 3081 1550 3110 omneS,
1568 3071 1686 3112 quibus
1710 3071 1797 3102 lenta
1817 3070 1893 3112 suga
1914 3080 1996 3112 opus
2011 3074 2090 3112 erat,
2115 3081 2153 3104 ex

1137 3125 1215 3159 urbe
1246 3130 1389 3163 egressos
1417 3118 1588 3160 praemisit3
1614 3120 1646 3149 et
1673 3117 1788 3149 itinera
1816 3118 1857 3149 ad
1884 3118 1976 3150 Idam
2018 3118 2154 3151 ferentia

1136 3173 1242 3212 petere
1254 3169 1362 3209 jussit,
1378 3167 1456 3198 dum
1473 3164 1586 3196 Achivi
1600 3164 1633 3195 in
1646 3164 1728 3195 arcis
1742 3164 2011 3205 oppugnationem
2028 3165 2156 3206 intenti,

1135 3219 1176 3250 de
1202 3214 1421 3257 persequenda
1448 3211 1668 3250 multitudine,
1691 3219 1765 3251 quae
1791 3219 1832 3243 ex
1859 3211 1939 3243 urbe
1960 3211 2158 3253 diffugiebat,

1137 3262 1218 3294 nihil
1240 3261 1423 3301 cogitarent.
1442 3257 1610 3290 Exercitus
1623 3257 1720 3289 etiam
1742 3259 1864 3298 partem
1880 3257 1944 3290 illis
1956 3258 2011 3298 qui
2027 3267 2066 3290 ex
2080 3259 2158 3291 urbe

1134 3309 1266 3341 exibant
1279 3306 1428 3347 praesidio
1439 3312 1509 3336 esse
1522 3303 1630 3344 jussit,
1643 3307 1681 3335 ut
1693 3304 1837 3344 ipsorum
1850 3304 1925 3345 fuga
1938 3314 1996 3346 pro
2008 3305 2157 3346 praesenti

1134 3357 1218 3387 statu
1247 3362 1284 3385 ac
1301 3361 1358 3391 pro
1373 3351 1496 3384 viribus
1527 3351 1596 3382 tuta
1617 3353 1649 3384 et
1670 3351 1889 3383 molestiarum
1914 3360 2026 3392 expers
2060 3354 2157 3384 esset·
