2320 3684
167 169 242 202 ¹:32

163 243 360 285 κατέλιπεν·
380 241 450 281 ἀπὸ
471 240 593 279 τούτου
622 238 659 278 δὲ
678 235 759 281 τοὺς
774 238 922 289 Περσῶν
941 236 1107 289 βασιλέας
1118 236 1181 275 λέ·-

161 317 259 354 γεται
277 301 454 353 γενέσθαι·
475 300 534 337 ἳέν
554 296 736 343 Μυκήναις
757 296 794 338 δέ
816 293 974 338 Ἀλκαῖος
986 324 996 342 ,
1013 295 1072 334 καὶ
1093 294 1185 334 Σθέ-

163 362 271 406 νελος,
297 359 357 398 καὶ
373 358 533 405 ἽΞλειος,
552 354 711 408 Μήστωρ
729 369 767 392 τε
791 353 851 391 καὶ
866 352 1106 407 Ἠλεκτρύων,
1125 353 1184 392 καὶ

164 418 317 470 θυγάτηρ
336 414 554 468 Γοργοφόνη,
572 412 615 458 ἣν
634 410 811 465 Περιήρης
833 410 974 463 ἔγημεν.

215 477 232 502 3
250 476 316 514 Ἐκ
337 473 399 525 μὲν
420 468 478 511 οῧν
499 470 664 510 Ἀλκαίου
683 470 743 508 καὶ
762 470 1010 521 Ἀστυδαμείας
1031 473 1093 517 τῆς
1108 469 1185 509 Πέ-

163 534 268 576 λοπος
281 562 292 583 ,
312 534 361 574 ὥς
384 529 420 568 δὲ
439 530 522 568 ἔνιοι
537 528 702 580 λέγουσι,
729 526 915 580 Λαονόμης
929 531 991 575 τῆς
1007 526 1184 579 Γουνέως,

164 592 210 633 ὥς
230 589 265 628 δὲ
288 589 387 627 ἄλλοι
405 588 511 626 πάλιν
530 585 744 638 Ἱππονόμης
766 589 827 633 τῆς
846 585 1045 630 Μενοικέως
1063 585 1186 640 Ἀμφι-

163 646 277 699 τρύων
300 645 451 698 ἐγένετο,
473 645 532 684 καὶ
553 643 707 697 θυγάτηρ
728 642 869 688 Ἀναξώ.

215 705 234 731 4
251 705 319 744 Ἐκ
338 703 374 742 δὲ
392 703 577 757 Μήστορος
609 702 668 741 καὶ
701 701 890 750 Λυσιδίκης
913 704 975 749 τῆς
1006 700 1186 752 Πέλοπος,

164 762 345 810 Ἱπποθόη.
375 761 519 809 Ταύτην
538 760 701 814 ἁρπάσας
719 761 921 812 Ποσειδῶν,
950 758 1010 798 καὶ
1037 759 1186 810 κομίσας

167 822 223 861 ἐπὶ
244 821 305 865 τὰς
324 820 515 873 Ἐχινάδας
542 819 688 870 νήσους,
712 817 896 870 μίγνυται,
913 818 972 856 καὶ
989 824 1092 871 γεννᾷ
1108 817 1187 857 Τά-

165 895 257 934 φιον,
273 878 308 922 ὃς
332 877 438 932 ᾤκισε
455 877 577 931 Τάφον
588 906 599 928 ,
618 876 677 915 καὶ
692 875 771 919 τοὺς
789 875 890 920 λαοὺς
904 878 937 915 Τ
939 874 1086 924 ηλεὸόας
1106 875 1188 914 ἐκά-

164 940 279 989 λεσεν,
299 937 351 976 ὅτι
367 938 475 985 τηλοῦ
498 939 560 983 τῆς
575 934 740 989 πατρίδος
756 934 835 982 ἔὸη.

218 997 310 1036 5Ἐκ
334 995 471 1050 Ταφίου
493 994 530 1034 δὲ
559 999 642 1039 παῖς
662 992 859 1047 Πτερέλαος
877 991 1023 1044 ἐγένετο.
1052 994 1186 1032 Τοῦτον

166 1055 336 1094 ἀθάνατον
362 1053 505 1101 ἐποίησε
534 1052 735 1101 Ποσειδῶν,
768 1053 803 1090 ἐν
825 1054 869 1104 τῇ
894 1052 1029 1104 κεφαλῇ
1052 1053 1186 1103 χρυσῆν

165 1112 271 1156 ἐνθεὶς
297 1111 413 1166 τρίχα.
433 1108 652 1164 6Πτερελάῳ
677 1108 714 1147 δὲ
745 1107 901 1160 ἐγένοντο
912 1107 1085 1160 [θυγάτηρ
1110 1109 1188 1146 Κο-

166 1170 294 1223 μαιθὼ,
313 1170 372 1210 καὶ
393 1168 546 1224 ἅῤῥενες]
565 1169 697 1217 παῖδες,
713 1165 884 1221 Χρόμιος,
903 1164 1092 1221 Τύραννος,
1113 1165 1188 1204 Ἀν-

163 1230 293 1283 τίοχος,
313 1229 556 1284 Χερσιδάμας,
576 1227 748 1281 Μήστωρ,
770 1225 921 1279 Εὐήρης.

219 1289 235 1314 7
255 1287 476 1341 Ἠλεκτρύων
497 1287 556 1336 δὲ,
593 1286 709 1338 γήμας
739 1284 803 1332 τὴν
823 1282 983 1323 Ἀλκαίου
1017 1280 1188 1335 θυγατέρα

166 1346 319 1395 Ἀναξὼ,
349 1344 511 1397 ἐγέννησε
534 1343 706 1397 θυγατέρα
733 1342 796 1394 μὲν
815 1341 1037 1392 Ἀλκμήνην,
1061 1341 1187 1383 παῖδας

165 1404 202 1443 δὲ
224 1403 520 1458 [Στρατοὸάτην,]
542 1400 776 1456 Γοργοφόνον,
801 1398 1001 1450 Φιλονόμον
1014 1429 1025 1448 ,
1052 1399 1188 1437 Κελαι-

164 1462 240 1512 νέα,
252 1462 492 1517 Ἀμφίμαχον,
511 1460 722 1511 Λυσίνομον,
737 1458 969 1513 Χειρίμαχον,
983 1457 1187 1511 Ἀνάκτορα,

166 1520 367 1575 Ἀρχέλαον·
388 1519 477 1571 μετὰ
494 1519 530 1557 δὲ
550 1517 692 1562 τούτους
707 1517 767 1556 καὶ
786 1515 883 1555 νόθον
898 1517 938 1555 ἐκ
956 1514 1116 1570 Φρυγίας
1127 1530 1189 1567 γυ-

165 1579 282 1622 ναικὸς
295 1577 429 1622 Μιδέας
445 1576 649 1628 Λικύμνιον.

218 1636 411 1677 8Σθενέλου
430 1635 467 1674 δὲ
484 1635 543 1674 καὶ
557 1635 738 1682 Νικίππης
754 1636 817 1682 τῆς
834 1632 1014 1682 Πέλοπος,
1031 1631 1188 1679 Ἀλκινόη

166 1697 226 1734 καὶ
245 1694 411 1734 Μέδουσα
424 1725 434 1743 ,
454 1693 595 1747 ὕστερον
620 1692 657 1731 δὲ
684 1692 743 1731 καὶ
762 1690 959 1746 Εὐρυσθεὺς
978 1690 1136 1743 ἐγένετο,
1155 1690 1190 1734 ὃς

166 1754 225 1792 καὶ
236 1755 412 1801 Μυκηνῶν
425 1752 659 1791 ἐὸασίλευσεν.
675 1747 782 1790 9’Ότε
791 1750 858 1804 γὰρ
869 1749 1048 1804 Ἡρακλῆς
1066 1747 1190 1800 ἔμελλε

166 1815 370 1863 γεννᾶσθαι,
392 1810 477 1854 Ζεὺς
494 1812 529 1849 ἐν
548 1813 634 1853 θεοῖς
651 1807 738 1863 ἔφη,
758 1809 816 1847 τὸν
839 1807 908 1846 ἀπὸ
926 1806 1091 1861 Περσέως
1107 1822 1190 1858 γεν-

167 1870 401 1921 νηθησόμενον
428 1868 506 1908 τότε
533 1866 727 1921 βασιλεύειν
749 1867 938 1913 Μυκηνῶν.
958 1865 1056 1918 “Hpoe
1076 1864 1112 1902 δὲ
1133 1864 1190 1903 διὰ

166 1928 224 1966 τὸν
246 1930 348 1975 ζῆλον
370 1926 566 1967 Εἰλείθυιαν
586 1925 724 1974 ἔπεισε,
742 1925 801 1963 τὸν
824 1923 887 1976 μὲν
913 1922 1109 1974 Ἀλκμήνης
1126 1921 1187 1960 τό-

166 2002 227 2025 κον
247 1988 417 2039 ἐπισχεῖν,
438 1982 620 2039 Εὐρυσθέα
637 1982 673 2022 δὲ
685 1983 743 2023 τὸν
758 1981 930 2023 Σθενέλου
949 1979 1190 2035 παρεσκεύασε
1212 1999 1214 2001 >

166 2049 375 2098 γεννηθῆναι
392 2047 644 2095 ἑπταμηνιαῖον
660 2042 755 2081 ὄντα.

751 153 1126 193 ΑΠΟΑΛΟΔΩΡΟΥ
1163 153 1506 194 ΒΙΒΛΙΟΘΗΚΗΣ
1533 156 1577 206 Β,
1606 153 1646 194 δ’.

1237 250 1403 291 cepheum
1435 251 1566 293 reliquit
1581 261 1589 283 :
1613 250 1654 283 ab
1688 253 1749 284 hoc
1783 255 1951 284 Persarum
1980 260 2070 293 reges
2099 252 2254 294 originem

1237 306 1370 340 duxisse
1381 307 1528 341 feruntur
1549 319 1557 340 :
1577 314 1592 333 2
1605 310 1746 350 Mycenis
1770 311 1878 341 autem
1896 309 2040 349 AlcaeuS‚
2066 309 2250 349 Sthenelus,

1237 365 1366 406 Heleus,
1408 368 1546 407 Mestor,
1572 368 1738 408 Electryo‚
1766 376 1804 399 ac
1818 367 1883 399 iilia
1907 367 2136 408 Gorgophone,
2157 375 2256 408 quam

1237 423 1381 456 Perieres
1403 434 1538 458 uxorem
1554 426 1659 458 duxit.

1279 482 1348 512 ⁸Ex
1370 481 1477 514 Alcaeo
1492 483 1525 514 et
1540 482 1728 523 Astydamia
1748 481 1886 523 Pelopis,
1902 481 1970 521 vel,
1988 483 2025 513 ut
2039 480 2196 522 nonnulli,
2216 488 2257 514 ex

1238 538 1399 571 Laonome
1421 540 1541 580 Gunei,
1559 540 1611 572 vel
1638 542 1676 572 ut
1701 540 1771 580 alii,
1802 548 1843 572 ex
1861 539 2063 580 Hipponome
2083 539 2258 578 Menoecei,

1237 596 1430 638 Amphitryo
1445 598 1542 630 natus
1557 599 1606 630 est
1617 600 1649 630 et
1661 597 1727 630 filia
1739 601 1862 630 Anaxo.

1279 714 1323 744 *Ε
1330 714 1468 745 Mestore
1479 713 1512 746 et
1521 713 1679 753 Lysidice‚
1690 713 1829 754 Pelopis,
1841 711 2036 753 Hippothoe3
2044 719 2142 752 quam
2153 711 2260 753 rapuit

1239 770 1426 810 Neptunus,
1447 772 1480 802 et
1495 770 1529 801 in
1547 770 1727 802 Echinadas
1753 770 1875 801 insulas
1894 769 2082 801 translatam
2099 777 2259 810 compres-

1240 828 1299 867 sit,
1316 836 1357 860 ex
1370 836 1471 869 eaque
1489 828 1599 868 genuit
1614 828 1792 869 Taphium,
1815 828 1871 868 qui
1893 828 1927 859 in
1952 827 2101 868 'Paphum
2125 827 2259 860 colonos

1240 886 1390 926 deduxit,
1406 895 1537 928 eosque,
1555 887 1641 927 quod
1652 886 1765 928 procul
1779 895 1799 918 a
1814 886 1916 927 patria
1931 885 2096 926 abivisset,
2106 885 2268 927 Teleboas,

1240 944 1424 985 appellavit.

1282 1008 1296 1027 1⁵
1308 1005 1334 1034 E
1351 1002 1473 1043 Taphio
1485 1002 1570 1035 filius
1593 1005 1689 1035 natus
1713 1006 1763 1036 est
1777 1003 1953 1035 Pterelan&
1978 1003 2075 1035 Hunc
2091 1002 2262 1043 Neptunus

1240 1069 1337 1093 aureo
1352 1061 1440 1093 crine
1455 1061 1539 1093 illius
1554 1061 1651 1102 capiti
1663 1061 1814 1102 imposito
1836 1061 1912 1094 fecit
1926 1061 2152 1093 immortalem.
2166 1063 2180 1083 ⁶
2193 1060 2262 1092 Pte-

1241 1118 1337 1158 relao,
1354 1118 1430 1158 (tilia
1445 1120 1625 1159 comaetho,
1639 1119 1684 1160 et)
1700 1118 1755 1151 filii
1778 1119 1909 1151 suerunt
1935 1118 2122 1159 Chromius,
2136 1120 2258 1159 Tyran-

1241 1187 1316 1219 nus,
1330 1178 1520 1220 Antiochus,
1532 1178 1769 1219 Chersidamas,
1791 1181 1911 1212 Mestor
1920 1201 1930 1219 ,
1944 1180 2075 1212 Everes.

1283 1298 1296 1317 ⁷
1307 1293 1455 1335 Electryo
1469 1293 1566 1326 ducta
1580 1296 1693 1326 Anaxo
1707 1293 1818 1332 Alcaei,
1833 1293 1933 1325 tiliam
1947 1293 2127 1334 procreavit
2141 1293 2264 1326 Alcme

1242 1353 1304 1376 nen
1313 1368 1322 1385 ,
1350 1344 1434 1377 filios
1455 1353 1533 1378 vero
1562 1345 1804 1386 (Stratobaten,)
1823 1345 2088 1386 Gorgophonum,
2117 1345 2263 1377 Philono-

1242 1410 1344 1437 mum,
1360 1402 1557 1441 celaeneum,
1570 1402 1850 1443 Amphimachum,
1863 1399 2092 1443 Lysmomum,
2107 1402 2263 1435 chirima-

1242 1459 1359 1500 chum,
1374 1461 1584 1501 Anactorem,
1603 1460 1817 1500 Archelaum;
1834 1468 1871 1492 ac
1890 1460 1965 1501 post
1991 1460 2090 1493 hosce
2116 1459 2264 1502 spurium

1242 1527 1283 1551 ex
1304 1518 1409 1551 Midea
1427 1518 1564 1560 Phrygia
1578 1519 1710 1551 muliere
1725 1517 1945 1559 Licymnium.

1284 1641 1460 1674 ¹'Sthenelo
1487 1643 1520 1674 et
1534 1641 1682 1683 Nicippe,
1711 1641 1855 1683 Pelopis,
1881 1642 1967 1674 natae
1992 1642 2070 1674 sunt
2086 1641 2218 1674 Alcinoe
2231 1643 2265 1674 et

1242 1700 1387 1740 Medusa,
1407 1703 1440 1733 et
1460 1701 1573 1742 postea
1587 1701 1806 1741 Eurystheus,
1829 1700 1886 1740 qui
1907 1700 2052 1741 Mycenis
2081 1699 2263 1741 imperavit.

1243 1761 1347 1792 ⁹Nam
1362 1767 1426 1800 quo
1444 1761 1586 1800 tempore
1594 1759 1748 1791 Hercules
1757 1757 1929 1799 pariendus
1946 1759 2025 1798 erat,
2041 1758 2167 1798 Jupiter
2182 1758 2265 1790 inter

1243 1817 1321 1849 deos
1341 1817 1443 1857 dixit,
1463 1817 1519 1858 qui
1541 1825 1559 1849 e
1574 1816 1680 1849 Persei
1699 1816 1788 1858 prole
1800 1817 1866 1857 jam
1891 1816 2034 1848 oriturus
2063 1818 2168 1856 esset,
2188 1824 2264 1848 eum

1243 1876 1388 1917 Mycenis
1410 1877 1628 1916 regnaturum.
1645 1877 1731 1907 Juno
1747 1876 1855 1906 autem
1881 1876 2010 1916 propter
2028 1874 2188 1906 invidiam
2213 1873 2265 1906 Ili-

1245 1935 1343 1976 thyiae
1358 1934 1529 1976 persuasit,
1554 1934 1592 1966 ut
1610 1932 1773 1965 Alcmenae
1801 1934 1929 1974 partum
1949 1932 2125 1972 cohiberet,
2143 1933 2177 1965 et
2203 1932 2266 1965 hoc

1243 1996 1364 2036 effecit,
1381 1997 1418 2028 ut
1441 1995 1643 2036 Eurystheus
1665 1994 1807 2027 Stheneli
1828 1994 1915 2026 filius
1937 1994 2075 2035 septimo
2096 2002 2208 2026 mense
2230 1993 2264 2026 in

1243 2055 1349 2087 lucem
1375 2054 1535 2086 ederetur.

226 2104 280 2156 (6)
301 2101 550 2156 Ἠλεκτρύονος
569 2100 606 2139 δὲ
625 2098 864 2153 βασιλεύοντος
884 2100 1082 2146 Μυκηνῶν,
1103 2096 1191 2149 μετὰ
1213 2102 1221 2147 1
1287 2112 1333 2153 (6)
1353 2114 1476 2144 Verum
1491 2111 1533 2143 ad
1547 2110 1782 2151 Electryonem,
1794 2109 1937 2150 Mycenis
1952 2109 2172 2150 imperantem,
2189 2116 2264 2140 cum

167 2161 304 2216 Ταφίου
328 2164 359 2200 οἱ
378 2159 579 2214 Πτερελάου
601 2161 722 2202 παῖδες
743 2157 898 2203 ἐλθόντες
920 2156 984 2204 τὴν
1006 2155 1190 2210 Μήστορος

167 2219 279 2274 ἀρχὴν
303 2223 363 2257 τοῦ
394 2217 656 2272 μητροπάτορος
682 2216 856 2269 ἀπῄτουν,
877 2215 956 2263 καὶ,
989 2212 1038 2265 μὴ
1059 2211 1192 2267 προσέ-

167 2293 287 2331 χοντος
300 2275 548 2330 Ἠλεκτρύονος
564 2275 764 2322 ἀπήλαυνον
782 2274 843 2318 τὰς
858 2272 950 2326 βόας·
963 2270 1190 2324 ἀμυνομένων

167 2336 203 2375 δὲ
223 2339 292 2374 τῶν
311 2334 560 2389 Ἠλεκτρύονος
578 2334 711 2372 παίδων
725 2364 735 2382 ,
761 2335 801 2371 ἐκ
825 2331 1052 2386 προκλήσεως
1076 2330 1190 2377 ἀλλή-

166 2397 246 2439 λους
265 2393 489 2432 ἀπέκτειναν.ι
503 2392 672 2440 2Ἐσώθη
697 2391 733 2430 δὲ
748 2394 817 2430 τῶν
839 2388 1088 2444 Ἠλεκτρύονος
1106 2388 1192 2427 παί-

168 2455 235 2493 δων
253 2452 442 2504 Λικύμνιος
463 2451 513 2490 ἔτι
536 2450 611 2494 νέος
630 2451 811 2505 ὑπάρχων·
831 2451 900 2487 τῶν
922 2447 958 2486 δὲ
976 2447 1190 2502 Πτερελάου,

167 2513 310 2567 Εὐήρης
325 2543 335 2562 ,
361 2512 396 2556 ὃς
414 2511 473 2551 καὶ
498 2510 558 2554 τὰς
576 2514 659 2554 ναῦς
682 2510 866 2564 ἐφύλασσε.
889 2511 971 2547 Τῶν
991 2507 1027 2545 δὲ
1044 2507 1189 2560 Ταφίων

168 2574 200 2611 οἱ
219 2570 441 2625 διαφυγόντες
459 2569 683 2608 ἀπέπλευσαν
702 2568 764 2612 τὰς
791 2566 970 2610 ἐλαθείσας
989 2565 1070 2618 βόας
1093 2564 1191 2603 ἑλόν-

167 2646 235 2680 τες,
263 2629 322 2668 καὶ
345 2627 533 2681 παρέθεντο
559 2629 610 2681 τῷ
639 2628 775 2679 βασιλεῖ
803 2628 872 2663 τῶν
898 2623 1046 2663 Ἠλείων
1074 2625 1191 2662 Πολυ-

169 2687 265 2741 ξένῳ.
287 2687 503 2743 Ἀμφιτρύων
531 2684 567 2724 δὲ
593 2684 689 2739 παρὰ
709 2682 906 2728 Πολυξένου
926 2681 1192 2735 λυτρωσάμενος

169 2746 275 2789 αὐτὰς
294 2746 424 2797 ἤγαγεν
442 2746 489 2788 εἷς
509 2741 686 2790 Μυκήνας·
719 2746 737 2781 ὃ
750 2742 786 2780 δὲ
804 2739 1026 2794 Ἠλεκτρύων
1043 2739 1102 2777 τὸν
1120 2741 1188 2777 τῶν

168 2804 302 2843 παίδων
320 2804 465 2842 θάνατον
486 2801 691 2855 βουλόμενος
709 2802 904 2847 ἐκδικῆσαι,
933 2795 1110 2850 παραδοὺς
1126 2795 1188 2843 τὴν

172 2861 349 2913 βασιλείαν
368 2858 602 2913 Ἀμφιτρύωνι
619 2858 678 2897 καὶ
703 2857 766 2905 τὴν
785 2855 958 2910 θυγατέρα
977 2853 1188 2905 Ἀλκμήνην,

170 2919 366 2974 ἐξορκίσας,
394 2917 452 2957 ἵνα
476 2918 583 2971 μέχρι
606 2920 669 2964 τῆς
694 2915 862 2956 ἐπανόδου
885 2913 1055 2968 παρθένον
1081 2911 1188 2959 αὐτὴν

171 2977 304 3031 φυλάξῃ
318 3009 327 3027 ,
355 2976 553 3031 στρατεύειν
579 2975 636 3014 ἐπὶ
661 2973 844 3022 Τηλεὸόας
862 2974 1034 3011 διενοεῖτο.
1054 2968 1070 2992 4
1083 2970 1189 3008 ’Arto-

171 3036 409 3087 λαμὸάνοντος
435 3035 471 3073 δὲ
500 3036 605 3073 αὐτοῦ
634 3032 695 3077 τὰς
722 3032 824 3086 βόας,
858 3037 939 3083 μιᾶς
966 3027 1189 3088 ἐκθορούσης,

171 3094 389 3147 Ἀμφιτρύων
419 3094 472 3132 ἐπ’
498 3091 606 3139 αὐτὴν
630 3094 761 3145 ἀφῆκεν
775 3121 785 3139 ,
813 3089 831 3128 ὃ
855 3087 943 3141 μετὰ
965 3093 1084 3140 χεῖρας
1103 3089 1189 3138 εἶχε,

173 3151 335 3204 ῥόπαλον,
351 3152 390 3190 τὸ
411 3151 446 3189 δὲ
464 3150 698 3204 ἀποκρουσθὲν
718 3148 787 3187 ἀπὸ
803 3150 872 3186 τῶν
891 3146 1046 3200 κεράτων
1065 3145 1111 3187 εἷς
1126 3143 1189 3190 τὴν

173 3209 419 3262 Ἠλεκτρύονος
436 3209 589 3262 κεφαλὴν
604 3208 700 3246 ἐλθὸν
717 3207 915 3246 ἀπέκτεινεν
934 3202 1048 3243 αὐτόν.
1065 3201 1189 3242 5“Οθεν

170 3266 288 3304 λαὸὼν
307 3265 436 3313 ταύτην
454 3266 517 3313 τὴν
540 3266 712 3319 πρόφασιν
738 3263 925 3311 Σθένελος,
952 3261 1081 3304 παντὸς
1106 3260 1191 3314 Ἄρ-

173 3340 250 3377 γους
270 3323 427 3368 ἐξέὸαλεν
447 3323 700 3377 Ἀμφιτρύωνα,
727 3323 786 3361 καὶ
802 3322 865 3370 τὴν
892 3320 1003 3375 ἀρχὴν
1019 3322 1089 3358 τῶν
1111 3321 1191 3358 Μυ-

1244 2170 1366 2211 Taphio
1385 2169 1520 2202 Pterelai
1536 2169 1592 2200 filii
1607 2169 1784 2207 venientes,
1801 2167 1951 2200 Mestoris
1966 2175 2112 2208 reguum,
2132 2167 2189 2208 qui
2206 2169 2266 2200 Ta·

1244 2228 1322 2269 phio
1342 2236 1424 2260 avus
1441 2229 1510 2260 erat
1524 2229 1706 2265 maternus,
1726 2225 1937 2266 repetierunt,
1959 2233 1998 2256 ac
2021 2233 2086 2256 non
2104 2223 2265 2266 obtempe-

1245 2287 1336 2318 rante
1357 2285 1547 2326 Electryone
1560 2308 1570 2325 ,
1603 2284 1705 2316 hoves
1735 2286 1804 2325 ejus
1827 2283 2012 2324 abegerunt.
2036 2283 2132 2320 Quod
2161 2291 2263 2324 quum
2302 2294 2304 2299 ’

1245 2343 1401 2384 impedire
1426 2343 1546 2375 vellent
1565 2342 1766 2383 Electryonis
1786 2341 1856 2381 filii,
1874 2340 1916 2372 ad
1929 2343 2089 2373 certamen
2102 2349 2173 2373 sese
2196 2349 2265 2381 pro·

1244 2404 1397 2434 vocantes
1413 2404 1526 2433 mutua
1547 2401 1634 2433 caede
1652 2401 1827 2442 perierunt.
1851 2399 2023 2432 *servatus
2036 2401 2143 2431 tamen
2157 2401 2207 2431 est
2224 2407 2264 2431 ex

1244 2460 1446 2501 Electryonis
1471 2459 1574 2499 natis,
1592 2459 1649 2500 qui
1675 2467 1754 2500 puer
1774 2459 1880 2490 adhuc
1897 2459 1966 2490 erat
1990 2457 2198 2498 Licymnius,
2223 2465 2264 2488 ex

1244 2520 1379 2552 Pterelai
1397 2528 1474 2552 vero
1495 2521 1626 2557 Everes,
1639 2517 1695 2558 qui
1713 2525 1812 2549 naves
1827 2516 2037 2548 custodiebat.
2054 2517 2138 2548 Tum
2153 2515 2209 2555 qui
2224 2514 2265 2547 de

1245 2579 1376 2619 Taphiis
1393 2580 1581 2616 evaserant,
1599 2576 1736 2608 navibus
1755 2574 1890 2617 profecti
1908 2576 2004 2614 sunt,
2021 2575 2194 2615 postquam
2211 2572 2264 2605 ab·

1244 2639 1315 2669 acta
1339 2645 1449 2669 secum
1467 2638 1611 2668 armenta
1626 2635 1712 2676 apud
1739 2633 1940 2675 Polyxenum
1963 2632 2140 2665 Eliensium
2159 2639 2263 2672 regem
2287 2639 2295 2663 s

1244 2696 1469 2737 deposuerant.
1502 2694 1563 2726 Sed
1584 2693 1776 2734 Amphitryo
1800 2691 1959 2724 redemtas
1976 2699 1996 2722 a
2023 2689 2188 2730 Polyxeno
2209 2688 2264 2720 bo-
2307 2724 2309 2726 ,

1244 2762 1301 2786 ves
1316 2755 1468 2793 Mycenas
1497 2752 1636 2784 reduxit.
1657 2756 1671 2775 ³
1689 2752 1814 2784 Interea
1839 2753 1945 2781 autem
1959 2748 2107 2789 Electryo
2125 2747 2271 2795 filiorum

1244 2811 1365 2843 caedem
1383 2810 1528 2849 ulturus,
1552 2819 1686 2851 regnum
1709 2808 1805 2842 simul
1826 2816 1902 2840 cum
1921 2807 2072 2840 Alcmene
2098 2805 2164 2837 filia
2189 2807 2264 2838 Am-

1244 2867 1410 2908 phitryoni
1440 2866 1582 2906 tradidit,
1599 2865 1809 2907 jurejurando
1825 2864 1990 2904 obstricto,
2007 2865 2045 2896 ut
2066 2863 2108 2896 ad
2125 2862 2263 2899 reditum

1243 2923 1340 2955 filiam
1364 2923 1520 2963 virginem
1554 2925 1706 2963 servaret,
1735 2923 1803 2964 ipse
1830 2924 1942 2954 contra
1958 2921 2115 2954 Teleboas
2141 2919 2260 2952 bellum

1243 2980 1374 3013 molitus
1391 2982 1450 3011 est.
1467 2980 1543 3013 *Cui
1559 2988 1660 3020 quum
1672 2979 1771 3011 boves
1785 2978 1996 3017 traderentur,
2012 2984 2187 3017 eanunque
2199 2982 2264 3007 una

1243 3046 1262 3070 e
1286 3046 1379 3078 grege
1410 3037 1592 3076 aufugeret,
1620 3037 1653 3067 in
1683 3044 1754 3067 eam
1781 3035 1972 3076 Amphitryo
1994 3042 2092 3075 quam
2112 3032 2262 3066 manibus
2319 3055 2320 3058 ,

1244 3096 1326 3127 sorte
1340 3094 1471 3126 tenebat
1483 3094 1611 3125 clavam
1630 3093 1781 3133 conjecit,
1799 3101 1872 3133 quae
1894 3100 1970 3124 vero
1989 3091 2029 3123 de
2042 3090 2136 3122 bovis
2161 3088 2261 3122 corui·
2318 3100 2320 3112 ¹

1243 3155 1305 3187 bus
1321 3152 1447 3193 repulsa
1465 3154 1497 3184 et
1523 3151 1557 3183 in
1578 3150 1776 3191 Electryonis
1802 3151 1898 3191 caput
1915 3149 2076 3188 resiliens,
2095 3157 2171 3180 eum
2193 3146 2262 3179 vita

1243 3210 1395 3252 privavit.
1411 3213 1426 3231 ὅ
1442 3208 1612 3240 Sthenelus
1637 3207 1744 3247 itaque
1763 3206 1847 3238 hanc
1867 3206 1983 3237 nactus
2016 3203 2218 3236 occasionem
2241 3209 2284 3234 ο·

1243 3270 1311 3301 tota
1328 3267 1519 3308 ArgIVorum
1539 3268 1622 3298 terra
1643 3264 1911 3306 Amphitryonem
1933 3263 2060 3303 exegit,
2082 3263 2179 3302 atque
2193 3262 2261 3302 ipse
2318 3283 2320 3298 :

1244 3329 1451 3367 Mycenarum
1483 3327 1515 3357 et
1541 3324 1705 3365 Tirynthis
1722 3323 1856 3364 imperio
1883 3321 2006 3363 potitus
2032 3322 2092 3353 est.
2120 3319 2259 3352 Mideam
2313 3323 2320 3355 ,·’
