<?xml version="1.0" encoding="UTF-8"?>
<!DOCTYPE html PUBLIC "-//W3C//DTD XHTML 1.0 Transitional//EN"
    "http://www.w3.org/TR/xhtml1/DTD/xhtml1-transitional.dtd">
<html xmlns="http://www.w3.org/1999/xhtml" xml:lang="en" lang="en">
 <head>
  <title>
</title>
<meta http-equiv="Content-Type" content="text/html;charset=utf-8" />
  <meta name='ocr-system' content='tesseract 3.04.00' />
  <meta name='ocr-capabilities' content='ocr_page ocr_carea ocr_par ocr_line ocrx_word'/>
</head>
<body>
  <div class='ocr_page' id='page_1' title='image "./fragmentahistori01mueluoft_0283.png"; bbox 0 0 2320 3684; ppageno 0'>
   <div class='ocr_carea' id='block_1_1' title="bbox 2110 54 2184 101">
    <p class='ocr_par' dir='ltr' id='par_1_1' title="bbox 2110 54 2184 101">
     <span class='ocr_line' id='line_1_1' title="bbox 2110 54 2184 101; baseline -0.027 -7"><span class='ocrx_word' id='word_1_1' title='bbox 2110 54 2184 101; x_wconf 74' lang='grc' dir='ltr'><strong>ιΒι</strong></span> 
     </span>
    </p>
   </div>
   <div class='ocr_carea' id='block_1_2' title="bbox 106 131 2206 217">
    <p class='ocr_par' dir='ltr' id='par_1_2' title="bbox 106 131 2206 217">
     <span class='ocr_line' id='line_1_2' title="bbox 106 131 2206 217; baseline -0.007 -6"><span class='ocrx_word' id='word_1_2' title='bbox 106 131 2206 217; x_wconf 42' lang='lat' dir='ltr'><strong>aseffieesffieeeeffieeesteeeeeeeeeeeeeeffifflffi</strong></span> 
     </span>
    </p>
   </div>
   <div class='ocr_carea' id='block_1_3' title="bbox 604 312 1724 476">
    <p class='ocr_par' dir='ltr' id='par_1_3' title="bbox 604 312 1724 476">
     <span class='ocr_line' id='line_1_3' title="bbox 604 312 1724 476; baseline 0.007 -10"><span class='ocrx_word' id='word_1_3' title='bbox 604 312 1724 476; x_wconf 81' lang='lat' dir='ltr'><strong>ANTIOCHI</strong></span> 
     </span>
    </p>
   </div>
   <div class='ocr_carea' id='block_1_4' title="bbox 786 584 1524 705">
    <p class='ocr_par' dir='ltr' id='par_1_4' title="bbox 786 584 1524 705">
     <span class='ocr_line' id='line_1_4' title="bbox 786 584 1524 705; baseline 0.009 -38"><span class='ocrx_word' id='word_1_4' title='bbox 786 584 1524 705; x_wconf 74' lang='lat' dir='ltr'><strong>FRAGMENTA.</strong></span> 
     </span>
    </p>
   </div>
   <div class='ocr_carea' id='block_1_5' title="bbox 1005 776 1324 795">
    <p class='ocr_par' dir='ltr' id='par_1_5' title="bbox 1005 776 1324 795">
     <span class='ocr_line' id='line_1_5' title="bbox 1005 776 1324 795; baseline 0.006 -2"><span class='ocrx_word' id='word_1_5' title='bbox 1005 776 1324 795; x_wconf 42' lang='lat'><strong>40——</strong></span> 
     </span>
    </p>
   </div>
   <div class='ocr_carea' id='block_1_6' title="bbox 409 885 816 926">
    <p class='ocr_par' dir='ltr' id='par_1_6' title="bbox 409 885 816 926">
     <span class='ocr_line' id='line_1_6' title="bbox 409 885 816 926; baseline -0.002 -1"><span class='ocrx_word' id='word_1_6' title='bbox 409 885 534 926; x_wconf 85' lang='grc' dir='ltr'>ΠΕΡΙ</span> <span class='ocrx_word' id='word_1_7' title='bbox 563 885 816 925; x_wconf 86' lang='grc' dir='ltr'>ΣΙΚΕΛΙΑΣ.</span> 
     </span>
    </p>
   </div>
   <div class='ocr_carea' id='block_1_7' title="bbox 598 957 631 995">
    <p class='ocr_par' dir='ltr' id='par_1_7' title="bbox 598 957 631 995">
     <span class='ocr_line' id='line_1_7' title="bbox 598 957 631 995; baseline -0.03 0"><span class='ocrx_word' id='word_1_8' title='bbox 598 957 631 995; x_wconf 95' lang='grc'><strong>1.</strong></span> 
     </span>
    </p>
   </div>
   <div class='ocr_carea' id='block_1_8' title="bbox 86 1020 1130 2315">
    <p class='ocr_par' dir='ltr' id='par_1_8' title="bbox 96 1020 1130 1425">
     <span class='ocr_line' id='line_1_8' title="bbox 153 1020 1130 1071; baseline 0.001 -12"><span class='ocrx_word' id='word_1_9' title='bbox 153 1020 312 1071; x_wconf 86' lang='lat' dir='ltr'>Dionys.</span> <span class='ocrx_word' id='word_1_10' title='bbox 351 1021 472 1060; x_wconf 86' lang='lat' dir='ltr'><strong>Halic.</strong></span> <span class='ocrx_word' id='word_1_11' title='bbox 517 1025 560 1060; x_wconf 80' lang='lat' dir='ltr'><strong>A.</strong></span> <span class='ocrx_word' id='word_1_12' title='bbox 599 1025 647 1060; x_wconf 86' lang='lat' dir='ltr'><strong>R.</strong></span> <span class='ocrx_word' id='word_1_13' title='bbox 690 1025 729 1071; x_wconf 94' lang='grc' dir='ltr'>Ι,</span> <span class='ocrx_word' id='word_1_14' title='bbox 768 1035 837 1068; x_wconf 80' lang='lat'><strong>22,</strong></span> <span class='ocrx_word' id='word_1_15' title='bbox 899 1023 1130 1061; x_wconf 83' lang='lat' dir='ltr'><strong>enumeratis</strong></span> 
     </span>
     <span class='ocr_line' id='line_1_9' title="bbox 99 1079 1127 1133; baseline 0.003 -17"><span class='ocrx_word' id='word_1_16' title='bbox 99 1079 296 1118; x_wconf 85' lang='lat' dir='ltr'><strong>variorum</strong></span> <span class='ocrx_word' id='word_1_17' title='bbox 315 1080 513 1118; x_wconf 83' lang='lat' dir='ltr'><strong>sententiis</strong></span> <span class='ocrx_word' id='word_1_18' title='bbox 539 1080 587 1119; x_wconf 91' lang='lat' dir='ltr'><strong>de</strong></span> <span class='ocrx_word' id='word_1_19' title='bbox 617 1089 750 1129; x_wconf 77' lang='lat' dir='ltr'><strong>aetate,</strong></span> <span class='ocrx_word' id='word_1_20' title='bbox 775 1095 852 1133; x_wconf 88' lang='lat' dir='ltr'><strong>qua</strong></span> <span class='ocrx_word' id='word_1_21' title='bbox 886 1081 927 1119; x_wconf 90' lang='lat' dir='ltr'><strong>in</strong></span> <span class='ocrx_word' id='word_1_22' title='bbox 960 1081 1127 1120; x_wconf 80' lang='lat' dir='ltr'><strong>siciliam</strong></span> 
     </span>
     <span class='ocr_line' id='line_1_10' title="bbox 97 1138 1129 1193; baseline 0.002 -16"><span class='ocrx_word' id='word_1_23' title='bbox 97 1138 217 1177; x_wconf 89' lang='lat' dir='ltr'><strong>Siculi</strong></span> <span class='ocrx_word' id='word_1_24' title='bbox 247 1139 492 1186; x_wconf 83' lang='lat' dir='ltr'><strong>transierint,</strong></span> <span class='ocrx_word' id='word_1_25' title='bbox 508 1139 589 1177; x_wconf 84' lang='lat' dir='ltr'><strong>haec</strong></span> <span class='ocrx_word' id='word_1_26' title='bbox 614 1140 745 1178; x_wconf 90' lang='lat' dir='ltr'>addit:</span> <span class='ocrx_word' id='word_1_27' title='bbox 763 1139 937 1193; x_wconf 83' lang='grc' dir='ltr'>Ἀντίοχος</span> <span class='ocrx_word' id='word_1_28' title='bbox 957 1139 993 1179; x_wconf 82' lang='grc' dir='ltr'>δὲ</span> <span class='ocrx_word' id='word_1_29' title='bbox 1015 1142 1033 1179; x_wconf 84' lang='grc' dir='ltr'>ὃ</span> <span class='ocrx_word' id='word_1_30' title='bbox 1053 1142 1129 1179; x_wconf 89' lang='grc' dir='ltr'><strong>Συ-</strong></span> 
     </span>
     <span class='ocr_line' id='line_1_11' title="bbox 100 1195 1130 1250; baseline 0.003 -17"><span class='ocrx_word' id='word_1_31' title='bbox 100 1195 280 1250; x_wconf 79' lang='grc' dir='ltr'>ρακούσιος</span> <span class='ocrx_word' id='word_1_32' title='bbox 297 1196 422 1250; x_wconf 88' lang='grc' dir='ltr'>χρόνον</span> <span class='ocrx_word' id='word_1_33' title='bbox 442 1195 505 1248; x_wconf 79' lang='grc' dir='ltr'><strong>μὲν</strong></span> <span class='ocrx_word' id='word_1_34' title='bbox 523 1199 561 1236; x_wconf 81' lang='grc' dir='ltr'><strong>οὗ</strong></span> <span class='ocrx_word' id='word_1_35' title='bbox 582 1198 682 1246; x_wconf 89' lang='grc' dir='ltr'>δηλοῖ</span> <span class='ocrx_word' id='word_1_36' title='bbox 703 1201 766 1244; x_wconf 87' lang='grc' dir='ltr'>τ’ἧς</span> <span class='ocrx_word' id='word_1_37' title='bbox 786 1197 997 1243; x_wconf 75' lang='grc' dir='ltr'>διαὸάσεως,</span> <span class='ocrx_word' id='word_1_38' title='bbox 1025 1200 1130 1238; x_wconf 88' lang='grc' dir='ltr'>Σικε-</span> 
     </span>
     <span class='ocr_line' id='line_1_12' title="bbox 96 1253 1129 1311; baseline 0.003 -19"><span class='ocrx_word' id='word_1_39' title='bbox 96 1253 177 1298; x_wconf 80' lang='grc' dir='ltr'>λοὺς</span> <span class='ocrx_word' id='word_1_40' title='bbox 205 1254 242 1292; x_wconf 81' lang='grc' dir='ltr'>δὲ</span> <span class='ocrx_word' id='word_1_41' title='bbox 269 1254 348 1299; x_wconf 75' lang='grc' dir='ltr'>τοὺς</span> <span class='ocrx_word' id='word_1_42' title='bbox 371 1256 659 1307; x_wconf 81' lang='grc' dir='ltr'>μεταναστάντας</span> <span class='ocrx_word' id='word_1_43' title='bbox 682 1256 885 1311; x_wconf 79' lang='grc' dir='ltr'>ἀποφαίνει,</span> <span class='ocrx_word' id='word_1_44' title='bbox 926 1256 1129 1309; x_wconf 76' lang='grc' dir='ltr'>βιασθέντας</span> 
     </span>
     <span class='ocr_line' id='line_1_13' title="bbox 98 1311 1128 1370; baseline 0.004 -20"><span class='ocrx_word' id='word_1_45' title='bbox 98 1311 166 1351; x_wconf 77' lang='grc' dir='ltr'>ὑπό</span> <span class='ocrx_word' id='word_1_46' title='bbox 181 1329 219 1351; x_wconf 89' lang='grc' dir='ltr'><strong>τε</strong></span> <span class='ocrx_word' id='word_1_47' title='bbox 236 1315 427 1368; x_wconf 84' lang='grc' dir='ltr'>Οἰνωτρῶν</span> <span class='ocrx_word' id='word_1_48' title='bbox 447 1314 506 1353; x_wconf 79' lang='grc' dir='ltr'><strong>καὶ</strong></span> <span class='ocrx_word' id='word_1_49' title='bbox 528 1314 683 1355; x_wconf 83' lang='grc' dir='ltr'>Ὀπικῶν</span> <span class='ocrx_word' id='word_1_50' title='bbox 703 1318 862 1370; x_wconf 85' lang='grc' dir='ltr'>στρατῶν</span> <span class='ocrx_word' id='word_1_51' title='bbox 882 1314 1038 1367; x_wconf 79' lang='grc' dir='ltr'>ἡγεμόνα</span> <span class='ocrx_word' id='word_1_52' title='bbox 1066 1318 1128 1363; x_wconf 76' lang='grc' dir='ltr'><strong>τῆς</strong></span> 
     </span>
     <span class='ocr_line' id='line_1_14' title="bbox 96 1371 543 1425; baseline 0.004 -15"><span class='ocrx_word' id='word_1_53' title='bbox 96 1371 259 1416; x_wconf 82' lang='grc' dir='ltr'>ἀποικίας</span> <span class='ocrx_word' id='word_1_54' title='bbox 276 1372 543 1425; x_wconf 89' lang='grc' dir='ltr'>ποιησαμένους.</span> 
     </span>
    </p>

    <p class='ocr_par' dir='ltr' id='par_1_9' title="bbox 589 1440 626 1480">
     <span class='ocr_line' id='line_1_15' title="bbox 589 1440 626 1480; baseline 0.081 -3"><span class='ocrx_word' id='word_1_55' title='bbox 589 1440 626 1480; x_wconf 87' lang='lat'><strong>2.</strong></span> 
     </span>
    </p>

    <p class='ocr_par' dir='ltr' id='par_1_10' title="bbox 86 1497 1127 2315">
     <span class='ocr_line' id='line_1_16' title="bbox 149 1497 1127 1553; baseline 0.005 -20"><span class='ocrx_word' id='word_1_56' title='bbox 149 1498 310 1534; x_wconf 87' lang='lat' dir='ltr'><strong>Pausan.</strong></span> <span class='ocrx_word' id='word_1_57' title='bbox 333 1497 450 1536; x_wconf 89' lang='lat' dir='ltr'><strong>Phoc.</strong></span> <span class='ocrx_word' id='word_1_58' title='bbox 472 1500 527 1546; x_wconf 88' lang='lat' dir='ltr'><strong>X,</strong></span> <span class='ocrx_word' id='word_1_59' title='bbox 550 1512 564 1535; x_wconf 91' lang='lat'><strong>1</strong></span> <span class='ocrx_word' id='word_1_60' title='bbox 577 1512 591 1535; x_wconf 94' lang='lat'>1</span> <span class='ocrx_word' id='word_1_61' title='bbox 609 1512 617 1534; x_wconf 92' lang='lat'>:</span> <span class='ocrx_word' id='word_1_62' title='bbox 632 1497 814 1537; x_wconf 83' lang='grc' dir='ltr'>Ἀνέθεσαν</span> <span class='ocrx_word' id='word_1_63' title='bbox 835 1497 871 1536; x_wconf 81' lang='grc' dir='ltr'>δὲ</span> <span class='ocrx_word' id='word_1_64' title='bbox 889 1497 949 1536; x_wconf 76' lang='grc' dir='ltr'><strong>καὶ</strong></span> <span class='ocrx_word' id='word_1_65' title='bbox 966 1498 1127 1553; x_wconf 82' lang='grc' dir='ltr'>ἀνδριάν-</span> 
     </span>
     <span class='ocr_line' id='line_1_17' title="bbox 94 1554 1124 1611; baseline 0.006 -20"><span class='ocrx_word' id='word_1_66' title='bbox 94 1568 158 1597; x_wconf 87' lang='grc' dir='ltr'><strong>τας</strong></span> <span class='ocrx_word' id='word_1_67' title='bbox 192 1555 406 1608; x_wconf 87' lang='grc' dir='ltr'>Λιπαραῖοι,</span> <span class='ocrx_word' id='word_1_68' title='bbox 437 1554 621 1609; x_wconf 70' lang='grc' dir='ltr'>ναυμαχία</span> <span class='ocrx_word' id='word_1_69' title='bbox 645 1555 881 1610; x_wconf 86' lang='grc' dir='ltr'>κρατήσαντες</span> <span class='ocrx_word' id='word_1_70' title='bbox 919 1558 1124 1611; x_wconf 79' lang='grc' dir='ltr'>Τυρῤηνῶν.</span> 
     </span>
     <span class='ocr_line' id='line_1_18' title="bbox 91 1608 1126 1669; baseline 0.003 -17"><span class='ocrx_word' id='word_1_71' title='bbox 91 1613 139 1652; x_wconf 81' lang='grc' dir='ltr'><strong>Οἱ</strong></span> <span class='ocrx_word' id='word_1_72' title='bbox 158 1611 195 1650; x_wconf 81' lang='grc' dir='ltr'>δὲ</span> <span class='ocrx_word' id='word_1_73' title='bbox 215 1613 408 1667; x_wconf 86' lang='grc' dir='ltr'>Λιπαραῖοι</span> <span class='ocrx_word' id='word_1_74' title='bbox 423 1608 518 1652; x_wconf 70' lang='grc' dir='ltr'>οἷτοι</span> <span class='ocrx_word' id='word_1_75' title='bbox 531 1614 686 1669; x_wconf 76' lang='grc' dir='ltr'>Κνιδίων</span> <span class='ocrx_word' id='word_1_76' title='bbox 704 1614 767 1667; x_wconf 84' lang='grc' dir='ltr'><strong>μὲν</strong></span> <span class='ocrx_word' id='word_1_77' title='bbox 782 1610 871 1663; x_wconf 70' lang='grc' dir='ltr'>ἦσαν</span> <span class='ocrx_word' id='word_1_78' title='bbox 889 1614 1050 1664; x_wconf 85' lang='grc' dir='ltr'>ἄποικοι,</span> <span class='ocrx_word' id='word_1_79' title='bbox 1063 1620 1126 1664; x_wconf 72' lang='grc' dir='ltr'><strong>τῆς</strong></span> 
     </span>
     <span class='ocr_line' id='line_1_19' title="bbox 94 1668 1124 1728; baseline 0.007 -20"><span class='ocrx_word' id='word_1_80' title='bbox 94 1668 132 1709; x_wconf 82' lang='grc' dir='ltr'>δὲ</span> <span class='ocrx_word' id='word_1_81' title='bbox 155 1671 317 1715; x_wconf 83' lang='grc' dir='ltr'>ἀποικίας</span> <span class='ocrx_word' id='word_1_82' title='bbox 332 1671 489 1723; x_wconf 81' lang='grc' dir='ltr'>ἡγεμόνα</span> <span class='ocrx_word' id='word_1_83' title='bbox 513 1672 674 1724; x_wconf 89' lang='grc' dir='ltr'>γενέσθαι</span> <span class='ocrx_word' id='word_1_84' title='bbox 693 1674 798 1727; x_wconf 82' lang='grc' dir='ltr'>φασὶν</span> <span class='ocrx_word' id='word_1_85' title='bbox 828 1674 936 1728; x_wconf 84' lang='grc' dir='ltr'>ἄνδρα</span> <span class='ocrx_word' id='word_1_86' title='bbox 962 1674 1124 1714; x_wconf 85' lang='grc' dir='ltr'>Κνίδιον·</span> 
     </span>
     <span class='ocr_line' id='line_1_20' title="bbox 93 1724 1124 1786; baseline 0.005 -19"><span class='ocrx_word' id='word_1_87' title='bbox 93 1727 205 1781; x_wconf 82' lang='grc' dir='ltr'>ὄνομα</span> <span class='ocrx_word' id='word_1_88' title='bbox 226 1727 262 1768; x_wconf 80' lang='grc' dir='ltr'>δὲ</span> <span class='ocrx_word' id='word_1_89' title='bbox 279 1724 367 1769; x_wconf 69' lang='grc' dir='ltr'>εἶναι</span> <span class='ocrx_word' id='word_1_90' title='bbox 386 1732 418 1770; x_wconf 80' lang='grc' dir='ltr'><strong>οἱ</strong></span> <span class='ocrx_word' id='word_1_91' title='bbox 448 1730 649 1771; x_wconf 83' lang='grc' dir='ltr'>Πένταθλον</span> <span class='ocrx_word' id='word_1_92' title='bbox 668 1733 843 1786; x_wconf 87' lang='grc' dir='ltr'>Ἀντίοχος</span> <span class='ocrx_word' id='word_1_93' title='bbox 865 1735 882 1771; x_wconf 84' lang='grc' dir='ltr'><strong>ὃ</strong></span> <span class='ocrx_word' id='word_1_94' title='bbox 902 1732 1124 1786; x_wconf 85' lang='grc' dir='ltr'>Ξενοφάνους</span> 
     </span>
     <span class='ocr_line' id='line_1_21' title="bbox 93 1787 1124 1846; baseline 0.007 -21"><span class='ocrx_word' id='word_1_95' title='bbox 93 1787 330 1842; x_wconf 82' lang='grc' dir='ltr'>Συρακούσιος</span> <span class='ocrx_word' id='word_1_96' title='bbox 346 1791 380 1827; x_wconf 81' lang='grc' dir='ltr'><strong>ἐν</strong></span> <span class='ocrx_word' id='word_1_97' title='bbox 398 1792 442 1843; x_wconf 81' lang='grc' dir='ltr'><strong>τῇ</strong></span> <span class='ocrx_word' id='word_1_98' title='bbox 463 1789 684 1830; x_wconf 84' lang='grc' dir='ltr'>Σικελιώτιδι</span> <span class='ocrx_word' id='word_1_99' title='bbox 702 1794 886 1846; x_wconf 78' lang='grc' dir='ltr'>συγγραφῇ</span> <span class='ocrx_word' id='word_1_100' title='bbox 905 1807 1001 1846; x_wconf 80' lang='grc' dir='ltr'>φησι.</span> <span class='ocrx_word' id='word_1_101' title='bbox 1017 1791 1124 1844; x_wconf 81' lang='grc' dir='ltr'>Λέγει</span> 
     </span>
     <span class='ocr_line' id='line_1_22' title="bbox 92 1845 1124 1905; baseline 0.006 -21"><span class='ocrx_word' id='word_1_102' title='bbox 92 1845 129 1885; x_wconf 84' lang='grc' dir='ltr'>δὲ</span> <span class='ocrx_word' id='word_1_103' title='bbox 147 1846 227 1892; x_wconf 52' lang='grc' dir='ltr'>καί,</span> <span class='ocrx_word' id='word_1_104' title='bbox 246 1849 294 1891; x_wconf 81' lang='grc' dir='ltr'><strong>ὣς</strong></span> <span class='ocrx_word' id='word_1_105' title='bbox 317 1847 375 1887; x_wconf 73' lang='grc' dir='ltr'><strong>ἐπὶ</strong></span> <span class='ocrx_word' id='word_1_106' title='bbox 402 1849 558 1903; x_wconf 86' lang='grc' dir='ltr'>Παχύνῳ</span> <span class='ocrx_word' id='word_1_107' title='bbox 570 1852 615 1903; x_wconf 87' lang='grc' dir='ltr'><strong>τῇ</strong></span> <span class='ocrx_word' id='word_1_108' title='bbox 636 1850 729 1905; x_wconf 72' lang='grc' dir='ltr'>ἄκρα</span> <span class='ocrx_word' id='word_1_109' title='bbox 745 1854 788 1905; x_wconf 86' lang='grc' dir='ltr'><strong>τῇ</strong></span> <span class='ocrx_word' id='word_1_110' title='bbox 813 1854 849 1890; x_wconf 82' lang='grc' dir='ltr'><strong>ἐν</strong></span> <span class='ocrx_word' id='word_1_111' title='bbox 870 1850 1018 1905; x_wconf 77' lang='grc' dir='ltr'>Σικελίᾳ</span> <span class='ocrx_word' id='word_1_112' title='bbox 1043 1851 1124 1890; x_wconf 87' lang='grc' dir='ltr'>κτί-</span> 
     </span>
     <span class='ocr_line' id='line_1_23' title="bbox 91 1905 1121 1962; baseline 0.006 -19"><span class='ocrx_word' id='word_1_113' title='bbox 91 1920 214 1950; x_wconf 88' lang='grc' dir='ltr'>σαντες</span> <span class='ocrx_word' id='word_1_114' title='bbox 235 1905 350 1956; x_wconf 90' lang='grc' dir='ltr'>πόλιν,</span> <span class='ocrx_word' id='word_1_115' title='bbox 387 1907 486 1946; x_wconf 78' lang='grc' dir='ltr'>αὐτοὶ</span> <span class='ocrx_word' id='word_1_116' title='bbox 514 1907 588 1960; x_wconf 79' lang='grc' dir='ltr'><strong>μὲν</strong></span> <span class='ocrx_word' id='word_1_117' title='bbox 607 1908 835 1949; x_wconf 80' lang='grc' dir='ltr'>ἐκπίπτουσιν</span> <span class='ocrx_word' id='word_1_118' title='bbox 864 1910 931 1949; x_wconf 76' lang='grc' dir='ltr'><strong>ὑπὸ</strong></span> <span class='ocrx_word' id='word_1_119' title='bbox 955 1909 1121 1962; x_wconf 85' lang='grc' dir='ltr'>Ἐλύμων</span> 
     </span>
     <span class='ocr_line' id='line_1_24' title="bbox 90 1963 1120 2022; baseline 0.006 -20"><span class='ocrx_word' id='word_1_120' title='bbox 90 1963 150 2002; x_wconf 78' lang='grc' dir='ltr'><strong>καὶ</strong></span> <span class='ocrx_word' id='word_1_121' title='bbox 164 1964 342 2004; x_wconf 85' lang='grc' dir='ltr'>Φοινίκων</span> <span class='ocrx_word' id='word_1_122' title='bbox 360 1965 506 2020; x_wconf 85' lang='grc' dir='ltr'>πολέμῳ</span> <span class='ocrx_word' id='word_1_123' title='bbox 522 1968 730 2013; x_wconf 79' lang='grc' dir='ltr'>πιεσθέντες·</span> <span class='ocrx_word' id='word_1_124' title='bbox 746 1967 808 2014; x_wconf 85' lang='grc' dir='ltr'><strong>τὰς</strong></span> <span class='ocrx_word' id='word_1_125' title='bbox 820 1969 944 2017; x_wconf 78' lang='grc' dir='ltr'>νήσους</span> <span class='ocrx_word' id='word_1_126' title='bbox 962 1968 999 2007; x_wconf 85' lang='grc' dir='ltr'>δὲ</span> <span class='ocrx_word' id='word_1_127' title='bbox 1016 1968 1120 2022; x_wconf 83' lang='grc' dir='ltr'>ἔσχον</span> 
     </span>
     <span class='ocr_line' id='line_1_25' title="bbox 90 2017 1119 2077; baseline 0.006 -16"><span class='ocrx_word' id='word_1_128' title='bbox 90 2022 241 2077; x_wconf 82' lang='grc' dir='ltr'>ἐρήμους</span> <span class='ocrx_word' id='word_1_129' title='bbox 258 2017 310 2063; x_wconf 66' lang='grc' dir='ltr'><strong>ἔτι</strong></span> <span class='ocrx_word' id='word_1_130' title='bbox 325 2024 348 2072; x_wconf 84' lang='grc' dir='ltr'>ἢ</span> <span class='ocrx_word' id='word_1_131' title='bbox 367 2026 627 2074; x_wconf 82' lang='grc' dir='ltr'>ἀναστήσαντες</span> <span class='ocrx_word' id='word_1_132' title='bbox 644 2027 724 2072; x_wconf 83' lang='grc' dir='ltr'>τοὺς</span> <span class='ocrx_word' id='word_1_133' title='bbox 743 2029 977 2072; x_wconf 80' lang='grc' dir='ltr'>ἐνοικοῦντας·</span> <span class='ocrx_word' id='word_1_134' title='bbox 1003 2027 1042 2072; x_wconf 86' lang='grc' dir='ltr'><strong>ἃς</strong></span> <span class='ocrx_word' id='word_1_135' title='bbox 1059 2029 1119 2068; x_wconf 83' lang='grc' dir='ltr'><strong>καὶ</strong></span> 
     </span>
     <span class='ocr_line' id='line_1_26' title="bbox 89 2082 1122 2139; baseline 0.005 -19"><span class='ocrx_word' id='word_1_136' title='bbox 89 2082 181 2120; x_wconf 85' lang='grc' dir='ltr'>κατὰ</span> <span class='ocrx_word' id='word_1_137' title='bbox 211 2082 279 2131; x_wconf 87' lang='grc' dir='ltr'>ἔπη</span> <span class='ocrx_word' id='word_1_138' title='bbox 301 2083 346 2122; x_wconf 88' lang='grc' dir='ltr'><strong>τὰ</strong></span> <span class='ocrx_word' id='word_1_139' title='bbox 366 2084 541 2139; x_wconf 86' lang='grc' dir='ltr'>Ὁμήρεια</span> <span class='ocrx_word' id='word_1_140' title='bbox 565 2085 650 2138; x_wconf 91' lang='lat' dir='ltr'><strong>(Od.</strong></span> <span class='ocrx_word' id='word_1_141' title='bbox 675 2086 709 2125; x_wconf 90' lang='grc' dir='ltr'>κ’</span> <span class='ocrx_word' id='word_1_142' title='bbox 727 2087 833 2139; x_wconf 87' lang='lat' dir='ltr'><strong>init.)</strong></span> <span class='ocrx_word' id='word_1_143' title='bbox 857 2086 985 2127; x_wconf 80' lang='grc' dir='ltr'>Αἰόλου</span> <span class='ocrx_word' id='word_1_144' title='bbox 1005 2086 1064 2125; x_wconf 82' lang='grc' dir='ltr'><strong>καὶ</strong></span> <span class='ocrx_word' id='word_1_145' title='bbox 1087 2089 1122 2131; x_wconf 82' lang='grc' dir='ltr'><strong>ἐς</strong></span> 
     </span>
     <span class='ocr_line' id='line_1_27' title="bbox 90 2141 1116 2200; baseline 0.005 -21"><span class='ocrx_word' id='word_1_146' title='bbox 90 2143 184 2192; x_wconf 79' lang='grc' dir='ltr'>ἡμᾶς</span> <span class='ocrx_word' id='word_1_147' title='bbox 203 2141 254 2180; x_wconf 74' lang='grc' dir='ltr'><strong>ἔτι</strong></span> <span class='ocrx_word' id='word_1_148' title='bbox 278 2143 497 2194; x_wconf 83' lang='grc' dir='ltr'>ὀνομάζουσι.</span> <span class='ocrx_word' id='word_1_149' title='bbox 519 2143 664 2184; x_wconf 87' lang='grc' dir='ltr'>Τούτων</span> <span class='ocrx_word' id='word_1_150' title='bbox 687 2146 850 2200; x_wconf 86' lang='grc' dir='ltr'>Λιπάραν</span> <span class='ocrx_word' id='word_1_151' title='bbox 873 2146 950 2197; x_wconf 79' lang='grc' dir='ltr'>μὲν,</span> <span class='ocrx_word' id='word_1_152' title='bbox 974 2145 1116 2185; x_wconf 85' lang='grc' dir='ltr'>κτίσαν-</span> 
     </span>
     <span class='ocr_line' id='line_1_28' title="bbox 88 2199 1118 2259; baseline 0.005 -21"><span class='ocrx_word' id='word_1_153' title='bbox 88 2215 143 2243; x_wconf 90' lang='grc' dir='ltr'><strong>τες</strong></span> <span class='ocrx_word' id='word_1_154' title='bbox 165 2199 266 2240; x_wconf 88' lang='grc' dir='ltr'>πόλιν</span> <span class='ocrx_word' id='word_1_155' title='bbox 286 2203 456 2251; x_wconf 79' lang='grc' dir='ltr'>ἐνταῦθα,</span> <span class='ocrx_word' id='word_1_156' title='bbox 485 2204 656 2243; x_wconf 82' lang='grc' dir='ltr'>οἰκοῦσιν·</span> <span class='ocrx_word' id='word_1_157' title='bbox 676 2203 789 2258; x_wconf 89' lang='grc' dir='ltr'>Ἱέραν</span> <span class='ocrx_word' id='word_1_158' title='bbox 820 2204 857 2244; x_wconf 80' lang='grc' dir='ltr'>δὲ</span> <span class='ocrx_word' id='word_1_159' title='bbox 889 2205 948 2243; x_wconf 84' lang='grc' dir='ltr'><strong>καὶ</strong></span> <span class='ocrx_word' id='word_1_160' title='bbox 979 2207 1118 2259; x_wconf 88' lang='grc' dir='ltr'>Στρογ-</span> 
     </span>
     <span class='ocr_line' id='line_1_29' title="bbox 86 2258 1117 2315; baseline 0.006 -18"><span class='ocrx_word' id='word_1_161' title='bbox 86 2258 197 2310; x_wconf 89' lang='grc' dir='ltr'>γύλην</span> <span class='ocrx_word' id='word_1_162' title='bbox 223 2261 283 2299; x_wconf 83' lang='grc' dir='ltr'><strong>καὶ</strong></span> <span class='ocrx_word' id='word_1_163' title='bbox 307 2261 464 2313; x_wconf 83' lang='grc' dir='ltr'>Διδύμας</span> <span class='ocrx_word' id='word_1_164' title='bbox 482 2263 653 2315; x_wconf 85' lang='grc' dir='ltr'>(Διδύμην</span> <span class='ocrx_word' id='word_1_165' title='bbox 677 2265 838 2313; x_wconf 82' lang='lat' dir='ltr'><strong>Strabo,</strong></span> <span class='ocrx_word' id='word_1_166' title='bbox 854 2265 1117 2315; x_wconf 86' lang='lat' dir='ltr'><strong>Thucydides,</strong></span> 
     </span>
    </p>
   </div>
   <div class='ocr_carea' id='block_1_9' title="bbox 260 2388 879 2449">
    <p class='ocr_par' dir='ltr' id='par_1_11' title="bbox 260 2388 879 2449">
     <span class='ocr_line' id='line_1_30' title="bbox 260 2388 879 2449; baseline 0.005 -3"><span class='ocrx_word' id='word_1_167' title='bbox 260 2388 271 2401; x_wconf 80' lang='lat'><em>⁰</em></span> <span class='ocrx_word' id='word_1_168' title='bbox 318 2409 349 2446; x_wconf 88' lang='lat' dir='ltr'><strong>E</strong></span> <span class='ocrx_word' id='word_1_169' title='bbox 384 2407 586 2448; x_wconf 86' lang='lat' dir='ltr'>SICILIAE</span> <span class='ocrx_word' id='word_1_170' title='bbox 620 2409 879 2449; x_wconf 77' lang='lat' dir='ltr'><strong>HISTORIA.</strong></span> 
     </span>
    </p>
   </div>
   <div class='ocr_carea' id='block_1_10' title="bbox 582 2486 617 2519">
    <p class='ocr_par' dir='ltr' id='par_1_12' title="bbox 582 2486 617 2519">
     <span class='ocr_line' id='line_1_31' title="bbox 582 2486 617 2519; baseline -0.029 0"><span class='ocrx_word' id='word_1_171' title='bbox 582 2486 617 2519; x_wconf 94' lang='lat'><strong>1.</strong></span> 
     </span>
    </p>
   </div>
   <div class='ocr_carea' id='block_1_11' title="bbox 85 2542 1111 2726">
    <p class='ocr_par' dir='ltr' id='par_1_13' title="bbox 85 2542 1111 2726">
     <span class='ocr_line' id='line_1_32' title="bbox 126 2542 1110 2585; baseline 0.002 -11"><span class='ocrx_word' id='word_1_172' title='bbox 126 2543 169 2575; x_wconf 89' lang='lat' dir='ltr'><strong>At</strong></span> <span class='ocrx_word' id='word_1_173' title='bbox 186 2542 362 2575; x_wconf 82' lang='lat' dir='ltr'><strong>Antiochus</strong></span> <span class='ocrx_word' id='word_1_174' title='bbox 379 2544 602 2584; x_wconf 86' lang='lat' dir='ltr'><strong>Syracusanus</strong></span> <span class='ocrx_word' id='word_1_175' title='bbox 618 2543 745 2575; x_wconf 88' lang='lat' dir='ltr'><strong>nullum</strong></span> <span class='ocrx_word' id='word_1_176' title='bbox 759 2543 890 2585; x_wconf 89' lang='lat' dir='ltr'><strong>quidem</strong></span> <span class='ocrx_word' id='word_1_177' title='bbox 907 2547 1036 2585; x_wconf 82' lang='lat' dir='ltr'><strong>teinpus</strong></span> <span class='ocrx_word' id='word_1_178' title='bbox 1058 2543 1110 2576; x_wconf 89' lang='lat' dir='ltr'><strong>de-</strong></span> 
     </span>
     <span class='ocr_line' id='line_1_33' title="bbox 86 2590 1111 2632; baseline 0.001 -10"><span class='ocrx_word' id='word_1_179' title='bbox 86 2590 195 2630; x_wconf 84' lang='lat' dir='ltr'><strong>clarat,</strong></span> <span class='ocrx_word' id='word_1_180' title='bbox 211 2599 276 2631; x_wconf 87' lang='lat' dir='ltr'><strong>quo</strong></span> <span class='ocrx_word' id='word_1_181' title='bbox 289 2590 402 2623; x_wconf 85' lang='lat' dir='ltr'><strong>classis</strong></span> <span class='ocrx_word' id='word_1_182' title='bbox 413 2591 446 2622; x_wconf 92' lang='lat' dir='ltr'><strong>in</strong></span> <span class='ocrx_word' id='word_1_183' title='bbox 460 2590 600 2622; x_wconf 88' lang='lat' dir='ltr'><strong>insulam</strong></span> <span class='ocrx_word' id='word_1_184' title='bbox 612 2592 784 2632; x_wconf 81' lang='lat' dir='ltr'><strong>trajecerit,</strong></span> <span class='ocrx_word' id='word_1_185' title='bbox 800 2592 855 2624; x_wconf 89' lang='lat' dir='ltr'><strong>sed</strong></span> <span class='ocrx_word' id='word_1_186' title='bbox 869 2592 996 2624; x_wconf 89' lang='lat' dir='ltr'><strong>Siculos</strong></span> <span class='ocrx_word' id='word_1_187' title='bbox 1010 2591 1111 2623; x_wconf 86' lang='lat' dir='ltr'><strong>fuisse</strong></span> 
     </span>
     <span class='ocr_line' id='line_1_34' title="bbox 85 2636 1111 2680; baseline 0 -12"><span class='ocrx_word' id='word_1_188' title='bbox 85 2636 162 2680; x_wconf 76' lang='lat' dir='ltr'><strong>dicit</strong></span> <span class='ocrx_word' id='word_1_189' title='bbox 174 2637 230 2677; x_wconf 91' lang='lat' dir='ltr'><strong>qui</strong></span> <span class='ocrx_word' id='word_1_190' title='bbox 243 2637 378 2669; x_wconf 77' lang='lat' dir='ltr'><strong>coloniae</strong></span> <span class='ocrx_word' id='word_1_191' title='bbox 391 2636 506 2669; x_wconf 89' lang='lat' dir='ltr'><strong>ducem</strong></span> <span class='ocrx_word' id='word_1_192' title='bbox 524 2637 585 2668; x_wconf 89' lang='lat' dir='ltr'><strong>sibi</strong></span> <span class='ocrx_word' id='word_1_193' title='bbox 602 2637 821 2680; x_wconf 79' lang='lat' dir='ltr'><strong>praefecerint,</strong></span> <span class='ocrx_word' id='word_1_194' title='bbox 839 2639 871 2669; x_wconf 84' lang='lat' dir='ltr'><strong>et</strong></span> <span class='ocrx_word' id='word_1_195' title='bbox 886 2637 1017 2669; x_wconf 85' lang='lat' dir='ltr'><strong>sedibus</strong></span> <span class='ocrx_word' id='word_1_196' title='bbox 1037 2646 1111 2668; x_wconf 85' lang='lat' dir='ltr'><strong>mu-</strong></span> 
     </span>
     <span class='ocr_line' id='line_1_35' title="bbox 85 2683 1110 2726; baseline 0.001 -12"><span class='ocrx_word' id='word_1_197' title='bbox 85 2683 159 2715; x_wconf 81' lang='lat' dir='ltr'><strong>tatis</strong></span> <span class='ocrx_word' id='word_1_198' title='bbox 172 2692 211 2715; x_wconf 90' lang='lat' dir='ltr'><strong>eo</strong></span> <span class='ocrx_word' id='word_1_199' title='bbox 226 2683 403 2724; x_wconf 82' lang='lat' dir='ltr'><strong>migrarint,</strong></span> <span class='ocrx_word' id='word_1_200' title='bbox 418 2683 459 2717; x_wconf 88' lang='lat' dir='ltr'><strong>ab</strong></span> <span class='ocrx_word' id='word_1_201' title='bbox 471 2685 682 2717; x_wconf 84' lang='lat' dir='ltr'><strong>OEnotrorum</strong></span> <span class='ocrx_word' id='word_1_202' title='bbox 699 2686 730 2716; x_wconf 87' lang='lat' dir='ltr'><strong>et</strong></span> <span class='ocrx_word' id='word_1_203' title='bbox 745 2685 922 2726; x_wconf 90' lang='lat' dir='ltr'><strong>Opicorum</strong></span> <span class='ocrx_word' id='word_1_204' title='bbox 938 2684 1039 2726; x_wconf 88' lang='lat' dir='ltr'><strong>copiis</strong></span> <span class='ocrx_word' id='word_1_205' title='bbox 1053 2693 1110 2726; x_wconf 89' lang='lat' dir='ltr'><strong>per</strong></span> 
     </span>
    </p>
   </div>
   <div class='ocr_carea' id='block_1_12' title="bbox 45 2728 280 2763">
    <p class='ocr_par' dir='ltr' id='par_1_14' title="bbox 45 2728 280 2763">
     <span class='ocr_line' id='line_1_36' title="bbox 45 2728 280 2763; baseline 0.004 -2"><span class='ocrx_word' id='word_1_206' title='bbox 45 2728 50 2731; x_wconf 11' lang='grc' dir='ltr'>χ</span> <span class='ocrx_word' id='word_1_207' title='bbox 86 2729 149 2762; x_wconf 88' lang='lat' dir='ltr'><strong>vim</strong></span> <span class='ocrx_word' id='word_1_208' title='bbox 165 2730 280 2763; x_wconf 84' lang='lat' dir='ltr'><strong>exacti.</strong></span> 
     </span>
    </p>
   </div>
   <div class='ocr_carea' id='block_1_13' title="bbox 573 2792 609 2824">
    <p class='ocr_par' dir='ltr' id='par_1_15' title="bbox 573 2792 609 2824">
     <span class='ocr_line' id='line_1_37' title="bbox 573 2792 609 2824; baseline -0.028 0"><span class='ocrx_word' id='word_1_209' title='bbox 573 2792 609 2824; x_wconf 87' lang='lat'><strong>2.</strong></span> 
     </span>
    </p>
   </div>
   <div class='ocr_carea' id='block_1_14' title="bbox 70 2848 1108 3409">
    <p class='ocr_par' dir='ltr' id='par_1_16' title="bbox 70 2848 1108 3409">
     <span class='ocr_line' id='line_1_38' title="bbox 124 2848 1106 2890; baseline 0.001 -10"><span class='ocrx_word' id='word_1_210' title='bbox 124 2849 252 2881; x_wconf 86' lang='lat' dir='ltr'><strong>Statuas</strong></span> <span class='ocrx_word' id='word_1_211' title='bbox 269 2848 365 2880; x_wconf 88' lang='lat' dir='ltr'><strong>etiam</strong></span> <span class='ocrx_word' id='word_1_212' title='bbox 379 2849 528 2889; x_wconf 80' lang='lat' dir='ltr'><strong>Liparaei,</strong></span> <span class='ocrx_word' id='word_1_213' title='bbox 542 2849 715 2890; x_wconf 88' lang='lat' dir='ltr'><strong>Tyrrhenis</strong></span> <span class='ocrx_word' id='word_1_214' title='bbox 732 2849 838 2881; x_wconf 84' lang='lat' dir='ltr'><strong>navali</strong></span> <span class='ocrx_word' id='word_1_215' title='bbox 861 2850 975 2890; x_wconf 88' lang='lat' dir='ltr'><strong>proelio</strong></span> <span class='ocrx_word' id='word_1_216' title='bbox 991 2849 1106 2890; x_wconf 85' lang='lat' dir='ltr'><strong>victis,</strong></span> 
     </span>
     <span class='ocr_line' id='line_1_39' title="bbox 84 2894 1108 2936; baseline 0.001 -9"><span class='ocrx_word' id='word_1_217' title='bbox 84 2894 282 2927; x_wconf 78' lang='lat' dir='ltr'><strong>dedicarunt.</strong></span> <span class='ocrx_word' id='word_1_218' title='bbox 299 2895 436 2936; x_wconf 82' lang='lat' dir='ltr'><strong>Liparaei</strong></span> <span class='ocrx_word' id='word_1_219' title='bbox 451 2895 512 2936; x_wconf 92' lang='lat' dir='ltr'><strong>ipsi</strong></span> <span class='ocrx_word' id='word_1_220' title='bbox 532 2896 721 2929; x_wconf 87' lang='lat' dir='ltr'><strong>Cnidiorum</strong></span> <span class='ocrx_word' id='word_1_221' title='bbox 745 2897 870 2928; x_wconf 88' lang='lat' dir='ltr'><strong>colonia</strong></span> <span class='ocrx_word' id='word_1_222' title='bbox 886 2897 1037 2935; x_wconf 88' lang='lat' dir='ltr'><strong>suerunt,</strong></span> <span class='ocrx_word' id='word_1_223' title='bbox 1057 2905 1108 2928; x_wconf 87' lang='lat' dir='ltr'><strong>cu-</strong></span> 
     </span>
     <span class='ocr_line' id='line_1_40' title="bbox 82 2941 1106 2983; baseline 0.002 -9"><span class='ocrx_word' id='word_1_224' title='bbox 82 2941 134 2982; x_wconf 82' lang='lat' dir='ltr'><strong>jus</strong></span> <span class='ocrx_word' id='word_1_225' title='bbox 149 2942 264 2974; x_wconf 83' lang='lat' dir='ltr'><strong>ducem</strong></span> <span class='ocrx_word' id='word_1_226' title='bbox 278 2942 441 2975; x_wconf 87' lang='lat' dir='ltr'><strong>hominem</strong></span> <span class='ocrx_word' id='word_1_227' title='bbox 458 2943 609 2975; x_wconf 87' lang='lat' dir='ltr'><strong>Cnidium</strong></span> <span class='ocrx_word' id='word_1_228' title='bbox 623 2943 829 2975; x_wconf 88' lang='lat' dir='ltr'><strong>Pentathlum</strong></span> <span class='ocrx_word' id='word_1_229' title='bbox 842 2943 972 2976; x_wconf 89' lang='lat' dir='ltr'><strong>nomine</strong></span> <span class='ocrx_word' id='word_1_230' title='bbox 985 2943 1086 2976; x_wconf 82' lang='lat' dir='ltr'><strong>fuisse</strong></span> <span class='ocrx_word' id='word_1_231' title='bbox 1098 2967 1106 2983; x_wconf 87' lang='lat'>‚</span> 
     </span>
     <span class='ocr_line' id='line_1_41' title="bbox 70 2988 1106 3033; baseline 0.002 -13"><span class='ocrx_word' id='word_1_232' title='bbox 70 2989 259 3033; x_wconf 14' lang='lat' dir='ltr'><strong>&lt;Antiochus</strong></span> <span class='ocrx_word' id='word_1_233' title='bbox 275 2991 495 3030; x_wconf 88' lang='lat' dir='ltr'><strong>Syracusanus</strong></span> <span class='ocrx_word' id='word_1_234' title='bbox 511 2991 719 3031; x_wconf 87' lang='lat' dir='ltr'><strong>Xenophanis</strong></span> <span class='ocrx_word' id='word_1_235' title='bbox 734 2990 819 3023; x_wconf 69' lang='lat' dir='ltr'><strong>filius</strong></span> <span class='ocrx_word' id='word_1_236' title='bbox 831 2988 1037 3023; x_wconf 84' lang='lat' dir='ltr'><strong>in’Siciliensi</strong></span> <span class='ocrx_word' id='word_1_237' title='bbox 1054 2991 1106 3022; x_wconf 89' lang='lat' dir='ltr'><strong>Hi-</strong></span> 
     </span>
     <span class='ocr_line' id='line_1_42' title="bbox 83 3036 1105 3078; baseline 0.002 -11"><span class='ocrx_word' id='word_1_238' title='bbox 83 3036 181 3068; x_wconf 87' lang='lat' dir='ltr'><strong>storia</strong></span> <span class='ocrx_word' id='word_1_239' title='bbox 193 3037 348 3078; x_wconf 88' lang='lat' dir='ltr'><strong>scriptum</strong></span> <span class='ocrx_word' id='word_1_240' title='bbox 361 3036 499 3077; x_wconf 86' lang='lat' dir='ltr'><strong>reliquit.</strong></span> <span class='ocrx_word' id='word_1_241' title='bbox 516 3037 623 3077; x_wconf 87' lang='lat' dir='ltr'><strong>Addit,</strong></span> <span class='ocrx_word' id='word_1_242' title='bbox 638 3037 772 3070; x_wconf 85' lang='lat' dir='ltr'><strong>Cnidios</strong></span> <span class='ocrx_word' id='word_1_243' title='bbox 788 3047 828 3070; x_wconf 91' lang='lat' dir='ltr'><strong>ex</strong></span> <span class='ocrx_word' id='word_1_244' title='bbox 843 3048 881 3070; x_wconf 84' lang='lat' dir='ltr'><strong>ea</strong></span> <span class='ocrx_word' id='word_1_245' title='bbox 897 3038 985 3075; x_wconf 86' lang='lat' dir='ltr'><strong>urbe,</strong></span> <span class='ocrx_word' id='word_1_246' title='bbox 1008 3047 1105 3078; x_wconf 81' lang='lat' dir='ltr'><strong>quam</strong></span> 
     </span>
     <span class='ocr_line' id='line_1_43' title="bbox 83 3082 1106 3125; baseline 0 -10"><span class='ocrx_word' id='word_1_247' title='bbox 83 3082 122 3115; x_wconf 83' lang='lat' dir='ltr'><strong>ad</strong></span> <span class='ocrx_word' id='word_1_248' title='bbox 135 3084 321 3124; x_wconf 89' lang='lat' dir='ltr'><strong>Pachynum</strong></span> <span class='ocrx_word' id='word_1_249' title='bbox 339 3083 455 3116; x_wconf 80' lang='lat' dir='ltr'><strong>Siciliae</strong></span> <span class='ocrx_word' id='word_1_250' title='bbox 470 3085 728 3125; x_wconf 88' lang='lat' dir='ltr'><strong>promontorium</strong></span> <span class='ocrx_word' id='word_1_251' title='bbox 744 3084 966 3124; x_wconf 84' lang='lat' dir='ltr'><strong>condiderant,</strong></span> <span class='ocrx_word' id='word_1_252' title='bbox 982 3084 1023 3116; x_wconf 87' lang='lat' dir='ltr'><strong>ab</strong></span> <span class='ocrx_word' id='word_1_253' title='bbox 1034 3085 1106 3125; x_wconf 87' lang='lat' dir='ltr'><strong>Ely-</strong></span> 
     </span>
     <span class='ocr_line' id='line_1_44' title="bbox 82 3128 1106 3171; baseline 0.003 -11"><span class='ocrx_word' id='word_1_254' title='bbox 82 3128 143 3161; x_wconf 86' lang='lat' dir='ltr'><strong>mis</strong></span> <span class='ocrx_word' id='word_1_255' title='bbox 158 3132 189 3161; x_wconf 90' lang='lat' dir='ltr'><strong>et</strong></span> <span class='ocrx_word' id='word_1_256' title='bbox 204 3129 412 3162; x_wconf 76' lang='lat' dir='ltr'><strong>Phoenicibus</strong></span> <span class='ocrx_word' id='word_1_257' title='bbox 431 3130 514 3162; x_wconf 84' lang='lat' dir='ltr'><strong>hello</strong></span> <span class='ocrx_word' id='word_1_258' title='bbox 537 3131 648 3171; x_wconf 86' lang='lat' dir='ltr'><strong>pulsos</strong></span> <span class='ocrx_word' id='word_1_259' title='bbox 664 3131 787 3163; x_wconf 86' lang='lat' dir='ltr'><strong>insulas</strong></span> <span class='ocrx_word' id='word_1_260' title='bbox 809 3131 952 3164; x_wconf 86' lang='lat' dir='ltr'><strong>tenuisse</strong></span> <span class='ocrx_word' id='word_1_261' title='bbox 964 3131 1106 3163; x_wconf 87' lang='lat' dir='ltr'><strong>desertas</strong></span> 
     </span>
     <span class='ocr_line' id='line_1_45' title="bbox 81 3175 1105 3219; baseline 0.001 -12"><span class='ocrx_word' id='word_1_262' title='bbox 81 3175 188 3208; x_wconf 86' lang='lat' dir='ltr'><strong>adhuc</strong></span> <span class='ocrx_word' id='word_1_263' title='bbox 208 3177 264 3208; x_wconf 84' lang='lat' dir='ltr'><strong>aut</strong></span> <span class='ocrx_word' id='word_1_264' title='bbox 285 3176 394 3216; x_wconf 87' lang='lat' dir='ltr'><strong>ejectis</strong></span> <span class='ocrx_word' id='word_1_265' title='bbox 421 3176 581 3218; x_wconf 86' lang='lat' dir='ltr'><strong>prioribus</strong></span> <span class='ocrx_word' id='word_1_266' title='bbox 611 3177 754 3218; x_wconf 89' lang='lat' dir='ltr'><strong>colonis,</strong></span> <span class='ocrx_word' id='word_1_267' title='bbox 773 3187 847 3219; x_wconf 77' lang='lat' dir='ltr'><strong>quae</strong></span> <span class='ocrx_word' id='word_1_268' title='bbox 874 3187 913 3210; x_wconf 86' lang='lat' dir='ltr'><strong>ex</strong></span> <span class='ocrx_word' id='word_1_269' title='bbox 926 3177 1105 3210; x_wconf 84' lang='lat' dir='ltr'><strong>Homericis</strong></span> 
     </span>
     <span class='ocr_line' id='line_1_46' title="bbox 84 3222 1104 3265; baseline 0.002 -13"><span class='ocrx_word' id='word_1_270' title='bbox 84 3222 229 3254; x_wconf 86' lang='lat' dir='ltr'><strong>versibus</strong></span> <span class='ocrx_word' id='word_1_271' title='bbox 250 3225 359 3255; x_wconf 88' lang='lat' dir='ltr'><strong>nostra</strong></span> <span class='ocrx_word' id='word_1_272' title='bbox 381 3224 560 3256; x_wconf 83' lang='lat' dir='ltr'><strong>etiamnum</strong></span> <span class='ocrx_word' id='word_1_273' title='bbox 592 3227 686 3257; x_wconf 83' lang='lat' dir='ltr'><strong>aetate</strong></span> <span class='ocrx_word' id='word_1_274' title='bbox 707 3224 837 3257; x_wconf 83' lang='lat' dir='ltr'><strong>AEolicae</strong></span> <span class='ocrx_word' id='word_1_275' title='bbox 864 3226 1104 3265; x_wconf 87' lang='lat' dir='ltr'><strong>nuncupantur.</strong></span> 
     </span>
     <span class='ocr_line' id='line_1_47' title="bbox 81 3269 1103 3312; baseline 0.002 -12"><span class='ocrx_word' id='word_1_276' title='bbox 81 3269 200 3301; x_wconf 82' lang='lat' dir='ltr'><strong>Earum</strong></span> <span class='ocrx_word' id='word_1_277' title='bbox 215 3279 325 3308; x_wconf 84' lang='lat' dir='ltr'><strong>unam,</strong></span> <span class='ocrx_word' id='word_1_278' title='bbox 343 3271 396 3302; x_wconf 89' lang='lat' dir='ltr'><strong>cui</strong></span> <span class='ocrx_word' id='word_1_279' title='bbox 409 3271 526 3312; x_wconf 84' lang='lat' dir='ltr'><strong>Lipara</strong></span> <span class='ocrx_word' id='word_1_280' title='bbox 539 3281 669 3312; x_wconf 87' lang='lat' dir='ltr'><strong>nomen,</strong></span> <span class='ocrx_word' id='word_1_281' title='bbox 686 3272 765 3304; x_wconf 88' lang='lat' dir='ltr'><strong>urbe</strong></span> <span class='ocrx_word' id='word_1_282' title='bbox 775 3271 906 3304; x_wconf 85' lang='lat' dir='ltr'><strong>condita</strong></span> <span class='ocrx_word' id='word_1_283' title='bbox 918 3271 1081 3303; x_wconf 86' lang='lat' dir='ltr'><strong>incoluere</strong></span> <span class='ocrx_word' id='word_1_284' title='bbox 1096 3281 1103 3302; x_wconf 74' lang='grc' dir='ltr'>ε</span> 
     </span>
     <span class='ocr_line' id='line_1_48' title="bbox 81 3314 1102 3359; baseline 0.003 -13"><span class='ocrx_word' id='word_1_285' title='bbox 81 3314 222 3356; x_wconf 81' lang='lat' dir='ltr'><strong>Hieram,</strong></span> <span class='ocrx_word' id='word_1_286' title='bbox 237 3317 436 3358; x_wconf 81' lang='lat' dir='ltr'><strong>Strongylen,</strong></span> <span class='ocrx_word' id='word_1_287' title='bbox 447 3320 479 3351; x_wconf 87' lang='lat' dir='ltr'><strong>et</strong></span> <span class='ocrx_word' id='word_1_288' title='bbox 491 3318 649 3359; x_wconf 87' lang='lat' dir='ltr'><strong>Didymas</strong></span> <span class='ocrx_word' id='word_1_289' title='bbox 661 3320 701 3351; x_wconf 89' lang='lat' dir='ltr'><strong>ad</strong></span> <span class='ocrx_word' id='word_1_290' title='bbox 715 3320 875 3352; x_wconf 85' lang='lat' dir='ltr'><strong>arationes</strong></span> <span class='ocrx_word' id='word_1_291' title='bbox 886 3321 1102 3357; x_wconf 85' lang='lat' dir='ltr'><strong>reservarunt,</strong></span> 
     </span>
     <span class='ocr_line' id='line_1_49' title="bbox 81 3364 1029 3409; baseline 0.002 -14"><span class='ocrx_word' id='word_1_292' title='bbox 81 3364 113 3396; x_wconf 87' lang='lat' dir='ltr'><strong>et</strong></span> <span class='ocrx_word' id='word_1_293' title='bbox 126 3364 159 3396; x_wconf 91' lang='lat' dir='ltr'><strong>in</strong></span> <span class='ocrx_word' id='word_1_294' title='bbox 171 3373 228 3398; x_wconf 88' lang='lat' dir='ltr'><strong>eas</strong></span> <span class='ocrx_word' id='word_1_295' title='bbox 244 3365 382 3398; x_wconf 86' lang='lat' dir='ltr'><strong>navibus</strong></span> <span class='ocrx_word' id='word_1_296' title='bbox 398 3366 491 3407; x_wconf 60' lang='lat' dir='ltr'><strong>(acri</strong></span> <span class='ocrx_word' id='word_1_297' title='bbox 507 3367 643 3399; x_wconf 67' lang='lat' dir='ltr'><strong>colenda·</strong></span> <span class='ocrx_word' id='word_1_298' title='bbox 659 3368 780 3409; x_wconf 79' lang='lat' dir='ltr'><strong>causa)</strong></span> <span class='ocrx_word' id='word_1_299' title='bbox 798 3367 1029 3399; x_wconf 82' lang='lat' dir='ltr'><strong>transmittunt.</strong></span> 
     </span>
    </p>
   </div>
   <div class='ocr_carea' id='block_1_15' title="bbox 1186 889 2219 992">
    <p class='ocr_par' dir='ltr' id='par_1_17' title="bbox 1186 889 2219 992">
     <span class='ocr_line' id='line_1_50' title="bbox 1186 889 2219 963; baseline 0.01 -36"><span class='ocrx_word' id='word_1_300' title='bbox 1186 889 1318 963; x_wconf 59' lang='lat' dir='ltr'><strong>Steph-</strong></span> <span class='ocrx_word' id='word_1_301' title='bbox 1352 890 1465 942; x_wconf 83' lang='lat' dir='ltr'><strong>Byz.)</strong></span> <span class='ocrx_word' id='word_1_302' title='bbox 1502 894 1714 945; x_wconf 84' lang='grc' dir='ltr'>γεωργοῦσι,</span> <span class='ocrx_word' id='word_1_303' title='bbox 1752 894 1986 941; x_wconf 76' lang='grc' dir='ltr'>διαὸαίνοντες</span> <span class='ocrx_word' id='word_1_304' title='bbox 2029 897 2148 938; x_wconf 81' lang='grc' dir='ltr'>ναυσὶν</span> <span class='ocrx_word' id='word_1_305' title='bbox 2187 900 2219 942; x_wconf 80' lang='grc' dir='ltr'><strong>ἐς</strong></span> 
     </span>
     <span class='ocr_line' id='line_1_51' title="bbox 1187 963 1304 992; baseline 0.026 -7"><span class='ocrx_word' id='word_1_306' title='bbox 1187 963 1304 992; x_wconf 86' lang='grc' dir='ltr'>αυτας.</span> 
     </span>
    </p>
   </div>
   <div class='ocr_carea' id='block_1_16' title="bbox 1631 1017 1776 1028">
    <p class='ocr_par' dir='ltr' id='par_1_18' title="bbox 1631 1017 1776 1028">
     <span class='ocr_line' id='line_1_52' title="bbox 1631 1017 1776 1028; baseline 0.007 -1"><span class='ocrx_word' id='word_1_307' title='bbox 1631 1017 1776 1028; x_wconf 48' lang='lat'>——400—</span> 
     </span>
    </p>
   </div>
   <div class='ocr_carea' id='block_1_17' title="bbox 1178 1188 2217 2314">
    <p class='ocr_par' dir='ltr' id='par_1_19' title="bbox 1178 1188 2217 2129">
     <span class='ocr_line' id='line_1_53' title="bbox 1239 1188 2217 1244; baseline 0.005 -17"><span class='ocrx_word' id='word_1_308' title='bbox 1239 1188 1399 1239; x_wconf 86' lang='lat' dir='ltr'><strong>Dionys.</strong></span> <span class='ocrx_word' id='word_1_309' title='bbox 1430 1188 1515 1227; x_wconf 83' lang='lat' dir='ltr'><strong>Hal.</strong></span> <span class='ocrx_word' id='word_1_310' title='bbox 1548 1191 1592 1227; x_wconf 89' lang='lat' dir='ltr'><strong>A.</strong></span> <span class='ocrx_word' id='word_1_311' title='bbox 1620 1191 1666 1226; x_wconf 87' lang='lat' dir='ltr'><strong>R.</strong></span> <span class='ocrx_word' id='word_1_312' title='bbox 1707 1192 1726 1227; x_wconf 96' lang='lat' dir='ltr'><strong>I</strong></span> <span class='ocrx_word' id='word_1_313' title='bbox 1740 1220 1750 1238; x_wconf 94' lang='lat'>‚</span> <span class='ocrx_word' id='word_1_314' title='bbox 1794 1203 1838 1226; x_wconf 81' lang='lat'><strong>12</strong></span> <span class='ocrx_word' id='word_1_315' title='bbox 1870 1205 1877 1227; x_wconf 94' lang='lat'><strong>:</strong></span> <span class='ocrx_word' id='word_1_316' title='bbox 1920 1190 2090 1244; x_wconf 87' lang='grc' dir='ltr'>Ἀντίοχος</span> <span class='ocrx_word' id='word_1_317' title='bbox 2128 1193 2165 1231; x_wconf 83' lang='grc' dir='ltr'>δὲ</span> <span class='ocrx_word' id='word_1_318' title='bbox 2199 1197 2217 1233; x_wconf 83' lang='grc' dir='ltr'>ὁ</span> 
     </span>
     <span class='ocr_line' id='line_1_54' title="bbox 1187 1246 2216 1301; baseline 0.006 -16"><span class='ocrx_word' id='word_1_319' title='bbox 1187 1246 1445 1301; x_wconf 86' lang='grc' dir='ltr'>Συρακούσιος,</span> <span class='ocrx_word' id='word_1_320' title='bbox 1463 1246 1681 1301; x_wconf 73' lang='grc' dir='ltr'>συγγραφεὺς</span> <span class='ocrx_word' id='word_1_321' title='bbox 1704 1246 1795 1286; x_wconf 83' lang='grc' dir='ltr'>πάνυ</span> <span class='ocrx_word' id='word_1_322' title='bbox 1813 1250 1957 1301; x_wconf 86' lang='grc' dir='ltr'>ἀρχαῖος</span> <span class='ocrx_word' id='word_1_323' title='bbox 1969 1280 1979 1298; x_wconf 93' lang='grc'>,</span> <span class='ocrx_word' id='word_1_324' title='bbox 2009 1251 2043 1288; x_wconf 81' lang='grc' dir='ltr'><strong>ἐν</strong></span> <span class='ocrx_word' id='word_1_325' title='bbox 2063 1250 2216 1296; x_wconf 84' lang='grc' dir='ltr'>Ἰταλίας</span> 
     </span>
     <span class='ocr_line' id='line_1_55' title="bbox 1186 1304 2217 1360; baseline 0.005 -17"><span class='ocrx_word' id='word_1_326' title='bbox 1186 1307 1338 1359; x_wconf 80' lang='grc' dir='ltr'>οἰκισμῷ</span> <span class='ocrx_word' id='word_1_327' title='bbox 1373 1304 1450 1350; x_wconf 72' lang='grc' dir='ltr'>τοὺς</span> <span class='ocrx_word' id='word_1_328' title='bbox 1483 1306 1740 1350; x_wconf 86' lang='grc' dir='ltr'>παλαιοτάτους</span> <span class='ocrx_word' id='word_1_329' title='bbox 1776 1306 1959 1360; x_wconf 81' lang='grc' dir='ltr'>οἰκήτορας</span> <span class='ocrx_word' id='word_1_330' title='bbox 1990 1307 2134 1356; x_wconf 84' lang='grc' dir='ltr'>διεξιὼν,</span> <span class='ocrx_word' id='word_1_331' title='bbox 2171 1314 2217 1355; x_wconf 84' lang='grc' dir='ltr'><strong>ὡς</strong></span> 
     </span>
     <span class='ocr_line' id='line_1_56' title="bbox 1186 1362 2217 1420; baseline 0.005 -18"><span class='ocrx_word' id='word_1_332' title='bbox 1186 1362 1328 1402; x_wconf 80' lang='grc' dir='ltr'>ἕκαστοί</span> <span class='ocrx_word' id='word_1_333' title='bbox 1353 1380 1386 1403; x_wconf 92' lang='grc' dir='ltr'><strong>τι</strong></span> <span class='ocrx_word' id='word_1_334' title='bbox 1415 1362 1518 1418; x_wconf 80' lang='grc' dir='ltr'>μέρος</span> <span class='ocrx_word' id='word_1_335' title='bbox 1549 1366 1655 1413; x_wconf 77' lang='grc' dir='ltr'>αὐτῆς</span> <span class='ocrx_word' id='word_1_336' title='bbox 1683 1371 1862 1418; x_wconf 80' lang='grc' dir='ltr'>κατεῖχον,</span> <span class='ocrx_word' id='word_1_337' title='bbox 1892 1365 2091 1420; x_wconf 81' lang='grc' dir='ltr'>Οἰνωτροὺς</span> <span class='ocrx_word' id='word_1_338' title='bbox 2123 1367 2217 1419; x_wconf 83' lang='grc' dir='ltr'>λέγει</span> 
     </span>
     <span class='ocr_line' id='line_1_57' title="bbox 1184 1422 2216 1478; baseline 0.005 -18"><span class='ocrx_word' id='word_1_339' title='bbox 1184 1422 1343 1476; x_wconf 87' lang='grc' dir='ltr'>πρώτους</span> <span class='ocrx_word' id='word_1_340' title='bbox 1371 1425 1441 1462; x_wconf 81' lang='grc' dir='ltr'><strong>τῶν</strong></span> <span class='ocrx_word' id='word_1_341' title='bbox 1477 1422 1793 1476; x_wconf 80' lang='grc' dir='ltr'>μνημονευομένων</span> <span class='ocrx_word' id='word_1_342' title='bbox 1813 1425 1848 1463; x_wconf 81' lang='grc' dir='ltr'><strong>ἐν</strong></span> <span class='ocrx_word' id='word_1_343' title='bbox 1873 1426 1962 1478; x_wconf 77' lang='grc' dir='ltr'>αὐτῇ</span> <span class='ocrx_word' id='word_1_344' title='bbox 1987 1429 2216 1475; x_wconf 71' lang='grc' dir='ltr'>κατοικῆσαι,</span> 
     </span>
     <span class='ocr_line' id='line_1_58' title="bbox 1183 1475 2215 1539; baseline 0.005 -20"><span class='ocrx_word' id='word_1_345' title='bbox 1183 1479 1291 1520; x_wconf 82' lang='grc' dir='ltr'>εἰπὼν</span> <span class='ocrx_word' id='word_1_346' title='bbox 1305 1475 1383 1520; x_wconf 70' lang='grc' dir='ltr'>ὧδε·</span> <span class='ocrx_word' id='word_1_347' title='bbox 1397 1499 1412 1516; x_wconf 78' lang='grc' dir='ltr'>«ι</span> <span class='ocrx_word' id='word_1_348' title='bbox 1422 1481 1597 1534; x_wconf 87' lang='grc' dir='ltr'>Ἀντίοχος</span> <span class='ocrx_word' id='word_1_349' title='bbox 1607 1482 1823 1535; x_wconf 83' lang='grc' dir='ltr'>Ξενοφάνεος</span> <span class='ocrx_word' id='word_1_350' title='bbox 1834 1483 1919 1522; x_wconf 86' lang='grc' dir='ltr'>τάδε</span> <span class='ocrx_word' id='word_1_351' title='bbox 1930 1483 2125 1539; x_wconf 76' lang='grc' dir='ltr'>συνέγραψε</span> <span class='ocrx_word' id='word_1_352' title='bbox 2137 1487 2215 1539; x_wconf 81' lang='grc' dir='ltr'>περὶ</span> 
     </span>
     <span class='ocr_line' id='line_1_59' title="bbox 1184 1540 2216 1595; baseline 0.005 -15"><span class='ocrx_word' id='word_1_353' title='bbox 1184 1540 1356 1590; x_wconf 85' lang='grc' dir='ltr'>Ἰταλίας,</span> <span class='ocrx_word' id='word_1_354' title='bbox 1377 1543 1417 1580; x_wconf 81' lang='grc' dir='ltr'>ἐκ</span> <span class='ocrx_word' id='word_1_355' title='bbox 1439 1543 1508 1580; x_wconf 78' lang='grc' dir='ltr'><strong>τῶν</strong></span> <span class='ocrx_word' id='word_1_356' title='bbox 1531 1541 1688 1595; x_wconf 86' lang='grc' dir='ltr'>ἀρχαίων</span> <span class='ocrx_word' id='word_1_357' title='bbox 1721 1542 1834 1594; x_wconf 88' lang='grc' dir='ltr'>λόγων</span> <span class='ocrx_word' id='word_1_358' title='bbox 1863 1542 1908 1582; x_wconf 84' lang='grc' dir='ltr'><strong>τὰ</strong></span> <span class='ocrx_word' id='word_1_359' title='bbox 1936 1544 2131 1584; x_wconf 86' lang='grc' dir='ltr'>πιστότατα</span> <span class='ocrx_word' id='word_1_360' title='bbox 2156 1547 2216 1585; x_wconf 86' lang='grc' dir='ltr'><strong>καὶ</strong></span> 
     </span>
     <span class='ocr_line' id='line_1_60' title="bbox 1183 1599 2216 1654; baseline 0.005 -16"><span class='ocrx_word' id='word_1_361' title='bbox 1183 1599 1399 1654; x_wconf 77' lang='grc' dir='ltr'>σαφέστατα.</span> <span class='ocrx_word' id='word_1_362' title='bbox 1422 1599 1500 1648; x_wconf 80' lang='grc' dir='ltr'><strong>Τὴν</strong></span> <span class='ocrx_word' id='word_1_363' title='bbox 1517 1604 1583 1652; x_wconf 72' lang='grc' dir='ltr'><strong>γῆν</strong></span> <span class='ocrx_word' id='word_1_364' title='bbox 1596 1601 1742 1651; x_wconf 78' lang='grc' dir='ltr'>ταύτην,</span> <span class='ocrx_word' id='word_1_365' title='bbox 1764 1601 1840 1649; x_wconf 84' lang='grc' dir='ltr'>ἥτις</span> <span class='ocrx_word' id='word_1_366' title='bbox 1858 1606 1918 1641; x_wconf 92' lang='grc' dir='ltr'><strong>νῦν</strong></span> <span class='ocrx_word' id='word_1_367' title='bbox 1941 1603 2074 1642; x_wconf 86' lang='grc' dir='ltr'>Ἰταλία</span> <span class='ocrx_word' id='word_1_368' title='bbox 2092 1606 2216 1643; x_wconf 86' lang='grc' dir='ltr'>καλεῖ-</span> 
     </span>
     <span class='ocr_line' id='line_1_61' title="bbox 1181 1654 2215 1715; baseline 0.004 -16"><span class='ocrx_word' id='word_1_369' title='bbox 1181 1676 1262 1709; x_wconf 88' lang='grc' dir='ltr'>ται,</span> <span class='ocrx_word' id='word_1_370' title='bbox 1281 1659 1321 1699; x_wconf 81' lang='grc' dir='ltr'><strong>τὸ</strong></span> <span class='ocrx_word' id='word_1_371' title='bbox 1337 1659 1487 1699; x_wconf 84' lang='grc' dir='ltr'>παλαιὸν</span> <span class='ocrx_word' id='word_1_372' title='bbox 1508 1654 1602 1712; x_wconf 65' lang='grc' dir='ltr'>εἶχον</span> <span class='ocrx_word' id='word_1_373' title='bbox 1623 1660 1807 1715; x_wconf 84' lang='grc' dir='ltr'>Οἶνωτροί.</span> <span class='ocrx_word' id='word_1_374' title='bbox 1819 1680 1834 1697; x_wconf 91' lang='lat'>»</span> <span class='ocrx_word' id='word_1_375' title='bbox 1853 1658 2006 1701; x_wconf 85' lang='grc' dir='ltr'>Ἔπειτα</span> <span class='ocrx_word' id='word_1_376' title='bbox 2023 1661 2215 1714; x_wconf 82' lang='grc' dir='ltr'>διεξελθὼν,</span> 
     </span>
     <span class='ocr_line' id='line_1_62' title="bbox 1183 1718 2215 1774; baseline 0.003 -15"><span class='ocrx_word' id='word_1_377' title='bbox 1183 1719 1220 1759; x_wconf 85' lang='grc' dir='ltr'><strong>ὃν</strong></span> <span class='ocrx_word' id='word_1_378' title='bbox 1240 1718 1368 1774; x_wconf 87' lang='grc' dir='ltr'>τρόπον</span> <span class='ocrx_word' id='word_1_379' title='bbox 1395 1719 1637 1758; x_wconf 83' lang='grc' dir='ltr'>ἐπολιτεύοντο</span> <span class='ocrx_word' id='word_1_380' title='bbox 1662 1721 1724 1765; x_wconf 82' lang='grc' dir='ltr'><strong>καὶ</strong></span> <span class='ocrx_word' id='word_1_381' title='bbox 1757 1722 1804 1765; x_wconf 84' lang='grc' dir='ltr'><strong>ὡς</strong></span> <span class='ocrx_word' id='word_1_382' title='bbox 1837 1721 1999 1774; x_wconf 81' lang='grc' dir='ltr'>βασιλεὺς</span> <span class='ocrx_word' id='word_1_383' title='bbox 2028 1723 2063 1761; x_wconf 79' lang='grc' dir='ltr'><strong>ἓν</strong></span> <span class='ocrx_word' id='word_1_384' title='bbox 2099 1724 2215 1768; x_wconf 80' lang='grc' dir='ltr'>αὐτοῖς</span> 
     </span>
     <span class='ocr_line' id='line_1_63' title="bbox 1182 1774 2213 1833; baseline 0.002 -14"><span class='ocrx_word' id='word_1_385' title='bbox 1182 1778 1315 1823; x_wconf 86' lang='grc' dir='ltr'>Ἰταλὸς</span> <span class='ocrx_word' id='word_1_386' title='bbox 1340 1777 1407 1818; x_wconf 80' lang='grc' dir='ltr'><strong>ἀνὰ</strong></span> <span class='ocrx_word' id='word_1_387' title='bbox 1428 1778 1552 1832; x_wconf 89' lang='grc' dir='ltr'>χρόνον</span> <span class='ocrx_word' id='word_1_388' title='bbox 1576 1777 1732 1830; x_wconf 81' lang='grc' dir='ltr'>ἐγένετο,</span> <span class='ocrx_word' id='word_1_389' title='bbox 1750 1779 1809 1833; x_wconf 85' lang='grc' dir='ltr'><strong>ἀφ’</strong></span> <span class='ocrx_word' id='word_1_390' title='bbox 1829 1774 1869 1819; x_wconf 70' lang='grc' dir='ltr'><strong>οἷ</strong></span> <span class='ocrx_word' id='word_1_391' title='bbox 1890 1781 2213 1832; x_wconf 76' lang='grc' dir='ltr'>μετωνομάσθησαν</span> 
     </span>
     <span class='ocr_line' id='line_1_64' title="bbox 1182 1836 2214 1895; baseline 0.001 -17"><span class='ocrx_word' id='word_1_392' title='bbox 1182 1838 1333 1886; x_wconf 85' lang='grc' dir='ltr'>Ἰταλοὶ,</span> <span class='ocrx_word' id='word_1_393' title='bbox 1352 1836 1476 1876; x_wconf 85' lang='grc' dir='ltr'>τούτου</span> <span class='ocrx_word' id='word_1_394' title='bbox 1497 1836 1534 1875; x_wconf 84' lang='grc' dir='ltr'>δὲ</span> <span class='ocrx_word' id='word_1_395' title='bbox 1553 1836 1617 1885; x_wconf 88' lang='grc' dir='ltr'><strong>τὴν</strong></span> <span class='ocrx_word' id='word_1_396' title='bbox 1637 1836 1750 1891; x_wconf 77' lang='grc' dir='ltr'>ἀρχὴν</span> <span class='ocrx_word' id='word_1_397' title='bbox 1772 1836 1917 1892; x_wconf 86' lang='grc' dir='ltr'>Μόργης</span> <span class='ocrx_word' id='word_1_398' title='bbox 1939 1838 2132 1889; x_wconf 82' lang='grc' dir='ltr'>διεδέξατο,</span> <span class='ocrx_word' id='word_1_399' title='bbox 2154 1842 2214 1895; x_wconf 74' lang='grc' dir='ltr'><strong>ἀφ’</strong></span> 
     </span>
     <span class='ocr_line' id='line_1_65' title="bbox 1180 1893 2213 1952; baseline 0.002 -15"><span class='ocrx_word' id='word_1_400' title='bbox 1180 1893 1220 1937; x_wconf 72' lang='grc' dir='ltr'><strong>οῧ</strong></span> <span class='ocrx_word' id='word_1_401' title='bbox 1239 1897 1423 1952; x_wconf 84' lang='grc' dir='ltr'>Μόργητες</span> <span class='ocrx_word' id='word_1_402' title='bbox 1441 1896 1638 1944; x_wconf 79' lang='grc' dir='ltr'>ἐκλήθησαν</span> <span class='ocrx_word' id='word_1_403' title='bbox 1652 1913 1661 1921; x_wconf 86' lang='grc'><em>·</em></span> <span class='ocrx_word' id='word_1_404' title='bbox 1686 1896 1746 1938; x_wconf 80' lang='grc' dir='ltr'><strong>καὶ</strong></span> <span class='ocrx_word' id='word_1_405' title='bbox 1766 1899 1813 1941; x_wconf 83' lang='grc' dir='ltr'><strong>ὡς</strong></span> <span class='ocrx_word' id='word_1_406' title='bbox 1832 1898 1978 1943; x_wconf 80' lang='grc' dir='ltr'>Σικελὸς</span> <span class='ocrx_word' id='word_1_407' title='bbox 2000 1898 2213 1945; x_wconf 80' lang='grc' dir='ltr'>ἐπιξενωθεὶς</span> 
     </span>
     <span class='ocr_line' id='line_1_66' title="bbox 1182 1954 2210 2011; baseline 0.002 -16"><span class='ocrx_word' id='word_1_408' title='bbox 1182 1956 1364 2011; x_wconf 89' lang='grc' dir='ltr'>Μόργητι,</span> <span class='ocrx_word' id='word_1_409' title='bbox 1384 1954 1475 1994; x_wconf 89' lang='grc' dir='ltr'>ἷδίαν</span> <span class='ocrx_word' id='word_1_410' title='bbox 1510 1955 1676 2009; x_wconf 87' lang='grc' dir='ltr'>πράττων</span> <span class='ocrx_word' id='word_1_411' title='bbox 1705 1955 1819 2010; x_wconf 81' lang='grc' dir='ltr'>ἀρχὴν</span> <span class='ocrx_word' id='word_1_412' title='bbox 1850 1956 2011 2004; x_wconf 88' lang='grc' dir='ltr'>διέστησε</span> <span class='ocrx_word' id='word_1_413' title='bbox 2033 1957 2073 1997; x_wconf 86' lang='grc' dir='ltr'><strong>τὸ</strong></span> <span class='ocrx_word' id='word_1_414' title='bbox 2099 1957 2210 2007; x_wconf 86' lang='grc' dir='ltr'>ἔθνος,</span> 
     </span>
     <span class='ocr_line' id='line_1_67' title="bbox 1178 2014 2210 2070; baseline 0.001 -15"><span class='ocrx_word' id='word_1_415' title='bbox 1178 2015 1333 2070; x_wconf 71' lang='grc' dir='ltr'>ἐπιφέρει</span> <span class='ocrx_word' id='word_1_416' title='bbox 1348 2014 1459 2054; x_wconf 89' lang='grc' dir='ltr'>ταυτί·</span> <span class='ocrx_word' id='word_1_417' title='bbox 1477 2031 1491 2047; x_wconf 72' lang='grc' dir='ltr'>τι</span> <span class='ocrx_word' id='word_1_418' title='bbox 1505 2014 1610 2053; x_wconf 79' lang='grc' dir='ltr'>Οὕτω</span> <span class='ocrx_word' id='word_1_419' title='bbox 1628 2014 1664 2054; x_wconf 85' lang='grc' dir='ltr'>δὲ</span> <span class='ocrx_word' id='word_1_420' title='bbox 1684 2014 1825 2054; x_wconf 81' lang='grc' dir='ltr'>Σικελοὶ</span> <span class='ocrx_word' id='word_1_421' title='bbox 1849 2015 1908 2054; x_wconf 88' lang='grc' dir='ltr'><strong>καὶ</strong></span> <span class='ocrx_word' id='word_1_422' title='bbox 1929 2015 2112 2070; x_wconf 84' lang='grc' dir='ltr'>Μόργητες</span> <span class='ocrx_word' id='word_1_423' title='bbox 2131 2017 2210 2069; x_wconf 82' lang='grc' dir='ltr'>ἐγέ-</span> 
     </span>
     <span class='ocr_line' id='line_1_68' title="bbox 1178 2073 1941 2129; baseline -0.003 -14"><span class='ocrx_word' id='word_1_424' title='bbox 1178 2091 1276 2115; x_wconf 94' lang='grc' dir='ltr'>νοντο</span> <span class='ocrx_word' id='word_1_425' title='bbox 1292 2075 1352 2114; x_wconf 76' lang='grc' dir='ltr'><strong>καὶ</strong></span> <span class='ocrx_word' id='word_1_426' title='bbox 1373 2073 1581 2123; x_wconf 86' lang='grc' dir='ltr'>Ἰταλίητες,</span> <span class='ocrx_word' id='word_1_427' title='bbox 1601 2073 1714 2118; x_wconf 80' lang='grc' dir='ltr'>ἐόντες</span> <span class='ocrx_word' id='word_1_428' title='bbox 1728 2074 1912 2129; x_wconf 88' lang='grc' dir='ltr'>Οἰνωτροί.</span> <span class='ocrx_word' id='word_1_429' title='bbox 1927 2094 1941 2109; x_wconf 90' lang='lat'>»</span> 
     </span>
    </p>

    <p class='ocr_par' dir='ltr' id='par_1_20' title="bbox 1178 2198 2207 2314">
     <span class='ocr_line' id='line_1_69' title="bbox 1231 2198 2207 2254; baseline 0.001 -16"><span class='ocrx_word' id='word_1_430' title='bbox 1231 2200 1336 2238; x_wconf 84' lang='lat' dir='ltr'><strong>Idem</strong></span> <span class='ocrx_word' id='word_1_431' title='bbox 1362 2201 1407 2237; x_wconf 91' lang='lat' dir='ltr'><strong>A.</strong></span> <span class='ocrx_word' id='word_1_432' title='bbox 1435 2204 1479 2238; x_wconf 84' lang='lat' dir='ltr'><strong>R.</strong></span> <span class='ocrx_word' id='word_1_433' title='bbox 1508 2203 1539 2247; x_wconf 88' lang='grc' dir='ltr'>Ι,</span> <span class='ocrx_word' id='word_1_434' title='bbox 1561 2200 1607 2236; x_wconf 82' lang='grc'><strong>35</strong></span> <span class='ocrx_word' id='word_1_435' title='bbox 1626 2214 1633 2236; x_wconf 90' lang='lat'>:</span> <span class='ocrx_word' id='word_1_436' title='bbox 1653 2198 1787 2237; x_wconf 90' lang='grc' dir='ltr'>Ἰταλία</span> <span class='ocrx_word' id='word_1_437' title='bbox 1818 2198 1852 2237; x_wconf 80' lang='grc' dir='ltr'>δὲ</span> <span class='ocrx_word' id='word_1_438' title='bbox 1880 2201 1946 2238; x_wconf 85' lang='grc' dir='ltr'><strong>ἀνὰ</strong></span> <span class='ocrx_word' id='word_1_439' title='bbox 1974 2199 2097 2254; x_wconf 83' lang='grc' dir='ltr'>χρόνον</span> <span class='ocrx_word' id='word_1_440' title='bbox 2117 2203 2207 2240; x_wconf 83' lang='grc' dir='ltr'>ὠνο-</span> 
     </span>
     <span class='ocr_line' id='line_1_70' title="bbox 1178 2258 2205 2314; baseline 0.001 -15"><span class='ocrx_word' id='word_1_441' title='bbox 1178 2260 1297 2313; x_wconf 86' lang='grc' dir='ltr'>μάσθη</span> <span class='ocrx_word' id='word_1_442' title='bbox 1326 2259 1384 2298; x_wconf 76' lang='grc' dir='ltr'><strong>ἐπ’</strong></span> <span class='ocrx_word' id='word_1_443' title='bbox 1415 2259 1535 2314; x_wconf 82' lang='grc' dir='ltr'>ἀνδρὸς</span> <span class='ocrx_word' id='word_1_444' title='bbox 1561 2260 1728 2308; x_wconf 82' lang='grc' dir='ltr'>δυνατοῦ,</span> <span class='ocrx_word' id='word_1_445' title='bbox 1755 2258 1866 2311; x_wconf 84' lang='grc' dir='ltr'>ὄνομα</span> <span class='ocrx_word' id='word_1_446' title='bbox 1903 2259 2051 2299; x_wconf 83' lang='grc' dir='ltr'>Ἰταλοῦ.</span> <span class='ocrx_word' id='word_1_447' title='bbox 2071 2263 2205 2302; x_wconf 82' lang='grc' dir='ltr'>Τοῦτον</span> 
     </span>
    </p>
   </div>
   <div class='ocr_carea' id='block_1_18' title="bbox 2043 2353 2183 2361">
    <p class='ocr_par' dir='ltr' id='par_1_21' title="bbox 2043 2353 2183 2361">
     <span class='ocr_line' id='line_1_71' title="bbox 2043 2353 2183 2361; baseline 0 0"><span class='ocrx_word' id='word_1_448' title='bbox 2043 2353 2183 2361; x_wconf 95' lang='lat' dir='ltr'><strong> </strong></span> 
     </span>
    </p>
   </div>
   <div class='ocr_carea' id='block_1_19' title="bbox 1679 2351 1854 2360">
    <p class='ocr_par' dir='ltr' id='par_1_22' title="bbox 1679 2351 1854 2360">
     <span class='ocr_line' id='line_1_72' title="bbox 1679 2351 1854 2360; baseline 0 0"><span class='ocrx_word' id='word_1_449' title='bbox 1679 2351 1854 2360; x_wconf 95' lang='lat' dir='ltr'><strong> </strong></span> 
     </span>
    </p>
   </div>
   <div class='ocr_carea' id='block_1_20' title="bbox 1856 2353 2042 2360">
    <p class='ocr_par' dir='ltr' id='par_1_23' title="bbox 1856 2353 2042 2360">
     <span class='ocr_line' id='line_1_73' title="bbox 1856 2353 2042 2360; baseline 0 0"><span class='ocrx_word' id='word_1_450' title='bbox 1856 2353 2042 2360; x_wconf 95' lang='lat' dir='ltr'><strong> </strong></span> 
     </span>
    </p>
   </div>
   <div class='ocr_carea' id='block_1_21' title="bbox 1398 2405 1973 2449">
    <p class='ocr_par' dir='ltr' id='par_1_24' title="bbox 1398 2405 1973 2449">
     <span class='ocr_line' id='line_1_74' title="bbox 1398 2405 1973 2449; baseline -0.002 -5"><span class='ocrx_word' id='word_1_451' title='bbox 1398 2406 1467 2444; x_wconf 90' lang='lat' dir='ltr'><strong>EX</strong></span> <span class='ocrx_word' id='word_1_452' title='bbox 1497 2405 1689 2444; x_wconf 91' lang='lat' dir='ltr'><strong>ITALIAE</strong></span> <span class='ocrx_word' id='word_1_453' title='bbox 1717 2405 1973 2449; x_wconf 86' lang='lat' dir='ltr'><strong>HISTORIA.</strong></span> 
     </span>
    </p>
   </div>
   <div class='ocr_carea' id='block_1_22' title="bbox 1666 2491 1701 2523">
    <p class='ocr_par' dir='ltr' id='par_1_25' title="bbox 1666 2491 1701 2523">
     <span class='ocr_line' id='line_1_75' title="bbox 1666 2491 1701 2523; baseline 0 0"><span class='ocrx_word' id='word_1_454' title='bbox 1666 2491 1701 2523; x_wconf 85' lang='lat'><strong>3.</strong></span> 
     </span>
    </p>
   </div>
   <div class='ocr_carea' id='block_1_23' title="bbox 1164 2547 2201 3241">
    <p class='ocr_par' dir='ltr' id='par_1_26' title="bbox 1164 2547 2201 3241">
     <span class='ocr_line' id='line_1_76' title="bbox 1212 2547 2201 2590; baseline 0.002 -8"><span class='ocrx_word' id='word_1_455' title='bbox 1212 2549 1391 2582; x_wconf 89' lang='lat' dir='ltr'><strong>Antiochus</strong></span> <span class='ocrx_word' id='word_1_456' title='bbox 1408 2550 1650 2589; x_wconf 86' lang='lat' dir='ltr'><strong>Syracusanus,</strong></span> <span class='ocrx_word' id='word_1_457' title='bbox 1673 2547 1920 2588; x_wconf 87' lang='lat' dir='ltr'><strong>antiquissimus</strong></span> <span class='ocrx_word' id='word_1_458' title='bbox 1937 2548 2128 2590; x_wconf 81' lang='lat' dir='ltr'><strong>historicus,</strong></span> <span class='ocrx_word' id='word_1_459' title='bbox 2147 2551 2201 2584; x_wconf 91' lang='lat' dir='ltr'><strong>ubi</strong></span> 
     </span>
     <span class='ocr_line' id='line_1_77' title="bbox 1170 2593 2199 2637; baseline 0.001 -8"><span class='ocrx_word' id='word_1_460' title='bbox 1170 2597 1210 2629; x_wconf 91' lang='lat' dir='ltr'><strong>de</strong></span> <span class='ocrx_word' id='word_1_461' title='bbox 1225 2596 1315 2629; x_wconf 82' lang='lat' dir='ltr'><strong>ltalia</strong></span> <span class='ocrx_word' id='word_1_462' title='bbox 1331 2595 1463 2628; x_wconf 87' lang='lat' dir='ltr'><strong>condita</strong></span> <span class='ocrx_word' id='word_1_463' title='bbox 1475 2595 1550 2636; x_wconf 86' lang='lat' dir='ltr'><strong>agit,</strong></span> <span class='ocrx_word' id='word_1_464' title='bbox 1567 2595 1692 2626; x_wconf 88' lang='lat' dir='ltr'><strong>veteres</strong></span> <span class='ocrx_word' id='word_1_465' title='bbox 1708 2593 1839 2626; x_wconf 72' lang='lat' dir='ltr'><strong>colenos</strong></span> <span class='ocrx_word' id='word_1_466' title='bbox 1866 2603 2043 2634; x_wconf 80' lang='lat' dir='ltr'><strong>recensens,</strong></span> <span class='ocrx_word' id='word_1_467' title='bbox 2059 2598 2090 2627; x_wconf 91' lang='lat' dir='ltr'><strong>et</strong></span> <span class='ocrx_word' id='word_1_468' title='bbox 2103 2606 2199 2637; x_wconf 90' lang='lat' dir='ltr'><strong>quam</strong></span> 
     </span>
     <span class='ocr_line' id='line_1_78' title="bbox 1169 2641 2200 2685; baseline -0.002 -9"><span class='ocrx_word' id='word_1_469' title='bbox 1169 2645 1239 2684; x_wconf 87' lang='lat' dir='ltr'><strong>ejus</strong></span> <span class='ocrx_word' id='word_1_470' title='bbox 1251 2645 1375 2685; x_wconf 86' lang='lat' dir='ltr'><strong>partem</strong></span> <span class='ocrx_word' id='word_1_471' title='bbox 1391 2642 1508 2683; x_wconf 85' lang='lat' dir='ltr'><strong>singuli</strong></span> <span class='ocrx_word' id='word_1_472' title='bbox 1524 2641 1722 2682; x_wconf 80' lang='lat' dir='ltr'><strong>occuparint,</strong></span> <span class='ocrx_word' id='word_1_473' title='bbox 1740 2643 1895 2672; x_wconf 85' lang='lat' dir='ltr'><strong>OEnotros</strong></span> <span class='ocrx_word' id='word_1_474' title='bbox 1920 2641 1964 2672; x_wconf 87' lang='lat' dir='ltr'><strong>ait</strong></span> <span class='ocrx_word' id='word_1_475' title='bbox 1991 2642 2113 2682; x_wconf 84' lang='lat' dir='ltr'><strong>primos</strong></span> <span class='ocrx_word' id='word_1_476' title='bbox 2127 2648 2200 2685; x_wconf 83' lang='lat' dir='ltr'><strong>post</strong></span> 
     </span>
     <span class='ocr_line' id='line_1_79' title="bbox 1169 2688 2196 2724; baseline 0.001 -1"><span class='ocrx_word' id='word_1_477' title='bbox 1169 2691 1338 2723; x_wconf 90' lang='lat' dir='ltr'><strong>hominum</strong></span> <span class='ocrx_word' id='word_1_478' title='bbox 1364 2689 1553 2722; x_wconf 86' lang='lat' dir='ltr'><strong>memoriam</strong></span> <span class='ocrx_word' id='word_1_479' title='bbox 1582 2689 1615 2720; x_wconf 92' lang='lat' dir='ltr'><strong>in</strong></span> <span class='ocrx_word' id='word_1_480' title='bbox 1631 2697 1669 2720; x_wconf 90' lang='lat' dir='ltr'><strong>ea</strong></span> <span class='ocrx_word' id='word_1_481' title='bbox 1698 2688 1859 2719; x_wconf 82' lang='lat' dir='ltr'><strong>habitasse</strong></span> <span class='ocrx_word' id='word_1_482' title='bbox 1878 2697 1885 2718; x_wconf 76' lang='grc' dir='ltr'><strong><em>ε</em></strong></span> <span class='ocrx_word' id='word_1_483' title='bbox 1904 2688 1952 2718; x_wconf 84' lang='lat' dir='ltr'><strong>sic</strong></span> <span class='ocrx_word' id='word_1_484' title='bbox 1973 2691 2081 2720; x_wconf 86' lang='lat' dir='ltr'><strong>autem</strong></span> <span class='ocrx_word' id='word_1_485' title='bbox 2109 2690 2163 2723; x_wconf 90' lang='lat' dir='ltr'><strong>ille</strong></span> <span class='ocrx_word' id='word_1_486' title='bbox 2188 2703 2196 2724; x_wconf 76' lang='grc' dir='ltr'>ε</span> 
     </span>
     <span class='ocr_line' id='line_1_80' title="bbox 1171 2735 2198 2778; baseline -0.009 -6"><span class='ocrx_word' id='word_1_487' title='bbox 1171 2753 1186 2767; x_wconf 89' lang='lat'>«</span> <span class='ocrx_word' id='word_1_488' title='bbox 1201 2739 1377 2772; x_wconf 86' lang='lat' dir='ltr'><strong>Antiochus</strong></span> <span class='ocrx_word' id='word_1_489' title='bbox 1392 2736 1599 2778; x_wconf 88' lang='lat' dir='ltr'><strong>Xenophanis</strong></span> <span class='ocrx_word' id='word_1_490' title='bbox 1612 2736 1696 2767; x_wconf 86' lang='lat' dir='ltr'><strong>filius</strong></span> <span class='ocrx_word' id='word_1_491' title='bbox 1706 2736 1775 2767; x_wconf 83' lang='lat' dir='ltr'><strong>haec</strong></span> <span class='ocrx_word' id='word_1_492' title='bbox 1788 2735 1827 2766; x_wconf 92' lang='lat' dir='ltr'><strong>de</strong></span> <span class='ocrx_word' id='word_1_493' title='bbox 1837 2735 1928 2767; x_wconf 84' lang='lat' dir='ltr'><strong>Italia</strong></span> <span class='ocrx_word' id='word_1_494' title='bbox 1941 2736 2082 2777; x_wconf 73' lang='lat' dir='ltr'><strong>scripsit,</strong></span> <span class='ocrx_word' id='word_1_495' title='bbox 2093 2747 2132 2770; x_wconf 90' lang='lat' dir='ltr'><strong>ex</strong></span> <span class='ocrx_word' id='word_1_496' title='bbox 2146 2749 2198 2772; x_wconf 86' lang='lat' dir='ltr'><strong>ve.</strong></span> 
     </span>
     <span class='ocr_line' id='line_1_81' title="bbox 1167 2781 2197 2824; baseline -0.001 -5"><span class='ocrx_word' id='word_1_497' title='bbox 1167 2788 1274 2819; x_wconf 82' lang='lat' dir='ltr'><strong>terum</strong></span> <span class='ocrx_word' id='word_1_498' title='bbox 1291 2785 1510 2817; x_wconf 87' lang='lat' dir='ltr'><strong>monumentis</strong></span> <span class='ocrx_word' id='word_1_499' title='bbox 1531 2792 1568 2815; x_wconf 87' lang='lat' dir='ltr'><strong>ea</strong></span> <span class='ocrx_word' id='word_1_500' title='bbox 1586 2792 1660 2824; x_wconf 81' lang='lat' dir='ltr'><strong>quac</strong></span> <span class='ocrx_word' id='word_1_501' title='bbox 1676 2783 1738 2814; x_wconf 85' lang='lat' dir='ltr'><strong>fide</strong></span> <span class='ocrx_word' id='word_1_502' title='bbox 1760 2781 1949 2822; x_wconf 86' lang='lat' dir='ltr'><strong>dignissima</strong></span> <span class='ocrx_word' id='word_1_503' title='bbox 1965 2785 1997 2814; x_wconf 90' lang='lat' dir='ltr'><strong>et</strong></span> <span class='ocrx_word' id='word_1_504' title='bbox 2014 2784 2197 2819; x_wconf 80' lang='lat' dir='ltr'><strong>cei-tissima</strong></span> 
     </span>
     <span class='ocr_line' id='line_1_82' title="bbox 1167 2827 2195 2871; baseline 0 -6"><span class='ocrx_word' id='word_1_505' title='bbox 1167 2836 1268 2865; x_wconf 77' lang='lat' dir='ltr'><strong>erant.</strong></span> <span class='ocrx_word' id='word_1_506' title='bbox 1286 2835 1377 2865; x_wconf 87' lang='lat' dir='ltr'><strong>Hanc</strong></span> <span class='ocrx_word' id='word_1_507' title='bbox 1394 2831 1555 2871; x_wconf 87' lang='lat' dir='ltr'><strong>regionem</strong></span> <span class='ocrx_word' id='word_1_508' title='bbox 1572 2838 1644 2870; x_wconf 83' lang='lat' dir='ltr'><strong>quae</strong></span> <span class='ocrx_word' id='word_1_509' title='bbox 1660 2837 1746 2860; x_wconf 90' lang='lat' dir='ltr'><strong>nunc</strong></span> <span class='ocrx_word' id='word_1_510' title='bbox 1768 2827 1860 2859; x_wconf 87' lang='lat' dir='ltr'><strong>Italia</strong></span> <span class='ocrx_word' id='word_1_511' title='bbox 1879 2831 2032 2869; x_wconf 89' lang='lat' dir='ltr'><strong>vocatur,</strong></span> <span class='ocrx_word' id='word_1_512' title='bbox 2053 2830 2130 2863; x_wconf 89' lang='lat' dir='ltr'><strong>olim</strong></span> <span class='ocrx_word' id='word_1_513' title='bbox 2153 2835 2195 2865; x_wconf 90' lang='lat' dir='ltr'><strong>te-</strong></span> 
     </span>
     <span class='ocr_line' id='line_1_83' title="bbox 1166 2876 2195 2920; baseline -0.002 -9"><span class='ocrx_word' id='word_1_514' title='bbox 1166 2881 1307 2911; x_wconf 87' lang='lat' dir='ltr'><strong>nuerunt</strong></span> <span class='ocrx_word' id='word_1_515' title='bbox 1320 2877 1482 2909; x_wconf 79' lang='lat' dir='ltr'><strong>OEnotri.»</strong></span> <span class='ocrx_word' id='word_1_516' title='bbox 1495 2876 1617 2908; x_wconf 87' lang='lat' dir='ltr'><strong>Deinde</strong></span> <span class='ocrx_word' id='word_1_517' title='bbox 1632 2877 1803 2915; x_wconf 85' lang='lat' dir='ltr'><strong>postquam</strong></span> <span class='ocrx_word' id='word_1_518' title='bbox 1815 2876 2080 2908; x_wconf 85' lang='lat' dir='ltr'><strong>commemoravit</strong></span> <span class='ocrx_word' id='word_1_519' title='bbox 2093 2879 2195 2920; x_wconf 87' lang='lat' dir='ltr'><strong>reipu-</strong></span> 
     </span>
     <span class='ocr_line' id='line_1_84' title="bbox 1167 2921 2194 2967; baseline -0.001 -9"><span class='ocrx_word' id='word_1_520' title='bbox 1167 2926 1307 2967; x_wconf 72' lang='lat' dir='ltr'><strong>publicae</strong></span> <span class='ocrx_word' id='word_1_521' title='bbox 1321 2925 1458 2956; x_wconf 84' lang='lat' dir='ltr'><strong>sormam</strong></span> <span class='ocrx_word' id='word_1_522' title='bbox 1474 2932 1539 2963; x_wconf 84' lang='lat' dir='ltr'><strong>qua</strong></span> <span class='ocrx_word' id='word_1_523' title='bbox 1553 2922 1744 2960; x_wconf 76' lang='lat' dir='ltr'><strong>utebantur,</strong></span> <span class='ocrx_word' id='word_1_524' title='bbox 1756 2923 1788 2952; x_wconf 87' lang='lat' dir='ltr'><strong>et</strong></span> <span class='ocrx_word' id='word_1_525' title='bbox 1808 2921 1925 2953; x_wconf 88' lang='lat' dir='ltr'><strong>Italum</strong></span> <span class='ocrx_word' id='word_1_526' title='bbox 1940 2922 1979 2953; x_wconf 89' lang='lat' dir='ltr'><strong>ad</strong></span> <span class='ocrx_word' id='word_1_527' title='bbox 1997 2925 2127 2965; x_wconf 88' lang='lat' dir='ltr'><strong>tempus</strong></span> <span class='ocrx_word' id='word_1_528' title='bbox 2149 2934 2194 2958; x_wconf 89' lang='lat' dir='ltr'><strong>re-</strong></span> 
     </span>
     <span class='ocr_line' id='line_1_85' title="bbox 1166 2969 2192 3016; baseline -0.002 -10"><span class='ocrx_word' id='word_1_529' title='bbox 1166 2983 1237 3016; x_wconf 90' lang='lat' dir='ltr'><strong>gem</strong></span> <span class='ocrx_word' id='word_1_530' title='bbox 1257 2982 1368 3006; x_wconf 85' lang='lat' dir='ltr'><strong>eorum</strong></span> <span class='ocrx_word' id='word_1_531' title='bbox 1386 2972 1494 3010; x_wconf 87' lang='lat' dir='ltr'><strong>fuisse,</strong></span> <span class='ocrx_word' id='word_1_532' title='bbox 1510 2980 1612 3011; x_wconf 87' lang='lat' dir='ltr'><strong>aquo,</strong></span> <span class='ocrx_word' id='word_1_533' title='bbox 1628 2972 1754 3001; x_wconf 87' lang='lat' dir='ltr'><strong>mutato</strong></span> <span class='ocrx_word' id='word_1_534' title='bbox 1767 2970 1907 3010; x_wconf 90' lang='lat' dir='ltr'><strong>nomine,</strong></span> <span class='ocrx_word' id='word_1_535' title='bbox 1920 2969 1998 3002; x_wconf 85' lang='lat' dir='ltr'><strong>dicti</strong></span> <span class='ocrx_word' id='word_1_536' title='bbox 2012 2973 2089 3003; x_wconf 89' lang='lat' dir='ltr'><strong>sunt</strong></span> <span class='ocrx_word' id='word_1_537' title='bbox 2099 2973 2192 3013; x_wconf 88' lang='lat' dir='ltr'><strong>ltali;</strong></span> 
     </span>
     <span class='ocr_line' id='line_1_86' title="bbox 1166 3017 2192 3061; baseline -0.003 -7"><span class='ocrx_word' id='word_1_538' title='bbox 1166 3023 1242 3054; x_wconf 86' lang='lat' dir='ltr'><strong>huic</strong></span> <span class='ocrx_word' id='word_1_539' title='bbox 1254 3023 1361 3053; x_wconf 85' lang='lat' dir='ltr'><strong>autem</strong></span> <span class='ocrx_word' id='word_1_540' title='bbox 1376 3022 1550 3059; x_wconf 71' lang='lat' dir='ltr'><strong>Mon-getem</strong></span> <span class='ocrx_word' id='word_1_541' title='bbox 1566 3017 1772 3057; x_wconf 83' lang='lat' dir='ltr'><strong>successisse,</strong></span> <span class='ocrx_word' id='word_1_542' title='bbox 1791 3025 1810 3051; x_wconf 87' lang='lat' dir='ltr'><strong>a</strong></span> <span class='ocrx_word' id='word_1_543' title='bbox 1825 3025 1890 3057; x_wconf 90' lang='lat' dir='ltr'><strong>quo</strong></span> <span class='ocrx_word' id='word_1_544' title='bbox 1912 3019 2070 3058; x_wconf 88' lang='lat' dir='ltr'><strong>Morgetes</strong></span> <span class='ocrx_word' id='word_1_545' title='bbox 2087 3020 2192 3061; x_wconf 88' lang='lat' dir='ltr'><strong>appel-</strong></span> 
     </span>
     <span class='ocr_line' id='line_1_87' title="bbox 1165 3064 2191 3108; baseline -0.003 -7"><span class='ocrx_word' id='word_1_546' title='bbox 1165 3069 1222 3103; x_wconf 84' lang='lat' dir='ltr'><strong>lati</strong></span> <span class='ocrx_word' id='word_1_547' title='bbox 1242 3080 1251 3108; x_wconf 87' lang='lat'>;</span> <span class='ocrx_word' id='word_1_548' title='bbox 1270 3070 1302 3100; x_wconf 87' lang='lat' dir='ltr'><strong>et</strong></span> <span class='ocrx_word' id='word_1_549' title='bbox 1319 3066 1461 3103; x_wconf 84' lang='lat' dir='ltr'><strong>Siculum</strong></span> <span class='ocrx_word' id='word_1_550' title='bbox 1476 3074 1494 3096; x_wconf 85' lang='lat' dir='ltr'><strong>a</strong></span> <span class='ocrx_word' id='word_1_551' title='bbox 1513 3067 1653 3105; x_wconf 82' lang='lat' dir='ltr'><strong>Morgete</strong></span> <span class='ocrx_word' id='word_1_552' title='bbox 1668 3064 1808 3104; x_wconf 86' lang='lat' dir='ltr'><strong>hospitio</strong></span> <span class='ocrx_word' id='word_1_553' title='bbox 1824 3067 2006 3105; x_wconf 82' lang='lat' dir='ltr'><strong>exceptum,</strong></span> <span class='ocrx_word' id='word_1_554' title='bbox 2022 3065 2100 3097; x_wconf 91' lang='lat' dir='ltr'><strong>dum</strong></span> <span class='ocrx_word' id='word_1_555' title='bbox 2121 3075 2191 3107; x_wconf 89' lang='lat' dir='ltr'><strong>pro-</strong></span> 
     </span>
     <span class='ocr_line' id='line_1_88' title="bbox 1164 3111 2190 3156; baseline 0 -10"><span class='ocrx_word' id='word_1_556' title='bbox 1164 3116 1271 3156; x_wconf 86' lang='lat' dir='ltr'><strong>prium</strong></span> <span class='ocrx_word' id='word_1_557' title='bbox 1285 3114 1345 3146; x_wconf 86' lang='lat' dir='ltr'><strong>sibi</strong></span> <span class='ocrx_word' id='word_1_558' title='bbox 1359 3112 1528 3153; x_wconf 85' lang='lat' dir='ltr'><strong>imperium</strong></span> <span class='ocrx_word' id='word_1_559' title='bbox 1542 3111 1650 3152; x_wconf 87' lang='lat' dir='ltr'><strong>struit,</strong></span> <span class='ocrx_word' id='word_1_560' title='bbox 1668 3114 1793 3152; x_wconf 84' lang='lat' dir='ltr'><strong>gentem</strong></span> <span class='ocrx_word' id='word_1_561' title='bbox 1810 3111 1963 3143; x_wconf 87' lang='lat' dir='ltr'><strong>divisisse</strong></span> <span class='ocrx_word' id='word_1_562' title='bbox 1980 3121 1988 3143; x_wconf 92' lang='lat'>:</span> <span class='ocrx_word' id='word_1_563' title='bbox 2007 3112 2077 3144; x_wconf 81' lang='lat' dir='ltr'><strong>haec</strong></span> <span class='ocrx_word' id='word_1_564' title='bbox 2090 3113 2190 3155; x_wconf 84' lang='lat' dir='ltr'><strong>subji-</strong></span> 
     </span>
     <span class='ocr_line' id='line_1_89' title="bbox 1165 3158 2189 3203; baseline 0 -9"><span class='ocrx_word' id='word_1_565' title='bbox 1165 3163 1209 3194; x_wconf 92' lang='lat' dir='ltr'><strong>cit</strong></span> <span class='ocrx_word' id='word_1_566' title='bbox 1226 3172 1233 3193; x_wconf 95' lang='lat'>:</span> <span class='ocrx_word' id='word_1_567' title='bbox 1254 3175 1269 3189; x_wconf 85' lang='lat'>«</span> <span class='ocrx_word' id='word_1_568' title='bbox 1283 3163 1332 3193; x_wconf 84' lang='lat' dir='ltr'><strong>lta</strong></span> <span class='ocrx_word' id='word_1_569' title='bbox 1342 3160 1439 3201; x_wconf 85' lang='lat' dir='ltr'><strong>igitur</strong></span> <span class='ocrx_word' id='word_1_570' title='bbox 1453 3158 1571 3198; x_wconf 85' lang='lat' dir='ltr'><strong>Siculi,</strong></span> <span class='ocrx_word' id='word_1_571' title='bbox 1589 3161 1621 3191; x_wconf 86' lang='lat' dir='ltr'><strong>et</strong></span> <span class='ocrx_word' id='word_1_572' title='bbox 1633 3160 1810 3200; x_wconf 83' lang='lat' dir='ltr'><strong>Morgetes‚</strong></span> <span class='ocrx_word' id='word_1_573' title='bbox 1825 3161 1856 3191; x_wconf 87' lang='lat' dir='ltr'><strong>et</strong></span> <span class='ocrx_word' id='word_1_574' title='bbox 1875 3158 1948 3191; x_wconf 86' lang='lat' dir='ltr'><strong>Itali</strong></span> <span class='ocrx_word' id='word_1_575' title='bbox 1964 3159 2117 3202; x_wconf 80' lang='lat' dir='ltr'><strong>fuerunt,</strong></span> <span class='ocrx_word' id='word_1_576' title='bbox 2133 3162 2189 3203; x_wconf 92' lang='lat' dir='ltr'><strong>qui</strong></span> 
     </span>
     <span class='ocr_line' id='line_1_90' title="bbox 1164 3207 1448 3241; baseline -0.011 0"><span class='ocrx_word' id='word_1_577' title='bbox 1164 3211 1254 3241; x_wconf 87' lang='lat' dir='ltr'><strong>erant</strong></span> <span class='ocrx_word' id='word_1_578' title='bbox 1269 3207 1411 3239; x_wconf 88' lang='lat' dir='ltr'><strong>OEnotri.</strong></span> <span class='ocrx_word' id='word_1_579' title='bbox 1433 3219 1448 3234; x_wconf 78' lang='grc' dir='ltr'>υ</span> 
     </span>
    </p>
   </div>
   <div class='ocr_carea' id='block_1_24' title="bbox 1165 3317 2185 3406">
    <p class='ocr_par' dir='ltr' id='par_1_27' title="bbox 1165 3317 2185 3406">
     <span class='ocr_line' id='line_1_91' title="bbox 1206 3317 2185 3359; baseline 0 -9"><span class='ocrx_word' id='word_1_580' title='bbox 1206 3320 1319 3350; x_wconf 84' lang='lat' dir='ltr'><strong>Postea</strong></span> <span class='ocrx_word' id='word_1_581' title='bbox 1336 3320 1441 3350; x_wconf 87' lang='lat' dir='ltr'><strong>tamen</strong></span> <span class='ocrx_word' id='word_1_582' title='bbox 1458 3317 1610 3358; x_wconf 87' lang='lat' dir='ltr'><strong>temporis</strong></span> <span class='ocrx_word' id='word_1_583' title='bbox 1626 3326 1797 3359; x_wconf 86' lang='lat' dir='ltr'><strong>progressu</strong></span> <span class='ocrx_word' id='word_1_584' title='bbox 1811 3317 1904 3350; x_wconf 87' lang='lat' dir='ltr'><strong>Italia</strong></span> <span class='ocrx_word' id='word_1_585' title='bbox 1920 3321 2034 3350; x_wconf 87' lang='lat' dir='ltr'><strong>vocata</strong></span> <span class='ocrx_word' id='word_1_586' title='bbox 2049 3321 2108 3359; x_wconf 85' lang='lat' dir='ltr'><strong>est,</strong></span> <span class='ocrx_word' id='word_1_587' title='bbox 2124 3319 2185 3350; x_wconf 88' lang='lat' dir='ltr'><strong>sub</strong></span> 
     </span>
     <span class='ocr_line' id='line_1_92' title="bbox 1165 3365 2184 3406; baseline 0.002 -11"><span class='ocrx_word' id='word_1_588' title='bbox 1165 3366 1234 3398; x_wconf 85' lang='lat' dir='ltr'><strong>viro</strong></span> <span class='ocrx_word' id='word_1_589' title='bbox 1248 3365 1454 3406; x_wconf 76' lang='lat' dir='ltr'><strong>praepotente,</strong></span> <span class='ocrx_word' id='word_1_590' title='bbox 1475 3365 1528 3396; x_wconf 86' lang='lat' dir='ltr'><strong>cui</strong></span> <span class='ocrx_word' id='word_1_591' title='bbox 1543 3373 1660 3397; x_wconf 87' lang='lat' dir='ltr'><strong>nomen</strong></span> <span class='ocrx_word' id='word_1_592' title='bbox 1674 3367 1741 3397; x_wconf 89' lang='lat' dir='ltr'><strong>erat</strong></span> <span class='ocrx_word' id='word_1_593' title='bbox 1757 3365 1866 3397; x_wconf 83' lang='lat' dir='ltr'><strong>Italus.</strong></span> <span class='ocrx_word' id='word_1_594' title='bbox 1885 3365 2061 3398; x_wconf 83' lang='lat' dir='ltr'><strong>Antiochus</strong></span> <span class='ocrx_word' id='word_1_595' title='bbox 2077 3368 2184 3403; x_wconf 80' lang='lat' dir='ltr'><strong>autem</strong></span> 
     </span>
    </p>
   </div>
  </div>
 </body>
</html>
