2320 3684
161 169 236 202 400

159 247 402 294 Philochori‚
421 246 487 284 sed
507 245 723 284 Scholiastae
741 242 880 291 verba,
900 244 967 293 qui
985 243 1183 293 Thucydi-

161 309 249 347 dem
259 308 421 347 Melesiae
434 306 555 344 filium
565 318 650 350 cum
661 302 883 352 Thucydide
895 303 1078 341 historico
1089 316 1185 340 con-

163 368 271 407 fudit.

640 415 704 453 96.

213 482 440 530 Harpocrat.
453 490 489 513 v.
506 473 696 513 Λύκειον.
715 472 886 512 ,²¹Evvs5v
897 473 979 526 παρ’
994 473 1185 520 Ἀθηναίοις

160 536 360 611 γυμνασίων
386 534 459 573 ἐστι
487 533 527 572 τὸ
547 532 705 584 Λύκειον,
726 531 744 571 ὃ
769 530 981 584 Θεόπομπος
1006 531 1104 605 μὲν’
1089 547 1124 570 εν
1141 535 1184 583 τῇ

160 612 206 634 κα
210 594 488 647 Πεισίστρατον
525 594 690 640 ποιῆσαι,
722 589 920 645 Φιλόχορος
947 589 983 628 δὲ
1002 591 1036 628 ἐν
1056 594 1099 643 τῇ
1125 606 1163 629 τε
1165 613 1184 620 -

159 653 269 706 τάρτῃ
303 650 514 705 Περικλέους
552 649 655 704 φησιν
700 651 964 693 ἐπιστατοῦντος
1003 647 1088 687 αὐτὸ
1123 664 1185 699 γε-

158 711 289 750 νέσθαι.

399 773 463 812 97.
493 774 661 825 [Olymp.
676 775 876 822 LXXXV,
897 773 948 824 3.]

213 835 340 873 Schol.
357 835 473 874 Arist.
490 838 578 872 Pac.
595 833 670 871 605
689 848 697 870 ε
714 831 912 886 Φιλόχορος
930 832 987 871 ἐπὶ
1002 831 1186 886 Θεοδώρου

159 894 228 941 (sic
242 894 419 939 Palmer.;
433 893 634 944 legebatur
657 890 877 945 Πυθοδώρου)
895 890 1061 946 ἄρχοντος
1077 891 1188 930 ταῦτά

159 968 256 1006 φησι·
278 951 373 991 «Καὶ
389 951 430 990 τὸ
446 950 591 1003 ἄγαλμα
606 950 646 989 τὸ
662 953 814 1004 χρυσοῦν
826 953 888 998 τῆς
903 950 1048 998 Ἀθηνᾶς
1058 951 1186 998 ἐστάθη

159 1014 207 1055 εἷς
236 1011 295 1050 τὸν
324 1011 410 1049 νεὼν
444 1010 502 1049 τὸν
524 1010 633 1062 μέγαν
647 1040 657 1059 ,
685 1010 764 1062 ἔχον
787 1009 933 1063 χρυσίου
953 1010 1107 1061 σταθμὸν
1127 1026 1190 1049 τα-

158 1070 296 1109 λάντων
323 1069 395 1121 μδ’,
425 1068 638 1124 Περικλέους
661 1069 946 1117 ἐπιστατοῦντος,
979 1069 1124 1108 Φειδίου
1153 1068 1189 1108 δὲ

158 1129 379 1176 ποιήσαντος.
401 1127 471 1168 Και
492 1127 638 1171 Φειδίας
654 1131 672 1166 ὃ
690 1127 856 1176 ποιήσας,
875 1126 973 1172 δόξας
996 1129 1190 1182 παραλογί-

159 1191 277 1234 ζεσθαι
290 1204 348 1227 τον
362 1187 542 1261 ἐλέφαντα
560 1187 618 1226 τὸν
645 1188 691 1230 εἷς
709 1186 771 1231 τὰς
788 1186 950 1240 φολίδας,
969 1187 1100 1240 ἐκρίθη.
1118 1188 1190 1227 Καὶ

159 1246 278 1302 φυγὼν
299 1249 348 1291 εἷς
362 1240 469 1285 γΗλιν
486 1245 776 1300 ἐργολαὸησαιτὸ
795 1245 939 1296 ἄγαλμα
952 1248 1013 1283 τοῦ
1029 1245 1110 1290 Διὸς
1129 1249 1190 1284 τοῦ

159 1309 195 1344 ἐν
217 1305 401 1359 Ολυμπία
421 1304 572 1357 λέγεται.
601 1306 716 1343 Τοῦτο
745 1303 782 1342 δὲ
802 1303 1073 1357 ἐξεργασάμενος
1098 1306 1191 1343 ἀπο-

160 1369 274 1404 θανεῖν
299 1364 367 1403 υπὸ
387 1364 570 1404 Ἠλείων’
555 1364 612 1402 επὶ
627 1362 839 1416 Πυθοδώρου
859 1365 929 1414 (Slc
942 1364 1059 1402 Palm.
1074 1364 1192 1413 vulgo

161 1425 285 1476 Σκυθ.)
299 1423 335 1468 ὅς
353 1425 446 1462 ἐστιν
471 1423 540 1461 ἀπὸ
556 1422 679 1461 τούτου
698 1422 853 1473 ἔὸδομος.
928 1421 1120 1470 ὃΦειδίας,
1146 1424 1192 1465 ὡς

160 1480 359 1537 Φιλόχορός
387 1498 505 1534 φησιν,
523 1481 580 1519 ἐπὶ
594 1479 819 1555 Θεοδώρου
796 1495 963 1533 αρχοντος
984 1480 1023 1519 τὸ
1049 1480 1193 1532 ἄγαλμα

159 1545 222 1588 τῆς
241 1542 384 1588 Ἀθηνᾶς
415 1539 684 1584 κατασκευάσας
715 1542 778 1593 υφε
763 1539 873 1578 είλετο
900 1539 941 1578 τὸ
974 1540 1118 1593 χρυσίον
1153 1556 1193 1578 εκ

160 1618 229 1641 των
251 1600 448 1654 δρακόντων
472 1616 533 1647 της
560 1599 875 1654 χρυσελεφαντίνης
897 1599 1061 1649 Ἀθηνᾶς,
1085 1599 1193 1674 ἐφ’ω

160 1659 395 1711 καταγνωσθε
391 1675 418 1702 ις
433 1659 611 1711 ἐζημιώθη
630 1661 743 1712 φυγῇ·
768 1657 950 1710 γενόμενος
969 1657 1006 1697 δὲ
1023 1661 1070 1703 εἷς
1085 1638 1192 1698 ’Ἦλιν

160 1719 220 1758 και
245 1718 486 1773 ἐργολαὸήσας
516 1716 613 1772 παρὰ
638 1720 707 1756 τῶν
728 1717 877 1756 Ἠλείων
906 1718 946 1756 τὸ
967 1717 1111 1770 ἄγαλμα
1132 1722 1193 1757 τοῦ

162 1778 243 1822 Διος
273 1781 335 1816 τοῦ
360 1777 560 1828 Ὀλυμπίου
578 1793 638 1815 και
658 1776 946 1828 κατ.ἰιγνοι>σθεὶςι
933 1778 992 1815 υπ’
1015 1778 1128 1816 αυτῶν
1147 1779 1193 1820 ὣς

161 1837 414 1890 νοσφισάμενος
436 1834 600 1889 ἀνῃρέθη.

215 1899 274 1933 De
290 1896 364 1933 hoc
384 1896 530 1933 scholio
550 1909 587 1934 v.
608 1897 648 1933 C
679 1894 974 1933 o.W1filler.De
993 1894 1128 1933 Phidia
1154 1908 1192 1945 p

165 1968 228 2003 22,
251 1956 313 2001 35,
325 1964 363 1992 et
376 1956 540 2005 Kriiger.
555 1955 596 1992 in
611 1954 799 1993 Clintonis
818 1957 917 1992 Fast.
932 1954 1029 1991 Hell.
1050 1954 1111 1992 Ol.
1130 1955 1194 2002 87,

169 2029 200 2052 1.
221 2037 268 2043 —
290 2018 362 2052 Pei
364 2027 516 2052 suasum
539 2013 630 2051 mihi
653 2021 711 2050 est
737 2021 803 2050 aut
828 2013 957 2062 ipsum
983 2012 1194 2050 Philocho-

164 2087 251 2111 rum
270 2074 309 2110 in
337 2073 395 2110 his
425 2086 510 2123 quae
539 2072 586 2110 de
617 2071 751 2109 Phidia
776 2079 906 2109 narrat
917 2071 1009 2109 salsa
1029 2071 1194 2121 quadam

166 2132 422 2182 chronologia
440 2145 462 2170 a
479 2145 573 2170 vero
593 2131 795 2169 seductum
824 2143 927 2178 esse,
948 2138 1013 2167 aut
1030 2130 1196 2167 scholia-

167 2199 264 2229 stam
287 2190 370 2241 ejus
390 2191 650 2228 narrationem
680 2189 938 2241 perturbasse.
966 2192 1131 2236 Caveas,
1147 2202 1196 2226 nc

650 2306 714 2339 96.

206 2386 348 2425 Lyceum
379 2384 430 2415 est
456 2390 557 2414 unum
575 2390 592 2413 e
608 2381 786 2422 gymnasiis
809 2381 1075 2421 Atheniensium,
1108 2381 1196 2421 quod

166 2430 398 2471 Theopompus
424 2429 457 2460 in
483 2428 641 2469 vigesimo
669 2428 774 2469 primo
788 2451 798 2468 ,
825 2428 994 2460 Pisistrato
1017 2431 1194 2469 regnante;

166 2477 380 2510 Philochorus
395 2478 503 2508 autem
520 2476 553 2507 in
567 2478 696 2516 quarto,
711 2477 843 2508 curante
855 2475 976 2508 Pericle
991 2478 1193 2508 exstructum

166 2525 269 2557 fuisse
282 2525 431 2557 testatur.

652 2593 715 2625 97.

210 2675 422 2708 Philochorus
446 2675 508 2708 sub
535 2676 689 2708 archonte
717 2675 884 2707 Theodoro
905 2674 968 2716 (Ol.
986 2678 1025 2707 85
1040 2698 1049 2714 ,
1067 2675 1098 2715 3)
1126 2675 1197 2708 haec

168 2725 328 2754 memorat
342 2732 349 2754 :
369 2736 384 2751 α
400 2724 506 2763 Atque
522 2731 655 2755 aureum
664 2722 822 2754 Minervae
836 2722 1044 2754 simulacrum
1066 2722 1197 2754 colloca-

168 2771 239 2801 tum
250 2771 299 2801 est
313 2769 346 2801 in
364 2770 485 2811 templo
497 2778 624 2810 magno,
635 2769 705 2801 auri
713 2769 841 2810 pondus
854 2769 975 2801 habens
985 2769 1197 2810 quadraginta

168 2819 308 2857 quatuor
323 2818 530 2849 talentorum:
540 2817 575 2849 id
589 2817 664 2850 fecit
680 2819 828 2849 curatore
843 2817 965 2849 Pericle
975 2817 1124 2857 Phidias;
1141 2818 1197 2858 qui

169 2872 271 2904 quum
289 2863 368 2895 ebur
394 2864 572 2896 draconum
588 2864 731 2905 squamis
747 2863 1003 2905 impendendum
1018 2864 1196 2897 suffuratus

170 2919 241 2942 esse
259 2910 436 2950 videretur,
452 2911 684 2944 condemnatus
699 2913 770 2951 est;
786 2921 888 2952 quum
903 2911 1020 2944 deinde
1035 2911 1109 2943 Elin
1122 2920 1196 2943 con-

170 2957 314 2998 fugisset,
337 2958 545 2990 simulacrum
559 2960 650 2992 Jovis
673 2959 814 3000 Olympii
830 2959 1012 2992 faciendum
1028 2961 1194 3000 sumsisse,

171 3004 297 3044 hocque
310 3004 458 3036 absoluto
472 3005 512 3037 ab
523 3005 608 3037 Eleis
623 3005 811 3038 interfectus
821 3015 891 3038 esse
901 3007 1029 3046 dicitur,
1045 3008 1197 3040 archonte

171 3050 368 3091 Pythodoro,
377 3052 433 3092 qui
442 3052 482 3084 ab
495 3053 549 3084 illo
558 3053 754 3094 (Theodoro)
763 3055 813 3085 est
822 3054 1043 3094 septimus.»-
1050 3053 1193 3095 Phidias,

172 3098 209 3128 ut
217 3098 424 3130 Philochorus
431 3099 540 3139 tradit,
548 3100 608 3132 sub
616 3100 768 3132 archonte
775 3101 952 3140 Theodoro,
960 3110 1060 3142 quum
1070 3101 1198 3135 fecisset

174 3144 383 3176 simulacrum
397 3146 563 3187 Minervae,
576 3147 754 3179 suffuratus
763 3150 813 3179 est
827 3157 942 3179 aurum
953 3157 992 3180 ex
1004 3149 1196 3182 draconibus

174 3190 270 3230 hujus
286 3193 402 3223 statuae
418 3202 496 3225 auro
512 3197 543 3226 et
556 3194 651 3226 ebore
667 3197 801 3234 ornatae,
818 3204 917 3236 quam
932 3195 974 3227 ob
993 3205 1060 3228 rem
1077 3197 1193 3229 conde-

173 3240 303 3269 mnatus
323 3240 356 3270 et
379 3240 410 3270 in
423 3240 556 3273 exilium
568 3243 660 3273 actus
675 3243 735 3273 est.
754 3244 837 3274 Tum
862 3242 934 3274 Elin
949 3251 984 3275 se
1002 3244 1142 3276 contulit
1163 3245 1197 3276 et

175 3282 243 3315 Elei
254 3284 281 3314 ei
291 3283 499 3317 simulacrum
512 3288 604 3319 Jovis
615 3288 755 3328 Olympii
765 3288 996 3321 elaborandum
1012 3289 1172 3322 dederunt
1187 3298 1194 3319 ε

176 3329 216 3361 ab
230 3329 270 3361 iis
284 3338 361 3363 vero
378 3331 455 3363 furti
478 3337 648 3367 accusatus
663 3336 695 3366 et
709 3335 895 3367 interfectus
911 3337 974 3368 est.

888 156 1205 196 PHILOCHORI
1233 156 1564 199 FRAGMENTA.

1244 245 1420 282 Palmerii
1450 245 1724 296 conjecturam,
1750 245 1935 300 Θεοδώρου
1962 261 2034 298 pro
2058 249 2267 304 Πυθοδώρου

1243 302 1455 352 scribentis,
1480 318 1552 356 pro
1572 319 1668 343 vera
1690 304 1833 343 habeas
1848 313 1885 343 et
1904 305 2133 345 indubitata.

1483 367 1545 405 98.
1576 368 1742 419 [Olymp.
1765 371 1957 416 LXXXV,
1979 368 2032 420 4.]

1298 426 1485 476 Harpocr.
1505 439 1533 463 s.
1550 440 1585 463 v.
1607 424 1818 478 Προπύλαια
1837 430 1970 464 ταῦται
2047 427 2135 480 Περὶ
2152 426 2188 466 δὲ
2198 430 2268 467 τῶν

1243 482 1469 537 προπυλαίων
1491 486 1552 530 τῆς
1576 483 1795 538 ἀκροπόλεως
1806 515 1816 532 ,
1831 486 1876 527 ὥς
1890 484 1946 523 ἐπὶ
1961 484 2181 537 Εὐθυμένους
2202 485 2270 542 ἄρ·-

1244 557 1366 594 χοντος
1394 542 1586 594 οἰκοδομεῖν
1610 542 1758 595 ἤρξαντο
1797 542 1991 593 Ἀθηναῖοι,
2027 543 2272 592 Μνησικλέους

1246 603 1589 655 ἀρχιτεκτονοῦντος,
1617 602 1717 640 ἄλλοι
1734 616 1773 639 τε
1797 601 2004 656 ἱστορήκασι
2029 602 2090 642 καὶ
2109 603 2273 656 Φιλόχο-

1247 675 1302 714 ρος
1317 662 1352 698 ἐν
1377 663 1421 712 τῇ
1441 660 1601 714 τετάρτῃ.

1471 720 1534 757 99.
1564 720 1734 771 [Olymp.
1754 723 1975 768 LXXXVI,
1994 719 2046 771 4.]

1301 779 1424 817 Schol.
1446 779 1563 818 Arist.
1587 781 1658 817 Av.
1674 793 1772 828 997:
1791 777 1917 817 Μέτων
1942 777 2080 832 ἄριστος
2107 776 2276 830 ἀστρονό-

1249 852 1312 888 μος
1327 836 1386 875 καὶ
1402 835 1614 890 γεωμέτρης.
1632 836 1768 874 Τούτου
1795 836 1888 875 ἐστὶν
1914 839 1932 874 ὃ
1950 836 2106 879 ἐνιαυτὸς
2130 834 2274 888 λεγόμε-

1246 910 1303 938 νος
1318 894 1496 938 Μέτωνος.
1521 894 1621 942 Φησὶ
1639 893 1675 932 δὲ
1693 894 1982 948 Καλλίστρατος’
1966 910 2002 933 εν
2020 896 2175 933 Κολωνῶ
2193 893 2277 932 ἀνά-

1249 954 1346 1006 θημά
1364 970 1398 993 τι
1418 949 1506 993 εἶναι
1527 955 1634 993 αὐτοῦ
1654 953 1924 1007 ἀστρολογικόν·
1948 953 2136 1008 Ιῗῦφρόνιος
2149 935 2206 1002 δὲ,
2223 953 2277 992 ὅτι

1248 1015 1317 1051 τῶν
1349 1013 1469 1087 δήμων
1489 1017 1532 1060 ἠν
1549 1014 1590 1051 ἐκ
1604 1014 1783 1052 Κολωνοῦ.
1802 1015 1917 1051 Ἰοῦτο
1936 1011 1998 1050 δὲ
1993 1013 2127 1066 ψεῦδος.
2159 1012 2278 1051 Φιλό-

1248 1087 1352 1126 χορος
1369 1071 1435 1126 γὰρ
1454 1070 1648 1111 Λευκονοέα
1676 1072 1774 1122 (Ald.
1801 1069 2004 1123 Λευκωνέα)
2027 1069 2130 1131 φησὶν
2161 1069 2277 1109 αὐτόν.

1250 1131 1305 1170 'lb
1327 1130 1363 1169 δὲ
1397 1135 1458 1170 τοῦ
1476 1130 1741 1184 Καλλιστράτου
1763 1131 1884 1176 δηλον·
1914 1128 1997 1174 ἴσως
2015 1129 2082 1182 γὰρ
2103 1132 2146 1176 ἠν
2165 1146 2199 1168 τι
2218 1129 2278 1167 καὶ

1250 1190 1285 1227 ἐν
1308 1190 1476 1241 Κολωνῷ.
1493 1188 1538 1227 Ὁ
1559 1188 1596 1226 δὲ
1614 1186 1813 1241 Φιλόχορος
1846 1189 1881 1226 ἐν
1910 1189 2064 1242 Κολωνῷ
2084 1186 2147 1239 μὲν
2175 1187 2278 1226 αὐτὸν

1250 1245 1347 1285 οὐδὲν
1379 1250 1488 1285 θεῖναι
1506 1248 1618 1297 λέγει,
1641 1245 1698 1284 ἐπι
1719 1244 1900 1299 Ἀψεύδους
1931 1245 1967 1284 δὲ
1988 1250 2049 1285 τοῦ
2071 1246 2139 1301 πρὸ
2157 1248 2278 1286 Πυθο-

1252 1305 1363 1359 δώρου
1379 1304 1636 1358 ῆλιοτρόπιον’
1620 1321 1655 1343 εν
1680 1321 1723 1356 τῃ
1741 1308 1800 1343 νῦν
1825 1304 1934 1366 οὔσῃ
1939 1305 2109 1359 ἐκκλησία
2125 1305 2210 1359 πρὸς
2228 1307 2279 1358 τῷ

1250 1364 1360 1418 τείχει
1375 1367 1426 1403 τῶ
1445 1365 1480 1402 ἐν
1509 1367 1553 1416 τῇ
1574 1363 1700 1403 Πνυκί.
1720 1362 1869 1410 Μήποτε
1894 1367 1952 1402 οὐν
1971 1363 2012 1402 τὸ
2032 1363 2175 1417 χωρίον,
2195 1362 2281 1417 φασί

1252 1440 1356 1476 τινες,
1376 1424 1487 1462 ἐκεῖνο
1504 1428 1590 1475 πᾶν,
1605 1427 1634 1476 ᾧ
1609 1417 1951 1476 περιλαμὸοίνεται
1966 1424 2032 1474 (sic
2060 1422 2280 1471 Dobraeus3

1252 1485 1369 1535 vulgo
1388 1482 1506 1522 ἐπάνω
1522 1482 1852 1535 παραλαμὸάνεται)
1870 1481 1930 1520 και
1952 1485 1975 1529 ἡ
1995 1481 2104 1529 Πνύξ,
2120 1480 2280 1526 Κολωνός

1252 1545 1359 1591 ἐστιν,
1383 1546 1423 1580 οὓ
1443 1541 1558 1595 ἕτερος
1574 1544 1593 1580 ὃ
1617 1541 1751 1592 μίσθιος
1767 1539 1960 1592 λεγόμενος.
1982 1539 2106 1585 Οὕτως
2123 1538 2226 1594 μέρος
2246 1556 2282 1578 τι

1253 1607 1312 1642 νῦν
1330 1601 1474 1649 σύνηθες
1495 1599 1616 1653 γέγονε
1631 1599 1671 1639 τὸ
1690 1599 1853 1638 Κολωνὸν
1874 1601 1992 1638 καλεῖν
2011 1598 2051 1638 τὸ
2067 1598 2206 1637 ὄπισθεν
2219 1602 2283 1646 τῆς

1254 1667 1392 1716 μακρᾶς
1423 1667 1526 1704 στοᾶς
1537 1675 1545 1683 ·
1591 1660 1669 1698 ἀλλ’
1700 1661 1762 1698 οὐκ
1805 1657 1892 1698 ἔστι.
1925 1658 2063 1706 Μελίτη
2093 1657 2162 1712 γὰρ
2187 1657 2280 1696 ἅπαν

1254 1722 1377 1767 ἐκεῖνο,
1398 1721 1445 1763 ὡς
1479 1721 1513 1757 ἐν
1544 1724 1614 1762 τοῖς
1633 1721 1787 1772 ὁρισμοῖς
1803 1716 1999 1770 γέγραπται
2014 1719 2077 1764 τῆς
2094 1717 2238 1760 πόλεως.

1307 1779 1364 1818 Cf.
1385 1778 1538 1817 Boeckh.
1569 1777 1617 1816 ad
1636 1781 1676 1815 C.
1700 1781 1730 1814 Ι.
1748 1790 1786 1827 p.
1817 1777 1901 1814 151.
1917 1798 1967 1805 —
1981 1780 2055 1814 Pro
2071 1778 2141 1814 τῶν
2161 1776 2282 1827 δήμων

1253 1837 1380 1875 Suidae
1400 1851 1436 1873 v.
1456 1835 1582 1874 Μέτων
1596 1835 1686 1873 libri
1702 1835 1911 1873 deteriores
1924 1834 2067 1872 habent
2079 1834 2138 1873 τὸν
2156 1835 2281 1886 δῆμον.

1268 1893 1473 1939 ..Κολωνὸς
1489 1897 1507 1932 ὁ
1528 1894 1662 1946 μίσθιος
1678 1908 1726 1932 ex
1744 1894 1905 1932 Meursii
1925 1894 2146 1946 conjectura
2163 1895 2281 1947 (Opp.

1221 1979 1226 1998 .
1256 1963 1346 1993 tom.
1361 1958 1393 2003 I,
1414 1968 1453 2006 p.
1474 1955 1547 1992 300
1563 1954 1630 2006 C):
1650 1955 1768 2006 vulgo
1785 1956 1830 1993 K.
1845 1952 1975 2005 μισθὸς.
1993 1958 2052 1992 De
2070 1954 2283 2009 ἡλιοτροπίῳ

1222 2000 1228 2223 ’γ
1255 2027 1291 2051 ν.
1314 2012 1502 2051 Ideler.in
1515 2012 2153 2051 Commentatt.Academ.Berolin.
2171 2013 2282 2061 1814,

1257 2085 1293 2122 p.
1311 2073 1400 2121 239,
1425 2080 1464 2109 et
1485 2071 1524 2109 in
1551 2070 1652 2109 libro
1673 2071 1720 2110 de
1735 2072 1971 2122 Chronolog.
1997 2072 2079 2109 vol.
2094 2073 2123 2120 Ι,
2140 2085 2176 2123 p.
2193 2073 2283 2118 326,

1256 2138 1294 2167 et
1307 2132 1347 2168 C.
1365 2132 1408 2168 O.
1433 2130 1584 2168 Miiller.
1613 2130 1652 2167 in
1669 2130 1876 2182 Ephemer.
1897 2129 2224 2180 Goettingensibus
2249 2143 2282 2169 a.

1261 2189 1381 2237 1822,
1401 2201 1438 2240 p.
1457 2189 1545 2238 459.
1565 2189 1664 2226 Citat
1676 2189 1856 2227 Dindorf.

1296 2351 1464 2393 Propylaea
1491 2351 1575 2384 arcis
1601 2352 1754 2384 archonte
1767 2353 1975 2393 Euthymene
2000 2351 2153 2384 aedificari
2179 2354 2285 2394 empta

1256 2407 1327 2432 esse
1345 2399 1387 2431 ab
1411 2399 1684 2439 Atheniensibus,
1712 2399 1866 2432 Mnesicle
1890 2399 2084 2439 architecto,
2105 2408 2208 2440 quum
2229 2398 2283 2432 alii

1254 2447 1398 2486 narrant,
1413 2448 1483 2478 tum
1497 2445 1708 2478 Philochorus
1721 2446 1757 2478 in
1771 2447 1898 2487 quarto.

1298 2541 1406 2573 Meton
1422 2539 1566 2581 optimus
1579 2540 1788 2573 astronomus
1800 2542 1833 2573 et
1848 2541 2011 2582 geometra
2025 2539 2104 2572 suit·
2095 2540 2220 2582 ,hujus
2235 2542 2284 2573 est

1257 2587 1315 2628 qui
1328 2587 1448 2620 dicitur
1463 2596 1567 2619 annus
1583 2588 1733 2620 Metonis.
1754 2587 1842 2620 Dicit
1866 2590 1975 2620 autem
2000 2565 2225 2627 Callis’tratus,
2248 2586 2283 2620 in
2306 2611 2308 2614 ψ

1256 2633 1382 2666 Colono
1397 2634 1650 2667 instrumentum
1669 2635 1738 2675 ejus
1754 2634 1919 2675 quoddam
1936 2635 2189 2667 astronomicum
2210 2641 2293 2668 esso

1255 2681 1454 2713 dedicatum·
1447 2680 1670 2723 ,Euphronius
1683 2683 1885 2720 autem‚eum
1898 2689 1939 2713 ex
1953 2690 2036 2722 pago
2046 2681 2169 2714 colono
2181 2680 2285 2713 oriun-

1255 2727 1334 2759 dum
1352 2728 1471 2760 fuisse·
1463 2752 1472 2768 ,
1489 2729 1551 2760 hoc
1564 2730 1671 2761 autem
1691 2727 1831 2760 falsum·
1824 2752 1831 2759 .
1849 2727 2061 2760 Philochorus
2074 2737 2149 2760 eum
2163 2730 2282 2761 Leuco·
2302 2751 2306 2758 .

1255 2783 1388 2807 nensem
1408 2775 1499 2807 dicit.
1524 2775 1620 2813 Quod
1644 2784 1722 2807 vero
1750 2774 1953 2808 callistratus
1973 2777 2131 2807 memorat
2144 2798 2154 2815 ‚
2168 2783 2282 2808 verum

1254 2823 1327 2854 est:
1344 2823 1442 2864 atque
1458 2822 1631 2855 verisimile
1645 2824 1695 2855 est
1716 2822 1750 2854 in
1771 2821 1894 2855 Colono
1915 2822 2072 2863 ejusmodi
2088 2823 2282 2855 instrumcn-
2300 2822 2305 2836 ²

1255 2870 1325 2900 tum
1338 2869 1447 2900 fuisse.
1462 2869 1675 2901 Philochorus
1696 2869 1826 2910 quidem
1842 2869 1876 2901 in
1890 2869 2015 2902 Colono
2030 2869 2109 2901 nihil
2122 2868 2282 2910 ejusmodi

1255 2915 1334 2947 dicit
1359 2924 1435 2947 eum
1461 2918 1608 2956 posuisse
1625 2939 1634 2955 ,
1669 2916 1726 2948 sed
1751 2917 1903 2948 archonte
1932 2916 2082 2957 Apseude
2097 2940 2106 2956 ,
2132 2915 2188 2957 qui
2208 2917 2290 2949 anto*

1253 2962 1475 3003 Pythodorum
1501 2962 1574 3000 suit,
1596 2962 1824 3003 heliotropium
1841 2962 1982 3003 positum
1996 2971 2069 2995 esse
2086 2962 2119 2994 in
2134 2971 2174 2994 eo
2198 2962 2280 3001 loco,
2298 2999 2299 3002 Ἴ

1254 3008 1310 3041 ubi
1322 3017 1409 3040 nunc
1423 3009 1535 3040 concio
1548 3009 1696 3047 habetur,
1710 3009 1748 3041 ad
1766 3017 1908 3048 murum,
1917 3017 1982 3048 quo
1994 3009 2098 3041 cincta
2112 3010 2163 3041 est
2175 3010 2279 3049 Pnyx.
2296 3039 2299 3042 .

1255 3058 1375 3088 Forsan
1408 3055 1521 3096 igitur,
1560 3055 1706 3087 nonnulli
1736 3055 1864 3094 dicunt,
1890 3057 1980 3087 totus
2004 3055 2055 3087 ille
2071 3056 2183 3096 locus,
2214 3063 2285 3096 quo

1254 3103 1351 3136 etiam
1374 3105 1465 3142 Pnyx
1492 3102 1696 3141 continetur,
1725 3102 1952 3134 nominabatur
1980 3103 2122 3135 colonus
2137 3125 2146 3142 ‚
2171 3111 2191 3134 a
2214 3109 2279 3143 quo

1255 3150 1334 3182 alter
1367 3149 1510 3182 colonus
1553 3149 1673 3190 μίσθιος
1705 3149 1950 3189 cognominatus
1980 3149 2133 3190 distingui
2169 3148 2276 3182 dehet.

1256 3197 1308 3229 Sic
1335 3204 1409 3237 pars
1440 3195 1588 3236 quaedam
1624 3195 1715 3227 urbis
1747 3204 1833 3226 nunc
1869 3196 1951 3228 solet
1983 3195 2092 3227 vocari
2123 3193 2306 3235 Colonum-'2⁴

1255 3243 1410 3275 nimirum
1426 3251 1464 3275 ea
1478 3265 1487 3281 ‚
1511 3251 1585 3282 quae
1611 3243 1661 3274 est
1690 3244 1764 3283 post
1791 3243 1919 3282 longam
1942 3243 2112 3284 porticum.
2136 3241 2198 3274 Sed
2212 3249 2290 3274 nonv-

1256 3293 1352 3323 recte.
1370 3289 1478 3322 Melite
1499 3289 1585 3320 enim
1606 3291 1696 3320 totus
1711 3289 1764 3321 ille
1787 3289 1878 3321 locus
1906 3289 2102 3331 appellatur,
2123 3287 2275 3330 quemad·
2296 3287 2298 3289 ’

1258 3335 1390 3368 modum
1407 3335 1439 3367 in
1454 3335 1671 3376 descriptione
1686 3335 1776 3367 urbis
1789 3335 1947 3376 scripturn
1962 3337 2023 3369 est.
