2320 3684
130 216 205 250 444

134 292 437 336 Lacedaemonios
457 287 587 328 scribit
606 283 864 336 Apollodorus
875 281 975 319 libro
991 289 1159 319 octavo.»

182 353 319 394 Euseb.
340 352 477 390 Chron.
500 348 547 385 Νο
572 345 695 382 1218:
719 345 879 392 Lycurgi
907 344 1006 392 leges
1035 342 1154 376 Lace-

129 417 308 458 doemone,
321 419 410 448 teste
418 404 647 457 Apollodoro,
662 410 782 438 octavo
798 402 934 437 decimo
941 400 1156 436 Alcamenis

131 487 241 509 anno.

184 525 412 582 Apollodori
441 521 628 561 calculum
665 519 837 570 sequitur
866 518 980 557 etiam
1002 518 1079 556 Cic.
1097 521 1156 556 De

132 589 282 640 republ.
301 589 338 623 ΙΙ
350 615 361 633 ,
385 596 451 621 1οε
467 583 567 619 Nam
585 584 629 625 si,
651 581 691 615 id
712 580 812 628 quod
825 580 1035 616 Groecorum
1054 581 1155 614 inve—

130 652 286 697 stigatur
296 641 506 685 annalibus,
527 642 643 676 Roma
660 639 804 674 condita
821 645 878 673 est
889 638 1045 673 secundo
1059 650 1158 673 anno

133 704 361 754 Offmpiadis
385 703 564 750 septimoe‚
586 701 622 733 in
640 698 680 732 id
694 698 869 733 soeculum
903 697 1050 732 Romuli
1066 698 1159 731 ceci-

130 766 184 801 dit
196 772 301 807 aetas,
320 773 429 810 quum
437 763 521 806 jam
525 759 644 806 plena
661 756 808 792 Groecia
817 762 1010 803 poetarum
1027 762 1065 790 et
1075 767 1159 790 mu-

130 827 282 859 sicorum
303 826 416 863 esset,·
434 820 625 865 minorque
633 813 796 862 fabulis,
827 816 900 849 nisi
912 814 958 849 de
978 811 1161 849 veteribus

131 881 249 926 rebus,
266 876 578 925 habereturfides.
610 875 710 911 Nam
730 881 872 909 centum
889 880 928 908 et
941 881 1016 908 octo
1034 875 1156 916 annis,

126 948 320 990 postquam
347 938 536 985 Lycurgus
556 936 654 983 leges
675 931 832 969 scribere
854 934 1016 976 instituit,
1032 934 1161 979 prima

126 1002 247 1048 posita
267 1005 322 1034 est
336 998 542 1044 oh‘mpiass
558 1005 670 1042 quam
692 992 837 1040 quidem
865 993 1021 1026 nominis
1041 1003 1163 1026 errore

131 1057 180 1094 ab
196 1058 319 1094 eodem
338 1058 507 1104 Lycurgo
527 1055 756 1088 constitutam
775 1058 925 1098 putant.
960 1052 1161 1086 Homerum

131 1126 267 1160 autem,
285 1118 350 1164 qui
363 1117 552 1151 minimum
566 1112 702 1154 dicunt,
720 1111 881 1158 Lycurgi
895 1112 1002 1145 oetati
1014 1111 1163 1158 triginta

131 1179 241 1212 annis
259 1179 488 1223 anteponunt
487 1170 588 1218 fhre.

188 1233 244 1271 Cf.
260 1230 450 1270 Plutarch.
470 1232 634 1278 Lycurg.
651 1226 757 1264 init.:
775 1224 864 1278 Περὶ
882 1223 1085 1277 Λυκούργου
1103 1227 1164 1262 τοῦ

132 1290 318 1343 νομοθέτου
332 1286 479 1328 καθόλου
496 1285 559 1338 μὲν
577 1284 673 1324 οὐδέν
694 1286 787 1322 ἐστιν
808 1285 914 1322 εἰπεῖν
934 1282 1164 1337 ἀναμφισὸή-

133 1365 251 1398 τητον,
270 1348 399 1396 ἥκιστα
429 1344 466 1384 δὲ
485 1347 517 1383 οἱ
536 1343 657 1398 χρόνοι
685 1342 763 1381 καθ’
791 1341 848 1385 οὒς
876 1340 1015 1393 γέγονεν
1034 1345 1053 1380 ὁ
1079 1340 1166 1395 ἀνὴρ

134 1410 401 1460 ὁμολογοῦνται.
434 1406 481 1445 Οἱ
514 1404 577 1455 μὲν
615 1402 684 1456 γὰρ
704 1401 824 1455 Ἰφίτῳ
847 1399 1072 1452 συνακμάσαι
1105 1401 1165 1439 καὶ

134 1468 366 1506 συνδιαθεῑναι
401 1463 464 1512 τὴν
498 1460 747 1513 Ὀλυμπιακὴν
786 1459 979 1513 ἐκεχειρίαν
1004 1458 1164 1512 λέγουσιν

137 1525 259 1564 αὐτόν·
288 1519 335 1563 ὧν
369 1523 443 1562 ἔστι
476 1521 537 1560 καὶ
572 1517 812 1573 Ἀριστοτέλης
841 1522 860 1558 ὁ
885 1518 1091 1573 φιλόσοφος,
1110 1534 1167 1557 τε·-

134 1583 283 1637 κμήριον
297 1581 478 1636 προφέρων
497 1579 555 1619 τὸν
574 1578 794 1630 Ὀλυμπίασι
814 1578 931 1617 δίσκον
943 1607 954 1626 ,
974 1579 1010 1616 ἐν
1030 1571 1059 1631 ᾧ
1088 1577 1169 1616 τοῦ-

135 1658 228 1694 νομα
244 1646 305 1681 τοῦ
331 1639 534 1693 Λυκούργου
564 1637 770 1683 διασώζεται
805 1636 1141 1691 καταγεγραμμένον
1157 1652 1165 1660 ·

139 1704 171 1742 οἱ
192 1701 229 1740 δὲ
247 1707 322 1744 ταῖς
342 1700 520 1752 διαδοχαῖς
545 1700 614 1736 τῶν
643 1699 677 1736 ἓν
696 1697 846 1751 Σπάρτῃ
869 1695 1167 1749 βεὸασιλευκότων

140 1761 389 1812 ἀναλεγόμενοι
419 1758 477 1798 τὸν
511 1757 650 1811 χρόνον,
683 1755 803 1811 ὥσπερ
821 1754 1076 1809 Ἐρατοσθένης
1107 1755 1168 1794 καὶ

136 1819 394 1872 Ἀπολλόδωρος
410 1819 472 1856 οὐκ
488 1817 615 1868 ὀλίγοις
634 1815 745 1854 ἔτεσιν
761 1814 996 1870 πρεσὸύτερον
1016 1814 1170 1869 ἀποφαί-

141 1894 233 1918 νουσι
246 1881 308 1926 τῆς
320 1877 461 1931 πρώτης
475 1874 726 1927 Ὀλυμπιάδος.

189 1941 277 1976 Haec
298 1946 376 1975 tum
400 1937 500 1973 inter
517 1949 556 1973 se
573 1948 652 1972 non
675 1942 915 1984 congruunt,
935 1941 1016 1971 tum
1036 1931 1083 1970 ab
1101 1932 1170 1981 iis,

138 2012 223 2050 quae
238 1997 371 2047 fragm.
391 1996 437 2042 73
458 1994 680 2044 posuimus,
703 1993 843 2030 mirum
861 2001 1047 2043 quantum
1062 2005 1170 2029 rece—

138 2057 247 2095 dunt.
262 2055 413 2094 Erroris
433 2053 518 2090 fons
534 2053 575 2091 in
592 2066 639 2090 eo
656 2051 886 2103 quaerendus
900 2059 970 2098 est,
986 2051 1088 2101 quod
1099 2053 1173 2088 Eu-

139 2116 268 2154 sebius
278 2123 317 2152 et
330 2114 525 2164 Syncellus
536 2126 593 2159 ea,
605 2125 690 2162 quae
703 2110 822 2162 Iphiti
833 2110 1054 2160 Olympiadi
1065 2109 1128 2160 (88
1135 2109 1170 2159 4)

139 2174 395 2226 Apollodorus
412 2173 626 2224 adscripsit,
658 2171 707 2208 ad
738 2170 888 2208 Coroebi
902 2168 1172 2220 Olympiadem

141 2233 246 2284 (776)
265 2233 488 2270 retulerunt.
506 2237 680 2282 Apparet
708 2230 783 2267 hoc
812 2243 861 2267 ex
878 2229 1086 2280 Agidarum
1107 2242 1172 2265 re—

141 2306 275 2339 censu,
309 2304 423 2342 quem
442 2304 490 2328 ex
503 2289 740 2341 Apollodoro
758 2288 839 2326 sine
854 2287 972 2326 dubio
985 2287 1174 2326 Eusebius

140 2350 195 2402 (p.
242 2352 314 2388 166
337 2350 396 2387 0(1.
429 2350 531 2387 Maia
552 2350 592 2387 in
629 2348 848 2386 Chronicon
881 2360 992 2385 suum
1018 2346 1174 2397 recepit.

140 2408 439 2448 Constituendus
454 2422 546 2446 1010
561 2415 617 2445 est
633 2407 706 2444 ita:

140 2469 177 2500 P.
195 2468 280 2508 Troj.
295 2476 324 2499 c.
337 2475 366 2499 a.
380 2468 449 2500 C.n.

219 2517 268 2553 80
348 2519 444 2558 1104
474 2511 736 2563 Eurysthenes
754 2511 934 2549 nascitur.

200 2590 214 2614 1
227 2590 272 2614 10
347 2580 445 2622 1074
487 2573 746 2622 Eurysthenes
772 2585 873 2609 anno
903 2571 1024 2608 aetatis
1064 2570 1177 2620 trige-

487 2633 584 2670 simo
604 2631 810 2681 imperium
837 2629 1075 2681 adipiscitur.
1093 2633 1175 2666 Re-

490 2699 580 2742 gnat
597 2690 706 2728 annis
725 2695 785 2734 42.

202 2753 274 2790 152
355 2752 454 2788 1032
484 2750 577 2800 Agis
596 2762 618 2786 a
640 2763 671 2785 1.

202 2812 272 2849 153
351 2811 446 2847 1031
479 2809 726 2846 Echestratus
751 2819 772 2843 a
791 2805 850 2843 35.

205 2871 275 2906 188
375 2870 451 2919 996
481 2867 649 2905 Labotas
669 2879 701 2903 a.
721 2867 781 2911 37.

199 2929 272 2965 225
373 2927 449 2977 959
478 2931 669 2975 Doryssus
689 2937 723 2962 a.
744 2937 805 2973 29.

201 2987 274 3030 254
374 2989 450 3034 930
478 2985 672 3035 Agesilaus
691 2996 726 3020 a.
744 2988 806 3026 44.

202 3046 276 3092 298
376 3045 451 3080 886
480 3042 687 3080 Archelaus
700 3054 733 3078 a.
753 3042 802 3078 60
818 3042 1053 3090 (Lycurgus).

204 3102 278 3138 358
377 3103 451 3138 826
480 3101 649 3138 Teleclus
666 3114 701 3138 a.
719 3106 779 3145 40.

205 3160 280 3208 398
377 3161 451 3206 786
481 3160 705 3196 Alcamenes
720 3171 741 3195 a
762 3159 823 3205 37.

192 3271 240 3300 De
255 3267 389 3308 Lycurgi
420 3267 607 3307 legislatoris
624 3270 718 3300 aetate
734 3267 867 3299 minime
892 3268 976 3298 inter
995 3274 1030 3298 se
1042 3274 1174 3297 consen-

151 3317 238 3350 tiunt
271 3315 451 3355 scriptores.
485 3316 565 3346 Sunt
583 3315 637 3354 qui
654 3323 728 3346 cum
750 3315 856 3355 Iphito
885 3323 958 3345 eum
987 3313 1110 3344 vixisse
1143 3314 1176 3344 et

151 3361 335 3404 Olympicus
352 3360 496 3391 inducias
519 3360 646 3392 tradant
675 3361 853 3391 instituisse
869 3370 876 3390 :
893 3369 932 3392 ex
950 3369 1015 3400 quo
1040 3367 1174 3390 numero

151 3413 202 3444 est
223 3414 260 3441 Αι
268 3407 419 3447 1511110105,
432 3409 654 3448 argumentum
672 3407 791 3440 ducens
805 3416 844 3439 ex
857 3407 947 3439 disco
969 3406 1110 3448 Lycurgi
1120 3415 1174 3438 110-

838 193 1172 236 APOLLODORI
1200 192 1530 234 FRAGMENTA.

1261 282 1337 326 408
1432 282 1507 330 776
1535 280 1751 320 Alcamenis
1787 294 1888 317 anno
1938 281 2076 317 decimo
2108 282 2237 331 [πίνητε

1533 347 1725 395 Olympias
1741 353 1825 382 acta
1839 353 1903 382 est.

1206 408 1251 443 In
1271 404 1404 456 aprico
1435 412 1492 443 est
1517 404 1674 442 eandem
1703 405 1865 454 primam
1895 401 2159 454 Olympiadem
2182 401 2239 440 si-

1210 464 1392 515 gnificare
1431 463 1600 501 voluisse
1636 462 1854 512 Syncellum
1896 461 2111 499 Alcamenis
2141 473 2242 498 anno

1210 531 1360 560 octavo.
1378 525 1503 560 Immo
1524 522 1628 560 hunc
1642 521 1884 572 potissimum
1899 520 2090 558 calculum
2113 518 2241 570 Apol-

1210 581 1337 619 lodori
1354 594 1435 619 esse
1460 589 1569 632 puto.
1590 580 1848 632 Apollodorus
1877 579 1978 617 enim
1997 591 2072 630 pro
2107 591 2177 616 sua
2201 578 2242 616 in

1212 640 1451 691 temporibus
1467 639 1645 678 notandis
1662 639 1861 690 diligentia
1873 667 1884 687 ,
1904 646 2046 689 praeter
2063 637 2150 675 illos
2181 649 2246 675 an-

1211 713 1282 737 nos
1302 699 1570 750 trigintainter
1594 698 1846 749 Eurysthenis
1868 710 2012 735 annum
2031 696 2194 734 natalem
2209 702 2248 734 et

1212 758 1320 809 regni
1338 758 1492 796 initium
1515 757 1763 808 interjectos,
1783 757 1878 795 alios
1896 756 1994 794 duos
2014 755 2165 795 dedisse
2187 754 2249 793 vi-

1213 818 1325 855 detur
1335 817 1579 855 Aristodemo
1598 817 1647 868 (v.
1666 820 1714 856 O.
1733 816 1883 854 Miiller.
1904 819 1999 854 Dor.
2013 818 2072 861 11,
2089 827 2127 865 p.
2144 813 2249 860 502).

1213 876 1274 915 Sic
1295 875 1461 926 Lycurgi
1481 873 1709 928 ἐπιτροπεία,
1742 887 1827 924 quae
1849 887 1898 911 ex
1924 879 2109 923 computo
2127 866 2245 922 supra

1215 934 1411 986 adscripto
1425 935 1463 972 in
1486 947 1630 972 annum
1650 934 1725 972 886
1740 933 1861 981 cadit,
1880 931 2034 969 duobus
2056 930 2164 968 annis
2183 942 2252 981 po-

1215 993 1352 1031 sterior
1383 993 1446 1040 sit,
1479 993 1645 1044 ideoque
1664 992 1834 1030 concinit
1854 1004 1941 1028 cum
1960 988 2186 1041 Apollodori
2210 995 2250 1026 et

1215 1052 1481 1091 Eratosthenis
1500 1052 1648 1090 calculo
1661 1082 1671 1100 ,
1691 1052 1846 1102 qualem
1864 1049 1981 1088 tradit
1998 1047 2249 1100 Porphyrius.

1217 1115 1302 1159 Qua
1314 1111 1353 1148 in
1371 1124 1412 1148 re
1425 1111 1521 1148 illud
1538 1111 1694 1162 quidem
1710 1123 1782 1160 pro
1799 1117 1905 1148 certo
1923 1108 2051 1156 statui,
2072 1119 2252 1145 numeros

1218 1169 1374 1209 Eusebii
1402 1183 1515 1207 veros
1549 1183 1630 1208 esse
1659 1168 1941 1220 Apollodoreos
1963 1175 2079 1217 atque
2106 1165 2252 1204 unicos.

1220 1228 1296 1267 Sed
1314 1228 1396 1266 fieri
1413 1229 1527 1266 etiam
1547 1228 1677 1279 potuit
1691 1257 1701 1275 ,
1724 1236 1766 1264 ut
1782 1227 1823 1264 in
1845 1239 1924 1264 uno
1938 1225 2109 1263 alterove
2134 1237 2255 1275 regno

1218 1288 1386 1326 incertus
1405 1287 1556 1325 haerens
1571 1285 1833 1338 Apollodorus
1855 1285 2050 1336 duplicem
2063 1296 2255 1322 annorum

1219 1359 1423 1384 numerum
1443 1353 1655 1397 apponeret
1675 1345 1887 1395 lectorique
1918 1343 2063 1381 faceret
2086 1341 2255 1393 eligendi

1219 1413 1458 1456 potestatem.
1493 1407 1671 1443 Fortasse
1697 1405 1875 1454 Agesilao
1903 1402 2012 1440 dedit
2035 1402 2098 1440 vel
2120 1408 2168 1447 42
2192 1399 2255 1439 vel

1221 1471 1269 1510 44
1284 1478 1425 1512 3111105,
1439 1477 1484 1502 30
1503 1471 1782 1514 consequenter
1804 1462 1967 1514 primam
1988 1459 2257 1511 Olympiadem

1219 1531 1340 1560 actam
1357 1536 1438 1561 esse
1457 1522 1598 1559 dixerit
1611 1523 1671 1559 1·οΙ
1691 1529 1826 1559 octavo
1839 1521 1901 1558 vel
1911 1519 2061 1558 decimo
2073 1531 2173 1556 anno
2189 1518 2259 1556 Al-

1220 1582 1399 1621 camenis.
1418 1581 1539 1619 Simili
1555 1580 1603 1618 de
1620 1594 1765 1625 caussa,
1779 1580 1853 1618 nisi
1870 1579 1956 1628 alia,
1974 1591 2089 1630 quam
2103 1578 2258 1629 ignoro,

1221 1641 1450 1678 auctoritate
1467 1639 1675 1691 perductus
1691 1641 1734 1677 O.
1749 1639 1915 1687 Mallem,
1929 1639 1991 1676 vir
2018 1636 2258 1685 immortalis,

1221 1701 1330 1751 (Dor.
1347 1702 1406 1750 ΙΙ,
1424 1713 1461 1750 p.
1486 1699 1577 1749 486)
1599 1698 1785 1749 Agesilao,
1803 1698 1871 1750 qui
1888 1697 2100 1735 secundum
2117 1695 2258 1735 Euseb.

1222 1760 1273 1796 60
1289 1772 1410 1796 3111105
1430 1758 1618 1809 regnavit,
1638 1757 1686 1796 58
1702 1765 1850 1795 tantum
1862 1769 1982 1794 annos
2002 1755 2148 1794 tribuit.
2164 1758 2262 1794 Utut

1222 1826 1292 1867 est,
1311 1817 1352 1855 id
1367 1826 1469 1856 certe
1489 1832 1537 1855 ex
1555 1816 1668 1854 modo
1682 1816 1886 1867 disputatis
1903 1815 2142 1866 intelligitur,
2163 1814 2261 1852 alte-

1222 1890 1310 1915 rum
1335 1876 1495 1914 Eusebii
1514 1877 1640 1914 locum
1655 1904 1666 1923 ‚
1695 1875 1762 1912 ubi
1782 1875 1948 1925 Lycurgi
1982 1874 2085 1925 leges
2110 1873 2260 1911 decimo

1223 1944 1359 1973 octavo
1377 1934 1592 1972 Alcamenis
1622 1946 1724 1971 anno
1750 1934 1834 1971 latae
1853 1946 1934 1971 esse
1953 1932 2150 1980 dicuntur,
2168 1944 2261 1969 cor-

1225 1993 1379 2045 ruptela
1405 1992 1604 2039 laborare,
1637 1992 1700 2030 cui
1729 1991 1875 2030 mederi
1900 1990 1992 2028 mihi
2026 1990 2163 2029 videor
2190 2003 2263 2042 pro

1224 2056 1362 2091 decimo
1390 2062 1511 2090 octavo
1541 2051 1714 2090 scribens
1745 2054 1884 2088 decimo
1902 2053 1968 2088 vel
1987 2059 2118 2088 octavo.
2147 2047 2263 2098 Quod

1226 2112 1393 2160 denique
1409 2111 1511 2149 idem
1533 2110 1723 2150 Eusebius
1740 2113 1787 2148 N.
1820 2115 1920 2154 1240
1937 2109 2098 2159 primam
2122 2108 2262 2158 Olym-

1226 2171 1378 2222 piadem
1392 2171 1503 2221 ponit
1517 2169 1733 2207 Alcamenis
1753 2182 1854 2206 311110
1873 2167 2070 2219 trigesimo
2083 2167 2262 2218 septime,

1227 2230 1301 2267 hoc
1329 2244 1377 2268 ex
1406 2228 1591 2279 temporis
1610 2241 1688 2279 quo
1709 2227 1919 2266 Heraclidae
1952 2226 2264 2277 Peloponnesum

1227 2297 1468 2341 occuparunt
1496 2297 1611 2339 atque
1633 2287 1758 2334 illius,
1782 2300 1862 2337 quo
1897 2298 2057 2336 regnum
2094 2283 2265 2335 suscepit

1228 2348 1500 2398 Eurysthenes,
1517 2346 1744 2384 confusione
1761 2344 2034 2395 explicandum
2056 2356 2137 2382 esse
2151 2342 2266 2380 docet

1228 2409 1275 2444 O.
1292 2407 1441 2444 Miiller.
1462 2406 1486 2443 1.
1506 2406 1529 2443 l.
1554 2418 1591 2456 p.
1618 2406 1706 2443 503.
1734 2407 1866 2442 Restat
1890 2410 1934 2440 ut
1956 2401 2089 2453 paucis
2103 2413 2264 2438 monea-

1229 2479 1313 2503 mus
1330 2465 1474 2503 deloco
1490 2463 1693 2502 Plutarchi.
1709 2462 1782 2511 Qui
1799 2473 1918 2512 quum
1932 2459 2033 2498 dicat
2046 2463 2265 2509 Lycurgum

1229 2538 1276 2562 ex
1295 2524 1512 2562 Aristotelis
1538 2522 1728 2562 sententia
1757 2534 1834 2558 una
1866 2532 1955 2557 cum
1973 2519 2105 2570 Iphito
2122 2518 2264 2567 Olym·-

1230 2583 1358 2634 picum
1371 2591 1564 2621 certamen
1578 2581 1799 2626 instituisse,
1811 2579 1975 2629 ideoque
1987 2578 2119 2628 primae
2133 2577 2266 2626 Olym-

1231 2641 1355 2692 piadis
1376 2649 1550 2691 tempore
1566 2640 1730 2686 vixisse,
1745 2650 1879 2675 verum
1900 2635 2180 2687 Apollodorum
2194 2647 2266 2672 nec

1232 2714 1310 2737 non
1330 2699 1625 2739 Eratosthenem
1645 2696 1749 2735 haud
1779 2695 1911 2746 paucis
1928 2707 2014 2732 eum
2045 2693 2154 2730 annis
2175 2700 2265 2729 ante

1231 2760 1399 2810 primam
1417 2756 1684 2808 Olympiadem
1702 2767 1866 2806 ponere,
1884 2753 1984 2790 alios
2008 2751 2175 2802 denique
2203 2749 2264 2788 vel

1231 2819 1389 2857 Homeri
1432 2817 1618 2869 aequalem
1669 2815 1819 2860 sacere3
1866 2810 1974 2862 quod
2018 2809 2067 2848 de
2112 2808 2266 2848 Coroebi

1231 2878 1475 2930 Olympiade,
1492 2878 1562 2915 108
1579 2888 1701 2914 3111105
1719 2881 1807 2926 post
1820 2874 2035 2922 Lycurgum
2051 2878 2156 2915 acta,
2173 2872 2265 2907 Era-

1233 2938 1425 2976 tosthenes
1442 2945 1480 2975 et
1499 2934 1759 2987 Apollodorus
1793 2931 2065 2969 intellexerunt
2078 2959 2089 2977 ‚
2114 2927 2264 2978 vulgari

1230 2997 1296 3034 illo
1312 3009 1442 3034 errore
1458 2995 1507 3033 ad
1520 2993 1638 3045 Iphiti
1653 2989 1919 3042 Olympiadem
1939 2987 2088 3034 retulit,
2119 2999 2163 3023 ac
2182 2986 2264 3023 dis-

1231 3055 1403 3093 cordiam
1431 3054 1563 3092 statuit
1606 3051 1838 3102 scriptorum
1854 3077 1864 3095 ‚
1900 3059 2066 3098 quorum
2093 3044 2262 3095 optimus

1232 3122 1288 3152 est
1304 3126 1520 3152 consensus.
1542 3111 1597 3150 Cf.
1619 3110 1783 3149 Clinton.
1806 3121 1844 3158 p.
1863 3107 1938 3152 416
1956 3119 2013 3156 5(1.
2030 3105 2151 3154 Kriig.

301 3221 2259 3243 Μ

1228 3264 1315 3296 mine
1330 3261 1500 3302 inscripto,
1514 3258 1570 3299 qui
1583 3256 1742 3298 Olympia»
1760 3257 1918 3288 servatur.
1933 3254 1994 3286 Alii
2019 3262 2076 3294 per
2089 3253 2259 3293 Spartano-

1227 3319 1300 3342 rum
1310 3317 1422 3350 regum
1438 3306 1676 3340 successionem
1691 3304 1731 3336 ad
1756 3302 1894 3344 Lycurgi
1911 3303 2039 3334 aetatem
2055 3299 2250 3339 ascendunt,

1227 3358 1318 3390 velut
1333 3355 1562 3388 Eratosthenes
1574 3353 1607 3385 et
1618 3351 1844 3393 Apollodorus,
1867 3349 1978 3390 paucis
1994 3347 2086 3380 annis
2102 3346 2256 3387 majorem

1227 3403 1410 3447 olympiade
1422 3401 1525 3444 prima
1537 3409 1612 3433 eum
1624 3397 1886 3442 pronunciantes.
