2320 3684
743 157 1046 198 PHYLARCHI
1073 155 1406 196 FRAGMENTA.

15 249 78 295 τῆς
99 248 173 300 (τῆς
191 248 339 303 τάφρου)
356 246 500 299 πήχεων
527 245 585 294 ἓξ,
611 245 653 284 τὸ
678 243 716 283 δὲ
740 243 843 296 βάθος
860 242 1050 295 τεττάρων,

15 306 56 346 τὸ
72 306 110 346 δὲ
129 310 242 359 μ’ἥκος
261 307 511 361 ὀκτάπλεθρον,
534 308 581 349 ὣς
608 306 741 358 ἱστορεῖ
771 302 984 356 Φύλαρχος,
1003 304 1050 345 ὡς

17 365 54 405 δὲ
68 365 290 420 Ἱερώνυμος,
305 366 460 405 ἔλαττον.
1074 374 1081 402 Ι

23 429 189 483 *Fossa
205 434 262 464 est
280 438 357 482 qua
372 424 554 482 'spartani
567 423 704 462 urbem
715 431 849 462 contra
862 421 1051 472 Pyrrhum

17 493 250 524 munierunt.

471 612 473 615 ·
500 594 564 632 48.

314 648 506 687 Parthenii
520 647 676 685 Erotica
697 648 758 685 23.

331 714 434 745 ΠΕΡΙ
469 712 739 744 ΧΕΙΛΩΝΙΔΟΣ.

77 764 290 817 Κλεώνυμος
305 767 323 803 ὃ
341 763 636 816 Λακεδαιμόνιος,
662 761 839 815 βασιλείου
858 760 977 813 γένους
1005 760 1052 799 ὢν

18 823 79 864 καὶ
108 824 222 863 πολλὰ
258 823 568 877 κατορθωσάμενος
600 821 908 873 Λακεδαιμονίοις,
945 820 1055 872 ἔγημε

24 883 223 924 Χειλωνίδα
255 882 503 937 προσήκουσαν
539 884 635 934 αὐτῷ
666 880 758 919 κατὰ
785 879 895 932 γένος.
930 878 1053 932 Ταύτῃ

2059 158 2135 192 349

1106 252 1194 281 sunt
1209 258 1217 281 t
1236 242 1450 295 Κλεωνύμου
1468 242 1506 282 δὲ
1523 245 1585 281 τοῦ
1602 241 1827 296 Σπαρτιάτου
1850 240 2137 295 παραγενομένου

1104 301 1162 340 καὶ
1182 303 1368 346 καλοῦντος
1386 302 1488 341 αὐτὸν
1506 301 1577 354 (τὸν
1593 300 1813 355 Πύῤῥον)ἐπὶ
1831 300 1895 348 τὴν
1909 300 2138 352 Λακεδαίμο-

1103 360 1356 414 να,προθύμως
1373 361 1582 409 ὑπήκουσεν.
1595 361 1639 400 Ὁ
1649 359 1685 399 δὲ
1702 360 1915 413 Κλεώνυμος
1928 354 1971 408 ἦν
1990 358 2055 411 μὲν
2075 358 2139 412 γέ-

1104 435 1182 463 νους
1203 423 1397 472 βασιλικοῦ,
1417 422 1527 460 δοκῶν
1546 420 1582 460 δὲ
1604 420 1714 473 βίαιος
1727 414 1815 459 εἷναι
1830 421 1892 460 καὶ
1913 419 2138 475 μοναρχικὸς,

1105 477 1177 516 οὔτ’
1197 478 1331 518 εὔνοιαν
1353 479 1431 519 οὔτε
1452 480 1570 519 πίστιν
1589 474 1696 533 εἶχεν,
1717 480 1795 519 ἀλλ’
1811 479 1931 534 Ἄρευς
1944 480 2137 519 ἐὸασίλευε.

1107 537 1178 576 Καὶ
1198 542 1300 577 τοῦτο
1314 538 1376 589 μὲν
1390 534 1432 587 ἧν
1447 540 1561 579 κοινὸν
1576 539 1738 592 ἔγκλημα
1751 540 1811 578 καὶ
1825 539 2058 594 πρεσὸύτερον
2074 541 2138 578 αὖ-

1105 598 1156 649 τῷ
1168 596 1254 650 πρὸς
1270 597 1348 641 τοὺς
1358 597 1502 642 πολίτας
1511 614 1519 622 ·
1533 605 1682 650 γυναῖκα
1700 597 1735 637 δὲ
1752 598 1863 646 καλὴν
1874 598 1934 637 καὶ
1951 598 2068 650 γένους
2079 601 2141 650 βα-

1107 656 1255 703 σιλικοῦ,
1277 655 1473 695 Χειλωνίδα
1494 659 1569 708 (vel
1588 657 1808 709 Χελιδονίδα)
1824 657 1887 704 τὴν
1903 657 2141 710 Λεωτυχίδου,

1106 713 1339 768 πρεσὸύτερος
1358 714 1407 752 ὢν
1427 713 1556 766 ἔγημεν
1577 718 1594 754 ὃ
1613 716 1833 768 Κλεώνυμος.
1854 715 1901 755 ‘H
1921 714 1957 754 δὲ
1978 716 2143 770 Ἀκροτά-

1107 789 1157 826 τῳ
1174 775 1225 826 τῷ
1240 771 1369 827 Ἄρεως
1384 775 1594 825 ἐπιμανεῖσα
1606 805 1616 823 ,
1634 775 1805 828 μειρακίῳ
1821 775 1898 813 καθ’
1912 774 2010 829 ὥραν
2025 775 2142 827 ἀκμά-

1107 834 1219 882 ζοντι,
1236 832 1391 886 λυπηρὸν
1410 834 1532 887 ἐρῶντι
1549 836 1599 886 τῷ
1616 833 1819 887 Κλεωνύμῳ
1836 834 1895 872 καὶ
1910 833 2028 879 ἄδοξον
2053 837 2141 886 ὁμοῦ

1107 897 1256 945 παρεῖχε
1271 891 1329 930 τὸν
1346 891 1459 944 γάμον
1470 908 1478 916 ·
1499 891 1623 931 οὐδένα
1640 893 1706 946 γὰρ
1727 893 1893 932 ἐλάνθανε
1908 895 2143 947 Σπαρτιατῶν

1 943 177 998 ,σφοδρῶς
194 940 444 993 ἐπιτεταμένου
463 944 524 979 τοῦ
546 939 764 991 Κλεωνύμου
784 939 844 978 καὶ
863 938 922 978 τὸν
941 938 1055 992 ἔρωτα
1108 950 1430 1005 καταφρονούμενος
1446 951 1514 990 ὑπὸ
1532 954 1594 998 τῆς
1609 951 1781 1003 γυναικός.
1804 952 1909 992 Οὕτω
1927 952 1963 990 δὲ
1982 955 2051 992 τῶν
2067 953 2145 991 κατ’

0 1003 82 1040 ἳοῦκ
115 1000 232 1056 ἠρέμα
262 999 443 1055 φέροντος,
470 1004 532 1039 τοῦ
560 998 623 1052 μὲν
652 998 868 1051 κατηλόγει,
893 1005 993 1037 πᾶσα
1019 997 1056 1036 δὲ
1079 981 1087 1037 l

1109 1013 1202 1049 οἰκον
1224 1012 1376 1064 ἀνιαρῶν
1409 1016 1480 1055 τοῖς
1513 1012 1705 1071 πολιτικοῖς
1742 1011 2045 1064 προσγενομένων,
2084 1014 2142 1050 ὑπ’

20 1059 172 1100 ἐνέκειτο
196 1059 418 1113 Ἀκροτάτῳ,
448 1061 499 1113 τῷ
517 1063 579 1098 τοῦ
598 1057 770 1111 βασιλέως
787 1060 866 1097 υἱεῖ.
894 1058 966 1098 Καὶ
988 1057 1055 1112 γὰρ
1109 1071 1215 1123 ὀργῆς
1233 1069 1293 1107 καὶ
1316 1069 1531 1124 βαρυθυμίας
1551 1071 1661 1122 ἐπῆγε
1676 1073 1720 1116 τῆ
1739 1070 1888 1123 Σπάρτη
1912 1070 1970 1108 τὸν
1990 1070 2145 1123 Πύῤῥον,

20 1122 39 1159 ὁ
51 1118 275 1174 μειρακίσκος
290 1120 397 1166 αὐτῆς
415 1117 612 1173 ἀναφανδὸν
628 1117 813 1156 ὓπῑκαίῑτθ
828 1148 838 1166 2
853 1116 944 1156 ὥστε
963 1117 1056 1156 πάν·
1110 1127 1237 1180 ἔχοντα
1255 1129 1456 1183 δισμυρίους
1472 1129 1532 1168 καὶ
1547 1113 1852 1181 πεντακισχιλίους
1871 1114 1991 1174 πεζοὺς
2003 1160 2012 1177 ,
2033 1129 2116 1181 δισχ
2119 1145 2147 1166 ι-

20 1194 82 1223 τας
115 1177 182 1217 ἀνὰ
204 1177 321 1230 στόμα
346 1176 439 1231 ἔχειν
467 1177 532 1225 τὴν
552 1176 693 1229 ὁμιλίαν
714 1178 841 1215 αὐτῶν·
871 1177 915 1215 δι’
941 1177 984 1224 ἣν
1003 1178 1058 1215 αἷ-

21 1237 96 1277 τίαν
112 1236 424 1289 δυσανασχετήσας
438 1240 456 1276 ὁ
475 1235 689 1288 Κλεώνυμος
714 1236 776 1275 καὶ
798 1235 914 1280 ἄλλως
939 1235 975 1274 δὲ
995 1238 1058 1274 οὒκ

21 1299 254 1355 ἀρεσκόμενος
283 1307 356 1345 τοῖς
386 1300 676 1352 Λακεδαιμονίοις
704 1299 831 1349 ἔθεσιν,
858 1300 1056 1354 ἐπεραιώθη

22 1359 105 1415 πρὸς
121 1359 261 1414 Πύῤῥον
286 1362 333 1404 εἷς
357 1359 528 1414 Ἤπειρον
558 1359 618 1398 καὶ
641 1359 744 1398 αὐτὸν
770 1358 949 1398 ἀναπείθει
976 1375 1058 1398 πει-

23 1423 149 1475 ρᾶσθαι
161 1424 224 1467 τῆς
243 1419 531 1469 Πελοποννήσου,
553 1421 599 1463 ὡς
616 1420 646 1457 εἷ
665 1419 726 1458 καὶ
749 1418 895 1462 ἐντόνως
911 1419 1060 1472 ἅψαιντο

21 1484 82 1519 τοῦ
105 1479 262 1531 πολέμου
279 1510 288 1527 ,
314 1479 440 1533 ῥᾳδίως
469 1478 801 1532 ἑκπολιορκήσοντες
825 1477 887 1522 τὰς
909 1480 944 1517 ἓν
970 1481 1058 1532 αὐτῇ

22 1538 139 1582 πόλεις
152 1554 161 1563 ·
179 1538 244 1592 ἔφη
267 1537 304 1577 δὲ
326 1538 386 1577 καὶ
407 1539 503 1592 αὐτῷ
516 1555 550 1577 τι
567 1538 636 1585 ἤδη
651 1538 951 1593 προδιειργάσθαι,
968 1537 1059 1577 ὥστε

25 1598 81 1640 καὶ
99 1598 222 1637 στάσιν
241 1597 441 1651 ἐγγενέσθαι
456 1597 527 1636 τισὶ
548 1600 618 1636 τῶν
642 1596 790 1637 πόλεων.

76 1658 309 1709 Scripsimus
328 1671 416 1695 cum
430 1658 595 1696 Luchtio
614 1655 726 1695 ἔθεσιν
745 1671 818 1708 pro
831 1656 950 1704 ἤθεσιν
967 1666 1005 1696 et
1025 1659 1059 1696 ἐν

25 1718 111 1770 αὐτῇ
131 1731 204 1769 pro
219 1718 253 1755 ἐν
271 1717 386 1760 αὐτοῖς
402 1716 484 1768 jam
499 1730 521 1755 a
537 1717 658 1756 Galeo
675 1725 714 1755 et
729 1718 947 1769 Legrandio
965 1732 1061 1769 pro-

27 1785 212 1828 posttum.

81 1837 269 1876 Luchtius
289 1845 392 1875 recte
409 1845 541 1875 monet
560 1850 642 1875 esse
665 1837 740 1875 hoc
756 1837 958 1888 Phylarchi
979 1838 1060 1876 fra-

25 1905 243 1949 gmentum:
265 1897 516 1936 Plutarchum
537 1897 698 1935 enimin
716 1898 803 1936 Vita
827 1898 966 1947 Pyrrhi
997 1899 1060 1945 26,

27 1956 134 2008 cujus
148 1965 342 2008 postrema
367 1971 456 2009 pars
485 1971 534 1995 ex
562 1957 778 2007 Phylarcho
815 1958 1061 2009 potissimum

28 2015 162 2054 hausta
175 2017 236 2064 sit,
255 2016 389 2054 eadem
412 2017 526 2068 plane
542 2029 713 2064 narrare,
731 2024 769 2053 et
783 2029 884 2067 saepe
899 2017 1062 2055 Parthe-

27 2075 132 2112 nium
149 2075 362 2125 Phylarcho
375 2075 431 2113 uti
446 2083 615 2113 auctore.
633 2074 829 2113 Plutarchi
847 2075 963 2114 verba
980 2076 1062 2114 haec

26 2219 102 2251 octo
128 2219 240 2260 iugera
253 2242 263 2258 ‚
294 2220 332 2251 ut
362 2219 564 2260 Phylarchus
605 2218 706 2252 tradit
742 2220 808 2253 :ut
837 2218 1058 2261 Hieronymus

29 2265 276 2309 (Cardianus),
296 2266 418 2299 minus.

511 2408 574 2441 48.

376 2489 431 2516 DE
459 2488 704 2516 CHILONIDE.

73 2548 272 2590 cleonymus
279 2547 545 2581 Lacedaemonius
558 2546 636 2587 regii
649 2546 786 2588 generis,
800 2546 856 2587 qui
868 2546 969 2579 multa
983 2555 1063 2588 prae-

33 2594 116 2628 clare
131 2598 272 2636 gesserat
286 2595 374 2636 apud
389 2594 652 2628 Lacedaemonios
663 2617 672 2633 ‚
689 2602 824 2626 uxorem
849 2593 944 2625 duxit
961 2594 1063 2626 Chilo·

33 2642 140 2675 nidem
154 2651 269 2684 genere
285 2642 348 2674 sibi
356 2644 536 2683 cognatam.
551 2641 600 2674 Ab
610 2642 670 2673 hac
681 2650 771 2682 vero,
785 2649 885 2682 quam
895 2641 1064 2673 vehemen-

33 2690 82 2722 ter
112 2690 380 2731 impatienterque
402 2689 551 2729 amabat,
568 2689 739 2730 despectus
773 2690 823 2721 est
841 2698 848 2719 :
868 2690 937 2720 tota
952 2692 1062 2721 autem

34 2737 200 2770 tenebatur
216 2746 328 2770 amore
342 2737 487 2770 Acrotati
503 2736 561 2768 filii
574 2736 669 2777 regis.
686 2735 817 2768 Etenim
834 2735 1062 2768 adolescentu-

35 2782 86 2816 lus
97 2793 252 2825 amorem,
266 2794 332 2826 quo
345 2794 417 2817 eam
430 2783 696 2825 amplectebatur,
715 2783 822 2824 palam
838 2782 1062 2824 profitebatur,

36 2833 198 2865 uteorum
213 2832 415 2865 consuetudo
431 2832 466 2864 in
481 2832 630 2864 omnium
646 2839 703 2863 ore
727 2833 823 2863 esset.
843 2830 1043 2871 Cleonymus
1055 2854 1064 2871 ,

35 2879 89 2920 qui
99 2879 182 2912 hanc
190 2889 258 2912 rem
266 2880 404 2921 graviter
420 2880 518 2912 ferret
532 2882 564 2911 et
580 2878 711 2911 omnino
727 2887 793 2910 non
803 2878 954 2919 probaret
971 2880 1066 2910 Lace-

37 2925 272 2959 daemoniorum
288 2936 413 2968 mores,
429 2927 471 2959 ad
487 2926 646 2967 Pyrrhum
671 2925 753 2957 abiit
767 2924 800 2956 in
817 2925 954 2966 Epirum
970 2925 1065 2966 eique

37 2975 197 3015 persuasit
208 2999 217 3015 ,
229 2977 267 3007 ut
279 2974 541 3016 Peloponnesum
558 2972 803 3014 aggrederetur;
821 2973 914 3004 facile
928 2972 1015 3004 enim
1032 2981 1066 3004 se

38 3019 133 3054 urbes
148 3022 182 3053 in
196 3031 234 3054 ea
249 3022 328 3054 sitas
341 3024 582 3063 expugnaturos
598 3028 680 3060 esse,
693 3020 720 3051 si
738 3019 854 3051 acriter
863 3018 985 3052 bellum
998 3028 1067 3051 sus-

39 3066 178 3109 ciperent
193 3079 200 3101 :
218 3069 301 3102 dixit
316 3069 414 3101 etiam
431 3077 465 3101 se
485 3069 552 3110 jam
572 3067 757 3100 elaborasse
774 3069 810 3098 ut
841 3066 992 3108 quaedam
1011 3076 1067 3098 ur-

38 3113 95 3147 bes
110 3116 204 3148 novis
220 3116 317 3149 rebus
333 3116 510 3149 studerent.

79 3163 233 3203 Pyrrhus,
248 3173 350 3205 quum
367 3162 631 3196 Lacedaemonius
646 3161 845 3202 cleonymus
859 3169 934 3193 eum
950 3161 1069 3194 adisset

40 3209 72 3240 et
87 3209 352 3243 Lacedaemonem
368 3211 522 3243 invitaret
537 3234 546 3250 ,
570 3209 773 3250 obsequutus
794 3213 844 3240 est
869 3208 971 3240 facile.
991 3210 1070 3240 Erat

42 3253 238 3296 Cleonymus
254 3257 307 3289 hic
320 3266 362 3289 ex
377 3257 477 3298 stirpe
493 3256 589 3297 regia,
610 3256 666 3289 sed
684 3255 772 3297 quod
789 3255 936 3287 animum
953 3263 1020 3295 prae
1036 3263 1071 3287 se

27 3300 138 3336 ,ferret
153 3303 330 3336 violentum
344 3306 378 3336 et
389 3304 612 3345 imperiosum,
628 3303 716 3335 cives
733 3311 837 3343 neque
849 3302 918 3342 ejus
933 3299 1072 3333 studiosi

43 3353 145 3391 erant,
165 3360 269 3392 neque
282 3352 378 3384 tidem
394 3351 424 3383 ei
437 3351 611 3391 habebant,
624 3359 738 3383 verum
753 3358 887 3390 regnum
905 3347 1073 3380 obtinebat

45 3397 159 3430 Areus.
173 3399 252 3431 Haec
266 3398 293 3430 ei
309 3398 439 3439 publica
454 3401 522 3431 erat
537 3400 635 3439 atquc
647 3400 743 3430 vetus
759 3406 834 3429 cum
854 3396 982 3428 civibus
998 3403 1074 3435 que·

1110 1187 1205 1231 λίους
1232 1188 1262 1226 δ’
1280 1190 1417 1237 ἱππεῖς,
1441 1188 1632 1243 ἐλέφαντας
1669 1188 1699 1226 δ’
1734 1187 2034 1241 εἰκοσιτέσσαρας,
2055 1187 2147 1226 ὥστε

1110 1249 1161 1300 τῷ
1181 1246 1320 1299 μεγέθει
1336 1250 1398 1294 τῆς
1415 1250 1641 1302 παρασκευῆς
1665 1246 1764 1291 εὐθὺς
1782 1240 1872 1285 εἶναι
1890 1247 2088 1294 κατάδηλον
2107 1247 2147 1284 οὔ

1113 1304 1318 1359 Κλεωνύμῳ
1340 1305 1404 1354 τὴν
1438 1308 1624 1361 Σπάρτην,
1654 1305 1746 1345 ἀλλὰ
1782 1305 1846 1354 τὴν
1876 1305 2147 1353 Πελοπόννησον

1113 1366 1226 1418 ἑαυτῷ
1245 1364 1436 1417 κτώμενον.

1598 1432 1663 1471 49.

1167 1510 1324 1546 Tzetzes
1347 1509 1505 1548 Chiliad.
1539 1512 1607 1556 IV,
1634 1509 1722 1547 hist.
1747 1510 1834 1557 134,
1849 1522 1888 1546 v.
1911 1508 2122 1547 288—312
2141 1522 2151 1545 ε

1239 1567 1403 1610 Φύλαρχος
1420 1569 1487 1600 νέον
1503 1569 1620 1610 ἱστορεῖ
1633 1569 1680 1604 ὡς,
1690 1567 1779 1599 ἀετὸν
1794 1567 1928 1610 θηράσας

1197 1613 1345 1656 ἐθρέψατο
1359 1616 1412 1647 καὶ
1431 1615 1542 1647 εἴθισεν
1558 1616 1666 1658 ἐκείνῳ
1679 1615 1878 1658 παραμένειν,

1200 1661 1243 1697 ὡς
1256 1662 1310 1692 καὶ
1325 1662 1503 1700 νοσήσαντά
1524 1674 1601 1694 ποτε
1613 1663 1666 1694 τὸν
1681 1662 1749 1694 νέον
1765 1662 1942 1704 θεραπεύειν

1199 1711 1252 1742 καὶ
1269 1712 1446 1749 νοσηλεύειν
1462 1712 1566 1748 δεξιῶς
1581 1711 1702 1752 σπουδῇ
1718 1710 1948 1752 συντονωτάτῃ.

1197 1758 1260 1788 Τοῦ
1276 1758 1346 1789 νέου
1359 1759 1540 1796 τεθνηκότος
1555 1759 1587 1790 δὲ
1601 1759 1654 1790 καὶ
1669 1758 1744 1800 πρὸς
1758 1758 1857 1799 πυρὰν
1871 1757 2028 1799 ἀχθέντος,

1197 1804 1215 1836 ὁ
1230 1804 1316 1841 ἀετὸς
1331 1805 1492 1837 συνείπετο
1506 1809 1544 1846 τῇ
1559 1805 1672 1847 ἐκφορᾷ
1684 1809 1721 1846 τῇ
1736 1806 1859 1837 τούτου·

1198 1852 1361 1888 καυθέντος
1375 1853 1485 1884 τούτου
1500 1852 1533 1884 δὲ
1550 1855 1632 1894 πυρᾷ
1646 1853 1700 1884 καὶ
1716 1852 1804 1889 οὗτος
1818 1853 2004 1890 συνεκαύθη.

1199 1899 1262 1930 Καὶ
1276 1900 1399 1938 γυναικὶ
1415 1899 1448 1931 δὲ
1462 1899 1550 1935 ἀετὸς
1565 1899 1730 1941 σύντροφος
1746 1899 1977 1937 συντεθνήσκει,

1198 1948 1244 1987 τῷ
1260 1946 1348 1987 πόθῳ
1366 1947 1479 1985 ταύτης
1493 1946 1610 1978 ἀσιτῶν
1625 1947 1678 1978 καὶ
1693 1947 1876 1985 τελευτήσας
1892 1947 1986 1978 οὕτω.

1198 1994 1260 2025 Καὶ
1278 1993 1394 2036 Πύῤῥῳ
1409 1998 1463 2032 τῆς
1478 1994 1626 2036 Ἠπείρου
1643 1995 1676 2026 δὲ
1695 1997 1740 2035 τῷ
1756 1995 1879 2035 βασιλεῖ
1892 1995 2030 2036 ὑπῆρχεν

1198 2041 1306 2081 ὅμοιος
1319 2042 1438 2078 τούτοις
1457 2041 1544 2078 ἀετὸς
1559 2041 1592 2078 ὃς
1608 2041 1729 2083 ἔχαιρεν
1743 2041 1881 2080 ἀκούων,

1199 2088 1225 2120 εἶ
1240 2088 1285 2126 τίς
1297 2100 1373 2121 ποτε
1387 2089 1630 2132 προσφθέγξαιτο
1644 2088 1766 2131 Πύῤῥος
1779 2089 1796 2120 ὁ
1811 2088 2016 2131 Ἠπειρώτης.

1120 2221 1196 2254 rela.
1212 2223 1286 2254 Jam
1303 2231 1438 2254 uxorem
1456 2222 1632 2254 formosam
1648 2223 1682 2254 et
1697 2220 1827 2253 familiae
1843 2221 1939 2262 regiae
1950 2221 2155 2254 chilonidem

1121 2269 1188 2309 (vel
1196 2269 1680 2311 Chelidonidem),Le0tychidis
1687 2268 1998 2309 filiam,cleonymus
2009 2268 2160 2309 grandior

1119 2318 1199 2349 natu
1212 2316 1447 2356 duxerat.Quae
1453 2317 1596 2350 Acrotati
1607 2326 1728 2357 amore,
1739 2317 1810 2348 Arei
1821 2316 1888 2356 tilii,
1897 2316 2078 2357 deperiens,
2087 2317 2161 2349 ado-

1122 2363 1273 2398 lescentis
1291 2365 1394 2398 forma
1409 2367 1564 2405 venusta,
1578 2364 1711 2397 acerbas
1726 2363 1849 2396 amanti
1874 2363 1990 2395 marito
2002 2364 2159 2404 Juxtaque

1122 2412 1258 2446 infames
1269 2413 1410 2455 praebuit
1422 2413 1563 2454 nuptias.
1579 2414 1691 2453 Neque
1703 2411 1790 2444 enim
1806 2411 1912 2443 civem
1927 2410 2044 2442 latebat
2057 2411 2159 2442 ullum

1122 2460 1163 2492 ab
1180 2470 1281 2493 uxore
1295 2470 1371 2493 eum
1388 2460 1537 2493 fastidiri.
1554 2462 1604 2492 lta
1618 2468 1720 2501 quum
1739 2458 1780 2491 ad
1799 2458 1964 2500 publicam
1981 2458 2160 2490 domestica

1123 2509 1313 2541 accessisset
1332 2508 1511 2550 aegritudo,
1534 2508 1582 2540 ira
1598 2510 1629 2540 et
1654 2507 1755 2539 animi
1778 2505 1889 2538 dolore
1914 2505 2160 2537 consultoribus

1123 2556 1284 2597 Pyrrhum
1311 2558 1461 2597 Spartam
1486 2555 1630 2587 attraxit.
1657 2554 1804 2587 Habebat
1834 2553 1976 2593 Pyrrhus
2012 2552 2158 2593 peditum

1123 2604 1271 2644 quinque
1286 2605 1319 2635 et
1334 2603 1450 2644 viginti
1466 2602 1580 2642 millia,
1595 2602 1742 2643 equitum
1760 2600 1862 2632 millia
1878 2600 1955 2638 duo,
1972 2599 2159 2639 elephantos

1124 2653 1266 2692 quatuor
1283 2653 1317 2684 et
1337 2651 1463 2691 viginti.
1486 2653 1568 2688 Quae
1584 2649 1697 2681 docuit
1713 2647 1822 2680 statim
1852 2645 1953 2677 moles
1986 2647 2160 2686 apparatus

1125 2707 1190 2730 non
1203 2698 1382 2740 Cleonymo
1399 2701 1548 2740 Spartam
1562 2722 1571 2738 ,
1590 2696 1647 2729 sed
1659 2696 1918 2736 Peloponnesum
1935 2692 1998 2724 sibi
2015 2701 2161 2733 quaerere

1126 2746 1300 2787 Pyrrhum.

1612 2802 1675 2835 49.

1190 2868 1382 2907 Phylarchus
1393 2867 1501 2897 scribit
1514 2867 1660 2905 juvenem
1675 2864 1821 2903 aquilam,
1834 2871 1927 2901 quam
1943 2868 2081 2902 ceperat,

1189 2916 1356 2946 nutrivisse
1371 2922 1464 2954 atque
1481 2912 1682 2943 assuefecisse
1701 2917 1736 2940 ut
1754 2919 1859 2939 secum
1877 2915 2098 2949 permaneret,

1192 2964 1270 2994 adeo
1289 2970 1323 2993 ut
1338 2969 1369 2992 et
1384 2961 1562 3002 aegrotantis
1579 2958 1748 2998 aliquando
1763 2957 1884 2995 juvenis
1907 2966 2014 2986 curam
2031 2963 2158 2997 ageret,

1191 3018 1286 3051 atque
1302 3009 1458 3040 laboranti
1472 3008 1594 3038 adesset
1610 3006 1731 3044 dextre,
1749 3004 1852 3034 studio
1865 3005 2083 3034 intentissimo.

1190 3061 1207 3088 J
1212 3068 1308 3088 uvene
1326 3063 1428 3086 autem
1441 3062 1579 3094 mortuo,
1596 3053 1637 3083 ad
1652 3061 1826 3092 rogumque
1839 3051 1948 3090 ducto,

1192 3107 1297 3146 aquila
1313 3111 1418 3134 secuta
1434 3110 1480 3134 est
1495 3103 1562 3142 ejus
1580 3101 1764 3135 elationem3

1193 3160 1305 3184 exusto
1321 3159 1423 3182 autem
1441 3151 1500 3180 hoc
1513 3160 1601 3189 pyra,
1619 3155 1650 3178 et
1664 3149 1722 3177 ista
1738 3145 1830 3176 simul
1846 3150 1957 3175 exusta
1974 3151 2032 3176 est.

1193 3202 1231 3231 Et
1245 3211 1305 3230 uua
1322 3210 1392 3229 eum
1409 3197 1540 3228 muliere
1555 3196 1656 3236 aquila
1675 3194 1804 3230 nutrita,
1823 3194 2041 3232 commoritur,

1195 3247 1350 3277 desiderio
1367 3247 1458 3285 hujus
1472 3256 1489 3274 a
1502 3245 1576 3274 cibo
1591 3243 1748 3273 abstinens
1763 3248 1857 3282 atque
1874 3240 1918 3270 sic
1933 3241 2078 3272 moriens.

1195 3297 1233 3325 Et
1246 3294 1377 3334 Pyrrho,
1393 3292 1479 3332 Epiri
1492 3292 1572 3331 regi,
1590 3297 1656 3320 crat

1197 3343 1303 3373 similis
1319 3342 1365 3371 his
1380 3340 1496 3380 aquila,
1514 3350 1584 3379 quse
1598 3337 1756 3378 gaudebat
1771 3335 1920 3375 audiens,

1198 3393 1222 3421 si
1238 3392 1307 3431 quis
1323 3389 1405 3420 sorte
1422 3388 1549 3418 dixisset
1564 3386 1701 3428 Pyrrhus
1721 3385 1858 3426 Epirota.
