2320 3684
632 150 963 193 APOLLODOBI
990 147 1345 188 BlBLIOTHECAE
1371 149 1423 197 ΙΙ,
1453 155 1486 187 7.

73 245 126 299 (2)
137 244 223 284 Μετ’
240 247 277 284 οὐ
296 242 386 282 πολὺ
402 241 436 280 δὲ
453 241 508 279 ἐπ’
522 238 659 291 Αὐγέαν
678 235 914 286 ἐστρατεύετο,
934 250 1036 272 συνα-

18 305 157 359 Θροίσας
176 302 376 357 Ἀρκαδικὸν
405 298 567 352 στρατὸν,
587 297 647 335 καὶ
664 293 882 348 παραλαὸὼν
898 294 1033 331 ἐθελον-

18 363 79 407 τὰς
89 366 156 402 τῶν
173 362 319 412 [ἀστῶν]
327 359 396 398 ἀπὸ
413 361 474 405 τῆς
492 355 663 398 Ἑλλάδος
684 353 864 408 ἀριστέων.
877 351 1037 402 ’ὶΑὐγέας

19 419 56 459 δὲ
74 420 133 459 τὸν
153 419 213 474 ἀφ’
232 416 445 472 Ἡρακλέους
469 414 622 465 πόλεμον
646 411 796 456 ἀκούων,
822 409 1036 456 κατέστησεν

19 477 168 518 Ἠλείων
191 474 404 531 στρατηγοὺς
419 473 577 527 Εὔρυτον
598 471 656 510 καὶ
674 469 831 510 Κτέατον
851 473 1017 522 συμφυεῖς
1029 498 1037 514 ,

19 537 53 577 οἳ
70 537 215 589 δυνάμει
235 535 313 580 τοὺς
327 534 404 574 τότε
421 532 621 587 ἀνθρώπους
637 529 886 583 ὓπερέὸαλλον.
908 528 1038 570 Παῖδες

20 596 56 636 δὲ
74 591 163 644 ἦσαν
186 593 360 641 Μολιόνης
380 592 440 631 καὶ
462 591 643 652 Ἄκτορος,
664 589 823 641 ἐλέγοντο
847 587 882 626 δὲ
913 588 1040 625 Ποσει-

21 655 143 698 δῶνος·
161 653 298 706 Ἄκτωρ
327 651 363 691 δὲ
382 650 526 704 ἀδελφὸς
561 653 603 697 ἠν
627 648 774 700 Αὐγέου,
806 645 969 692 3Συνέὸη
1004 643 1038 682 δὲ

19 711 210 766 Ἡρακλεῖ,
237 709 326 749 κατὰ
357 709 420 756 τὴν
447 707 630 762 στρατείαν
656 709 815 753 νοσῆσαι.
844 703 912 744 Διὰ
939 707 1040 742 τοῦτο

21 770 80 811 καὶ
98 768 247 813 σπονδὰς
266 769 351 820 πρὸς
367 767 446 813 τοὺς
465 767 674 810 Μολιονίδας
692 765 895 812 ἐποιήσατο.
913 765 959 803 Οἱ
981 761 1015 800 δὲ
1029 793 1039 810 ,

22 827 162 883 ὕστερον
197 826 392 879 ἐπιγνόντες
415 826 517 864 αὐτὸν
541 829 728 872 νοσοῦντα,
752 822 962 862 ἐπιτίθενται
989 823 1040 874 τῷ

22 886 276 942 στρατεύματι,
304 886 363 924 καὶ
381 884 552 924 κτείνουσι
570 882 728 927 πολλούς.
748 885 765 910 4
777 882 868 921 Τότε
896 879 958 930 μὲν
982 874 1040 918 οῧν

22 945 241 999 ἀνεχώρησεν
258 944 453 997 Ἡρακλῆς·
480 937 576 986 αὖθις
592 940 647 990 δὲ,
667 944 728 988 τῆς
746 942 864 994 τρίτης
884 938 1041 991 Ἰσθμιά-

24 1005 78 1048 δος
92 1002 319 1055 τελουμένης,
336 1002 484 1040 Ἠλείων
504 1001 582 1046 τοὺς
595 1000 806 1043 Μολιονίδας
825 998 1040 1051 πεμψάντων

19 1060 210 1110 συνθύτας,
229 1062 264 1099 ἐν
284 1061 463 1104 Κλεωναῖς
479 1058 695 1113 ἐνεδρεύσας,
708 1057 850 1102 τούτους
866 1057 1043 1111 Ἡρακλῆς

23 1120 224 1169 ἀπέκτεινε,
243 1119 302 1159 καὶ
328 1118 630 1174 στρατευσάμενος
654 1119 711 1157 ἐπὶ
743 1117 807 1165 τὴν
831 1111 938 1157 ’Ἦλιν
973 1111 1043 1154 εἷλε

22 1178 87 1227 τὴν
112 1178 225 1218 πόλιν.
249 1178 349 1218 ε’Καὶ
364 1178 499 1222 κτείνας
521 1177 610 1229 μετὰ
637 1181 705 1216 τῶν
729 1177 862 1216 παίδων
893 1174 1043 1229 Αὐγέαν,

23 1237 202 1290 κατήγαγε
224 1236 368 1286 Φυλέα,
385 1236 445 1276 καὶ
472 1236 584 1290 τούτῳ
609 1235 671 1284 τὴν
700 1235 878 1288 βασιλείαν
904 1234 1042 1273 ἔδωκεν.

25 1297 42 1322 ⁸
53 1295 189 1344 Ἔθηκε
207 1295 244 1335 δὲ
258 1295 317 1348 κθ
335 1296 393 1335 τὸν
414 1295 654 1347 Ὀλυμπιακὸν
681 1298 799 1347 ἀγῶνα
809 1310 817 1318 ·
831 1293 991 1337 Πέλοπός
1007 1309 1045 1331 τε

26 1355 144 1408 βωμὸν
164 1354 351 1409 ἱδρύσατο,
366 1355 425 1393 καὶ
442 1357 527 1393 θεῶν
549 1354 683 1393 δώδεκα
705 1353 844 1407 βωμοὺς
858 1353 935 1400 ἑξῆς
950 1351 1003 1406 (ἔξ
1017 1353 1046 1403 ?)

25 1412 199 1466 ἐδείματο.

79 1472 132 1524 (3)
154 1471 255 1511 Μετὰ
274 1469 310 1510 δὲ
331 1470 395 1519 τὴν
412 1470 556 1515 Ἤλιδος
574 1471 716 1517 ἅλωσιν,
746 1470 972 1525 ἐστράτευσεν
989 1469 1046 1508 ἐπὶ

26 1528 158 1580 Πύλον,
174 1530 234 1569 καὶ
248 1530 312 1578 τὴν
330 1529 430 1569 πόλιν
450 1529 551 1579 ἑλὼν,
571 1529 831 1585 Περικλύμενον
849 1529 973 1568 κτείνει
988 1529 1046 1568 τὸν

27 1587 269 1641 ἃλκιμώτατον
286 1591 354 1628 τῶν
375 1588 520 1636 Νηλέως
534 1588 722 1637 παίδων,ὃς
741 1587 971 1640 μεταὸάλλων
988 1587 1049 1631 τὰς

27 1645 163 1701 μορφὰς
172 1647 336 1700 ἐμάχετο.
350 1647 421 1687 Τὸν
434 1646 469 1686 δὲ
483 1646 605 1695 Νηλέα
622 1647 682 1686 καὶ
695 1646 772 1690 τοὺς
783 1648 910 1691 παῖδας
930 1648 1046 1695 αὐτοῦ,

25 1706 134 1760 χωρὶς
146 1705 342 1761 Νέστορος,
364 1705 558 1745 ἀπέκτεινε.
590 1702 702 1750 Οῧτος
732 1706 768 1744 δὲ
789 1705 863 1749 νέος
881 1705 928 1744 ὢν
953 1706 1048 1759 παρὰ

26 1763 201 1819 Γερηνίοις
235 1765 408 1820 ἐτρέφετο.
437 1766 541 1804 Κατὰ
565 1765 602 1804 δὲ
627 1765 690 1813 τὴν
710 1765 829 1818 μάχην
859 1764 917 1803 καὶ
941 1763 1047 1821 ᾍδην

27 1821 156 1877 ἔτρωσε
179 1824 322 1868 Πυλίοις
340 1827 542 1877 βοηθοῦντα.

79 1880 211 1922 2Ἑλὼν
227 1881 262 1922 δὲ
277 1882 341 1931 τὴν
356 1883 487 1933 Πύλον,
499 1884 701 1938 ἐστράτευεν
712 1884 769 1924 ἐπὶ
790 1884 1049 1936 Λακεδαίμονα,

0 1991 5 1997 1
29 1942 202 1992 μετελθεῖν
220 1941 299 1986 τοὺς
315 1942 567 1987 Ἱπποκόωντος
588 1945 713 1987 παῖδας
729 1944 847 1983 θέλων.
866 1944 1050 1998 Ὠργίζετο

28 1997 93 2050 μὲν
112 1998 178 2054 γὰρ
195 2002 329 2051 αὐτοῖς,
347 2001 406 2040 καὶ
427 2001 514 2041 διότι
540 2003 652 2050 Νηλεῖ
670 2002 935 2056 συνεμάχησαν,
954 2005 1046 2054 μᾶλ-

27 2058 87 2098 λον
107 2058 143 2098 δὲ
161 2059 314 2114 ὠργίσθη
327 2091 337 2109 ,
351 2059 405 2099 ὅτι
419 2060 478 2100 τὸν
494 2061 688 2113 Λικυμνίου
704 2063 814 2101 παῖδα
831 2061 1049 2101 ἀπέκτειναν.

28 2115 244 2170 8Θιεωμείνου
259 2119 326 2174 γὰρ
346 2121 451 2159 αὐτοῦ
475 2119 520 2158 τὰ
533 2120 786 2165 Ἱπποκόωντος
798 2121 959 2174 βασίλεια
971 2153 980 2170 ,
991 2122 1051 2159 ἐκ-

29 2176 172 2231 δραμὼν
188 2175 280 2216 κύων
300 2181 369 2217 τῶν
390 2180 616 2218 Μολοττικῶν
647 2180 702 2218 ἐπ’
723 2180 824 2219 αὐτὸν
857 2180 996 2235 ἐφέρετο
1008 2196 1016 2204 ·
1034 2184 1052 2219 ὃ

29 2235 87 2287 δὲ,
109 2235 225 2288 βαλὼν
245 2235 352 2285 λίθον,
370 2236 519 2290 ἐπέτυχε
538 2241 598 2276 τοῦ
621 2239 732 2282 κυνός.
751 2239 1052 2293 Ἐκτροχάσαντες

30 2293 66 2334 δὲ
84 2297 116 2333 οἱ
134 2295 422 2334 Ἱπποκοωντίδαι
438 2327 448 2345 ,
469 2296 529 2335 καὶ
551 2296 737 2342 τύπτοντες
753 2298 855 2337 αὐτὸν
880 2304 950 2342 τοῖς
971 2314 1048 2337 σκυ-

29 2353 166 2402 τάλοις,
188 2353 407 2393 ἀπέκτειναν.
430 2355 502 2394 Τὸν
527 2355 563 2395 δὲ
590 2356 714 2395 τούτου
730 2357 876 2396 θάνατον
893 2359 1052 2407 ἐκδικῶν,

30 2413 211 2467 στρατείαν
226 2413 283 2452 ἐπὶ
294 2415 574 2466 Λακεδαιμονίαν
594 2416 806 2470 συνήθροιζε.
826 2417 920 2456 4Καὶ
933 2433 1052 2471 παρα-

30 2469 208 2523 γενόμενος
234 2473 280 2516 εἷς
296 2473 491 2526 Ἀρκαδίαν,
512 2474 609 2522 ἠξίου
633 2475 694 2513 καὶ
718 2476 843 2529 Κηφέα
870 2476 959 2527 μετὰ
981 2479 1050 2515 τῶν

31 2529 181 2578 παίδων,
195 2524 243 2569 ὧν
264 2528 369 2584 εἶχεν,
390 2531 518 2582 εἴκοσι,
537 2540 752 2587 συμμαχεῖν.
774 2534 903 2579 Δεδιὼς
922 2533 957 2573 δὲ
978 2537 1054 2583 Κη-

32 2587 108 2642 φεὺς
120 2617 131 2635 ,
149 2589 221 2640 μὴ,
240 2591 493 2636 καταλιπόντος
516 2594 621 2632 αὐτοῦ
639 2593 788 2646 Τέγεαν,
819 2594 964 2648 Ἀργεῖοι
980 2597 1053 2633 ἐπι-

33 2647 334 2701 στρατεύσωνται,
350 2649 414 2697 τὴν
434 2652 618 2705 στρατείαν
652 2655 803 2706 ἠρνεῖτο.
820 2653 996 2708 Ἡρακλῆς
1017 2653 1053 2693 δὲ

31 2706 113 2760 παρ’
134 2707 277 2755 Ἀθηνᾶς
293 2709 411 2748 λαὸὼν
434 2712 469 2749 ἐν
496 2711 596 2765 ὑδρία
613 2714 730 2765 χαλκῆ
753 2712 944 2766 βόστρυχον
964 2715 1052 2766 Γορ-

32 2762 145 2819 γόνος,
167 2767 329 2822 Στερόπῃ
354 2769 517 2824 (Ἀερόπῃ
529 2772 557 2821 Ρ)
576 2774 620 2823 τῇ
644 2771 793 2826 Κηφέως
822 2773 965 2826 θυγατρὶ
996 2773 1049 2811 δί-

34 2822 150 2874 δωσιν,
168 2825 291 2876 εἰπὼν,
315 2826 374 2866 ἐὰν
391 2829 472 2881 ἐπίῃ
494 2830 659 2884 στρατὸς,
678 2831 750 2884 τρὶς
769 2831 991 2884 ἀνασχούσης
1012 2834 1052 2871 ἐκ

32 2884 100 2924 τῶν
114 2889 239 2939 τειχῶν
253 2887 310 2927 τὸν
329 2887 520 2943 βόστρυχον
539 2890 598 2929 καὶ
614 2889 663 2942 μὴ
678 2890 904 2944 προῖδούσης,
918 2892 1051 2946 τροπὴν

33 2942 100 2980 τῶν
126 2945 301 2996 πολεμίων
327 2945 476 2986 ἔσεσθαι.
497 2946 656 2988 ὅΤούτου
685 2949 891 3001 γενομένου,
911 2950 1051 3005 Κηφεὺς

35 2998 121 3049 μετὰ
149 3004 217 3041 τῶν
246 3003 381 3049 παίδων
408 3006 605 3060 ἐστράτευε.
639 3008 711 3048 Καὶ
740 3007 831 3047 κατὰ
848 3009 911 3056 τὴν
931 3009 1051 3062 μάχην

34 3057 132 3103 αὐτός
146 3075 184 3098 τε
201 3061 260 3100 καὶ
284 3065 314 3101 οἱ
327 3065 447 3108 παῖδες
458 3065 561 3104 αὐτοῦ
575 3065 777 3105 τελευτῶσι·
794 3067 854 3106 καὶ
871 3068 956 3121 πρὸς
972 3067 1053 3106 τού-

35 3129 103 3161 τοις
120 3116 272 3172 Ἴφικλος
292 3125 310 3160 ὁ
326 3126 386 3160 τοῦ
405 3122 619 3175 Ἡρακλέους
640 3125 798 3179 ἀδελφός.
820 3125 1000 3180 Ἡρακλῆς
1017 3126 1053 3166 δὲ

34 3173 168 3220 κτείνας
184 3178 242 3216 τὸν
261 3177 502 3220 Ἱπποκόωντα
515 3183 575 3221 καὶ
592 3182 673 3226 τοὺς
690 3185 816 3227 παῖδας
831 3188 936 3223 αὐτοῦ
949 3216 959 3234 ,
976 3201 1054 3237 χει-

36 3232 230 3286 ρωσάμενος
245 3236 309 3284 τὴν
327 3238 442 3287 πόλιν,
461 3241 650 3295 Τυνδάρεω
663 3242 889 3294 καταγαγὼν,
909 3242 971 3290 τὴν
993 3246 1052 3295 βα-

28 3291 163 3332 σιλείαν
177 3295 356 3350 παρέδωκε
371 3298 494 3353 τούτῳ.

85 3351 142 3405 (4)
162 3355 305 3409 Παριὼν
320 3356 355 3396 δὲ
370 3359 504 3412 Τέγεαν
523 3360 712 3415 Ἡρακλῆς,
724 3361 788 3408 τὴν
800 3361 918 3413 Αὔγην
937 3362 1053 3400 Ἀλεοῦ

137 3429 329 3462 FRAGMENTA
352 3440 485 3463 ffls‘ronu
497 3440 596 3465 onum.

2040 150 2110 183 145

1137 243 1183 284 (2)
1206 246 1271 276 Nec
1291 244 1394 277 multo
1412 246 1502 286 post,
1518 242 1651 275 collecto
1669 241 1830 274 Arcadum
1846 241 1988 273 exercitu
2016 242 2048 272 et
2064 248 2112 272 as-

1096 307 1232 348 sumptis
1245 317 1283 341 ex
1298 308 1456 350 (urbibus)
1471 308 1605 340 Graeciae
1619 306 1789 340 volonibus
1796 305 1992 344 fortissimis,
2003 306 2115 336 contra

1096 372 1241 410 Augeam
1264 372 1405 413 suscepit
1423 372 1671 413 expeditionem.
1685 374 1831 412 2Augeas
1844 370 1884 402 ab
1898 369 2036 403 Hercule
2054 369 2115 401 bel-

1096 432 1163 463 lum
1179 432 1240 464 sibi
1260 435 1366 474 parari
1388 434 1523 467 audiens
1542 434 1694 467 Eleorum
1715 434 1813 467 duces
1834 432 2001 466 constituit
2018 435 2116 472 Eury-

1099 499 1168 528 tum
1191 499 1223 530 et
1238 500 1387 530 Cteatum
1402 523 1411 539 ,
1427 500 1484 540 qui
1502 499 1535 532 in
1559 509 1662 532 unum
1691 508 1808 541 corpus
1829 498 1970 531 concreti
1991 498 2116 530 viribus

1098 569 1210 592 omnes
1232 563 1311 592 tunc
1341 562 1495 603 temporis
1517 563 1668 596 mortales
1689 563 1894 604 superabant.
1918 561 1991 595 Filii
2027 564 2118 594 erant

1098 624 1254 657 Moliones
1271 627 1303 657 et
1317 626 1462 667 Actoris,
1479 627 1552 659 licet
1567 629 1704 670 Neptuni
1721 637 1791 661 esse
1807 629 1999 661 dicerentur.
2020 631 2118 661 Actor

1099 690 1196 722 frater
1209 691 1277 722 erat
1295 693 1422 732 Augeae.
1447 692 1588 725 ⁵Accidit
1602 696 1708 725 autem
1724 694 1761 726 ut
1776 693 1860 726 inter
1881 693 2118 735 expeditionem

1099 755 1252 787 Hercules
1268 755 1301 787 in
1328 755 1477 788 morbum
1500 757 1664 790 incideret.
1688 759 1792 796 Quam
1813 758 1855 790 ob
1881 766 2028 790 caussam
2043 766 2118 790 cum

1100 819 1284 852 Molionidis
1299 819 1446 852 inducias
1462 820 1547 852 fecit.
1565 821 1605 853 Hi
1621 831 1698 854 vero
1713 831 1813 863 quum
1826 824 1937 863 postea
1949 823 2118 855 Herculem

1101 884 1214 916 morbo
1232 884 1377 916 laborare
1399 885 1626 926 rescivissent,
1649 887 1717 927 eJus
1739 886 1846 927 copias
1867 887 1992 919 insidiis
2015 896 2120 928 aggre-

1101 949 1234 982 diuntur
1248 949 1405 982 etmultos
1416 950 1698 982 t1·ucidant.⁴Tunc
1707 949 1804 992 igitur
1814 952 1966 984 Hercules
1977 952 2119 991 recessit;

1100 1016 1213 1056 postea
1235 1023 1322 1055 vero,
1340 1013 1396 1046 ubi
1412 1013 1544 1046 tertium
1559 1014 1600 1046 ab
1615 1023 1652 1046 eo
1668 1015 1811 1055 tempore
1823 1015 1890 1047 ludi
1906 1016 2053 1048 Isthmici
2069 1025 2121 1048 ce-

1101 1080 1320 1119 lebrabantur,
1328 1079 1445 1112 missos
1458 1080 1499 1112 ab
1511 1079 1597 1112 Eleis
1614 1079 1652 1111 ad
1670 1088 1760 1111 sacra
1772 1079 1916 1112 facienda
1925 1082 2122 1114 Molionidas

1102 1145 1144 1177 ad
1163 1145 1299 1178 Cleonas
1312 1153 1352 1177 ex
1367 1144 1492 1177 insidiis
1507 1143 1668 1177 interemit
1686 1146 1718 1176 et
1732 1144 1839 1176 ductis
1856 1147 1969 1178 contra
1983 1146 2056 1178 Elin
2072 1155 2122 1178 co-

1103 1210 1165 1251 piis
1177 1209 1289 1242 urbem
1297 1209 1392 1251 cepit;
1403 1209 1594 1250 succisoque
1604 1217 1679 1241 cum
1695 1209 1768 1241 filiis
1784 1211 1891 1250 Augea
1904 1210 2032 1242 reduxit
2043 1211 2124 1251 Phy-

1104 1275 1201 1314 leum,
1216 1274 1310 1315 eique
1325 1283 1458 1315 regnum
1468 1273 1609 1305 tradidit.
1618 1275 1791 1306 ⁶Praeterea
1803 1274 1900 1306 etiam
1911 1273 2005 1306 ludos
2021 1275 2127 1315 Olym-

1104 1340 1193 1381 picos
1206 1339 1358 1380 instituit,
1375 1347 1413 1371 ac
1427 1338 1552 1380 Pelopis
1568 1347 1658 1370 aram
1669 1338 1882 1378 consecravit,
1898 1346 1958 1370 nec
1977 1347 2042 1370 non
2056 1347 2127 1370 aras

1105 1404 1278 1437 duodecim
1292 1404 1427 1436 deorum
1442 1412 1482 1436 ex
1498 1403 1611 1436 ordine
1623 1403 1795 1435 dedicavit.

1149 1475 1194 1517 (3)
1215 1478 1293 1508 Post
1306 1475 1431 1507 Elidem
1445 1477 1572 1516 captam
1583 1474 1738 1507 adversus
1754 1474 1868 1515 Pylum
1885 1474 2048 1515 profectus
2066 1475 2127 1513 est,

1106 1535 1203 1576 atque
1214 1534 1294 1581 urhe
1309 1535 1430 1575 potitus
1438 1533 1691 1574 Periclymenum
1704 1533 1874 1573 interfecit,
1888 1533 1975 1565 Nelei
1990 1532 2129 1564 filiorum

1107 1593 1318 1625 fortissimum
1332 1615 1342 1632 ,
1359 1592 1416 1634 qui
1440 1591 1522 1624 inter
1542 1591 1751 1633 pugnandum
1772 1592 1807 1623 in
1829 1591 1934 1623 varias
1954 1591 2074 1623 formas
2096 1600 2131 1622 se

1107 1651 1353 1684 transmutabat.
1377 1651 1510 1683 Neleum
1526 1660 1655 1691 quoque
1674 1652 1861 1691 ceterosque
1877 1651 1946 1691 ejus
1960 1650 2062 1690 filios,
2080 1658 2131 1682 ex-

1108 1712 1200 1751 cepto
1216 1712 1359 1750 Nestore,
1377 1708 1515 1742 necavit.
1534 1709 1595 1741 Hic
1615 1708 1700 1741 enim
1718 1718 1796 1750 puer
1812 1709 1920 1741 adhuc
1934 1708 2020 1750 apud
2037 1709 2147 1741 Gere-'

1107 1770 1180 1802 nios
1194 1768 1402 1802 educabatur.
1421 1770 1460 1803 In
1474 1768 1587 1803 eadem
1605 1777 1710 1811 pugna
1729 1768 1824 1801 etiam
1846 1768 2016 1801 Plutonem
2032 1768 2132 1809 Pyliis

1108 1829 1320 1871 opitulantem
1337 1828 1529 1861 vulneravit.

1149 1889 1358 1929 ⁹Expugnata
1370 1887 1461 1929 Pylo,
1477 1887 1639 1929 profectus
1658 1888 1708 1919 est
1723 1889 1835 1919 contra
1850 1886 2132 1923 Lacedaemonem,

1109 1958 1341 2000 Hippocoontis
1360 1957 1441 1991 filios
1454 1958 1645 2000 puniturus3
1661 1957 1792 1999 quibus,
1809 1958 1894 1999 quod
1909 1957 2005 1991 Neleo
2021 1966 2134 1999 suppe-

1109 2029 1170 2062 tias
1184 2029 1354 2069 tulissent,
1375 2028 1478 2070 magis
1494 2029 1621 2067 autem,
1637 2027 1727 2069 quod
1751 2027 1911 2068 Licymnii
1936 2026 2040 2063 filium
2057 2027 2135 2059 occi-

1110 2103 1244 2143 dissent,
1259 2102 1480 2136 succensebat.
1500 2104 1585 2134 3Ηοο
1597 2101 1684 2134 enim
1691 2101 1922 2142 Hippocoontis
1933 2100 2051 2142 regiam
2064 2109 2136 2132 con·

1110 2172 1305 2214 templante,
1327 2171 1491 2204 Molossici
1513 2171 1637 2212 generis
1658 2170 1747 2203 canis
1766 2170 1799 2202 in
1814 2179 1890 2202 eum
1911 2170 2015 2211 erupit
2032 2180 2040 2201 τ
2057 2179 2135 2211 puer

1112 2245 1218 2287 lapide
1235 2254 1347 2278 canem
1364 2244 1459 2277 fexiit.
1473 2246 1557 2276 Tum
1573 2243 1842 2285 Hippocoontidae
1857 2246 2059 2276 accurrentes
2085 2243 2133 2275 t'u-

1112 2317 1216 2349 stibus
1222 2325 1297 2350 eum
1305 2318 1469 2349 necarunt.
1479 2315 1584 2355 HuJus
1592 2313 1690 2355 igitur
1697 2322 1808 2346 necem
1818 2314 1946 2346 ulturus
1959 2312 2134 2346 exercitum

1113 2388 1147 2419 in
1163 2386 1428 2419 Lacedaemonem
1450 2384 1670 2426 comparavit:
1690 2385 1800 2423 ⁴atque
1822 2383 1855 2414 in
1877 2382 2045 2415 Arcadiam
2064 2390 2134 2422 pro-

1112 2466 1239 2498 gressus
1252 2457 1418 2498 Cepheum
1434 2465 1563 2498 quoque
1575 2466 1650 2489 cum
1677 2456 1793 2498 viginti
1808 2464 1891 2496 quos
1905 2453 2043 2486 habebat
2059 2453 2132 2484 filiis

1112 2526 1185 2559 belli
1203 2525 1327 2558 socium
1345 2534 1415 2558 esse
1433 2525 1548 2558 voluit.
1566 2526 1608 2557 At
1624 2525 1784 2565 Cepheus,
1802 2522 1923 2554 veritus
1935 2530 1975 2553 ne
1990 2520 2132 2552 relictam

1112 2607 1130 2631 a
1144 2607 1179 2631 se
1191 2599 1327 2639 Tegeam
1341 2596 1450 2638 Argivi
1460 2595 1544 2628 bello
1553 2594 1743 2627 invaderent
1759 2617 1768 2633 ‚
1782 2591 2020 2633 expeditionem
2033 2588 2134 2620 detre-

1112 2669 1232 2702 ctabat.
1247 2670 1332 2701 Tum
1348 2667 1501 2700 Hercules
1517 2667 1684 2706 acceptum
1701 2673 1719 2695 a
1734 2663 1879 2695 Minerva
1894 2660 1928 2691 in
1941 2668 2022 2691 urna
2044 2667 2133 2690 aenea

1113 2739 1271 2781 Gorgonis
1287 2738 1474 2771 cincinnum
1490 2738 1630 2776 Steropae
1645 2732 1825 2774 (Aeropae?)
1845 2729 1964 2770 Cephei
1987 2727 2062 2760 filiae
2080 2727 2133 2759 de-

1112 2810 1173 2851 dit,
1189 2809 1296 2842 verhis
1312 2808 1434 2841 addens
1452 2816 1459 2838 :
1478 2806 1505 2838 si
1527 2803 1670 2837 exercitu
1683 2800 1883 2843 aggrediente
1904 2799 1952 2831 ter
1970 2798 2010 2831 de
2032 2797 2133 2830 muris

1112 2879 1299 2911 cincinnum
1320 2885 1433 2909 averso
1457 2874 1550 2906 vultu
1568 2873 1759 2908 ostentaret,
1783 2869 1891 2901 hostes
1907 2868 1941 2900 in
1964 2868 2074 2909 fugam
2097 2877 2130 2901 se.

1112 2957 1323 2983 conversuros
1330 2955 1409 2979 esse.
1428 2948 1514 2983 ¹‘Quo
1527 2944 1610 2976 facto
1621 2941 1767 2982 Cepheus
1782 2948 1858 2972 cum
1875 2938 1948 2971 filiis
1960 2939 2129 2980 expeditio-

1112 3029 1186 3054 nem
1202 3021 1331 3054 secutus
1349 3019 1407 3048 est.
1434 3016 1538 3055 Atque
1561 3012 1595 3043 in
1622 3019 1728 3052 pugna
1742 3012 1775 3042 et
1800 3010 1868 3050 ipse
1889 3010 1923 3042 et
1957 3008 2014 3041 filii
2045 3017 2123 3042 occu

1112 3093 1221 3129 buere,
1236 3090 1387 3130 praeterea
1397 3086 1493 3118 etiam
1506 3082 1648 3124 Iphiclus
1658 3081 1754 3112 frater
1767 3079 1925 3112 Herculis.
1943 3078 2004 3111 Hic
2012 3080 2130 3117 autem,

1113 3167 1197 3191 caeso
1215 3155 1436 3197 Hippocoonte
1454 3153 1487 3184 et
1513 3151 1582 3192 ejus
1596 3149 1681 3189 filiis,
1698 3148 1779 3181 urbe
1794 3147 1916 3189 potitus
1929 3147 2132 3188 Tyndareum

1113 3227 1243 3260 reduxit
1252 3225 1343 3265 eique
1357 3230 1491 3262 regnum
1506 3219 1651 3253 tradidit.

1156 3369 1200 3410 (4)
1215 3370 1275 3401 Per
1290 3368 1426 3406 Tegeam
1442 3364 1502 3397 iter
1519 3363 1637 3395 faciens
1654 3361 1807 3395 Hercules
1823 3364 1935 3402 Augen
1954 3359 2021 3392 Alei
2033 3358 2130 3391 tiliam

1976 3420 2012 3449 10
