2320 3684
124 208 199 242 268

122 290 211 329 νίαν.
239 289 356 342 Χωρὶς
386 287 423 327 δὲ
445 290 515 326 τῶν
544 286 738 341 χρημάτων
766 285 898 324 τούτων
931 285 1148 339 στρατιώτας

122 348 341 387 ὑπεδείκνυεν
359 346 527 400 ὑπάρχειν
543 348 587 397 τῇ
601 344 723 393 πόλει,
739 345 847 398 χωρὶς
859 344 1074 397 συμμάχων,
1087 345 1147 383 καὶ

121 404 192 440 τῶν
212 403 247 440 ἐν
264 406 333 443 τοῖς
356 399 528 453 φρουρίοις
544 398 667 446 ὄντων,
682 399 825 441 ὁπλίτας
843 397 906 449 μὲν
927 398 1069 450 μυρίους
1088 398 1149 436 καὶ

123 460 337 512 δισχιλίους,
359 458 437 500 τοὺς
463 458 530 495 δἐν
556 462 628 500 τοῖς
651 456 824 510 φρουρίοις
850 456 1041 500 &vm-md
1071 455 1150 500 τοὺς

125 518 306 570 μετοίκους
328 517 497 570 ὑπάρχειν
516 515 656 558 πλείους
687 517 757 553 τῶν
785 515 916 569 μυρίων
936 518 1149 568 ἑπτακισχι-

122 577 207 616 λίων
221 593 230 601 ·
254 575 405 630 τριήρεις
420 591 457 613 τε
478 574 540 617 τὰς
572 572 751 627 παρούσας
778 574 990 628 τριακοσίας.
1008 574 1101 618 Τοὺς
1116 574 1151 613 δὲ

122 634 420 686 Λακεδαιμονίους
446 632 641 686 χρημάτων
661 649 700 671 τε
730 633 906 678 σπανίζειν
927 633 1150 682 ἀπεδείκνυε,

123 695 183 732 καὶ
197 700 271 737 ταῖς
287 697 467 734 ναυτικαῖς
484 691 654 742 δυνάμεσι
670 690 760 730 πολὺ
775 691 955 731 λείπεσθαι
972 694 1042 730 τῶν
1054 694 1152 739 Αθη-

122 753 241 791 ναίων.
262 754 388 791 Ταῦτα
405 749 561 799 διελθὼν,
581 749 640 788 καὶ
657 750 889 805 παρορμήσας
908 750 987 794 τοὺς
1008 750 1153 794 πολίτας

123 813 170 855 εἷς
193 810 251 849 τὸν
269 809 436 862 πόλεμον,
457 808 573 847 ἔπεισε
592 809 650 848 τὸν
675 810 785 861 δῆμον
806 809 855 861 μὴ
877 808 1064 862 προσέχειν
1083 815 1155 853 τοῖς

123 868 427 920 Λακεδαιμονίοις.
445 869 569 907 Ταῦτα
590 866 626 905 δὲ
648 868 773 922 ῥαδίως
791 867 991 907 συνετέλεσε
1017 867 1075 906 διὰ
1090 867 1153 915 τὴν

123 926 304 974 δεινότητα
315 931 374 965 τοῦ
385 926 503 978 λόγου,
513 924 606 972 δι’ἣν
619 927 732 964 αἰτίαν
745 925 935 978 ὠνομάσθη
945 925 1154 977 Ὀλύμπιος.

598 990 683 1029 120.

176 1054 404 1102 Harpocrat.
424 1065 432 1088 τ
452 1048 680 1103 Ἀρχιδάμιος
701 1049 853 1101 πόλεμος
857 1078 922 1087 .....
941 1048 1000 1087 Τὰ
1032 1051 1156 1103 πρῶτα

125 1109 209 1148 δέκα
231 1108 292 1156 ἔτη
312 1112 374 1147 τοῦ
393 1109 727 1155 Πελοποννησιακοῦ
754 1107 911 1159 πολέμου
934 1107 1157 1160 Ἀρχιδάμιος

124 1166 254 1214 ἐκλήθη
270 1166 443 1219 πόλεμος,
460 1168 507 1210 ὣς
522 1165 631 1204 ἔοικεν
650 1165 719 1204 ἀπὸ
731 1170 793 1205 τοῦ
808 1166 866 1205 τὸν
885 1166 1094 1219 Ἀρχίδαμον
1110 1168 1158 1210 εἷς

123 1225 187 1273 τὴν
212 1226 370 1273 Ἀττικὴν
392 1225 572 1277 ἐμὸαλεῖν,
588 1224 681 1263 καθὰ
695 1225 913 1272 Θουκυδίδης
930 1225 990 1263 καὶ
1006 1223 1159 1279 Ἔφορος

124 1284 184 1322 καὶ
205 1283 428 1336 Ἀναξιμένης
447 1284 565 1338 φασίν.

179 1343 321 1381 Eadem
356 1344 534 1394 leguntur
565 1345 604 1383 in
641 1342 844 1394 Apostolio
873 1345 982 1380 Ceut.
1006 1344 1073 1388 IV,
1093 1343 1158 1392 30,

125 1403 248 1440 solum
265 1402 423 1440 additis:
438 1401 495 1440 ἐπὶ
522 1405 591 1441 τῶν
611 1402 690 1440 λίαν
707 1403 842 1454 πικρῶν
861 1398 1040 1451 πολέμων.
1060 1404 1159 1438 For-

126 1470 226 1500 tasse
239 1462 385 1512 Ephori
403 1469 511 1509 sunt,
529 1470 572 1499 ut
603 1468 734 1499 monet
762 1459 952 1506 Marxius,
968 1472 1055 1510 quae
1072 1460 1158 1497 Sui-

125 1520 190 1558 das
209 1534 244 1558 v.
275 1518 453 1564 Ἰδιοξενία
482 1521 530 1558 de
551 1520 785 1558 Archidamo
815 1526 957 1557 narrat.
987 1518 1095 1555 Idem
1120 1518 1159 1555 in

125 1579 323 1618 Addendis
341 1579 489 1629 Ephori
509 1592 591 1616 esse
618 1579 834 1629 suspicatur
859 1577 1158 1628 descriptionem

128 1638 246 1688 pestis
266 1638 369 1688 apud
388 1638 551 1676 Diodor.
571 1641 660 1686 XII,
677 1637 739 1682 45.

602 1696 687 1734 121.

180 1755 338 1793 Diodor.
351 1757 460 1803 XIII,
479 1761 524 1799 41
543 1755 766 1794 :Mindarus
779 1753 1159 1792 Lacedaemoniorum

128 1814 237 1851 classi
269 1814 473 1865 praefectus
489 1827 512 1851 a
531 1814 638 1852 clade
662 1813 788 1851 navali
813 1812 902 1863 fuga
919 1812 959 1850 in
979 1812 1160 1861 Abydum

127 1872 301 1922 elapsus,
322 1886 438 1910 naves
459 1886 662 1910 concussas
676 1871 819 1918 reficit,
837 1879 876 1908 et
899 1871 939 1908 in
958 1870 1160 1918 Euboeam,

127 1931 176 1967 ad
196 1932 369 1969 triremes
387 1931 476 1969 inde
498 1931 744 1969 adducendas
758 1959 768 1977 ,
794 1930 970 1980 Epiclem
1002 1932 1159 1980 Sparta-

127 2003 221 2027 num
239 2003 448 2040 properare
457 1990 581 2040 jubet.
598 1990 675 2036 Qui
688 1989 801 2027 celeri
816 1989 907 2026 illuc
917 2001 1031 2026 cursu
1046 1996 1162 2025 trans-

126 2057 284 2097 vectus,
312 2049 477 2086 navibus
507 2049 788 2099 quinquaginta
826 2048 1012 2095 collectis,
1043 2060 1161 2098 quum

129 2115 299 2145 montem
327 2107 432 2145 Atho
455 2109 740 2158 praeterlegeret
752 2137 762 2154 ,
781 2115 1007 2158 tempestate
1024 2105 1161 2143 obrui-

130 2174 192 2203 tur
216 2175 342 2212 tanta,
366 2165 458 2204 ὥστε
488 2165 550 2209 τὰς
575 2165 637 2216 μὲν
662 2169 744 2208 ναῦς
781 2164 920 2208 ἁπάσας
949 2164 1162 2211 ἀπολέσθαι,

127 2227 198 2263 τῶν
220 2223 256 2262 δὲ
276 2225 410 2278 ἀνδρῶν
435 2223 570 2263 δώδεκα
598 2222 720 2275 μόνους
749 2224 982 2270 διασωθῆναι·
1005 2223 1104 2269 δηλοῖ
1126 2222 1163 2259 δὲ

128 2337 214 2367 terea
229 2334 364 2375 adiecit,
383 2336 514 2374 quantae
544 2334 685 2366 militum
709 2333 813 2374 copiae
835 2333 907 2364 urbi
931 2334 1159 2374 suppeterent,

129 2381 220 2422 quod
245 2383 362 2422 praeter
389 2380 496 2413 socios
525 2382 557 2413 et
584 2381 734 2422 praesidia
758 2380 964 2412 castellorum
989 2379 1160 2411 duodecim

132 2428 231 2460 millia
245 2427 326 2460 bene
339 2430 538 2459 armatorum
553 2429 661 2460 essent
674 2438 684 2467 ;
710 2427 899 2468 praesidiarii
916 2435 993 2458 vero
1012 2429 1044 2458 et
1059 2425 1162 2466 inqui-

130 2475 186 2507 lini
203 2475 286 2506 ultra
308 2476 430 2515 septem
444 2476 478 2507 et
498 2474 609 2506 decem
628 2474 728 2506 millia
752 2475 968 2506 censerentur.
1000 2473 1160 2505 Triremes

131 2524 286 2564 praeterea
313 2521 347 2553 in
374 2522 506 2562 promtu
524 2521 635 2553 haberi
663 2522 834 2552 trecentas.
862 2519 925 2552 Sed
955 2528 973 2551 e
997 2519 1159 2551 contrario

131 2572 308 2610 Spartanos
327 2568 474 2610 pecuniae
502 2568 610 2609 inopia
636 2568 799 2606 laborare,
829 2570 860 2599 et
890 2566 1028 2598 nauticis
1059 2565 1162 2606 copiis

132 2617 225 2657 longe
242 2617 317 2658 post
330 2616 543 2648 Athenienses
555 2615 705 2656 relinqui,
719 2614 921 2646 ostendebat.
937 2616 1061 2646 Harum
1075 2622 1161 2645 com-

131 2663 363 2695 memoratione
384 2672 492 2695 rerum
514 2671 616 2703 quum
639 2662 677 2694 ad
700 2661 819 2694 bellum
837 2661 959 2692 civium
974 2660 1098 2692 animos
1114 2668 1162 2691 ac-

131 2710 309 2750 cendisset,
322 2710 443 2752 populo
462 2710 606 2742 hortator
622 2711 672 2742 est
682 2733 691 2749 ‚
708 2717 749 2741 ne
763 2707 945 2749 imperiosis
960 2707 1161 2739 Lacedaemo-

131 2758 260 2789 niorum
279 2757 452 2798 postulatis
468 2765 538 2789 sese
547 2757 770 2797 attemperent.
794 2757 874 2787 Haec
896 2763 952 2795 per
967 2753 1161 2794 eloquentiae

132 2813 201 2836 suae
220 2805 287 2836 vim
309 2804 403 2836 facile
418 2804 560 2845 perfecta
573 2803 664 2836 dedit
679 2813 690 2834 .·
708 2811 806 2844 quam
823 2801 865 2834 ob
889 2809 1037 2833 caussam
1053 2800 1161 2841 Olym-

132 2850 206 2890 pius
222 2851 333 2883 audire
351 2852 481 2883 meruit.

613 2903 696 2936 120.

176 2963 256 2994 Belli
275 2964 539 3005 Peloponnesiaci
555 2964 666 2996 decem
681 2964 806 3005 priores
826 2963 903 2995 anni
918 2961 1162 2995 Archidamium

134 3009 254 3041 bellum
271 3011 439 3051 appellati,
456 3011 497 3043 ab
516 3011 720 3051 Archidami,
744 3012 781 3043 ut
800 3010 930 3042 videtur
943 3034 953 3050 ,
973 3009 1006 3041 in
1022 3008 1161 3041 Atticam

894 197 1086 238 EPHORI
1113 200 1445 241 FRAGMENTA.

1201 286 1240 325 τὸ
1258 288 1337 342 περὶ
1362 287 1494 327 τούτων
1524 288 1689 340 ἀνάθημα
1722 289 1879 341 κείμενον
1908 291 1944 328 ἐν
1971 293 2022 345 τῷ
2037 292 2116 346 περὶ
2149 295 2181 333 K
2185 309 2227 332 0-

1203 346 1347 399 ρωνείαν
1378 350 1465 401 νεῷ,
1502 348 1659 403 καθάπερ
1679 349 1783 402 φησὶν
1803 350 1974 403 Ἔφορος,
1994 351 2056 399 τὴν
2081 354 2230 407 ἐπιγρα-

1203 403 1270 457 φὴν
1285 403 1365 456 ἔχον
1384 404 1515 454 ταύτην
1526 422 1533 430 ·

1286 474 1354 506 Οῗδ’
1367 475 1430 506 ἀπὸ
1442 477 1632 514 πεντήκοντα
1646 479 1722 508 νεῶν
1738 477 1866 509 θάνατον
1880 478 2095 520 προφυγόντες,

1368 523 1443 565 πρὸς
1458 524 1655 555 σκοπέλοισιν
1671 524 1751 556 Ἀθω
1766 525 1899 566 σώματα
1911 530 1951 566 γῇ
1966 526 2104 558 πέλασαν
2113 550 2121 566 ,

1287 569 1419 610 δώδεκα,
1434 571 1504 607 τοὺς
1515 571 1541 602 δ’
1556 571 1665 608 ἄλλους
1680 572 1784 603 ὄλεσεν
1801 573 1881 613 μέγα
1895 574 2008 614 λαῖτμα
2022 573 2190 614 θαλάσσης,

1369 617 1443 656 νῆάς
1457 629 1491 649 τε
1504 620 1660 660 στυγεροῖς
1673 620 1826 660 πνεύμασι
1842 621 2048 662 χρησαμένοις.

1666 672 1680 708 1
1690 672 1734 709 21
1768 686 1801 710 a.

1248 728 1438 767 Plutarch.
1453 729 1577 767 Alcib.
1595 743 1676 781 cap.
1689 733 1736 768 32
1749 747 1756 768 :
1768 732 1884 769 Duris
1902 732 2138 770 Alcibiadem
2149 745 2238 771 nar·-

1208 787 1307 824 ravit
1326 788 1479 825 scenico
1502 797 1640 826 ornatu
1655 791 1824 827 Athenas
1838 791 1999 828 venisse.
2015 791 2128 841 Quod
2142 804 2235 829 vero

1208 844 1286 883 οὔτε
1305 845 1530 897 Θεόπομπος,
1542 846 1620 885 οὔτε
1635 846 1877 902 Ἔφορος,οὔτ
1892 851 2057 903 Ξενοφῶν
2071 849 2234 904 γέγραφε.

1620 926 1823 942 «Quo.—

1236 974 1388 1013 LIBER
1417 974 1866 1023 QUlNTUSDEClMUS
1894 978 1961 1016 ET
1989 978 2212 1019 SEXTUS—

1689 1100 1774 1139 122.

1263 1164 1544 1213 Harpocration
1559 1176 1568 1199 :
1593 1165 1730 1217 Σκῆψις
1741 1194 1752 1212 ,
1765 1163 1864 1208 πόλις
1879 1165 1971 1204 ἐστὶν
1987 1166 2023 1204 ἐν
2042 1169 2086 1218 τῇ
2105 1166 2218 1220 Τροία
2229 1195 2241 1214 ,

1211 1215 1252 1268 ἧς
1268 1219 1545 1271 μνημονεύουσιν
1559 1221 1659 1260 ἄλλοι
1675 1238 1714 1260 τε
1726 1222 1786 1260 καὶ
1806 1219 1957 1277 Ἔφορος
1973 1225 2009 1263 ἐν
2027 1227 2072 1277 τῇ
2092 1223 2238 1278 πέμπτῃ

1212 1279 1271 1317 καὶ
1292 1279 1434 1331 δεκάτῃ.
1458 1297 1473 1313 r<
1485 1281 1703 1331 Stephanus
1717 1296 1746 1319 s.
1762 1295 1799 1319 v.
1819 1282 1982 1320 advocat
2001 1284 2242 1335 Xenophon—

1214 1348 1288 1376 tem
1303 1337 1523 1385 Ἑλληνικῶν
1542 1339 1642 1392 τρίτῃ
1664 1339 1761 1391 (cap.
1790 1344 1822 1389 Ι,
1849 1355 1909 1390 12,
1930 1341 2039 1393 cujus
2066 1342 2120 1380 ibi
2149 1356 2241 1380 nar-

1213 1397 1400 1434 rationem
1425 1397 1472 1434 de
1502 1398 1624 1436 Midia
1648 1399 1807 1437 fortasse
1840 1408 1878 1437 et
1908 1402 2088 1453 Ephorus
2117 1415 2238 1454 expo—

1214 1456 1302 1494 suit.
1316 1474 1331 1490 »
1349 1458 1483 1494 Marx.

1267 1573 1463 1611 Diodorus
1481 1575 1557 1612 Sic.
1575 1576 1690 1622 XIII,
1713 1575 1776 1623 54,
1797 1575 1844 1614 de
1862 1577 2087 1616 Hannibalis
2115 1579 2155 1617 in
2177 1580 2241 1617 Si-

1214 1633 1339 1670 ciliam
1370 1633 1605 1671 incursione:
1629 1626 1718 1685 Εἶχε
1738 1633 1775 1672 δὲ
1809 1634 1889 1679 τοὺς
1930 1635 2136 1687 σύμπαντας
2168 1637 2244 1676 Ἀν-

1214 1691 1331 1740 νίὸας,
1349 1694 1396 1735 ὡς
1421 1691 1484 1742 μὲν
1503 1691 1655 1746 Ἔφορος
1677 1691 1850 1747 ἀνέγραψε
1872 1696 1985 1739 πεζῶν
2003 1695 2172 1749 μυριάδας
2189 1694 2243 1734 εἴ·-

1214 1766 1326 1799 κοσιν,
1343 1752 1459 1794 ἱππεῖς
1485 1749 1522 1788 δὲ
1543 1751 1860 1805 τετρακισχιλίους·
1878 1755 1925 1796 ὡς
1940 1752 1977 1791 δὲ
1996 1753 2145 1805 Τίμαιός
2172 1769 2243 1808 φη-

1216 1825 1270 1847 σιν
1295 1811 1332 1847 οὗ
1353 1810 1475 1862 πολλῷ
1493 1808 1632 1852 πλείους
1648 1812 1717 1847 τῶν
1739 1809 1823 1848 δέκα
1838 1811 2028 1864 μυριάδων.

1268 1868 1462 1906 Diodorus
1484 1871 1594 1918 XIII,
1613 1870 1675 1917 60,
1705 1870 1914 1908 Himeraeos
1947 1871 2242 1921 Carthaginien-

1215 1928 1314 1965 sium
1351 1927 1608 1975 interfecisse,
1642 1927 1782 1971 πλείους
1808 1931 1877 1966 τῶν
1913 1928 2170 1982 ἑξακισχιλίων,
2197 1932 2244 1973 ὡς

1214 1985 1382 2037 Τίμαιος
1403 1986 1450 2028 ὡς
1466 1983 1501 2022 δὲ
1519 1983 1671 2039 Ἔφορός
1687 2000 1790 2039 φησι,
1810 1987 2013 2041 δισμυρίων.

1269 2045 1430 2082 Diodor.
1453 2048 1563 2091 XIII,
1579 2048 1641 2092 80,
1657 2045 1704 2082 de
1729 2059 1831 2083 nova
1846 2047 2072 2085 Hannibalis
2087 2048 2126 2085 in
2143 2047 2241 2085 Sici-

1215 2105 1305 2142 liam
1343 2103 1613 2154 expeditione,
1645 2104 1844 2142 conductis
1876 2107 2020 2156 copiis,
2049 2107 2088 2144 οὖ
2122 2107 2244 2159 πολλῷ

1215 2161 1372 2211 πλείους,
1389 2164 1436 2205 ὡς
1453 2160 1515 2213 μὲν
1535 2161 1706 2213 Τίμαιος,
1723 2165 1793 2201 τῶν
1817 2162 1951 2202 δώδεκα
1981 2163 2175 2218 μυριάδων·
2198 2166 2246 2207 ὥς

1216 2221 1246 2259 δ’
1262 2221 1414 2276 Ἔφορος
1432 2221 1619 2274 τριάκοντα
1630 2221 1819 2275 μυριάδων.

1341 2327 1366 2355 Ε
1383 2326 1486 2355 decies
1500 2326 1602 2366 quinis
1618 2326 1727 2366 fugere
1746 2327 1923 2356 triremibus
1938 2330 2073 2367 Orcum,

1405 2374 1503 2412 ejecta
1518 2374 1558 2403 ad
1573 2375 1718 2414 scopulos
1733 2385 1867 2413 corpora
1880 2376 1995 2404 montis
2009 2375 2091 2404 Atho
2102 2398 2112 2415 ,

1343 2427 1390 2450 ter
1404 2427 1514 2460 quater
1530 2431 1536 2448 ε
1552 2428 1584 2451 at
1597 2423 1734 2462 reliquos
1751 2422 1859 2451 fractis
1875 2433 1945 2452 cum
1959 2422 2090 2452 navibus
2104 2421 2205 2453 bausit

1405 2468 1558 2498 horrificis
1572 2479 1715 2509 grassans
1729 2469 1852 2499 flatibus
1866 2471 1911 2498 ira
1924 2471 2026 2500 maris.

1261 2567 1318 2599 Illa
1333 2567 1373 2599 de
1400 2567 1566 2599 Alcibiade
1592 2522 1733 2609 sernisitl
1744 2528 1849 2610 niciae
1875 2568 2115 2610 Theopompus,
2143 2576 2247 2609 neque

1218 2615 1379 2655 Ephorus,
1395 2623 1499 2655 neque
1515 2615 1704 2656 Xenophon.

1630 2670 1824 2685 *000*-

1246 2709 1400 2748 LIBER
1429 2708 1881 2756 QUINTUSDECIMUS
1909 2709 1976 2747 ET
2004 2707 2221 2749 SEXTUS·

1612 2761 1853 2800 DECIMUS.

1260 2876 1387 2917 scepsis
1423 2877 1473 2907 est
1505 2873 1619 2906 civitas
1648 2826 1787 2911 ἰΠΙΞὲιο
1817 2871 1974 2911 Trojano,
2009 2871 2102 2912 cujus
2130 2868 2267 2913 praeter‘

1218 2925 1341 2955 ceteros
1357 2921 1508 2963 Ephorus
1527 2918 1674 2951 meminit
1689 2917 1771 2949 libro
1784 2916 2037 2958 quintodecimo.

1701 2973 1716 3004 1
1729 2972 1790 3003 23.

1262 3022 1441 3055 Universus
1454 3018 1643 3052 Hannibalis
1658 3017 1819 3049 exercitus
1831 3039 1840 3055 ,
1859 3018 1895 3048 ut
1916 3016 2067 3056 Ephorus
2083 3021 2244 3057 recenset,

135 3056 312 3096 ί’ΤΠΡῑῘΟῙῙθ
328 3069 336 3096 3
355 3060 452 3098 I‘¹'0¹¹t
471 3058 679 3099 Thucydides
691 3082 700 3098 ²
723 3058 874 3099 Ephfflus
893 3059 925 3089 et
948 3055 1163 3088 Anaffimen‘ss
1218 3069 1367 3102 ducentis
1376 3067 1574 3110 peditum,et
1584 3066 1735 3106 quattuor
1746 3064 1893 3104 equitum
1908 3063 2052 3095 millibus
2065 3065 2244 3097 constabat.

136 3104 304 3134 testantur.

620 3160 707 3192 121.

178 3215 302 3255 Epicles
321 3217 454 3248 navium
484 3219 631 3250 omnium
653 3220 812 3258 jacturam
840 3217 936 3259 fecit,
960 3219 992 3250 et
1017 3226 1054 3249 ex
1074 3216 1164 3248 omni

136 3262 374 3293 classiariorum
406 3273 541 3296 numero
570 3266 738 3297 duodecim
761 3265 922 3297 duntaxat
944 3263 1085 3306 periculo
1115 3272 1164 3295 su·
1188 3281 1194 3311 ἰ

136 3310 291 3349 perfuere.
315 3309 351 3340 ld
376 3310 464 3349 quod
494 3312 684 3343 monimenti
708 3313 740 3344 in
768 3312 890 3353 templo
911 3312 953 3344 ad
983 3314 1164 3344 Coroneam

137 3355 269 3396 repositi
285 3354 470 3396 inscriptio,
489 3357 539 3388 his
554 3358 681 3398 verbis,
701 3360 737 3390 ut
760 3359 910 3399 Ephorus
927 3359 1072 3396 annotat,
1088 3365 1164 3388 con-

136 3403 246 3442 cepta,
264 3403 400 3433 testatur
419 3413 425 3418 ·

1219 3117 1361 3150 Timaeus
1378 3124 1444 3147 non
1460 3114 1562 3146 multo
1578 3112 1685 3154 plures
1698 3113 1829 3143 centum
1854 3110 1999 3141 millibus
2016 3110 2118 3143 fuisse
2134 3111 2244 3144 tradit.

1260 3163 1411 3196 Himeraei
1431 3170 1528 3202 supra
1540 3169 1594 3192 sex
1611 3158 1711 3190 millia
1723 3181 1731 3197 ,
1744 3161 1781 3190 nt
1795 3157 1937 3189 'rimaeus
1957 3161 2111 3198 recenset,
2123 3158 2174 3190 vel
2193 3158 2244 3191 de-

1219 3220 1290 3244 cem
1312 3210 1428 3248 millia,
1446 3211 1482 3240 ut
1497 3208 1646 3248 Ephorus
1671 3205 1825 3246 scriptum
1843 3204 1987 3245 reliquit,
2005 3205 2245 3245 Carthaginien·

1220 3259 1304 3291 sium
1326 3256 1567 3289 interemerunt.

1261 3306 1306 3338 Ut
1318 3305 1460 3337 Timaeus
1476 3302 1584 3340 refert,
1604 3299 1690 3332 haud
1703 3299 1806 3330 multo
1819 3299 1926 3339 plures
1940 3299 2070 3330 centum
2086 3300 2117 3330 et
2130 3297 2243 3339 viginti

1224 3352 1381 3390 millibus,
1401 3351 1436 3382 ut
1449 3349 1599 3390 Ephorus
1611 3350 1719 3378 autem
1735 3348 1900 3384 numerat,
1916 3343 2016 3376 millia
2031 3346 2174 3377 trecenta
2187 3343 2243 3376 mi·

1220 3401 1315 3433 litum
1332 3399 1423 3431 erant
1440 3394 1626 3429 Hannibalis
1642 3394 1674 3425 in
1698 3393 1803 3425 Sicula
1824 3391 2035 3433 expeditione.
