2320 3684
773 124 1107 166 APOLLODORI
1137 125 1472 166 FRAGMENTA.

58 215 124 253 δεῖν
150 214 385 265 ε’τυμολογεῖν,
411 211 456 250 τὰ
483 209 546 263 μὲν
571 210 641 250 ἀπὸ
659 214 722 259 τῆς
754 213 859 264 ὀργῆς
888 215 950 260 τῆς
971 216 1085 259 Δηοῦς

55 275 116 320 τῆς
134 272 220 327 πρὸς
235 271 303 311 Δία
317 269 573 323 γεγενημένης,
590 269 635 308 τὰ
654 269 691 308 δὲ
711 270 782 309 ἀπὸ
808 273 870 308 τοῦ
900 271 1085 323 συμὸεὸη-

54 332 152 376 κότος
169 331 249 385 περὶ
270 330 329 370 τὸν
348 329 534 370 Διόνυσον·
553 331 584 368 εἷ
602 328 640 368 δὲ
659 329 721 368 καὶ
739 329 811 368 ἀπὸ
828 329 1009 374 Μυοῦντός
1027 346 1083 369 τι-

53 406 110 435 νος
126 390 302 439 Ἀττικοῦ,
316 388 352 428 ὃν
364 390 400 428 ἐν
416 388 572 443 κυνηγίῳ
582 390 813 442 διαφθαρῆναι
827 388 1086 442 Ἀπολλόδωρος

51 448 169 501 λέγει,
186 450 225 487 οὗ
243 447 364 503 φθόνος
382 450 480 500 ὑμῶν
507 447 710 493 δεδοξάσθαι
732 446 777 486 τὰ
801 447 978 502 μυστήρια
1001 449 1082 486 ἐπι-

52 507 192 561 τυμὸίῳ
207 510 308 561 τιμῇ.

104 567 248 606 Eadem
273 580 336 618 ap.
363 565 504 605 Enseh.
536 570 658 618 Praep.
688 576 814 618 evang
856 569 916 612 11,
943 566 981 610 3,
1011 566 1085 604 nisi

51 626 156 677 qnod
184 638 256 677 pro
285 627 468 669 Μυοῦντος
498 625 618 663 habet
645 627 860 669 Μυσοῦντος.
888 642 904 659 «
921 624 1086 663 Videtur

51 685 103 723 ita
127 684 326 723 tradidisse
343 683 607 736 Apollodorus·
624 684 804 735 mysteria
830 683 1026 735 principio
1045 684 1083 722 in

50 743 240 783 honorem
262 743 435 795 Myuntis
453 743 625 833 defun2cti
639 743 815 782 instituta
838 743 966 781 fuisse.
999 760 1014 776 »

104 850 370 901 Athenagoras
402 850 443 888 in
465 853 670 901 Deprecat.
694 863 726 887 c.
749 849 799 887 25
819 865 826 887 :
851 848 923 888 Kal
942 847 996 887 ὅτι
1019 848 1083 900 μὲν

50 908 227 963 ἅνθρωποι
247 911 295 960 (οἳ
328 907 427 959 θεοί),
458 909 603 956 δηλοῦσι
634 907 697 960 μὲν
732 908 792 947 καὶ
823 907 1025 960 Αἰγυπτίων
1052 910 1083 947 οἱ

50 967 276 1019 λογιώτατοι,
299 967 332 1006 οἳ
354 966 450 1011 θεοὺς
465 966 623 1020 λέγοντες
642 966 782 1021 αἰθέρα,
799 969 879 1018 γῆν,
896 966 1009 1016 ἥλιον,
1028 983 1085 1006 σε-

50 1026 174 1075 λήνην,
194 1026 273 1070 τοὺς
295 1026 421 1070 ἄλλους
444 1025 646 1080 ἀνθρώπους
662 1025 807 1074 θνητοὺς
826 1027 1007 1078 νομίζουσι
1024 1027 1083 1066 καὶ

49 1085 125 1140 ἱερὰ
143 1085 224 1130 τοὺς
241 1085 369 1140 τάφους
389 1087 517 1124 αὒτῶν.
540 1086 652 1134 Δηλοῖ
673 1083 710 1124 δὲ
738 1085 798 1124 καὶ
823 1085 1084 1139 Ἀπολλόδωρος

49 1145 85 1183 ἐν
103 1147 155 1198 τῷ
170 1143 251 1199 περὶ
268 1146 384 1185 Θεῶν.

102 1253 275 1291 Clemens
298 1252 353 1290 Al.
377 1198 645 1291 Cohort.1a3dv.
663 1255 778 1290 Gent.
797 1267 836 1304 p.
859 1253 909 1290 25
938 1253 992 1304 (p.
1011 1253 1050 1300 8)
1074 1268 1082 1290 :

50 1310 176 1351 Πολλὰ
208 1309 347 1362 κάγαθὰ
369 1313 485 1365 Κᾶρες
512 1316 642 1363 σχοῖεν,
664 1309 697 1349 οἳ
728 1310 960 1350 καταθύουσιν
990 1313 1083 1365 αὐτῷ

51 1370 194 1421 (Marti)
214 1369 293 1415 τοὺς
310 1369 429 1415 κύνας.
459 1369 595 1409 Σκύθαι
621 1369 658 1408 δὲ
677 1369 757 1414 τοὺς
777 1370 874 1415 ὄνους
896 1369 1084 1425 ἱερεύοντες

50 1427 101 1481 μὴ
134 1430 340 1478 παυέσθων,
374 1430 421 1472 ὡς
457 1427 716 1482 Ἀπολλόδωρός
744 1445 830 1483 φησι
857 1429 918 1468 καὶ
946 1429 1084 1468 Καλλί-

50 1504 102 1540 μα
129 1504 176 1533 ος.

101 1503 250 1587 {rnoh
271 1548 372 1588 Adv.
393 1550 504 1587 Gent.
525 1551 593 1596 IV,
612 1561 650 1600 p.
665 1547 738 1585 180
753 1547 813 1586 ed.
829 1549 971 1587 Paris.:
994 1550 1084 1597 Quis

48 1612 84 1645 ei
102 1607 247 1659 (Marti)
267 1621 378 1644 canes
396 1607 445 1644 ab
465 1607 634 1654 Caribus,
668 1612 750 1657 quis
772 1603 820 1645 ab
832 1609 978 1654 Scythis
1004 1613 1083 1645 asi-

48 1681 114 1704 nos
145 1669 330 1704 immolari
357 1664 567 1718 (prodidit)
584 1667 600 1703 Ξ)
618 1680 692 1703 non
716 1669 976 1716 principaliter
1001 1681 1081 1704 cum

49 1730 173 1777 ceteris
188 1727 456 1775 Apollodorus?

535 1778 598 1816 14.

100 1831 294 1870 Zenobius
319 1834 430 1870 Cent.
450 1835 499 1879 V,
516 1845 564 1869 22
580 1846 589 1870 :
608 1832 733 1879 Μῆλον
752 1829 944 1884 Ἥρακλῆς,
958 1831 1083 1870 Ἀπολ-

47 1889 197 1944 λόδωρος
231 1891 266 1928 ἐν
300 1895 371 1934 τοῖς
398 1890 480 1944 περὶ
508 1890 627 1939 Θεῶν,
660 1890 714 1929 ὅτι
747 1889 866 1928 θύεται
899 1889 1081 1938 Ἀθήνησιν

47 1948 218 2003 Ἡρακλεῖ
246 1948 443 2003 ἀλεξικάκῳ
473 1949 653 1994 ἰδιάζουσά
682 1965 734 1992 τις
762 1948 878 1988 θυσία.
911 1951 985 1988 Τοῦ
1014 1948 1082 2003 γὰρ

51 2007 129 2060 βοὸς
146 2007 231 2047 ποτὲ
258 2006 485 2062 ἐκφυγόντος,
513 2007 550 2047 ὃν
584 2006 730 2059 ἔμελλον
753 2007 924 2062 Ἡρακλεῖ
942 2007 1082 2061 προσά-

48 2065 121 2116 ξαι,
148 2068 260 2119 μῆλον
273 2065 447 2111 λαὸόντας
472 2067 531 2106 καὶ
552 2067 700 2110 κλάδους
721 2065 934 2116 ὖποθέντας,
955 2066 1082 2106 τέσσα-

50 2142 111 2181 ρας
128 2125 192 2178 μὲν
218 2126 295 2165 ἀντὶ
316 2128 464 2175 σκελῶν,
491 2125 552 2165 δύο
578 2125 614 2164 δὲ
635 2125 712 2165 ἀντὶ
735 2126 908 2179 κεράτων,
933 2141 1082 2178 σχημα-

47 2185 142 2224 τίσαι
158 2185 216 2224 τὸν
238 2188 333 2238 βοῦν,
353 2185 412 2225 καὶ
435 2184 527 2224 οὕτω
546 2184 610 2233 τὴν
631 2184 751 2224 θυσίαν
770 2184 999 2232 ποιήσασθαι.

47 2297 216 2338 mysteria
226 2320 237 2336 ‚
255 2295 484 2337 etymologiam
495 2295 718 2337 exponendam
729 2303 812 2328 esse.
829 2298 937 2338 Atque
946 2296 1001 2329 illa
1013 2297 1083 2337 qui-

47 2343 121 2377 dem
143 2343 206 2376 ἀπὸ
227 2347 280 2382 τῆς
302 2344 412 2385 ὀργῆς,
434 2344 497 2375 hoc
518 2346 583 2383 est,
608 2343 649 2375 ab
666 2343 725 2384 ira,
742 2344 868 2376 Cereris
889 2345 922 2376 in
940 2346 1083 2383 Jovem3

46 2392 117 2424 haec
143 2394 250 2424 autem
268 2391 331 2424 ἀπὸ
349 2394 404 2423 τοῦ
427 2392 561 2433 μύσους,
585 2391 649 2423 hoc
669 2393 739 2430 est,
753 2391 795 2423 ab
809 2391 1028 2424 exsecratione
1050 2394 1084 2424 et

47 2438 304 2478 abominatione,
329 2447 402 2480 quae
425 2438 543 2471 accidit
560 2438 645 2470 circa
666 2438 867 2479 Dionysum,
890 2439 955 2471 dici
975 2439 1084 2471 viden-

47 2485 120 2525 tur;
144 2485 260 2527 quodsi
284 2494 303 2517 a
315 2486 450 2526 Myunte
471 2484 614 2526 quodam
634 2485 761 2524 Attico,
785 2494 881 2527 quem
897 2485 976 2518 dicit
990 2486 1082 2528 Apol-

46 2532 179 2566 lodorus
193 2533 352 2566 interiisse
367 2533 402 2565 in
418 2533 590 2565 venatione
602 2555 611 2572 ,
627 2532 799 2573 derivatis,
829 2542 895 2566 non
910 2532 1081 2575 invidebo,

47 2582 158 2614 vestra
171 2580 325 2622 mysteria
339 2579 483 2613 decorari
499 2580 623 2612 honore
641 2579 781 2613 funebri.

91 2683 173 2712 Deos
190 2679 289 2712 ruisse
301 2680 447 2712 homines
460 2679 625 2712 declarant
638 2681 710 2713 tum
725 2681 950 2722 AEgyptiorum
966 2682 1083 2715 doctis-

49 2726 140 2766 simi,
157 2727 212 2768 qui
229 2726 307 2759 deos
321 2727 465 2759 dicentes
477 2727 631 2760 aetherem
641 2751 650 2767 ,
666 2729 783 2760 terram
794 2751 802 2767 ‚
818 2728 935 2767 solem,
953 2728 1063 2761 lunam
1073 2752 1082 2769 ,

48 2777 171 2807 ceteros
194 2774 314 2806 habent
331 2775 480 2806 homines
498 2774 651 2807 mortales
668 2777 765 2816 atque
787 2784 879 2808 sacra
900 2785 1012 2808 eorum
1036 2785 1082 2809 se-

50 2821 177 2864 pulcra,
193 2824 263 2853 tum
284 2821 497 2863 Apollodorus
512 2821 546 2853 in
564 2821 647 2854 libro
667 2821 707 2854 de
726 2821 809 2855 Diis.

90 2921 201 2953 Multis
223 2923 400 2962 augeantur
421 2921 517 2954 bonis
536 2875 661 2963 lgires,
684 2922 741 2963 qui
763 2932 859 2955 canes
881 2923 910 2956 ei
934 2924 1082 2964 (Marti)

50 2967 239 3000 sacrificant.
258 2969 386 3010 Scythae
401 2972 509 3001 autem
524 2977 589 3000 non
605 2970 732 3002 cessent
747 2973 888 3003 mactare
903 2971 1028 3008 asinos,
1047 2974 1083 3004 ut

50 3011 127 3046 dicit
146 3015 381 3056 Apollodorus,
399 3017 432 3048 et
454 3015 684 3049 Callimachus.

91 3115 213 3147 Malum
236 3116 411 3157 Hercules]
433 3070 648 3157 Apollddlirus
667 3117 750 3149 libro
769 3117 810 3150 de
836 3119 923 3158 Diis,
948 3120 1082 3151 Athenis

51 3161 263 3195 sacrificatum
290 3163 335 3195 ait
362 3163 492 3196 Herculi
520 3166 706 3196 Averrunco
731 3165 885 3206 singulari
913 3166 1080 3198 sacrificio.

51 3207 207 3248 Fugiente
232 3210 318 3241 enim
343 3210 451 3250 bove,
476 3219 572 3252 quem
597 3211 659 3252 ipsi
685 3212 919 3245 immolandum
945 3213 1082 3245 destina-

2101 127 2172 160 431

1201 214 1258 252 Cf.
1286 214 1423 253 Suidas
1451 228 1487 251 v.
1519 212 1673 261 Μήλειος
1703 211 1897 266 Ἥρακλῆς,
1918 219 1956 248 et
1979 210 2115 249 Pollux
2142 213 2179 255 I,

1148 274 1210 320 30,
1235 274 1296 310 31.

1631 338 1689 375 15.

1200 402 1405 440 Athenaeus
1417 406 1489 441 VII
1499 433 1509 452 ,
1531 417 1569 455 p.
1585 404 1675 451 306,
1695 406 1729 442 A
1744 417 1752 440 :
1770 401 1813 443 Ὁ
1829 400 1969 456 κίθαρος
1982 398 2127 453 (piscis)

1146 458 1199 497 ὅτι
1216 458 1253 497 δὲ
1274 459 1331 498 διὰ
1349 460 1389 499 τὸ
1408 460 1520 512 ὄνομα
1533 461 1622 516 ἱερὸς
1639 455 1728 500 εἶναι
1744 459 1947 512 νενόμισται
1964 463 2026 498 τοῦ
2049 456 2179 498 Ἀπόλ-

1145 519 1271 568 λωνος,
1290 518 1426 573 εἴρηκεν
1443 519 1711 575 Ἀπολλόδωρος.

1198 648 1405 686 Athenaeus
1429 651 1523 698 VII,
1550 663 1593 702 p.
1615 651 1705 698 325,
1733 653 1788 689 B:
1810 647 2067 703 Ἀπολλόδωρος
2084 646 2122 686 δὲ
2142 648 2178 688 ἐν

1145 711 1217 751 τοῖς
1241 706 1322 760 περὶ
1357 708 1459 746 Θεῶν
1476 711 1519 761 τῇ
1541 707 1678 762 Ἑκάτῃ
1699 709 1784 762 φησὶ
1801 708 1942 748 θύεσθαι
1957 707 2103 762 τρίγλην
2122 707 2180 746 διὰ

1145 764 1208 813 τὴν
1227 770 1287 805 τοῦ
1307 764 1477 817 ὀνόματος
1495 768 1692 816 οἰκειότητα
1710 783 1718 791 ·
1742 769 1927 823 τρίμορφος
1947 767 2016 822 γὰρ
2035 771 2058 816 ἡ
2078 766 2164 811 θεός.

1630 840 1645 876 1
1656 839 1690 877 7.

1198 903 1408 941 Athenaeus
1421 907 1532 953 XIII,
1544 918 1582 956 p.
1595 905 1641 952 57
1653 919 1683 953 ι,
1697 907 1725 944 C
1741 919 1749 941 :
1769 909 1826 943 De
1840 906 1915 943 illis
1932 905 2097 954 hemeris,
2111 905 2177 952 ait,

1144 961 1266 1000 verba
1286 963 1379 1011 feci,
1406 977 1491 1014 quae
1516 964 1607 1001 solae
1624 977 1700 1015 prae
1722 965 1858 1002 ceteris
1878 964 2104 1002 mulieribus
2129 963 2178 1002 ab

1144 1025 1308 1059 amicitia
1320 1035 1462 1060 nomen
1474 1022 1704 1061 invenerunt
1714 1053 1723 1071 ,
1739 1022 1807 1060 ἀπὸ
1816 1025 1878 1070 τῆς
1891 1023 1973 1076 παρ’
1988 1022 2179 1072 Ἀθηναίοις

1144 1078 1364 1130 καλουμένης
1392 1080 1532 1134 ἑταίρας
1547 1083 1610 1128 τῆς
1632 1081 1846 1135 Ἀφροδίτης.
1862 1082 1951 1136 Περὶ
1968 1077 2008 1129 ἧς
2033 1098 2137 1136 φησιν
2158 1085 2177 1122 ὃ

1145 1139 1325 1186 Ἀθηναῖος
1356 1139 1617 1194 Ἀπολλόδωρος
1647 1139 1774 1184 οὕτως·
1797 1159 1812 1175 «
1836 1140 2005 1194 Ἑταίραν
2038 1140 2075 1179 δὲ
2110 1141 2175 1189 τὴν

1145 1198 1350 1253 Ἀφροδίτην
1371 1198 1435 1247 τὴν
1455 1198 1534 1242 τοὺς
1556 1199 1712 1253 ἑταίρους
1730 1199 1790 1238 καὶ
1810 1198 1871 1243 τὰς
1899 1200 2038 1254 ἑταίρας
2065 1201 2178 1239 συνά-

1143 1274 1273 1311 γουσαν
1295 1274 1303 1282 ·
1320 1263 1423 1298 τοῦτο
1442 1259 1471 1297 δ’
1491 1258 1566 1298 ἐστὶ
1590 1258 1705 1313 φίλας.
1723 1277 1738 1293 »

1198 1319 1253 1358 Cf.
1274 1319 1442 1370 Hesych.
1463 1319 1503 1356 in
1531 1318 1701 1371 Ἑταίρας
1724 1318 1828 1372 ἱερόν.

1632 1390 1692 1428 18.

1198 1454 1483 1506 Harpocration
1513 1469 1521 1492 :
1548 1452 1741 1505 Πάνδημος
1772 1453 1967 1507 Ἀφροδίτη.
2002 1454 2178 1493 Ἀπολλό-

1144 1513 1252 1567 δωρος
1266 1515 1300 1552 ἐν
1315 1515 1365 1567 τῷ
1380 1513 1459 1568 περὶ
1471 1514 1586 1561 Θεῶν,
1596 1513 1780 1565 πάνδημον
1793 1513 1898 1568 φησὶν
1915 1513 2079 1561 Ἀθήνησι
2091 1515 2180 1562 κλη-

1144 1575 1246 1619 θῆναι
1270 1572 1334 1620 τὴν
1373 1574 1618 1627 ἀφιδρυθεῖσαν
1646 1573 1727 1627 περὶ
1757 1572 1822 1620 τὴν
1849 1572 1999 1626 ἀρχαίαν
2034 1572 2178 1627 ἀγορὰν,

1144 1630 1201 1670 διὰ
1219 1631 1260 1670 τὸ
1279 1633 1428 1670 ἐνταῦθα
1446 1632 1563 1671 πάντα
1591 1632 1648 1671 τὸν
1676 1633 1786 1683 δῆμον
1813 1633 2023 1684 συνάγεσθαι
2042 1632 2082 1672 τὸ
2103 1649 2178 1672 πα·-

1142 1690 1241 1729 λαιὸν
1258 1692 1293 1729 ἐν
1311 1696 1387 1734 ταῖς
1406 1692 1628 1740 ἐκκλησίαις,
1647 1690 1686 1735 ἃς
1703 1691 1849 1730 ἐκάλουν
1865 1691 2005 1746 ἀγοράς.

1198 1752 1410 1802 Exscripsit
1434 1752 1574 1802 partim
1599 1752 1747 1790 Suidas.

1197 1891 1322 1930 Schol.
1343 1892 1538 1943 Apollonii
1568 1895 1644 1940 111,
1670 1893 1740 1937 541
1764 1906 1773 1928 ε
1797 1890 2054 1945 Ἀπολλόδωρος
2071 1892 2176 1946 φησὶν

1142 1950 1178 1988 ἐν
1204 1952 1256 2003 τῷ
1288 1950 1369 2003 περὶ
1388 1951 1504 1999 Θεῶν,
1521 1949 1574 1988 ὅτι
1595 1954 1617 1998 ἡ
1643 1949 1832 2004 περιστερὰ
1866 1949 1942 2004 ἱερὰ
1963 1950 2177 2004 Ἀφροδίτης.

1142 2008 1206 2047 Διὸ
1225 2008 1285 2047 καὶ
1306 2009 1435 2061 λάγνον
1456 2009 1529 2061 [διὰ
1547 2009 1587 2048 τὸ
1610 2009 1738 2062 λάγνον
1761 2010 1884 2048 voluit
1901 2013 2064 2061 Heyn.]‚
2082 2010 2178 2065 παρὰ

1142 2067 1211 2122 γὰρ
1238 2068 1279 2107 τὸ
1300 2071 1475 2123 περισσῶς
1497 2071 1577 2124 ἓρᾷν
1597 2069 1748 2121 λέγεται.

1197 2131 1396 2166 Postrema
1429 2129 1515 2167 cod.
1549 2130 1667 2168 Paris.
1704 2129 1862 2167 exhibet
1884 2130 1938 2167 ita
1968 2144 1977 2167 τ

1140 2185 1267 2238 λάγνη.
1289 2186 1361 2225 Καὶ
1377 2186 1416 2226 τὸ
1435 2187 1547 2239 ὄνομα
1567 2188 1683 2235 δηλοῖ·
1705 2187 1803 2241 παρὰ
1821 2187 1889 2241 γὰρ
1909 2197 1980 2226 etc.

2013 2129 2077 2169 Διὸ
2117 2129 2177 2168 καὶ

1631 2306 1691 2339 15.

1184 2358 1264 2388 Esse
1278 2358 1386 2389 autem
1402 2357 1490 2389 hunc
1504 2357 1625 2398 piscem
1650 2358 1660 2398 (
1674 2357 1850 2390 citharam
1864 2358 1876 2398 )
1888 2381 1897 2397 ,
1913 2360 2044 2399 propter
2058 2367 2177 2391 nomen

1142 2413 1257 2441 suum,
1274 2413 1403 2438 sacrum
1420 2405 1568 2437 habitum
1587 2404 1743 2446 Apollini,
1762 2405 1891 2446 scripsit
1912 2405 2137 2446 Apollodorus.

1629 2461 1642 2492 1
1655 2459 1692 2492 6.

1183 2511 1399 2551 Apollodorus
1417 2511 1450 2543 in
1466 2511 1548 2544 libro
1564 2511 1606 2544 de
1626 2511 1716 2551 Diis,
1744 2513 1876 2543 Hecatae
1892 2511 1936 2544 ait
1952 2512 2088 2543 mullum
2106 2511 2176 2554 (τρί-

1141 2558 1229 2599 γλην)
1265 2558 1436 2590 sacrificari
1451 2583 1460 2599 ‚
1487 2558 1531 2591 ob
1559 2559 1700 2591 nominis
1730 2559 1971 2600 congruentiam
1992 2569 2000 2590 ε
2021 2559 2174 2591 triformis

1142 2606 1228 2637 enim
1245 2606 1314 2638 haec
1333 2606 1392 2639 dea
1408 2609 1467 2638 est.

1183 2711 1234 2744 Ab
1255 2712 1309 2745 illa
1330 2721 1404 2754 quae
1425 2713 1510 2754 apud
1533 2714 1744 2746 Athenienses
1768 2715 1911 2745 Hetaera
1942 2715 2050 2745 Venus
2071 2713 2172 2755 appel-

1141 2759 1238 2800 latur,
1261 2760 1302 2792 de
1318 2770 1382 2801 qua
1403 2760 1616 2801 Apollodorus
1633 2761 1665 2791 in
1679 2761 1761 2792 libro
1789 2760 1829 2792 de
1842 2760 1910 2792 Diis
1926 2760 1971 2792 ait
1988 2769 1996 2790 :
2022 2773 2038 2788 «
2061 2763 2172 2793 Hetae·

1141 2816 1222 2846 ran,
1249 2810 1421 2847 Venerem,
1443 2816 1517 2849 quae
1542 2807 1668 2840 sodales
1686 2809 1720 2839 et
1734 2806 1895 2847 lzetaeras,
1919 2807 1951 2839 id
1967 2810 2018 2839 est
2036 2808 2169 2850 amicas,

1141 2854 1314 2895 conjungit.

1629 2907 1690 2940 18.

1182 2967 1292 2997 Venus
1308 2964 1464 3006 πάνδημος
1486 2964 1591 3005 (quasi
1615 2966 1718 2996 totius
1727 2964 1878 3005 populi).
1896 2966 1947 2997 Ita
1957 2966 2173 3007 Apollodorus

1142 3013 1174 3043 in
1197 3020 1293 3052 opere
1315 3012 1355 3043 de
1377 3012 1446 3043 Diis
1471 3012 1515 3043 ait
1534 3011 1725 3053 appellatam
1747 3012 1879 3043 Athenis
1907 3021 1978 3045 esse
2007 3022 2077 3046 eam
2094 3024 2170 3055 quae

1141 3059 1285 3091 dedicata
1298 3061 1366 3091 erat
1382 3059 1414 3090 in
1433 3059 1502 3090 soro
1513 3059 1665 3099 antiquo,
1682 3059 1770 3099 quod
1786 3058 1830 3091 ibi
1851 3059 1928 3091 olim
1945 3060 2084 3101 populus
2103 3062 2171 3094 uni-

1141 3114 1255 3137 versus
1270 3106 1310 3138 ad
1327 3106 1500 3138 conciones
1510 3130 1519 3146 ,
1537 3115 1618 3147 quas
1635 3107 1704 3138 sora
1719 3106 1900 3147 vocabant,
1916 3109 2117 3142 conveniret.

1182 3213 1396 3254 Apollodorus
1409 3213 1442 3244 in
1465 3213 1546 3244 libro
1569 3213 1609 3245 de
1625 3161 1699 3246 ¹D9iis
1730 3214 1917 3247 columbam
1941 3217 2167 3260 (περιστεράν)

52 3253 195 3294 vissent,
216 3264 314 3297 pomo
335 3260 467 3298 accepto
484 3267 592 3291 ramos
614 3260 824 3300 apposuisse,
847 3262 1002 3301 quattuor
1024 3270 1082 3302 pro
1141 3268 1264 3292 sacram
1288 3269 1359 3292 esse
1380 3260 1496 3292 Veneri
1516 3260 1604 3292 dicit.
1628 3263 1735 3299 Quare
1756 3271 1828 3295 esse
1848 3261 2068 3304 libidinosam,
2085 3264 2169 3297 sicut

52 3300 198 3334 eruribus
208 3326 217 3340 ‚
234 3303 316 3335 duos
331 3313 409 3336 vero
424 3314 482 3346 pro
497 3306 669 3346 cornibus,
686 3309 725 3339 ut
738 3307 832 3340 bovis
848 3309 987 3350 speciem
1003 3319 1082 3350 pra*-

53 3349 138 3386 eret,
154 3347 262 3389 itaque
279 3350 473 3382 sacrificium
492 3355 661 3393 peractum
678 3363 750 3386 esse
763 3378 770 3386 .

1138 3308 1204 3348 Jam
1218 3316 1333 3338 nomen
1356 3307 1549 3339 ostenderet.
1568 3310 1650 3340 Nam
1671 3310 1755 3352 παρὰ
1775 3311 1811 3342 τὸ
1833 3314 1990 3353 περισσῶς
2006 3312 2094 3355 ἐρᾷν,
2112 3313 2164 3345 i.e.

1108 3344 1114 3395 Ι
1140 3364 1159 3386 a
1180 3355 1279 3387 nimia
1296 3355 1423 3387 amandi
1441 3356 1603 3397 cupidine,
1624 3357 1816 3398 appellatam
1833 3367 1915 3391 esse.
