<?xml version="1.0" encoding="UTF-8"?>
<!DOCTYPE html PUBLIC "-//W3C//DTD XHTML 1.0 Transitional//EN"
    "http://www.w3.org/TR/xhtml1/DTD/xhtml1-transitional.dtd">
<html xmlns="http://www.w3.org/1999/xhtml" xml:lang="en" lang="en">
 <head>
  <title>
</title>
<meta http-equiv="Content-Type" content="text/html;charset=utf-8" />
  <meta name='ocr-system' content='tesseract 3.04.00' />
  <meta name='ocr-capabilities' content='ocr_page ocr_carea ocr_par ocr_line ocrx_word'/>
</head>
<body>
  <div class='ocr_page' id='page_1' title='image "./fragmentahistori01mueluoft_0230.png"; bbox 0 0 2320 3684; ppageno 0'>
   <div class='ocr_carea' id='block_1_1' title="bbox 170 195 243 228">
    <p class='ocr_par' dir='ltr' id='par_1_1' title="bbox 170 195 243 228">
     <span class='ocr_line' id='line_1_1' title="bbox 170 195 243 228; baseline 0 0"><span class='ocrx_word' id='word_1_1' title='bbox 170 195 243 228; x_wconf 80' lang='lat'>128</span> 
     </span>
    </p>
   </div>
   <div class='ocr_carea' id='block_1_2' title="bbox 690 163 1670 215">
    <p class='ocr_par' dir='ltr' id='par_1_2' title="bbox 690 163 1670 215">
     <span class='ocr_line' id='line_1_2' title="bbox 690 163 1670 215; baseline -0.014 -1"><span class='ocrx_word' id='word_1_2' title='bbox 690 169 1066 214; x_wconf 88' lang='grc' dir='ltr'>ΑΠΟΛΛΟΔΩΡΟΥ</span> <span class='ocrx_word' id='word_1_3' title='bbox 1094 163 1439 205; x_wconf 83' lang='grc' dir='ltr'>ΒΙΒΛΙΟΘΗΚΗΣ</span> <span class='ocrx_word' id='word_1_4' title='bbox 1474 169 1500 201; x_wconf 87' lang='grc' dir='ltr'>Β</span> <span class='ocrx_word' id='word_1_5' title='bbox 1516 194 1525 212; x_wconf 90' lang='grc'>,</span> <span class='ocrx_word' id='word_1_6' title='bbox 1563 163 1670 215; x_wconf 77' lang='grc' dir='ltr'>β’-δ’.</span> 
     </span>
    </p>
   </div>
   <div class='ocr_carea' id='block_1_3' title="bbox 167 252 2278 327">
    <p class='ocr_par' dir='ltr' id='par_1_3' title="bbox 167 252 2278 327">
     <span class='ocr_line' id='line_1_3' title="bbox 167 252 2278 327; baseline -0.017 -8"><span class='ocrx_word' id='word_1_7' title='bbox 167 280 247 318; x_wconf 81' lang='grc' dir='ltr'>ναὸς</span> <span class='ocrx_word' id='word_1_8' title='bbox 263 271 437 327; x_wconf 67' lang='grc' dir='ltr'>ἐφρούρει·</span> <span class='ocrx_word' id='word_1_9' title='bbox 457 270 486 294; x_wconf 79' lang='lat'>¹¹</span> <span class='ocrx_word' id='word_1_10' title='bbox 507 268 550 306; x_wconf 71' lang='grc' dir='ltr'>Αἱ</span> <span class='ocrx_word' id='word_1_11' title='bbox 570 265 606 303; x_wconf 73' lang='grc' dir='ltr'>δὲ</span> <span class='ocrx_word' id='word_1_12' title='bbox 626 261 731 301; x_wconf 73' lang='grc' dir='ltr'>ἅλλαῑ</span> <span class='ocrx_word' id='word_1_13' title='bbox 749 261 818 299; x_wconf 70' lang='grc' dir='ltr'>τῶν</span> <span class='ocrx_word' id='word_1_14' title='bbox 838 260 977 297; x_wconf 67' lang='grc' dir='ltr'>Δαναοῦ</span> <span class='ocrx_word' id='word_1_15' title='bbox 998 252 1194 307; x_wconf 73' lang='grc' dir='ltr'>θυγατέρων</span> <span class='ocrx_word' id='word_1_16' title='bbox 1251 261 1409 293; x_wconf 77' lang='lat' dir='ltr'><strong>inc-lusam</strong></span> <span class='ocrx_word' id='word_1_17' title='bbox 1425 261 1518 302; x_wconf 87' lang='lat' dir='ltr'><strong>jubet</strong></span> <span class='ocrx_word' id='word_1_18' title='bbox 1534 260 1702 293; x_wconf 87' lang='lat' dir='ltr'><strong>custodiri.</strong></span> <span class='ocrx_word' id='word_1_19' title='bbox 1722 259 1748 278; x_wconf 82' lang='lat'>¹⁸</span> <span class='ocrx_word' id='word_1_20' title='bbox 1761 258 1905 299; x_wconf 79' lang='lat' dir='ltr'><strong>Reliquae</strong></span> <span class='ocrx_word' id='word_1_21' title='bbox 1933 258 2035 290; x_wconf 86' lang='lat' dir='ltr'><strong>Danai</strong></span> <span class='ocrx_word' id='word_1_22' title='bbox 2071 257 2144 292; x_wconf 80' lang='lat' dir='ltr'><strong>ffliae</strong></span> <span class='ocrx_word' id='word_1_23' title='bbox 2173 258 2278 302; x_wconf 67' lang='lat' dir='ltr'><strong>capita</strong></span> 
     </span>
    </p>
   </div>
   <div class='ocr_carea' id='block_1_4' title="bbox 152 311 1214 1207">
    <p class='ocr_par' dir='ltr' id='par_1_4' title="bbox 152 311 1201 670">
     <span class='ocr_line' id='line_1_4' title="bbox 167 311 1198 383; baseline -0.025 -9"><span class='ocrx_word' id='word_1_24' title='bbox 167 335 229 378; x_wconf 86' lang='grc' dir='ltr'>τὰς</span> <span class='ocrx_word' id='word_1_25' title='bbox 249 331 312 383; x_wconf 80' lang='grc' dir='ltr'>μὲν</span> <span class='ocrx_word' id='word_1_26' title='bbox 330 326 483 383; x_wconf 77' lang='grc' dir='ltr'>κεφαλὰς</span> <span class='ocrx_word' id='word_1_27' title='bbox 509 326 578 363; x_wconf 79' lang='grc' dir='ltr'>τῶν</span> <span class='ocrx_word' id='word_1_28' title='bbox 599 319 757 373; x_wconf 80' lang='grc' dir='ltr'>νυμφίων</span> <span class='ocrx_word' id='word_1_29' title='bbox 778 319 814 355; x_wconf 91' lang='grc' dir='ltr'>ἐν</span> <span class='ocrx_word' id='word_1_30' title='bbox 831 318 876 368; x_wconf 80' lang='grc' dir='ltr'>τῇ</span> <span class='ocrx_word' id='word_1_31' title='bbox 904 313 1021 367; x_wconf 86' lang='grc' dir='ltr'>Λέρνῃ</span> <span class='ocrx_word' id='word_1_32' title='bbox 1038 311 1198 365; x_wconf 85' lang='grc' dir='ltr'>κατώρυ-</span> 
     </span>
     <span class='ocr_line' id='line_1_5' title="bbox 152 368 1198 438; baseline -0.025 -6"><span class='ocrx_word' id='word_1_33' title='bbox 152 389 229 437; x_wconf 39' lang='grc' dir='ltr'>’ξαν</span> <span class='ocrx_word' id='word_1_34' title='bbox 244 422 254 438; x_wconf 91' lang='grc'>,</span> <span class='ocrx_word' id='word_1_35' title='bbox 273 390 318 428; x_wconf 82' lang='grc' dir='ltr'>τὰ</span> <span class='ocrx_word' id='word_1_36' title='bbox 337 387 374 426; x_wconf 82' lang='grc' dir='ltr'>δὲ</span> <span class='ocrx_word' id='word_1_37' title='bbox 391 385 541 436; x_wconf 87' lang='grc' dir='ltr'>σώματα</span> <span class='ocrx_word' id='word_1_38' title='bbox 565 379 633 433; x_wconf 80' lang='grc' dir='ltr'>πρὸ</span> <span class='ocrx_word' id='word_1_39' title='bbox 661 381 723 424; x_wconf 77' lang='grc' dir='ltr'>τῆς</span> <span class='ocrx_word' id='word_1_40' title='bbox 746 374 879 417; x_wconf 84' lang='grc' dir='ltr'>πόλεως</span> <span class='ocrx_word' id='word_1_41' title='bbox 902 372 1106 420; x_wconf 79' lang='grc' dir='ltr'>ἐκήδευσαν.</span> <span class='ocrx_word' id='word_1_42' title='bbox 1127 368 1198 408; x_wconf 88' lang='grc' dir='ltr'>Καὶ</span> 
     </span>
     <span class='ocr_line' id='line_1_6' title="bbox 171 428 1200 499; baseline -0.025 -8"><span class='ocrx_word' id='word_1_43' title='bbox 171 450 277 493; x_wconf 79' lang='grc' dir='ltr'>αὐτὰς</span> <span class='ocrx_word' id='word_1_44' title='bbox 295 447 468 499; x_wconf 81' lang='grc' dir='ltr'>ἐκάθηραν</span> <span class='ocrx_word' id='word_1_45' title='bbox 485 443 614 487; x_wconf 85' lang='grc' dir='ltr'>Ἀθηνᾶ</span> <span class='ocrx_word' id='word_1_46' title='bbox 628 453 667 476; x_wconf 90' lang='grc' dir='ltr'>τε</span> <span class='ocrx_word' id='word_1_47' title='bbox 682 435 742 475; x_wconf 76' lang='grc' dir='ltr'>καὶ</span> <span class='ocrx_word' id='word_1_48' title='bbox 759 435 897 488; x_wconf 74' lang='grc' dir='ltr'>Ἑρμῆς</span> <span class='ocrx_word' id='word_1_49' title='bbox 912 431 993 475; x_wconf 81' lang='grc' dir='ltr'>Διὸς</span> <span class='ocrx_word' id='word_1_50' title='bbox 1009 428 1200 469; x_wconf 88' lang='grc' dir='ltr'>κελεύσαν-</span> 
     </span>
     <span class='ocr_line' id='line_1_7' title="bbox 171 492 1201 554; baseline -0.025 -4"><span class='ocrx_word' id='word_1_51' title='bbox 171 526 239 554; x_wconf 87' lang='grc' dir='ltr'>τος.</span> <span class='ocrx_word' id='word_1_52' title='bbox 255 510 286 534; x_wconf 77' lang='lat'>¹2</span> <span class='ocrx_word' id='word_1_53' title='bbox 297 505 431 547; x_wconf 83' lang='grc' dir='ltr'>Δαναὸς</span> <span class='ocrx_word' id='word_1_54' title='bbox 448 501 485 540; x_wconf 78' lang='grc' dir='ltr'>δὲ</span> <span class='ocrx_word' id='word_1_55' title='bbox 501 499 643 552; x_wconf 76' lang='grc' dir='ltr'>ὕστερον</span> <span class='ocrx_word' id='word_1_56' title='bbox 656 492 951 548; x_wconf 83' lang='grc' dir='ltr'>Ὑπερμνήστραν</span> <span class='ocrx_word' id='word_1_57' title='bbox 964 493 1100 542; x_wconf 83' lang='grc' dir='ltr'>Λυγκεῖ</span> <span class='ocrx_word' id='word_1_58' title='bbox 1118 503 1201 526; x_wconf 90' lang='grc' dir='ltr'>συν-</span> 
     </span>
     <span class='ocr_line' id='line_1_8' title="bbox 171 548 1201 623; baseline -0.023 -15"><span class='ocrx_word' id='word_1_59' title='bbox 171 569 296 623; x_wconf 85' lang='grc' dir='ltr'>ῴκισε·</span> <span class='ocrx_word' id='word_1_60' title='bbox 320 564 382 608; x_wconf 82' lang='grc' dir='ltr'>τὰς</span> <span class='ocrx_word' id='word_1_61' title='bbox 411 559 536 603; x_wconf 82' lang='grc' dir='ltr'>λοιπὰς</span> <span class='ocrx_word' id='word_1_62' title='bbox 575 554 764 608; x_wconf 82' lang='grc' dir='ltr'>θυγατέρας</span> <span class='ocrx_word' id='word_1_63' title='bbox 794 554 841 597; x_wconf 86' lang='grc' dir='ltr'>εἷς</span> <span class='ocrx_word' id='word_1_64' title='bbox 876 549 1044 604; x_wconf 84' lang='grc' dir='ltr'>γυμνικὸν</span> <span class='ocrx_word' id='word_1_65' title='bbox 1082 548 1201 599; x_wconf 81' lang='grc' dir='ltr'>ἀγῶνα</span> 
     </span>
     <span class='ocr_line' id='line_1_9' title="bbox 172 620 565 670; baseline -0.028 -3"><span class='ocrx_word' id='word_1_66' title='bbox 172 634 243 670; x_wconf 87' lang='grc' dir='ltr'>τοῖς</span> <span class='ocrx_word' id='word_1_67' title='bbox 259 626 402 665; x_wconf 83' lang='grc' dir='ltr'>νικῶσιν</span> <span class='ocrx_word' id='word_1_68' title='bbox 424 620 565 659; x_wconf 85' lang='grc' dir='ltr'>ἔδωκεν.</span> 
     </span>
    </p>

    <p class='ocr_par' dir='ltr' id='par_1_5' title="bbox 176 665 1214 1207">
     <span class='ocr_line' id='line_1_10' title="bbox 232 665 1203 734; baseline -0.022 -11"><span class='ocrx_word' id='word_1_69' title='bbox 232 687 263 711; x_wconf 81' lang='lat'>¹3</span> <span class='ocrx_word' id='word_1_70' title='bbox 274 679 465 734; x_wconf 85' lang='grc' dir='ltr'>Ἀμυμώνη</span> <span class='ocrx_word' id='word_1_71' title='bbox 483 678 520 716; x_wconf 81' lang='grc' dir='ltr'>δὲ</span> <span class='ocrx_word' id='word_1_72' title='bbox 539 678 579 715; x_wconf 83' lang='grc' dir='ltr'>ἐκ</span> <span class='ocrx_word' id='word_1_73' title='bbox 589 673 809 715; x_wconf 80' lang='grc' dir='ltr'>Ποσειδῶνος</span> <span class='ocrx_word' id='word_1_74' title='bbox 827 669 990 722; x_wconf 80' lang='grc' dir='ltr'>ἐγέννησε</span> <span class='ocrx_word' id='word_1_75' title='bbox 1008 665 1203 707; x_wconf 86' lang='grc' dir='ltr'>Ναύπλιον.</span> 
     </span>
     <span class='ocr_line' id='line_1_11' title="bbox 176 724 1205 793; baseline -0.025 -9"><span class='ocrx_word' id='word_1_76' title='bbox 176 739 290 787; x_wconf 67' lang='grc' dir='ltr'>Οῧτος</span> <span class='ocrx_word' id='word_1_77' title='bbox 320 738 509 793; x_wconf 70' lang='grc' dir='ltr'>μακρόὸιος</span> <span class='ocrx_word' id='word_1_78' title='bbox 543 732 746 787; x_wconf 86' lang='grc' dir='ltr'>γενόμενος,</span> <span class='ocrx_word' id='word_1_79' title='bbox 776 727 892 768; x_wconf 83' lang='grc' dir='ltr'>πλέων</span> <span class='ocrx_word' id='word_1_80' title='bbox 919 725 983 773; x_wconf 87' lang='grc' dir='ltr'>τὴν</span> <span class='ocrx_word' id='word_1_81' title='bbox 1011 724 1205 769; x_wconf 80' lang='grc' dir='ltr'>θάλασσαν,</span> 
     </span>
     <span class='ocr_line' id='line_1_12' title="bbox 176 778 1207 853; baseline -0.025 -10"><span class='ocrx_word' id='word_1_82' title='bbox 176 810 247 846; x_wconf 88' lang='grc' dir='ltr'>τοῖς</span> <span class='ocrx_word' id='word_1_83' title='bbox 277 799 510 853; x_wconf 81' lang='grc' dir='ltr'>ἐμπίπτουσιν</span> <span class='ocrx_word' id='word_1_84' title='bbox 531 793 588 832; x_wconf 73' lang='grc' dir='ltr'>ἐπὶ</span> <span class='ocrx_word' id='word_1_85' title='bbox 615 790 754 843; x_wconf 85' lang='grc' dir='ltr'>θανάτῳ</span> <span class='ocrx_word' id='word_1_86' title='bbox 777 785 957 841; x_wconf 82' lang='grc' dir='ltr'>ἐδυσφόρει</span> <span class='ocrx_word' id='word_1_87' title='bbox 988 778 1207 836; x_wconf 85' lang='grc' dir='ltr'>(ἐπυρσοφό-</span> 
     </span>
     <span class='ocr_line' id='line_1_13' title="bbox 179 839 1208 917; baseline -0.025 -16"><span class='ocrx_word' id='word_1_88' title='bbox 179 865 292 917; x_wconf 75' lang='grc' dir='ltr'>ρειΡ).</span> <span class='ocrx_word' id='word_1_89' title='bbox 314 856 454 903; x_wconf 71' lang='grc' dir='ltr'>Συνέὸη</span> <span class='ocrx_word' id='word_1_90' title='bbox 475 847 534 893; x_wconf 72' lang='grc' dir='ltr'>οῧν</span> <span class='ocrx_word' id='word_1_91' title='bbox 560 851 620 890; x_wconf 80' lang='grc' dir='ltr'>καὶ</span> <span class='ocrx_word' id='word_1_92' title='bbox 649 848 753 888; x_wconf 78' lang='grc' dir='ltr'>αὐτὸν</span> <span class='ocrx_word' id='word_1_93' title='bbox 785 847 992 891; x_wconf 69' lang='grc' dir='ltr'>τελευτῆσαι</span> <span class='ocrx_word' id='word_1_94' title='bbox 1021 839 1141 892; x_wconf 86' lang='grc' dir='ltr'>ἐκείνῳ</span> <span class='ocrx_word' id='word_1_95' title='bbox 1158 840 1208 892; x_wconf 82' lang='grc' dir='ltr'>τῷ</span> 
     </span>
     <span class='ocr_line' id='line_1_14' title="bbox 178 898 1208 973; baseline -0.024 -12"><span class='ocrx_word' id='word_1_96' title='bbox 178 921 330 973; x_wconf 83' lang='grc' dir='ltr'>θανάτῳ,</span> <span class='ocrx_word' id='word_1_97' title='bbox 339 912 434 971; x_wconf 71' lang='grc' dir='ltr'>ᾧπερ</span> <span class='ocrx_word' id='word_1_98' title='bbox 444 914 558 952; x_wconf 80' lang='grc' dir='ltr'>ἄλλων</span> <span class='ocrx_word' id='word_1_99' title='bbox 567 906 849 956; x_wconf 84' lang='grc' dir='ltr'>τελευτησάντων</span> <span class='ocrx_word' id='word_1_100' title='bbox 859 901 1073 956; x_wconf 48' lang='grc' dir='ltr'>ἐδυσφόρεῧ.</span> <span class='ocrx_word' id='word_1_101' title='bbox 1083 898 1208 952; x_wconf 75' lang='grc' dir='ltr'>14Πρὶν</span> 
     </span>
     <span class='ocr_line' id='line_1_15' title="bbox 180 959 1210 1025; baseline -0.024 -4"><span class='ocrx_word' id='word_1_102' title='bbox 180 981 217 1020; x_wconf 81' lang='grc' dir='ltr'>δὲ</span> <span class='ocrx_word' id='word_1_103' title='bbox 235 979 462 1025; x_wconf 70' lang='grc' dir='ltr'>τελευτῆσαί,</span> <span class='ocrx_word' id='word_1_104' title='bbox 491 972 620 1025; x_wconf 86' lang='grc' dir='ltr'>ἔγημεν</span> <span class='ocrx_word' id='word_1_105' title='bbox 633 1001 643 1019; x_wconf 93' lang='grc'>,</span> <span class='ocrx_word' id='word_1_106' title='bbox 664 972 710 1012; x_wconf 83' lang='grc' dir='ltr'>ὡς</span> <span class='ocrx_word' id='word_1_107' title='bbox 734 966 796 1019; x_wconf 82' lang='grc' dir='ltr'>μὲν</span> <span class='ocrx_word' id='word_1_108' title='bbox 819 967 851 1004; x_wconf 81' lang='grc' dir='ltr'>οἱ</span> <span class='ocrx_word' id='word_1_109' title='bbox 877 961 1036 1019; x_wconf 81' lang='grc' dir='ltr'>τραγικοὶ</span> <span class='ocrx_word' id='word_1_110' title='bbox 1055 959 1210 1012; x_wconf 88' lang='grc' dir='ltr'>λέγουσι,</span> 
     </span>
     <span class='ocr_line' id='line_1_16' title="bbox 182 1017 1212 1090; baseline -0.023 -11"><span class='ocrx_word' id='word_1_111' title='bbox 182 1037 370 1090; x_wconf 83' lang='grc' dir='ltr'>Κλυμένην</span> <span class='ocrx_word' id='word_1_112' title='bbox 388 1033 451 1081; x_wconf 86' lang='grc' dir='ltr'>τὴν</span> <span class='ocrx_word' id='word_1_113' title='bbox 471 1030 654 1084; x_wconf 82' lang='grc' dir='ltr'>Κατρέως·</span> <span class='ocrx_word' id='word_1_114' title='bbox 676 1030 722 1070; x_wconf 81' lang='grc' dir='ltr'>ὣς</span> <span class='ocrx_word' id='word_1_115' title='bbox 742 1025 779 1064; x_wconf 83' lang='grc' dir='ltr'>δὲ</span> <span class='ocrx_word' id='word_1_116' title='bbox 802 1028 820 1063; x_wconf 83' lang='grc' dir='ltr'><strong>ὃ</strong></span> <span class='ocrx_word' id='word_1_117' title='bbox 841 1022 920 1067; x_wconf 74' lang='grc' dir='ltr'>τοὺς</span> <span class='ocrx_word' id='word_1_118' title='bbox 940 1020 1096 1062; x_wconf 86' lang='grc' dir='ltr'>Νόστους</span> <span class='ocrx_word' id='word_1_119' title='bbox 1121 1017 1212 1071; x_wconf 85' lang='grc' dir='ltr'>γρά-</span> 
     </span>
     <span class='ocr_line' id='line_1_17' title="bbox 182 1077 1214 1154; baseline -0.024 -15"><span class='ocrx_word' id='word_1_120' title='bbox 182 1102 272 1154; x_wconf 82' lang='grc' dir='ltr'>ψας,</span> <span class='ocrx_word' id='word_1_121' title='bbox 297 1094 472 1149; x_wconf 85' lang='grc' dir='ltr'>Φιλύραν·</span> <span class='ocrx_word' id='word_1_122' title='bbox 495 1093 542 1135; x_wconf 81' lang='grc' dir='ltr'>ὥς</span> <span class='ocrx_word' id='word_1_123' title='bbox 568 1088 604 1127; x_wconf 83' lang='grc' dir='ltr'>δὲ</span> <span class='ocrx_word' id='word_1_124' title='bbox 628 1086 802 1142; x_wconf 82' lang='grc' dir='ltr'>Κέρκωψ,</span> <span class='ocrx_word' id='word_1_125' title='bbox 826 1081 1007 1128; x_wconf 64' lang='grc' dir='ltr'>ςΗσιόνην·</span> <span class='ocrx_word' id='word_1_126' title='bbox 1029 1078 1089 1118; x_wconf 79' lang='grc' dir='ltr'>καὶ</span> <span class='ocrx_word' id='word_1_127' title='bbox 1113 1077 1214 1129; x_wconf 86' lang='grc' dir='ltr'>ἐγέν-</span> 
     </span>
     <span class='ocr_line' id='line_1_18' title="bbox 183 1141 985 1207; baseline -0.026 -9"><span class='ocrx_word' id='word_1_128' title='bbox 183 1174 269 1207; x_wconf 91' lang='grc' dir='ltr'>νησε</span> <span class='ocrx_word' id='word_1_129' title='bbox 285 1152 524 1204; x_wconf 81' lang='grc' dir='ltr'>Παλαμήδην,</span> <span class='ocrx_word' id='word_1_130' title='bbox 546 1147 685 1195; x_wconf 82' lang='grc' dir='ltr'>Οἴακα,</span> <span class='ocrx_word' id='word_1_131' title='bbox 704 1141 985 1194; x_wconf 79' lang='grc' dir='ltr'>Ναυσιμέδοντα.</span> 
     </span>
    </p>
   </div>
   <div class='ocr_carea' id='block_1_5' title="bbox 654 1242 743 1252">
    <p class='ocr_par' dir='ltr' id='par_1_6' title="bbox 654 1242 743 1252">
     <span class='ocr_line' id='line_1_19' title="bbox 654 1242 743 1252; baseline -0.022 0"><span class='ocrx_word' id='word_1_132' title='bbox 654 1242 743 1252; x_wconf 80' lang='grc'>---</span> 
     </span>
    </p>
   </div>
   <div class='ocr_carea' id='block_1_6' title="bbox 539 1296 851 1335">
    <p class='ocr_par' dir='ltr' id='par_1_7' title="bbox 539 1296 851 1335">
     <span class='ocr_line' id='line_1_20' title="bbox 539 1296 851 1335; baseline -0.029 0"><span class='ocrx_word' id='word_1_133' title='bbox 539 1298 784 1335; x_wconf 82' lang='grc' dir='ltr'>ΚΕΦΑΛΑΙΟΝ</span> <span class='ocrx_word' id='word_1_134' title='bbox 805 1296 851 1327; x_wconf 87' lang='lat' dir='ltr'>B‘.</span> 
     </span>
    </p>
   </div>
   <div class='ocr_carea' id='block_1_7' title="bbox 190 1370 1250 3437">
    <p class='ocr_par' dir='ltr' id='par_1_8' title="bbox 190 1370 1223 1620">
     <span class='ocr_line' id='line_1_21' title="bbox 246 1370 1219 1441; baseline -0.026 -12"><span class='ocrx_word' id='word_1_135' title='bbox 246 1389 299 1441; x_wconf 83' lang='grc' dir='ltr'>(ι)</span> <span class='ocrx_word' id='word_1_136' title='bbox 321 1385 477 1440; x_wconf 78' lang='grc' dir='ltr'>Λυγκεὺς</span> <span class='ocrx_word' id='word_1_137' title='bbox 492 1382 541 1431; x_wconf 84' lang='grc' dir='ltr'>δὲ,</span> <span class='ocrx_word' id='word_1_138' title='bbox 563 1379 652 1433; x_wconf 84' lang='grc' dir='ltr'>μετὰ</span> <span class='ocrx_word' id='word_1_139' title='bbox 668 1375 805 1418; x_wconf 77' lang='grc' dir='ltr'>Δαναὸν</span> <span class='ocrx_word' id='word_1_140' title='bbox 825 1373 969 1427; x_wconf 83' lang='grc' dir='ltr'>Ἄργους</span> <span class='ocrx_word' id='word_1_141' title='bbox 985 1370 1219 1415; x_wconf 81' lang='grc' dir='ltr'>δυναστεύων,</span> 
     </span>
     <span class='ocr_line' id='line_1_22' title="bbox 190 1424 1221 1501; baseline -0.027 -11"><span class='ocrx_word' id='word_1_142' title='bbox 190 1450 225 1495; x_wconf 79' lang='grc' dir='ltr'>ἐξ</span> <span class='ocrx_word' id='word_1_143' title='bbox 243 1445 536 1501; x_wconf 66' lang='grc' dir='ltr'>ζΥπερμνήστρας</span> <span class='ocrx_word' id='word_1_144' title='bbox 560 1443 676 1478; x_wconf 85' lang='grc' dir='ltr'>τεκνοῖ</span> <span class='ocrx_word' id='word_1_145' title='bbox 698 1436 808 1475; x_wconf 77' lang='grc' dir='ltr'>παῖδα</span> <span class='ocrx_word' id='word_1_146' title='bbox 834 1432 1002 1471; x_wconf 68' lang='grc' dir='ltr'>Ἄόαντα.</span> <span class='ocrx_word' id='word_1_147' title='bbox 1027 1427 1164 1468; x_wconf 87' lang='grc' dir='ltr'>Τούτου</span> <span class='ocrx_word' id='word_1_148' title='bbox 1185 1424 1221 1463; x_wconf 81' lang='grc' dir='ltr'>δὲ</span> 
     </span>
     <span class='ocr_line' id='line_1_23' title="bbox 190 1485 1223 1548; baseline -0.025 0"><span class='ocrx_word' id='word_1_149' title='bbox 190 1509 250 1548; x_wconf 80' lang='grc' dir='ltr'>καὶ</span> <span class='ocrx_word' id='word_1_150' title='bbox 272 1504 462 1547; x_wconf 88' lang='grc' dir='ltr'>Ὠκαλείας</span> <span class='ocrx_word' id='word_1_151' title='bbox 480 1504 542 1548; x_wconf 71' lang='grc' dir='ltr'>τῆς</span> <span class='ocrx_word' id='word_1_152' title='bbox 557 1494 760 1538; x_wconf 84' lang='grc' dir='ltr'>Μαντινέως</span> <span class='ocrx_word' id='word_1_153' title='bbox 781 1492 918 1543; x_wconf 86' lang='grc' dir='ltr'>δίδυμοι</span> <span class='ocrx_word' id='word_1_154' title='bbox 930 1489 1050 1531; x_wconf 87' lang='grc' dir='ltr'>παῖδες</span> <span class='ocrx_word' id='word_1_155' title='bbox 1065 1485 1223 1539; x_wconf 84' lang='grc' dir='ltr'>ἐγένοντο</span> 
     </span>
     <span class='ocr_line' id='line_1_24' title="bbox 193 1562 633 1620; baseline -0.027 -13"><span class='ocrx_word' id='word_1_156' title='bbox 193 1566 364 1620; x_wconf 87' lang='grc' dir='ltr'>Ἀκρίσιος</span> <span class='ocrx_word' id='word_1_157' title='bbox 387 1562 447 1602; x_wconf 80' lang='grc' dir='ltr'>καὶ</span> <span class='ocrx_word' id='word_1_158' title='bbox 471 1563 633 1615; x_wconf 84' lang='grc' dir='ltr'>Προῖτος.</span> 
     </span>
    </p>

    <p class='ocr_par' dir='ltr' id='par_1_9' title="bbox 192 1604 1242 2849">
     <span class='ocr_line' id='line_1_25' title="bbox 245 1604 1223 1668; baseline -0.025 -4"><span class='ocrx_word' id='word_1_159' title='bbox 245 1628 262 1653; x_wconf 85' lang='lat'><strong>2</strong></span> <span class='ocrx_word' id='word_1_160' title='bbox 273 1619 384 1664; x_wconf 68' lang='grc' dir='ltr'>Οῧτοι</span> <span class='ocrx_word' id='word_1_161' title='bbox 403 1621 463 1660; x_wconf 79' lang='grc' dir='ltr'>καὶ</span> <span class='ocrx_word' id='word_1_162' title='bbox 483 1617 575 1657; x_wconf 81' lang='grc' dir='ltr'>κατὰ</span> <span class='ocrx_word' id='word_1_163' title='bbox 588 1613 737 1668; x_wconf 81' lang='grc' dir='ltr'>γαστρὸς</span> <span class='ocrx_word' id='word_1_164' title='bbox 757 1610 820 1664; x_wconf 80' lang='grc' dir='ltr'>μὲν</span> <span class='ocrx_word' id='word_1_165' title='bbox 840 1609 891 1648; x_wconf 82' lang='grc' dir='ltr'>ἔτι</span> <span class='ocrx_word' id='word_1_166' title='bbox 908 1607 1002 1650; x_wconf 80' lang='grc' dir='ltr'>ὄντες</span> <span class='ocrx_word' id='word_1_167' title='bbox 1019 1604 1223 1648; x_wconf 81' lang='grc' dir='ltr'>ἐστασίαζον</span> 
     </span>
     <span class='ocr_line' id='line_1_26' title="bbox 192 1665 1226 1739; baseline -0.026 -14"><span class='ocrx_word' id='word_1_168' title='bbox 192 1684 277 1739; x_wconf 81' lang='grc' dir='ltr'>πρὸς</span> <span class='ocrx_word' id='word_1_169' title='bbox 297 1681 479 1728; x_wconf 82' lang='grc' dir='ltr'>ἀλλήλους.</span> <span class='ocrx_word' id='word_1_170' title='bbox 509 1678 576 1720; x_wconf 58' lang='lat' dir='ltr'>‘sse</span> <span class='ocrx_word' id='word_1_171' title='bbox 595 1674 631 1713; x_wconf 82' lang='grc' dir='ltr'>δὲ</span> <span class='ocrx_word' id='word_1_172' title='bbox 658 1671 918 1726; x_wconf 81' lang='grc' dir='ltr'>ἀνετράφησαν,</span> <span class='ocrx_word' id='word_1_173' title='bbox 946 1665 1026 1719; x_wconf 77' lang='grc' dir='ltr'>περὶ</span> <span class='ocrx_word' id='word_1_174' title='bbox 1043 1667 1104 1711; x_wconf 69' lang='grc' dir='ltr'>τῆς</span> <span class='ocrx_word' id='word_1_175' title='bbox 1122 1666 1226 1715; x_wconf 84' lang='grc' dir='ltr'>βασι-</span> 
     </span>
     <span class='ocr_line' id='line_1_27' title="bbox 193 1719 1225 1791; baseline -0.025 -8"><span class='ocrx_word' id='word_1_176' title='bbox 193 1743 288 1787; x_wconf 85' lang='grc' dir='ltr'>λείας</span> <span class='ocrx_word' id='word_1_177' title='bbox 322 1739 514 1791; x_wconf 85' lang='grc' dir='ltr'>ἐπολέμουν</span> <span class='ocrx_word' id='word_1_178' title='bbox 533 1767 543 1786; x_wconf 95' lang='grc'>,</span> <span class='ocrx_word' id='word_1_179' title='bbox 590 1733 650 1773; x_wconf 74' lang='grc' dir='ltr'>καὶ</span> <span class='ocrx_word' id='word_1_180' title='bbox 675 1733 909 1781; x_wconf 79' lang='grc' dir='ltr'>πολεμοῦντες</span> <span class='ocrx_word' id='word_1_181' title='bbox 945 1719 1044 1778; x_wconf 65' lang='grc' dir='ltr'>εῧρον</span> <span class='ocrx_word' id='word_1_182' title='bbox 1078 1721 1225 1762; x_wconf 79' lang='grc' dir='ltr'>ἀσπίδας</span> 
     </span>
     <span class='ocr_line' id='line_1_28' title="bbox 195 1778 1224 1857; baseline -0.025 -15"><span class='ocrx_word' id='word_1_183' title='bbox 195 1804 339 1857; x_wconf 80' lang='grc' dir='ltr'>πρῶτοι.</span> <span class='ocrx_word' id='word_1_184' title='bbox 360 1798 431 1839; x_wconf 80' lang='grc' dir='ltr'>Καὶ</span> <span class='ocrx_word' id='word_1_185' title='bbox 447 1794 626 1850; x_wconf 83' lang='grc' dir='ltr'>κρατήσας</span> <span class='ocrx_word' id='word_1_186' title='bbox 645 1790 815 1844; x_wconf 85' lang='grc' dir='ltr'>Ἀκρίσιος</span> <span class='ocrx_word' id='word_1_187' title='bbox 829 1789 978 1840; x_wconf 86' lang='grc' dir='ltr'>Προῖτον</span> <span class='ocrx_word' id='word_1_188' title='bbox 997 1782 1140 1834; x_wconf 86' lang='grc' dir='ltr'>Ἄργους</span> <span class='ocrx_word' id='word_1_189' title='bbox 1157 1778 1224 1824; x_wconf 82' lang='grc' dir='ltr'>ἐξε-</span> 
     </span>
     <span class='ocr_line' id='line_1_29' title="bbox 195 1836 1228 1901; baseline -0.026 0"><span class='ocrx_word' id='word_1_190' title='bbox 195 1861 327 1900; x_wconf 87' lang='grc' dir='ltr'>λαύνει.</span> <span class='ocrx_word' id='word_1_191' title='bbox 348 1859 364 1884; x_wconf 87' lang='lat'><strong>3</strong></span> <span class='ocrx_word' id='word_1_192' title='bbox 376 1858 422 1897; x_wconf 86' lang='lat' dir='ltr'>‘O</span> <span class='ocrx_word' id='word_1_193' title='bbox 443 1855 479 1894; x_wconf 83' lang='grc' dir='ltr'>δὲ</span> <span class='ocrx_word' id='word_1_194' title='bbox 498 1849 582 1901; x_wconf 66' lang='grc' dir='ltr'>ἧκεν</span> <span class='ocrx_word' id='word_1_195' title='bbox 604 1853 651 1895; x_wconf 86' lang='grc' dir='ltr'>εἷς</span> <span class='ocrx_word' id='word_1_196' title='bbox 670 1848 804 1889; x_wconf 84' lang='grc' dir='ltr'>Λυκίαν</span> <span class='ocrx_word' id='word_1_197' title='bbox 827 1845 913 1898; x_wconf 82' lang='grc' dir='ltr'>πρὸς</span> <span class='ocrx_word' id='word_1_198' title='bbox 932 1841 1107 1887; x_wconf 64' lang='lat' dir='ltr'><strong>&#39;laed-mv·</strong></span> <span class='ocrx_word' id='word_1_199' title='bbox 1128 1841 1173 1882; x_wconf 82' lang='grc' dir='ltr'>ὣς</span> <span class='ocrx_word' id='word_1_200' title='bbox 1191 1836 1228 1876; x_wconf 80' lang='grc' dir='ltr'>δὲ</span> 
     </span>
     <span class='ocr_line' id='line_1_30' title="bbox 195 1897 1228 1972; baseline -0.024 -13"><span class='ocrx_word' id='word_1_201' title='bbox 195 1936 285 1963; x_wconf 88' lang='grc' dir='ltr'>τινες</span> <span class='ocrx_word' id='word_1_202' title='bbox 302 1917 401 1972; x_wconf 77' lang='grc' dir='ltr'>φασὶ,</span> <span class='ocrx_word' id='word_1_203' title='bbox 421 1914 506 1969; x_wconf 84' lang='grc' dir='ltr'>πρὸς</span> <span class='ocrx_word' id='word_1_204' title='bbox 524 1910 784 1964; x_wconf 80' lang='grc' dir='ltr'>Ἀμφιάνακτα·</span> <span class='ocrx_word' id='word_1_205' title='bbox 813 1905 874 1943; x_wconf 81' lang='grc' dir='ltr'>καὶ</span> <span class='ocrx_word' id='word_1_206' title='bbox 895 1907 1003 1954; x_wconf 85' lang='grc' dir='ltr'>γαμεῖ</span> <span class='ocrx_word' id='word_1_207' title='bbox 1025 1899 1088 1946; x_wconf 87' lang='grc' dir='ltr'>τὴν</span> <span class='ocrx_word' id='word_1_208' title='bbox 1105 1897 1228 1936; x_wconf 89' lang='grc' dir='ltr'>τούτου</span> 
     </span>
     <span class='ocr_line' id='line_1_31' title="bbox 197 1957 1229 2031; baseline -0.025 -13"><span class='ocrx_word' id='word_1_209' title='bbox 197 1977 383 2031; x_wconf 87' lang='grc' dir='ltr'>θυγατέρα,</span> <span class='ocrx_word' id='word_1_210' title='bbox 404 1977 449 2018; x_wconf 81' lang='grc' dir='ltr'>ὡς</span> <span class='ocrx_word' id='word_1_211' title='bbox 471 1971 534 2024; x_wconf 81' lang='grc' dir='ltr'>μὲν</span> <span class='ocrx_word' id='word_1_212' title='bbox 550 1970 734 2021; x_wconf 75' lang='grc' dir='ltr'>εΌμηρος,</span> <span class='ocrx_word' id='word_1_213' title='bbox 751 1965 924 2010; x_wconf 86' lang='grc' dir='ltr'>Ἄντειαν,</span> <span class='ocrx_word' id='word_1_214' title='bbox 945 1963 991 2003; x_wconf 81' lang='grc' dir='ltr'>ὥς</span> <span class='ocrx_word' id='word_1_215' title='bbox 1022 1957 1059 1996; x_wconf 81' lang='grc' dir='ltr'>δὲ</span> <span class='ocrx_word' id='word_1_216' title='bbox 1083 1959 1115 1996; x_wconf 78' lang='grc' dir='ltr'>οἱ</span> <span class='ocrx_word' id='word_1_217' title='bbox 1139 1972 1229 2009; x_wconf 87' lang='grc' dir='ltr'>τρα-</span> 
     </span>
     <span class='ocr_line' id='line_1_32' title="bbox 196 2013 1230 2090; baseline -0.025 -13"><span class='ocrx_word' id='word_1_218' title='bbox 196 2037 302 2090; x_wconf 82' lang='grc' dir='ltr'>γικοὶ,</span> <span class='ocrx_word' id='word_1_219' title='bbox 324 2033 545 2076; x_wconf 72' lang='grc' dir='ltr'>Σθενέὸοιαν.</span> <span class='ocrx_word' id='word_1_220' title='bbox 568 2027 726 2078; x_wconf 87' lang='grc' dir='ltr'>Κατάγει</span> <span class='ocrx_word' id='word_1_221' title='bbox 743 2023 780 2063; x_wconf 83' lang='grc' dir='ltr'>δὲ</span> <span class='ocrx_word' id='word_1_222' title='bbox 794 2022 897 2062; x_wconf 75' lang='grc' dir='ltr'>αὐτὸν</span> <span class='ocrx_word' id='word_1_223' title='bbox 916 2024 934 2059; x_wconf 85' lang='grc' dir='ltr'>ὃ</span> <span class='ocrx_word' id='word_1_224' title='bbox 953 2016 1124 2066; x_wconf 85' lang='grc' dir='ltr'>κηδεστὴς</span> <span class='ocrx_word' id='word_1_225' title='bbox 1142 2013 1230 2067; x_wconf 83' lang='grc' dir='ltr'>μετὰ</span> 
     </span>
     <span class='ocr_line' id='line_1_33' title="bbox 199 2074 1230 2150; baseline -0.025 -14"><span class='ocrx_word' id='word_1_226' title='bbox 199 2099 349 2150; x_wconf 78' lang='grc' dir='ltr'>στρατοῦ</span> <span class='ocrx_word' id='word_1_227' title='bbox 370 2091 525 2139; x_wconf 87' lang='grc' dir='ltr'>Λυκίων,</span> <span class='ocrx_word' id='word_1_228' title='bbox 543 2088 603 2127; x_wconf 84' lang='grc' dir='ltr'>καὶ</span> <span class='ocrx_word' id='word_1_229' title='bbox 620 2082 889 2135; x_wconf 73' lang='grc' dir='ltr'>καταλαμὸάνει</span> <span class='ocrx_word' id='word_1_230' title='bbox 906 2078 1075 2132; x_wconf 89' lang='grc' dir='ltr'>Τίρυνθα,</span> <span class='ocrx_word' id='word_1_231' title='bbox 1098 2074 1230 2121; x_wconf 88' lang='grc' dir='ltr'>ταύτην</span> 
     </span>
     <span class='ocr_line' id='line_1_34' title="bbox 201 2132 1230 2208; baseline -0.025 -13"><span class='ocrx_word' id='word_1_232' title='bbox 201 2157 295 2208; x_wconf 78' lang='grc' dir='ltr'>αὐτῷ</span> <span class='ocrx_word' id='word_1_233' title='bbox 318 2151 527 2193; x_wconf 82' lang='grc' dir='ltr'>Κυκλώπων</span> <span class='ocrx_word' id='word_1_234' title='bbox 548 2144 790 2199; x_wconf 84' lang='grc' dir='ltr'>τειχισάντων.</span> <span class='ocrx_word' id='word_1_235' title='bbox 809 2142 826 2167; x_wconf 87' lang='lat'>4</span> <span class='ocrx_word' id='word_1_236' title='bbox 840 2137 1083 2192; x_wconf 87' lang='grc' dir='ltr'>Μερισάμενοι</span> <span class='ocrx_word' id='word_1_237' title='bbox 1100 2133 1136 2172; x_wconf 80' lang='grc' dir='ltr'>δὲ</span> <span class='ocrx_word' id='word_1_238' title='bbox 1167 2132 1230 2180; x_wconf 86' lang='grc' dir='ltr'>τὴν</span> 
     </span>
     <span class='ocr_line' id='line_1_35' title="bbox 200 2193 1233 2268; baseline -0.026 -13"><span class='ocrx_word' id='word_1_239' title='bbox 200 2214 355 2268; x_wconf 77' lang='grc' dir='ltr'>Ἀργείαν</span> <span class='ocrx_word' id='word_1_240' title='bbox 371 2211 510 2250; x_wconf 81' lang='grc' dir='ltr'>ἅπασαν</span> <span class='ocrx_word' id='word_1_241' title='bbox 528 2204 724 2259; x_wconf 81' lang='grc' dir='ltr'>κατῴκουν.</span> <span class='ocrx_word' id='word_1_242' title='bbox 744 2200 816 2241; x_wconf 78' lang='grc' dir='ltr'>Καὶ</span> <span class='ocrx_word' id='word_1_243' title='bbox 827 2197 997 2252; x_wconf 82' lang='grc' dir='ltr'>Ἀκρίσιος</span> <span class='ocrx_word' id='word_1_244' title='bbox 1016 2194 1079 2246; x_wconf 80' lang='grc' dir='ltr'>μὲν</span> <span class='ocrx_word' id='word_1_245' title='bbox 1088 2193 1233 2246; x_wconf 87' lang='grc' dir='ltr'>Ἄργους</span> 
     </span>
     <span class='ocr_line' id='line_1_36' title="bbox 203 2251 1234 2326; baseline -0.025 -13"><span class='ocrx_word' id='word_1_246' title='bbox 203 2271 401 2326; x_wconf 80' lang='grc' dir='ltr'>βασιλεύει,</span> <span class='ocrx_word' id='word_1_247' title='bbox 430 2271 579 2322; x_wconf 87' lang='grc' dir='ltr'>Προῖτος</span> <span class='ocrx_word' id='word_1_248' title='bbox 618 2262 654 2301; x_wconf 78' lang='grc' dir='ltr'>δὲ</span> <span class='ocrx_word' id='word_1_249' title='bbox 688 2260 870 2314; x_wconf 87' lang='grc' dir='ltr'>Τίρυνθος.</span> <span class='ocrx_word' id='word_1_250' title='bbox 908 2255 966 2308; x_wconf 83' lang='lat'>(2)</span> <span class='ocrx_word' id='word_1_251' title='bbox 1001 2254 1072 2293; x_wconf 80' lang='grc' dir='ltr'>Καὶ</span> <span class='ocrx_word' id='word_1_252' title='bbox 1100 2251 1234 2304; x_wconf 87' lang='grc' dir='ltr'>γίνεται</span> 
     </span>
     <span class='ocr_line' id='line_1_37' title="bbox 202 2310 1233 2386; baseline -0.025 -13"><span class='ocrx_word' id='word_1_253' title='bbox 202 2331 364 2386; x_wconf 79' lang='grc' dir='ltr'>Ἀκρισίῳ</span> <span class='ocrx_word' id='word_1_254' title='bbox 385 2328 447 2380; x_wconf 79' lang='grc' dir='ltr'>μὲν</span> <span class='ocrx_word' id='word_1_255' title='bbox 469 2326 502 2371; x_wconf 86' lang='grc' dir='ltr'>ἐξ</span> <span class='ocrx_word' id='word_1_256' title='bbox 523 2322 717 2377; x_wconf 74' lang='grc' dir='ltr'>Εὐρυδίκης</span> <span class='ocrx_word' id='word_1_257' title='bbox 736 2322 797 2366; x_wconf 72' lang='grc' dir='ltr'>τῆς</span> <span class='ocrx_word' id='word_1_258' title='bbox 818 2315 1080 2366; x_wconf 89' lang='grc' dir='ltr'>Λακεδαίμονος</span> <span class='ocrx_word' id='word_1_259' title='bbox 1095 2310 1233 2357; x_wconf 88' lang='grc' dir='ltr'>Δανάη·</span> 
     </span>
     <span class='ocr_line' id='line_1_38' title="bbox 203 2368 1235 2446; baseline -0.025 -15"><span class='ocrx_word' id='word_1_260' title='bbox 203 2390 346 2446; x_wconf 82' lang='grc' dir='ltr'>Προίτῳ</span> <span class='ocrx_word' id='word_1_261' title='bbox 374 2387 411 2426; x_wconf 77' lang='grc' dir='ltr'>δὲ</span> <span class='ocrx_word' id='word_1_262' title='bbox 434 2387 474 2424; x_wconf 90' lang='grc' dir='ltr'>ἐκ</span> <span class='ocrx_word' id='word_1_263' title='bbox 497 2380 704 2424; x_wconf 68' lang='grc' dir='ltr'>Σθενεὸοίας</span> <span class='ocrx_word' id='word_1_264' title='bbox 730 2376 902 2422; x_wconf 88' lang='grc' dir='ltr'>Λυσίππη</span> <span class='ocrx_word' id='word_1_265' title='bbox 931 2373 992 2412; x_wconf 82' lang='grc' dir='ltr'>καὶ</span> <span class='ocrx_word' id='word_1_266' title='bbox 1019 2369 1150 2425; x_wconf 81' lang='grc' dir='ltr'>Ἰφινόη</span> <span class='ocrx_word' id='word_1_267' title='bbox 1175 2368 1235 2407; x_wconf 84' lang='grc' dir='ltr'>καὶ</span> 
     </span>
     <span class='ocr_line' id='line_1_39' title="bbox 205 2429 1235 2504; baseline -0.025 -14"><span class='ocrx_word' id='word_1_268' title='bbox 205 2449 423 2504; x_wconf 82' lang='grc' dir='ltr'>Ἰφιάνασσα.</span> <span class='ocrx_word' id='word_1_269' title='bbox 443 2437 586 2483; x_wconf 68' lang='grc' dir='ltr'>ΞΑἷται</span> <span class='ocrx_word' id='word_1_270' title='bbox 605 2439 657 2488; x_wconf 82' lang='grc' dir='ltr'>δὲ,</span> <span class='ocrx_word' id='word_1_271' title='bbox 678 2440 723 2481; x_wconf 85' lang='grc' dir='ltr'>ὡς</span> <span class='ocrx_word' id='word_1_272' title='bbox 743 2433 1015 2480; x_wconf 82' lang='grc' dir='ltr'>ἐτελειώθησαν,</span> <span class='ocrx_word' id='word_1_273' title='bbox 1041 2429 1235 2480; x_wconf 85' lang='grc' dir='ltr'>ἐμάνησαν·</span> 
     </span>
     <span class='ocr_line' id='line_1_40' title="bbox 204 2486 1237 2560; baseline -0.025 -12"><span class='ocrx_word' id='word_1_274' title='bbox 204 2511 251 2553; x_wconf 81' lang='grc' dir='ltr'>ὣς</span> <span class='ocrx_word' id='word_1_275' title='bbox 268 2507 330 2560; x_wconf 78' lang='grc' dir='ltr'>μὲν</span> <span class='ocrx_word' id='word_1_276' title='bbox 357 2501 518 2545; x_wconf 84' lang='grc' dir='ltr'>Ἡσίοδός</span> <span class='ocrx_word' id='word_1_277' title='bbox 543 2515 648 2554; x_wconf 89' lang='grc' dir='ltr'>φησιν</span> <span class='ocrx_word' id='word_1_278' title='bbox 660 2528 670 2547; x_wconf 92' lang='grc'>,</span> <span class='ocrx_word' id='word_1_279' title='bbox 690 2496 743 2535; x_wconf 80' lang='grc' dir='ltr'>ὅτι</span> <span class='ocrx_word' id='word_1_280' title='bbox 762 2494 823 2537; x_wconf 86' lang='grc' dir='ltr'>τὰς</span> <span class='ocrx_word' id='word_1_281' title='bbox 842 2490 1011 2532; x_wconf 83' lang='grc' dir='ltr'>Διονύσου</span> <span class='ocrx_word' id='word_1_282' title='bbox 1039 2486 1180 2529; x_wconf 86' lang='grc' dir='ltr'>τελετὰς</span> <span class='ocrx_word' id='word_1_283' title='bbox 1198 2486 1237 2523; x_wconf 82' lang='grc' dir='ltr'>οὐ</span> 
     </span>
     <span class='ocr_line' id='line_1_41' title="bbox 205 2544 1238 2618; baseline -0.027 -10"><span class='ocrx_word' id='word_1_284' title='bbox 205 2566 448 2618; x_wconf 84' lang='grc' dir='ltr'>κατεδέχοντο·</span> <span class='ocrx_word' id='word_1_285' title='bbox 474 2563 522 2604; x_wconf 84' lang='grc' dir='ltr'>ὣς</span> <span class='ocrx_word' id='word_1_286' title='bbox 550 2557 586 2596; x_wconf 80' lang='grc' dir='ltr'>δὲ</span> <span class='ocrx_word' id='word_1_287' title='bbox 616 2554 836 2596; x_wconf 88' lang='grc' dir='ltr'>Ἀκουσίλαος</span> <span class='ocrx_word' id='word_1_288' title='bbox 856 2549 971 2602; x_wconf 87' lang='grc' dir='ltr'>λέγει,</span> <span class='ocrx_word' id='word_1_289' title='bbox 994 2546 1083 2586; x_wconf 87' lang='grc' dir='ltr'>διότι</span> <span class='ocrx_word' id='word_1_290' title='bbox 1111 2544 1151 2583; x_wconf 82' lang='grc' dir='ltr'>τὸ</span> <span class='ocrx_word' id='word_1_291' title='bbox 1175 2546 1238 2590; x_wconf 69' lang='grc' dir='ltr'>τῆς</span> 
     </span>
     <span class='ocr_line' id='line_1_42' title="bbox 205 2605 1238 2680; baseline -0.028 -13"><span class='ocrx_word' id='word_1_292' title='bbox 205 2627 322 2680; x_wconf 65' lang='grc' dir='ltr'>’Ἤρας</span> <span class='ocrx_word' id='word_1_293' title='bbox 346 2623 466 2669; x_wconf 86' lang='grc' dir='ltr'>ξόανον</span> <span class='ocrx_word' id='word_1_294' title='bbox 495 2616 730 2666; x_wconf 83' lang='grc' dir='ltr'>ἐξηυτέλισαν,</span> <span class='ocrx_word' id='word_1_295' title='bbox 751 2617 767 2642; x_wconf 84' lang='grc'><strong>3</strong></span> <span class='ocrx_word' id='word_1_296' title='bbox 781 2614 810 2651; x_wconf 91' lang='grc' dir='ltr'><strong>Γ</strong></span> <span class='ocrx_word' id='word_1_297' title='bbox 812 2609 973 2660; x_wconf 85' lang='grc' dir='ltr'>ενόμεναι</span> <span class='ocrx_word' id='word_1_298' title='bbox 993 2605 1029 2644; x_wconf 81' lang='grc' dir='ltr'>δὲ</span> <span class='ocrx_word' id='word_1_299' title='bbox 1058 2606 1238 2655; x_wconf 77' lang='grc' dir='ltr'>ἐμμανεῖς,</span> 
     </span>
     <span class='ocr_line' id='line_1_43' title="bbox 208 2662 1241 2731; baseline -0.027 -6"><span class='ocrx_word' id='word_1_300' title='bbox 208 2686 409 2724; x_wconf 81' lang='grc' dir='ltr'>ἐπλανῶντο</span> <span class='ocrx_word' id='word_1_301' title='bbox 425 2679 489 2727; x_wconf 84' lang='grc' dir='ltr'>τὴν</span> <span class='ocrx_word' id='word_1_302' title='bbox 506 2675 662 2731; x_wconf 84' lang='grc' dir='ltr'>Ἀργείαν</span> <span class='ocrx_word' id='word_1_303' title='bbox 681 2673 837 2712; x_wconf 86' lang='grc' dir='ltr'>ἅπασαν.</span> <span class='ocrx_word' id='word_1_304' title='bbox 854 2662 960 2709; x_wconf 72' lang='grc' dir='ltr'>Αῧθις</span> <span class='ocrx_word' id='word_1_305' title='bbox 979 2663 1016 2703; x_wconf 81' lang='grc' dir='ltr'>δὲ</span> <span class='ocrx_word' id='word_1_306' title='bbox 1035 2663 1100 2710; x_wconf 86' lang='grc' dir='ltr'>τὴν</span> <span class='ocrx_word' id='word_1_307' title='bbox 1117 2662 1241 2715; x_wconf 84' lang='grc' dir='ltr'>Ἀρκα-</span> 
     </span>
     <span class='ocr_line' id='line_1_44' title="bbox 209 2719 1242 2788; baseline -0.027 -4"><span class='ocrx_word' id='word_1_308' title='bbox 209 2745 284 2783; x_wconf 86' lang='grc' dir='ltr'>δίαν</span> <span class='ocrx_word' id='word_1_309' title='bbox 301 2743 360 2782; x_wconf 81' lang='grc' dir='ltr'>καὶ</span> <span class='ocrx_word' id='word_1_310' title='bbox 379 2740 443 2788; x_wconf 86' lang='grc' dir='ltr'>τὴν</span> <span class='ocrx_word' id='word_1_311' title='bbox 461 2734 728 2780; x_wconf 88' lang='grc' dir='ltr'>Πελοπόννησον</span> <span class='ocrx_word' id='word_1_312' title='bbox 750 2731 946 2768; x_wconf 78' lang='grc' dir='ltr'>διελθοῦσαι</span> <span class='ocrx_word' id='word_1_313' title='bbox 964 2723 1054 2777; x_wconf 86' lang='grc' dir='ltr'>μετὰ</span> <span class='ocrx_word' id='word_1_314' title='bbox 1067 2719 1242 2771; x_wconf 83' lang='grc' dir='ltr'>ἀκοσμίας</span> 
     </span>
     <span class='ocr_line' id='line_1_45' title="bbox 210 2788 906 2849; baseline -0.026 -7"><span class='ocrx_word' id='word_1_315' title='bbox 210 2803 362 2849; x_wconf 83' lang='grc' dir='ltr'>ἁπάσης,</span> <span class='ocrx_word' id='word_1_316' title='bbox 384 2799 441 2838; x_wconf 84' lang='grc' dir='ltr'>διὰ</span> <span class='ocrx_word' id='word_1_317' title='bbox 454 2800 518 2844; x_wconf 75' lang='grc' dir='ltr'>τῆς</span> <span class='ocrx_word' id='word_1_318' title='bbox 539 2793 693 2848; x_wconf 65' lang='grc' dir='ltr'>ἐρημίας</span> <span class='ocrx_word' id='word_1_319' title='bbox 703 2788 906 2842; x_wconf 85' lang='grc' dir='ltr'>ἐτρόχαζον.</span> 
     </span>
    </p>

    <p class='ocr_par' dir='ltr' id='par_1_10' title="bbox 212 2838 1250 3437">
     <span class='ocr_line' id='line_1_46' title="bbox 263 2838 1242 2909; baseline -0.028 -9"><span class='ocrx_word' id='word_1_320' title='bbox 263 2861 280 2886; x_wconf 80' lang='lat'>⁴</span> <span class='ocrx_word' id='word_1_321' title='bbox 298 2858 516 2909; x_wconf 84' lang='grc' dir='ltr'>Μελάμπους</span> <span class='ocrx_word' id='word_1_322' title='bbox 535 2852 571 2892; x_wconf 81' lang='grc' dir='ltr'>δὲ</span> <span class='ocrx_word' id='word_1_323' title='bbox 602 2856 621 2891; x_wconf 86' lang='grc' dir='ltr'>ὃ</span> <span class='ocrx_word' id='word_1_324' title='bbox 639 2848 849 2902; x_wconf 81' lang='grc' dir='ltr'>Ἀμυθάονος</span> <span class='ocrx_word' id='word_1_325' title='bbox 874 2842 935 2883; x_wconf 73' lang='grc' dir='ltr'>καὶ</span> <span class='ocrx_word' id='word_1_326' title='bbox 953 2838 1153 2891; x_wconf 77' lang='grc' dir='ltr'>Εἰδομένης</span> <span class='ocrx_word' id='word_1_327' title='bbox 1180 2839 1242 2883; x_wconf 71' lang='grc' dir='ltr'>τῆς</span> 
     </span>
     <span class='ocr_line' id='line_1_47' title="bbox 212 2896 1244 2967; baseline -0.026 -8"><span class='ocrx_word' id='word_1_328' title='bbox 212 2919 391 2966; x_wconf 67' lang='grc' dir='ltr'>Ἀῧαντος,</span> <span class='ocrx_word' id='word_1_329' title='bbox 419 2915 542 2967; x_wconf 89' lang='grc' dir='ltr'>μάντις</span> <span class='ocrx_word' id='word_1_330' title='bbox 559 2911 620 2960; x_wconf 80' lang='grc' dir='ltr'>ὢν,</span> <span class='ocrx_word' id='word_1_331' title='bbox 640 2909 699 2948; x_wconf 78' lang='grc' dir='ltr'>καὶ</span> <span class='ocrx_word' id='word_1_332' title='bbox 718 2906 782 2954; x_wconf 86' lang='grc' dir='ltr'>τὴν</span> <span class='ocrx_word' id='word_1_333' title='bbox 802 2904 860 2943; x_wconf 79' lang='grc' dir='ltr'>διὰ</span> <span class='ocrx_word' id='word_1_334' title='bbox 877 2900 1075 2956; x_wconf 89' lang='grc' dir='ltr'>φαρμάκων</span> <span class='ocrx_word' id='word_1_335' title='bbox 1096 2896 1157 2936; x_wconf 70' lang='lat' dir='ltr'><strong>ml</strong></span> <span class='ocrx_word' id='word_1_336' title='bbox 1177 2911 1244 2934; x_wconf 91' lang='grc' dir='ltr'>κα-</span> 
     </span>
     <span class='ocr_line' id='line_1_48' title="bbox 216 2957 1244 3031; baseline -0.026 -14"><span class='ocrx_word' id='word_1_337' title='bbox 216 2979 357 3031; x_wconf 80' lang='grc' dir='ltr'>θαρμῶν</span> <span class='ocrx_word' id='word_1_338' title='bbox 383 2972 567 3028; x_wconf 86' lang='grc' dir='ltr'>θεραπείαν</span> <span class='ocrx_word' id='word_1_339' title='bbox 587 2971 726 3023; x_wconf 83' lang='grc' dir='ltr'>πρῶτος</span> <span class='ocrx_word' id='word_1_340' title='bbox 746 2962 921 3019; x_wconf 71' lang='grc' dir='ltr'>εὑρηκὼς,</span> <span class='ocrx_word' id='word_1_341' title='bbox 942 2962 1166 3010; x_wconf 77' lang='grc' dir='ltr'>ὑπισχνεῖται</span> <span class='ocrx_word' id='word_1_342' title='bbox 1185 2957 1244 2991; x_wconf 90' lang='grc' dir='ltr'>θε-</span> 
     </span>
     <span class='ocr_line' id='line_1_49' title="bbox 218 3012 1245 3089; baseline -0.026 -13"><span class='ocrx_word' id='word_1_343' title='bbox 218 3035 401 3089; x_wconf 85' lang='grc' dir='ltr'>ραπεύσειν</span> <span class='ocrx_word' id='word_1_344' title='bbox 422 3032 484 3076; x_wconf 82' lang='grc' dir='ltr'>τὰς</span> <span class='ocrx_word' id='word_1_345' title='bbox 511 3028 726 3083; x_wconf 88' lang='grc' dir='ltr'>παρθένους,</span> <span class='ocrx_word' id='word_1_346' title='bbox 747 3026 777 3063; x_wconf 83' lang='grc' dir='ltr'>εἷ</span> <span class='ocrx_word' id='word_1_347' title='bbox 804 3021 908 3061; x_wconf 62' lang='lat' dir='ltr'><strong>Mem</strong></span> <span class='ocrx_word' id='word_1_348' title='bbox 934 3018 974 3058; x_wconf 82' lang='grc' dir='ltr'>τὸ</span> <span class='ocrx_word' id='word_1_349' title='bbox 991 3017 1107 3071; x_wconf 89' lang='grc' dir='ltr'>τρίτον</span> <span class='ocrx_word' id='word_1_350' title='bbox 1141 3012 1245 3066; x_wconf 78' lang='grc' dir='ltr'>μέρος</span> 
     </span>
     <span class='ocr_line' id='line_1_50' title="bbox 222 3075 1246 3141; baseline -0.026 -6"><span class='ocrx_word' id='word_1_351' title='bbox 222 3098 278 3141; x_wconf 76' lang='grc' dir='ltr'>τ’ῆς</span> <span class='ocrx_word' id='word_1_352' title='bbox 299 3092 510 3134; x_wconf 84' lang='grc' dir='ltr'>δυναστείας.</span> <span class='ocrx_word' id='word_1_353' title='bbox 533 3092 549 3116; x_wconf 83' lang='lat'><strong>5</strong></span> <span class='ocrx_word' id='word_1_354' title='bbox 564 3090 642 3128; x_wconf 80' lang='grc' dir='ltr'>Οὐκ</span> <span class='ocrx_word' id='word_1_355' title='bbox 658 3083 901 3138; x_wconf 84' lang='grc' dir='ltr'>ἐπιτρέποντος</span> <span class='ocrx_word' id='word_1_356' title='bbox 919 3077 955 3116; x_wconf 79' lang='grc' dir='ltr'>δὲ</span> <span class='ocrx_word' id='word_1_357' title='bbox 969 3075 1123 3130; x_wconf 87' lang='grc' dir='ltr'>Προίτου</span> <span class='ocrx_word' id='word_1_358' title='bbox 1141 3076 1246 3126; x_wconf 84' lang='grc' dir='ltr'>θερα-</span> 
     </span>
     <span class='ocr_line' id='line_1_51' title="bbox 222 3132 1248 3202; baseline -0.023 -10"><span class='ocrx_word' id='word_1_359' title='bbox 222 3152 335 3191; x_wconf 81' lang='grc' dir='ltr'>πεύειν</span> <span class='ocrx_word' id='word_1_360' title='bbox 356 3151 413 3190; x_wconf 86' lang='grc' dir='ltr'>ἐπὶ</span> <span class='ocrx_word' id='word_1_361' title='bbox 435 3153 568 3202; x_wconf 82' lang='grc' dir='ltr'>μισθοῖς</span> <span class='ocrx_word' id='word_1_362' title='bbox 584 3144 821 3194; x_wconf 86' lang='grc' dir='ltr'>τηλικούτοις,</span> <span class='ocrx_word' id='word_1_363' title='bbox 841 3140 893 3178; x_wconf 83' lang='grc' dir='ltr'>ἔτι</span> <span class='ocrx_word' id='word_1_364' title='bbox 912 3138 1043 3190; x_wconf 82' lang='grc' dir='ltr'>μᾶλλον</span> <span class='ocrx_word' id='word_1_365' title='bbox 1065 3132 1248 3185; x_wconf 87' lang='grc' dir='ltr'>ἐμαίνοντο</span> 
     </span>
     <span class='ocr_line' id='line_1_52' title="bbox 222 3190 1249 3266; baseline -0.022 -17"><span class='ocrx_word' id='word_1_366' title='bbox 222 3213 258 3249; x_wconf 78' lang='grc' dir='ltr'>αἱ</span> <span class='ocrx_word' id='word_1_367' title='bbox 277 3209 455 3262; x_wconf 87' lang='grc' dir='ltr'>παρθένοι,</span> <span class='ocrx_word' id='word_1_368' title='bbox 476 3207 536 3246; x_wconf 77' lang='grc' dir='ltr'>καὶ</span> <span class='ocrx_word' id='word_1_369' title='bbox 552 3204 698 3266; x_wconf 58' lang='grc' dir='ltr'>προσέτι</span> <span class='ocrx_word' id='word_1_370' title='bbox 726 3200 813 3254; x_wconf 82' lang='grc' dir='ltr'>μετὰ</span> <span class='ocrx_word' id='word_1_371' title='bbox 837 3197 969 3237; x_wconf 86' lang='grc' dir='ltr'>τούτων</span> <span class='ocrx_word' id='word_1_372' title='bbox 997 3197 1032 3233; x_wconf 84' lang='grc' dir='ltr'>αἱ</span> <span class='ocrx_word' id='word_1_373' title='bbox 1047 3190 1166 3232; x_wconf 83' lang='grc' dir='ltr'>λοιπαὶ</span> <span class='ocrx_word' id='word_1_374' title='bbox 1183 3205 1249 3242; x_wconf 84' lang='grc' dir='ltr'>γυ-</span> 
     </span>
     <span class='ocr_line' id='line_1_53' title="bbox 225 3246 1250 3318; baseline -0.02 -12"><span class='ocrx_word' id='word_1_375' title='bbox 225 3274 349 3310; x_wconf 87' lang='grc' dir='ltr'>ναῖκες.</span> <span class='ocrx_word' id='word_1_376' title='bbox 372 3265 441 3306; x_wconf 75' lang='grc' dir='ltr'>Καὶ</span> <span class='ocrx_word' id='word_1_377' title='bbox 461 3266 528 3318; x_wconf 83' lang='grc' dir='ltr'>γὰρ</span> <span class='ocrx_word' id='word_1_378' title='bbox 547 3269 649 3302; x_wconf 76' lang='grc' dir='ltr'>αὗται</span> <span class='ocrx_word' id='word_1_379' title='bbox 666 3261 727 3304; x_wconf 83' lang='grc' dir='ltr'>τὰς</span> <span class='ocrx_word' id='word_1_380' title='bbox 752 3258 862 3302; x_wconf 75' lang='grc' dir='ltr'>οἰκίας</span> <span class='ocrx_word' id='word_1_381' title='bbox 888 3257 1144 3298; x_wconf 73' lang='grc' dir='ltr'>ἀπολιποῦσαι,</span> <span class='ocrx_word' id='word_1_382' title='bbox 1171 3246 1250 3290; x_wconf 76' lang='grc' dir='ltr'>τοὺς</span> 
     </span>
     <span class='ocr_line' id='line_1_54' title="bbox 225 3311 1250 3368; baseline -0.019 -3"><span class='ocrx_word' id='word_1_383' title='bbox 225 3327 328 3368; x_wconf 80' lang='grc' dir='ltr'>ἰδίους</span> <span class='ocrx_word' id='word_1_384' title='bbox 352 3324 536 3363; x_wconf 84' lang='grc' dir='ltr'>ἀπώλλυον</span> <span class='ocrx_word' id='word_1_385' title='bbox 565 3323 710 3368; x_wconf 83' lang='grc' dir='ltr'>παῖδας,</span> <span class='ocrx_word' id='word_1_386' title='bbox 734 3318 793 3358; x_wconf 80' lang='grc' dir='ltr'>καὶ</span> <span class='ocrx_word' id='word_1_387' title='bbox 819 3319 866 3360; x_wconf 83' lang='grc' dir='ltr'>εἷς</span> <span class='ocrx_word' id='word_1_388' title='bbox 888 3315 949 3362; x_wconf 82' lang='grc' dir='ltr'>τὴν</span> <span class='ocrx_word' id='word_1_389' title='bbox 981 3316 1126 3368; x_wconf 78' lang='grc' dir='ltr'>ἐρημίαν</span> <span class='ocrx_word' id='word_1_390' title='bbox 1154 3311 1250 3361; x_wconf 77' lang='grc' dir='ltr'>ἐφοι-</span> 
     </span>
     <span class='ocr_line' id='line_1_55' title="bbox 224 3373 1249 3437; baseline -0.02 -12"><span class='ocrx_word' id='word_1_391' title='bbox 224 3401 309 3425; x_wconf 79' lang='grc' dir='ltr'>των.</span> <span class='ocrx_word' id='word_1_392' title='bbox 326 3390 343 3414; x_wconf 78' lang='grc'><strong>6</strong></span> <span class='ocrx_word' id='word_1_393' title='bbox 361 3381 624 3437; x_wconf 63' lang='grc' dir='ltr'>Προῧαινούσης</span> <span class='ocrx_word' id='word_1_394' title='bbox 648 3380 683 3417; x_wconf 84' lang='grc' dir='ltr'>δὲ</span> <span class='ocrx_word' id='word_1_395' title='bbox 711 3379 930 3416; x_wconf 85' lang='grc' dir='ltr'>ἐπιπλεῖστον</span> <span class='ocrx_word' id='word_1_396' title='bbox 961 3376 1022 3420; x_wconf 81' lang='grc' dir='ltr'>τ’ἧς</span> <span class='ocrx_word' id='word_1_397' title='bbox 1048 3373 1249 3423; x_wconf 79' lang='grc' dir='ltr'>συμφορᾶς,</span> 
     </span>
    </p>
   </div>
   <div class='ocr_carea' id='block_1_8' title="bbox 1251 318 2280 588">
    <p class='ocr_par' dir='ltr' id='par_1_11' title="bbox 1251 318 2280 588">
     <span class='ocr_line' id='line_1_56' title="bbox 1252 318 2278 361; baseline -0.001 -9"><span class='ocrx_word' id='word_1_398' title='bbox 1252 329 1446 361; x_wconf 86' lang='lat' dir='ltr'><strong>sponsorum</strong></span> <span class='ocrx_word' id='word_1_399' title='bbox 1475 320 1517 352; x_wconf 88' lang='lat' dir='ltr'>ad</span> <span class='ocrx_word' id='word_1_400' title='bbox 1539 321 1677 351; x_wconf 78' lang='lat' dir='ltr'>Lernam</span> <span class='ocrx_word' id='word_1_401' title='bbox 1702 318 1913 357; x_wconf 80' lang='lat' dir='ltr'><strong>defoderunt,</strong></span> <span class='ocrx_word' id='word_1_402' title='bbox 1941 326 2076 358; x_wconf 88' lang='lat' dir='ltr'><strong>corpora</strong></span> <span class='ocrx_word' id='word_1_403' title='bbox 2099 326 2174 350; x_wconf 88' lang='lat' dir='ltr'><strong>vero</strong></span> <span class='ocrx_word' id='word_1_404' title='bbox 2202 319 2278 351; x_wconf 79' lang='lat' dir='ltr'><strong>ante</strong></span> 
     </span>
     <span class='ocr_line' id='line_1_57' title="bbox 1251 375 2278 420; baseline -0.004 -9"><span class='ocrx_word' id='word_1_405' title='bbox 1251 379 1366 411; x_wconf 91' lang='lat' dir='ltr'><strong>urbem</strong></span> <span class='ocrx_word' id='word_1_406' title='bbox 1383 379 1620 420; x_wconf 81' lang='lat' dir='ltr'>sepeliverunt,</span> <span class='ocrx_word' id='word_1_407' title='bbox 1635 378 1788 418; x_wconf 87' lang='lat' dir='ltr'><strong>ipsasque</strong></span> <span class='ocrx_word' id='word_1_408' title='bbox 1803 376 1895 408; x_wconf 90' lang='lat' dir='ltr'><strong>Jovis</strong></span> <span class='ocrx_word' id='word_1_409' title='bbox 1913 376 2009 416; x_wconf 89' lang='lat' dir='ltr'><strong>jussu</strong></span> <span class='ocrx_word' id='word_1_410' title='bbox 2030 376 2203 417; x_wconf 88' lang='lat' dir='ltr'><strong>expiarunt</strong></span> <span class='ocrx_word' id='word_1_411' title='bbox 2220 375 2278 408; x_wconf 90' lang='lat' dir='ltr'><strong>Mi-</strong></span> 
     </span>
     <span class='ocr_line' id='line_1_58' title="bbox 1253 436 2280 475; baseline -0.004 -5"><span class='ocrx_word' id='word_1_412' title='bbox 1253 446 1351 470; x_wconf 89' lang='lat' dir='ltr'><strong>nerva</strong></span> <span class='ocrx_word' id='word_1_413' title='bbox 1365 439 1398 470; x_wconf 90' lang='lat' dir='ltr'>et</span> <span class='ocrx_word' id='word_1_414' title='bbox 1406 437 1597 470; x_wconf 83' lang='lat' dir='ltr'><strong>Mercurius.</strong></span> <span class='ocrx_word' id='word_1_415' title='bbox 1616 441 1644 460; x_wconf 78' lang='lat'>¹²</span> <span class='ocrx_word' id='word_1_416' title='bbox 1660 437 1738 468; x_wconf 90' lang='lat' dir='ltr'><strong>Post</strong></span> <span class='ocrx_word' id='word_1_417' title='bbox 1751 438 1883 468; x_wconf 86' lang='lat' dir='ltr'><strong>Danaus</strong></span> <span class='ocrx_word' id='word_1_418' title='bbox 1895 436 2182 475; x_wconf 87' lang='lat' dir='ltr'><strong>Hypermnestram</strong></span> <span class='ocrx_word' id='word_1_419' title='bbox 2195 436 2280 475; x_wconf 73' lang='lat' dir='ltr'><strong>Lyn-</strong></span> 
     </span>
     <span class='ocr_line' id='line_1_59' title="bbox 1255 493 2280 536; baseline -0.005 -7"><span class='ocrx_word' id='word_1_420' title='bbox 1255 505 1311 528; x_wconf 85' lang='lat' dir='ltr'>ceo</span> <span class='ocrx_word' id='word_1_421' title='bbox 1330 496 1485 536; x_wconf 88' lang='lat' dir='ltr'><strong>elocavit,</strong></span> <span class='ocrx_word' id='word_1_422' title='bbox 1503 497 1627 528; x_wconf 83' lang='lat' dir='ltr'><strong>ceteras</strong></span> <span class='ocrx_word' id='word_1_423' title='bbox 1642 495 1677 527; x_wconf 92' lang='lat' dir='ltr'>in</span> <span class='ocrx_word' id='word_1_424' title='bbox 1704 494 1889 535; x_wconf 81' lang='lat' dir='ltr'>gymnicum</span> <span class='ocrx_word' id='word_1_425' title='bbox 1916 494 2078 525; x_wconf 88' lang='lat' dir='ltr'><strong>certamen</strong></span> <span class='ocrx_word' id='word_1_426' title='bbox 2106 493 2280 535; x_wconf 87' lang='lat' dir='ltr'><strong>productas</strong></span> 
     </span>
     <span class='ocr_line' id='line_1_60' title="bbox 1256 555 1554 588; baseline -0.007 0"><span class='ocrx_word' id='word_1_427' title='bbox 1256 555 1344 588; x_wconf 81' lang='lat' dir='ltr'>dedit</span> <span class='ocrx_word' id='word_1_428' title='bbox 1360 555 1554 588; x_wconf 80' lang='lat' dir='ltr'><strong>victoribus.</strong></span> 
     </span>
    </p>
   </div>
   <div class='ocr_carea' id='block_1_9' title="bbox 1258 666 2294 1178">
    <p class='ocr_par' dir='ltr' id='par_1_12' title="bbox 1258 666 2294 1178">
     <span class='ocr_line' id='line_1_61' title="bbox 1303 666 2284 713; baseline -0.008 -7"><span class='ocrx_word' id='word_1_429' title='bbox 1303 677 1330 697; x_wconf 80' lang='lat'>¹²</span> <span class='ocrx_word' id='word_1_430' title='bbox 1341 675 1520 713; x_wconf 75' lang='lat' dir='ltr'><strong>Amymone</strong></span> <span class='ocrx_word' id='word_1_431' title='bbox 1541 680 1581 704; x_wconf 86' lang='lat' dir='ltr'>ex</span> <span class='ocrx_word' id='word_1_432' title='bbox 1594 672 1743 712; x_wconf 83' lang='lat' dir='ltr'>Neptuno</span> <span class='ocrx_word' id='word_1_433' title='bbox 1765 668 1889 711; x_wconf 78' lang='lat' dir='ltr'>peperit</span> <span class='ocrx_word' id='word_1_434' title='bbox 1911 667 2096 709; x_wconf 87' lang='lat' dir='ltr'><strong>Nauplium.</strong></span> <span class='ocrx_word' id='word_1_435' title='bbox 2113 666 2175 700; x_wconf 89' lang='lat' dir='ltr'>Hic</span> <span class='ocrx_word' id='word_1_436' title='bbox 2187 674 2284 699; x_wconf 82' lang='lat' dir='ltr'><strong>senex</strong></span> 
     </span>
     <span class='ocr_line' id='line_1_62' title="bbox 1258 713 2282 762; baseline -0.009 -9"><span class='ocrx_word' id='word_1_437' title='bbox 1258 722 1425 762; x_wconf 73' lang='lat' dir='ltr'><strong>longaevus</strong></span> <span class='ocrx_word' id='word_1_438' title='bbox 1437 743 1447 760; x_wconf 89' lang='lat'><strong>,</strong></span> <span class='ocrx_word' id='word_1_439' title='bbox 1464 728 1553 752; x_wconf 78' lang='lat' dir='ltr'><strong>mare</strong></span> <span class='ocrx_word' id='word_1_440' title='bbox 1567 719 1723 759; x_wconf 88' lang='lat' dir='ltr'><strong>navigans</strong></span> <span class='ocrx_word' id='word_1_441' title='bbox 1738 726 1851 750; x_wconf 90' lang='lat' dir='ltr'><strong>eorum</strong></span> <span class='ocrx_word' id='word_1_442' title='bbox 1866 717 1987 748; x_wconf 80' lang='lat' dir='ltr'><strong>sortem</strong></span> <span class='ocrx_word' id='word_1_443' title='bbox 2003 714 2059 756; x_wconf 88' lang='lat' dir='ltr'>qui</span> <span class='ocrx_word' id='word_1_444' title='bbox 2073 714 2108 746; x_wconf 88' lang='lat' dir='ltr'>in</span> <span class='ocrx_word' id='word_1_445' title='bbox 2127 713 2282 746; x_wconf 82' lang='lat' dir='ltr'><strong>fluctibus</strong></span> 
     </span>
     <span class='ocr_line' id='line_1_63' title="bbox 1259 761 2285 810; baseline -0.01 -9"><span class='ocrx_word' id='word_1_446' title='bbox 1259 769 1424 810; x_wconf 88' lang='lat' dir='ltr'><strong>perierunt</strong></span> <span class='ocrx_word' id='word_1_447' title='bbox 1440 768 1575 800; x_wconf 85' lang='lat' dir='ltr'><strong>moleste</strong></span> <span class='ocrx_word' id='word_1_448' title='bbox 1602 766 1725 799; x_wconf 83' lang='lat' dir='ltr'><strong>ferebat</strong></span> <span class='ocrx_word' id='word_1_449' title='bbox 1748 765 1815 805; x_wconf 81' lang='lat' dir='ltr'><strong>(vel</strong></span> <span class='ocrx_word' id='word_1_450' title='bbox 1844 772 1887 796; x_wconf 74' lang='lat' dir='ltr'><strong>ex</strong></span> <span class='ocrx_word' id='word_1_451' title='bbox 1909 763 2044 796; x_wconf 77' lang='lat' dir='ltr'><strong>Kuhm&#39;i</strong></span> <span class='ocrx_word' id='word_1_452' title='bbox 2065 761 2285 802; x_wconf 73' lang='lat' dir='ltr'><strong>conjectura:</strong></span> 
     </span>
     <span class='ocr_line' id='line_1_64' title="bbox 1261 809 2287 858; baseline -0.01 -9"><span class='ocrx_word' id='word_1_453' title='bbox 1261 825 1475 858; x_wconf 86' lang='lat' dir='ltr'><strong>quoscunque</strong></span> <span class='ocrx_word' id='word_1_454' title='bbox 1494 815 1528 847; x_wconf 91' lang='lat' dir='ltr'>in</span> <span class='ocrx_word' id='word_1_455' title='bbox 1548 814 1628 846; x_wconf 87' lang='lat' dir='ltr'><strong>mari</strong></span> <span class='ocrx_word' id='word_1_456' title='bbox 1655 812 1908 855; x_wconf 82' lang='lat' dir='ltr'><strong>deprehenderat</strong></span> <span class='ocrx_word' id='word_1_457' title='bbox 1920 835 1928 851; x_wconf 92' lang='lat'><strong>,</strong></span> <span class='ocrx_word' id='word_1_458' title='bbox 1953 811 2085 842; x_wconf 83' lang='lat' dir='ltr'><strong>ostensa</strong></span> <span class='ocrx_word' id='word_1_459' title='bbox 2101 809 2189 847; x_wconf 78' lang='lat' dir='ltr'><strong>face,</strong></span> <span class='ocrx_word' id='word_1_460' title='bbox 2209 815 2287 839; x_wconf 87' lang='lat' dir='ltr'><strong>nau-</strong></span> 
     </span>
     <span class='ocr_line' id='line_1_65' title="bbox 1261 853 2289 903; baseline -0.01 -8"><span class='ocrx_word' id='word_1_461' title='bbox 1261 863 1367 903; x_wconf 85' lang='lat' dir='ltr'><strong>fragos</strong></span> <span class='ocrx_word' id='word_1_462' title='bbox 1382 862 1486 903; x_wconf 87' lang='lat' dir='ltr'><strong>perire</strong></span> <span class='ocrx_word' id='word_1_463' title='bbox 1501 861 1600 899; x_wconf 82' lang='lat' dir='ltr'><strong>fecit).</strong></span> <span class='ocrx_word' id='word_1_464' title='bbox 1618 860 1745 893; x_wconf 84' lang='lat' dir='ltr'>Accidit</span> <span class='ocrx_word' id='word_1_465' title='bbox 1764 860 1873 891; x_wconf 88' lang='lat' dir='ltr'><strong>autem</strong></span> <span class='ocrx_word' id='word_1_466' title='bbox 1898 859 1936 890; x_wconf 89' lang='lat' dir='ltr'>ut</span> <span class='ocrx_word' id='word_1_467' title='bbox 1951 857 2020 898; x_wconf 90' lang='lat' dir='ltr'><strong>ipse</strong></span> <span class='ocrx_word' id='word_1_468' title='bbox 2036 855 2148 888; x_wconf 89' lang='lat' dir='ltr'><strong>eodem</strong></span> <span class='ocrx_word' id='word_1_469' title='bbox 2172 853 2289 886; x_wconf 85' lang='lat' dir='ltr'><strong>mortis</strong></span> 
     </span>
     <span class='ocr_line' id='line_1_66' title="bbox 1263 903 2290 951; baseline -0.01 -9"><span class='ocrx_word' id='word_1_470' title='bbox 1263 918 1377 951; x_wconf 83' lang='lat' dir='ltr'><strong>genere</strong></span> <span class='ocrx_word' id='word_1_471' title='bbox 1394 909 1472 950; x_wconf 89' lang='lat' dir='ltr'><strong>(quo</strong></span> <span class='ocrx_word' id='word_1_472' title='bbox 1487 909 1567 941; x_wconf 89' lang='lat' dir='ltr'><strong>alios</strong></span> <span class='ocrx_word' id='word_1_473' title='bbox 1579 908 1722 940; x_wconf 87' lang='lat' dir='ltr'><strong>obivisse</strong></span> <span class='ocrx_word' id='word_1_474' title='bbox 1732 906 1878 943; x_wconf 89' lang='lat' dir='ltr'><strong>dolebat)</strong></span> <span class='ocrx_word' id='word_1_475' title='bbox 1890 904 2108 938; x_wconf 89' lang='lat' dir='ltr'><strong>occumberet.</strong></span> <span class='ocrx_word' id='word_1_476' title='bbox 2127 905 2155 925; x_wconf 79' lang='lat'>¹⁴</span> <span class='ocrx_word' id='word_1_477' title='bbox 2166 903 2290 934; x_wconf 85' lang='lat' dir='ltr'><strong>Verum</strong></span> 
     </span>
     <span class='ocr_line' id='line_1_67' title="bbox 1264 947 2292 997; baseline -0.01 -8"><span class='ocrx_word' id='word_1_478' title='bbox 1264 958 1437 997; x_wconf 83' lang='lat' dir='ltr'><strong>antequam</strong></span> <span class='ocrx_word' id='word_1_479' title='bbox 1462 965 1480 988; x_wconf 92' lang='lat' dir='ltr'>e</span> <span class='ocrx_word' id='word_1_480' title='bbox 1501 956 1569 987; x_wconf 87' lang='lat' dir='ltr'><strong>vita</strong></span> <span class='ocrx_word' id='word_1_481' title='bbox 1587 955 1772 995; x_wconf 83' lang='lat' dir='ltr'>decederet,</span> <span class='ocrx_word' id='word_1_482' title='bbox 1793 953 2001 993; x_wconf 87' lang='lat' dir='ltr'><strong>Tragicorum</strong></span> <span class='ocrx_word' id='word_1_483' title='bbox 2011 948 2201 983; x_wconf 78' lang='lat' dir='ltr'><strong>testimonio</strong></span> <span class='ocrx_word' id='word_1_484' title='bbox 2217 947 2292 989; x_wconf 80' lang='lat' dir='ltr'><strong>Cly-</strong></span> 
     </span>
     <span class='ocr_line' id='line_1_68' title="bbox 1266 993 2291 1058; baseline -0.01 -23"><span class='ocrx_word' id='word_1_485' title='bbox 1266 1012 1395 1058; x_wconf 83' lang='lat' dir='ltr'><strong>menen,</strong></span> <span class='ocrx_word' id='word_1_486' title='bbox 1414 1002 1539 1042; x_wconf 79' lang='lat' dir='ltr'><strong>Gatrei3</strong></span> <span class='ocrx_word' id='word_1_487' title='bbox 1557 1003 1595 1034; x_wconf 88' lang='lat' dir='ltr'>ut</span> <span class='ocrx_word' id='word_1_488' title='bbox 1615 1011 1693 1034; x_wconf 84' lang='lat' dir='ltr'><strong>vero</strong></span> <span class='ocrx_word' id='word_1_489' title='bbox 1710 1001 1739 1033; x_wconf 88' lang='lat' dir='ltr'>is</span> <span class='ocrx_word' id='word_1_490' title='bbox 1753 1000 1834 1033; x_wconf 90' lang='lat' dir='ltr'><strong>dicit</strong></span> <span class='ocrx_word' id='word_1_491' title='bbox 1849 999 1904 1040; x_wconf 90' lang='lat' dir='ltr'>qui</span> <span class='ocrx_word' id='word_1_492' title='bbox 1930 998 2065 1031; x_wconf 86' lang='lat' dir='ltr'><strong>Reditus</strong></span> <span class='ocrx_word' id='word_1_493' title='bbox 2079 993 2291 1035; x_wconf 75' lang='lat' dir='ltr'><strong>conscripsit,</strong></span> 
     </span>
     <span class='ocr_line' id='line_1_69' title="bbox 1266 1044 2294 1092; baseline -0.011 -8"><span class='ocrx_word' id='word_1_494' title='bbox 1266 1052 1447 1092; x_wconf 78' lang='lat' dir='ltr'><strong>Philyram3</strong></span> <span class='ocrx_word' id='word_1_495' title='bbox 1464 1050 1642 1083; x_wconf 90' lang='lat' dir='ltr'><strong>secundum</strong></span> <span class='ocrx_word' id='word_1_496' title='bbox 1666 1052 1843 1090; x_wconf 86' lang='lat' dir='ltr'><strong>Cercopem</strong></span> <span class='ocrx_word' id='word_1_497' title='bbox 1872 1047 2010 1087; x_wconf 87' lang='lat' dir='ltr'><strong>denique</strong></span> <span class='ocrx_word' id='word_1_498' title='bbox 2034 1044 2196 1078; x_wconf 83' lang='lat' dir='ltr'><strong>Hesionen</strong></span> <span class='ocrx_word' id='word_1_499' title='bbox 2210 1049 2294 1074; x_wconf 84' lang='lat' dir='ltr'><strong>uxo-</strong></span> 
     </span>
     <span class='ocr_line' id='line_1_70' title="bbox 1268 1091 2293 1139; baseline -0.009 -9"><span class='ocrx_word' id='word_1_500' title='bbox 1268 1107 1336 1131; x_wconf 87' lang='lat' dir='ltr'>rem</span> <span class='ocrx_word' id='word_1_501' title='bbox 1353 1099 1464 1138; x_wconf 81' lang='lat' dir='ltr'><strong>duxit3</strong></span> <span class='ocrx_word' id='word_1_502' title='bbox 1478 1100 1577 1139; x_wconf 86' lang='lat' dir='ltr'><strong>atque</strong></span> <span class='ocrx_word' id='word_1_503' title='bbox 1593 1097 1676 1130; x_wconf 88' lang='lat' dir='ltr'><strong>filios</strong></span> <span class='ocrx_word' id='word_1_504' title='bbox 1692 1096 1875 1139; x_wconf 83' lang='lat' dir='ltr'><strong>procreavit</strong></span> <span class='ocrx_word' id='word_1_505' title='bbox 1895 1092 2118 1131; x_wconf 79' lang='lat' dir='ltr'><strong>Palamedem,</strong></span> <span class='ocrx_word' id='word_1_506' title='bbox 2135 1091 2293 1128; x_wconf 88' lang='lat' dir='ltr'><strong>OEacem,</strong></span> 
     </span>
     <span class='ocr_line' id='line_1_71' title="bbox 1268 1145 1566 1178; baseline -0.007 0"><span class='ocrx_word' id='word_1_507' title='bbox 1268 1145 1566 1178; x_wconf 88' lang='lat' dir='ltr'><strong>Nausimedontem.</strong></span> 
     </span>
    </p>
   </div>
   <div class='ocr_carea' id='block_1_10' title="bbox 1731 1231 1820 1238">
    <p class='ocr_par' dir='ltr' id='par_1_13' title="bbox 1731 1231 1820 1238">
     <span class='ocr_line' id='line_1_72' title="bbox 1731 1231 1820 1238; baseline -0.011 0"><span class='ocrx_word' id='word_1_508' title='bbox 1731 1231 1820 1238; x_wconf 80' lang='lat'>——-</span> 
     </span>
    </p>
   </div>
   <div class='ocr_carea' id='block_1_11' title="bbox 1683 1286 1885 1318">
    <p class='ocr_par' dir='ltr' id='par_1_14' title="bbox 1683 1286 1885 1318">
     <span class='ocr_line' id='line_1_73' title="bbox 1683 1286 1885 1318; baseline -0.015 0"><span class='ocrx_word' id='word_1_509' title='bbox 1683 1287 1821 1318; x_wconf 85' lang='lat' dir='ltr'>CAPUT</span> <span class='ocrx_word' id='word_1_510' title='bbox 1843 1286 1885 1316; x_wconf 93' lang='lat'>11.</span> 
     </span>
    </p>
   </div>
   <div class='ocr_carea' id='block_1_12' title="bbox 1275 1369 2302 1539">
    <p class='ocr_par' dir='ltr' id='par_1_15' title="bbox 1275 1369 2302 1539">
     <span class='ocr_line' id='line_1_74' title="bbox 1318 1369 2298 1425; baseline -0.014 -12"><span class='ocrx_word' id='word_1_511' title='bbox 1318 1383 1363 1425; x_wconf 85' lang='lat'>(1)</span> <span class='ocrx_word' id='word_1_512' title='bbox 1382 1383 1541 1423; x_wconf 82' lang='lat' dir='ltr'><strong>Lynceus,</strong></span> <span class='ocrx_word' id='word_1_513' title='bbox 1557 1379 1614 1420; x_wconf 89' lang='lat' dir='ltr'><strong>qui</strong></span> <span class='ocrx_word' id='word_1_514' title='bbox 1626 1379 1701 1420; x_wconf 87' lang='lat' dir='ltr'><strong>post</strong></span> <span class='ocrx_word' id='word_1_515' title='bbox 1725 1379 1874 1409; x_wconf 87' lang='lat' dir='ltr'><strong>Danaum</strong></span> <span class='ocrx_word' id='word_1_516' title='bbox 1887 1373 1980 1415; x_wconf 86' lang='lat' dir='ltr'><strong>Argis</strong></span> <span class='ocrx_word' id='word_1_517' title='bbox 1995 1369 2239 1408; x_wconf 80' lang='lat' dir='ltr'><strong>dominabatur,</strong></span> <span class='ocrx_word' id='word_1_518' title='bbox 2260 1375 2298 1400; x_wconf 82' lang='lat' dir='ltr'>ex</span> 
     </span>
     <span class='ocr_line' id='line_1_75' title="bbox 1275 1426 2302 1484; baseline -0.017 -9"><span class='ocrx_word' id='word_1_519' title='bbox 1275 1443 1530 1484; x_wconf 85' lang='lat' dir='ltr'><strong>Hypermnestra</strong></span> <span class='ocrx_word' id='word_1_520' title='bbox 1550 1439 1655 1471; x_wconf 87' lang='lat' dir='ltr'><strong>filium</strong></span> <span class='ocrx_word' id='word_1_521' title='bbox 1677 1436 1779 1478; x_wconf 85' lang='lat' dir='ltr'><strong>gignit</strong></span> <span class='ocrx_word' id='word_1_522' title='bbox 1801 1434 1959 1468; x_wconf 87' lang='lat' dir='ltr'><strong>Abantem</strong></span> <span class='ocrx_word' id='word_1_523' title='bbox 1975 1442 1983 1464; x_wconf 90' lang='lat'>:</span> <span class='ocrx_word' id='word_1_524' title='bbox 2001 1431 2098 1471; x_wconf 81' lang='lat' dir='ltr'><strong>hujus</strong></span> <span class='ocrx_word' id='word_1_525' title='bbox 2125 1429 2159 1461; x_wconf 87' lang='lat' dir='ltr'>et</span> <span class='ocrx_word' id='word_1_526' title='bbox 2175 1426 2302 1460; x_wconf 74' lang='lat' dir='ltr'><strong>ocaleae</strong></span> 
     </span>
     <span class='ocr_line' id='line_1_76' title="bbox 1275 1489 2188 1539; baseline -0.018 -4"><span class='ocrx_word' id='word_1_527' title='bbox 1275 1501 1433 1535; x_wconf 87' lang='lat' dir='ltr'><strong>Mantinei</strong></span> <span class='ocrx_word' id='word_1_528' title='bbox 1449 1500 1524 1532; x_wconf 86' lang='lat' dir='ltr'><strong>filiae</strong></span> <span class='ocrx_word' id='word_1_529' title='bbox 1545 1497 1665 1539; x_wconf 86' lang='lat' dir='ltr'><strong>gemini</strong></span> <span class='ocrx_word' id='word_1_530' title='bbox 1680 1495 1814 1528; x_wconf 84' lang='lat' dir='ltr'><strong>fuerunt</strong></span> <span class='ocrx_word' id='word_1_531' title='bbox 1835 1492 1980 1526; x_wconf 85' lang='lat' dir='ltr'><strong>Acrisius</strong></span> <span class='ocrx_word' id='word_1_532' title='bbox 1997 1499 2034 1522; x_wconf 83' lang='lat' dir='ltr'>ac</span> <span class='ocrx_word' id='word_1_533' title='bbox 2050 1489 2188 1522; x_wconf 87' lang='lat' dir='ltr'><strong>Proetus.</strong></span> 
     </span>
    </p>
   </div>
   <div class='ocr_carea' id='block_1_13' title="bbox 1278 1594 2320 1919">
    <p class='ocr_par' dir='ltr' id='par_1_16' title="bbox 1278 1594 2320 1919">
     <span class='ocr_line' id='line_1_77' title="bbox 1319 1594 2306 1652; baseline -0.019 -8"><span class='ocrx_word' id='word_1_534' title='bbox 1319 1616 1334 1636; x_wconf 78' lang='lat'>2</span> <span class='ocrx_word' id='word_1_535' title='bbox 1344 1612 1385 1643; x_wconf 92' lang='lat' dir='ltr'><strong>Hi</strong></span> <span class='ocrx_word' id='word_1_536' title='bbox 1393 1612 1460 1652; x_wconf 85' lang='lat' dir='ltr'>jam</span> <span class='ocrx_word' id='word_1_537' title='bbox 1476 1610 1510 1641; x_wconf 94' lang='lat' dir='ltr'>in</span> <span class='ocrx_word' id='word_1_538' title='bbox 1524 1610 1617 1640; x_wconf 89' lang='lat' dir='ltr'><strong>utero</strong></span> <span class='ocrx_word' id='word_1_539' title='bbox 1630 1606 1714 1639; x_wconf 91' lang='lat' dir='ltr'><strong>inter</strong></span> <span class='ocrx_word' id='word_1_540' title='bbox 1724 1614 1759 1637; x_wconf 90' lang='lat' dir='ltr'>se</span> <span class='ocrx_word' id='word_1_541' title='bbox 1774 1602 1930 1636; x_wconf 86' lang='lat' dir='ltr'><strong>dissidere</strong></span> <span class='ocrx_word' id='word_1_542' title='bbox 1940 1597 2119 1642; x_wconf 84' lang='lat' dir='ltr'><strong>coeperunt;</strong></span> <span class='ocrx_word' id='word_1_543' title='bbox 2135 1594 2239 1629; x_wconf 89' lang='lat' dir='ltr'><strong>adulti</strong></span> <span class='ocrx_word' id='word_1_544' title='bbox 2254 1603 2306 1626; x_wconf 85' lang='lat' dir='ltr'>au-</span> 
     </span>
     <span class='ocr_line' id='line_1_78' title="bbox 1278 1662 2306 1716; baseline -0.02 -6"><span class='ocrx_word' id='word_1_545' title='bbox 1278 1679 1345 1710; x_wconf 85' lang='lat' dir='ltr'>tem</span> <span class='ocrx_word' id='word_1_546' title='bbox 1354 1676 1394 1708; x_wconf 90' lang='lat' dir='ltr'>de</span> <span class='ocrx_word' id='word_1_547' title='bbox 1404 1683 1501 1716; x_wconf 86' lang='lat' dir='ltr'><strong>regno</strong></span> <span class='ocrx_word' id='word_1_548' title='bbox 1518 1671 1703 1711; x_wconf 86' lang='lat' dir='ltr'><strong>certabant,</strong></span> <span class='ocrx_word' id='word_1_549' title='bbox 1714 1670 1748 1702; x_wconf 92' lang='lat' dir='ltr'>in</span> <span class='ocrx_word' id='word_1_550' title='bbox 1766 1677 1832 1710; x_wconf 88' lang='lat' dir='ltr'><strong>quo</strong></span> <span class='ocrx_word' id='word_1_551' title='bbox 1849 1666 1934 1699; x_wconf 91' lang='lat' dir='ltr'><strong>bello</strong></span> <span class='ocrx_word' id='word_1_552' title='bbox 1950 1663 2047 1706; x_wconf 90' lang='lat' dir='ltr'><strong>primi</strong></span> <span class='ocrx_word' id='word_1_553' title='bbox 2059 1662 2189 1703; x_wconf 80' lang='lat' dir='ltr'><strong>clypeos</strong></span> <span class='ocrx_word' id='word_1_554' title='bbox 2210 1662 2306 1700; x_wconf 84' lang='lat' dir='ltr'><strong>Argo-</strong></span> 
     </span>
     <span class='ocr_line' id='line_1_79' title="bbox 1278 1727 2320 1780; baseline -0.02 0"><span class='ocrx_word' id='word_1_555' title='bbox 1278 1748 1360 1780; x_wconf 90' lang='lat' dir='ltr'><strong>licos</strong></span> <span class='ocrx_word' id='word_1_556' title='bbox 1381 1744 1588 1778; x_wconf 80' lang='lat' dir='ltr'><strong>invenerunt.</strong></span> <span class='ocrx_word' id='word_1_557' title='bbox 1621 1740 1767 1774; x_wconf 85' lang='lat' dir='ltr'><strong>Acrisius</strong></span> <span class='ocrx_word' id='word_1_558' title='bbox 1785 1738 1890 1770; x_wconf 88' lang='lat' dir='ltr'><strong>victor</strong></span> <span class='ocrx_word' id='word_1_559' title='bbox 1907 1735 2054 1768; x_wconf 83' lang='lat' dir='ltr'><strong>Proetum</strong></span> <span class='ocrx_word' id='word_1_560' title='bbox 2070 1731 2163 1772; x_wconf 83' lang='lat' dir='ltr'><strong>Argis</strong></span> <span class='ocrx_word' id='word_1_561' title='bbox 2184 1727 2320 1769; x_wconf 60' lang='lat' dir='ltr'><strong>exegit„</strong></span> 
     </span>
     <span class='ocr_line' id='line_1_80' title="bbox 1280 1795 2309 1853; baseline -0.02 -8"><span class='ocrx_word' id='word_1_562' title='bbox 1280 1820 1294 1839; x_wconf 70' lang='lat'><strong>⁵</strong></span> <span class='ocrx_word' id='word_1_563' title='bbox 1306 1812 1363 1853; x_wconf 84' lang='lat' dir='ltr'>qui</span> <span class='ocrx_word' id='word_1_564' title='bbox 1379 1811 1421 1843; x_wconf 92' lang='lat' dir='ltr'>ad</span> <span class='ocrx_word' id='word_1_565' title='bbox 1444 1809 1591 1842; x_wconf 86' lang='lat' dir='ltr'><strong>Iobatem</strong></span> <span class='ocrx_word' id='word_1_566' title='bbox 1606 1807 1641 1839; x_wconf 93' lang='lat' dir='ltr'>in</span> <span class='ocrx_word' id='word_1_567' title='bbox 1656 1805 1790 1847; x_wconf 86' lang='lat' dir='ltr'><strong>Lyciam</strong></span> <span class='ocrx_word' id='word_1_568' title='bbox 1805 1802 1914 1841; x_wconf 83' lang='lat' dir='ltr'><strong>venit,</strong></span> <span class='ocrx_word' id='word_1_569' title='bbox 1940 1799 2010 1839; x_wconf 84' lang='lat' dir='ltr'><strong>vel,</strong></span> <span class='ocrx_word' id='word_1_570' title='bbox 2026 1799 2064 1830; x_wconf 86' lang='lat' dir='ltr'>ut</span> <span class='ocrx_word' id='word_1_571' title='bbox 2077 1797 2148 1836; x_wconf 88' lang='lat' dir='ltr'><strong>alii,</strong></span> <span class='ocrx_word' id='word_1_572' title='bbox 2171 1795 2213 1827; x_wconf 86' lang='lat' dir='ltr'>ad</span> <span class='ocrx_word' id='word_1_573' title='bbox 2234 1796 2309 1827; x_wconf 90' lang='lat' dir='ltr'>Am-</span> 
     </span>
     <span class='ocr_line' id='line_1_81' title="bbox 1282 1861 2311 1919; baseline -0.019 -10"><span class='ocrx_word' id='word_1_574' title='bbox 1282 1876 1504 1919; x_wconf 88' lang='lat' dir='ltr'><strong>phianactem,</strong></span> <span class='ocrx_word' id='word_1_575' title='bbox 1526 1871 1620 1912; x_wconf 90' lang='lat' dir='ltr'><strong>cujus</strong></span> <span class='ocrx_word' id='word_1_576' title='bbox 1643 1870 1743 1902; x_wconf 87' lang='lat' dir='ltr'><strong>filiam</strong></span> <span class='ocrx_word' id='word_1_577' title='bbox 1770 1867 1881 1907; x_wconf 81' lang='lat' dir='ltr'><strong>duxit,</strong></span> <span class='ocrx_word' id='word_1_578' title='bbox 1908 1866 2050 1897; x_wconf 86' lang='lat' dir='ltr'><strong>Homero</strong></span> <span class='ocrx_word' id='word_1_579' title='bbox 2071 1861 2224 1898; x_wconf 87' lang='lat' dir='ltr'><strong>auctore,</strong></span> <span class='ocrx_word' id='word_1_580' title='bbox 2248 1861 2311 1890; x_wconf 83' lang='lat' dir='ltr'>An-</span> 
     </span>
    </p>
   </div>
   <div class='ocr_carea' id='block_1_14' title="bbox 1282 1933 2320 2745">
    <p class='ocr_par' dir='ltr' id='par_1_17' title="bbox 1282 1933 2320 2745">
     <span class='ocr_line' id='line_1_82' title="bbox 1282 1933 2312 1984; baseline -0.021 -5"><span class='ocrx_word' id='word_1_581' title='bbox 1282 1947 1387 1984; x_wconf 90' lang='lat' dir='ltr'><strong>team,</strong></span> <span class='ocrx_word' id='word_1_582' title='bbox 1412 1945 1450 1977; x_wconf 93' lang='lat' dir='ltr'>ut</span> <span class='ocrx_word' id='word_1_583' title='bbox 1478 1951 1554 1976; x_wconf 88' lang='lat' dir='ltr'><strong>vero</strong></span> <span class='ocrx_word' id='word_1_584' title='bbox 1575 1939 1721 1981; x_wconf 82' lang='lat' dir='ltr'><strong>Tragici,</strong></span> <span class='ocrx_word' id='word_1_585' title='bbox 1751 1934 1988 1969; x_wconf 86' lang='lat' dir='ltr'><strong>Stheneboeam.</strong></span> <span class='ocrx_word' id='word_1_586' title='bbox 2011 1933 2108 1964; x_wconf 88' lang='lat' dir='ltr'><strong>Hunc</strong></span> <span class='ocrx_word' id='word_1_587' title='bbox 2129 1936 2219 1961; x_wconf 89' lang='lat' dir='ltr'><strong>socer</strong></span> <span class='ocrx_word' id='word_1_588' title='bbox 2236 1934 2312 1958; x_wconf 88' lang='lat' dir='ltr'>cum</span> 
     </span>
     <span class='ocr_line' id='line_1_83' title="bbox 1283 1997 2320 2057; baseline -0.019 -8"><span class='ocrx_word' id='word_1_589' title='bbox 1283 2016 1461 2057; x_wconf 82' lang='lat' dir='ltr'><strong>Lyciorum</strong></span> <span class='ocrx_word' id='word_1_590' title='bbox 1483 2011 1585 2053; x_wconf 89' lang='lat' dir='ltr'><strong>copiis</strong></span> <span class='ocrx_word' id='word_1_591' title='bbox 1599 2008 1731 2042; x_wconf 81' lang='lat' dir='ltr'><strong>reduxit</strong></span> <span class='ocrx_word' id='word_1_592' title='bbox 1747 2015 1785 2038; x_wconf 81' lang='lat' dir='ltr'>ac</span> <span class='ocrx_word' id='word_1_593' title='bbox 1805 2003 1996 2045; x_wconf 85' lang='lat' dir='ltr'><strong>Tirynthem</strong></span> <span class='ocrx_word' id='word_1_594' title='bbox 2011 1997 2196 2040; x_wconf 88' lang='lat' dir='ltr'><strong>occupavit,</strong></span> <span class='ocrx_word' id='word_1_595' title='bbox 2213 2003 2320 2037; x_wconf 64' lang='lat' dir='ltr'><strong>quam,</strong></span> 
     </span>
     <span class='ocr_line' id='line_1_84' title="bbox 1286 2065 2313 2129; baseline -0.024 -8"><span class='ocrx_word' id='word_1_596' title='bbox 1286 2087 1444 2129; x_wconf 85' lang='lat' dir='ltr'><strong>cyclopes</strong></span> <span class='ocrx_word' id='word_1_597' title='bbox 1472 2084 1502 2117; x_wconf 92' lang='lat' dir='ltr'>ei</span> <span class='ocrx_word' id='word_1_598' title='bbox 1522 2082 1626 2116; x_wconf 91' lang='lat' dir='ltr'><strong>muris</strong></span> <span class='ocrx_word' id='word_1_599' title='bbox 1640 2078 1825 2113; x_wconf 85' lang='lat' dir='ltr'><strong>cinxerunt.</strong></span> <span class='ocrx_word' id='word_1_600' title='bbox 1846 2092 1860 2111; x_wconf 75' lang='lat'>⁴</span> <span class='ocrx_word' id='word_1_601' title='bbox 1872 2073 1996 2107; x_wconf 86' lang='lat' dir='ltr'><strong>Deinde</strong></span> <span class='ocrx_word' id='word_1_602' title='bbox 2009 2077 2139 2104; x_wconf 89' lang='lat' dir='ltr'><strong>omnem</strong></span> <span class='ocrx_word' id='word_1_603' title='bbox 2162 2065 2313 2108; x_wconf 82' lang='lat' dir='ltr'><strong>Argivam</strong></span> 
     </span>
     <span class='ocr_line' id='line_1_85' title="bbox 1285 2131 2320 2191; baseline -0.026 0"><span class='ocrx_word' id='word_1_604' title='bbox 1285 2161 1406 2191; x_wconf 87' lang='lat' dir='ltr'><strong>terram</strong></span> <span class='ocrx_word' id='word_1_605' title='bbox 1415 2155 1498 2187; x_wconf 86' lang='lat' dir='ltr'><strong>inter</strong></span> <span class='ocrx_word' id='word_1_606' title='bbox 1510 2161 1545 2186; x_wconf 90' lang='lat' dir='ltr'>se</span> <span class='ocrx_word' id='word_1_607' title='bbox 1560 2148 1762 2188; x_wconf 88' lang='lat' dir='ltr'><strong>diviserunt,</strong></span> <span class='ocrx_word' id='word_1_608' title='bbox 1776 2134 1872 2187; x_wconf 71' lang='lat' dir='ltr'><strong>atque</strong></span> <span class='ocrx_word' id='word_1_609' title='bbox 1882 2141 2027 2176; x_wconf 87' lang='lat' dir='ltr'><strong>Acrisius</strong></span> <span class='ocrx_word' id='word_1_610' title='bbox 2039 2138 2132 2179; x_wconf 87' lang='lat' dir='ltr'><strong>Argis</strong></span> <span class='ocrx_word' id='word_1_611' title='bbox 2143 2131 2320 2177; x_wconf 60' lang='lat' dir='ltr'><strong>imperavit·</strong></span> 
     </span>
     <span class='ocr_line' id='line_1_86' title="bbox 1286 2203 2320 2264; baseline -0.024 -3"><span class='ocrx_word' id='word_1_612' title='bbox 1286 2230 1319 2261; x_wconf 91' lang='lat' dir='ltr'>et</span> <span class='ocrx_word' id='word_1_613' title='bbox 1334 2227 1463 2260; x_wconf 86' lang='lat' dir='ltr'><strong>Proetus</strong></span> <span class='ocrx_word' id='word_1_614' title='bbox 1484 2222 1651 2264; x_wconf 85' lang='lat' dir='ltr'><strong>Tirynthe.</strong></span> <span class='ocrx_word' id='word_1_615' title='bbox 1673 2220 1716 2258; x_wconf 87' lang='lat'>(2)</span> <span class='ocrx_word' id='word_1_616' title='bbox 1749 2215 1894 2250; x_wconf 85' lang='lat' dir='ltr'><strong>Acrisius</strong></span> <span class='ocrx_word' id='word_1_617' title='bbox 1921 2221 1959 2245; x_wconf 85' lang='lat' dir='ltr'>ex</span> <span class='ocrx_word' id='word_1_618' title='bbox 1983 2208 2146 2250; x_wconf 83' lang='lat' dir='ltr'><strong>Eurydice</strong></span> <span class='ocrx_word' id='word_1_619' title='bbox 2168 2203 2320 2239; x_wconf 74' lang='lat' dir='ltr'><strong>Lacedae·-</strong></span> 
     </span>
     <span class='ocr_line' id='line_1_87' title="bbox 1288 2273 2320 2330; baseline -0.025 0"><span class='ocrx_word' id='word_1_620' title='bbox 1288 2297 1393 2329; x_wconf 91' lang='lat' dir='ltr'><strong>monis</strong></span> <span class='ocrx_word' id='word_1_621' title='bbox 1419 2294 1485 2327; x_wconf 83' lang='lat' dir='ltr'><strong>fllia</strong></span> <span class='ocrx_word' id='word_1_622' title='bbox 1507 2295 1640 2326; x_wconf 87' lang='lat' dir='ltr'><strong>Danaen</strong></span> <span class='ocrx_word' id='word_1_623' title='bbox 1662 2287 1779 2330; x_wconf 86' lang='lat' dir='ltr'><strong>gignit;</strong></span> <span class='ocrx_word' id='word_1_624' title='bbox 1807 2284 1937 2318; x_wconf 79' lang='lat' dir='ltr'><strong>Proetus</strong></span> <span class='ocrx_word' id='word_1_625' title='bbox 1955 2289 2033 2314; x_wconf 83' lang='lat' dir='ltr'><strong>vero</strong></span> <span class='ocrx_word' id='word_1_626' title='bbox 2059 2287 2099 2311; x_wconf 78' lang='lat' dir='ltr'>ex</span> <span class='ocrx_word' id='word_1_627' title='bbox 2124 2273 2320 2310; x_wconf 58' lang='lat' dir='ltr'><strong>Stheneboeae</strong></span> 
     </span>
     <span class='ocr_line' id='line_1_88' title="bbox 1288 2343 2320 2410; baseline -0.028 -8"><span class='ocrx_word' id='word_1_628' title='bbox 1288 2368 1464 2410; x_wconf 78' lang='lat' dir='ltr'><strong>Lysippen‚</strong></span> <span class='ocrx_word' id='word_1_629' title='bbox 1474 2362 1632 2405; x_wconf 88' lang='lat' dir='ltr'><strong>Iphinoen</strong></span> <span class='ocrx_word' id='word_1_630' title='bbox 1646 2359 1679 2392; x_wconf 90' lang='lat' dir='ltr'>et</span> <span class='ocrx_word' id='word_1_631' title='bbox 1688 2356 1919 2399; x_wconf 78' lang='lat' dir='ltr'><strong>Iphianassam3</strong></span> <span class='ocrx_word' id='word_1_632' title='bbox 1936 2354 1951 2374; x_wconf 73' lang='lat'><em>2</em></span> <span class='ocrx_word' id='word_1_633' title='bbox 1960 2357 2046 2391; x_wconf 83' lang='lat' dir='ltr'><strong>quae,</strong></span> <span class='ocrx_word' id='word_1_634' title='bbox 2055 2346 2113 2379; x_wconf 89' lang='lat' dir='ltr'>ubi</span> <span class='ocrx_word' id='word_1_635' title='bbox 2123 2344 2162 2378; x_wconf 86' lang='lat' dir='ltr'>ad</span> <span class='ocrx_word' id='word_1_636' title='bbox 2173 2343 2320 2390; x_wconf 57' lang='lat' dir='ltr'><strong>adultant</strong></span> 
     </span>
     <span class='ocr_line' id='line_1_89' title="bbox 1289 2406 2320 2478; baseline -0.028 -6"><span class='ocrx_word' id='word_1_637' title='bbox 1289 2439 1419 2471; x_wconf 77' lang='lat' dir='ltr'><strong>aetatem</strong></span> <span class='ocrx_word' id='word_1_638' title='bbox 1434 2430 1668 2478; x_wconf 85' lang='lat' dir='ltr'><strong>pervenerant,</strong></span> <span class='ocrx_word' id='word_1_639' title='bbox 1695 2428 1729 2460; x_wconf 90' lang='lat' dir='ltr'>in</span> <span class='ocrx_word' id='word_1_640' title='bbox 1750 2423 1911 2458; x_wconf 86' lang='lat' dir='ltr'><strong>insaniam</strong></span> <span class='ocrx_word' id='word_1_641' title='bbox 1925 2417 2132 2457; x_wconf 87' lang='lat' dir='ltr'><strong>inciderunt,</strong></span> <span class='ocrx_word' id='word_1_642' title='bbox 2150 2414 2239 2456; x_wconf 87' lang='lat' dir='ltr'><strong>quod</strong></span> <span class='ocrx_word' id='word_1_643' title='bbox 2252 2436 2262 2452; x_wconf 95' lang='lat'><strong>,</strong></span> <span class='ocrx_word' id='word_1_644' title='bbox 2279 2406 2320 2450; x_wconf 79' lang='grc' dir='ltr'>υΕ</span> 
     </span>
     <span class='ocr_line' id='line_1_90' title="bbox 1291 2477 2320 2538; baseline -0.028 -2"><span class='ocrx_word' id='word_1_645' title='bbox 1291 2501 1451 2536; x_wconf 87' lang='lat' dir='ltr'><strong>Hesiodus</strong></span> <span class='ocrx_word' id='word_1_646' title='bbox 1462 2498 1519 2538; x_wconf 87' lang='lat' dir='ltr'><strong>ait,</strong></span> <span class='ocrx_word' id='word_1_647' title='bbox 1530 2493 1668 2535; x_wconf 82' lang='lat' dir='ltr'><strong>Dionysi</strong></span> <span class='ocrx_word' id='word_1_648' title='bbox 1683 2489 1839 2533; x_wconf 86' lang='lat' dir='ltr'><strong>mysteria</strong></span> <span class='ocrx_word' id='word_1_649' title='bbox 1853 2494 1919 2519; x_wconf 88' lang='lat' dir='ltr'>non</span> <span class='ocrx_word' id='word_1_650' title='bbox 1940 2481 2126 2523; x_wconf 84' lang='lat' dir='ltr'><strong>receperant</strong></span> <span class='ocrx_word' id='word_1_651' title='bbox 2133 2490 2144 2520; x_wconf 90' lang='lat'>;</span> <span class='ocrx_word' id='word_1_652' title='bbox 2157 2479 2196 2511; x_wconf 88' lang='lat' dir='ltr'>ut</span> <span class='ocrx_word' id='word_1_653' title='bbox 2209 2477 2320 2519; x_wconf 53' lang='lat' dir='ltr'><strong>auten}</strong></span> 
     </span>
     <span class='ocr_line' id='line_1_91' title="bbox 1291 2542 2320 2607; baseline -0.029 -2"><span class='ocrx_word' id='word_1_654' title='bbox 1291 2570 1463 2605; x_wconf 87' lang='lat' dir='ltr'><strong>Acusilaus</strong></span> <span class='ocrx_word' id='word_1_655' title='bbox 1476 2591 1485 2607; x_wconf 92' lang='lat'>‚</span> <span class='ocrx_word' id='word_1_656' title='bbox 1505 2565 1593 2607; x_wconf 90' lang='lat' dir='ltr'><strong>quod</strong></span> <span class='ocrx_word' id='word_1_657' title='bbox 1610 2563 1754 2604; x_wconf 85' lang='lat' dir='ltr'><strong>ligneum</strong></span> <span class='ocrx_word' id='word_1_658' title='bbox 1765 2555 1902 2592; x_wconf 75' lang='lat' dir='ltr'><strong>sunonis</strong></span> <span class='ocrx_word' id='word_1_659' title='bbox 1913 2552 2123 2587; x_wconf 85' lang='lat' dir='ltr'><strong>simulacrum</strong></span> <span class='ocrx_word' id='word_1_660' title='bbox 2144 2542 2320 2590; x_wconf 60' lang='lat' dir='ltr'><strong>contemne}</strong></span> 
     </span>
     <span class='ocr_line' id='line_1_92' title="bbox 1292 2595 2320 2677; baseline -0.029 -3"><span class='ocrx_word' id='word_1_661' title='bbox 1292 2642 1376 2674; x_wconf 86' lang='lat' dir='ltr'><strong>rant.</strong></span> <span class='ocrx_word' id='word_1_662' title='bbox 1401 2644 1415 2662; x_wconf 74' lang='lat'>⁵</span> <span class='ocrx_word' id='word_1_663' title='bbox 1426 2638 1477 2671; x_wconf 87' lang='lat' dir='ltr'>Sic</span> <span class='ocrx_word' id='word_1_664' title='bbox 1498 2636 1606 2677; x_wconf 90' lang='lat' dir='ltr'><strong>itaque</strong></span> <span class='ocrx_word' id='word_1_665' title='bbox 1624 2632 1732 2665; x_wconf 84' lang='lat' dir='ltr'><strong>furore</strong></span> <span class='ocrx_word' id='word_1_666' title='bbox 1746 2627 1878 2671; x_wconf 82' lang='lat' dir='ltr'><strong>percitae</strong></span> <span class='ocrx_word' id='word_1_667' title='bbox 1903 2632 1959 2665; x_wconf 88' lang='lat' dir='ltr'>per</span> <span class='ocrx_word' id='word_1_668' title='bbox 1974 2615 2106 2654; x_wconf 80' lang='lat' dir='ltr'><strong>omnem</strong></span> <span class='ocrx_word' id='word_1_669' title='bbox 2126 2595 2320 2656; x_wconf 55' lang='lat' dir='ltr'><strong>Argivorum}</strong></span> 
     </span>
     <span class='ocr_line' id='line_1_93' title="bbox 1293 2670 2320 2745; baseline -0.03 -1"><span class='ocrx_word' id='word_1_670' title='bbox 1293 2713 1412 2745; x_wconf 83' lang='lat' dir='ltr'><strong>terram</strong></span> <span class='ocrx_word' id='word_1_671' title='bbox 1443 2703 1642 2740; x_wconf 89' lang='lat' dir='ltr'><strong>deerrabant.</strong></span> <span class='ocrx_word' id='word_1_672' title='bbox 1670 2699 1751 2733; x_wconf 87' lang='lat' dir='ltr'><strong>Inde</strong></span> <span class='ocrx_word' id='word_1_673' title='bbox 1777 2695 1949 2730; x_wconf 88' lang='lat' dir='ltr'><strong>Arcadiam</strong></span> <span class='ocrx_word' id='word_1_674' title='bbox 1977 2691 2022 2733; x_wconf 90' lang='lat' dir='ltr'>(et</span> <span class='ocrx_word' id='word_1_675' title='bbox 2048 2670 2320 2740; x_wconf 56' lang='lat' dir='ltr'><strong>Peloponnesum}</strong></span> 
     </span>
    </p>
   </div>
   <div class='ocr_carea' id='block_1_15' title="bbox 1295 2754 2320 3330">
    <p class='ocr_par' dir='ltr' id='par_1_18' title="bbox 1295 2754 2320 2822">
     <span class='ocr_line' id='line_1_94' title="bbox 1295 2754 2320 2822; baseline -0.031 -9"><span class='ocrx_word' id='word_1_676' title='bbox 1295 2778 1505 2822; x_wconf 80' lang='lat' dir='ltr'><strong>pervagantes</strong></span> <span class='ocrx_word' id='word_1_677' title='bbox 1521 2774 1591 2806; x_wconf 90' lang='lat' dir='ltr'><strong>sine</strong></span> <span class='ocrx_word' id='word_1_678' title='bbox 1605 2772 1673 2804; x_wconf 94' lang='lat' dir='ltr'><strong>ullo</strong></span> <span class='ocrx_word' id='word_1_679' title='bbox 1691 2770 1805 2802; x_wconf 89' lang='lat' dir='ltr'><strong>decore</strong></span> <span class='ocrx_word' id='word_1_680' title='bbox 1820 2774 1877 2808; x_wconf 90' lang='lat' dir='ltr'>per</span> <span class='ocrx_word' id='word_1_681' title='bbox 1892 2763 2019 2796; x_wconf 87' lang='lat' dir='ltr'><strong>deserta</strong></span> <span class='ocrx_word' id='word_1_682' title='bbox 2035 2754 2269 2791; x_wconf 79' lang='lat' dir='ltr'><strong>discurrebant.</strong></span> <span class='ocrx_word' id='word_1_683' title='bbox 2303 2754 2320 2798; x_wconf 64' lang='grc' dir='ltr'>Γξ</span> 
     </span>
    </p>

    <p class='ocr_par' dir='ltr' id='par_1_19' title="bbox 1296 2795 2320 3330">
     <span class='ocr_line' id='line_1_95' title="bbox 1338 2795 2320 2874; baseline -0.03 -5"><span class='ocrx_word' id='word_1_684' title='bbox 1338 2840 1350 2859; x_wconf 87' lang='lat'>⁴</span> <span class='ocrx_word' id='word_1_685' title='bbox 1361 2835 1541 2874; x_wconf 89' lang='lat' dir='ltr'><strong>Melampus</strong></span> <span class='ocrx_word' id='word_1_686' title='bbox 1557 2832 1666 2863; x_wconf 85' lang='lat' dir='ltr'><strong>autem</strong></span> <span class='ocrx_word' id='word_1_687' title='bbox 1681 2826 1884 2866; x_wconf 85' lang='lat' dir='ltr'><strong>Amythaone</strong></span> <span class='ocrx_word' id='word_1_688' title='bbox 1899 2821 1932 2853; x_wconf 92' lang='lat' dir='ltr'>et</span> <span class='ocrx_word' id='word_1_689' title='bbox 1945 2819 2099 2852; x_wconf 87' lang='lat' dir='ltr'><strong>Idomene</strong></span> <span class='ocrx_word' id='word_1_690' title='bbox 2109 2804 2244 2846; x_wconf 72' lang='lat' dir='ltr'><strong>Abantis</strong></span> <span class='ocrx_word' id='word_1_691' title='bbox 2257 2795 2320 2859; x_wconf 61' lang='grc' dir='ltr'>6Ῐῆ</span> 
     </span>
     <span class='ocr_line' id='line_1_96' title="bbox 1296 2854 2320 2939; baseline -0.031 -4"><span class='ocrx_word' id='word_1_692' title='bbox 1296 2902 1411 2939; x_wconf 88' lang='lat' dir='ltr'><strong>natus,</strong></span> <span class='ocrx_word' id='word_1_693' title='bbox 1427 2897 1484 2939; x_wconf 89' lang='lat' dir='ltr'>qui</span> <span class='ocrx_word' id='word_1_694' title='bbox 1501 2896 1592 2928; x_wconf 82' lang='lat' dir='ltr'><strong>vates</strong></span> <span class='ocrx_word' id='word_1_695' title='bbox 1609 2892 1678 2926; x_wconf 87' lang='lat' dir='ltr'><strong>erat</strong></span> <span class='ocrx_word' id='word_1_696' title='bbox 1699 2891 1796 2930; x_wconf 87' lang='lat' dir='ltr'><strong>atque</strong></span> <span class='ocrx_word' id='word_1_697' title='bbox 1816 2883 2006 2929; x_wconf 90' lang='lat' dir='ltr'><strong>potionibus</strong></span> <span class='ocrx_word' id='word_1_698' title='bbox 2021 2881 2055 2913; x_wconf 92' lang='lat' dir='ltr'>et</span> <span class='ocrx_word' id='word_1_699' title='bbox 2074 2854 2320 2923; x_wconf 45' lang='lat' dir='ltr'><strong>lustrationibufi</strong></span> 
     </span>
     <span class='ocr_line' id='line_1_97' title="bbox 1299 2935 2320 3000; baseline -0.032 -1"><span class='ocrx_word' id='word_1_700' title='bbox 1299 2963 1451 3000; x_wconf 83' lang='lat' dir='ltr'><strong>medendi</strong></span> <span class='ocrx_word' id='word_1_701' title='bbox 1477 2960 1638 2993; x_wconf 88' lang='lat' dir='ltr'><strong>rationem</strong></span> <span class='ocrx_word' id='word_1_702' title='bbox 1653 2955 1780 2996; x_wconf 87' lang='lat' dir='ltr'><strong>primus</strong></span> <span class='ocrx_word' id='word_1_703' title='bbox 1801 2947 1993 2985; x_wconf 86' lang='lat' dir='ltr'><strong>invenerat,</strong></span> <span class='ocrx_word' id='word_1_704' title='bbox 2019 2952 2054 2976; x_wconf 91' lang='lat' dir='ltr'>se</span> <span class='ocrx_word' id='word_1_705' title='bbox 2080 2938 2258 2981; x_wconf 83' lang='lat' dir='ltr'><strong>virginibus</strong></span> <span class='ocrx_word' id='word_1_706' title='bbox 2276 2935 2320 2986; x_wconf 53' lang='lat' dir='ltr'>sq</span> 
     </span>
     <span class='ocr_line' id='line_1_98' title="bbox 1298 2998 2320 3064; baseline -0.035 1"><span class='ocrx_word' id='word_1_707' title='bbox 1298 3031 1434 3064; x_wconf 85' lang='lat' dir='ltr'><strong>nitatem</strong></span> <span class='ocrx_word' id='word_1_708' title='bbox 1449 3023 1677 3059; x_wconf 88' lang='lat' dir='ltr'><strong>restituturum</strong></span> <span class='ocrx_word' id='word_1_709' title='bbox 1698 3016 1882 3059; x_wconf 88' lang='lat' dir='ltr'><strong>pollicetur,</strong></span> <span class='ocrx_word' id='word_1_710' title='bbox 1902 3012 1931 3043; x_wconf 91' lang='lat' dir='ltr'>si</span> <span class='ocrx_word' id='word_1_711' title='bbox 1944 3008 2071 3042; x_wconf 78' lang='lat' dir='ltr'><strong>tertiam</strong></span> <span class='ocrx_word' id='word_1_712' title='bbox 2087 3004 2175 3045; x_wconf 87' lang='lat' dir='ltr'><strong>regni</strong></span> <span class='ocrx_word' id='word_1_713' title='bbox 2201 2998 2320 3045; x_wconf 62' lang='lat' dir='ltr'><strong>partem</strong></span> 
     </span>
     <span class='ocr_line' id='line_1_99' title="bbox 1300 3068 2320 3135; baseline -0.033 -7"><span class='ocrx_word' id='word_1_714' title='bbox 1300 3093 1507 3135; x_wconf 57' lang='lat' dir='ltr'><strong>acciperet-⁶</strong></span> <span class='ocrx_word' id='word_1_715' title='bbox 1522 3087 1650 3121; x_wconf 85' lang='lat' dir='ltr'><strong>Proetus</strong></span> <span class='ocrx_word' id='word_1_716' title='bbox 1663 3090 1765 3124; x_wconf 91' lang='lat' dir='ltr'><strong>quum</strong></span> <span class='ocrx_word' id='word_1_717' title='bbox 1783 3079 1867 3111; x_wconf 86' lang='lat' dir='ltr'><strong>tanti</strong></span> <span class='ocrx_word' id='word_1_718' title='bbox 1899 3073 1995 3117; x_wconf 91' lang='lat' dir='ltr'><strong>pretii</strong></span> <span class='ocrx_word' id='word_1_719' title='bbox 2022 3069 2216 3103; x_wconf 89' lang='lat' dir='ltr'><strong>medicinam</strong></span> <span class='ocrx_word' id='word_1_720' title='bbox 2237 3068 2320 3099; x_wconf 59' lang='lat' dir='ltr'><strong>recu</strong></span> 
     </span>
     <span class='ocr_line' id='line_1_100' title="bbox 1303 3120 2320 3197; baseline -0.033 -4"><span class='ocrx_word' id='word_1_721' title='bbox 1303 3159 1400 3197; x_wconf 87' lang='lat' dir='ltr'><strong>saret,</strong></span> <span class='ocrx_word' id='word_1_722' title='bbox 1421 3154 1564 3195; x_wconf 85' lang='lat' dir='ltr'><strong>virgines</strong></span> <span class='ocrx_word' id='word_1_723' title='bbox 1582 3145 1808 3183; x_wconf 86' lang='lat' dir='ltr'><strong>vehementius</strong></span> <span class='ocrx_word' id='word_1_724' title='bbox 1831 3137 2062 3174; x_wconf 82' lang='lat' dir='ltr'><strong>insanuerunt,</strong></span> <span class='ocrx_word' id='word_1_725' title='bbox 2083 3134 2186 3166; x_wconf 89' lang='lat' dir='ltr'><strong>immo</strong></span> <span class='ocrx_word' id='word_1_726' title='bbox 2204 3130 2236 3162; x_wconf 84' lang='lat' dir='ltr'>et</span> <span class='ocrx_word' id='word_1_727' title='bbox 2257 3120 2320 3163; x_wconf 62' lang='lat' dir='ltr'><strong>rel}</strong></span> 
     </span>
     <span class='ocr_line' id='line_1_101' title="bbox 1302 3186 2320 3270; baseline -0.032 -9"><span class='ocrx_word' id='word_1_728' title='bbox 1302 3237 1376 3270; x_wconf 83' lang='lat' dir='ltr'><strong>quae</strong></span> <span class='ocrx_word' id='word_1_729' title='bbox 1387 3225 1544 3268; x_wconf 81' lang='lat' dir='ltr'><strong>praeterea</strong></span> <span class='ocrx_word' id='word_1_730' title='bbox 1556 3218 1719 3252; x_wconf 89' lang='lat' dir='ltr'><strong>mulieres.</strong></span> <span class='ocrx_word' id='word_1_731' title='bbox 1742 3215 1823 3246; x_wconf 86' lang='lat' dir='ltr'>Nam</span> <span class='ocrx_word' id='word_1_732' title='bbox 1837 3208 1959 3242; x_wconf 83' lang='lat' dir='ltr'><strong>relictis</strong></span> <span class='ocrx_word' id='word_1_733' title='bbox 1973 3205 2103 3239; x_wconf 91' lang='lat' dir='ltr'><strong>sedibus</strong></span> <span class='ocrx_word' id='word_1_734' title='bbox 2111 3201 2236 3234; x_wconf 86' lang='lat' dir='ltr'><strong>liberos</strong></span> <span class='ocrx_word' id='word_1_735' title='bbox 2248 3186 2320 3241; x_wconf 68' lang='grc' dir='ltr'>5(ιᾷ</span> 
     </span>
     <span class='ocr_line' id='line_1_102' title="bbox 1302 3249 2320 3330; baseline -0.033 0"><span class='ocrx_word' id='word_1_736' title='bbox 1302 3292 1510 3330; x_wconf 84' lang='lat' dir='ltr'><strong>trucidabant</strong></span> <span class='ocrx_word' id='word_1_737' title='bbox 1531 3291 1627 3329; x_wconf 90' lang='lat' dir='ltr'><strong>atque</strong></span> <span class='ocrx_word' id='word_1_738' title='bbox 1648 3286 1683 3317; x_wconf 93' lang='lat' dir='ltr'>in</span> <span class='ocrx_word' id='word_1_739' title='bbox 1704 3283 1830 3315; x_wconf 84' lang='lat' dir='ltr'><strong>deserta</strong></span> <span class='ocrx_word' id='word_1_740' title='bbox 1853 3287 1887 3310; x_wconf 91' lang='lat' dir='ltr'>se</span> <span class='ocrx_word' id='word_1_741' title='bbox 1907 3272 2113 3316; x_wconf 88' lang='lat' dir='ltr'><strong>recipiebant.</strong></span> <span class='ocrx_word' id='word_1_742' title='bbox 2130 3270 2229 3307; x_wconf 71' lang='lat' dir='ltr'><strong>⁶Qua</strong></span> <span class='ocrx_word' id='word_1_743' title='bbox 2245 3249 2320 3305; x_wconf 91' lang='lat' dir='ltr'><strong>culfi·</strong></span> 
     </span>
    </p>
   </div>
   <div class='ocr_carea' id='block_1_16' title="bbox 1305 3324 2320 3402">
    <p class='ocr_par' dir='ltr' id='par_1_20' title="bbox 1305 3324 2320 3402">
     <span class='ocr_line' id='line_1_103' title="bbox 1305 3324 2320 3402; baseline -0.033 0"><span class='ocrx_word' id='word_1_744' title='bbox 1305 3369 1417 3402; x_wconf 84' lang='lat' dir='ltr'><strong>mitate</strong></span> <span class='ocrx_word' id='word_1_745' title='bbox 1432 3366 1465 3398; x_wconf 89' lang='lat' dir='ltr'>in</span> <span class='ocrx_word' id='word_1_746' title='bbox 1487 3363 1555 3395; x_wconf 91' lang='lat' dir='ltr'><strong>dies</strong></span> <span class='ocrx_word' id='word_1_747' title='bbox 1572 3358 1751 3394; x_wconf 85' lang='lat' dir='ltr'><strong>crescente,</strong></span> <span class='ocrx_word' id='word_1_748' title='bbox 1787 3349 1984 3393; x_wconf 83' lang='lat' dir='ltr'><strong>postulatam</strong></span> <span class='ocrx_word' id='word_1_749' title='bbox 2005 3341 2184 3377; x_wconf 84' lang='lat' dir='ltr'><strong>mercedem</strong></span> <span class='ocrx_word' id='word_1_750' title='bbox 2198 3324 2320 3374; x_wconf 56' lang='lat' dir='ltr'><strong>Proeffl</strong></span> 
     </span>
    </p>
   </div>
  </div>
 </body>
</html>
