2320 3684
748 103 1069 144 PHILOCHORI
1099 105 1435 151 FRAGMENTA.

42 190 292 242 Epicharmus
316 190 432 229 etiam
451 204 643 230 summum
673 192 823 243 apicem
844 193 945 232 inter
974 194 1072 233 divi-

40 250 216 288 nationes
235 250 392 288 somniis
421 249 558 288 extulit
586 264 674 289 cum
689 251 922 292 Philochoro
943 254 1069 293 Athe-

39 307 199 346 niensi.»

509 368 600 409 202.

91 425 200 464 Idem
226 439 260 466 c,
292 427 366 476 46,
398 426 446 465 de
475 428 633 466 somniis
665 441 783 479 agens
801 430 879 469 ait:
900 433 1071 480 «Quanti

37 493 167 524 autem
193 494 513 525 commentatores
549 495 587 525 et
616 488 871 527 affirmatores
903 490 943 528 in
973 491 1070 530 hanc

37 557 137 593 rem,
165 547 373 593 Artemon,
391 546 591 597 Antiphon
604 576 615 594 ‚
636 550 762 586 Strato
774 578 784 596 ,
802 548 1068 599 Philochorus,

35 601 311 654 Epicharmus,
341 606 526 656 Serapion
539 636 550 655 ,
578 607 784 658 Cratippus
802 616 843 646 et
860 609 1069 660 Dionysius

35 661 237 711 Rhodius,
266 664 525 716 Hermippus,
551 673 631 704 tota
661 668 778 705 seculi
802 668 1069 708 litteratural»

502 723 590 762 203.

87 780 312 831 Fulgentius
339 783 555 835 Mytholog.
583 783 648 822 lib.
683 799 714 831 ι,
741 799 772 823 c.
807 789 872 824 13:
892 791 1068 827 «Laurus

32 838 154 878 amica
177 842 366 892 Apollinis
383 842 434 881 ob
452 844 551 881 hanc
575 858 655 882 rem
685 846 851 884 vocitata
877 855 953 895 est,
974 849 1066 899 quia

31 896 108 946 illi,
129 899 197 949 qui
222 899 270 938 de
287 901 609 953 interpretatione
626 906 867 943 somniorum
900 907 1067 958 scripse—

31 965 141 1006 runt,
159 966 202 996 ut
218 960 434 1012 Antiphon,
452 962 707 1002 Philochorus
719 994 729 1012 ,
747 973 784 1002 et
800 969 1008 1016 Artemon,
1028 976 1067 1005 et

30 1017 220 1068 Serapion
235 1019 470 1058 Ascalonites
504 1022 732 1072 promit-tant
757 1023 797 1061 in
822 1023 931 1063 libris
967 1026 1064 1075 suis,

28 1074 178 1114 laurum
197 1077 228 1114 si
247 1077 528 1118 dormientibus
547 1080 596 1118 ad
617 1091 735 1133 caput
754 1084 930 1134 posueris
942 1114 953 1133 ‚
973 1098 1066 1124 vera

29 1146 177 1174 somma
190 1149 271 1175 esse
290 1150 479 1177 visuros.»

169 1261 204 1299 H
234 1261 373 1301 ΠΡΟΣ
401 1262 612 1302 ΑΛΥΠΟΝ
640 1264 917 1305 ΕΠΙΣΤΟΛΗ.

79 1384 206 1423 Photii
225 1389 318 1425 Lex.
343 1387 392 1426 ab
414 1390 545 1427 Herm.
563 1389 656 1427 edit.
685 1403 726 1442 p.
748 1391 843 1436 445:
861 1391 1061 1445 Τροπηλὶς,

24 1444 46 1490 ἡ
63 1444 133 1481 τῶν
155 1443 331 1498 σκορόδων
346 1444 479 1498 δέσμη,
497 1446 567 1486 ἀπὸ
585 1451 647 1486 τοῦ
671 1449 842 1496 εἷλῆσθαι.
858 1449 920 1489 Ἐν
939 1449 976 1489 δὲ
991 1456 1063 1495 τοῖς

23 1503 166 1556 σκήροις
183 1505 227 1556 τῇ
242 1506 344 1559 ἑορτῇ
363 1504 484 1552 ἤσθιον
500 1505 650 1561 σκόροδα
667 1506 769 1547 ἕνεκα
791 1512 852 1548 τοῦ
867 1508 1062 1563 ἀπέχεσθαι

24 1561 249 1615 ἅφροδισίων,
270 1565 317 1608 ὣς
342 1563 384 1602 ἂν
408 1563 458 1616 μὴ
484 1564 605 1619 μύρων
623 1566 845 1618 ἀποπνέοιεν,
869 1570 917 1613 ὡς
942 1567 1060 1609 Φιλό-

21 1633 126 1674 χορος
143 1622 179 1660 ἓν
201 1624 245 1674 τῇ
258 1621 344 1676 πρὸς
358 1619 511 1662 Ἄλυπον
527 1626 709 1679 ἐπιστολῇ.

75 1679 317 1719 Phavoriuus
341 1681 381 1722 h.
399 1696 436 1721 v.
460 1683 538 1722 haec
567 1685 749 1736 repetivit
785 1699 909 1737 usque
936 1687 984 1725 ad
1012 1689 1060 1733 ὥς

21 1737 139 1792 φιλόχ.
160 1739 290 1778 Verba
312 1741 347 1779 ἐν
374 1739 506 1786 δὲτοῖς
528 1742 670 1797 σκήροις
695 1744 858 1783 Siebelis
875 1746 1059 1784 emenda-

20 1796 99 1846 vit,
117 1798 289 1838 scribens
312 1800 347 1838 ἓν
368 1799 405 1838 δὲ
423 1806 494 1845 τοῖς
524 1801 690 1856 Σκίροις;
710 1804 778 1842 sed
801 1805 962 1843 fortasse
977 1819 1057 1844 non

20 1855 268 1907 rejiciendum
288 1867 366 1907 est,
387 1860 493 1911 quod
510 1861 752 1901 Phavoriuus
771 1863 919 1915 praebet
937 1877 946 1900 z
965 1865 1000 1903 ἐν
1019 1863 1056 1903 δὲ

19 1920 90 1959 τοῖς
107 1922 239 1970 καιροῖς
253 1919 316 1965 τῆς
328 1919 461 1972 ἑορτῆς.

165 2022 168 2024 ’
228 2027 482 2069 EPISTOLA
511 2030 583 2070 AD
614 2032 847 2073 ALYPUM.

57 2143 208 2186 Τροπηλίς
222 2168 232 2185 ,
250 2145 425 2180 fasciculus
440 2096 509 2180 allii
515 2096 663 2190 galpitum
674 2173 684 2189 ,
702 2150 744 2182 ab
769 2152 908 2191 ἐἰλῆσθαι
923 2152 1044 2185 dictus.

17 2190 53 2222 In
69 2191 167 2224 sciris
183 2191 267 2225 festo
283 2194 496 2227 vescebantur
510 2196 586 2228 allio
597 2220 606 2236 ,
621 2206 662 2230 ne
683 2201 847 2239 unguenta
875 2199 1046 2241 spirarent,

15 2237 265 2332 ffiplpgglnemut
278 2249 406 2274 venere.
437 2243 554 2275 Narrat
567 2244 782 2278 Philochorus
794 2246 829 2278 in
841 2247 990 2289 Epistola
1007 2248 1048 2280 ad

18 2385 361 2429 [NCERTORUM
389 2390 668 2433 LIBRORUM
703 2395 1044 2437 FRAGMENTA.

481 2463 571 2496 205.

2085 126 2160 160 417

1132 196 1472 241 INCERTORUM
1516 201 1788 243 LIBRORUM
1826 204 2161 246 FRAGMENTA.

1601 282 1690 321 205.

1184 346 1341 385 Proclus
1364 349 1413 387 ad
1433 349 1591 387 Hesiod.
1616 353 1719 402 Opp.
1745 358 1784 388 et
1803 353 1850 388 D.
1871 364 1960 399 271,
1976 365 2013 402 p.
2030 353 2093 400 66,
2115 355 2163 401 B,

1131 405 1262 443 Heins.
1277 421 1286 443 :
1304 405 1437 446 Ἰστέον
1458 406 1513 457 δὲ,
1530 407 1583 447 ὅτι
1609 409 1680 454 υἱὸς
1701 408 1867 449 Ἡσιόδου
1885 408 2052 454 Μνασέας
2070 411 2162 450 ἐστί·

1133 462 1334 517 Φιλόχορος
1359 464 1395 504 δὲ
1424 467 1644 522 Στησίχορόν
1668 484 1754 522 φησι
1777 467 1836 507 τὸν
1860 468 1931 507 ἀπὸ
1960 469 2162 521 Κλυμένης.

1185 539 1201 555 «
1219 526 1363 563 Forsan
1386 525 1460 563 hoc
1486 527 1740 566 Philochorus
1777 528 1938 566 tradidit
1966 529 2014 567 de
2042 531 2164 569 stesi-

1130 582 1249 620 choro
1280 584 1321 621 in
1340 584 1442 623 libro
1466 589 1512 624 de
1544 592 1744 637 Alcmana,
1788 589 1856 627 ubi
1871 590 2058 629 credibile
2085 600 2162 638 est,

1131 654 1218 678 eum
1250 641 1321 680 hos
1351 652 1484 694 poetas
1525 646 1664 696 lyricos
1696 648 1818 686 aetatis
1850 647 1984 687 hahita
2015 650 2164 688 ratione

1130 699 1231 737 inter
1246 713 1286 738 se
1303 703 1510 743 contulisse
1526 718 1537 749 ;
1558 706 1664 756 quod
1692 714 1729 743 et
1745 707 1878 760 Suidas
1900 708 1989 746 fec-it
2009 722 2046 746 v.
2064 710 2162 756 Στη-

1129 757 1283 812 σίχορος.
1300 778 1315 794 »
1335 761 1500 800 Siebeh's.
1522 767 1597 801 Pro
1613 764 1800 815 Κλυμένης
1820 766 2013 816 Gyraldus
2033 767 2074 805 in
2085 768 2160 805 vit.

1129 818 1288 857 Hesiodi
1302 833 1337 869 p.
1351 823 1501 870 XVIII,
1522 823 1674 872 scripsit
1692 823 1891 874 Κτημένης.

1604 897 1694 937 206.

1181 960 1306 998 Schol.
1332 961 1486 999 Pindar.
1513 966 1623 1000 Nem.
1649 966 1706 1010 ΙΙ,
1740 978 1750 1000 ι
1772 978 1779 1000 :
1799 963 1997 1018 Φιλόχορος
2034 964 2070 1004 δὲ
2091 967 2160 1007 ἀπὸ

1125 1021 1186 1057 τοῦ
1204 1018 1399 1059 συντιθέναι
1417 1020 1476 1058 καὶ
1491 1020 1633 1074 ῥάπτειν
1651 1020 1714 1068 τὴν
1742 1021 1835 1075 ᾠδὴν
1860 1022 1950 1062 οὕτω
1970 1025 2074 1075 φησὶν
2093 1030 2160 1065 αὐ-

1125 1077 1203 1122 τοὺς
1220 1080 1516 1133 προσκεκλῆσθαι.
1535 1080 1645 1127 Δηλοῖ
1663 1078 1699 1118 δὲ
1715 1079 1878 1125 Ἡσίοδος
1895 1083 2005 1134 λέγων
2017 1100 2024 1108 ·

1208 1156 1261 1188 Ἐν
1275 1157 1369 1198 Δήλῳ
1383 1156 1454 1189 τότε
1469 1159 1591 1200 πρῶτον
1607 1157 1669 1198 ἐγὼ
1684 1157 1736 1188 καὶ
1750 1157 1889 1200 Ὅμηρος
1902 1158 2001 1192 ἀοιδοὶ

1208 1205 1375 1246 μέλπομεν,
1390 1204 1421 1236 ἐν
1434 1207 1552 1247 νεαροῖς
1568 1205 1674 1246 ὕμνοις
1697 1205 1847 1246 βάψαντες
1861 1205 1979 1247 ἀοιδὴν,

1206 1253 1323 1284 Φοῖὸον
1337 1251 1524 1284 Ἀπόλλωνα..

1176 1320 1258 1355 Hoc
1289 1317 1337 1355 de
1364 1316 1583 1368 Rhapsodis
1614 1317 1766 1355 Atthidi
1797 1317 2008 1356 intexuisse
2035 1320 2155 1358 videri

1123 1385 1252 1428 potest
1277 1374 1562 1423 Philochorus,
1594 1375 1663 1414 ubi
1688 1376 1735 1414 de
1761 1377 1964 1415 Pisistrato
1998 1377 2158 1431 ejusque

1121 1435 1208 1478 filiis
1238 1435 1432 1487 exposuit.
1451 1438 1568 1472 Lenz.

1174 1571 1381 1611 Athenaeus
1401 1574 1455 1609 IX
1470 1600 1481 1619 ‚
1516 1584 1530 1607 1
1543 1584 1577 1621 1,
1595 1584 1634 1622 p.
1651 1571 1741 1620 393,
1761 1573 1809 1608 E:
1822 1571 1922 1612 Βοῖος
1938 1569 1968 1607 δ’
1981 1571 2015 1607 ἐν
2035 1570 2158 1623 Ὀρνι-

1120 1628 1279 1683 θογονίᾳ,
1298 1628 1321 1676 ἢ
1341 1628 1459 1680 Βοιὼ,
1483 1628 1530 1673 ὥς
1556 1643 1642 1682 φησι
1670 1627 1887 1682 Φιλόχορος,
1924 1627 1992 1667 ὑπὸ
2027 1627 2156 1682 Ἄρεως

1119 1688 1178 1728 τὸν
1199 1687 1339 1728 Κύκνον
1356 1690 1608 1742 ὀρνιθωθῆναι,
1626 1686 1686 1725 καὶ
1705 1685 1987 1741 παραγενόμενον
2014 1686 2072 1725 ἐπὶ
2095 1686 2153 1726 τὸν

1119 1747 1276 1802 Σύὸαριν
1292 1747 1451 1798 ποταμὸν
1474 1746 1672 1795 πλησιάσαι
1699 1746 1848 1800 γεράνῳ.

1172 1804 1266 1845 Βοιὼ
1285 1816 1324 1845 et
1344 1805 1500 1860 Σύὸαριν
1517 1819 1539 1844 a
1556 1806 1768 1856 Schweigh.
1793 1805 1962 1856 reposita
1979 1813 2068 1843 sunt
2082 1818 2155 1856 pro

1119 1866 1212 1918 Βοιῷ
1228 1874 1267 1904 et
1290 1864 1451 1919 Σίὸαριν.
1469 1868 1527 1903 De
1541 1867 1629 1902 Boeo
1650 1864 1800 1915 poetria
1819 1863 1894 1902 vid.
1913 1867 2072 1901 Pausan.
2090 1866 2153 1912 X,

1118 1924 1155 1973 5,
1176 1930 1211 1970 4.

1156 2097 1371 2130 Philochorus
1384 2105 1441 2129 eos
1458 2096 1678 2138 (rhapsodos)
1695 2097 1740 2129 ait
1764 2105 1783 2128 a
1799 2095 2032 2137 componendis
2046 2097 2079 2128 et
2098 2105 2151 2128 ne-

1116 2146 1241 2179 ctendis
1257 2145 1456 2178 carminibus
1473 2153 1594 2177 nomen
1613 2143 1788 2185 accepisse.
1802 2143 1951 2176 Declarat
1965 2143 2027 2175 hoc
2042 2143 2151 2176 Hesio-

1120 2193 1195 2233 dus,
1211 2193 1267 2235 qui
1283 2193 1363 2225 dicit
1379 2202 1387 2224 :

1219 2249 1256 2277 In
1270 2247 1350 2277 Delo
1369 2253 1433 2276 tum
1451 2248 1588 2286 primum
1608 2256 1667 2286 ego
1680 2252 1710 2276 et
1728 2247 1884 2275 Homerus
1898 2252 1997 2285 poetae

1219 2295 1407 2333 Cecinimus,
1423 2296 1454 2323 in
1470 2296 1557 2323 novis
1571 2294 1694 2333 hymnis
1709 2300 1867 2324 nectentes
1883 2299 2007 2322 cantum
2020 2314 2031 2329 ,

1216 2342 1369 2372 Phoebum
1384 2340 1575 2381 Apollinem.

1582 2408 1673 2440 207.

1148 2468 1246 2499 Boeus
1260 2465 1384 2498 veroin
1398 2465 1518 2497 Avium
1532 2465 1753 2506 generatione,
1781 2465 1851 2497 sive
1864 2466 1954 2504 Boe0‚
1970 2464 2005 2496 ut
2018 2463 2061 2494 ait
2073 2462 2145 2494 Phi-

19 2488 21 2490 *
54 2510 240 2544 NOtandum
251 2515 302 2545 est
318 2513 452 2547 Hesiodi
469 2514 574 2548 filium
589 2526 661 2551 esse
678 2519 859 2552 Mnaseam,
876 2520 1043 2553 philocho.
1108 2514 1278 2553 lochorus,
1293 2522 1311 2546 a
1326 2515 1430 2546 Marte
1447 2513 1479 2545 in
1495 2522 1589 2545 avem
1601 2514 1766 2546 mutatum
1782 2521 1852 2545 esse
1866 2514 2015 2552 cygnum
2031 2510 2143 2548 tradit,

15 2564 70 2608 ms
83 2566 160 2590 vcro
176 2559 395 2593 Stesichorum
418 2561 497 2595 dicit
527 2572 567 2597 ex
583 2567 740 2599 Ctemene
768 2566 910 2600 Hesiodo
926 2570 1040 2600 natum
1104 2563 1256 2602 et,quum
1269 2560 1311 2593 ad
1325 2559 1462 2602 sybam
1479 2559 1617 2592 ssUVium
1630 2559 1841 2601 pervenisset,
1850 2565 2059 2598 C⁰ssg¹'eS⁵U¹¹¹
2072 2564 2143 2588 esse

14 2611 94 2636 (⁸880.

80 3368 273 3401 Putem-n
296 3378 532 3402 msromconuu.

1105 2617 1180 2642 cnm
1194 2617 1285 2650 grue.

1942 3379 1977 3408 27
