2320 3684
807 120 1058 161 ANTIOCHI
1086 122 1421 166 FRAGMENTA.

59 215 174 270 εΥπὲρ
191 214 228 254 δὲ
242 213 372 254 τούτων
389 215 458 252 τῶν
474 211 601 260 ἠϊόνων
616 210 812 262 Καμπανία
825 217 924 250 πᾶσα
939 211 1088 264 ἵδρυται,

60 275 178 315 πεδίον
203 270 513 325 εὐδαιμονέστατον
531 272 602 308 τῶν
620 269 786 308 ἁπάντων
797 285 806 293 ·
825 269 1043 323 περίκεινται
1060 272 1089 308 δ’

61 336 156 388 αὐτῷ
172 331 362 387 γεωλοφίαι
376 345 415 369 τε
432 328 616 382 εύκαρποι,
633 327 692 367 καὶ
712 327 775 380 ὅρη
795 327 841 367 τά
855 343 893 367 τε
906 331 976 367 τῶν
994 331 1090 368 Σαυ-

61 395 163 432 νιτῶν
198 391 258 431 καὶ
287 389 331 430 τὰ
357 391 427 428 τῶν
454 387 613 427 Ὄσκων.
643 386 817 439 Ἀντίοχος
840 386 904 439 μὲν
924 381 984 427 οὖν
1002 388 1087 442 φησὶ

59 451 125 500 τὴν
144 450 266 506 χώραν
285 447 416 495 ταύτην
437 445 607 491 Ὀπικοὺς
631 448 793 495 οἰκῆσαι,
812 445 954 493 τούτους
973 445 1010 486 δὲ
1028 447 1087 486 καὶ

61 510 219 554 Αὔσονας
234 510 426 549 καλεῖσθαι.

113 617 172 655 Id.
190 618 256 662 VI,
298 628 336 666 p.
367 613 565 660 252=v1,
598 626 636 663 p.
662 618 736 656 214
764 612 823 651 ed.
844 612 1054 651 Tzschuck.
1076 627 1085 650 :

60 674 160 723 Φησὶ
181 675 210 713 δ’
226 673 421 726 Ἀντίοχος,
436 671 609 715 Φωκαίας
645 670 797 719 ἁλούσης
825 671 881 724 ὑφ’
910 670 1088 724 Ἁρπάγου

58 739 120 774 τοῦ
139 733 256 788 Κύρου
276 735 495 786 στρατηγοῦ,
515 729 595 775 τοὺς
618 728 827 782 δυναμένους
846 729 1023 782 ἓμὸάντας
1043 732 1089 775 εἷς

58 792 104 832 τὰ
123 793 241 845 σκάφη
257 789 476 838 πανοικίους,
489 790 639 828 πλεῦσαι
654 791 792 842 πρῶτον
810 790 859 834 εἷς
874 789 1008 843 Κύρνον
1028 789 1087 828 καὶ

59 851 276 892 Μασσαλίαν
310 848 399 902 μετὰ
433 847 666 903 Κρεοντιάδου
679 864 687 872 ·
722 848 1022 900 ἀποκρουσθέντας
1052 847 1088 888 δὲ

58 911 123 959 τὴν
142 909 271 951 Ἐλέαν
291 909 420 948 κτίσαι.

112 1017 250 1057 Strabo
274 1019 338 1064 VI,
351 1029 389 1067 p.
413 961 608 1063 257--1VOI,
628 1028 666 1066 p.
692 1028 766 1063 227
782 1014 841 1053 ed.
862 1015 1088 1054 Tzschuck.:

59 1076 206 1128 Κτίσμα
222 1075 252 1116 δ’
269 1074 343 1114 ἐστὶ
359 1074 399 1113 τὸ
414 1073 558 1126 Ῥήγιον
579 1072 797 1113 Χαλκιδέων·
817 1072 874 1118 οὓς
889 1072 981 1112 κατὰ
999 1088 1090 1128 χρη-

59 1135 149 1188 σμὸν
169 1132 436 1177 δεκατευθέντας
450 1135 502 1187 τῷ
522 1131 719 1172 Ἀπόλλωνι
739 1131 784 1171 δι’
803 1132 963 1187 ἀφορίαν,
990 1131 1091 1170 ὕστε-

62 1209 119 1250 ρον
133 1195 174 1233 ἐκ
193 1195 339 1248 Δελφῶν
358 1194 550 1239 ἀποικῆσαι
571 1191 670 1245 δεῦρο
689 1190 774 1246 φασὶ
787 1222 797 1240 ,
815 1191 1091 1246 παραλαὸόντας

59 1251 120 1292 nal.
138 1251 262 1295 ἄλλους
278 1254 347 1290 τῶν
365 1251 497 1289 οἴκοθεν
509 1265 517 1274 ·
547 1252 595 1294 ὡς
614 1250 643 1288 δ’
670 1249 846 1303 Ἀντίοχος
865 1249 973 1304 φησὶ,
997 1252 1091 1302 Ζαγ-

60 1313 176 1351 κλαῖοι
195 1309 466 1363 μετεπέμψαντο
499 1308 579 1354 τοῦς
602 1308 819 1356 Χαλκιδέας,
850 1309 911 1348 καὶ
933 1308 1091 1358 οἰκιστὴν

60 1370 309 1423 Ἀντίμνηστον
330 1369 545 1416 συνέστησαν
564 1367 717 1407 ἐκείνων.

114 1476 253 1517 Strabo
273 1479 337 1523 VI,
356 1490 394 1528 p.
415 1477 614 1522 262:VI‚
632 1489 669 1527 p.
691 1481 763 1521 241
787 1475 846 1514 ed.
867 1475 1091 1514 Tzschuck.:

60 1537 161 1585 Φησὶ
179 1536 208 1574 δ’
223 1534 397 1588 Ἀντίοχος
412 1538 474 1574 τοῦ
493 1537 570 1573 θεοῦ
584 1533 759 1587 φήσαντος
774 1534 926 1587 Ἀχαιοῖς
941 1533 1092 1587 Κρότω-

57 1611 104 1635 να
125 1594 266 1643 κτίζειν,
285 1595 447 1633 ἀπελθεῖν
467 1592 675 1632 Μύσκελλον
707 1593 1014 1647 κατασκεψόμενον
1031 1593 1091 1633 τὸν

59 1653 179 1694 τόπον.
203 1651 339 1693 Ἰδόντα
366 1652 396 1691 δ’
422 1651 630 1704 ἐκτισμένην
650 1651 718 1700 ἤδη
744 1651 914 1707 Σύὸαριν,
941 1655 1092 1707 ποταμῷ

60 1715 110 1767 τῷ
128 1711 277 1761 πλησίον
297 1709 496 1764 ὁμώνυμον,
513 1717 629 1765 κρῖναι
648 1710 778 1759 ταύτην
793 1711 943 1764 ἀμείνω·
962 1714 1091 1751 ἐπανε-

61 1772 182 1828 ρέσθαι
200 1772 230 1811 δ’
246 1765 306 1811 οῧν
323 1770 473 1812 ἀπιόντα
490 1771 549 1811 τὸν
570 1770 658 1820 θεὸν,
679 1772 708 1810 εἰ
735 1770 833 1810 δοτὸν
853 1770 908 1820 εἴη
927 1773 972 1816 (εἷ
1000 1773 1090 1824 λῷον

61 1831 117 1880 εἴη
134 1832 303 1883 Coi-aes),
321 1830 451 1879 ταύτην
475 1830 551 1870 ἀντ’
574 1830 708 1878 ἐκείνης
727 1830 873 1876 κτίζειν·
898 1830 957 1870 τὸν
977 1830 1013 1869 δὲ
1027 1834 1093 1870 ἀν-

61 1896 190 1930 τειπεῖν
211 1890 396 1944 (ἐτύγχανε
416 1888 452 1929 δὲ
470 1889 644 1943 ὑπόκυφος
663 1888 711 1928 ὢν
730 1893 748 1929 ὃ
764 1889 999 1942 Μύσκελλος)·

102 1951 266 1984 Μύσκελλε
280 1951 471 1994 βραχύνωτε,
485 1949 585 1993 πάρεκ
601 1950 669 1982 θεὸν
681 1949 756 1981 ἄλλο
771 1950 924 1991 ματεύων,

104 1997 273 2040 κλάσματα
289 1998 467 2040 (κλαύματα
482 1997 616 2029 Diodor.
632 1999 712 2029 Exc.
731 1997 853 2038 Vatic.)
871 1998 1019 2041 θηρεύεις·
1034 1999 1093 2031 δῶ-

498 2056 549 2088 ρον
562 2045 589 2076 δ’
602 2045 633 2084 ὅ,
651 2055 680 2076 τι
694 2045 739 2086 δῷ
755 2056 800 2082 τις
815 2045 945 2077 ἐπαίνει.

102 2197 206 2237 Super
230 2196 293 2228 hoc
320 2195 416 2236 litus,
446 2195 599 2228 universa
621 2196 684 2228 sita
704 2198 754 2228 cst
775 2196 973 2238 Campania,
998 2198 1089 2239 regio

61 2243 208 2276 omnium
224 2243 410 2276 felicissima
424 2253 432 2275 :
447 2244 568 2275 circum
583 2244 669 2276 enim
683 2245 792 2285 jacent
806 2253 881 2276 cum
897 2245 1017 2277 tumuli
1033 2247 1093 2278 ter-

62 2299 108 2323 rae
117 2290 246 2330 fertiles,
258 2291 330 2322 tum
341 2290 521 2323 Samnium}
532 2293 754 2332 Oscorumque
764 2294 902 2325 montes.
912 2293 1092 2325 Antiochus

62 2338 104 2371 ab
124 2338 234 2379 Opicis
256 2338 431 2370 habitatam
460 2338 562 2370 fuisse
581 2347 654 2370 eam
683 2339 847 2380 regionem
869 2340 979 2372 narrat
995 2363 1005 2380 ‚
1035 2340 1092 2381 qui

63 2385 161 2418 iidem
174 2387 207 2418 et
219 2387 366 2418 Ausones
379 2385 626 2427 appellarentur.

103 2478 216 2512 Tradit
232 2480 430 2519 Antiochus,
451 2489 517 2520 quo
533 2481 679 2521 tempore
694 2481 865 2521 Harpagus
887 2480 966 2521 Cyri
987 2480 1093 2522 copia-

64 2536 137 2559 rum
149 2527 217 2560 dux
229 2528 401 2559 Phocaeam
410 2527 507 2569 cepit,
523 2527 621 2567 cives,
636 2527 886 2569 quibuscunque
900 2527 1091 2560 facultatum

64 2575 191 2606 tantum
203 2575 306 2614 esset,
323 2574 400 2607 totis
414 2583 490 2606 cum
506 2574 636 2606 familiis
651 2583 752 2607 naves
765 2575 994 2607 conscendisse
1005 2598 1015 2615 ,
1033 2576 1094 2617 pri-

65 2629 220 2662 mumque
234 2630 309 2654 cum
328 2621 522 2654 Creontiade
535 2622 574 2654 ad
589 2623 735 2664 Cyrnum
751 2631 790 2654 ac
804 2623 982 2655 Massiliam
995 2632 1094 2665 appu-

65 2667 151 2710 lisse,
167 2668 306 2711 indeque
318 2669 464 2711 repulsos
479 2670 591 2703 Eleam
615 2670 810 2707 condidisse.

105 2763 262 2804 Rhegium
285 2773 304 2796 a
325 2763 592 2798 Chalcidensibus
614 2765 781 2797 conditum
803 2766 872 2806 est,
899 2766 956 2807 qui
975 2775 1093 2807 quum,

61 2809 278 2854 ,decimatione
289 2811 411 2844 oraculi
421 2813 513 2853 jussu
529 2812 691 2852 instituta,
707 2813 848 2854 Apollini
861 2817 991 2855 propter
1004 2823 1095 2855 agro-

67 2866 138 2890 rum
160 2859 360 2891 sterilitatem
383 2859 562 2891 consecrati
588 2863 714 2899 essent,
731 2869 769 2892 eo
785 2860 901 2892 deinde
922 2869 941 2892 a
962 2861 1095 2902 Delphis

65 2905 293 2947 commigrasse
309 2906 470 2949 seruntur,
485 2906 583 2938 domo
600 2907 662 2939 sibi
677 2908 775 2940 etiam
792 2908 863 2940 aliis
877 2908 1018 2941 adscitis.
1032 2911 1095 2941 An-

67 2952 193 2985 tiochus
205 2956 312 2985 autem
329 2954 460 2992 scribit,
477 2954 707 2987 Chalcidenses
722 2964 741 2987 a
755 2956 910 2987 Zanclaeis
924 2961 1093 2996 evocatos,

67 2999 307 3042 principemque
316 3001 450 3033 coloniae
460 3001 701 3034 Antimnestum
708 3002 747 3034 iis
757 3002 970 3035 constitutum
984 3003 1094 3035 fuisse.

108 3094 285 3128 Antiochus
295 3096 451 3137 scriptum
461 3095 601 3137 reliquit,
611 3104 713 3137 quum
722 3096 848 3128 Achaeis
858 3096 938 3129 deus
949 3097 1096 3128 mandas-

68 3142 128 3181 set,
140 3143 178 3174 ut
192 3143 366 3175 Crotonem
386 3143 572 3183 conderent,
589 3144 780 3184 Myscellum
795 3153 833 3176 eo
852 3144 961 3176 locum
983 3153 1096 3185 specu-

67 3185 153 3220 landi
167 3197 264 3223 causa
284 3189 428 3229 venisse;
451 3191 618 3231 quumque
630 3191 696 3231 jam
714 3191 877 3223 conditam
905 3191 950 3223 ibi
973 3192 1097 3223 videret

69 3233 215 3276 Sybarin,
225 3236 332 3268 vicino
342 3237 428 3269 amni
436 3238 671 3278 cognominem,
682 3247 752 3270 eam
760 3238 917 3279 potiorem
921 3239 1094 3279 judicasse,

69 3281 310 3323 profectumque
333 3283 371 3317 ad
395 3285 560 3316 oraculum
583 3285 792 3326 quaesivisse,
818 3286 1097 3318 concedereturne

69 3327 202 3369 Sybarin
217 3328 290 3361 loco
305 3330 454 3363 Crotonis
466 3331 616 3372 condere,
634 3324 889 3372 responsum'que
904 3332 952 3363 sic
967 3330 1067 3363 fuisse
1086 3341 1093 3362 :

2101 133 2172 166 183

1150 213 1410 254 Ἐπανελθόντα
1425 213 1460 253 δὲ
1485 214 1602 254 κτίσαι
1623 213 1686 263 τὴν
1703 213 1891 269 Κρότωνα,
1909 214 2176 268 συμπράξαντος

1150 272 1209 310 καὶ
1242 277 1301 311 τοῦ
1335 274 1475 327 Ἀρχίου
1508 277 1570 313 τοῦ
1601 273 1663 319 τὰς
1693 273 1923 328 Συρακούσας
1958 274 2173 323 οἰκίσαντος,

1149 331 1456 383 προσπλεύσαντος
1478 332 1569 372 κατὰ
1594 332 1718 386 τύχην,
1746 332 1851 381 ἡνίκα
1877 332 2022 387 ὥρμητο
2039 333 2096 371 ἐπὶ
2116 333 2174 372 τὸν

1148 391 1217 427 τῶν
1235 392 1472 443 Συρακουσῶν
1492 391 1662 444 οἰκισμόν.
1680 393 1734 432 Cf.
1749 393 1911 432 Diodor.
1938 396 2030 432 Exc.
2052 394 2172 431 Vatic.

1148 462 1185 498 p.
1209 463 1254 486 10
1275 451 1451 489 Dindorf.

1632 506 1645 543 l
1656 505 1689 542 2.

1202 559 1343 598 Strabo
1364 563 1430 608 VI,
1443 575 1480 612 p.
1499 563 1694 611 2642V1,
1713 578 1750 615 p.
1767 570 1840 612 247
1877 564 1936 603 ed.
1949 565 2174 605 Tzschuck.:

1148 617 1248 665 Φησὶ
1279 618 1309 656 δ’
1337 618 1508 672 Ἀντίοχος
1539 620 1617 666 τοὺς
1641 624 1898 676 Ταραντίνους,
1926 624 2088 680 Θουρίοις
2115 624 2176 663 καὶ

1148 677 1349 731 Κλεανδρία
1365 680 1416 732 τῷ
1433 682 1619 732 στρατηγῷ
1633 681 1762 734 φυγάδι
1777 684 1816 721 ἐκ
1831 683 2092 735 Λακεδαίμονος
2107 698 2175 722 πο-

1147 737 1340 787 λεμοῦντας
1357 737 1435 791 περὶ
1451 740 1513 784 τῆς
1530 738 1719 792 Σειρίτιδος
1734 740 1929 792 συμὸῆναι,
1947 742 2006 781 καὶ
2020 746 2177 790 συνοικῆ-

1148 811 1208 834 σαι
1223 793 1286 846 μὲν
1305 799 1425 849 κοινῇ,
1443 795 1506 844 τὴν
1525 797 1554 835 δ’
1575 798 1738 838 ἀποικίαν
1759 803 1919 853 κριθῆναι
1937 801 2177 856 Ταραντίνων·

1149 854 1290 907 ὕστερον
1309 854 1339 892 δ’
1356 853 1571 908 “Ηράκλειαν
1607 857 1798 907 κληθῆναι,
1824 859 2092 910 μεταὸαλοῦσαν
2118 861 2178 900 καὶ

1147 913 1320 963 τοῦνομα,
1337 913 1396 952 καὶ
1410 913 1468 952 τὸν
1483 914 1601 954 τόπον.

1638 969 1694 1007 13.

1203 1028 1259 1067 Id.
1275 1029 1346 1072 VI,
1367 1028 1390 1078 §
1412 1028 1472 1075 15,
1494 1041 1531 1080 p.
1556 1030 1629 1075 264
1642 1044 1732 1081 =p.
1749 1033 1823 1076 248
1859 1033 1922 1072 ed.
1956 1034 2179 1072 Tzschuek.:

1149 1086 1256 1134 Ἑξῆς
1275 1086 1306 1126 δ’
1327 1086 1402 1125 ἐστὶ
1428 1086 1688 1136 Μεταπόντιον,
1709 1089 1756 1132 εἷς
1774 1088 1816 1135 ἣν
1838 1090 1908 1128 ἀπὸ
1939 1095 2000 1130 τοῦ
2031 1092 2180 1130 ἐπινείου

1150 1149 1212 1194 τῆς
1231 1144 1444 1201 Ἡρακλείας
1464 1145 1530 1184 εἶσὶ
1556 1145 1692 1185 στάδιοι
1711 1146 1750 1198 μ’
1765 1147 1850 1201 πρὸς
1868 1155 1938 1193 τοῖς
1952 1150 2086 1189 ἑκατόν.
2105 1153 2181 1190 Πυ-

1149 1205 1234 1245 λίων
1246 1204 1282 1245 δὲ
1294 1203 1434 1258 λέγεται
1450 1204 1584 1257 κτίσμα
1601 1207 1669 1244 τῶν
1683 1205 1717 1251 ἐξ
1733 1206 1836 1246 Ἰλίου
1852 1209 2077 1247 πλευσάντων
2093 1209 2182 1261 μετὰ

1150 1263 1325 1319 Νέστορος
1340 1280 1348 1288 ·
1366 1263 1424 1308 οὒς
1439 1263 1549 1308 οὕτως
1568 1267 1762 1318 εὐτυχῆσαι
1778 1266 1847 1306 ἀπὸ
1871 1267 2041 1322 γεωργίας
2063 1269 2181 1322 φασὶν,

1151 1323 1243 1362 ὥστε
1263 1324 1359 1378 θέρος
1377 1326 1528 1377 χρυσοῦν
1549 1323 1584 1361 ἐν
1600 1325 1748 1377 Δελφοῖς
1771 1327 1959 1364 ἀναθεῖναι.
1977 1328 2130 1377 Σημεῖον
2146 1327 2182 1365 δὲ

1151 1386 1333 1421 ποιοῦνται
1351 1385 1413 1430 τῆς
1431 1382 1595 1431 κτίσεως,
1614 1382 1673 1421 τὸν
1687 1386 1757 1422 τῶν
1775 1385 1963 1433 Νηληΐδων
1983 1387 2182 1437 ἐναγισμόν·

1150 1442 1327 1496 ἠφανίσθη
1348 1441 1378 1480 δ’
1397 1441 1465 1480 ὑπὸ
1485 1444 1680 1481 Σαυνιτῶν.
1698 1443 1870 1496 Ἀντίοχος
1887 1443 1923 1482 δὲ
1945 1444 2050 1498 φησὶν
2071 1446 2183 1484 ἐκλει-

1153 1502 1283 1557 φθέντα
1299 1503 1358 1541 τὸν
1376 1501 1483 1541 τόπον
1505 1504 1693 1550 ἐποικῆσαι
1710 1506 1780 1542 τῶν
1812 1504 1970 1558 Ἀχαιῶν
1990 1506 2084 1549 τινὰς
2117 1522 2183 1557 με·

1151 1561 1417 1616 ταπεμφθέντας
1429 1561 1497 1601 ὑπὸ
1509 1564 1578 1601 τῶν
1597 1564 1632 1602 ἐν
1651 1563 1788 1616 Συὸάρι
1807 1563 1969 1617 Ἀχαιῶν.
1990 1566 2185 1616 Μεταπεμ-

1152 1623 1279 1675 φθῆναι
1289 1619 1325 1659 δὲ
1339 1619 1431 1659 κατὰ
1444 1627 1546 1673 μῖσος
1558 1621 1598 1661 τὸ
1611 1622 1695 1679 πρὸς
1705 1622 1940 1677 Ταραντίνους
1952 1625 2021 1662 τῶν
2035 1623 2184 1676 Ἀχαιῶν

1153 1681 1237 1732 [τῶν
1258 1680 1477 1719 ἐκπεσόντων
1495 1682 1535 1719 ἐκ
1553 1684 1616 1729 τῆς
1634 1683 1872 1734 Λακωνικῆς],
1894 1680 1952 1720 ἵνα
1973 1681 2022 1734 μὴ
2041 1684 2074 1722 Τ
2077 1699 2185 1733 αραν--

1151 1745 1240 1778 τῖνοι
1273 1741 1490 1790 γειτνιῶντες
1521 1740 1777 1788 ἐπιπηδήσαιεν
1808 1744 1859 1795 τῷ
1893 1740 2002 1795 τόπῳ.
2025 1744 2128 1781 Δυοῖν
2157 1742 2186 1780 δ’

1152 1800 1264 1837 οὐσῶν
1284 1800 1354 1837 τῶν
1382 1797 1520 1837 πόλεων
1543 1802 1613 1837 τῶν
1641 1799 1895 1839 Μεταποντίων
1925 1800 2100 1854 ἐγγυτέρω
2125 1806 2185 1839 τοῦ

1152 1857 1354 1911 Τάραντος,
1364 1860 1549 1905 πεισθῆναι
1559 1858 1637 1903 τοὺς
1655 1858 1866 1914 ἀφιγμένους
1882 1859 1949 1898 ὑπὸ
1960 1859 2185 1915 Συὸαριτῶν,

1153 1916 1191 1955 ’.ὸ
1211 1915 1454 1956 Μεταπόντιον
1481 1924 1693 1971 κατασχεῖν·
1719 1922 1823 1957 τοῦτο
1850 1918 1913 1970 μὲν
1936 1918 2004 1973 γὰρ
2023 1918 2186 1972 ἔχοντας.

1152 1974 1239 2021 ἕξειν
1259 1975 1320 2014 καὶ
1344 1975 1408 2023 τὴν
1433 1978 1608 2031 Σειρῖτιν·
1629 1979 1659 2016 εἷ
1687 1978 1718 2016 δ’
1744 1978 1802 2016 ἐπὶ
1824 1976 1887 2025 τὴν
1914 1980 2066 2033 Σειρῖτιν
2101 1987 2184 2032 τρά-

1153 2050 1293 2084 ποιντο,
1308 2035 1520 2089 προσθήσειν
1545 2042 1616 2080 τοῖς
1633 2037 1863 2091 Ταραντίνοις
1883 2037 1923 2076 τὸ
1944 2037 2184 2076 Μεταπόντιον

1189 2147 1329 2177 Gibbose
1349 2148 1514 2188 Myscelle,
1530 2155 1639 2179 contra
1653 2149 1705 2180 dei
1719 2149 1913 2180 voluntatem
1931 2150 1987 2179 alia
2009 2152 2142 2190 requiris
2155 2175 2163 2190 ‚

1190 2205 1334 2234 vanaque
1350 2197 1491 2231 venaris5
1509 2206 1579 2236 quae
1597 2197 1713 2227 dantur
1729 2197 1811 2226 dona
1824 2221 1833 2237 ‚
1849 2198 1996 2237 probato.

1149 2243 1241 2283 (Erat
1255 2244 1364 2275 autem
1395 2243 1565 2284 Myscellus
1581 2244 1729 2276 nonnihil
1750 2243 1931 2285 gibbosus.)
1949 2246 2063 2285 Itaque
2084 2252 2184 2276 rever-

1149 2298 1222 2322 sum
1235 2289 1420 2323 condidisse
1436 2293 1612 2323 Crotonem
1625 2316 1634 2332 ‚
1651 2292 1827 2333 adiuvante
1842 2292 1938 2324 etiam
1956 2292 2074 2324 Archia
2091 2293 2183 2332 Syra-

1149 2347 1301 2370 cusarum
1312 2338 1489 2378 conditore,
1499 2339 1555 2380 qui
1566 2339 1648 2372 sorte
1658 2348 1697 2372 eo
1707 2339 1830 2381 appulit
1838 2348 1955 2383 ‚quum
1963 2339 2003 2371 ad
2011 2341 2184 2379 Syracusas

1152 2386 1338 2419 condendas
1353 2386 1501 2419 tenderet
1513 2396 1656 2419 cursum.

1191 2480 1370 2513 Antiochus
1377 2483 1490 2514 auctor
1496 2482 1750 2522 est,Tarentinos
1763 2482 1875 2513 contra
1884 2480 2022 2512 Thurios
2032 2482 2063 2511 et
2074 2479 2183 2512 Clean—

1150 2527 1254 2559 driam
1277 2527 1525 2569 imperatorem,
1550 2530 1606 2570 qui
1631 2531 1745 2570 Sparta
1767 2527 1939 2564 exulabat,
1957 2526 1998 2558 ob
2020 2525 2181 2557 Siritidem

1150 2574 1388 2616 belligerantes,
1404 2575 1449 2608 ita
1462 2585 1574 2616 pacem
1590 2576 1739 2615 coivisse,
1756 2578 1791 2607 ut
1803 2584 1899 2615 aequo
1915 2573 2064 2614 utrinque
2078 2573 2183 2605 Sirilis

1148 2624 1220 2664 Jure
1232 2624 1436 2662 incoleretur,
1452 2625 1698 2656 Tarentinorum
1712 2627 1818 2655 tamen
1828 2623 2026 2663 judicaretur
2039 2621 2180 2652 colonia:

1150 2679 1222 2702 eam
1238 2674 1349 2711 postea
1382 2671 1568 2703 Heracleam
1585 2672 1789 2713 appellatam,
1807 2678 1882 2701 cum
1911 2669 2042 2700 nomine
2072 2667 2181 2700 locum

1154 2727 1284 2759 quoque
1300 2719 1489 2751 mutavisse.

1194 2812 1407 2853 Subsequitur
1420 2767 1651 2854 Metapontum1
1653 2767 1708 2852 ‚3a
1727 2810 1833 2842 navali
1852 2808 2015 2841 Heracleae
2033 2809 2180 2841 dissitum

1152 2860 1265 2892 stadiis
1282 2861 1414 2892 centum
1431 2861 1463 2891 et
1478 2859 1700 2900 quadraginta.
1722 2857 1899 2891 conditum
1918 2856 2009 2888 aiunt
2028 2865 2046 2888 a
2062 2856 2179 2898 Pyliis,

1151 2907 1206 2947 qui
1221 2915 1297 2939 cum
1309 2909 1442 2939 Nestore
1455 2906 1495 2937 ab
1506 2906 1564 2938 llio
1578 2905 1820 2945 navigaverunt3
1835 2912 1917 2944 quos
1927 2906 2018 2935 tanto
2028 2911 2180 2935 successu

1153 2956 1271 2986 terram
1290 2954 1429 2986 coluisse
1444 2953 1555 2992 aiunt,
1576 2953 1612 2984 ut
1628 2960 1759 2983 auream
1775 2959 1914 2983 messem
1941 2951 2076 2992 Delphis
2091 2950 2181 2984 dedi-

1153 3004 1273 3034 carent.
1291 3004 1317 3033 A
1334 3001 1433 3041 Pyliis
1452 3000 1566 3031 urbem
1594 3008 1665 3030 esse
1683 2998 1865 3037 conditam,
1884 2998 1925 3030 ab
1940 2998 2106 3039 exsequiis
2122 3000 2180 3030 Ne-

1152 3048 1271 3080 leidum
1291 3048 1530 3079 ratiocinantur.
1552 3046 1673 3078 Urbem
1697 3055 1767 3077 eam
1795 3045 1953 3078 Samnites
1980 3045 2178 3077 deleverunt.

1153 3095 1332 3127 Antiochus
1346 3093 1469 3132 scribit,
1482 3094 1589 3125 locum
1605 3093 1694 3124 illum
1708 3092 1822 3124 incolis
1834 3092 2028 3125 destitutum
2044 3093 2180 3125 Achaeos

1153 3141 1311 3182 quosdam
1324 3149 1498 3181 occupasse
1511 3142 1663 3172 evocatos
1677 3140 1719 3172 ab
1739 3139 1866 3172 Achaeis
1882 3139 2018 3181 Sybarin
2045 3140 2181 3172 incolen-

1153 3189 1253 3220 tibus.
1280 3188 1460 3220 Arcessitus
1481 3190 1588 3219 autem
1611 3197 1667 3220 eos
1697 3187 1797 3220 fuisse
1819 3186 1862 3219 ob
1890 3188 2083 3220 Achaeorum
2111 3188 2179 3229 [qui

1153 3235 1292 3267 Laconia
1311 3235 1396 3276 pulsi
1412 3234 1551 3276 fuerant]
1565 3235 1676 3267 odium
1693 3235 1727 3267 in
1741 3235 1944 3275 Tarentinos,
1959 3238 1996 3267 ut
2012 3244 2052 3268 ne
2065 3236 2110 3276 hi,
2125 3237 2180 3277 qui

1153 3282 1250 3313 vicini
1260 3284 1362 3321 erant,
1371 3282 1477 3314 locum
1489 3282 1582 3314 illum
1592 3284 1797 3324 occuparent.
1811 3284 1920 3320 Quum
1929 3284 2036 3315 autem
2048 3283 2123 3315 duae
2134 3292 2182 3314 cs-

1154 3332 1225 3360 sent
1247 3329 1344 3362 urbes
1369 3329 1574 3371 Metapontiis
1595 3330 1768 3363 viciniores
1795 3331 1951 3370 Tarento,
1978 3339 1996 3361 a
2024 3329 2188 3372 Sybaritis
