2294 3704
144 199 244 229 vat

146 275 274 312 limine
288 273 409 324 patria
423 271 612 323 privatum
627 282 707 307 csse
729 283 736 305 ε
761 281 838 304 non
857 267 1055 304 laudamus
1069 278 1158 304 sane

146 333 341 378 Photium,
367 331 434 381 qui
458 331 619 366 alterum
642 340 712 364 nos
735 326 849 370 celet,
877 325 943 362 sed
973 324 1156 361 rationem

146 399 270 427 tamen
298 388 570 439 perspicimus,
603 398 672 422 cur
693 396 834 421 annum
858 382 1004 420 reditus
1028 383 1157 433 potius

145 461 259 499 quam
280 447 444 484 natalem
466 442 832 482 commemoraverit.
852 441 1060 479 Multorum
1074 454 1157 477 nar-

142 515 276 544 rantur
299 505 411 542 cxilia
441 503 521 540 sine
542 501 730 551 ejusmodi
767 500 887 538 aetatis
918 500 1115 537 notatione
1146 513 1155 536 :

141 565 236 602 illud
256 576 348 600 vero
373 575 449 599 non
472 559 778 611 praetereundum
797 567 898 606 erat,
919 571 1025 605 eum,
1045 557 1111 607 qui
1133 570 1155 594 a

140 623 265 673 prima
296 620 454 658 infantia
488 618 612 668 patria
644 617 844 663 caruisset,
864 615 1154 667 quadragesimo

141 681 278 730 quinto
301 679 452 716 demum
477 689 578 714 anno
605 676 644 712 in
664 675 804 712 civium
832 675 922 725 jura
948 674 1116 712 rediisse.
1140 690 1155 707 ι»

140 738 320 788 Speciose
338 737 416 774 haec
433 735 533 772 dicta
549 742 652 779 sunt,
668 734 732 772 sed
747 734 948 784 quominus
964 746 1036 783 pro
1054 732 1155 769 veris

140 796 367 840 habeamus,
388 795 516 845 plures
541 792 756 843 impediunt
778 791 1042 836 difficultates;
1070 804 1155 840 quae

139 853 294 904 quidem
319 852 574 891 Wichersium
606 858 826 898 moverunt,
856 858 899 887 ut
925 862 1002 886 non
1032 849 1155 886 solum

138 912 281 949 hancce
301 910 465 961 Pflugkii
479 910 701 947 sententiam
721 916 937 959 respueret,
959 907 1023 945 sed
1041 908 1155 945 etiam

137 969 266 1006 Photii
296 969 423 1006 locum
450 975 676 1018 corruptum
699 974 871 1016 putaret,
898 974 936 1003 et
959 966 999 1002 in
1028 965 1155 1003 Suidae

137 1028 356 1066 testimonio
375 1027 503 1064 mallet
517 1026 766 1076 acquiescere.
783 1024 918 1063 Obstat
933 1024 1034 1062 enim
1052 1022 1155 1074 quod

136 1086 363 1124 Plutarchus
390 1086 429 1122 in
452 1085 540 1122 Vita
555 1084 731 1121 Isocratis
762 1084 867 1135 (Vitt.
885 1082 1016 1120 decem
1039 1089 1152 1118 oratt.

138 1158 176 1194 p.
199 1145 290 1192 837,
307 1142 362 1194 C.)
389 1151 427 1180 et
458 1143 617 1180 Photius
637 1141 736 1193 (cod.
765 1143 896 1193 260‚p.
912 1140 1002 1191 793)
1028 1140 1155 1178 Theo-

135 1215 320 1252 pompum
356 1201 397 1238 in
430 1200 582 1238 dicendi
605 1209 686 1237 arte
716 1200 933 1238 institutum
966 1200 1074 1236 aiunt
1105 1198 1154 1236 ab

135 1264 324 1306 Isocrate,
345 1256 422 1309 quo
444 1267 616 1310 tempore
636 1259 698 1295 hic
722 1259 762 1295 in
785 1258 880 1296 Chio
898 1259 1020 1295 insula
1039 1258 1153 1294 scho-

137 1319 212 1356 lam
231 1326 447 1368 aperuerat.
471 1318 592 1367 Igitur
611 1316 659 1353 ad
675 1316 885 1366 juvenilem
906 1316 1039 1352 saltem
1058 1323 1153 1352 aeta-

137 1385 212 1414 tem
246 1377 521 1426 Theopompus
556 1368 777 1426 pervenisse
806 1373 920 1411 debet
950 1381 1154 1423 antequam

135 1435 299 1485 patriam
323 1434 568 1484 relinqueret.
594 1436 735 1471 Contra
757 1431 948 1483 Pssugkius
981 1445 1054 1482 pro
1075 1431 1154 1468 suis

135 1493 288 1531 calculis
310 1505 356 1529 eo
376 1505 415 1529 se
435 1492 628 1529 redactum
645 1491 763 1539 vidit,
785 1499 829 1528 ut
845 1498 1019 1527 auctores
1036 1490 1153 1527 modo

134 1551 353 1588 nominatos
379 1550 567 1587 mendacii
586 1558 650 1587 aut
673 1550 812 1586 erroris
843 1557 1017 1598 argueret
1040 1557 1154 1598 atque

136 1609 292 1646 Athenis
312 1616 493 1646 statueret
523 1608 812 1658 Theopompum
835 1607 1011 1644 Isocratis
1034 1608 1154 1657 magi-

135 1667 253 1704 sterio
276 1680 383 1704 usum
405 1679 497 1704 esse.
526 1670 669 1704 Verum
699 1679 791 1703 num
819 1665 871 1714 is,
897 1666 964 1715 qui
994 1674 1155 1715 propter

135 1724 301 1762 studium
322 1739 431 1762 suum
454 1724 831 1762 Lacedaemoniorum
861 1723 1153 1760 Atheniensibus

134 1783 418 1833 quodammodo
449 1782 671 1820 auctoribus
695 1782 849 1819 civitate
878 1789 958 1819 erat
989 1781 1152 1831 ejectus,

135 1842 301 1880 Athenas
314 1855 354 1878 se
373 1841 575 1878 contulisse
595 1840 787 1891 putandus
801 1839 897 1876 erit?
914 1839 1027 1886 Quod
1051 1847 1153 1876 certe

135 1898 205 1937 ἀπὸ
217 1903 275 1937 τοῦ
288 1901 431 1937 πιθανοῦ
448 1912 584 1950 parum
599 1912 638 1936 se
656 1897 908 1936 commendat.
931 1900 1060 1944 Quare
1074 1900 1154 1934 Da-

136 1959 394 1995 masistratum
414 1958 533 1994 serius
554 1970 667 2007 quam
687 1956 767 1993 vult
788 1954 983 2005 Pflugkius
1007 1955 1047 1992 in
1069 1955 1152 1992 exi-

132 2017 227 2054 lium
249 2017 385 2054 abiisse
417 2029 567 2055 censeo.
588 2019 643 2054 Ac
667 2016 739 2052 nisi
768 2016 897 2052 omnia
916 2028 977 2052 me
999 2014 1152 2060 fallunt,

135 2074 184 2111 de
206 2075 280 2112 illis
294 2074 538 2125 cogitandum
552 2082 608 2111 est
628 2073 882 2123 temporibus,
901 2073 1040 2123 quibus
1054 2072 1152 2110 The-

135 2132 246 2176 bani,
266 2142 307 2170 ut
323 2133 519 2170 Diodorus
548 2133 648 2184 (XV,
671 2132 733 2178 78,
758 2131 831 2182 sq.)
850 2131 925 2177 ait,
957 2131 1153 2181 adimpe-

136 2191 236 2228 rium
258 2191 371 2228 maris
391 2190 662 2241 capessendum
682 2189 730 2226 ab
749 2188 1014 2240 Epaminonda
1033 2188 1154 2225 addu-

136 2250 201 2296 cti,
211 2249 384 2286 Rhodios
395 2257 432 2286 et
443 2249 558 2288 Chios
570 2256 607 2286 et
616 2248 818 2298 Byzantios
829 2247 877 2284 ad
889 2246 1152 2284 subsidiariam

137 2307 196 2344 his
225 2307 384 2357 inceptis
414 2320 570 2358 operam
601 2306 815 2343 navandam
850 2306 1077 2351 invitarunt,
1117 2313 1154 2343 et

136 2365 419 2415 Epaminondas
439 2379 525 2402 cum
545 2378 658 2402 manu
678 2364 725 2402 ad
744 2365 811 2401 has
830 2364 1000 2402 civitates
1019 2364 1153 2401 missus

136 2422 362 2469 Lachetem,
391 2422 679 2460 Atheniensium
706 2422 860 2469 ducem,
889 2422 1007 2459 classe
1030 2422 1154 2459 valida

136 2479 365 2518 instructum
397 2480 743 2530 Thebanorumque
775 2487 932 2517 conatus
966 2479 1152 2529 impedire

133 2538 301 2588 jussum,
323 2540 376 2577 ita
391 2539 620 2590 perterruit,
640 2547 681 2575 ut
699 2539 856 2575 classem
876 2538 1067 2575 abducere
1086 2551 1154 2574 co-

137 2606 302 2646 geretur,
325 2606 362 2634 et
386 2597 499 2634 urbes
517 2597 599 2634 illas
619 2596 811 2635 Thebanis
836 2596 1019 2646 adjunxit.
1042 2595 1154 2634 Unde

139 2663 299 2705 apparet
318 2656 430 2692 fuisse
455 2664 534 2692 tum
563 2656 600 2692 iu
621 2655 716 2694 Chio
744 2655 946 2692 factionem
962 2653 1154 2692 Thebanis

140 2715 325 2751 faventem
337 2744 347 2761 ,
369 2722 406 2752 et
425 2714 473 2752 ab
491 2713 785 2752 Atheniensibus
805 2722 965 2764 propter
984 2726 1154 2751 crescen-

142 2779 216 2809 tem
235 2773 506 2810 Thebanorum
528 2781 754 2824 potestatem
774 2772 1068 2810 Lacedaemoniis
1085 2772 1154 2808 ad—

141 2829 251 2866 dictis
285 2830 545 2869 abalienatam.
582 2832 654 2868 lllo
689 2832 806 2881 igitur
844 2839 1039 2880 tempore,
1075 2843 1152 2880 quo

142 2887 227 2923 Chii
243 2897 378 2936 sponte
388 2918 399 2939 ,
418 2898 458 2926 ut
470 2890 632 2936 videtur,
647 2889 695 2926 ad
708 2888 909 2926 Thebanos
923 2888 1153 2935 defecerant,

142 2957 218 2992 quo
243 2948 525 2994 Epaminondas
553 2951 696 2998 Sparta:
729 2947 940 2984 exercitum
970 2946 1152 2993 admovit,

143 3003 395 3052 proeliumque
442 3006 489 3042 ad
533 3007 766 3043 Mantineam
816 3012 1047 3056 pugnatum,
1077 3018 1154 3054 quo

143 3060 279 3097 deinde
300 3074 373 3110 pax
388 3063 485 3099 inter
503 3067 655 3102 Graecos
673 3065 872 3110 convenit,
892 3062 1000 3112 cujus
1020 3063 1155 3099 condi-

143 3117 311 3154 tionibus
330 3119 399 3155 soli
412 3122 685 3159 Lacedaemonii
697 3121 935 3160 subscribere
952 3120 1156 3158 noluerunt

146 3174 215 3224 (Ol.
243 3181 327 3220 104,
352 3181 395 3220 43
427 3177 586 3216 Diodor.
618 3183 703 3227 XV,
733 3180 800 3229 893
821 3178 955 3228 Polyb.
989 3181 1053 3224 IV,
1087 3178 1154 3220 33;

143 3233 335 3269 Plutarch.
366 3239 473 3283 Agcs.
508 3235 573 3286 35)
606 3250 613 3271 :
643 3239 787 3287 optime
818 3238 896 3274 fieri
936 3236 1082 3286 potuit,
1115 3243 1156 3272 ut

145 3291 415 3327 Damasistratu
422 3305 457 3327 m
469 3292 841 3332 Laccdaemoniorum
856 3294 981 3331 studio
993 3293 1154 3343 patriam

147 3347 361 3386 turbantem
387 3350 500 3386 exilio
524 3351 762 3400 plectendum
786 3353 1054 3389 existimarent.
1077 3355 1155 3388 Ita-

987 181 1048 219 ΟΕ
1076 177 1400 219 ΤΗΕΟΡΟΜΡΟ.

1217 278 1292 315 que
1314 266 1361 303 ad
1381 266 1607 317 vigesimum
1620 265 1698 303 fere
1712 264 1830 302 aetatis
1851 276 1993 301 annum
2011 263 2230 313 Theopom-

1217 336 1292 372 pus
1323 324 1365 361 in
1395 325 1519 375 patria
1554 324 1678 374 degit,
1709 337 1778 361 nec
1812 323 2020 373 quidquam
2051 321 2232 371 impedit,

1217 382 1309 431 quin
1325 381 1380 419 ibi
1402 383 1578 420 Isocratis
1595 383 1794 432 praeceptis
1813 382 1980 419 imbutus
1999 381 2059 417 sit.

1270 443 1365 487 Quae
1387 454 1477 478 vero
1496 441 1727 479 Wichersius
1756 449 1890 478 contra
1915 439 2042 477 Photii
2065 438 2232 477 calculos

1217 499 1378 547 protulit
1397 498 1476 536 haec
1495 507 1583 536 sunt
1603 513 1612 535 :
1633 499 1799 536 Primum
1820 499 1921 535 enim
1947 497 2108 534 offendit
2122 509 2232 541 eum,

1216 556 1320 605 quod
1342 557 1411 593 hac
1442 557 1590 594 ratione
1626 557 1902 607 Theopompus
1931 556 2127 606 sexaginta
2155 555 2234 592 fere

1215 615 1324 651 annis
1348 615 1480 664 junior
1498 618 1664 653 Isocrate
1681 616 1821 653 fuisset.
1842 633 1858 649 «
1871 619 2035 664 Vereor,
2057 615 2127 661 ait,
2143 622 2187 652 ut
2201 614 2233 651 si

1218 680 1366 709 tantum
1396 673 1517 710 aetatis
1538 674 1702 723 spatium
1731 674 1830 711 inter
1861 687 1925 711 eos
1955 671 2232 718 intercesserit,

1214 731 1260 768 de
1274 744 1313 768 se
1326 731 1409 781 ipse
1420 731 1587 768 scribere
1600 732 1783 781 potuisset
1797 731 2092 782 Theopompus,
2104 742 2235 780 quem-

1215 788 1417 826 admodum
1442 802 1527 827 eum
1556 789 1751 839 scripsisse
1769 797 1927 826 testatur
1942 789 2124 838 Photius,
2147 801 2233 825 συν-

1215 846 1372 897 ακμάσαι
1384 846 1505 885 ἑαυτὸν
1518 846 1707 899 Ἰσοκράτει
1719 849 1768 899 τῷ
1782 846 1964 900 Ἀθηναίῳ.
1977 846 2125 884 Dubito
2139 859 2231 884 num

1215 913 1390 942 accurate
1421 906 1504 955 quis
1541 905 1702 950 dixerit,
1730 918 1769 942 se
1802 904 1902 954 ejus,
1934 917 2012 954 quo
2038 904 2232 954 sexaginta

1213 965 1319 1001 annis
1329 963 1461 1014 junior
1482 964 1551 1011 sit,
1567 963 1749 1013 aequalem
1768 976 1860 1000 esse.
1881 980 1898 995 ι»
1915 965 2013 1000 Sane
2029 963 2061 1000 si
2078 962 2126 999 ad
2142 969 2233 999 aeta·

1215 1033 1293 1062 tum
1308 1037 1426 1061 annos
1440 1024 1685 1074 respexisset,
1699 1035 1747 1059 ne
1762 1029 1841 1058 tum
1857 1021 2011 1072 quidem
2021 1051 2032 1069 ,
2051 1021 2083 1059 si
2095 1021 2232 1070 Olym-

1214 1082 1325 1133 piade
1348 1084 1412 1131 93,
1436 1089 1478 1118 ut
1507 1081 1745 1120 Wichersius
1766 1081 1868 1128 vult,
1892 1088 2004 1117 natus
2023 1087 2139 1127 esset,
2165 1092 2233 1116 ac-

1213 1150 1341 1179 curate
1364 1154 1404 1179 se
1431 1141 1590 1178 dixisset
1619 1140 1788 1199 magistri
1815 1140 2017 1190 aequalem3
2041 1152 2175 1176 verum
2201 1138 2232 1175 si

1213 1208 1365 1250 reputes
1398 1199 1725 1249 praestantissimas
1758 1199 1936 1235 Isocratis
1969 1197 2161 1234 orationes
2191 1195 2232 1232 in

1213 1273 1358 1297 summa
1370 1259 1523 1296 demum
1539 1267 1732 1297 senectute
1746 1259 1980 1309 conscriptas
1999 1271 2097 1303 esse,
2117 1264 2232 1307 atque

1212 1317 1509 1368 Theopompum
1525 1330 1612 1354 cum
1630 1320 1715 1368 ipso
1735 1318 1774 1354 in
1790 1317 1996 1354 certamine
2014 1314 2168 1366 publico
2184 1314 2232 1352 de

1214 1375 1443 1425 eloquentiae
1485 1375 1644 1425 praemio
1687 1374 1945 1421 contendisse,
1975 1373 2232 1424 jactabundus

1213 1433 1485 1484 Theopompus
1509 1432 1635 1470 dicere
1654 1433 1781 1483 potuit
1800 1446 1840 1470 se
1857 1432 1990 1470 eodem
2007 1445 2085 1482 quo
2110 1432 2232 1481 magi-

1213 1499 1332 1529 strum
1358 1499 1532 1542 tempore
1551 1490 1744 1538 floruisse,
1767 1491 1793 1530 i.
1814 1505 1869 1542 e.,
1886 1499 1930 1528 ut
1957 1492 2040 1542 ipse
2059 1491 2133 1534 ait,
2156 1489 2231 1540 ἅμα

1213 1551 1307 1602 αὐτῷ
1322 1547 1366 1586 τὰ
1380 1554 1535 1602 πρωτεῖα
1552 1552 1613 1595 τῆς
1630 1551 1664 1587 ἐν
1693 1549 1805 1601 λόγοις
1826 1548 1981 1592 παιδείας
2000 1547 2092 1600 ἔχειν
2109 1549 2143 1587 ἐν
2159 1553 2230 1592 τοῖς

1210 1606 1385 1654 ἽΞλλησιν
1421 1611 1472 1653 (v.
1517 1609 1563 1646 fr.
1591 1608 1763 1658 26)..-«
1789 1607 1962 1650 Deinde.
1995 1607 2231 1646 Wichersius

1212 1667 1356 1717 pergit,
1371 1666 1402 1704 si
1416 1666 1686 1717 Theopompus
1703 1666 1854 1717 Olymp.
1876 1680 1945 1702 100
1958 1674 2069 1703 natus
2086 1666 2230 1711 fuisset,

1269 1724 1316 1761 de
1339 1737 1384 1761 eo
1404 1732 1505 1761 certe
1526 1732 1697 1774 tempore
1717 1737 1852 1774 parum
1871 1725 1991 1761 valuit
2011 1723 2230 1761 observatio

1213 1782 1451 1833 Theopompi
1473 1782 1518 1819 de
1541 1785 1707 1820 Isocrate
1734 1782 1837 1833 apud
1860 1783 2059 1829 Photium,
2081 1796 2167 1820 eum
2185 1782 2229 1819 δι’

1211 1839 1356 1893 ἀπορίαν
1376 1843 1435 1877 τοῦ
1460 1839 1534 1891 βίου
1555 1841 1744 1877 orationes
1770 1841 1984 1890 scripsisse3
2005 1853 2092 1877 nam
2116 1839 2230 1877 fuerit

1212 1902 1398 1936 Isocrates
1416 1907 1526 1936 antea
1545 1911 1677 1949 parum
1704 1899 1894 1948 locuples,
1915 1898 2008 1948 quin
2033 1898 2146 1934 etiam
2165 1897 2229 1934 in-

1211 1956 1363 2006 digens,
1384 1957 1507 1994 elucet
1535 1964 1662 1993 tamen
1681 1969 1701 1993 e
1716 1955 2116 2002 Pseudo-Plutarcho,
2143 1958 2229 1992 Iso-

1210 2023 1350 2052 cratem
1384 2023 1506 2053 tantas
1535 2015 1685 2052 divitias
1715 2015 1931 2064 collegisse,
1959 2022 2119 2064 quantas
2151 2013 2229 2051 fere

1210 2074 1398 2112 neminem
1409 2089 1419 2120 3
1432 2073 1530 2111 unde
1540 2073 1712 2123 sequitur
1725 2073 1969 2123 Theopompi
1983 2081 2111 2122 aetate,
2125 2072 2230 2110 dum·

1210 2131 1324 2169 modo
1343 2133 1405 2170 Ol.
1438 2145 1510 2169 100
1535 2140 1645 2169 natus
1667 2131 1735 2177 sit,
1766 2144 1844 2168 non
1872 2144 2045 2181 magnam
2062 2130 2189 2169 fuisse.
2211 2148 2228 2165 n

1211 2190 1325 2238 Quod
1341 2190 1429 2228 inde
1442 2190 1549 2240 sequi
1570 2189 1746 2240 equidem
1770 2202 1882 2240 nego.
1903 2191 1998 2226 Eum
2018 2202 2227 2240 pauperem

1213 2249 1346 2296 fuisse,
1376 2262 1455 2299 quo
1486 2256 1660 2299 tempore
1699 2248 1977 2298 Theopompus
2006 2261 2046 2284 se
2076 2248 2116 2285 in
2145 2248 2227 2298 ejus

1210 2306 1449 2356 disciplinam
1464 2306 1591 2354 dedit,
1611 2306 1773 2356 quisque
1788 2305 1982 2355 largietur,
2003 2318 2120 2354 quum
2135 2318 2227 2355 pro-

1211 2372 1341 2414 pterea
1358 2364 1539 2411 maxime,
1559 2372 1602 2401 ut
1625 2377 1703 2402 rem
1727 2364 1951 2401 familiarem
1975 2362 2046 2400 sub
2072 2363 2226 2413 triginta

1212 2423 1401 2471 tyrannis,
1434 2430 1476 2459 ut
1508 2422 1672 2466 videtur,
1702 2421 1889 2472 perditam
1923 2420 2156 2467 restitueret,
2186 2421 2226 2457 in

1212 2480 1308 2518 Chio
1329 2481 1494 2518 scholam
1526 2480 1720 2530 aperuisse
1745 2487 1912 2529 putetur.
1932 2481 2100 2528 Tempus
2132 2491 2225 2515 vero

1211 2539 1322 2589 hujus
1342 2540 1396 2577 rei
1416 2539 1520 2576 nullo
1545 2538 1763 2576 testimonio
1783 2544 1950 2586 constat,
1974 2537 2025 2573 ita
2047 2545 2088 2573 ut
2111 2549 2159 2573 ex
2180 2537 2226 2574 iis

1212 2597 1470 2646 potissimum,
1492 2609 1576 2646 quae
1595 2596 1642 2633 de
1657 2595 1799 2646 Ephori
1824 2603 1861 2631 et
1882 2594 2122 2644 Theopompi
2147 2594 2226 2632 vita

1211 2655 1362 2692 aliunde
1384 2662 1578 2704 comperta
1608 2653 1810 2700 habemus,
1832 2653 1880 2689 sit
1901 2651 2223 2689 constituendum.

1211 2717 1294 2751 Jam
1314 2713 1344 2750 si
1363 2713 1633 2762 Theopompus
1655 2712 1715 2750 ΟΙ.
1741 2717 1813 2755 104
1828 2711 1867 2747 in
1887 2710 1967 2760 ejus
1987 2710 2224 2760 disciplinam

1210 2771 1336 2819 venit,
1357 2783 1478 2820 usque
1513 2770 1559 2807 ad
1581 2770 1641 2808 Ol.
1669 2782 1753 2815 110,
1777 2770 1798 2805 3
1821 2769 1910 2805 satis
1933 2780 2109 2817 magnum
2134 2780 2224 2817 spa-

1212 2830 1306 2867 tium
1325 2829 1499 2866 relictum
1517 2835 1591 2873 est,
1609 2840 1686 2877 quo
1700 2839 1854 2877 magnas
1872 2830 2057 2864 Isocrates
2072 2825 2224 2863 divitias

1211 2900 1416 2938 congerere
1438 2887 1615 2937 potuerit.

1267 2948 1464 2992 Quantum
1485 2945 1759 2994 Theopompus
1780 2943 1958 2980 Isocratis
1986 2942 2223 2979 institutione

1211 3004 1435 3054 profecerit,
1461 3017 1507 3041 ex
1532 3016 1578 3040 eo
1600 3003 1802 3052 colligitur,
1824 3001 1928 3051 quod
1953 3002 2022 3038 etsi
2047 3000 2156 3037 multi
2175 3013 2223 3038 ex

1211 3062 1285 3098 hoc
1304 3061 1396 3098 ludo
1415 3075 1458 3098 ac
1481 3061 1604 3110 magni
1626 3060 1697 3097 viri
1718 3060 1877 3109 profecti
1895 3067 2002 3104 sunt,
2022 3058 2084 3094 ille
2099 3065 2223 3095 tamen

1212 3117 1479 3172 ἐπιφανέστατος
1509 3117 1647 3155 πάντων
1677 3117 1892 3154 nominatur
1919 3124 1957 3152 et
1989 3113 2122 3157 οὐδενὸς
2153 3116 2221 3152 τῶν

1213 3176 1458 3230 Ἶσοκρατικῶν
1488 3177 1535 3219 εἷς
1564 3178 1640 3218 τοὺς
1675 3174 1795 3224 λόγους
1817 3172 2015 3225 ἀτιμότερος
2042 3173 2220 3222 (Dionys.

1213 3238 1261 3272 H.
1283 3238 1354 3284 Ep.
1375 3235 1422 3272 ad
1444 3238 1509 3272 Cn.
1527 3237 1658 3283 Pomp.
1677 3247 1714 3283 p.
1739 3234 1822 3278 131,
1837 3232 1947 3268 Phot.
1970 3244 2006 3281 p.
2025 3230 2126 3280 206).
2145 3233 2222 3267 Vo-

1213 3295 1281 3331 luit
1307 3295 1386 3331 sine
1407 3293 1525 3330 dubio
1546 3292 1688 3343 publici
1715 3289 1906 3340 quondam
1925 3290 1965 3326 in
1992 3289 2075 3326 foro
2095 3288 2219 3326 causi-

1213 3353 1287 3390 dici
1305 3365 1459 3389 munere
1476 3351 1597 3401 fungi,
1614 3363 1745 3387 verum
1761 3361 1877 3398 quum
1892 3351 2077 3385 Isocrates
2090 3360 2167 3383 non
2182 3346 2220 3383 id
