<?xml version="1.0" encoding="UTF-8"?>
<!DOCTYPE html PUBLIC "-//W3C//DTD XHTML 1.0 Transitional//EN"
    "http://www.w3.org/TR/xhtml1/DTD/xhtml1-transitional.dtd">
<html xmlns="http://www.w3.org/1999/xhtml" xml:lang="en" lang="en">
 <head>
  <title>
</title>
<meta http-equiv="Content-Type" content="text/html;charset=utf-8" />
  <meta name='ocr-system' content='tesseract 3.04.00' />
  <meta name='ocr-capabilities' content='ocr_page ocr_carea ocr_par ocr_line ocrx_word'/>
</head>
<body>
  <div class='ocr_page' id='page_1' title='image "./fragmentahistori01mueluoft_0660.png"; bbox 0 0 2320 3684; ppageno 0'>
   <div class='ocr_carea' id='block_1_1' title="bbox 114 145 2216 478">
    <p class='ocr_par' dir='ltr' id='par_1_1' title="bbox 114 145 2216 478">
     <span class='ocr_line' id='line_1_1' title="bbox 114 145 2216 478; baseline 0 3206"><span class='ocrx_word' id='word_1_1' title='bbox 114 145 2216 478; x_wconf 95' lang='lat' dir='ltr'> </span> 
     </span>
    </p>
   </div>
   <div class='ocr_carea' id='block_1_2' title="bbox 542 709 711 743">
    <p class='ocr_par' dir='ltr' id='par_1_2' title="bbox 542 709 711 743">
     <span class='ocr_line' id='line_1_2' title="bbox 542 709 711 743; baseline -0.006 0"><span class='ocrx_word' id='word_1_2' title='bbox 542 709 605 743; x_wconf 90' lang='lat' dir='ltr'>Vs.</span> <span class='ocrx_word' id='word_1_3' title='bbox 631 717 711 743; x_wconf 84' lang='lat'>1-2.</span> 
     </span>
    </p>
   </div>
   <div class='ocr_carea' id='block_1_3' title="bbox 120 768 1174 3426">
    <p class='ocr_par' dir='ltr' id='par_1_3' title="bbox 120 768 1162 2123">
     <span class='ocr_line' id='line_1_3' title="bbox 171 768 1139 822; baseline -0.017 -2"><span class='ocrx_word' id='word_1_4' title='bbox 171 782 297 821; x_wconf 84' lang='lat' dir='ltr'>Prima</span> <span class='ocrx_word' id='word_1_5' title='bbox 315 777 416 816; x_wconf 89' lang='lat' dir='ltr'>tituli</span> <span class='ocrx_word' id='word_1_6' title='bbox 433 774 551 814; x_wconf 88' lang='lat' dir='ltr'>verba</span> <span class='ocrx_word' id='word_1_7' title='bbox 570 787 618 812; x_wconf 84' lang='lat' dir='ltr'>ex</span> <span class='ocrx_word' id='word_1_8' title='bbox 637 785 744 811; x_wconf 92' lang='lat' dir='ltr'>more</span> <span class='ocrx_word' id='word_1_9' title='bbox 767 769 1006 822; x_wconf 84' lang='lat' dir='ltr'>antiquitatis</span> <span class='ocrx_word' id='word_1_10' title='bbox 1025 768 1139 807; x_wconf 85' lang='lat' dir='ltr'>exhi-</span> 
     </span>
     <span class='ocr_line' id='line_1_4' title="bbox 121 827 1138 881; baseline -0.017 0"><span class='ocrx_word' id='word_1_11' title='bbox 121 842 249 881; x_wconf 87' lang='lat' dir='ltr'>buisse</span> <span class='ocrx_word' id='word_1_12' title='bbox 280 838 463 877; x_wconf 89' lang='lat' dir='ltr'>videntur</span> <span class='ocrx_word' id='word_1_13' title='bbox 487 847 628 872; x_wconf 91' lang='lat' dir='ltr'>nomen</span> <span class='ocrx_word' id='word_1_14' title='bbox 657 831 842 877; x_wconf 78' lang='lat' dir='ltr'>auctori53</span> <span class='ocrx_word' id='word_1_15' title='bbox 874 828 977 880; x_wconf 92' lang='lat' dir='ltr'>quod</span> <span class='ocrx_word' id='word_1_16' title='bbox 1007 827 1138 878; x_wconf 89' lang='lat' dir='ltr'>conje-</span> 
     </span>
     <span class='ocr_line' id='line_1_5' title="bbox 121 887 1140 948; baseline -0.016 -9"><span class='ocrx_word' id='word_1_17' title='bbox 121 899 261 939; x_wconf 86' lang='lat' dir='ltr'>ctando</span> <span class='ocrx_word' id='word_1_18' title='bbox 281 896 460 948; x_wconf 88' lang='lat' dir='ltr'>supplere</span> <span class='ocrx_word' id='word_1_19' title='bbox 482 905 596 931; x_wconf 90' lang='lat' dir='ltr'>nemo</span> <span class='ocrx_word' id='word_1_20' title='bbox 618 890 780 929; x_wconf 87' lang='lat' dir='ltr'>tentavit</span> <span class='ocrx_word' id='word_1_21' title='bbox 799 896 934 940; x_wconf 90' lang='lat' dir='ltr'>praeter</span> <span class='ocrx_word' id='word_1_22' title='bbox 953 887 1140 925; x_wconf 86' lang='lat' dir='ltr'>editorem</span> 
     </span>
     <span class='ocr_line' id='line_1_6' title="bbox 120 949 1143 1004; baseline -0.016 -6"><span class='ocrx_word' id='word_1_23' title='bbox 120 958 289 998; x_wconf 81' lang='lat' dir='ltr'>Danielis</span> <span class='ocrx_word' id='word_1_24' title='bbox 311 957 473 1004; x_wconf 82' lang='lat' dir='ltr'><em>(Daniel</em></span> <span class='ocrx_word' id='word_1_25' title='bbox 499 953 695 989; x_wconf 78' lang='lat' dir='ltr'>secundum</span> <span class='ocrx_word' id='word_1_26' title='bbox 718 951 848 993; x_wconf 85' lang='lat' dir='ltr'>LXX,</span> <span class='ocrx_word' id='word_1_27' title='bbox 880 961 929 984; x_wconf 78' lang='lat' dir='ltr'>ex</span> <span class='ocrx_word' id='word_1_28' title='bbox 963 949 1143 995; x_wconf 81' lang='lat' dir='ltr'>Tetraplis</span> 
     </span>
     <span class='ocr_line' id='line_1_7' title="bbox 127 1007 1144 1067; baseline -0.015 -12"><span class='ocrx_word' id='word_1_29' title='bbox 127 1019 296 1067; x_wconf 80' lang='lat' dir='ltr'>Origenis</span> <span class='ocrx_word' id='word_1_30' title='bbox 313 1027 410 1050; x_wconf 83' lang='lat' dir='ltr'>mmc</span> <span class='ocrx_word' id='word_1_31' title='bbox 424 1016 585 1062; x_wconf 81' lang='lat' dir='ltr'>primum</span> <span class='ocrx_word' id='word_1_32' title='bbox 604 1011 719 1046; x_wconf 80' lang='lat' dir='ltr'>editus</span> <span class='ocrx_word' id='word_1_33' title='bbox 736 1022 757 1044; x_wconf 83' lang='lat' dir='ltr'>e</span> <span class='ocrx_word' id='word_1_34' title='bbox 772 1009 953 1057; x_wconf 79' lang='lat' dir='ltr'>singulari</span> <span class='ocrx_word' id='word_1_35' title='bbox 973 1007 1144 1042; x_wconf 73' lang='lat' dir='ltr'>Clzisiano</span> 
     </span>
     <span class='ocr_line' id='line_1_8' title="bbox 121 1064 1141 1122; baseline -0.014 -9"><span class='ocrx_word' id='word_1_36' title='bbox 121 1078 258 1122; x_wconf 82' lang='lat' dir='ltr'>codice,</span> <span class='ocrx_word' id='word_1_37' title='bbox 278 1085 457 1110; x_wconf 83' lang='lat' dir='ltr'>annorum</span> <span class='ocrx_word' id='word_1_38' title='bbox 474 1083 586 1119; x_wconf 80' lang='lat' dir='ltr'>supra</span> <span class='ocrx_word' id='word_1_39' title='bbox 603 1067 750 1105; x_wconf 90' lang='lat' dir='ltr'><strong><em>DCCC.</em></strong></span> <span class='ocrx_word' id='word_1_40' title='bbox 772 1067 900 1102; x_wconf 84' lang='lat' dir='ltr'>Romoe</span> <span class='ocrx_word' id='word_1_41' title='bbox 922 1064 1141 1113; x_wconf 77' lang='lat' dir='ltr'>1772&#39;fol.)‚</span> 
     </span>
     <span class='ocr_line' id='line_1_9' title="bbox 123 1123 1148 1186; baseline -0.015 -14"><span class='ocrx_word' id='word_1_42' title='bbox 123 1135 190 1186; x_wconf 89' lang='lat' dir='ltr'>qui</span> <span class='ocrx_word' id='word_1_43' title='bbox 204 1145 354 1171; x_wconf 87' lang='lat' dir='ltr'>versum</span> <span class='ocrx_word' id='word_1_44' title='bbox 375 1129 526 1168; x_wconf 90' lang='lat' dir='ltr'>restitui</span> <span class='ocrx_word' id='word_1_45' title='bbox 539 1126 661 1164; x_wconf 87' lang='lat' dir='ltr'>voluit</span> <span class='ocrx_word' id='word_1_46' title='bbox 678 1125 782 1162; x_wconf 91' lang='lat' dir='ltr'>hunc</span> <span class='ocrx_word' id='word_1_47' title='bbox 805 1124 845 1160; x_wconf 89' lang='lat' dir='ltr'>in</span> <span class='ocrx_word' id='word_1_48' title='bbox 868 1123 1025 1160; x_wconf 88' lang='lat' dir='ltr'>modum</span> <span class='ocrx_word' id='word_1_49' title='bbox 1047 1137 1055 1159; x_wconf 90' lang='lat'><strong>:</strong></span> <span class='ocrx_word' id='word_1_50' title='bbox 1076 1124 1148 1168; x_wconf 92' lang='grc' dir='ltr'>Δη-</span> 
     </span>
     <span class='ocr_line' id='line_1_10' title="bbox 125 1179 1146 1244; baseline -0.014 -14"><span class='ocrx_word' id='word_1_51' title='bbox 125 1192 267 1244; x_wconf 85' lang='grc' dir='ltr'>μήτριος</span> <span class='ocrx_word' id='word_1_52' title='bbox 285 1193 303 1228; x_wconf 88' lang='grc' dir='ltr'>ὃ</span> <span class='ocrx_word' id='word_1_53' title='bbox 318 1185 570 1239; x_wconf 83' lang='grc' dir='ltr'>Φανοστράτου</span> <span class='ocrx_word' id='word_1_54' title='bbox 587 1182 774 1237; x_wconf 73' lang='grc' dir='ltr'>Φαληρεὺς</span> <span class='ocrx_word' id='word_1_55' title='bbox 793 1183 831 1221; x_wconf 81' lang='grc' dir='ltr'>ἐκ</span> <span class='ocrx_word' id='word_1_56' title='bbox 846 1184 913 1219; x_wconf 82' lang='grc' dir='ltr'>τῶν</span> <span class='ocrx_word' id='word_1_57' title='bbox 935 1179 1146 1230; x_wconf 85' lang='grc' dir='ltr'>συμπάντων</span> 
     </span>
     <span class='ocr_line' id='line_1_11' title="bbox 123 1238 1146 1301; baseline -0.014 -13"><span class='ocrx_word' id='word_1_58' title='bbox 123 1248 351 1301; x_wconf 76' lang='grc' dir='ltr'>ὑπαρχόντων</span> <span class='ocrx_word' id='word_1_59' title='bbox 377 1244 557 1297; x_wconf 81' lang='grc' dir='ltr'>ἀνέγραψα</span> <span class='ocrx_word' id='word_1_60' title='bbox 582 1241 659 1287; x_wconf 72' lang='grc' dir='ltr'>τοὺς</span> <span class='ocrx_word' id='word_1_61' title='bbox 678 1251 750 1279; x_wconf 87' lang='lat' dir='ltr'>etc.</span> <span class='ocrx_word' id='word_1_62' title='bbox 783 1240 898 1287; x_wconf 88' lang='lat' dir='ltr'>Quod</span> <span class='ocrx_word' id='word_1_63' title='bbox 926 1238 1146 1285; x_wconf 89' lang='lat' dir='ltr'>absurdum,</span> 
     </span>
     <span class='ocr_line' id='line_1_12' title="bbox 127 1297 1148 1359; baseline -0.012 -13"><span class='ocrx_word' id='word_1_64' title='bbox 127 1309 216 1359; x_wconf 89' lang='lat' dir='ltr'>quia</span> <span class='ocrx_word' id='word_1_65' title='bbox 231 1306 445 1345; x_wconf 81' lang='lat' dir='ltr'>Demetrius</span> <span class='ocrx_word' id='word_1_66' title='bbox 458 1303 663 1342; x_wconf 86' lang='lat' dir='ltr'><strong>Phalereus</strong></span> <span class='ocrx_word' id='word_1_67' title='bbox 683 1302 782 1338; x_wconf 84' lang='lat' dir='ltr'>eirca</span> <span class='ocrx_word' id='word_1_68' title='bbox 803 1313 836 1338; x_wconf 87' lang='lat' dir='ltr'>a.</span> <span class='ocrx_word' id='word_1_69' title='bbox 860 1300 933 1336; x_wconf 83' lang='lat'>283</span> <span class='ocrx_word' id='word_1_70' title='bbox 952 1311 986 1335; x_wconf 87' lang='lat' dir='ltr'>a.</span> <span class='ocrx_word' id='word_1_71' title='bbox 1008 1297 1148 1335; x_wconf 85' lang='lat' dir='ltr'>Christ.</span> 
     </span>
     <span class='ocr_line' id='line_1_13' title="bbox 126 1356 1149 1415; baseline -0.013 -10"><span class='ocrx_word' id='word_1_72' title='bbox 126 1367 228 1404; x_wconf 89' lang='lat' dir='ltr'>diem</span> <span class='ocrx_word' id='word_1_73' title='bbox 246 1365 325 1415; x_wconf 85' lang='lat' dir='ltr'>jam</span> <span class='ocrx_word' id='word_1_74' title='bbox 347 1364 495 1402; x_wconf 89' lang='lat' dir='ltr'>obierat</span> <span class='ocrx_word' id='word_1_75' title='bbox 519 1361 571 1412; x_wconf 90' lang='lat' dir='ltr'>(v.</span> <span class='ocrx_word' id='word_1_76' title='bbox 587 1361 743 1398; x_wconf 87' lang='lat' dir='ltr'>Cliuton</span> <span class='ocrx_word' id='word_1_77' title='bbox 763 1362 803 1397; x_wconf 94' lang='lat' dir='ltr'>F.</span> <span class='ocrx_word' id='word_1_78' title='bbox 822 1362 870 1397; x_wconf 87' lang='lat' dir='ltr'>H.</span> <span class='ocrx_word' id='word_1_79' title='bbox 898 1357 947 1395; x_wconf 90' lang='lat' dir='ltr'>ad</span> <span class='ocrx_word' id='word_1_80' title='bbox 963 1369 1024 1394; x_wconf 88' lang='lat' dir='ltr'>an.</span> <span class='ocrx_word' id='word_1_81' title='bbox 1042 1356 1149 1407; x_wconf 80' lang='lat'>283).</span> 
     </span>
     <span class='ocr_line' id='line_1_14' title="bbox 125 1418 1152 1475; baseline -0.012 -12"><span class='ocrx_word' id='word_1_82' title='bbox 125 1423 439 1475; x_wconf 86' lang='lat' dir='ltr'>Baumgartenius</span> <span class='ocrx_word' id='word_1_83' title='bbox 458 1422 644 1472; x_wconf 78' lang='lat' dir='ltr'>(Zusoetze</span> <span class='ocrx_word' id='word_1_84' title='bbox 671 1433 739 1455; x_wconf 81' lang='lat' dir='ltr'>zur</span> <span class='ocrx_word' id='word_1_85' title='bbox 758 1420 1005 1467; x_wconf 83' lang='lat' dir='ltr'>allgemeinen</span> <span class='ocrx_word' id='word_1_86' title='bbox 1028 1418 1152 1455; x_wconf 80' lang='lat' dir='ltr'>W&#39;elt-</span> 
     </span>
     <span class='ocr_line' id='line_1_15' title="bbox 127 1477 1153 1534; baseline -0.009 -13"><span class='ocrx_word' id='word_1_87' title='bbox 127 1483 297 1534; x_wconf 78' lang='lat' dir='ltr'>historie)</span> <span class='ocrx_word' id='word_1_88' title='bbox 312 1481 478 1533; x_wconf 87' lang='lat' dir='ltr'>spatium</span> <span class='ocrx_word' id='word_1_89' title='bbox 492 1480 634 1516; x_wconf 85' lang='lat' dir='ltr'>lacunae</span> <span class='ocrx_word' id='word_1_90' title='bbox 649 1477 849 1528; x_wconf 77' lang='lat' dir='ltr'>explendae</span> <span class='ocrx_word' id='word_1_91' title='bbox 861 1489 998 1527; x_wconf 87' lang='lat' dir='ltr'>parum</span> <span class='ocrx_word' id='word_1_92' title='bbox 1014 1488 1153 1514; x_wconf 86' lang='lat' dir='ltr'>curans</span> 
     </span>
     <span class='ocr_line' id='line_1_16' title="bbox 128 1533 1152 1590; baseline -0.008 -10"><span class='ocrx_word' id='word_1_93' title='bbox 128 1541 375 1580; x_wconf 88' lang='lat' dir='ltr'>scribendum</span> <span class='ocrx_word' id='word_1_94' title='bbox 415 1537 621 1590; x_wconf 81' lang='lat' dir='ltr'><strong>proposuit</strong></span> <span class='ocrx_word' id='word_1_95' title='bbox 654 1551 663 1573; x_wconf 90' lang='lat'>:</span> <span class='ocrx_word' id='word_1_96' title='bbox 707 1534 831 1586; x_wconf 78' lang='grc' dir='ltr'>οὕ[τως</span> <span class='ocrx_word' id='word_1_97' title='bbox 861 1535 945 1585; x_wconf 82' lang='grc' dir='ltr'>τῶ]ν</span> <span class='ocrx_word' id='word_1_98' title='bbox 979 1533 1152 1587; x_wconf 81' lang='grc' dir='ltr'>πάν[τ]ων</span> 
     </span>
     <span class='ocr_line' id='line_1_17' title="bbox 128 1589 1154 1653; baseline -0.009 -14"><span class='ocrx_word' id='word_1_99' title='bbox 128 1599 291 1653; x_wconf 83' lang='grc' dir='ltr'>[χρόν]ων</span> <span class='ocrx_word' id='word_1_100' title='bbox 317 1597 494 1651; x_wconf 81' lang='grc' dir='ltr'>ἀνέγραψα</span> <span class='ocrx_word' id='word_1_101' title='bbox 512 1594 587 1639; x_wconf 73' lang='grc' dir='ltr'>τοὺς</span> <span class='ocrx_word' id='word_1_102' title='bbox 604 1594 645 1634; x_wconf 74' lang='grc' dir='ltr'>ἂν</span> <span class='ocrx_word' id='word_1_103' title='bbox 665 1589 803 1647; x_wconf 65' lang='grc' dir='ltr'>[εὗρον]ι</span> <span class='ocrx_word' id='word_1_104' title='bbox 824 1594 935 1643; x_wconf 88' lang='lat' dir='ltr'>Quod</span> <span class='ocrx_word' id='word_1_105' title='bbox 952 1594 1154 1631; x_wconf 85' lang='lat' dir='ltr'>Boeckhius</span> 
     </span>
     <span class='ocr_line' id='line_1_18' title="bbox 129 1652 1154 1709; baseline -0.008 -12"><span class='ocrx_word' id='word_1_106' title='bbox 129 1659 238 1697; x_wconf 88' lang='lat' dir='ltr'><strong>dedit</strong></span> <span class='ocrx_word' id='word_1_107' title='bbox 259 1657 293 1703; x_wconf 83' lang='grc' dir='ltr'>ἐξ</span> <span class='ocrx_word' id='word_1_108' title='bbox 313 1655 538 1709; x_wconf 83' lang='grc' dir='ltr'>ἀναγραφῶ]ν</span> <span class='ocrx_word' id='word_1_109' title='bbox 562 1653 766 1706; x_wconf 77' lang='grc' dir='ltr'>παν[τοί]ων</span> <span class='ocrx_word' id='word_1_110' title='bbox 792 1652 971 1706; x_wconf 73' lang='grc' dir='ltr'>[περὶτῶν</span> <span class='ocrx_word' id='word_1_111' title='bbox 984 1667 1154 1706; x_wconf 85' lang='grc' dir='ltr'>προγεγε-</span> 
     </span>
     <span class='ocr_line' id='line_1_19' title="bbox 129 1712 1158 1768; baseline -0.007 -12"><span class='ocrx_word' id='word_1_112' title='bbox 129 1716 303 1768; x_wconf 83' lang='grc' dir='ltr'>νημέ]νων</span> <span class='ocrx_word' id='word_1_113' title='bbox 336 1714 627 1754; x_wconf 86' lang='lat' dir='ltr'>commendatur</span> <span class='ocrx_word' id='word_1_114' title='bbox 659 1713 787 1751; x_wconf 84' lang='lat' dir='ltr'>verbis</span> <span class='ocrx_word' id='word_1_115' title='bbox 816 1712 956 1764; x_wconf 83' lang='lat' dir='ltr'>quibus</span> <span class='ocrx_word' id='word_1_116' title='bbox 981 1725 1072 1750; x_wconf 89' lang='lat' dir='ltr'>usus</span> <span class='ocrx_word' id='word_1_117' title='bbox 1101 1719 1158 1749; x_wconf 85' lang='lat' dir='ltr'>est</span> 
     </span>
     <span class='ocr_line' id='line_1_20' title="bbox 129 1769 1156 1824; baseline -0.006 -10"><span class='ocrx_word' id='word_1_118' title='bbox 129 1775 319 1814; x_wconf 84' lang='lat' dir='ltr'>Eusebius</span> <span class='ocrx_word' id='word_1_119' title='bbox 336 1775 376 1812; x_wconf 92' lang='lat' dir='ltr'>in</span> <span class='ocrx_word' id='word_1_120' title='bbox 388 1776 544 1812; x_wconf 88' lang='lat' dir='ltr'>Canone</span> <span class='ocrx_word' id='word_1_121' title='bbox 554 1786 592 1823; x_wconf 91' lang='lat' dir='ltr'>p.</span> <span class='ocrx_word' id='word_1_122' title='bbox 611 1772 658 1819; x_wconf 89' lang='lat'>87</span> <span class='ocrx_word' id='word_1_123' title='bbox 680 1786 688 1808; x_wconf 89' lang='lat'>:</span> <span class='ocrx_word' id='word_1_124' title='bbox 705 1769 840 1824; x_wconf 83' lang='grc' dir='ltr'>χρόνων</span> <span class='ocrx_word' id='word_1_125' title='bbox 857 1769 1056 1824; x_wconf 79' lang='grc' dir='ltr'>ἀναγραφὰς</span> <span class='ocrx_word' id='word_1_126' title='bbox 1070 1785 1156 1808; x_wconf 84' lang='grc' dir='ltr'>συν-</span> 
     </span>
     <span class='ocr_line' id='line_1_21' title="bbox 130 1830 1157 1886; baseline -0.008 -12"><span class='ocrx_word' id='word_1_127' title='bbox 130 1834 300 1886; x_wconf 76' lang='grc' dir='ltr'>ελεξάμην</span> <span class='ocrx_word' id='word_1_128' title='bbox 326 1831 513 1878; x_wconf 83' lang='grc' dir='ltr'>παντοίας,</span> <span class='ocrx_word' id='word_1_129' title='bbox 548 1831 615 1869; x_wconf 88' lang='lat' dir='ltr'>sed</span> <span class='ocrx_word' id='word_1_130' title='bbox 637 1830 789 1868; x_wconf 80' lang='lat' dir='ltr'>excedit</span> <span class='ocrx_word' id='word_1_131' title='bbox 813 1830 979 1882; x_wconf 86' lang='lat' dir='ltr'>spatium</span> <span class='ocrx_word' id='word_1_132' title='bbox 1002 1831 1157 1868; x_wconf 85' lang='lat' dir='ltr'>lacunae.</span> 
     </span>
     <span class='ocr_line' id='line_1_22' title="bbox 132 1887 1162 1943; baseline -0.003 -15"><span class='ocrx_word' id='word_1_133' title='bbox 132 1918 185 1928; x_wconf 93' lang='lat'>....</span> <span class='ocrx_word' id='word_1_134' title='bbox 203 1892 295 1936; x_wconf 79' lang='grc' dir='ltr'>Τοὺς</span> <span class='ocrx_word' id='word_1_135' title='bbox 311 1891 454 1943; x_wconf 84' lang='grc' dir='ltr'>ἄν[ωθεν</span> <span class='ocrx_word' id='word_1_136' title='bbox 468 1887 629 1943; x_wconf 85' lang='grc' dir='ltr'>χρόνους]</span> <span class='ocrx_word' id='word_1_137' title='bbox 642 1887 863 1942; x_wconf 85' lang='grc' dir='ltr'>ἀρξάμ[εν]ος</span> <span class='ocrx_word' id='word_1_138' title='bbox 877 1888 1068 1940; x_wconf 89' lang='lat' dir='ltr'>supplevit</span> <span class='ocrx_word' id='word_1_139' title='bbox 1080 1888 1162 1927; x_wconf 79' lang='lat' dir='ltr'>Sel-</span> 
     </span>
     <span class='ocr_line' id='line_1_23' title="bbox 134 1946 1160 1994; baseline -0.01 -1"><span class='ocrx_word' id='word_1_140' title='bbox 134 1956 269 1994; x_wconf 85' lang='lat' dir='ltr'>denus.</span> <span class='ocrx_word' id='word_1_141' title='bbox 293 1978 343 1986; x_wconf 84' lang='lat'>--</span> <span class='ocrx_word' id='word_1_142' title='bbox 361 1954 513 1989; x_wconf 87' lang='lat' dir='ltr'>Nomen</span> <span class='ocrx_word' id='word_1_143' title='bbox 542 1947 738 1986; x_wconf 89' lang='lat' dir='ltr'>archontis</span> <span class='ocrx_word' id='word_1_144' title='bbox 765 1948 865 1985; x_wconf 83' lang='lat' dir='ltr'>Parii</span> <span class='ocrx_word' id='word_1_145' title='bbox 891 1956 1022 1984; x_wconf 88' lang='lat' dir='ltr'>utrum</span> <span class='ocrx_word' id='word_1_146' title='bbox 1047 1946 1160 1984; x_wconf 86' lang='lat' dir='ltr'>suerit</span> 
     </span>
     <span class='ocr_line' id='line_1_24' title="bbox 134 2004 1161 2059; baseline -0.006 -8"><span class='ocrx_word' id='word_1_147' title='bbox 134 2008 344 2056; x_wconf 83' lang='grc' dir='ltr'>Ἀστυάναξ,</span> <span class='ocrx_word' id='word_1_148' title='bbox 375 2022 423 2047; x_wconf 90' lang='lat' dir='ltr'>an</span> <span class='ocrx_word' id='word_1_149' title='bbox 444 2005 650 2055; x_wconf 84' lang='grc' dir='ltr'>Πολυάναξ,</span> <span class='ocrx_word' id='word_1_150' title='bbox 669 2020 718 2044; x_wconf 90' lang='lat' dir='ltr'>an</span> <span class='ocrx_word' id='word_1_151' title='bbox 735 2004 931 2059; x_wconf 84' lang='grc' dir='ltr'>Εὐρυάναξ,</span> <span class='ocrx_word' id='word_1_152' title='bbox 959 2004 1161 2055; x_wconf 86' lang='lat' dir='ltr'>dijudicari</span> 
     </span>
     <span class='ocr_line' id='line_1_25' title="bbox 136 2070 284 2123; baseline -0.034 -11"><span class='ocrx_word' id='word_1_153' title='bbox 136 2070 284 2123; x_wconf 88' lang='lat' dir='ltr'>nequit.</span> 
     </span>
    </p>

    <p class='ocr_par' dir='ltr' id='par_1_4' title="bbox 462 2124 831 2175">
     <span class='ocr_line' id='line_1_26' title="bbox 462 2124 831 2175; baseline -0.008 -13"><span class='ocrx_word' id='word_1_154' title='bbox 462 2125 600 2175; x_wconf 79' lang='lat' dir='ltr'>Epoclz.</span> <span class='ocrx_word' id='word_1_155' title='bbox 623 2138 655 2161; x_wconf 93' lang='lat'>1.</span> <span class='ocrx_word' id='word_1_156' title='bbox 677 2137 722 2160; x_wconf 78' lang='lat' dir='ltr'>vs.</span> <span class='ocrx_word' id='word_1_157' title='bbox 746 2124 831 2166; x_wconf 77' lang='grc'><strong>3-4.</strong></span> 
     </span>
    </p>

    <p class='ocr_par' dir='ltr' id='par_1_5' title="bbox 139 2199 1174 3426">
     <span class='ocr_line' id='line_1_27' title="bbox 191 2199 1160 2252; baseline -0.006 -10"><span class='ocrx_word' id='word_1_158' title='bbox 191 2209 360 2244; x_wconf 88' lang='lat' dir='ltr'>Actaeum</span> <span class='ocrx_word' id='word_1_159' title='bbox 403 2213 530 2252; x_wconf 84' lang='lat' dir='ltr'>regem</span> <span class='ocrx_word' id='word_1_160' title='bbox 552 2206 739 2237; x_wconf 87' lang='lat' dir='ltr'>memorat</span> <span class='ocrx_word' id='word_1_161' title='bbox 767 2201 928 2237; x_wconf 89' lang='lat' dir='ltr'>Pausan.</span> <span class='ocrx_word' id='word_1_162' title='bbox 967 2201 1007 2246; x_wconf 94' lang='lat' dir='ltr'>I,</span> <span class='ocrx_word' id='word_1_163' title='bbox 1041 2211 1061 2234; x_wconf 85' lang='lat'><strong>2</strong></span> <span class='ocrx_word' id='word_1_164' title='bbox 1075 2229 1084 2246; x_wconf 94' lang='lat'>,</span> <span class='ocrx_word' id='word_1_165' title='bbox 1119 2199 1160 2236; x_wconf 83' lang='lat'>5:</span> 
     </span>
     <span class='ocr_line' id='line_1_28' title="bbox 139 2257 1161 2311; baseline -0.007 -8"><span class='ocrx_word' id='word_1_166' title='bbox 139 2262 293 2304; x_wconf 77' lang='grc' dir='ltr'>Ἀκταῖον</span> <span class='ocrx_word' id='word_1_167' title='bbox 304 2259 461 2311; x_wconf 81' lang='grc' dir='ltr'>λέγουσιν</span> <span class='ocrx_word' id='word_1_168' title='bbox 472 2260 505 2297; x_wconf 77' lang='grc' dir='ltr'>ἐν</span> <span class='ocrx_word' id='word_1_169' title='bbox 516 2260 560 2311; x_wconf 77' lang='grc' dir='ltr'>τῇ</span> <span class='ocrx_word' id='word_1_170' title='bbox 572 2262 628 2296; x_wconf 81' lang='grc' dir='ltr'>νῦν</span> <span class='ocrx_word' id='word_1_171' title='bbox 640 2257 778 2309; x_wconf 78' lang='grc' dir='ltr'>Ἀττικῇ</span> <span class='ocrx_word' id='word_1_172' title='bbox 796 2258 1000 2308; x_wconf 80' lang='grc' dir='ltr'>βασιλεῦσαι</span> <span class='ocrx_word' id='word_1_173' title='bbox 1011 2259 1161 2310; x_wconf 85' lang='grc' dir='ltr'>πρῶτον·</span> 
     </span>
     <span class='ocr_line' id='line_1_29' title="bbox 139 2315 1163 2370; baseline -0.009 -8"><span class='ocrx_word' id='word_1_174' title='bbox 139 2320 370 2362; x_wconf 81' lang='grc' dir='ltr'>ἀποθανόντος</span> <span class='ocrx_word' id='word_1_175' title='bbox 387 2318 423 2356; x_wconf 79' lang='grc' dir='ltr'>δὲ</span> <span class='ocrx_word' id='word_1_176' title='bbox 440 2317 600 2357; x_wconf 83' lang='grc' dir='ltr'>Ἀκταίου</span> <span class='ocrx_word' id='word_1_177' title='bbox 618 2315 762 2370; x_wconf 75' lang='grc' dir='ltr'>Κέκροψ</span> <span class='ocrx_word' id='word_1_178' title='bbox 779 2315 955 2368; x_wconf 79' lang='grc' dir='ltr'>ἐνδέχεται</span> <span class='ocrx_word' id='word_1_179' title='bbox 971 2315 1033 2363; x_wconf 87' lang='grc' dir='ltr'>τὴν</span> <span class='ocrx_word' id='word_1_180' title='bbox 1051 2316 1163 2370; x_wconf 84' lang='grc' dir='ltr'>ἀρχὴν</span> 
     </span>
     <span class='ocr_line' id='line_1_30' title="bbox 142 2376 1162 2434; baseline -0.008 -12"><span class='ocrx_word' id='word_1_181' title='bbox 142 2380 286 2434; x_wconf 79' lang='grc' dir='ltr'>θυγατρὶ</span> <span class='ocrx_word' id='word_1_182' title='bbox 304 2379 470 2418; x_wconf 84' lang='grc' dir='ltr'>συνοικῶν</span> <span class='ocrx_word' id='word_1_183' title='bbox 486 2376 659 2416; x_wconf 81' lang='grc' dir='ltr'>Ἀκταίου.</span> <span class='ocrx_word' id='word_1_184' title='bbox 677 2379 817 2415; x_wconf 79' lang='lat' dir='ltr'><strong>Contra</strong></span> <span class='ocrx_word' id='word_1_185' title='bbox 831 2376 1083 2414; x_wconf 80' lang='lat' dir='ltr'><strong>Philochorus</strong></span> <span class='ocrx_word' id='word_1_186' title='bbox 1101 2390 1162 2427; x_wconf 82' lang='lat' dir='ltr'>ap.</span> 
     </span>
     <span class='ocr_line' id='line_1_31' title="bbox 140 2436 1163 2490; baseline -0.008 -8"><span class='ocrx_word' id='word_1_187' title='bbox 140 2442 279 2482; x_wconf 85' lang='lat' dir='ltr'>Euseb.</span> <span class='ocrx_word' id='word_1_188' title='bbox 299 2445 420 2490; x_wconf 88' lang='lat' dir='ltr'>Praep.</span> <span class='ocrx_word' id='word_1_189' title='bbox 441 2441 585 2487; x_wconf 86' lang='lat' dir='ltr'>Evang.</span> <span class='ocrx_word' id='word_1_190' title='bbox 605 2439 663 2484; x_wconf 87' lang='lat' dir='ltr'>X,</span> <span class='ocrx_word' id='word_1_191' title='bbox 685 2450 744 2482; x_wconf 81' lang='lat' dir='ltr'>io,</span> <span class='ocrx_word' id='word_1_192' title='bbox 766 2450 805 2486; x_wconf 90' lang='lat' dir='ltr'>p.</span> <span class='ocrx_word' id='word_1_193' title='bbox 827 2438 902 2485; x_wconf 89' lang='grc'>489</span> <span class='ocrx_word' id='word_1_194' title='bbox 921 2436 972 2487; x_wconf 87' lang='lat' dir='ltr'>(v.</span> <span class='ocrx_word' id='word_1_195' title='bbox 991 2436 1163 2474; x_wconf 83' lang='lat' dir='ltr'>Philoch.</span> 
     </span>
     <span class='ocr_line' id='line_1_32' title="bbox 142 2493 1165 2548; baseline -0.007 -9"><span class='ocrx_word' id='word_1_196' title='bbox 142 2502 187 2539; x_wconf 85' lang='lat' dir='ltr'>fr.</span> <span class='ocrx_word' id='word_1_197' title='bbox 205 2502 243 2548; x_wconf 87' lang='grc'>8)</span> <span class='ocrx_word' id='word_1_198' title='bbox 265 2499 431 2537; x_wconf 86' lang='lat' dir='ltr'>Atticam</span> <span class='ocrx_word' id='word_1_199' title='bbox 450 2496 540 2533; x_wconf 91' lang='lat' dir='ltr'>inde</span> <span class='ocrx_word' id='word_1_200' title='bbox 556 2494 603 2532; x_wconf 87' lang='lat' dir='ltr'>ab</span> <span class='ocrx_word' id='word_1_201' title='bbox 622 2494 765 2544; x_wconf 87' lang='lat' dir='ltr'>Ogygis</span> <span class='ocrx_word' id='word_1_202' title='bbox 788 2493 1024 2544; x_wconf 85' lang='lat' dir='ltr'>temporibus</span> <span class='ocrx_word' id='word_1_203' title='bbox 1044 2508 1165 2544; x_wconf 89' lang='lat' dir='ltr'>usque</span> 
     </span>
     <span class='ocr_line' id='line_1_33' title="bbox 143 2553 1164 2607; baseline -0.008 -9"><span class='ocrx_word' id='word_1_204' title='bbox 143 2560 208 2598; x_wconf 83' lang='lat' dir='ltr'>ad·</span> <span class='ocrx_word' id='word_1_205' title='bbox 225 2561 434 2607; x_wconf 81' lang='lat' dir='ltr'>Cecropem</span> <span class='ocrx_word' id='word_1_206' title='bbox 468 2553 621 2604; x_wconf 88' lang='lat' dir='ltr'>regibus</span> <span class='ocrx_word' id='word_1_207' title='bbox 655 2553 822 2590; x_wconf 81' lang='lat' dir='ltr'>caruisse</span> <span class='ocrx_word' id='word_1_208' title='bbox 853 2553 944 2590; x_wconf 91' lang='lat' dir='ltr'>dicit</span> <span class='ocrx_word' id='word_1_209' title='bbox 952 2567 962 2598; x_wconf 83' lang='lat'><em>3</em></span> <span class='ocrx_word' id='word_1_210' title='bbox 997 2557 1164 2590; x_wconf 83' lang='lat' dir='ltr'>Actaeum</span> 
     </span>
     <span class='ocr_line' id='line_1_34' title="bbox 143 2612 1167 2663; baseline -0.008 -7"><span class='ocrx_word' id='word_1_211' title='bbox 143 2619 245 2656; x_wconf 89' lang='lat' dir='ltr'>enim</span> <span class='ocrx_word' id='word_1_212' title='bbox 262 2625 301 2654; x_wconf 92' lang='lat' dir='ltr'>et</span> <span class='ocrx_word' id='word_1_213' title='bbox 316 2616 412 2653; x_wconf 80' lang='lat' dir='ltr'>alios</span> <span class='ocrx_word' id='word_1_214' title='bbox 423 2626 544 2663; x_wconf 86' lang='lat' dir='ltr'>reges,</span> <span class='ocrx_word' id='word_1_215' title='bbox 554 2612 621 2662; x_wconf 91' lang='lat' dir='ltr'>qui</span> <span class='ocrx_word' id='word_1_216' title='bbox 633 2619 719 2662; x_wconf 89' lang='lat' dir='ltr'>post</span> <span class='ocrx_word' id='word_1_217' title='bbox 733 2615 906 2661; x_wconf 85' lang='lat' dir='ltr'>Ogygem</span> <span class='ocrx_word' id='word_1_218' title='bbox 925 2624 1097 2657; x_wconf 78' lang='lat' dir='ltr'>regnasse</span> <span class='ocrx_word' id='word_1_219' title='bbox 1109 2612 1167 2648; x_wconf 86' lang='lat' dir='ltr'>fa-</span> 
     </span>
     <span class='ocr_line' id='line_1_35' title="bbox 144 2670 1165 2720; baseline -0.008 -6"><span class='ocrx_word' id='word_1_220' title='bbox 144 2677 243 2714; x_wconf 91' lang='lat' dir='ltr'>bulis</span> <span class='ocrx_word' id='word_1_221' title='bbox 257 2674 512 2719; x_wconf 84' lang='lat' dir='ltr'>traderentur,</span> <span class='ocrx_word' id='word_1_222' title='bbox 523 2671 580 2708; x_wconf 92' lang='lat' dir='ltr'>uti</span> <span class='ocrx_word' id='word_1_223' title='bbox 591 2670 900 2720; x_wconf 86' lang='lat' dir='ltr'>Porphyrionem</span> <span class='ocrx_word' id='word_1_224' title='bbox 910 2677 947 2707; x_wconf 91' lang='lat' dir='ltr'>et</span> <span class='ocrx_word' id='word_1_225' title='bbox 961 2670 1165 2719; x_wconf 86' lang='lat' dir='ltr'>Celaenum,</span> 
     </span>
     <span class='ocr_line' id='line_1_36' title="bbox 146 2727 1167 2784; baseline -0.006 -12"><span class='ocrx_word' id='word_1_226' title='bbox 146 2746 354 2784; x_wconf 77' lang='lat' dir='ltr'>numquam</span> <span class='ocrx_word' id='word_1_227' title='bbox 378 2730 579 2768; x_wconf 82' lang='lat' dir='ltr'>exstitisse.</span> <span class='ocrx_word' id='word_1_228' title='bbox 608 2729 760 2766; x_wconf 89' lang='lat' dir='ltr'>Etenim</span> <span class='ocrx_word' id='word_1_229' title='bbox 779 2728 810 2765; x_wconf 91' lang='lat' dir='ltr'>si</span> <span class='ocrx_word' id='word_1_230' title='bbox 827 2729 866 2765; x_wconf 92' lang='lat' dir='ltr'>in</span> <span class='ocrx_word' id='word_1_231' title='bbox 887 2727 1167 2777; x_wconf 84' lang='lat' dir='ltr'>antiquissimas</span> 
     </span>
     <span class='ocr_line' id='line_1_37' title="bbox 147 2786 1167 2838; baseline -0.005 -8"><span class='ocrx_word' id='word_1_232' title='bbox 147 2793 281 2830; x_wconf 83' lang='lat' dir='ltr'>Atticae</span> <span class='ocrx_word' id='word_1_233' title='bbox 309 2799 419 2828; x_wconf 86' lang='lat' dir='ltr'>terrae</span> <span class='ocrx_word' id='word_1_234' title='bbox 452 2789 598 2826; x_wconf 84' lang='lat' dir='ltr'>fabulas</span> <span class='ocrx_word' id='word_1_235' title='bbox 627 2787 820 2838; x_wconf 86' lang='lat' dir='ltr'>inquiras,</span> <span class='ocrx_word' id='word_1_236' title='bbox 850 2786 995 2824; x_wconf 90' lang='lat' dir='ltr'>videbis</span> <span class='ocrx_word' id='word_1_237' title='bbox 1014 2787 1167 2837; x_wconf 88' lang='lat' dir='ltr'>quidem</span> 
     </span>
     <span class='ocr_line' id='line_1_38' title="bbox 149 2847 1166 2897; baseline -0.003 -9"><span class='ocrx_word' id='word_1_238' title='bbox 149 2859 254 2888; x_wconf 88' lang='lat' dir='ltr'>arcto</span> <span class='ocrx_word' id='word_1_239' title='bbox 285 2849 438 2886; x_wconf 88' lang='lat' dir='ltr'>vinculo</span> <span class='ocrx_word' id='word_1_240' title='bbox 479 2847 531 2884; x_wconf 93' lang='lat' dir='ltr'>ob</span> <span class='ocrx_word' id='word_1_241' title='bbox 566 2854 741 2884; x_wconf 86' lang='lat' dir='ltr'>naturam</span> <span class='ocrx_word' id='word_1_242' title='bbox 769 2859 877 2884; x_wconf 87' lang='lat' dir='ltr'>suam</span> <span class='ocrx_word' id='word_1_243' title='bbox 905 2854 943 2883; x_wconf 90' lang='lat' dir='ltr'>et</span> <span class='ocrx_word' id='word_1_244' title='bbox 977 2847 1166 2897; x_wconf 73' lang='lat' dir='ltr'>significa-</span> 
     </span>
     <span class='ocr_line' id='line_1_39' title="bbox 151 2904 1165 2958; baseline -0.003 -13"><span class='ocrx_word' id='word_1_245' title='bbox 151 2909 292 2946; x_wconf 87' lang='lat' dir='ltr'>tionem</span> <span class='ocrx_word' id='word_1_246' title='bbox 326 2911 534 2957; x_wconf 89' lang='lat' dir='ltr'>Cecropem</span> <span class='ocrx_word' id='word_1_247' title='bbox 563 2919 648 2943; x_wconf 88' lang='lat' dir='ltr'>cum</span> <span class='ocrx_word' id='word_1_248' title='bbox 679 2908 810 2942; x_wconf 74' lang='lat' dir='ltr'>Actaeo</span> <span class='ocrx_word' id='word_1_249' title='bbox 851 2905 957 2956; x_wconf 85' lang='lat' dir='ltr'>(Jovi</span> <span class='ocrx_word' id='word_1_250' title='bbox 993 2904 1165 2958; x_wconf 85' lang='grc' dir='ltr'>Ἀκταίῳ)</span> 
     </span>
     <span class='ocr_line' id='line_1_40' title="bbox 152 2963 1169 3015; baseline -0.002 -11"><span class='ocrx_word' id='word_1_251' title='bbox 152 2980 232 3004; x_wconf 87' lang='lat' dir='ltr'>esse</span> <span class='ocrx_word' id='word_1_252' title='bbox 257 2965 521 3015; x_wconf 88' lang='lat' dir='ltr'>conjunctum,</span> <span class='ocrx_word' id='word_1_253' title='bbox 553 2976 816 3014; x_wconf 87' lang='lat' dir='ltr'>summamque</span> <span class='ocrx_word' id='word_1_254' title='bbox 837 2963 940 3000; x_wconf 86' lang='lat' dir='ltr'>inter</span> <span class='ocrx_word' id='word_1_255' title='bbox 961 2977 1024 3001; x_wconf 92' lang='lat' dir='ltr'>eos</span> <span class='ocrx_word' id='word_1_256' title='bbox 1046 2964 1169 3002; x_wconf 87' lang='lat' dir='ltr'>inter-</span> 
     </span>
     <span class='ocr_line' id='line_1_41' title="bbox 153 3022 1171 3073; baseline 0 -12"><span class='ocrx_word' id='word_1_257' title='bbox 153 3023 287 3061; x_wconf 90' lang='lat' dir='ltr'>cedere</span> <span class='ocrx_word' id='word_1_258' title='bbox 301 3024 605 3066; x_wconf 89' lang='lat' dir='ltr'>similitudinem;</span> <span class='ocrx_word' id='word_1_259' title='bbox 625 3022 690 3059; x_wconf 90' lang='lat' dir='ltr'>sed</span> <span class='ocrx_word' id='word_1_260' title='bbox 709 3035 827 3071; x_wconf 90' lang='lat' dir='ltr'>quum</span> <span class='ocrx_word' id='word_1_261' title='bbox 849 3030 983 3072; x_wconf 86' lang='lat' dir='ltr'>postea</span> <span class='ocrx_word' id='word_1_262' title='bbox 1006 3024 1171 3073; x_wconf 85' lang='lat' dir='ltr'>antiquae</span> 
     </span>
     <span class='ocr_line' id='line_1_42' title="bbox 155 3081 1168 3131; baseline 0.002 -13"><span class='ocrx_word' id='word_1_263' title='bbox 155 3082 289 3119; x_wconf 84' lang='lat' dir='ltr'>Atticae</span> <span class='ocrx_word' id='word_1_264' title='bbox 316 3081 451 3118; x_wconf 80' lang='lat' dir='ltr'>fabulae</span> <span class='ocrx_word' id='word_1_265' title='bbox 479 3095 524 3118; x_wconf 93' lang='lat' dir='ltr'>eo</span> <span class='ocrx_word' id='word_1_266' title='bbox 554 3081 795 3131; x_wconf 89' lang='lat' dir='ltr'>potissimum</span> <span class='ocrx_word' id='word_1_267' title='bbox 823 3081 982 3118; x_wconf 87' lang='lat' dir='ltr'>consilio</span> <span class='ocrx_word' id='word_1_268' title='bbox 1004 3082 1168 3120; x_wconf 86' lang='lat' dir='ltr'>adorna—</span> 
     </span>
     <span class='ocr_line' id='line_1_43' title="bbox 156 3140 1172 3191; baseline 0.003 -14"><span class='ocrx_word' id='word_1_269' title='bbox 156 3149 303 3187; x_wconf 90' lang='lat' dir='ltr'>rentur‚</span> <span class='ocrx_word' id='word_1_270' title='bbox 324 3149 366 3176; x_wconf 93' lang='lat' dir='ltr'>ut</span> <span class='ocrx_word' id='word_1_271' title='bbox 379 3141 582 3177; x_wconf 87' lang='lat' dir='ltr'>continuus</span> <span class='ocrx_word' id='word_1_272' title='bbox 599 3140 689 3177; x_wconf 86' lang='lat' dir='ltr'>inde</span> <span class='ocrx_word' id='word_1_273' title='bbox 706 3153 838 3191; x_wconf 87' lang='lat' dir='ltr'>regum</span> <span class='ocrx_word' id='word_1_274' title='bbox 852 3140 947 3178; x_wconf 90' lang='lat' dir='ltr'>ordo</span> <span class='ocrx_word' id='word_1_275' title='bbox 971 3142 1172 3180; x_wconf 83' lang='lat' dir='ltr'>conficere-</span> 
     </span>
     <span class='ocr_line' id='line_1_44' title="bbox 159 3197 1173 3248; baseline 0.003 -14"><span class='ocrx_word' id='word_1_276' title='bbox 159 3206 231 3244; x_wconf 87' lang='lat' dir='ltr'>tur,</span> <span class='ocrx_word' id='word_1_277' title='bbox 254 3197 326 3234; x_wconf 86' lang='lat' dir='ltr'>hoc</span> <span class='ocrx_word' id='word_1_278' title='bbox 351 3198 464 3234; x_wconf 87' lang='lat' dir='ltr'>semel</span> <span class='ocrx_word' id='word_1_279' title='bbox 480 3198 689 3234; x_wconf 88' lang='lat' dir='ltr'>constituto</span> <span class='ocrx_word' id='word_1_280' title='bbox 712 3205 749 3234; x_wconf 89' lang='lat' dir='ltr'>et</span> <span class='ocrx_word' id='word_1_281' title='bbox 773 3206 988 3248; x_wconf 85' lang='lat' dir='ltr'>temporum</span> <span class='ocrx_word' id='word_1_282' title='bbox 1011 3199 1173 3237; x_wconf 89' lang='lat' dir='ltr'>decursu</span> 
     </span>
     <span class='ocr_line' id='line_1_45' title="bbox 158 3255 1174 3308; baseline 0.003 -15"><span class='ocrx_word' id='word_1_283' title='bbox 158 3269 181 3293; x_wconf 84' lang='lat' dir='ltr'>a</span> <span class='ocrx_word' id='word_1_284' title='bbox 202 3255 446 3292; x_wconf 89' lang='lat' dir='ltr'>multitudine</span> <span class='ocrx_word' id='word_1_285' title='bbox 468 3256 694 3306; x_wconf 84' lang='lat' dir='ltr'>approbato,</span> <span class='ocrx_word' id='word_1_286' title='bbox 714 3258 841 3294; x_wconf 82' lang='lat' dir='ltr'>multae</span> <span class='ocrx_word' id='word_1_287' title='bbox 854 3271 1025 3307; x_wconf 82' lang='lat' dir='ltr'>personae</span> <span class='ocrx_word' id='word_1_288' title='bbox 1039 3259 1174 3308; x_wconf 72' lang='lat' dir='ltr'>mythi-</span> 
     </span>
     <span class='ocr_line' id='line_1_46' title="bbox 160 3313 1171 3363; baseline 0.003 -12"><span class='ocrx_word' id='word_1_289' title='bbox 160 3326 232 3360; x_wconf 86' lang='lat' dir='ltr'>cae,</span> <span class='ocrx_word' id='word_1_290' title='bbox 250 3326 334 3363; x_wconf 84' lang='lat' dir='ltr'>quae</span> <span class='ocrx_word' id='word_1_291' title='bbox 351 3313 536 3362; x_wconf 83' lang='lat' dir='ltr'>insignem</span> <span class='ocrx_word' id='word_1_292' title='bbox 561 3315 597 3350; x_wconf 88' lang='lat' dir='ltr'>iu</span> <span class='ocrx_word' id='word_1_293' title='bbox 618 3315 775 3352; x_wconf 77' lang='lat' dir='ltr'>vetustis</span> <span class='ocrx_word' id='word_1_294' title='bbox 795 3315 930 3353; x_wconf 83' lang='lat' dir='ltr'>sabulis</span> <span class='ocrx_word' id='word_1_295' title='bbox 955 3317 1081 3353; x_wconf 87' lang='lat' dir='ltr'>locum</span> <span class='ocrx_word' id='word_1_296' title='bbox 1099 3317 1171 3354; x_wconf 91' lang='lat' dir='ltr'>ob-</span> 
     </span>
     <span class='ocr_line' id='line_1_47' title="bbox 163 3371 1174 3426; baseline 0.005 -19"><span class='ocrx_word' id='word_1_297' title='bbox 163 3371 352 3408; x_wconf 79' lang='lat' dir='ltr'>tinuerant</span> <span class='ocrx_word' id='word_1_298' title='bbox 367 3401 376 3419; x_wconf 90' lang='lat'>,</span> <span class='ocrx_word' id='word_1_299' title='bbox 418 3371 612 3421; x_wconf 77' lang='lat' dir='ltr'>paullatim</span> <span class='ocrx_word' id='word_1_300' title='bbox 655 3373 693 3408; x_wconf 87' lang='lat' dir='ltr'>in</span> <span class='ocrx_word' id='word_1_301' title='bbox 729 3372 965 3411; x_wconf 85' lang='lat' dir='ltr'>oblivionem</span> <span class='ocrx_word' id='word_1_302' title='bbox 1005 3374 1174 3426; x_wconf 80' lang='lat' dir='ltr'>abibant,</span> 
     </span>
    </p>
   </div>
   <div class='ocr_carea' id='block_1_4' title="bbox 1199 681 2227 912">
    <p class='ocr_par' dir='ltr' id='par_1_6' title="bbox 1199 681 2227 912">
     <span class='ocr_line' id='line_1_48' title="bbox 1199 681 2226 737; baseline -0.003 -13"><span class='ocrx_word' id='word_1_303' title='bbox 1199 699 1406 737; x_wconf 86' lang='lat' dir='ltr'>earumque</span> <span class='ocrx_word' id='word_1_304' title='bbox 1424 684 1605 723; x_wconf 89' lang='lat' dir='ltr'>memoria</span> <span class='ocrx_word' id='word_1_305' title='bbox 1622 683 1777 722; x_wconf 87' lang='lat' dir='ltr'>nonnisi</span> <span class='ocrx_word' id='word_1_306' title='bbox 1796 682 1835 720; x_wconf 91' lang='lat' dir='ltr'>in</span> <span class='ocrx_word' id='word_1_307' title='bbox 1851 681 2049 735; x_wconf 82' lang='grc' dir='ltr'>ἐπιχωρίοις</span> <span class='ocrx_word' id='word_1_308' title='bbox 2063 681 2226 733; x_wconf 86' lang='lat' dir='ltr'>quibus-</span> 
     </span>
     <span class='ocr_line' id='line_1_49' title="bbox 1200 741 2227 792; baseline -0.005 -9"><span class='ocrx_word' id='word_1_309' title='bbox 1200 745 1288 782; x_wconf 88' lang='lat' dir='ltr'>dam</span> <span class='ocrx_word' id='word_1_310' title='bbox 1305 743 1577 783; x_wconf 86' lang='lat' dir='ltr'>traditionibus</span> <span class='ocrx_word' id='word_1_311' title='bbox 1593 742 1805 780; x_wconf 84' lang='lat' dir='ltr'>colebatur.</span> <span class='ocrx_word' id='word_1_312' title='bbox 1828 741 1888 780; x_wconf 89' lang='lat' dir='ltr'>Ab</span> <span class='ocrx_word' id='word_1_313' title='bbox 1905 742 2023 779; x_wconf 86' lang='lat' dir='ltr'>altera</span> <span class='ocrx_word' id='word_1_314' title='bbox 2045 750 2166 792; x_wconf 84' lang='lat' dir='ltr'>parte,</span> <span class='ocrx_word' id='word_1_315' title='bbox 2182 749 2227 779; x_wconf 87' lang='lat' dir='ltr'>ut</span> 
     </span>
     <span class='ocr_line' id='line_1_50' title="bbox 1202 799 2226 854; baseline -0.004 -14"><span class='ocrx_word' id='word_1_316' title='bbox 1202 804 1383 854; x_wconf 89' lang='lat' dir='ltr'>temporis</span> <span class='ocrx_word' id='word_1_317' title='bbox 1403 803 1566 854; x_wconf 88' lang='lat' dir='ltr'>spatium</span> <span class='ocrx_word' id='word_1_318' title='bbox 1579 830 1589 848; x_wconf 94' lang='lat'>‚</span> <span class='ocrx_word' id='word_1_319' title='bbox 1608 802 1712 852; x_wconf 92' lang='lat' dir='ltr'>quod</span> <span class='ocrx_word' id='word_1_320' title='bbox 1732 815 1754 839; x_wconf 91' lang='lat' dir='ltr'>a</span> <span class='ocrx_word' id='word_1_321' title='bbox 1774 803 1944 850; x_wconf 84' lang='lat' dir='ltr'>Cecrope</span> <span class='ocrx_word' id='word_1_322' title='bbox 1963 799 2012 836; x_wconf 89' lang='lat' dir='ltr'>ad</span> <span class='ocrx_word' id='word_1_323' title='bbox 2033 800 2226 838; x_wconf 89' lang='lat' dir='ltr'>Theseum</span> 
     </span>
     <span class='ocr_line' id='line_1_51' title="bbox 1200 858 2227 912; baseline -0.003 -14"><span class='ocrx_word' id='word_1_324' title='bbox 1200 862 1370 912; x_wconf 86' lang='lat' dir='ltr'>elapsum</span> <span class='ocrx_word' id='word_1_325' title='bbox 1399 868 1640 907; x_wconf 85' lang='lat' dir='ltr'>statuerunt,</span> <span class='ocrx_word' id='word_1_326' title='bbox 1677 861 1751 898; x_wconf 89' lang='lat' dir='ltr'>rite</span> <span class='ocrx_word' id='word_1_327' title='bbox 1786 860 2026 909; x_wconf 87' lang='lat' dir='ltr'>expleretur,</span> <span class='ocrx_word' id='word_1_328' title='bbox 2063 858 2227 896; x_wconf 85' lang='lat' dir='ltr'>aliorum</span> 
     </span>
    </p>
   </div>
   <div class='ocr_carea' id='block_1_5' title="bbox 1202 917 2246 969">
    <p class='ocr_par' dir='ltr' id='par_1_7' title="bbox 1202 917 2246 969">
     <span class='ocr_line' id='line_1_52' title="bbox 1202 917 2246 969; baseline -0.003 -13"><span class='ocrx_word' id='word_1_329' title='bbox 1202 920 1476 958; x_wconf 87' lang='lat' dir='ltr'>nonnullorum</span> <span class='ocrx_word' id='word_1_330' title='bbox 1503 932 1638 969; x_wconf 87' lang='lat' dir='ltr'>regum</span> <span class='ocrx_word' id='word_1_331' title='bbox 1663 918 1820 956; x_wconf 86' lang='lat' dir='ltr'>nomina</span> <span class='ocrx_word' id='word_1_332' title='bbox 1840 917 1966 954; x_wconf 80' lang='lat' dir='ltr'>efficta</span> <span class='ocrx_word' id='word_1_333' title='bbox 1987 925 2097 964; x_wconf 92' lang='lat' dir='ltr'>sunt,</span> <span class='ocrx_word' id='word_1_334' title='bbox 2129 929 2246 966; x_wconf 38' lang='lat' dir='ltr'>quos*</span> 
     </span>
    </p>
   </div>
   <div class='ocr_carea' id='block_1_6' title="bbox 1204 976 2230 1148">
    <p class='ocr_par' dir='ltr' id='par_1_8' title="bbox 1204 976 2230 1148">
     <span class='ocr_line' id='line_1_53' title="bbox 1204 976 2230 1029; baseline -0.003 -13"><span class='ocrx_word' id='word_1_335' title='bbox 1204 979 1402 1029; x_wconf 88' lang='lat' dir='ltr'>antiquior</span> <span class='ocrx_word' id='word_1_336' title='bbox 1434 978 1563 1016; x_wconf 82' lang='lat' dir='ltr'>sabula</span> <span class='ocrx_word' id='word_1_337' title='bbox 1597 990 1755 1027; x_wconf 84' lang='lat' dir='ltr'>prorsus</span> <span class='ocrx_word' id='word_1_338' title='bbox 1786 976 1948 1026; x_wconf 83' lang='lat' dir='ltr'>ignorat.</span> <span class='ocrx_word' id='word_1_339' title='bbox 1987 978 2116 1026; x_wconf 85' lang='lat' dir='ltr'>Atque</span> <span class='ocrx_word' id='word_1_340' title='bbox 2145 976 2230 1026; x_wconf 88' lang='lat' dir='ltr'>ipse</span> 
     </span>
     <span class='ocr_line' id='line_1_54' title="bbox 1206 1035 2230 1090; baseline -0.005 -14"><span class='ocrx_word' id='word_1_341' title='bbox 1206 1041 1373 1090; x_wconf 89' lang='lat' dir='ltr'>Cecrops</span> <span class='ocrx_word' id='word_1_342' title='bbox 1405 1037 1454 1075; x_wconf 90' lang='lat' dir='ltr'>ab</span> <span class='ocrx_word' id='word_1_343' title='bbox 1485 1037 1682 1088; x_wconf 89' lang='lat' dir='ltr'>primitiva</span> <span class='ocrx_word' id='word_1_344' title='bbox 1711 1036 1845 1074; x_wconf 86' lang='lat' dir='ltr'>Atticae</span> <span class='ocrx_word' id='word_1_345' title='bbox 1877 1035 2061 1086; x_wconf 81' lang='lat' dir='ltr'>religione</span> <span class='ocrx_word' id='word_1_346' title='bbox 2083 1035 2230 1072; x_wconf 86' lang='lat' dir='ltr'>alienus</span> 
     </span>
     <span class='ocr_line' id='line_1_55' title="bbox 1205 1095 2228 1148; baseline -0.004 -13"><span class='ocrx_word' id='word_1_347' title='bbox 1205 1105 1284 1144; x_wconf 90' lang='lat' dir='ltr'>est,</span> <span class='ocrx_word' id='word_1_348' title='bbox 1316 1106 1354 1135; x_wconf 91' lang='lat' dir='ltr'>et</span> <span class='ocrx_word' id='word_1_349' title='bbox 1384 1105 1472 1148; x_wconf 92' lang='lat' dir='ltr'>post</span> <span class='ocrx_word' id='word_1_350' title='bbox 1504 1100 1643 1134; x_wconf 88' lang='lat' dir='ltr'>Ionum</span> <span class='ocrx_word' id='word_1_351' title='bbox 1679 1096 1834 1134; x_wconf 91' lang='lat' dir='ltr'>demum</span> <span class='ocrx_word' id='word_1_352' title='bbox 1861 1095 2098 1132; x_wconf 86' lang='lat' dir='ltr'>invasionem</span> <span class='ocrx_word' id='word_1_353' title='bbox 2114 1106 2228 1142; x_wconf 91' lang='lat' dir='ltr'>eum,</span> 
     </span>
    </p>
   </div>
   <div class='ocr_carea' id='block_1_7' title="bbox 1207 1153 2253 1207">
    <p class='ocr_par' dir='ltr' id='par_1_9' title="bbox 1207 1153 2253 1207">
     <span class='ocr_line' id='line_1_56' title="bbox 1207 1153 2253 1207; baseline -0.006 -13"><span class='ocrx_word' id='word_1_354' title='bbox 1207 1170 1321 1207; x_wconf 86' lang='lat' dir='ltr'>quem</span> <span class='ocrx_word' id='word_1_355' title='bbox 1337 1170 1439 1193; x_wconf 88' lang='lat' dir='ltr'>nunc</span> <span class='ocrx_word' id='word_1_356' title='bbox 1453 1163 1568 1203; x_wconf 91' lang='lat' dir='ltr'>tenet,</span> <span class='ocrx_word' id='word_1_357' title='bbox 1589 1156 1715 1193; x_wconf 91' lang='lat' dir='ltr'>locum</span> <span class='ocrx_word' id='word_1_358' title='bbox 1733 1153 1948 1204; x_wconf 84' lang='lat' dir='ltr'>occupavit,</span> <span class='ocrx_word' id='word_1_359' title='bbox 1963 1153 2076 1190; x_wconf 87' lang='lat' dir='ltr'>sicuti</span> <span class='ocrx_word' id='word_1_360' title='bbox 2092 1153 2132 1189; x_wconf 90' lang='lat' dir='ltr'>in</span> <span class='ocrx_word' id='word_1_361' title='bbox 2147 1155 2231 1201; x_wconf 86' lang='lat' dir='ltr'>My·</span> <span class='ocrx_word' id='word_1_362' title='bbox 2251 1166 2253 1168; x_wconf 71' lang='grc'>’</span> 
     </span>
    </p>
   </div>
   <div class='ocr_carea' id='block_1_8' title="bbox 1209 1210 2254 3298">
    <p class='ocr_par' dir='ltr' id='par_1_10' title="bbox 1209 1210 2233 1309">
     <span class='ocr_line' id='line_1_57' title="bbox 1209 1210 2233 1264; baseline -0.005 -13"><span class='ocrx_word' id='word_1_363' title='bbox 1209 1214 1386 1264; x_wconf 87' lang='lat' dir='ltr'>thologo,</span> <span class='ocrx_word' id='word_1_364' title='bbox 1405 1213 1480 1250; x_wconf 90' lang='lat' dir='ltr'>nisi</span> <span class='ocrx_word' id='word_1_365' title='bbox 1499 1213 1683 1250; x_wconf 85' lang='lat' dir='ltr'>memoria</span> <span class='ocrx_word' id='word_1_366' title='bbox 1705 1211 1820 1259; x_wconf 87' lang='lat' dir='ltr'>fallit,</span> <span class='ocrx_word' id='word_1_367' title='bbox 1842 1210 2052 1247; x_wconf 87' lang='lat' dir='ltr'>rectissime</span> <span class='ocrx_word' id='word_1_368' title='bbox 2071 1217 2233 1247; x_wconf 89' lang='lat' dir='ltr'>conten-</span> 
     </span>
     <span class='ocr_line' id='line_1_58' title="bbox 1209 1272 1547 1309; baseline 0 0"><span class='ocrx_word' id='word_1_369' title='bbox 1209 1272 1267 1309; x_wconf 92' lang='lat' dir='ltr'>dit</span> <span class='ocrx_word' id='word_1_370' title='bbox 1282 1276 1547 1309; x_wconf 86' lang='lat' dir='ltr'>Buttmannus.</span> 
     </span>
    </p>

    <p class='ocr_par' dir='ltr' id='par_1_11' title="bbox 1212 1327 2242 1905">
     <span class='ocr_line' id='line_1_59' title="bbox 1264 1327 2236 1379; baseline -0.005 -12"><span class='ocrx_word' id='word_1_371' title='bbox 1264 1327 1439 1376; x_wconf 85' lang='grc' dir='ltr'>Ἀκτικὴν,</span> <span class='ocrx_word' id='word_1_372' title='bbox 1458 1329 1627 1379; x_wconf 83' lang='lat' dir='ltr'>priscum</span> <span class='ocrx_word' id='word_1_373' title='bbox 1646 1327 1813 1378; x_wconf 85' lang='lat' dir='ltr'>regionis</span> <span class='ocrx_word' id='word_1_374' title='bbox 1829 1327 1962 1364; x_wconf 81' lang='lat' dir='ltr'>Atticae</span> <span class='ocrx_word' id='word_1_375' title='bbox 1974 1339 2135 1373; x_wconf 91' lang='lat' dir='ltr'>nomen,</span> <span class='ocrx_word' id='word_1_376' title='bbox 2158 1337 2236 1363; x_wconf 90' lang='lat' dir='ltr'>me-</span> 
     </span>
     <span class='ocr_line' id='line_1_60' title="bbox 1212 1383 2235 1435; baseline -0.004 -10"><span class='ocrx_word' id='word_1_377' title='bbox 1212 1396 1335 1426; x_wconf 88' lang='lat' dir='ltr'>morat</span> <span class='ocrx_word' id='word_1_378' title='bbox 1352 1387 1490 1424; x_wconf 86' lang='lat' dir='ltr'>Strabo</span> <span class='ocrx_word' id='word_1_379' title='bbox 1503 1390 1572 1435; x_wconf 91' lang='lat' dir='ltr'>IX,</span> <span class='ocrx_word' id='word_1_380' title='bbox 1599 1401 1632 1434; x_wconf 90' lang='lat'>1,</span> <span class='ocrx_word' id='word_1_381' title='bbox 1655 1388 1714 1430; x_wconf 84' lang='lat'>18,</span> <span class='ocrx_word' id='word_1_382' title='bbox 1733 1395 1821 1423; x_wconf 91' lang='lat' dir='ltr'>tom.</span> <span class='ocrx_word' id='word_1_383' title='bbox 1837 1388 1909 1432; x_wconf 88' lang='lat'>111,</span> <span class='ocrx_word' id='word_1_384' title='bbox 1925 1399 1962 1435; x_wconf 93' lang='lat' dir='ltr'>p.</span> <span class='ocrx_word' id='word_1_385' title='bbox 1979 1385 2053 1422; x_wconf 76' lang='grc'>365</span> <span class='ocrx_word' id='word_1_386' title='bbox 2069 1383 2127 1421; x_wconf 89' lang='lat' dir='ltr'>ed.</span> <span class='ocrx_word' id='word_1_387' title='bbox 2150 1384 2235 1422; x_wconf 93' lang='lat' dir='ltr'>Sie-</span> 
     </span>
     <span class='ocr_line' id='line_1_61' title="bbox 1213 1439 2235 1495; baseline -0.006 -11"><span class='ocrx_word' id='word_1_388' title='bbox 1213 1446 1325 1484; x_wconf 85' lang='lat' dir='ltr'>benk.</span> <span class='ocrx_word' id='word_1_389' title='bbox 1343 1459 1351 1482; x_wconf 88' lang='lat'>:</span> <span class='ocrx_word' id='word_1_390' title='bbox 1372 1444 1534 1491; x_wconf 79' lang='grc' dir='ltr'>Ἀκτικὴν</span> <span class='ocrx_word' id='word_1_391' title='bbox 1605 1443 1674 1482; x_wconf 83' lang='grc' dir='ltr'>ἀπὸ</span> <span class='ocrx_word' id='word_1_392' title='bbox 1692 1442 1899 1487; x_wconf 86' lang='grc' dir='ltr'>Ἀκταίωνός</span> <span class='ocrx_word' id='word_1_393' title='bbox 1909 1457 2026 1495; x_wconf 78' lang='grc' dir='ltr'>φασιν,</span> <span class='ocrx_word' id='word_1_394' title='bbox 2040 1441 2177 1480; x_wconf 86' lang='grc' dir='ltr'>Ἀτθίδα</span> <span class='ocrx_word' id='word_1_395' title='bbox 2197 1439 2235 1478; x_wconf 82' lang='grc' dir='ltr'>δὲ</span> 
     </span>
     <span class='ocr_line' id='line_1_62' title="bbox 1213 1497 2235 1564; baseline -0.006 -22"><span class='ocrx_word' id='word_1_396' title='bbox 1213 1504 1271 1542; x_wconf 80' lang='grc' dir='ltr'>καὶ</span> <span class='ocrx_word' id='word_1_397' title='bbox 1285 1502 1442 1564; x_wconf 57' lang='grc' dir='ltr'>Ἀττικὴν</span> <span class='ocrx_word' id='word_1_398' title='bbox 1458 1502 1528 1541; x_wconf 82' lang='grc' dir='ltr'>ἀπὸ</span> <span class='ocrx_word' id='word_1_399' title='bbox 1543 1502 1694 1545; x_wconf 84' lang='grc' dir='ltr'>Ἀτθίδος</span> <span class='ocrx_word' id='word_1_400' title='bbox 1708 1504 1769 1548; x_wconf 78' lang='grc' dir='ltr'>τῆς</span> <span class='ocrx_word' id='word_1_401' title='bbox 1782 1504 1946 1555; x_wconf 81' lang='grc' dir='ltr'>Κραναοῦ</span> <span class='ocrx_word' id='word_1_402' title='bbox 1959 1517 1966 1524; x_wconf 94' lang='grc'><em>·</em></span> <span class='ocrx_word' id='word_1_403' title='bbox 1986 1500 2054 1538; x_wconf 90' lang='lat' dir='ltr'>ubi</span> <span class='ocrx_word' id='word_1_404' title='bbox 2067 1497 2235 1538; x_wconf 81' lang='grc' dir='ltr'>Ἀκταίων</span> 
     </span>
     <span class='ocr_line' id='line_1_63' title="bbox 1214 1557 2238 1608; baseline -0.006 -8"><span class='ocrx_word' id='word_1_405' title='bbox 1214 1564 1287 1600; x_wconf 89' lang='lat' dir='ltr'>alia</span> <span class='ocrx_word' id='word_1_406' title='bbox 1306 1563 1428 1599; x_wconf 87' lang='lat' dir='ltr'>forma</span> <span class='ocrx_word' id='word_1_407' title='bbox 1450 1570 1507 1600; x_wconf 85' lang='lat' dir='ltr'>est</span> <span class='ocrx_word' id='word_1_408' title='bbox 1521 1561 1688 1598; x_wconf 91' lang='lat' dir='ltr'>nominis</span> <span class='ocrx_word' id='word_1_409' title='bbox 1711 1559 1865 1603; x_wconf 85' lang='grc' dir='ltr'>Ἀκταῖος</span> <span class='ocrx_word' id='word_1_410' title='bbox 1891 1559 2081 1608; x_wconf 91' lang='lat' dir='ltr'>(similiter</span> <span class='ocrx_word' id='word_1_411' title='bbox 2099 1557 2238 1595; x_wconf 89' lang='lat' dir='ltr'>dicitur</span> 
     </span>
     <span class='ocr_line' id='line_1_64' title="bbox 1215 1616 2235 1671; baseline -0.006 -12"><span class='ocrx_word' id='word_1_412' title='bbox 1215 1630 1253 1659; x_wconf 92' lang='lat' dir='ltr'>et</span> <span class='ocrx_word' id='word_1_413' title='bbox 1270 1618 1392 1671; x_wconf 74' lang='grc' dir='ltr'>Αἰγεὺς</span> <span class='ocrx_word' id='word_1_414' title='bbox 1409 1628 1447 1657; x_wconf 91' lang='lat' dir='ltr'>et</span> <span class='ocrx_word' id='word_1_415' title='bbox 1465 1619 1619 1671; x_wconf 81' lang='grc' dir='ltr'>Αἰγαίων</span> <span class='ocrx_word' id='word_1_416' title='bbox 1636 1627 1674 1657; x_wconf 90' lang='lat' dir='ltr'>et</span> <span class='ocrx_word' id='word_1_417' title='bbox 1689 1619 1842 1669; x_wconf 83' lang='grc' dir='ltr'>Αἰγαῖος,</span> <span class='ocrx_word' id='word_1_418' title='bbox 1853 1631 1886 1655; x_wconf 83' lang='grc' dir='ltr'>ν.</span> <span class='ocrx_word' id='word_1_419' title='bbox 1899 1616 2235 1667; x_wconf 74' lang='lat' dir='ltr'>Mull’er.Prolegg.</span> 
     </span>
     <span class='ocr_line' id='line_1_65' title="bbox 1216 1675 2238 1730; baseline -0.006 -12"><span class='ocrx_word' id='word_1_420' title='bbox 1216 1680 1262 1718; x_wconf 90' lang='lat' dir='ltr'>ad</span> <span class='ocrx_word' id='word_1_421' title='bbox 1278 1680 1439 1730; x_wconf 89' lang='lat' dir='ltr'>Mythol.</span> <span class='ocrx_word' id='word_1_422' title='bbox 1461 1693 1499 1730; x_wconf 91' lang='lat' dir='ltr'>p.</span> <span class='ocrx_word' id='word_1_423' title='bbox 1522 1692 1612 1726; x_wconf 84' lang='grc'><strong>272,</strong></span> <span class='ocrx_word' id='word_1_424' title='bbox 1634 1678 1811 1716; x_wconf 90' lang='lat' dir='ltr'>Welcker</span> <span class='ocrx_word' id='word_1_425' title='bbox 1825 1677 2015 1728; x_wconf 87' lang='lat' dir='ltr'>Trilog.p.</span> <span class='ocrx_word' id='word_1_426' title='bbox 2032 1682 2118 1725; x_wconf 79' lang='grc'>149,</span> <span class='ocrx_word' id='word_1_427' title='bbox 2136 1675 2238 1726; x_wconf 85' lang='lat'>296).</span> 
     </span>
     <span class='ocr_line' id='line_1_66' title="bbox 1217 1734 2240 1776; baseline -0.004 0"><span class='ocrx_word' id='word_1_428' title='bbox 1217 1742 1274 1776; x_wconf 93' lang='lat' dir='ltr'>De</span> <span class='ocrx_word' id='word_1_429' title='bbox 1289 1752 1389 1776; x_wconf 83' lang='lat' dir='ltr'>nexu</span> <span class='ocrx_word' id='word_1_430' title='bbox 1406 1737 1544 1775; x_wconf 84' lang='lat' dir='ltr'>fabulae</span> <span class='ocrx_word' id='word_1_431' title='bbox 1561 1737 1609 1774; x_wconf 90' lang='lat' dir='ltr'>de</span> <span class='ocrx_word' id='word_1_432' title='bbox 1631 1741 1806 1773; x_wconf 89' lang='lat' dir='ltr'>Actaeone</span> <span class='ocrx_word' id='word_1_433' title='bbox 1826 1749 1847 1772; x_wconf 92' lang='lat' dir='ltr'>a</span> <span class='ocrx_word' id='word_1_434' title='bbox 1867 1735 2024 1773; x_wconf 85' lang='lat' dir='ltr'>canibus</span> <span class='ocrx_word' id='word_1_435' title='bbox 2043 1734 2240 1772; x_wconf 88' lang='lat' dir='ltr'>dilacerati</span> 
     </span>
     <span class='ocr_line' id='line_1_67' title="bbox 1219 1793 2242 1845; baseline -0.004 -11"><span class='ocrx_word' id='word_1_436' title='bbox 1219 1811 1305 1834; x_wconf 91' lang='lat' dir='ltr'>cum</span> <span class='ocrx_word' id='word_1_437' title='bbox 1322 1797 1429 1834; x_wconf 90' lang='lat' dir='ltr'>cultu</span> <span class='ocrx_word' id='word_1_438' title='bbox 1443 1796 1549 1835; x_wconf 84' lang='lat' dir='ltr'>Jovis</span> <span class='ocrx_word' id='word_1_439' title='bbox 1567 1793 1725 1834; x_wconf 85' lang='grc' dir='ltr'>Ἀκταίου</span> <span class='ocrx_word' id='word_1_440' title='bbox 1742 1808 1777 1832; x_wconf 84' lang='grc' dir='ltr'>ν.</span> <span class='ocrx_word' id='word_1_441' title='bbox 1795 1795 1946 1832; x_wconf 82' lang='lat' dir='ltr'>Miiller.</span> <span class='ocrx_word' id='word_1_442' title='bbox 1967 1795 1992 1832; x_wconf 89' lang='lat' dir='ltr'>l.</span> <span class='ocrx_word' id='word_1_443' title='bbox 2005 1794 2030 1831; x_wconf 93' lang='lat' dir='ltr'>l.</span> <span class='ocrx_word' id='word_1_444' title='bbox 2050 1807 2089 1845; x_wconf 93' lang='lat' dir='ltr'>p.</span> <span class='ocrx_word' id='word_1_445' title='bbox 2105 1806 2177 1841; x_wconf 89' lang='grc'><strong>271</strong></span> <span class='ocrx_word' id='word_1_446' title='bbox 2201 1800 2242 1830; x_wconf 90' lang='lat' dir='ltr'>et</span> 
     </span>
     <span class='ocr_line' id='line_1_68' title="bbox 1219 1853 1736 1905; baseline -0.006 -13"><span class='ocrx_word' id='word_1_447' title='bbox 1219 1855 1449 1893; x_wconf 90' lang='lat' dir='ltr'>Orchomen.</span> <span class='ocrx_word' id='word_1_448' title='bbox 1474 1868 1513 1905; x_wconf 94' lang='lat' dir='ltr'>p.</span> <span class='ocrx_word' id='word_1_449' title='bbox 1535 1854 1630 1899; x_wconf 86' lang='grc'><strong>248,</strong></span> <span class='ocrx_word' id='word_1_450' title='bbox 1650 1853 1736 1902; x_wconf 85' lang='grc'>349.</span> 
     </span>
    </p>

    <p class='ocr_par' dir='ltr' id='par_1_12' title="bbox 1220 1908 2244 2198">
     <span class='ocr_line' id='line_1_69' title="bbox 1272 1908 2240 1962; baseline -0.005 -11"><span class='ocrx_word' id='word_1_451' title='bbox 1272 1916 1345 1951; x_wconf 88' lang='lat' dir='ltr'>Pro</span> <span class='ocrx_word' id='word_1_452' title='bbox 1358 1911 1498 1958; x_wconf 85' lang='grc' dir='ltr'>Ἀκτική</span> <span class='ocrx_word' id='word_1_453' title='bbox 1514 1912 1578 1949; x_wconf 88' lang='lat' dir='ltr'>alii</span> <span class='ocrx_word' id='word_1_454' title='bbox 1591 1919 1743 1962; x_wconf 88' lang='lat' dir='ltr'>ponunt</span> <span class='ocrx_word' id='word_1_455' title='bbox 1762 1909 1918 1958; x_wconf 83' lang='grc' dir='ltr'>Ἀκταία,</span> <span class='ocrx_word' id='word_1_456' title='bbox 1935 1918 1979 1947; x_wconf 89' lang='lat' dir='ltr'>ut</span> <span class='ocrx_word' id='word_1_457' title='bbox 1989 1913 2148 1949; x_wconf 85' lang='lat' dir='ltr'>Pausan.</span> <span class='ocrx_word' id='word_1_458' title='bbox 2162 1909 2186 1947; x_wconf 92' lang='lat' dir='ltr'>l.</span> <span class='ocrx_word' id='word_1_459' title='bbox 2200 1908 2240 1955; x_wconf 87' lang='lat' dir='ltr'>l.‚</span> 
     </span>
     <span class='ocr_line' id='line_1_70' title="bbox 1220 1967 2241 2021; baseline -0.006 -10"><span class='ocrx_word' id='word_1_460' title='bbox 1220 1972 1420 2021; x_wconf 84' lang='lat' dir='ltr'>Hesych.v.</span> <span class='ocrx_word' id='word_1_461' title='bbox 1437 1970 1700 2020; x_wconf 68' lang='lat' dir='ltr'>&#39;Axroeioe(t01n.</span> <span class='ocrx_word' id='word_1_462' title='bbox 1712 1973 1755 2017; x_wconf 89' lang='lat'>1.,</span> <span class='ocrx_word' id='word_1_463' title='bbox 1772 1983 1810 2021; x_wconf 88' lang='lat' dir='ltr'>p.</span> <span class='ocrx_word' id='word_1_464' title='bbox 1829 1983 1916 2019; x_wconf 84' lang='lat'>209,</span> <span class='ocrx_word' id='word_1_465' title='bbox 1930 1977 2010 2007; x_wconf 90' lang='lat' dir='ltr'>not.</span> <span class='ocrx_word' id='word_1_466' title='bbox 2028 1982 2046 2015; x_wconf 90' lang='lat'><strong>7</strong></span> <span class='ocrx_word' id='word_1_467' title='bbox 2064 1976 2102 2005; x_wconf 91' lang='lat' dir='ltr'>et</span> <span class='ocrx_word' id='word_1_468' title='bbox 2120 1981 2164 2005; x_wconf 86' lang='grc' dir='ltr'>ιο</span> <span class='ocrx_word' id='word_1_469' title='bbox 2181 1967 2241 2006; x_wconf 89' lang='lat' dir='ltr'>ed.</span> 
     </span>
     <span class='ocr_line' id='line_1_71' title="bbox 1221 2026 2242 2080; baseline -0.004 -13"><span class='ocrx_word' id='word_1_470' title='bbox 1221 2029 1655 2080; x_wconf 85' lang='lat' dir='ltr'>Albert.),Tatian.Adv.</span> <span class='ocrx_word' id='word_1_471' title='bbox 1666 2032 1777 2066; x_wconf 91' lang='lat' dir='ltr'>Gent.</span> <span class='ocrx_word' id='word_1_472' title='bbox 1798 2036 1836 2065; x_wconf 88' lang='lat' dir='ltr'>et</span> <span class='ocrx_word' id='word_1_473' title='bbox 1855 2041 1903 2065; x_wconf 81' lang='lat' dir='ltr'>ex</span> <span class='ocrx_word' id='word_1_474' title='bbox 1914 2042 1959 2066; x_wconf 93' lang='lat' dir='ltr'>eo</span> <span class='ocrx_word' id='word_1_475' title='bbox 1971 2026 2242 2077; x_wconf 83' lang='lat' dir='ltr'>Euseb.Praep.</span> 
     </span>
     <span class='ocr_line' id='line_1_72' title="bbox 1222 2083 2244 2140; baseline -0.005 -14"><span class='ocrx_word' id='word_1_476' title='bbox 1222 2092 1364 2139; x_wconf 87' lang='lat' dir='ltr'>Evang.</span> <span class='ocrx_word' id='word_1_477' title='bbox 1382 2091 1443 2139; x_wconf 88' lang='lat' dir='ltr'>X,</span> <span class='ocrx_word' id='word_1_478' title='bbox 1472 2102 1516 2137; x_wconf 88' lang='lat'>9,</span> <span class='ocrx_word' id='word_1_479' title='bbox 1543 2101 1554 2124; x_wconf 86' lang='lat'>1</span> <span class='ocrx_word' id='word_1_480' title='bbox 1569 2101 1584 2124; x_wconf 93' lang='lat'>1</span> <span class='ocrx_word' id='word_1_481' title='bbox 1606 2086 1710 2137; x_wconf 88' lang='grc' dir='ltr'>(κατὰ</span> <span class='ocrx_word' id='word_1_482' title='bbox 1726 2084 1763 2124; x_wconf 81' lang='grc' dir='ltr'>δὲ</span> <span class='ocrx_word' id='word_1_483' title='bbox 1782 2084 1975 2140; x_wconf 74' lang='grc' dir='ltr'>Φόρὸαντα</span> <span class='ocrx_word' id='word_1_484' title='bbox 1988 2084 2165 2132; x_wconf 83' lang='grc' dir='ltr'>Ἀκταῖος,</span> <span class='ocrx_word' id='word_1_485' title='bbox 2183 2083 2244 2137; x_wconf 72' lang='grc' dir='ltr'>ἀφ’</span> 
     </span>
     <span class='ocr_line' id='line_1_73' title="bbox 1222 2142 1656 2198; baseline -0.007 -12"><span class='ocrx_word' id='word_1_486' title='bbox 1222 2142 1261 2186; x_wconf 63' lang='grc' dir='ltr'>οὗ</span> <span class='ocrx_word' id='word_1_487' title='bbox 1280 2147 1422 2186; x_wconf 86' lang='grc' dir='ltr'>Ἀκταία</span> <span class='ocrx_word' id='word_1_488' title='bbox 1443 2149 1465 2193; x_wconf 83' lang='grc' dir='ltr'>ἠ</span> <span class='ocrx_word' id='word_1_489' title='bbox 1488 2145 1656 2198; x_wconf 84' lang='grc' dir='ltr'>Ἀττική).</span> 
     </span>
    </p>

    <p class='ocr_par' dir='ltr' id='par_1_13' title="bbox 1223 2202 2252 2843">
     <span class='ocr_line' id='line_1_74' title="bbox 1274 2202 2245 2251; baseline -0.006 -6"><span class='ocrx_word' id='word_1_490' title='bbox 1274 2208 1401 2246; x_wconf 84' lang='lat' dir='ltr'>Tertia</span> <span class='ocrx_word' id='word_1_491' title='bbox 1426 2206 1591 2244; x_wconf 90' lang='lat' dir='ltr'>nominis</span> <span class='ocrx_word' id='word_1_492' title='bbox 1625 2206 1748 2243; x_wconf 90' lang='lat' dir='ltr'>forma</span> <span class='ocrx_word' id='word_1_493' title='bbox 1779 2212 1836 2242; x_wconf 91' lang='lat' dir='ltr'>est</span> <span class='ocrx_word' id='word_1_494' title='bbox 1861 2202 1978 2250; x_wconf 84' lang='grc' dir='ltr'>Ἀκτή.</span> <span class='ocrx_word' id='word_1_495' title='bbox 2008 2202 2146 2241; x_wconf 84' lang='lat' dir='ltr'>Strabo</span> <span class='ocrx_word' id='word_1_496' title='bbox 2174 2203 2245 2251; x_wconf 88' lang='lat' dir='ltr'>IX,</span> 
     </span>
     <span class='ocr_line' id='line_1_75' title="bbox 1228 2260 2243 2315; baseline -0.005 -12"><span class='ocrx_word' id='word_1_497' title='bbox 1228 2280 1261 2311; x_wconf 87' lang='lat'>1,</span> <span class='ocrx_word' id='word_1_498' title='bbox 1294 2268 1332 2313; x_wconf 81' lang='lat'>3,</span> <span class='ocrx_word' id='word_1_499' title='bbox 1352 2274 1443 2303; x_wconf 92' lang='lat' dir='ltr'>tom.</span> <span class='ocrx_word' id='word_1_500' title='bbox 1463 2267 1538 2313; x_wconf 90' lang='lat'>111,</span> <span class='ocrx_word' id='word_1_501' title='bbox 1566 2278 1604 2315; x_wconf 89' lang='lat' dir='ltr'>p.</span> <span class='ocrx_word' id='word_1_502' title='bbox 1628 2265 1704 2301; x_wconf 84' lang='lat'>333</span> <span class='ocrx_word' id='word_1_503' title='bbox 1724 2263 1784 2301; x_wconf 88' lang='lat' dir='ltr'>ed.</span> <span class='ocrx_word' id='word_1_504' title='bbox 1806 2262 2000 2302; x_wconf 84' lang='lat' dir='ltr'>Siebenk.:</span> <span class='ocrx_word' id='word_1_505' title='bbox 2026 2260 2130 2308; x_wconf 85' lang='grc' dir='ltr'>Ἀκτή</span> <span class='ocrx_word' id='word_1_506' title='bbox 2150 2261 2243 2299; x_wconf 82' lang='grc' dir='ltr'>ἐστιν</span> 
     </span>
     <span class='ocr_line' id='line_1_76' title="bbox 1223 2319 2247 2378; baseline -0.006 -16"><span class='ocrx_word' id='word_1_507' title='bbox 1223 2322 1480 2378; x_wconf 80' lang='grc' dir='ltr'>ἀμφιθάλαττος</span> <span class='ocrx_word' id='word_1_508' title='bbox 1564 2321 1620 2360; x_wconf 79' lang='grc' dir='ltr'>διὰ</span> <span class='ocrx_word' id='word_1_509' title='bbox 1641 2326 1743 2360; x_wconf 76' lang='grc' dir='ltr'>τοῦτο</span> <span class='ocrx_word' id='word_1_510' title='bbox 1756 2320 1815 2360; x_wconf 79' lang='grc' dir='ltr'>καὶ</span> <span class='ocrx_word' id='word_1_511' title='bbox 1834 2319 1956 2367; x_wconf 82' lang='grc' dir='ltr'>Ἀκτήν</span> <span class='ocrx_word' id='word_1_512' title='bbox 1973 2335 2058 2373; x_wconf 85' lang='grc' dir='ltr'>φασι</span> <span class='ocrx_word' id='word_1_513' title='bbox 2078 2320 2247 2372; x_wconf 78' lang='grc' dir='ltr'>λεχθῆναι</span> 
     </span>
     <span class='ocr_line' id='line_1_77' title="bbox 1223 2377 2249 2431; baseline -0.008 -10"><span class='ocrx_word' id='word_1_514' title='bbox 1223 2382 1262 2421; x_wconf 87' lang='grc' dir='ltr'>τὸ</span> <span class='ocrx_word' id='word_1_515' title='bbox 1277 2382 1426 2421; x_wconf 78' lang='grc' dir='ltr'>παλαιὸν</span> <span class='ocrx_word' id='word_1_516' title='bbox 1449 2381 1510 2420; x_wconf 82' lang='grc' dir='ltr'>καὶ</span> <span class='ocrx_word' id='word_1_517' title='bbox 1524 2379 1688 2428; x_wconf 70' lang='grc' dir='ltr'>Ἀκτικὴν</span> <span class='ocrx_word' id='word_1_518' title='bbox 1703 2379 1766 2427; x_wconf 84' lang='grc' dir='ltr'>τὴν</span> <span class='ocrx_word' id='word_1_519' title='bbox 1787 2382 1845 2417; x_wconf 76' lang='grc' dir='ltr'>νῦν</span> <span class='ocrx_word' id='word_1_520' title='bbox 1865 2377 2024 2425; x_wconf 78' lang='grc' dir='ltr'>Ἀττικὴν</span> <span class='ocrx_word' id='word_1_521' title='bbox 2043 2391 2249 2431; x_wconf 86' lang='grc' dir='ltr'>παρονομα-</span> 
     </span>
     <span class='ocr_line' id='line_1_78' title="bbox 1225 2435 2248 2493; baseline -0.006 -15"><span class='ocrx_word' id='word_1_522' title='bbox 1225 2443 1364 2479; x_wconf 84' lang='grc' dir='ltr'>σθεῖσαν</span> <span class='ocrx_word' id='word_1_523' title='bbox 1380 2470 1390 2488; x_wconf 89' lang='grc'>,</span> <span class='ocrx_word' id='word_1_524' title='bbox 1422 2438 1475 2478; x_wconf 80' lang='grc' dir='ltr'>ὅτι</span> <span class='ocrx_word' id='word_1_525' title='bbox 1504 2445 1575 2483; x_wconf 89' lang='grc' dir='ltr'>τοῖς</span> <span class='ocrx_word' id='word_1_526' title='bbox 1604 2439 1717 2493; x_wconf 84' lang='grc' dir='ltr'>ὄρεσιν</span> <span class='ocrx_word' id='word_1_527' title='bbox 1753 2437 1986 2476; x_wconf 71' lang='grc' dir='ltr'>ὑπο-πέπτωκε</span> <span class='ocrx_word' id='word_1_528' title='bbox 2016 2435 2056 2474; x_wconf 85' lang='grc' dir='ltr'>τὸ</span> <span class='ocrx_word' id='word_1_529' title='bbox 2085 2436 2248 2473; x_wconf 85' lang='grc' dir='ltr'>πλεῖστον</span> 
     </span>
     <span class='ocr_line' id='line_1_79' title="bbox 1226 2491 2247 2552; baseline -0.006 -15"><span class='ocrx_word' id='word_1_530' title='bbox 1226 2499 1326 2552; x_wconf 80' lang='grc' dir='ltr'>μέρος</span> <span class='ocrx_word' id='word_1_531' title='bbox 1338 2501 1453 2545; x_wconf 76' lang='grc' dir='ltr'>αὐτῆς.</span> <span class='ocrx_word' id='word_1_532' title='bbox 1468 2499 1524 2537; x_wconf 90' lang='lat' dir='ltr'>Cf.</span> <span class='ocrx_word' id='word_1_533' title='bbox 1537 2499 1719 2549; x_wconf 85' lang='lat' dir='ltr'>Apollod.</span> <span class='ocrx_word' id='word_1_534' title='bbox 1734 2511 1795 2548; x_wconf 89' lang='lat' dir='ltr'>ap.</span> <span class='ocrx_word' id='word_1_535' title='bbox 1809 2496 1989 2546; x_wconf 86' lang='lat' dir='ltr'>Stephan.</span> <span class='ocrx_word' id='word_1_536' title='bbox 2001 2498 2090 2545; x_wconf 82' lang='lat' dir='ltr'>Byz.</span> <span class='ocrx_word' id='word_1_537' title='bbox 2104 2491 2247 2539; x_wconf 79' lang='grc' dir='ltr'>ν.Ἀκτὴ</span> 
     </span>
     <span class='ocr_line' id='line_1_80' title="bbox 1228 2553 2248 2612; baseline -0.007 -15"><span class='ocrx_word' id='word_1_538' title='bbox 1228 2559 1419 2612; x_wconf 87' lang='lat' dir='ltr'>(Apollod.</span> <span class='ocrx_word' id='word_1_539' title='bbox 1441 2559 1487 2596; x_wconf 83' lang='lat' dir='ltr'>fr.</span> <span class='ocrx_word' id='word_1_540' title='bbox 1522 2559 1631 2608; x_wconf 85' lang='lat'>157),</span> <span class='ocrx_word' id='word_1_541' title='bbox 1651 2557 1932 2609; x_wconf 88' lang='lat' dir='ltr'>Harpocration</span> <span class='ocrx_word' id='word_1_542' title='bbox 1954 2570 1983 2593; x_wconf 89' lang='lat' dir='ltr'>s.</span> <span class='ocrx_word' id='word_1_543' title='bbox 2013 2555 2051 2593; x_wconf 91' lang='lat' dir='ltr'>h.</span> <span class='ocrx_word' id='word_1_544' title='bbox 2078 2568 2131 2602; x_wconf 78' lang='lat' dir='ltr'>V.‚</span> <span class='ocrx_word' id='word_1_545' title='bbox 2151 2553 2248 2591; x_wconf 84' lang='lat' dir='ltr'>Plin.</span> 
     </span>
     <span class='ocr_line' id='line_1_81' title="bbox 1226 2612 2249 2667; baseline -0.008 -11"><span class='ocrx_word' id='word_1_546' title='bbox 1226 2621 1271 2656; x_wconf 86' lang='lat' dir='ltr'>H.</span> <span class='ocrx_word' id='word_1_547' title='bbox 1293 2621 1338 2656; x_wconf 88' lang='lat' dir='ltr'>N.</span> <span class='ocrx_word' id='word_1_548' title='bbox 1358 2621 1431 2665; x_wconf 89' lang='lat' dir='ltr'>IV,</span> <span class='ocrx_word' id='word_1_549' title='bbox 1462 2624 1480 2661; x_wconf 90' lang='grc'><strong>4</strong></span> <span class='ocrx_word' id='word_1_550' title='bbox 1497 2645 1506 2663; x_wconf 92' lang='grc'><strong>,</strong></span> <span class='ocrx_word' id='word_1_551' title='bbox 1530 2617 1693 2667; x_wconf 84' lang='lat' dir='ltr'>Syncell.</span> <span class='ocrx_word' id='word_1_552' title='bbox 1725 2617 1865 2655; x_wconf 91' lang='lat' dir='ltr'>Chron.</span> <span class='ocrx_word' id='word_1_553' title='bbox 1905 2623 1997 2651; x_wconf 90' lang='lat' dir='ltr'>tom.</span> <span class='ocrx_word' id='word_1_554' title='bbox 2018 2615 2058 2660; x_wconf 91' lang='lat' dir='ltr'>I,</span> <span class='ocrx_word' id='word_1_555' title='bbox 2092 2626 2129 2663; x_wconf 93' lang='lat' dir='ltr'>p.</span> <span class='ocrx_word' id='word_1_556' title='bbox 2159 2612 2249 2660; x_wconf 87' lang='grc'><strong>284,</strong></span> 
     </span>
     <span class='ocr_line' id='line_1_82' title="bbox 1229 2670 2250 2725; baseline -0.006 -12"><span class='ocrx_word' id='word_1_557' title='bbox 1229 2677 1303 2725; x_wconf 87' lang='grc'><strong>289</strong></span> <span class='ocrx_word' id='word_1_558' title='bbox 1324 2676 1382 2713; x_wconf 91' lang='lat' dir='ltr'>ed.</span> <span class='ocrx_word' id='word_1_559' title='bbox 1404 2677 1596 2723; x_wconf 82' lang='lat' dir='ltr'>Dindorf.,</span> <span class='ocrx_word' id='word_1_560' title='bbox 1622 2676 1717 2714; x_wconf 87' lang='lat' dir='ltr'>alios</span> <span class='ocrx_word' id='word_1_561' title='bbox 1731 2703 1740 2721; x_wconf 90' lang='lat'>‚</span> <span class='ocrx_word' id='word_1_562' title='bbox 1761 2675 1827 2725; x_wconf 91' lang='lat' dir='ltr'>qui</span> <span class='ocrx_word' id='word_1_563' title='bbox 1855 2674 2042 2724; x_wconf 84' lang='lat' dir='ltr'>originem</span> <span class='ocrx_word' id='word_1_564' title='bbox 2070 2670 2250 2719; x_wconf 85' lang='lat' dir='ltr'>nominis,</span> 
     </span>
     <span class='ocr_line' id='line_1_83' title="bbox 1227 2731 2252 2785; baseline -0.006 -14"><span class='ocrx_word' id='word_1_565' title='bbox 1227 2733 1330 2784; x_wconf 84' lang='lat' dir='ltr'>quod</span> <span class='ocrx_word' id='word_1_566' title='bbox 1349 2734 1534 2783; x_wconf 88' lang='lat' dir='ltr'>mythicas</span> <span class='ocrx_word' id='word_1_567' title='bbox 1557 2735 1648 2772; x_wconf 88' lang='lat' dir='ltr'>istas</span> <span class='ocrx_word' id='word_1_568' title='bbox 1663 2745 1846 2785; x_wconf 81' lang='lat' dir='ltr'>personas</span> <span class='ocrx_word' id='word_1_569' title='bbox 1863 2731 2023 2776; x_wconf 88' lang='lat' dir='ltr'>creavit,</span> <span class='ocrx_word' id='word_1_570' title='bbox 2046 2737 2149 2767; x_wconf 89' lang='lat' dir='ltr'>recte</span> <span class='ocrx_word' id='word_1_571' title='bbox 2164 2741 2252 2779; x_wconf 86' lang='lat' dir='ltr'>per-</span> 
     </span>
     <span class='ocr_line' id='line_1_84' title="bbox 1228 2800 1449 2843; baseline -0.005 -14"><span class='ocrx_word' id='word_1_572' title='bbox 1228 2800 1449 2843; x_wconf 82' lang='lat' dir='ltr'>spexerunt.</span> 
     </span>
    </p>

    <p class='ocr_par' dir='ltr' id='par_1_14' title="bbox 1229 2847 2254 3298">
     <span class='ocr_line' id='line_1_85' title="bbox 1280 2847 2252 2900; baseline -0.006 -13"><span class='ocrx_word' id='word_1_573' title='bbox 1280 2853 1339 2887; x_wconf 90' lang='lat' dir='ltr'>De</span> <span class='ocrx_word' id='word_1_574' title='bbox 1363 2850 1490 2900; x_wconf 91' lang='lat' dir='ltr'>primo</span> <span class='ocrx_word' id='word_1_575' title='bbox 1510 2863 1611 2887; x_wconf 87' lang='lat' dir='ltr'>anno</span> <span class='ocrx_word' id='word_1_576' title='bbox 1633 2848 1815 2898; x_wconf 87' lang='lat' dir='ltr'>Cecropis</span> <span class='ocrx_word' id='word_1_577' title='bbox 1843 2847 1934 2885; x_wconf 90' lang='lat' dir='ltr'>satis</span> <span class='ocrx_word' id='word_1_578' title='bbox 1953 2858 2089 2897; x_wconf 84' lang='lat' dir='ltr'>magna</span> <span class='ocrx_word' id='word_1_579' title='bbox 2105 2852 2163 2882; x_wconf 90' lang='lat' dir='ltr'>est</span> <span class='ocrx_word' id='word_1_580' title='bbox 2181 2856 2252 2882; x_wconf 86' lang='lat' dir='ltr'>au·-</span> 
     </span>
     <span class='ocr_line' id='line_1_86' title="bbox 1229 2902 2249 2953; baseline -0.008 -7"><span class='ocrx_word' id='word_1_581' title='bbox 1229 2917 1379 2946; x_wconf 88' lang='lat' dir='ltr'>ctorum</span> <span class='ocrx_word' id='word_1_582' title='bbox 1412 2908 1610 2945; x_wconf 87' lang='lat' dir='ltr'>dissensio.</span> <span class='ocrx_word' id='word_1_583' title='bbox 1646 2910 1862 2944; x_wconf 80' lang='lat' dir='ltr'>Hellanicus</span> <span class='ocrx_word' id='word_1_584' title='bbox 1881 2914 1919 2943; x_wconf 90' lang='lat' dir='ltr'>et</span> <span class='ocrx_word' id='word_1_585' title='bbox 1935 2905 2171 2942; x_wconf 76' lang='lat' dir='ltr'>Philochorus</span> <span class='ocrx_word' id='word_1_586' title='bbox 2197 2902 2249 2953; x_wconf 91' lang='lat' dir='ltr'>(v.</span> 
     </span>
     <span class='ocr_line' id='line_1_87' title="bbox 1229 2965 2252 3017; baseline -0.008 -12"><span class='ocrx_word' id='word_1_587' title='bbox 1229 2967 1399 3006; x_wconf 89' lang='lat' dir='ltr'>Philoch.</span> <span class='ocrx_word' id='word_1_588' title='bbox 1414 2967 1459 3004; x_wconf 88' lang='lat' dir='ltr'>fr.</span> <span class='ocrx_word' id='word_1_589' title='bbox 1479 2966 1518 3017; x_wconf 86' lang='lat'>8)</span> <span class='ocrx_word' id='word_1_590' title='bbox 1543 2966 1590 3004; x_wconf 85' lang='lat' dir='ltr'>ab</span> <span class='ocrx_word' id='word_1_591' title='bbox 1609 2969 1741 3016; x_wconf 83' lang='lat' dir='ltr'>Ogyge</span> <span class='ocrx_word' id='word_1_592' title='bbox 1755 2965 1801 3002; x_wconf 85' lang='lat' dir='ltr'>ad</span> <span class='ocrx_word' id='word_1_593' title='bbox 1817 2965 1968 3014; x_wconf 88' lang='lat' dir='ltr'>Olymp.</span> <span class='ocrx_word' id='word_1_594' title='bbox 1989 2977 2005 3000; x_wconf 91' lang='lat'>1</span> <span class='ocrx_word' id='word_1_595' title='bbox 2029 2967 2252 3012; x_wconf 86' lang='lat' dir='ltr'>computant</span> 
     </span>
     <span class='ocr_line' id='line_1_88' title="bbox 1231 3020 2250 3076; baseline -0.009 -12"><span class='ocrx_word' id='word_1_596' title='bbox 1231 3039 1348 3064; x_wconf 84' lang='lat' dir='ltr'>annos</span> <span class='ocrx_word' id='word_1_597' title='bbox 1379 3039 1488 3063; x_wconf 81' lang='lat'>1020.</span> <span class='ocrx_word' id='word_1_598' title='bbox 1510 3029 1663 3076; x_wconf 87' lang='lat' dir='ltr'>Ogyges</span> <span class='ocrx_word' id='word_1_599' title='bbox 1687 3025 1803 3075; x_wconf 85' lang='lat' dir='ltr'>igitur</span> <span class='ocrx_word' id='word_1_600' title='bbox 1823 3022 2025 3073; x_wconf 85' lang='lat' dir='ltr'>ponendus</span> <span class='ocrx_word' id='word_1_601' title='bbox 2042 3034 2077 3058; x_wconf 88' lang='lat' dir='ltr'>a.</span> <span class='ocrx_word' id='word_1_602' title='bbox 2102 3020 2199 3068; x_wconf 88' lang='lat'>1796</span> <span class='ocrx_word' id='word_1_603' title='bbox 2215 3031 2250 3056; x_wconf 87' lang='lat' dir='ltr'>a.</span> 
     </span>
     <span class='ocr_line' id='line_1_89' title="bbox 1231 3080 2250 3131; baseline -0.01 -8"><span class='ocrx_word' id='word_1_604' title='bbox 1231 3085 1318 3123; x_wconf 86' lang='lat' dir='ltr'>Chr.</span> <span class='ocrx_word' id='word_1_605' title='bbox 1335 3084 1396 3122; x_wconf 91' lang='lat' dir='ltr'>Ab</span> <span class='ocrx_word' id='word_1_606' title='bbox 1416 3085 1488 3122; x_wconf 89' lang='lat' dir='ltr'>hoc</span> <span class='ocrx_word' id='word_1_607' title='bbox 1508 3097 1600 3121; x_wconf 87' lang='lat' dir='ltr'>vero</span> <span class='ocrx_word' id='word_1_608' title='bbox 1614 3083 1660 3120; x_wconf 87' lang='lat' dir='ltr'>ad</span> <span class='ocrx_word' id='word_1_609' title='bbox 1681 3085 1890 3131; x_wconf 88' lang='lat' dir='ltr'>Cecropem</span> <span class='ocrx_word' id='word_1_610' title='bbox 1908 3080 2160 3118; x_wconf 87' lang='lat' dir='ltr'>Philochorus</span> <span class='ocrx_word' id='word_1_611' title='bbox 2173 3090 2250 3113; x_wconf 92' lang='lat' dir='ltr'>nu-</span> 
     </span>
     <span class='ocr_line' id='line_1_90' title="bbox 1233 3137 2254 3192; baseline -0.011 -11"><span class='ocrx_word' id='word_1_612' title='bbox 1233 3151 1352 3181; x_wconf 85' lang='lat' dir='ltr'>merat</span> <span class='ocrx_word' id='word_1_613' title='bbox 1375 3157 1407 3179; x_wconf 84' lang='lat' dir='ltr'>a.</span> <span class='ocrx_word' id='word_1_614' title='bbox 1437 3143 1523 3192; x_wconf 87' lang='lat'>189.</span> <span class='ocrx_word' id='word_1_615' title='bbox 1540 3146 1674 3192; x_wconf 82' lang='lat' dir='ltr'>Itaque</span> <span class='ocrx_word' id='word_1_616' title='bbox 1689 3140 1869 3190; x_wconf 82' lang='lat' dir='ltr'>Cecropis</span> <span class='ocrx_word' id='word_1_617' title='bbox 1890 3151 2011 3176; x_wconf 89' lang='lat' dir='ltr'>annus</span> <span class='ocrx_word' id='word_1_618' title='bbox 2029 3137 2176 3188; x_wconf 89' lang='lat' dir='ltr'>primus</span> <span class='ocrx_word' id='word_1_619' title='bbox 2196 3141 2254 3171; x_wconf 87' lang='lat' dir='ltr'>est</span> 
     </span>
     <span class='ocr_line' id='line_1_91' title="bbox 1234 3191 2252 3251; baseline -0.01 -12"><span class='ocrx_word' id='word_1_620' title='bbox 1234 3203 1345 3248; x_wconf 86' lang='lat'>1607,</span> <span class='ocrx_word' id='word_1_621' title='bbox 1364 3201 1430 3251; x_wconf 87' lang='lat' dir='ltr'>qui</span> <span class='ocrx_word' id='word_1_622' title='bbox 1446 3214 1625 3238; x_wconf 89' lang='lat' dir='ltr'>numerus</span> <span class='ocrx_word' id='word_1_623' title='bbox 1660 3212 1760 3237; x_wconf 82' lang='lat' dir='ltr'>anno</span> <span class='ocrx_word' id='word_1_624' title='bbox 1786 3197 1988 3236; x_wconf 81' lang='lat' dir='ltr'>Marmoris</span> <span class='ocrx_word' id='word_1_625' title='bbox 2001 3195 2111 3233; x_wconf 88' lang='lat' dir='ltr'>annis</span> <span class='ocrx_word' id='word_1_626' title='bbox 2129 3193 2178 3231; x_wconf 82' lang='lat'>25</span> <span class='ocrx_word' id='word_1_627' title='bbox 2192 3191 2252 3231; x_wconf 87' lang='lat' dir='ltr'>vel</span> 
     </span>
     <span class='ocr_line' id='line_1_92' title="bbox 1236 3260 1552 3298; baseline -0.006 0"><span class='ocrx_word' id='word_1_628' title='bbox 1236 3261 1283 3298; x_wconf 89' lang='grc'><strong>26</strong></span> <span class='ocrx_word' id='word_1_629' title='bbox 1311 3260 1459 3297; x_wconf 88' lang='lat' dir='ltr'>auctior</span> <span class='ocrx_word' id='word_1_630' title='bbox 1484 3267 1552 3296; x_wconf 84' lang='lat' dir='ltr'>est.</span> 
     </span>
    </p>
   </div>
   <div class='ocr_carea' id='block_1_9' title="bbox 2302 3222 2320 3283">
    <p class='ocr_par' dir='ltr' id='par_1_15' title="bbox 2302 3187 2320 3283">
     <span class='ocr_line' id='line_1_93' title="bbox 2302 3222 2320 3283; textangle 90"><span class='ocrx_word' id='word_1_631' title='bbox 2302 3222 2320 3283; x_wconf 33' lang='lat'>24„</span> 
     </span>
    </p>
   </div>
   <div class='ocr_carea' id='block_1_10' title="bbox 1237 3311 2311 3423">
    <p class='ocr_par' dir='ltr' id='par_1_16' title="bbox 1237 3311 2311 3423">
     <span class='ocr_line' id='line_1_94' title="bbox 1287 3311 2311 3364; baseline -0.012 -9"><span class='ocrx_word' id='word_1_632' title='bbox 1287 3318 1462 3354; x_wconf 78' lang='lat' dir='ltr'>Eusebius</span> <span class='ocrx_word' id='word_1_633' title='bbox 1487 3318 1526 3354; x_wconf 87' lang='lat' dir='ltr'>in</span> <span class='ocrx_word' id='word_1_634' title='bbox 1549 3319 1702 3354; x_wconf 84' lang='lat' dir='ltr'>Canone</span> <span class='ocrx_word' id='word_1_635' title='bbox 1723 3315 1890 3364; x_wconf 88' lang='lat' dir='ltr'>primum</span> <span class='ocrx_word' id='word_1_636' title='bbox 1912 3311 2092 3362; x_wconf 88' lang='lat' dir='ltr'>Cecropis</span> <span class='ocrx_word' id='word_1_637' title='bbox 2112 3321 2253 3347; x_wconf 88' lang='lat' dir='ltr'>annum</span> <span class='ocrx_word' id='word_1_638' title='bbox 2304 3316 2311 3342; x_wconf 66' lang='lat'>&#39;1</span> 
     </span>
     <span class='ocr_line' id='line_1_95' title="bbox 1237 3366 2309 3423; baseline -0.007 -12"><span class='ocrx_word' id='word_1_639' title='bbox 1237 3383 1343 3412; x_wconf 84' lang='lat' dir='ltr'>notat</span> <span class='ocrx_word' id='word_1_640' title='bbox 1371 3379 1415 3413; x_wconf 87' lang='lat' dir='ltr'>N.</span> <span class='ocrx_word' id='word_1_641' title='bbox 1449 3376 1535 3422; x_wconf 77' lang='grc'><strong>46],</strong></span> <span class='ocrx_word' id='word_1_642' title='bbox 1566 3375 1627 3411; x_wconf 86' lang='lat' dir='ltr'>cui</span> <span class='ocrx_word' id='word_1_643' title='bbox 1655 3372 1857 3423; x_wconf 81' lang='lat' dir='ltr'>respondet</span> <span class='ocrx_word' id='word_1_644' title='bbox 1884 3386 1917 3410; x_wconf 82' lang='lat' dir='ltr'>a.</span> <span class='ocrx_word' id='word_1_645' title='bbox 1941 3375 1978 3408; x_wconf 89' lang='lat' dir='ltr'>P.</span> <span class='ocrx_word' id='word_1_646' title='bbox 1999 3374 2031 3408; x_wconf 87' lang='lat' dir='ltr'>J.</span> <span class='ocrx_word' id='word_1_647' title='bbox 2058 3366 2253 3416; x_wconf 77' lang='lat' dir='ltr'>3158,vel</span> <span class='ocrx_word' id='word_1_648' title='bbox 2306 3366 2309 3369; x_wconf 48' lang='lat'><em>⁴</em></span> 
     </span>
    </p>
   </div>
  </div>
 </body>
</html>
