2320 3684
830 148 1023 188 EPHORI
1053 149 1386 190 FRAGMENTA.

57 246 163 295 γαμεῖ
174 239 350 294 Ἆρίσὸην.
354 237 617 289 ἙλΛάνικος(ν.
626 236 670 274 fr.
681 236 767 288 ¹30)
775 234 811 273 δὲ
825 234 973 274 Βάτειαν
984 235 1091 283 αὐτήν

59 315 177 354 φησιν
195 298 321 338 Ἔστιν
333 297 434 351 ἑτέρα
449 298 484 335 ἐν
497 294 626 348 Λέσὸῳ
635 294 704 333 ἀπὸ
711 293 870 348 Ἀρίσὸης
883 296 945 340 τῆς
958 293 1092 333 Μάκα-

61 374 116 412 ρος
123 357 303 412 θυγατρός.
313 356 463 410 Ἔφορος
474 353 510 394 δὲ
519 353 682 407 Μέροπος
693 352 801 401 αὐτὴν
811 353 1024 405 γενεαλογεῖ,
1031 352 1092 391 καὶ

59 415 203 470 πρώτην
228 417 302 456 ἐΑλ
291 414 440 468 ἓξάνδρῳ
454 414 505 466 τῷ
524 411 691 465 Πριάμου
710 413 928 463 γαμηθῆναι.
946 409 1092 464 Ἡρόδο-

59 491 116 519 τος
135 475 172 515 δὲ
198 475 258 514 καὶ
278 474 384 519 ἷάζων
408 470 571 525 Ἀρίσὸαν
589 472 722 510 καλεῖ’
707 486 742 509 εν
758 470 882 524 πρώτῃ
908 471 955 521 (c.
982 485 993 507 ι
1006 470 1089 520 51).

116 539 288 573 Luxatus
302 541 359 571 est
371 533 493 580 locus,
506 539 545 568 et
557 531 611 569 sic
633 530 926 568 constituendus
940 529 1093 567 videtur

60 596 213 635 Marxio
228 610 236 633 :
259 592 467 636 Ἑλλάνικος
483 589 519 630 δὲ
537 591 688 630 Βάτειαν
708 591 816 639 αὐτήν
837 606 960 645 φησιν·
975 588 1090 645 ’Ἐφο-

61 669 117 708 ρος
134 653 170 692 δὲ
254 654 472 704 γαμηθῆναι.
494 650 619 690 Ἔστιν
641 650 743 703 ἑτέρα
808 649 945 703 πρώτῃ.

114 759 415 811 Harpocration:
437 756 598 811 Κε’,6ρην
615 755 715 799 πόλις
730 759 792 803 τῆς
809 754 992 810 Τρῳάδος,
1019 758 1095 796 Κυ-

62 819 177 871 μαίων
195 817 352 867 ἀποικία,
372 816 419 861 ὥς
437 831 542 870 φησιν
552 814 749 909 {geopoc'
734 831 769 854 εν
788 818 831 868 τῇ
846 814 984 869 πρώτῃ.

114 925 242 964 Schol.
267 925 364 963 Plat.
389 923 544 962 Ruhnk.
569 936 609 974 p.
634 923 734 960 322·
726 951 734 958 .
756 920 843 961 “Ὀτι
858 924 975 976 Κᾶρες
989 937 1094 976 πρω-

59 999 114 1024 τοι
161 985 300 1023 δοκοῦσι
333 985 601 1036 μισθοφορῆσαι.
625 984 873 1033 Quapropter
904 985 1095 1020 Homerus

60 1044 117 1094 (Il.
130 1046 202 1091 IX,
213 1043 316 1092 378),
329 1041 392 1080 Ἐν
406 1039 524 1094 Καρὸς
535 1039 631 1093 αἴσῃ.
641 1044 690 1078 Et
699 1041 959 1079 Archilochus
969 1040 1094 1093 λέγων·

62 1101 134 1141 Καὶ
143 1100 184 1149 δὴ
197 1100 368 1154 ’πίκουρος
386 1099 478 1139 ὥστε
504 1098 584 1154 Κὰρ
600 1098 833 1151 κεκλήσομαι.
853 1099 927 1139 Καὶ
943 1098 1097 1155 Ἔφορος

60 1162 96 1200 ἐν
111 1159 144 1200 α’
156 1159 346 1214 Ἱστοριῶν.

113 1267 304 1319 Josephus
317 1270 407 1305 Ant.
432 1265 520 1303 Jud.
540 1211 619 1314 1342.
639 1266 697 1317 (T.
714 1268 746 1314 Ι,
770 1280 809 1317 p.
834 1267 879 1303 18
894 1266 1096 1317 Haverc.):

61 1325 222 1370 Ἡσίοδός
245 1341 284 1364 τε
307 1325 369 1364 καὶ
392 1324 579 1368 Ἑκαταῖος
597 1323 658 1362 καὶ
671 1323 880 1369 Ἑλλάνικος
898 1325 958 1364 καὶ
979 1326 1099 1364 Ἀκου-

62 1385 180 1429 σίλαος
198 1384 258 1423 καὶ
277 1384 364 1439 πρὸς
389 1382 522 1426 τούτοις
546 1381 698 1436 Ἔφορος
717 1384 777 1422 καὶ
805 1383 979 1428 Νικόλαος
998 1387 1098 1423 ἱστο-

63 1449 160 1499 ροῦσι
177 1444 256 1488 τοὺς
275 1442 442 1498 ἀρχαίους
458 1443 629 1490 ζήσαντας
650 1442 712 1491 ἔτη
744 1443 854 1496 χίλια.
876 1448 964 1483 Haec
984 1459 1099 1497 repe-

63 1505 208 1542 tierunt
232 1503 421 1542 Eusebius
446 1506 569 1553 Praep.
596 1505 667 1540 Ev.
687 1506 761 1551 IX,
792 1504 852 1552 13,
875 1517 914 1555 p.
932 1505 1006 1550 415
1021 1507 1099 1544 Co—

61 1564 156 1608 lon.‚
171 1564 370 1613 Syncellus
383 1562 527 1600 Chron.
554 1574 593 1612 p.
623 1563 685 1606 43.

116 1616 259 1654 Plinius
286 1616 370 1661 VH,
389 1615 455 1660 48:
468 1631 483 1647 (ι
496 1614 666 1664 Ephorus
687 1614 770 1665 (ait)
784 1618 972 1653 Arcadum
997 1630 1100 1667 reges

65 1675 163 1712 CCC
186 1688 304 1712 annos
327 1678 479 1711 vixisse.
495 1688 511 1707 n
536 1672 681 1712 Eadem
706 1673 825 1712 habet
861 1675 1098 1714 Censorinus

62 1735 120 1771 De
133 1732 195 1772 die
208 1741 286 1772 nat.
301 1746 385 1784 cap.
399 1731 528 1771 XVII.

463 1842 620 1883 LIBER
648 1843 699 1882 II.

116 1953 400 2005 Harpocration
429 1953 642 2009 Ἀπατούρια
664 1969 672 1992 :
698 1953 854 2008 Ἔφορος
875 1957 912 1992 ἐν
949 1952 1098 2007 δευτέρῳ

63 2013 111 2056 ὡς
143 2010 199 2050 διὰ
215 2010 278 2059 τὴν
314 2011 403 2066 ὑπὲρ
427 2014 497 2052 τῶν
519 2012 622 2067 ὁρίων
646 2013 786 2061 ἀπάτην
807 2011 1016 2065 γενομένην·
1045 2011 1099 2052 ὅτι

61 2070 309 2122 πολεμούντων
325 2070 516 2119 Ἀθηναίων
535 2073 621 2126 πρὸς
647 2072 821 2115 Βοιωτοὺς
838 2070 925 2124 ὑπὲρ
945 2075 1007 2118 τῆς
1028 2074 1098 2110 τῶν

63 2131 250 2170 Μελαινῶν
270 2129 403 2184 χώρας,
424 2130 606 2175 Μέλανθος
633 2135 652 2171 ὁ
680 2134 750 2170 τῶν
769 2131 958 2178 Ἀθηναίων
994 2133 1099 2183 βασι-

61 2188 140 2234 λεὺς
159 2189 296 2228 Ξάνθον
312 2189 371 2229 τὸν
391 2190 550 2237 Θηὸαῖον
577 2194 792 2244 μονομαχῶν
813 2190 1029 2229 ἀπέκτεινεν.

60 2300 104 2333 tis
127 2301 197 2340 filii,
214 2300 313 2333 filiam
338 2310 474 2334 uxorem
502 2302 645 2334 duxisse.
669 2305 791 2335 Verum
816 2302 1003 2334 Hellanicus
1029 2310 1100 2333 eam

61 2349 193 2382 Bateam
236 2348 395 2381 nominat.
431 2350 581 2390 Ephorus
624 2358 702 2382 vero
745 2350 842 2391 hujus
878 2348 1097 2390 genealogiam

66 2403 86 2427 a
98 2397 228 2436 Merope
241 2394 373 2427 deducit
388 2398 421 2427 et
436 2396 575 2436 primam
594 2395 789 2436 Alexandro,
810 2396 928 2428 Priami
944 2396 1021 2435 filio,
1038 2405 1097 2428 nu-

64 2445 153 2484 ptam
172 2442 276 2474 fuisse
291 2442 450 2484 perhibet.
467 2443 538 2476 Alia
554 2445 605 2476 est
621 2443 654 2475 in
671 2444 777 2476 Lesbo
787 2468 797 2483 ‚
812 2453 887 2485 quas
903 2444 944 2476 ab
964 2444 1078 2476 Arisbe
1089 2468 1099 2484 ‚

63 2492 200 2525 Maean-is
227 2490 313 2530 filia,
338 2499 460 2524 nomen
490 2491 605 2524 sortita
627 2494 688 2524 est.
707 2492 892 2525 Herodotus
913 2501 991 2525 vero
1018 2492 1100 2524 libro

64 2536 168 2576 primo
181 2536 280 2569 etiam
294 2538 410 2571 Arisba
421 2539 532 2571 Ionica
546 2539 686 2572 dialecto
710 2540 801 2572 dicit.

545 2597 607 2632 22.

104 2654 230 2688 Cebren
255 2658 306 2689 est
321 2656 438 2689 civitas
453 2656 611 2697 Troadis,
637 2658 861 2690 cumanorum
886 2657 1032 2698 colonia,
1063 2659 1099 2688 ut

65 2701 211 2744 Ephorus
227 2702 341 2735 scribit
356 2702 441 2736 libro
456 2703 573 2745 primo.

97 2815 196 2846 Cares
212 2814 309 2855 primi
325 2765 719 2849 mercenariam2iiiilitiam
732 2816 916 2849 exercuisse
929 2816 1095 2849 videntur.

66 2862 268 2902 Quapropter
287 2864 475 2895 Homerus.
468 2873 475 2880 ·
499 2864 607 2897 «Gari
640 2873 750 2905 parem
776 2863 812 2904 (i.
837 2873 866 2896 e.
884 2864 1000 2904 nihili)
1022 2873 1097 2896 eum

66 2907 176 2940 racio»
160 2908 265 2950 »(qui
278 2911 395 2942 tamen
410 2910 505 2943 locus
516 2911 621 2944 aliter
634 2910 891 2952 explicandus),
909 2913 941 2944 et
956 2912 1097 2944 Archilo-

64 2954 167 3001 chus.
189 2956 395 2989 «auxiliator
407 2957 493 2990 sicut
506 2959 571 2991 Gar
583 2958 771 2991 nominatus
786 2967 871 2991 ero»
883 2961 940 2998 ,et
947 2959 1096 3000 Ephorus

67 2998 169 3042 primo
175 3002 405 3037 Historiarum.

545 3060 610 3092 24.

105 3113 290 3155 Hesiodus,
303 3117 498 3157 Hecataeus,
514 3117 724 3157 Hellanicus,
746 3118 929 3158 Acusilaus‚
944 3118 1095 3160 Ephorus

65 3159 99 3192 et
118 3159 268 3193 Nicolaus
288 3163 410 3194 veteres
446 3141 533 3197 mille
559 3173 661 3196 annos
690 3165 811 3198 vixisse
826 3165 969 3198 tradunt.

447 3224 611 3316 [ΙΒΕἳΙὲ
629 3224 679 3263 ΙΙ.

92 3335 245 3375 Apaturia
251 3336 400 3377 Ephorus
410 3337 495 3371 libro
502 3340 646 3373 secundo
653 3342 699 3373 ita
708 3340 867 3382 appellata
877 3341 957 3374 dicit
964 3343 1095 3382 propter

63 3379 184 3420 ἀπάτην
207 3382 277 3416 sive
293 3383 444 3417 fraudem
467 3386 503 3418 in
527 3385 648 3420 finibus
664 3383 851 3421 dividendis
872 3388 1091 3420 commissam.

2098 161 2175 195 239

1205 239 1350 278 Eadem
1364 252 1412 277 ex
1432 238 1590 290 Ephoro
1603 247 1734 277 narrat
1748 239 1967 290 Apostolius
1980 242 2091 280 Cent.
2105 245 2177 291 ΙΙΙ,

1152 297 1215 339 74,
1247 292 1312 330 ubi
1341 306 1433 330 vero
1457 305 1527 343 pro
1553 294 1617 339 τῆς
1643 293 1714 330 τῶν
1743 292 1929 331 Μελαινῶν
1950 294 2090 345 legitur
2116 297 2181 343 τῆς

1150 350 1354 394 Μελαινίας.
1371 351 1432 389 Ad
1446 365 1527 390 rem
1554 351 1643 390 vide
1668 351 1847 390 Strabon.
1872 355 1954 402 IX,
1973 366 2013 404 p.
2034 354 2125 392 602.

1636 410 1699 448 26.

1204 474 1432 511 Ammonius
1452 478 1506 512 De
1530 474 1612 512 diff.
1629 474 1736 513 verb.
1758 489 1796 527 p.
1820 489 1869 523 70
1888 477 2085 515 Valckena
2104 478 2182 525 Θη-

1151 529 1246 568 ὅαῖοι
1266 530 1326 568 καὶ
1346 532 1565 583 Θηὸαγενεῑς
1585 534 1819 588 διαφέρουσιν,
1838 534 1953 580 καθὼς
1977 536 2181 589 Δίδυμος.

1151 588 1248 642 φησί.
1240 589 1322 632 .Τίς
1335 589 1364 627 δ’
1373 590 1465 629 ἐστὶν
1477 595 1499 638 ἡ
1503 591 1675 652 διαφορὰ,
1687 592 1870 647 Ἔφορος
1854 610 1888 632 εν
1902 598 1945 648 τῇ
1964 594 2106 650 δευτέρα
2116 611 2184 650 φη-

1152 646 1223 686 σίν·
1241 642 1381 687 «Οὗτοι
1406 647 1468 701 μὲν
1485 653 1544 688 οὐν
1565 651 1828 704 συνετάχθησαν
1845 654 1892 696 εἷς
1906 651 1970 699 τὴν
1991 653 2183 693 Βοιωτίαν·

1151 705 1230 750 τους
1261 705 1299 745 δὲ
1331 713 1403 750 τοῖς
1429 707 1620 755 Ἀθηναίοις
1649 709 1793 764 ὁμόρους
1810 715 2081 765 προσοικοῦντας
2116 711 2186 766 ἰδία

1151 764 1436 818 προσηγάγοντο·
1457 766 1641 811 πολλοῖς”
1622 783 1734 807 ετεσιν
1754 768 1894 823 ὕστερον
1914 769 1951 809 δὲ
1980 771 2012 808 οἱ
2047 769 2187 823 σύμμι-

1152 840 1229 863 κτοι
1247 841 1336 872 ησαν
1353 824 1582 878 πολλαχόθεν·
1597 826 1759 879 ἐνέμοντο
1775 827 1813 867 δὲ
1827 828 1890 877 τὴν
1902 829 1970 868 ὑπὸ
1987 829 2047 870 τὸν
2062 832 2187 870 Κιθαι-

1155 886 1248 937 ρῶνα
1265 883 1399 939 χώραν,
1414 883 1474 923 καὶ
1494 884 1598 932 τὴν
1580 886 1795 938 απομαντίον
1815 904 1876 935 της
1897 888 2059 934 Εὖὸοίας.
2083 889 2189 928 ’-Εκα

1152 944 1276 982 λοῦντο
1296 942 1332 982 δὲ
1359 944 1646 996 Θηὸαγενεῖς,”
1625 961 1679 984 οτι
1707 946 1953 999 προσεγένοντο
1978 954 2049 993 τοῖς
2072 948 2189 994 αΛλοις

1154 1004 1319 1046 Βοιωτοῖς
1336 1001 1393 1041 διὰ
1411 1002 1596 1050 Θηὸαίων.
1619 1021 1634 1038 »

1207 1065 1297 1100 Haec
1320 1063 1374 1100 sic
1404 1062 1642 1114 restituenda
1673 1072 1802 1101 censet
1823 1066 1864 1102 C.
1897 1067 1943 1102 Ο.
1978 1066 2117 1103 Miiller
2150 1067 2189 1104 in

1154 1121 1299 1171 Minyis
1321 1135 1363 1172 p.
1385 1122 1458 1172 397
1475 1135 1484 1158 ε
1500 1115 1610 1160 Οῧτοι
1629 1119 1691 1172 μὲν
1709 1115 1767 1160 oliv
1784 1121 2043 1175 συνετάχθησαν
2061 1127 2107 1168 εἷς
2125 1124 2188 1173 τὴν

1157 1180 1341 1220 Βοιωτίαν.
1366 1180 1456 1224 Τους
1468 1180 1506 1220 δὲ
1519 1186 1593 1224 τοῖς
1611 1180 1803 1228 Ἀθηναίοις
1828 1180 1973 1234 ὁμόρους
1991 1198 2191 1236 προσοικει-

1155 1244 1270 1283 οῦντες
1290 1239 1360 1278 ἰδία
1363 1240 1536 1314 ΜΘηὸαῖοι
1554 1240 1823 1315 προσηγάγοντο
1836 1241 1903 1293 (οὐ)
1921 1242 2097 1286 πολλοῖς”
2078 1259 2134 1282 ετε
2137 1260 2189 1282 σιν

1155 1298 1309 1374 ὕστερον.
1330 1294 1441 1339 Οῧτοι
1455 1299 1649 1352 σύμμικτοι
1675 1302 1765 1347 ἦσαν
1783 1299 2046 1352 πολλαχόθεν,’
2032 1301 2193 1353 ενέμοντο

1156 1357 1192 1396 δὲ
1211 1358 1275 1406 τὴν
1296 1360 1364 1398 υπο
1383 1358 1442 1398 τὸν
1460 1361 1666 1412 Κιθαιρῶνα
1681 1357 1801 1413 χώραν
1821 1374 1881 1398 και
1902 1358 1966 1407 τὴν
1989 1360 2192 1400 ἀπεναντίον

1155 1422 1217 1466 τῆς
1234 1417 1398 1467 Εὐὸοίας,
1419 1419 1498 1458 κτλ.

1639 1477 1703 1518 27.

1211 1536 1436 1574 Macrobius
1480 1540 1633 1575 Saturn.
1681 1541 1730 1586 V,
1770 1539 1816 1575 18
1850 1552 1859 1575 ε
1897 1539 2086 1588 Ephorus,
2122 1554 2193 1576 no—

1156 1599 1314 1633 tissimus
1351 1600 1526 1646 scriptor,
1567 1599 1810 1634 Historiarum
1869 1596 1956 1634 libro
1998 1600 2155 1635 secundo
2179 1613 2193 1635 .·

1156 1656 1241 1698 Τοῖς
1255 1653 1318 1706 μὲν
1347 1647 1406 1693 οῧν
1435 1654 1558 1698 ἄλλοις
1581 1661 1753 1706 ποταμοῖς
1776 1657 1808 1694 οἱ
1829 1655 2072 1709 πλησιόχωροι
2090 1655 2194 1708 μόνον

1157 1712 1297 1762 θύουσι,
1330 1713 1390 1753 τὸν
1410 1712 1447 1752 δὲ
1469 1713 1641 1766 Ἀχελῶον
1667 1713 1771 1765 μόνον
1799 1714 1958 1759 ἅπαντας
1992 1714 2194 1769 ἀνθρώπους

1157 1771 1363 1825 συμὸέὸηκε
1380 1779 1504 1826 τιμᾷν·
1523 1773 1583 1825 (οὗ
1603 1778 1675 1817 τοῖς
1691 1779 1818 1818 κοινοῖς
1841 1772 2008 1826 ὀνόμασιν
2029 1774 2106 1813 ἀντὶ
2125 1777 2194 1813 τῶν

1158 1832 1254 1871 ἰδίων
1279 1832 1411 1883 gloss)
1426 1835 1488 1870 τοῦ
1514 1831 1689 1885 Ἀχελώου
1715 1831 1780 1880 τὴν
1800 1832 1889 1872 ἰδίαν
1914 1834 2116 1885 ἐπωνυμίαν
2135 1836 2193 1873 ἐπὶ

1156 1891 1196 1930 τὸ
1212 1891 1324 1930 κοινὸν
1347 1890 1604 1945 μεταφέροντας
1620 1907 1630 1916 ·
1653 1891 1694 1931 τὸ
1709 1891 1771 1944 μὲν
1787 1891 1856 1946 γὰρ
1869 1891 1964 1946 ὕδωρ
1985 1891 2092 1941 ὅλως,
2110 1893 2195 1947 ὅπερ

1158 1951 1232 1990 ἐστὶ
1251 1951 1365 1990 κοινὸν
1384 1950 1515 2002 ὄνομα,
1536 1951 1607 1990 ἀπὸ
1626 1955 1688 1999 τῆς
1707 1952 1797 1997 ἰδίας
1811 1951 1942 1991 ἐκείνου
1958 1952 2196 2006 προσηγορίας

1158 2011 1329 2063 Ἀχελῶον
1343 2011 1521 2062 καλοῦμεν
1532 2026 1540 2035 ·
1557 2012 1628 2050 τῶν
1643 2010 1680 2049 δὲ
1700 2011 1816 2050 ἄλλων
1834 2011 2015 2063 ὀνομάτων
2035 2010 2080 2050 τὰ
2097 2011 2196 2051 κοινὰ

1157 2070 1327 2114 πολλάκις
1341 2070 1422 2119 ἀντὶ
1441 2073 1511 2109 τῶν
1536 2069 1632 2109 ἰδίων
1654 2070 1884 2122 ὀνομάζομεν,
1907 2069 1985 2114 τοὺς
2010 2070 2072 2123 μὲν
2095 2071 2197 2119 Ἀθη-

1157 2130 1273 2174 ναίους
1288 2129 1470 2177 ’Έλληνας
1482 2160 1493 2181 ,
1513 2128 1594 2173 τοὺς
1612 2129 1650 2168 δὲ
1664 2129 1962 2182 Λακεδαιμονίους
1976 2133 2196 2178 Πελοποννη-

1161 2188 1254 2233 σίους
1292 2191 1559 2232 ἀποκαλοῦντες.
1593 2187 1728 2228 Τούτου
1763 2187 1800 2227 δὲ
1839 2189 2069 2242 ἀπορήματος
2096 2189 2194 2229 οὐδὲν

1157 2300 1283 2333 Bellum
1295 2300 1416 2341 quippe
1429 2300 1614 2341 gerentibus
1628 2300 1880 2333 Atheniensibus
1892 2301 2048 2333 adversus
2064 2302 2194 2336 Boeotos

1157 2347 1199 2379 de
1216 2346 1427 2379 Melaenarum
1444 2355 1534 2388 agro,
1550 2347 1747 2388 Melanthus,
1762 2357 1819 2380 rex
1835 2348 2094 2388 Atheniensium,
2110 2350 2194 2380 Xan-

1155 2394 1466 2474 itlhtzrgegpebanum
1498 2394 1532 2426 in
1553 2395 1732 2427 certamine
1753 2395 1910 2436 singulari
1933 2396 2192 2428 circumventum

1642 2509 1705 2542 26.

1197 2565 1341 2598 Thebani
1362 2566 1396 2597 et
1419 2565 1622 2606 Thebagenae
1645 2566 1818 2606 differunt,
1843 2565 1939 2597 sicuti
1955 2564 2117 2606 Didymus
2130 2564 2188 2598 ait.

1155 2614 1236 2650 Quae
1259 2621 1337 2645 vero
1354 2612 1540 2645 differentia
1556 2613 1619 2653 sit,
1642 2614 1793 2655 Ephorus
1811 2611 1890 2644 dicit
1914 2611 1998 2643 libro
2018 2612 2160 2644 secundo
2180 2622 2188 2643 :

1154 2659 1222 2691 «Hi
1241 2659 1351 2700 populi
1369 2660 1573 2700 conjunctim
1598 2660 1798 2701 occuparunt
1813 2658 1982 2691 Boeotiam.
1999 2660 2064 2690 Eos
2080 2659 2189 2691 autem

1153 2705 1209 2746 qui
1224 2705 1480 2737 Atheniensibus
1493 2707 1586 2738 erant
1600 2705 1737 2741 finitimi,
1753 2714 1820 2746 prae
1834 2704 1950 2736 ceteris
1957 2703 2101 2736 Thebani
2115 2705 2190 2737 ami-

1153 2751 1229 2784 citia
1248 2751 1506 2792 sibi-Junxerunt
1523 2761 1561 2784 ac
1585 2752 1676 2792 (non)
1697 2752 1808 2784 multis
1824 2751 1917 2783 annis
1932 2752 2007 2791 post
2027 2750 2069 2782 ad
2082 2758 2116 2782 se
2133 2751 2189 2783 ad-

1152 2797 1326 2830 duxerunt.
1335 2797 1376 2830 Hi
1385 2807 1425 2830 ex
1436 2799 1547 2830 multis
1557 2799 1685 2840 populis
1693 2798 1861 2830 commixti
1870 2800 1988 2829 terram
1998 2795 2189 2831 habitabant

1152 2845 1214 2877 sub
1224 2845 1407 2877 Cithaerone
1420 2848 1516 2886 atque
1527 2855 1544 2877 e
1556 2845 1684 2886 regione
1698 2845 1832 2877 Euboeae
1849 2844 1955 2876 sitam.
1970 2844 2188 2877 Nominaban-

1151 2894 1206 2925 tur
1232 2901 1310 2924 vero
1331 2892 1554 2932 Thebagenae‚
1573 2893 1663 2933 quod
1686 2892 1914 2924 Thebanorum
1941 2890 2052 2924 studio
2068 2891 2185 2925 ceteris

1151 2938 1271 2970 Boeotis
1290 2940 1398 2970 essent
1413 2938 1567 2979 adjuncti.
1584 2951 1599 2966 »

1631 3001 1694 3034 27.

1192 3058 1315 3092 Ceteris
1331 3058 1438 3090 fluviis
1461 3058 1522 3090 soli
1538 3057 1719 3091 accolentes
1742 3058 1898 3091 sacrificia
1923 3059 2058 3100 faciunt,
2074 3070 2177 3094 unum

1151 3115 1228 3138 vero
1254 3106 1432 3138 Acheloum
1469 3105 1577 3137 evenit
1610 3107 1649 3138 ut
1679 3115 1794 3139 omnes
1829 3107 1976 3139 homines
2007 3107 2150 3141 colerent
2171 3133 2182 3150 ‚

1150 3153 1280 3194 proprio
1295 3151 1426 3184 Acheloi
1443 3151 1568 3183 nomini
1584 3152 1849 3194 significationem
1862 3154 2041 3187 tribuentes
2055 3164 2182 3196 genera-

1150 3200 1224 3232 lem.
1244 3199 1385 3231 Omnino
1400 3198 1486 3230 enim
1499 3207 1631 3239 aquam,
1645 3201 1734 3241 quod
1749 3202 1799 3233 est
1816 3210 1934 3233 nomen
1950 3202 2109 3243 generale,
2126 3212 2182 3235 vo—

1149 3246 1267 3279 cabulo
1284 3246 1329 3277 illi
1343 3245 1475 3286 proprio
1493 3254 1650 3279 vocamus
1665 3248 1854 3280 Acheloum.
1870 3248 1942 3281 Alia
1956 3258 2036 3281 vero
2049 3249 2182 3283 nomina

1149 3302 1223 3333 quae
1237 3292 1418 3333 generalem
1431 3292 1551 3325 habent
1561 3293 1640 3334 vim,
1652 3302 1739 3337 saepe
1748 3304 1807 3337 pro
1817 3296 1956 3337 propriis
1970 3305 2180 3338 usurpamus,

1150 3339 1362 3372 Athenienses
1379 3339 1576 3380 appellantes
1589 3342 1735 3384 Graecos,
1749 3343 2013 3376 Lacedaemonios
2027 3343 2180 3384 Pelopon-

1150 3387 1270 3419 nesios.
1293 3386 1464 3428 Duplicem
1485 3387 1569 3420 hanc
1592 3388 1685 3422 vocis
1713 3390 1981 3431 significationem
1995 3400 2060 3426 non
2074 3394 2178 3429 habeo
