2320 3684
137 158 210 190 434

862 145 1197 185 APOLLODORI
1227 146 1556 186 FRAGMENTA.

139 230 239 274 εἶναι.
262 240 354 284 Quae
386 235 516 272 eadem
546 233 748 283 exscripsit
781 232 953 270 Eustath.
977 232 1025 270 ad
1048 232 1092 270 Il.
1120 235 1171 279 Β,
1234 247 1304 284 ριον
1322 233 1486 281 καλοῦσι,
1510 234 1580 270 τῶν
1610 234 1680 270 ἐκεῖ
1712 230 1842 283 μορίων
1869 230 1966 283 παρὰ
1983 231 2100 278 τὸτῆς
2122 231 2261 280 Ἀθηνᾶς

139 310 174 345 p.
194 296 279 333 300.

618 360 680 397 32,

192 430 319 467 Scliol.
347 426 551 478 Sophoclis
577 425 675 463 OEd.
697 425 828 469 Goion.
850 426 919 472 57:
939 424 1051 464 Τιτὰν
1078 426 1174 477 Προ-

140 486 284 538 μηθεὺς]
309 485 397 537 Περὶ
416 488 477 522 τοῦ
493 483 552 521 τὸν
574 482 770 536 Προμηθέα
786 482 864 536 περὶ
878 482 942 531 τὴν
960 483 1175 534 Ἀκαδημίαν

140 546 197 584 καὶ
212 546 270 584 τὸν
289 542 451 583 Κολωνὸν
465 542 646 595 ἱδρῦσθαι,
666 540 924 596 Ἀπολλόδωρος
942 542 1067 597 γράφει
1087 541 1178 581 οὕτω

140 609 183 657 τῇ
199 604 294 657 π[ερὶ
313 605 399 641 θεῶν
413 602 456 653 ?]·
480 619 494 634 «
506 602 726 652 Συντιμᾶται
741 601 775 640 δὲ
795 601 855 640 καὶ
871 603 906 640 ἐν
925 601 1122 656 Ἀκαδημία
1133 604 1177 654 τῇ

142 665 285 716 Ἀθηνα,
306 661 463 714 καθάπερ
483 663 501 698 ὁ
522 658 732 713 “Ἠφαιστος.
762 660 882 700 Kal*
863 677 957 700 εστιν
987 662 1083 715 αὐτῷ
1102 677 1178 699 πα-

141 721 239 760 λαιὸν
275 720 420 774 ἵδρυμα,
452 719 512 757 καὶ
544 719 624 763 ναὸς
671 720 706 757 ἐν
746 721 799 772 τῷ
827 719 965 771 τεμένει
988 722 1051 766 τῆς
1087 723 1178 760 θεοῦ.

142 779 327 818 Δείκνυται
354 777 390 816 δὲ
404 793 464 815 και
485 776 586 828 βάσις
600 776 734 831 ἀρχαία
746 777 837 816 κατὰ
855 777 919 825 τὴν
938 777 1086 827 εἴσοδον,
1104 781 1139 818 ἐν
1156 783 1179 828 ᾗ

141 853 202 876 του
217 854 254 876 τε
275 835 525 890 Προμηθειι>ς’
509 851 585 873 εστι
605 835 711 879 τύπος
729 851 788 874 και
805 840 866 875 τοῦ
885 836 1092 890 Ἡφαίστου.
1109 839 1182 878 Πε-

142 896 287 943 ποίηται
307 896 365 943 δὲ,
385 897 432 938 ὡς
456 893 516 932 καὶ
548 894 797 947 Λυσιμαχίδης
819 910 941 948 φησιν,
959 898 978 934 6
999 893 1060 946 μὲν
1091 898 1183 950 Προ-

144 954 273 1006 μηθεὺς
292 956 429 1007 πρῶτος
465 952 524 991 καὶ
553 951 799 1007 πρεσὸύτερος,
826 955 862 992 ἐν
883 952 976 1007 δεξιᾷ
1004 957 1182 1008 σκῆπτρον

144 1014 248 1067 ἔχων,
265 1018 283 1052 6
302 1012 339 1051 δὲ
354 1012 565 1066 εἭφαιστος,
600 1010 674 1055 νέος
692 1011 752 1050 καὶ
785 1011 939 1066 δεύτερος
955 1028 963 1036 ·
984 1012 1043 1051 καὶ
1069 1013 1185 1065 βωμὸς

147 1074 277 1126 ἀμφοῖν
292 1069 404 1114 κοινός
423 1072 516 1109 ἐστιν
535 1071 571 1108 ἐν
590 1073 634 1123 τῇ
656 1070 760 1122 βάσει
778 1070 1102 1122 ἀποτετυπωμένος.

199 1131 354 1170 Excidit
390 1130 478 1169 libri
498 1143 681 1168 numerus
709 1138 747 1167 et
774 1144 915 1168 nomen
936 1132 1077 1182 operis.
1104 1135 1184 1170 Ms:

413 1200 428 1220 Ξ

145 1248 199 1286 γρ.
221 1231 310 1270 οὕτω
329 1233 387 1277 τῆι
406 1246 443 1268 π.
466 1244 588 1268 vacuo
608 1230 732 1281 spatio
748 1231 890 1268 relicto.

635 1295 698 1332 33.

202 1361 309 1399 Idem
326 1360 417 1398 ibid
442 1374 474 1397 v
496 1360 566 1397 58:
582 1357 790 1402 Χαλκόπους
806 1358 909 1410 ὁδός]
931 1359 998 1403 (Ως
1017 1359 1110 1398 οὕτω
1136 1376 1187 1398 τι-

148 1435 203 1463 νος
222 1417 442 1469 καλουμενου
469 1417 577 1456 τόπου
606 1419 641 1455 ἐν
661 1433 711 1470 τῳ
731 1420 833 1472 ἱερῳ,
856 1418 1075 1478 χαλκόποδος
1098 1420 1187 1458 ὀδοῦ.

149 1477 250 1524 Φησι
266 1476 302 1514 δὲ
320 1456 578 1528 ’Δπολλόδωρος
609 1475 655 1512 δι
675 1477 781 1513 αὐτοῦ
802 1475 998 1514 κατάὸασιν
1029 1479 1118 1514 εἰναι
1145 1478 1190 1520 εἷς

150 1536 269 1593 ᾍδου.
288 1535 361 1574 Και
376 1534 512 1588 Ἴστρος
525 1534 562 1572 δὲ
577 1533 789 1586 μνημονεύει
808 1538 869 1573 τοῦ
887 1536 1023 1586 χαλκοῦ
1037 1535 1116 1574 ὀδοῦ
1131 1552 1191 1574 και

151 1576 383 1644 Ἀστυδάμας.
407 1592 477 1631 Καί
497 1609 549 1637 τις
571 1609 641 1631 των
672 1597 928 1646 χρησμοποιῶν
950 1608 1035 1647 φησι
1056 1611 1071 1627 «
1081 1597 1194 1632 Βοιω-

150 1653 203 1690 τοὶ
224 1652 253 1690 δ’
267 1650 389 1690 ἵπποιο
404 1653 444 1704 (f.
456 1653 600 1700 ἱππηα,
623 1661 664 1690 ut
681 1651 805 1696 ἱππευς
819 1651 970 1696 κολωνὸς
986 1666 1048 1704 ap.
1065 1653 1190 1692 Schol.

152 1712 335 1762 Sophocl.
357 1720 391 1749 et
422 1710 572 1757 ἱππότης
593 1726 629 1749 v.
651 1713 712 1749 60.
727 1712 910 1764 Heynius)
930 1711 1193 1764 ποτιστείχουσι

152 1769 334 1818 Κολωνὸν,
361 1769 474 1809 ’Ἐνθα
503 1769 595 1813 λίθος
627 1770 834 1824 τρικάρανος
860 1770 932 1822 ἔχει
956 1769 1015 1808 καὶ
1043 1771 1194 1823 χάλκεος

152 1828 262 1872 οὐδός.
287 1848 301 1863 »
322 1833 368 1866 V.
390 1830 544 1867 Miiller.
562 1833 672 1867 Eum.
689 1843 729 1880 p.
758 1844 822 1877 ¹7¹
844 1838 922 1866 not.

629 1896 701 1937 34.

208 1963 314 2001 Idem
342 1963 432 2001 ibid.
471 1978 508 2001 v.
548 1964 648 2011 705:
673 1962 808 2007 Κύκλος
852 1964 990 2003 λεύσσει
1030 1981 1081 2003 νιν
1111 1967 1193 2004 Μο-

157 2021 230 2075 ρίου
248 2021 344 2072 Διός]
360 2021 493 2075 Μόριον
514 2022 582 2061 Δία
607 2026 682 2061 εἰπε
700 2023 758 2061 τὸν
787 2021 943 2071 ἐπόπτην
971 2026 1040 2062 τῶν
1063 2024 1192 2078 μορίων

156 2082 295 2119 ἐλαιῶν.
313 2079 416 2119 Και”
397 2096 489 2120 εστιν
504 2083 522 2119 ὃ
537 2083 575 2120 λε
563 2080 721 2132 -γόμενος
737 2080 865 2136 Μόριος
880 2082 967 2126 Ζευς
981 2083 1073 2137 [περὶ
1092 2083 1196 2123 Ἀκα-

158 2139 373 2190 δημίαν],“
349 2155 394 2182 ως
415 2155 520 2194 φησιν
542 2139 846 2194 Ἀπολλόδωρος(
848 2141 957 2196 «Περὶ
978 2141 1193 2194 Ἀκαδημίαν

158 2197 251 2236 ἐστιν
267 2213 308 2246 ο,
329 2214 366 2236 τε
382 2214 443 2236 του
465 2199 692 2238 Καταιὸάτου
714 2199 794 2243 Διὸς
818 2200 958 2252 βωμὸς,
979 2200 1016 2239 δν
1037 2201 1095 2240 καὶ
1116 2201 1194 2240 Μό-

646 2313 708 2350 32.

204 2380 252 2410 De
266 2379 448 2410 Promethei
459 2379 554 2419 juxta
572 2379 778 2411 Academiam
796 2381 895 2420 atque
909 2380 1070 2412 Colonum
1086 2390 1199 2413 conse·

162 2426 307 2458 eratione
322 2425 538 2466 Apollodorus
551 2426 664 2458 scribit
678 2427 749 2458 ita:
774 2427 934 2459 ‹Colitur
950 2427 1003 2459 ille
1025 2428 1059 2460 in
1076 2428 1196 2460 Acade-

163 2474 230 2506 mia
245 2482 311 2505 una
328 2481 404 2505 cum
420 2473 581 2513 Minerva,
604 2474 691 2506 sicut
713 2474 890 2506 Vulcanus.
916 2476 1021 2515 Atque
1036 2478 1085 2507 est
1099 2475 1129 2507 ei
1148 2483 1200 2506 ve-

162 2522 217 2552 tus
232 2519 361 2560 signum
375 2519 554 2572 sanumque
572 2520 605 2551 in
620 2521 761 2552 sacrario
777 2521 857 2553 deae.
876 2523 1078 2553 Mousti-atui
1098 2522 1196 2554 etiam

163 2567 254 2600 basis
267 2567 422 2607 antiqua·
414 2575 447 2598 m
464 2566 580 2607 aditu,
599 2567 631 2598 in
649 2576 713 2608 qua
730 2567 911 2600 Piomethei
928 2567 1056 2606 siguum
1070 2570 1102 2599 et
1122 2567 1199 2599 Vul-

163 2613 250 2645 cani.
267 2612 413 2645 Primum
430 2622 508 2646 vero
521 2614 555 2646 et
566 2613 742 2654 antiquius,
759 2616 796 2646 ut
810 2613 1054 2654 Lysimachides
1068 2623 1198 2655 quoque

166 2659 258 2698 dicit,
276 2658 354 2691 illud
373 2661 423 2692 est
448 2660 631 2692 Promethei
650 2660 764 2693 dextra
785 2662 947 2702 sceptrum
967 2661 1124 2695 tenentis,
1155 2670 1200 2694 se-

168 2708 312 2739 cundum
341 2714 419 2739 vero
446 2715 484 2738 ac
513 2706 670 2739 recentius
689 2707 839 2740 Vulcani.
865 2708 908 2741 Et
927 2715 982 2739 ara
1008 2709 1059 2740 est
1085 2708 1199 2740 utrius-

170 2762 234 2795 que
256 2754 440 2786 communis
458 2753 491 2786 in
507 2753 576 2786 basi
592 2753 710 2787 efficta.

655 2815 716 2848 33.

211 2871 323 2903 Limen
338 2880 459 2904 aereum
468 2883 477 2912 ;
496 2873 544 2904 sic
556 2873 734 2914 appellatur
748 2872 838 2905 locus
849 2873 984 2914 quidam
998 2873 1030 2904 in
1048 2874 1198 2905 sacrario.

171 2919 258 2951 Dicit
272 2928 348 2951 vero
363 2919 579 2960 Apollodorus
594 2928 650 2961 per
665 2920 699 2952 id
718 2920 911 2953 descensum
925 2929 996 2952 esse
1009 2920 1048 2952 ad
1065 2920 1198 2953 iul'eros.

170 2968 273 2998 Istrus
289 2975 419 3007 quoque
431 2966 551 2999 liminis
573 2967 646 3000 aerei
663 2968 811 3000 meminit
823 2969 856 3000 ct
873 2968 1076 3009 Astydamas.
1094 2970 1201 3009 Atque

176 3021 287 3044 eorum
302 3023 387 3046 unus
403 3014 458 3055 qui
476 3015 606 3046 oracula
619 3015 777 3055 condunt,
790 3015 870 3048 dicit
886 3025 894 3046 :
911 3029 926 3043 «
946 3016 1048 3048 Boeoti
1065 3016 1200 3048 tendunt

175 3060 216 3091 ad
239 3060 399 3093 Colonum
422 3065 625 3102 equestrem,
664 3063 719 3095 ubi
748 3072 864 3095 saxum
889 3063 1006 3104 triceps
1039 3066 1071 3096 et
1101 3063 1199 3096 limen

173 3115 304 3138 aereum.
323 3122 338 3133 >›

657 3170 716 3202 34.

216 3224 366 3255 Morium
378 3226 493 3258 lovem
508 3226 593 3259 dixit
607 3235 771 3259 sacrarum
787 3227 930 3259 olearum
943 3252 951 3268 ‚
970 3238 1051 3269 quas
1073 3231 1202 3262 murias

173 3271 315 3303 vocant,
347 3270 572 3311 inspectorem.
608 3276 714 3314 Atque
731 3277 779 3306 est
795 3275 845 3306 hic
865 3276 993 3316 Jupiter
1020 3277 1143 3308 Morius
1161 3277 1200 3309 ad

175 3316 404 3357 Academiam,
432 3321 466 3349 ut
487 3319 565 3351 dicit
589 3321 829 3361 Apollodorus:
849 3325 977 3354 «Juxta
996 3324 1201 3356 Academiam

1231 289 1321 342 ἱερὸν
1335 289 1541 342 ἱδρυμένων.
1561 309 1576 325 »

1288 352 1427 387 «Forte
1441 349 1521 387 haec
1537 349 1584 387 ad
1599 348 1666 386 lib.
1677 351 1790 387 XVII
1806 356 2041 398 spectarunt.
2054 366 2069 383 ιι
2086 352 2262 398 Heynius.

1718 407 1781 444 35.

1290 460 1420 499 Schol.
1435 461 1632 512 Apollonii
1658 463 1694 507 I,
1715 461 1811 509 599:
1829 459 2014 510 Ὄλυμποι
2036 458 2074 499 δέ
2098 461 2184 500 εἰσιν
2208 459 2265 506 ἔξ·

1237 518 1479 568 Μακεδονίας,
1498 518 1718 567 Θεσσαλίας,
1740 511 1827 556 ἐνῗ
1801 535 1829 572 ῳ
1855 518 1914 556 καὶ
1949 517 2134 570 Ὀλύμπιά
2162 535 2267 573 φησιν

1238 576 1494 631 Ἀπολλόδωρος
1526 577 1586 629 ἄγε
1572 580 1686 626 σθαι,
1720 557 1879 626 Μυσίας,
1909 577 2088 627 Κιλικίας,
2103 577 2268 628 Ἤλιδος,

1239 635 1432 689 Ἀρκαδίας.

1294 712 1308 728 α
1325 695 1380 733 Cf.
1399 695 1526 733 Schol.
1546 695 1718 745 Thucyd.
1737 698 1754 733 Ι
1768 725 1778 743 ,
1809 694 1895 732 126.
1927 697 1976 732 Et
2002 696 2200 736 Demosth.
2220 697 2270 736 Π.

1239 753 1462 807 παραπρεσὸ.
1488 767 1526 805 p.
1548 760 1636 801 401,
1669 755 1728 802 13,
1757 754 1936 805 Olympia
1955 767 1976 791 a
1995 754 2195 806 Phiiippo,
2211 768 2277 794 ca·-

1241 821 1305 864 pta
1320 813 1504 863 Olyntho,
1524 821 1607 850 acta
1627 821 1767 851 narrat.
1779 816 1984 861 »Hermum
2003 812 2180 852 Dubitari
2197 827 2272 865 po·-

1243 879 1315 909 test
1334 880 1463 909 utrum
1484 885 1530 909 ex
1552 885 1670 923 opere
1699 871 1778 925 περὶ
1810 873 1895 909 θεῶν
1921 872 2002 909 haec
2022 873 2142 923 petita
2176 873 2274 922 sint,

1243 944 1292 968 an
1310 944 1357 968 ex
1381 930 1581 969 Chronicis
1596 939 1662 968 aut
1678 931 1841 1020 Naggum
1860 931 2055 981 Catalogo.

1299 1036 1422 1074 schol.
1445 1036 1607 1074 Theocr.
1635 1038 1673 1074 11
1689 1066 1698 1083 ,
1715 1038 1764 1073 36
1781 1051 1790 1074 ε
1809 1035 1844 1074 ‘A
1875 1035 1948 1079 θεὸς
1971 1037 2007 1075 ἐν
2029 1035 2217 1089 τριόδοισι·
2236 1037 2278 1077 τὸ

1244 1093 1392 1147 χαλκίον
1421 1095 1468 1138 ὡς
1495 1093 1603 1146 τάχος
1632 1093 1740 1147 ἅχει.]
1777 1094 1848 1134 Τὸν
1881 1094 1948 1148 γὰρ
1982 1095 2115 1148 χαλκὸν
2141 1097 2283 1136 ἐπεῖδον.

1247 1153 1404 1205 (ἐπῇδον,
1420 1153 1445 1190 i.
1458 1166 1491 1190 e.
1509 1154 1683 1190 fecerunt
1696 1154 1886 1201 aoeinere,
1906 1153 2074 1206 ἐπήχουν,
2092 1153 2278 1210 ἐπέκρουον

1247 1216 1387 1262 Heyn.;
1401 1210 1536 1258 ἔπηλαν
1556 1211 1708 1250 Jacobs.
1723 1227 1732 1257 ;
1748 1211 1893 1262 ἤπειγον
1916 1213 2122 1265 Kiessling.
2134 1231 2144 1263 ;
2157 1213 2279 1253 ἔπαιον

1248 1274 1382 1321 Coray.
1407 1270 1455 1308 ad
1490 1270 1680 1308 Plutarch.
1698 1279 1790 1308 tom.
1816 1275 1872 1319 ΙΙ,
1896 1285 1934 1322 p.
1962 1273 2087 1324 468)’
2072 1288 2107 1311 εν
2125 1279 2200 1317 ταῖς
2224 1274 2286 1312 ἐλ-

1247 1330 1383 1383 λείψεσι
1398 1332 1460 1376 τῆς
1479 1327 1628 1376 σελήνης
1646 1344 1705 1367 και
1722 1330 1757 1367 ἐν
1775 1334 1848 1373 τοῖς
1860 1330 2141 1383 κατοιχομένοις,
2160 1330 2280 1380 ἐπειδὴ

1249 1388 1426 1440 ἐνομίζετο
1441 1387 1592 1442 καθαρὸς
1610 1391 1698 1426 εἰναι
1715 1388 1776 1426 καὶ
1795 1388 2028 1433 ἀπελαστικὸς
2039 1392 2108 1428 τῶν
2124 1391 2282 1442 μιασμά-

1249 1464 1332 1488 των.
1351 1446 1481 1500 Διόπερ
1500 1446 1585 1500 πρὸς
1603 1453 1720 1486 πᾶσαν
1742 1447 1933 1501 ἀφοσίωσιν
1954 1448 2017 1489 καὶ
2041 1449 2286 1504 ἀποκάθαρσιν-

1251 1509 1345 1561 αὐτῷ
1361 1523 1376 1545 ε
1380 1521 1537 1559 χρωντο
1555 1505 1602 1549 ὥς
1619 1521 1703 1560 φησι
1717 1506 1777 1544 καὶ
1791 1506 2084 1561 Ἀπολλόδωρος’
2067 1524 2102 1547 εν
2121 1511 2173 1563 τῶ
2201 1509 2283 1564 περὶ

1251 1546 1366 1606 Oeaiv.
1406 1565 1520 1604 Aliud
1541 1566 1749 1606 Scholion:
1770 1565 1823 1604 Τὸ
1846 1565 1926 1618 ἄχει
1964 1566 2041 1605 ἀντι
2071 1570 2133 1606 τοῦ
2154 1547 2283 1622 ’ψόφεῃ

1252 1630 1365 1680 κροῦε.
1382 1625 1486 1664 Ἔπει
1506 1628 1525 1664 6
1538 1629 1598 1663 τοῦ
1620 1619 1792 1676 χαλκου
1769 1640 1855 1677 ηχος
1877 1627 2000 1670 οἰκεῖος
2017 1632 2089 1670 τοῖς
2111 1642 2282 1680 κατοιχο-

1253 1684 1381 1736 μένοις.
1406 1684 1525 1732 Φησιν
1547 1682 1804 1737 Ἀπολλόδωρος
1828 1684 1991 1732 Αθννησι
2003 1701 2062 1724 τον
2077 1687 2283 1741 ἱεροφάντην

1221 1762 1226 1789 i
1251 1748 1314 1792 τῆς
1348 1742 1465 1797 Κόρης
1499 1742 1776 1794 ἐπικαλουμένης
1804 1743 1998 1796 ἐπικρούειν
2026 1744 2067 1783 τὸ
2097 1745 2283 1797 λεγόμενον

1252 1807 1384 1856 ἠχεῖον.
1418 1802 1488 1841 Καὶ
1510 1800 1604 1855 παρὰ
1634 1801 1802 1850 Λάκωσι,
1833 1801 2003 1854 βασιλέως
2031 1804 2285 1852 ἀποθανόντος,

1254 1861 1395 1900 εἰώθασι
1409 1859 1543 1914 κρούειν
1557 1859 1702 1908 λε’ὃητα.

1308 1967 1434 2006 schol.
1455 1967 1615 2004 Theocr.
1641 1966 1700 2004 Id.
1719 1912 1871 2013 ὶὲἵίιιε
1859 1967 2135 2028 Λυτιέρσης...
2141 1984 2284 2007 ,τουτον

1255 2025 1292 2064 δέ
1312 2041 1416 2080 φησιν
1442 2024 1699 2078 Ἀπολλόδωρος
1725 2023 1819 2078 ᾠδὴν
1847 2029 1935 2064 εἶναι
1964 2029 2142 2080 θεριστῶν,
2173 2027 2284 2079 λέγων

1255 2084 1364 2123 οὕτω·
1381 2083 1609 2144 «Καθάπερ
1594 2100 1628 2122 εν
1642 2082 1709 2158 μὲν
1723 2083 1858 2137 θρήνοις
1877 2084 2081 2136 Ἰάλεμος,’
2066 2101 2101 2124 εν
2115 2085 2151 2125 δὲ
2168 2085 2287 2138 ὕμνοις

1254 2142 1388 2186 Ἴουλος
1400 2173 1410 2191 ,
1443 2143 1502 2196 ἀφ’
1528 2145 1576 2180 ων
1597 2158 1656 2181 και
1674 2142 1735 2186 τὰς
1753 2141 1845 2196 ᾠδὰς
1863 2142 1969 2187 αὐτὰς
2001 2145 2180 2193 καλοῦσιν,
2194 2161 2286 2185 ουτω

1256 2202 1314 2240 καὶ
1326 2204 1395 2240 τῶν
1408 2203 1572 2255 θεριστων
1584 2200 1656 2255 ὠδὴ
1667 2181 1892 2255 Autts'pcnq.»
1877 2203 1955 2241 »Cf
1972 2203 2170 2242 Athenaeus
2177 2208 2285 2251 XIV

1259 2310 1463 2351 descendit),
1495 2319 1592 2351 quem
1610 2311 1708 2342 etiam
1729 2310 1870 2342 Morium
1899 2311 2068 2343 nominant
2084 2311 2126 2344 ab
2145 2312 2224 2345 oleis
2244 2313 2284 2345 ad

1258 2358 1414 2390 Minervae
1433 2357 1590 2398 templum
1607 2357 1813 2389 consecratis.
1835 2371 1850 2385 »

1742 2412 1804 2444 35.

1300 2463 1430 2504 Olympi
1458 2464 1672 2495 numerantur
1697 2472 1777 2495 sex:
1795 2463 2008 2504 Macedoniae,
2034 2464 2230 2505 Thessaliae,
2250 2465 2284 2497 ln

1258 2520 1323 2551 quo
1341 2510 1437 2542 etiam
1455 2510 1606 2551 Olympia
1621 2510 1672 2551 agi
1689 2510 1905 2551 Apollodorus
1930 2510 2031 2550 dicit,
2053 2511 2191 2552 Mysiae,
2208 2511 2282 2544 Cili-

1258 2557 1327 2597 ciae,
1346 2557 1460 2597 Elidis,
1475 2557 1634 2590 Arcadiae.
1742 2605 1791 2639 36

1300 2659 1356 2689 AEs
1382 2656 1554 2698 pulsabant
1578 2657 1612 2688 in
1638 2657 1725 2690 lunae
1745 2657 1871 2690 defectu
1887 2657 1974 2689 etad
1999 2659 2157 2698 mortuos,
2183 2666 2286 2699 quum

1259 2706 1425 2744 putaretur
1437 2712 1554 2744 purum
1568 2712 1640 2735 esse
1655 2706 1687 2736 et
1699 2703 1838 2736 liberans
1850 2712 1869 2735 a
1883 2703 2166 2736 contaminatione.
2181 2705 2293 2742 Quare,

1259 2751 1301 2782 ad
1318 2759 1447 2782 omnem
1462 2750 1678 2791 expiationem
1692 2753 1726 2783 et
1747 2750 2014 2792 expurgationem
2037 2759 2075 2782 eo
2092 2750 2286 2792 utebantur,

1262 2799 1300 2829 ut
1315 2797 1531 2838 Apollodorus
1545 2807 1675 2838 quoque
1691 2798 1724 2829 in
1738 2797 1820 2829 libro
1834 2797 1874 2829 de
1884 2797 1956 2829 Diis
1970 2797 2125 2839 inscripto
2134 2798 2284 2830 testatur.

1301 2846 1372 2876 Vox
1387 2844 1456 2885 ἄχει
1471 2844 1504 2874 in
1519 2844 1692 2876 Theocrito
1706 2844 1810 2885 posita
1824 2846 1874 2876 est
1887 2853 1947 2885 pro
1961 2843 2071 2885 ψόφει,
2085 2847 2176 2887 κροῦε
2188 2867 2198 2883 ,
2218 2844 2240 2876 i.
2254 2852 2285 2877 e.
2316 2862 2320 2870 *-

1256 2891 1375 2931 pulsa.
1403 2890 1532 2922 Etenim
1558 2891 1632 2922 aeris
1648 2899 1748 2922 sonus
1770 2890 1972 2931 peculiariter
1995 2890 2133 2931 pertinet
2147 2891 2187 2922 ad
2211 2890 2290 2924 info-
2316 2908 2320 2910 -

1261 2946 1325 2970 ros.
1343 2936 1561 2978 Apollodorus
1577 2937 1657 2969 dicit
1672 2937 1806 2970 Athenis
1821 2937 2056 2978 sycophantam
2075 2937 2110 2969 in
2123 2937 2287 2979 Proserpi·

1259 2995 1310 3017 na·
1325 2984 1526 3016 invocatione
1538 2985 1644 3025 ἢχεῖον
1655 2985 1741 3025 quod
1758 2984 1882 3023 dicunt,
1894 2984 1915 3015 i.
1931 2993 1959 3016 e.
1978 2993 2035 3015 vas
2047 2993 2168 3016 aereum
2183 2985 2227 3016 ita
2241 2983 2285 3016 sn·
2318 3008 2320 3012 .

1260 3033 1438 3071 bricatum‚
1459 3033 1512 3069 ut,
1536 3039 1638 3070 quum
1663 3031 1821 3071 tangitur,
1853 3031 1996 3062 sonitum
2011 3030 2118 3070 saciat,
2145 3031 2284 3072 pulsare.
2318 3052 2320 3056 .

1260 3079 1353 3121 Apud
1377 3078 1643 3111 Lacedaemonios
1659 3087 1800 3120 quoque,
1818 3077 1871 3109 ubi
1889 3087 1942 3110 rex
1960 3077 2027 3109 vita
2045 3077 2230 3118 decesserit,
2246 3077 2286 3110 Ιο-

1260 3126 1366 3158 betem
1385 3125 1512 3166 pulsare
1528 3125 1641 3156 solent.

1741 3179 1801 3211 37.

1303 3233 1467 3275 Lvtiersen
1475 3232 1690 3274 Apollodorus
1703 3231 1781 3263 dicit
1793 3230 1987 3263 cantilenam
2003 3239 2074 3263 esse
2089 3238 2284 3282 messorum,
2316 3251 2320 3254 -

1262 3278 1312 3310 his
1341 3282 1435 3310 utens
1454 3278 1587 3310 verbis:
1609 3279 1686 3310 «Ut
1712 3277 1743 3308 in
1762 3277 1884 3309 threnis
1914 3276 2073 3315 latemus,
2103 3275 2137 3307 in
2157 3274 2284 3317 hymnis

1263 3335 1339 3358 vero
1355 3325 1468 3364 lulus,
1487 3334 1506 3357 a
1517 3325 1637 3366 quibus
1646 3325 1743 3357 ctiam
1759 3324 1846 3365 ipsas
1859 3324 2034 3356 cantilenas
2047 3322 2091 3355 ita
2104 3323 2284 3363 nominant,

173 3373 230 3396 ara
252 3365 301 3396 est
318 3365 409 3395 Joxis
425 3366 600 3398 Catabatae
623 3367 656 3401 (i.
678 3377 706 3400 e.
724 3370 784 3409 qui
797 3377 864 3410 pm
878 3369 1040 3409 fulmina
1060 3371 1102 3404 de
1117 3372 1201 3404 coelo
1226 3378 1234 3408 ι
1262 3374 1310 3406 sic
1322 3373 1420 3406 etiam
1435 3381 1617 3406 messorum
1639 3372 1799 3405 cantilena
1814 3371 2016 3412 Lytiermses
