2320 3684
129 185 202 218 170

182 264 211 290 ¹¹
220 257 314 307 Ἶλος
331 262 367 302 δὲ
381 261 497 314 γήμας
513 258 710 314 Εὐρυδίκην
723 256 787 304 τὴν
798 255 1000 310 Ἀδράστου,
1009 254 1156 307 Λαομέ-

127 323 231 362 δοντα
245 322 427 374 ἐγέννησεν
444 337 451 344 ·
472 320 508 364 ὃς
522 324 630 371 γαμεῖ
648 314 803 371 Στρυμὼ
819 313 883 363 τὴν
904 314 1157 369 Σκαμάνδρου·

127 379 219 420 κατὰ
233 380 269 419 δὲ
287 379 406 428 τινὰς,
423 377 586 418 Πλακίαν
606 374 670 422 τὴν
689 371 854 427 Ἀτρέως,
870 373 948 411 κατ’
973 370 1082 416 ἐνίους
1100 370 1159 420 δὲ,

128 441 353 481 Λευκίππου·
371 439 430 478 καὶ
447 443 562 476 τεκνοῖ
578 436 706 479 παῖδας
724 433 787 486 μὲν
804 433 976 483 Τιθωνὸν,
993 432 1161 485 Λάμπω-

129 516 192 549 να,
211 499 377 548 Κλύτιον,
410 495 610 544 Ἱκετάονα,
637 493 850 547 Ποδάρκην·
886 490 1076 545 θυγατέρας
1103 489 1161 540 δὲ,

131 556 313 607 “Ησιόνην,
331 556 390 595 καὶ
410 555 546 595 Κίλλαν
573 554 634 592 καὶ
648 550 846 605 Ἀστυόχην
862 567 871 575 ·
892 553 932 590 ἐκ
958 550 995 590 δὲ
1020 549 1160 604 νύμφης

133 617 301 665 Καλύὸης
322 615 558 656 Βουκολίωνα.

185 676 242 727 (4)
259 675 415 716 Τιθωνὸν
429 674 492 726 μὲν
508 668 566 712 οῦν
586 671 680 716 Ἠὼς
693 671 885 725 ἁρπάσασα
905 670 947 709 δι’
962 669 1095 724 ἔρωτα,
1116 670 1164 712 εἷς

133 734 319 774 Αἰθιοπίαν
348 733 505 786 κομίζει·
534 734 636 771 κάκεῖ
669 733 881 770 συνελθοῦσα
908 735 1013 783 γεννᾷ
1038 728 1165 771 παῖδας

133 793 344 844 Ἠμαθίωνα
361 793 420 831 καὶ
441 790 623 844 Μέμνονα.

189 853 243 905 (5)
269 851 372 891 Μετὰ
392 851 428 890 δὲ
455 851 496 890 τὸ
514 853 694 906 αἱρεθῆναι
717 847 825 888 Ἴλιον
843 845 1165 901 ὓπὸ’Ἡρακλέους,

135 913 182 955 ὡς
195 911 319 966 μικρὸν
338 910 484 964 πρόσθεν
505 913 590 961 ἡμῖν
607 908 790 956 λέλεκται,
805 905 1009 945 ἐὸασίλευσε
1026 904 1168 958 Ποδάρ-

135 985 200 1017 κης
219 974 236 1008 ὃ
255 970 393 1017 κληθεὶς
410 969 591 1023 Πρίαμος·
610 967 697 1007 2καὶ
715 972 823 1018 γαμεῖ
841 964 984 1019 πρώτην
1003 963 1166 1017 Ἀρίσὸην

137 1028 200 1076 τὴν
223 1028 405 1082 Μέροπος·
426 1028 460 1073 ἐξ
477 1022 519 1075 ἧς
551 1029 647 1080 αὐτῷ
675 1031 758 1069 παῖς
776 1024 932 1067 Αἴσακος
962 1022 1114 1075 γίνεται,
1133 1021 1169 1065 ὃς

138 1086 268 1139 ἔγημεν
291 1085 505 1141 Ἀστερόπην
522 1085 585 1133 τὴν
603 1084 782 1138 Κεὸρῆνος
808 1081 1001 1136 θυγατέρα,
1024 1081 1067 1128 ἣν
1087 1096 1171 1119 πεν-

138 1149 206 1184 θῶν
226 1148 467 1185 ἀποθανοῦσαν
493 1143 720 1198 ἀπωρνεώθη.
742 1143 758 1169 3
773 1141 935 1196 Πρίαμος
951 1140 987 1178 δὲ
1002 1139 1168 1193 Ἀρίσὸην

139 1204 259 1249 ἐκδοὺς
275 1205 462 1259 <Υρίτάκῳ,
487 1199 648 1257 δευτέραν
674 1202 802 1253 ἔγημεν
821 1199 980 1246 Ἑκάὸην
1006 1198 1070 1246 τὴν
1097 1196 1171 1236 Δύ-

141 1279 270 1316 μαντος
292 1263 329 1313 ἢ,
346 1263 393 1307 ὥς
409 1262 499 1307 τινές
522 1278 629 1317 φασι,
651 1259 830 1308 Κισσέως,
857 1258 892 1307 ἢ,
917 1261 964 1301 ὡς
982 1257 1092 1311 ἕτεροι
1108 1254 1172 1294 λέ-

139 1338 274 1375 γουσιν,
294 1322 493 1376 Σαγγαρίου
511 1324 672 1372 ποταμοῦ
690 1319 749 1358 καὶ
769 1316 958 1364 Μετώπης.
975 1316 990 1340 4
1003 1318 1173 1355 Γεννᾶται

142 1381 179 1419 δὲ
197 1383 286 1434 αὐτῇ
311 1384 447 1436 πρῶτος
468 1379 531 1432 μὲν
551 1380 715 1432 “Ἐκτωρ·
746 1376 906 1430 δευτέρου
930 1375 966 1413 δὲ
988 1375 1174 1426 γεννᾶσθαι

144 1440 332 1492 μέλλοντος
356 1439 522 1494 βρέφους,
541 1437 654 1483 ἔδοξεν
678 1435 818 1483 Ἑκάὸη
845 1434 922 1473 καθ’
949 1432 1043 1486 ὕπαρ
1069 1431 1173 1471 δαλὸν

143 1505 256 1538 τεκεῖν
285 1499 465 1552 διάπυρον·
485 1501 607 1536 τοῦτον
638 1495 675 1534 δὲ
707 1501 824 1533 πᾶσαν
855 1491 1081 1544 ἐπινέμεσθαι
1111 1489 1174 1538 τὴν

143 1557 244 1596 πόλιν
265 1558 323 1597 καὶ
341 1557 465 1597 καίειν.
485 1554 644 1596 5Μαθὼν
666 1554 702 1592 δὲ
723 1554 886 1607 Πρίαμος
916 1552 999 1606 παρ’
1020 1549 1177 1597 Ἑκάὸης

144 1617 202 1655 τὸν
232 1617 376 1671 ὄνειρον,
407 1615 564 1655 Αἴσακον
591 1613 649 1653 τὸν
667 1613 738 1652 υἱὸν
758 1611 1025 1664 μετεπέμψατο·
1050 1603 1093 1657 ἦν
1109 1608 1177 1663 γὰρ

145 1676 378 1730 ὀνειροκρίτης
394 1674 491 1730 παρὰ
515 1678 576 1712 τοῦ
602 1672 867 1727 μητροπάτορος
894 1669 1059 1724 Μέροπος
1083 1668 1179 1706 διδα-

146 1734 252 1786 χθείς.
272 1729 411 1777 6Οῦτος
429 1732 549 1781 εἰπὼν,
566 1735 628 1778 τῆς
646 1730 811 1784 πατρίδος
819 1727 980 1780 γενέσθαι
992 1727 1051 1765 τὸν
1069 1727 1178 1764 παῖδα

148 1791 339 1842 ἀπώλειαν,
360 1795 509 1831 ἐκθεῖναι
524 1792 564 1830 τὸ
583 1789 705 1844 βρέφος
725 1788 898 1827 ἐκέλευσε.
918 1786 1104 1840 7Πρίαμος
1123 1784 1178 1833 δὲ,

147 1853 196 1895 ὡς
211 1851 378 1902 ἐγεννήθη
397 1851 438 1889 τὸ
454 1849 577 1904 βρέφος
595 1849 734 1887 δίδωσιν
758 1849 908 1885 ἐκθεῖναι
932 1843 1049 1897 οἰκέτῃ
1078 1843 1181 1894 κομί-

149 1926 248 1949 σοντι
272 1912 319 1954 εἷς
337 1908 450 1957 Ἴδην.
475 1911 520 1948 Ὁ
541 1908 578 1947 δὲ
611 1906 749 1954 οἰκέτης
771 1904 933 1957 Ἀγέλαος
960 1903 1179 1954 ὠνομάζετο·

150 1967 246 2008 τὸ-δὲ
271 1968 407 2007 ἐκτεθὲν
429 1968 497 2007 ὑπὸ
527 1966 651 2006 τούτου
680 1964 803 2020 βρέφος
833 1963 929 2003 πένθ’
955 1961 1090 2016 ἡμέρας
1114 1961 1181 1999 ὑπὸ

152 2028 281 2082 ἄρκτου
302 2028 447 2082 ἐτράφη.
465 2032 482 2056 8
494 2027 536 2066 Ὁ
557 2025 593 2064 δὲ
611 2025 807 2076 σωζόμενον
822 2022 945 2077 εὑρὼν,
966 2024 1178 2074 ἀναιρεῖται,

151 2087 211 2126 καὶ
228 2087 378 2138 κομίσας
389 2117 399 2135 ,
420 2078 476 2124 ἐπὶ
490 2088 559 2124 τῶν
576 2083 717 2138 χωρίων
737 2085 783 2127 ὡς
800 2082 885 2120 ἴδιον
899 2081 1009 2119 παῖδα
1028 2078 1181 2133 ἔτρεφεν,

153 2145 329 2198 ὀνομάσας
338 2145 466 2199 Πάριν.
487 2148 503 2172 9
515 2143 704 2195 Γενόμενος
718 2141 755 2180 δὲ
771 2139 1034 2188 νεανίσκος,καὶ
1042 2140 1181 2177 πολλῶν

153 2204 325 2260 διαφέρων
364 2206 486 2244 κάλλει
511 2220 550 2243 τε
578 2203 638 2242 καὶ
673 2201 774 2256 ῥώμῃ
789 2232 798 2250 ,
834 2195 931 2243 αὖθις
963 2198 1184 2252 Ἀλέξανδρος

152 2262 436 2319 προσωνομάσθη
447 2293 456 2311 ,
473 2261 604 2315 λῃστὰς
617 2259 845 2311 ἀμυνόμενος,
857 2258 916 2296 καὶ
927 2263 999 2301 τοῖς
1011 2256 1185 2307 ποιμνίοις

154 2326 326 2374 ἀλεξήσας
337 2357 347 2376 ,
365 2325 450 2379 ὅπερ
468 2325 542 2363 ἐστὶ
562 2323 747 2377 βοηθήσας.
767 2322 837 2361 Καὶ
859 2321 934 2373 μετ’
952 2322 990 2359 οὗ
1004 2319 1094 2358 πολὺ
1107 2319 1186 2363 τοὺς

153 2386 277 2440 γονέας
296 2388 428 2439 ἀνεῦρε.

214 2448 245 2473 ¹⁰
263 2445 365 2485 Μετὰ
382 2447 504 2483 τοῦτον
533 2441 715 2494 ἐγέννησεν
734 2439 873 2487 ‘Eadem
897 2437 1086 2493 θυγατέρας
1123 2437 1186 2490 μὲν

157 2505 354 2559 Κρέουσαν,
374 2502 566 2550 Λαοδίκην,
590 2499 804 2548 Πολυξένην,
830 2497 1084 2551 Κασσάνδραν·
1113 2499 1142 2523 ¹¹
1164 2491 1188 2548 ἦ

159 2566 334 2604 συνελθεῖν
358 2561 566 2615 βουλόμενος
593 2559 785 2606 Ἀπόλλων,
811 2556 875 2603 τὴν
903 2555 1075 2607 μαντικὴν
1100 2554 1189 2594 ὑπέ-

159 2639 266 2677 σχετο
290 2621 451 2667 διδάξειν.
479 2620 525 2659 ‘H
558 2618 594 2657 δὲ
618 2621 778 2670 μαθοῦσα
807 2617 845 2654 οὗ
882 2616 1061 2662 συνῆλθεν.
1080 2613 1188 2653 ςὈθεν

161 2682 339 2727 Ἀπόλλων
367 2679 527 2735 ἀφείλετο
557 2681 620 2725 τ’ῆς
652 2678 822 2728 μαντικῆς
843 2676 948 2712 αὐτοῦ
981 2673 1021 2711 τὸ
1048 2672 1189 2711 πείθειν.

163 2737 305 2785 12Α’ὖθις
322 2742 358 2778 δὲ
378 2739 505 2782 παῖδας
523 2735 687 2789 ἐγέννησε
703 2732 1065 2788 Δηΐφοὸον,(Ἐλενον,
1079 2731 1192 2782 Πάμ-

164 2818 274 2854 μονα,
307 2799 479 2847 Πολίτην,
516 2796 696 2848 Ἄντιφον,
735 2791 931 2840 Ἱππόνοον,
967 2789 1192 2843 Πολύδωρον,

163 2859 337 2915 Τρωΐλον.
356 2861 491 2898 Τοῦτον
519 2854 553 2901 ἐξ
579 2853 797 2896 Ἀπόλλωνος
821 2850 962 2903 λέγεται
985 2848 1195 2901 γεγεννηκέ*

163 2936 233 2960 ναι.

223 2977 331 3016 13Ἐκ
349 2975 384 3014 δὲ
397 2975 512 3014 ἄλλων
533 2974 708 3026 γυναικῶν
729 2969 886 3024 Πριάμῳ
902 2967 1023 3010 παῖδες
1041 2965 1196 3018 γίνονται

168 3036 399 3078 Μελάνιππος
412 3065 422 3083 ,
475 3031 690 3086 Γοργυθίων,
741 3028 948 3079 Φιλαίμων,
995 3024 1195 3074 Ἱππόθοος,

170 3097 327 3137 Γλαῦκος
340 3124 350 3141 ,
376 3092 545 3144 Ἀγάθων,
572 3088 798 3144 Χερσιδάμας
811 3118 821 3136 ,
842 3084 1046 3138 Εὐαγόρας,
1071 3083 1198 3122 Ἱππο-

173 3154 305 3204 δάμας,
320 3151 498 3204 Μήστωρ,
514 3149 618 3193 Ἄτας
632 3180 642 3198 ,
660 3146 855 3202 Δόρυκλος,
875 3144 1040 3192 Λυκάων,
1065 3141 1198 3196 Δρύοψ,

175 3212 278 3259 Βίας,
310 3209 488 3263 Χρόμιος,
517 3206 740 3258 Ἀστυγόνος,
771 3203 967 3252 Τελέστας,
1001 3201 1199 3254 Εὔανδρος,

177 3267 386 3322 Κεὸριόνης,
413 3267 568 3314 Μήλιος,
598 3263 816 3319 Ἀρχέμαχος
828 3294 837 3312 ,
868 3260 1065 3309 Λαοδόκος,
1095 3256 1201 3311 Ἐχέ-

177 3343 286 3379 φρων,
306 3324 516 3376 Ἰδομενεὺς,
543 3323 732 3377 Ὑπερίων,
758 3321 958 3369 Ἀσκάνιος,
991 3316 1200 3370 Δημοκόων,

178 3386 364 3439 Ἀρῤητος,
379 3381 575 3431 Δηϊόπτης,
597 3380 762 3429 Κλόνιος,
784 3379 963 3432 Ἐχέμων,
981 3377 1199 3431 Ὑπείροχος,

718 169 1104 210 ΑΠΟΛΑΟΔΩΡΟΥ
1132 168 1481 209 ΒΙΒΛΙΟΘΗΚΗΣ
1509 169 1551 216 Γ,
1582 166 1639 206 26¹.

1257 268 1371 308 ¹¹Ilus,
1398 269 1495 301 ducta
1517 267 1679 310 Eurydice
1701 265 1830 300 Adrasti
1839 265 1917 306 filia,
1928 267 2178 300 Laomedontem
2186 276 2236 309 ge-

1215 326 1298 367 nuit;
1310 326 1338 359 is
1351 335 1486 359 uxorem
1502 327 1586 368 cepit
1607 328 1737 367 Strymo
1750 325 1949 366 Scamandri,
1967 323 2146 357 secundum
2158 324 2238 357 alios

1216 393 1294 418 vero
1322 385 1464 418 Placiam
1493 386 1583 418 Atrei
1600 385 1729 427 (Catrei
1740 384 1772 426 9)
1806 383 1903 416 filiam
1915 406 1924 420 ,
1940 383 2013 424 vel,
2035 385 2072 415 ut
2088 383 2239 415 nonnulli

1217 443 1342 485 dicunt,
1350 445 1503 487 Leucippi
1525 445 1729 486 (Leucippen
1740 444 1771 486 Ρ)
1782 453 1796 481 ,·
1816 446 1913 484 atque
1927 442 2011 474 filios
2021 442 2154 483 quidem
2168 451 2239 484 pro·

1218 504 1338 536 creavit
1349 504 1537 544 Tithonum,
1555 506 1766 545 Lamponem‚
1777 502 1933 543 Clytium,
1946 501 2166 541 Hicetaonem,
2183 502 2242 533 Po-

1219 563 1347 603 darcen,
1362 562 1442 595 filias
1455 565 1563 596 autem
1578 563 1739 596 Hesionen
1755 564 1786 594 et
1801 561 1917 595 Gillam
1936 563 1968 593 et
1987 559 2172 601 Astyochen
2183 583 2194 599 ,
2211 560 2245 591 et

1219 630 1260 654 ex
1277 622 1398 663 Calybe
1411 622 1555 663 nympha
1569 621 1786 655 Bucolionem.

1263 682 1309 722 (4)
1332 684 1383 713 Ex
1415 681 1466 713 his
1482 681 1659 714 Tithonum
1673 683 1796 713 Aurora
1812 687 1920 711 amore
1938 679 2031 720 capta
2044 676 2152 718 rapuit
2167 675 2246 708 etin

1222 739 1419 781 AEthiopiam
1434 739 1611 778 transtulit,
1629 739 1685 771 ubi
1702 747 1779 770 cum
1791 747 1829 770 eo
1843 745 2015 777 congressa
2030 734 2113 767 lilios
2125 733 2251 776 peperit

1222 801 1447 834 Emathionem
1462 802 1494 832 et
1511 801 1727 832 Memnonem.

1267 860 1311 901 (5)
1334 860 1413 892 Post
1427 859 1522 891 Ilium
1534 858 1575 890 ab
1591 857 1728 890 Hercule
1743 857 1976 898 expugnatum,
1993 855 2032 887 ut
2047 854 2158 896 paullo
2175 854 2251 886 ante

1225 918 1368 951 diximus
1379 941 1388 958 ‚
1406 926 1542 958 regnum
1567 916 1672 949 tenuit
1696 915 1857 948 Podarces
1868 938 1878 955 ,
1904 913 2151 955 cognominatus
2166 911 2251 945 Pria-

1226 986 1310 1009 mus.
1331 976 1416 1008 ⁹Hic
1431 976 1570 1018 primam
1581 975 1676 1008 duxit
1688 975 1823 1007 Arisben
1837 973 1997 1014 Meropis,
2013 981 2052 1004 ex
2070 979 2134 1012 qua
2149 970 2252 1002 filium

1227 1035 1369 1077 suscepit
1385 1037 1550 1075 AEsacum,
1567 1034 1622 1075 qui
1640 1042 1775 1065 uxorem
1791 1034 1877 1075 cepit
1894 1034 2083 1072 Asteropen,
2100 1027 2253 1062 Cebrenis

1228 1094 1338 1134 filiam;
1347 1102 1444 1134 quam
1455 1101 1558 1133 quum
1573 1093 1734 1124 mortuam
1745 1091 1847 1123 nimio
1859 1092 1949 1123 luctu
1960 1090 2103 1129 defleret,
2114 1088 2148 1119 iu
2161 1095 2255 1119 avem

1229 1153 1448 1184 commutatus
1459 1153 1519 1183 est.
1532 1154 1546 1173 ὅ
1557 1149 1680 1182 Deinde
1691 1149 1851 1188 Priamus,
1864 1147 1979 1180 Arisbe
1993 1148 2135 1188 Hyrtaco
2147 1145 2181 1177 in
2191 1153 2256 1176 ma-

1229 1209 1420 1240 trimonium
1432 1207 1548 1247 locata,
1563 1207 1740 1239 secundam
1756 1214 1892 1238 uxorem
1905 1205 2000 1238 duxit
2010 1203 2178 1237 Hecubam
2194 1203 2257 1242 Dy-

1230 1268 1363 1307 mantis,
1378 1267 1441 1308 vel,
1455 1269 1493 1299 ut
1506 1266 1653 1298 nonnulli
1663 1266 1788 1307 dicunt,
1803 1266 1919 1306 Cissei,
1935 1265 2000 1303 vel,
2014 1266 2052 1297 ut
2066 1263 2121 1296 alii
2129 1262 2257 1302 volunt,

1233 1326 1377 1368 sangarii
1393 1325 1484 1358 ssuvii
1499 1327 1532 1358 et
1541 1327 1685 1366 Metopes
1707 1325 1819 1357 filiam.
1836 1327 1851 1347 ⁴
1861 1323 2011 1356 Nascitur
2025 1331 2064 1355 ex
2080 1331 2119 1355 ea
2134 1321 2259 1363 primus

1233 1388 1371 1427 Hector;
1398 1394 1501 1426 quum
1517 1393 1596 1417 vero
1615 1384 1795 1417 secundum
1815 1383 1918 1415 filium
1938 1382 2081 1428 paritura
2101 1381 2187 1413 esset
2202 1381 2261 1412 He-

1234 1445 1328 1485 cuba,
1346 1445 1415 1477 visa
1429 1444 1491 1477 sibi
1503 1446 1553 1477 est
1567 1444 1602 1476 in
1618 1444 1726 1485 quiete
1738 1443 1843 1476 facem
1858 1450 1970 1483 parere
1981 1441 2160 1480 ardentem,
2176 1446 2261 1470 eam-

1235 1515 1298 1547 que
1315 1507 1500 1538 universam
1527 1506 1699 1547 depascere
1723 1504 1838 1536 urbem
1858 1506 1891 1536 et
1906 1509 2120 1535 concremare.
2141 1498 2263 1537 “Quod

1236 1563 1400 1596 somnium
1415 1572 1518 1604 quum
1543 1572 1585 1595 ex
1604 1562 1737 1595 Hecuba
1752 1561 1901 1594 Priamus
1917 1559 2091 1599 audiisset,
2109 1559 2263 1590 AEsacum

1236 1622 1338 1656 filium
1359 1622 1538 1655 arcessivit.
1555 1623 1632 1654 Erat
1647 1622 1735 1653 enim
1757 1620 1958 1653 somniorum
1981 1618 2151 1659 interpres,
2167 1625 2186 1649 a
2201 1617 2264 1649 Me-

1237 1690 1315 1722 rope
1334 1690 1395 1713 avo
1411 1681 1558 1712 materno
1573 1679 1718 1712 edoctus.
1731 1683 1745 1702 ⁶
1755 1678 1816 1710 Hic
1830 1677 1934 1709 filium
1944 1675 2054 1708 dicens
2070 1674 2182 1716 patriae
2196 1673 2264 1706 fore

1238 1740 1372 1773 exitium
1385 1763 1394 1779 ,
1412 1739 1568 1771 infantem
1586 1737 1683 1779 jussit
1695 1737 1824 1778 exponi.
1843 1735 2012 1767 ⁷Priamus
2033 1733 2130 1774 igitur
2150 1734 2264 1764 natum

1238 1808 1375 1842 puerum
1385 1798 1517 1830 tradidit
1529 1797 1662 1837 famulo,
1680 1796 1737 1836 qui
1751 1796 1785 1827 in
1797 1795 1856 1827 Ida
1868 1796 1978 1826 monte
1989 1802 2065 1825 eum
2077 1792 2263 1833 exponeret.

1239 1857 1393 1891 Famulus
1409 1857 1462 1888 ille
1480 1856 1617 1896 Agelaus
1634 1853 1872 1886 nominabatur.
1886 1852 1999 1884 Infans
2015 1859 2092 1883 vero
2107 1849 2148 1882 ab
2160 1858 2199 1881 eo
2213 1857 2266 1881 ex-

1239 1915 1366 1958 positus
1384 1923 1441 1956 per
1455 1914 1599 1955 quinque
1615 1912 1684 1944 dies
1700 1911 1740 1943 ab
1754 1919 1829 1943 ursa
1841 1909 1984 1942 nutritus
1997 1910 2056 1941 est.
2071 1913 2086 1931 ⁸
2095 1907 2152 1940 Ille
2163 1915 2266 1948 quum

1240 1983 1378 2016 puerum
1395 1973 1439 2005 sic
1460 1974 1625 2005 servatum
1647 1970 1810 2011 reperiret,
1841 1977 1918 2001 eum
1940 1966 2073 2000 sustulit
2093 1967 2126 1999 et
2156 1974 2268 1998 secum

1241 2034 1419 2066 abductum
1435 2032 1469 2064 in
1485 2031 1569 2072 agris
1582 2030 1675 2071 quasi
1695 2037 1791 2060 suum
1806 2026 2086 2082 filiunbeducavit,
2101 2028 2196 2066 atque
2211 2026 2269 2056 Pa-

1241 2094 1321 2126 ridis
1339 2101 1458 2125 nomen
1476 2090 1506 2123 ei
1530 2090 1660 2122 indidit.
1676 2092 1690 2112 ⁹
1701 2088 1764 2127 Qui
1777 2095 1879 2128 quum
1892 2086 1933 2118 ad
1950 2085 2125 2127 juvenilem
2141 2086 2269 2116 aetatem

1242 2151 1442 2194 pervenisset
1458 2158 1496 2181 ac
1508 2148 1665 2190 plurimos
1677 2148 1850 2179 venustate
1859 2145 2039 2186 roboreque
2053 2143 2268 2183 antecelleret,

1243 2210 1425 2245 Alexander
1450 2207 1699 2249 cognominatus
1717 2207 1788 2245 est,
1807 2204 1894 2246 quod
1915 2204 2084 2246 praedones
2106 2201 2272 2243 repelleret

1244 2271 1277 2303 et
1292 2269 1405 2301 ovium
1418 2274 1528 2308 greges
1551 2264 1747 2298 defenderet.
1770 2264 1882 2303 Neque
1902 2261 2006 2293 multo
2027 2261 2102 2302 post
2119 2260 2271 2292 inventos

1244 2330 1392 2371 parentes
1407 2324 1548 2367 agnovit.

1291 2450 1317 2469 ¹⁰
1324 2446 1401 2477 Post
1410 2442 1558 2476 Paridem
1566 2439 1698 2473 Hecuba
1704 2439 1786 2471 filias
1792 2436 1916 2479 peperit
1924 2437 2092 2475 creusam,
2101 2433 2272 2474 Laodicen,

1247 2506 1457 2546 Polyxenam,
1465 2500 1694 2538 cassandram
1703 2502 1728 2521 ¹¹
1741 2504 1882 2538 quacum
1888 2493 2039 2535 congredi
2044 2494 2176 2535 cupiens
2181 2492 2274 2534 Apol·
2285 2488 2289 2492 ”

1248 2566 1281 2598 10
1294 2562 1492 2598 vaticinandi
1505 2562 1606 2593 artem
1630 2568 1664 2591 se
1676 2566 1747 2590 eam
1761 2557 1932 2589 docturum
1945 2562 2017 2587 esse
2028 2553 2192 2595 pollicitus
2213 2553 2273 2584 est.

1252 2627 1358 2662 Quam
1370 2630 1448 2654 vero
1462 2621 1635 2661 postquam
1649 2617 1817 2655 didicerat,
1832 2612 1973 2656 Apollini
1991 2620 2057 2644 non
2072 2611 2148 2644 fecit
2163 2611 2214 2643 sui
2224 2618 2274 2643 co-

1250 2681 1350 2722 piam.
1372 2680 1571 2718 Quapropter
1584 2674 1698 2716 Apollo
1713 2676 1750 2704 ut
1762 2672 1848 2704 illius
1863 2670 2018 2702 vaticinia
2031 2678 2096 2701 non
2108 2666 2276 2710 persuade-

1252 2741 1323 2771 rent
1347 2736 1467 2770 essecit.
1487 2739 1515 2758 Ν
1531 2736 1651 2766 Praeter
1667 2733 1727 2764 hos
1751 2729 1886 2763 Hecuba
1910 2728 2034 2770 peperit
2050 2726 2274 2769 Deiphobum,

1253 2797 1423 2834 Helenum,
1438 2796 1661 2830 Pammonem,
1676 2790 1801 2822 Politen
1812 2813 1821 2828 ‚
1837 2788 2032 2829 Antiphum‚
2046 2786 2253 2827 Hipponoum
2265 2805 2276 2823 ,

1253 2854 1449 2896 Polydorum
1462 2876 1471 2892 ,
1491 2850 1654 2889 Troilum,
1678 2848 1734 2889 qui
1752 2856 1794 2879 ex
1817 2845 1975 2887 Apollinis
1993 2843 2167 2877 concubitu
2182 2843 2277 2875 natus

1253 2923 1325 2948 esse
1339 2912 1467 2944 dicitur.

1298 2977 1327 2997 ¹³
1335 2974 1383 3004 Ex
1395 2969 1466 3002 aliis
1477 2969 1584 3000 autem
1593 2965 1722 2998 reminis
1735 2964 1864 2996 Priamo
1875 2963 1930 2994 filii
1942 2963 2118 2994 nascuntur
2128 2959 2278 3002 Melanip·

1256 3037 1543 3087 pus,Gorgythion,
1550 3034 1739 3073 Philaemon,
1749 3030 2278 3073 Hippothous,Glaucus,Agathou,

1257 3107 1494 3144 Chersidamas,
1512 3105 1686 3142 Evagoras‚
1711 3098 1942 3140 HippodamaS,
1962 3098 2094 3136 Mestor‚
2112 3097 2203 3135 Atas,
2221 3096 2280 3127 Do-

1257 3175 1378 3218 ryclus,
1391 3174 1532 3213 Lycaon,
1548 3170 1686 3208 Dryops,
1708 3165 1793 3205 Bias,
1811 3163 1998 3202 Chromius,
2017 3165 2211 3204 Astygonus,
2223 3161 2294 3196 Τοε,

1258 3245 1367 3283 lestas,
1380 3237 1540 3276 Evander,
1555 3235 1741 3273 Cebriones,
1755 3231 1884 3270 MeliuS‚
1896 3230 2147 3269 Archemachus‚
2159 3227 2280 3262 Laodo·

1260 3321 1330 3352 cus,
1343 3309 1546 3350 Echephron,
1569 3305 1774 3343 Idomeneus,
1792 3300 1970 3342 Hyperion,
1987 3299 2156 3338 Ascanius,
2169 3299 2280 3330 Demo·

1260 3391 1353 3423 coon,
1364 3380 1530 3417 Arrhetus,
1541 3376 1703 3417 Deioptes,
1714 3373 1859 3411 Olenius,
1870 3371 2045 3407 Echemon,
2058 3366 2277 3411 Hyperochus,
