2320 3684
143 192 219 227 290

140 271 292 326 Νύμφης
312 272 349 310 δὲ
377 277 458 315 παῖς
477 274 495 310 ὁ
511 270 676 317 Σειληνὸς
711 272 826 342 οὗτος,
846 270 923 306 θεου
950 267 1014 319 μὲν
1038 265 1171 321 ἀφανέ-

140 346 258 407 στερος
273 330 336 379 τὴν
355 330 469 385 φύσιν,
477 327 670 406 ἀνθρώπου
691 326 727 365 δὲ
747 326 912 381 κρείττων
938 326 999 366 καὶ
1022 325 1172 365 θανάτου

140 385 195 438 ην.
217 389 342 430 Πολλὰ
367 388 429 440 μὲν
458 383 517 427 ουν
545 388 605 426 καὶ
636 386 727 425 ἄλλα
747 385 911 433 ἀλλήλοις
928 384 1171 438 διελέχθησαν,

140 448 200 488 καὶ
226 447 311 502 ὑπὲρ
331 447 461 487 τούτων
484 450 502 486 ὁ
526 445 692 492 Σειληνὸς
717 444 814 497 ἔλεγε
838 442 925 499 πρὸς
952 444 1010 483 τὸν
1035 444 1171 484 Μίδαν·

141 507 203 556 τὴν
223 507 286 559 μὲν
304 506 496 568 Εὐρώπην,
523 505 583 544 καὶ
611 503 675 552 τὴν
697 504 831 553 Ἀσίαν,
861 504 921 543 καὶ
949 503 1013 551 τὴν
1037 503 1172 551 Λιὸύην

142 567 266 614 νήσους
301 569 411 614 εἰναι,
443 564 482 608 ἃς
527 565 700 625 περιρρεῖν
736 562 856 617 κύκλῳ
892 562 950 602 τὸν
993 562 1172 603 Ὠκεανόν,

142 625 312 678 ’Ἤπειρον
334 623 368 662 δὲ
390 623 499 675 μόνην
526 626 651 661 εἰναιε
638 621 773 669 ἐκείνην
797 621 859 669 τὴν
883 620 948 667 ἔξω
972 621 1094 661 τούτου
1113 625 1174 660 τοῦ

143 683 288 735 κόσμου.
317 682 387 721 Και
403 682 442 720 τὸ
467 681 530 734 μὲν
557 680 699 733 μέγεθος
720 682 828 728 αὐτῆς
853 679 993 734 ἄπειρον
1011 681 1174 732 διηγεῖτο·

142 742 277 796 τρέφειν
298 743 335 779 δὲ
355 741 399 780 τὰ
419 741 510 780 ἄλλα
530 743 602 794 ζῷα
624 740 783 792 μεγάλα,
800 739 861 779 καὶ
878 738 956 783 τοὺς
976 739 1176 794 ἀνθρώπους

144 800 180 839 δὲ
199 816 269 838 των
287 802 433 839 ἐνταῦθα
455 798 680 843 διπλασίονας
708 798 749 838 τὸ
772 797 934 851 μέγεθος·
956 798 1016 837 καὶ
1050 798 1174 852 χρόνον

144 863 204 907 ζῆν
222 858 364 907 αὐτους,
378 861 446 912 οὐχ
462 858 541 897 ὅσον
555 862 676 909 ἡμεῖς,
691 857 782 896 ἀλλὰ
798 858 858 897 καὶ
875 859 1004 896 ἐκεῖνον
1019 858 1174 895 διπλοῦν·

143 918 203 956 καὶ
221 917 354 961 πολλὰς
373 917 436 970 μὲν
458 921 547 956 εἶναι
570 917 631 956 καὶ
657 916 814 969 μεγάλας
841 916 910 955 πό)
904 932 980 969 εις,
1009 916 1069 955 καὶ
1091 915 1175 969 βίων

146 976 339 1027 ἰδιότητας,
360 977 419 1016 καὶ
435 976 561 1029 νόμους
587 979 702 1020 αὐτοῖς
727 976 930 1029 τετάχθαι’
915 976 1078 1020 εναντίως
1100 992 1174 1015 κει-

145 1035 268 1087 μένους
296 1042 368 1080 τοῖς
393 1036 476 1090 παρ’
505 1039 590 1088 ἡμῖν
634 1034 885 1087 νομιζομένοις.
922 1034 993 1074 Δύο
1025 1035 1060 1074 δὲ
1090 1030 1178 1074 εἶναι

143 1094 262 1138 πόλεις
297 1093 393 1147 ἔλεγε
427 1093 564 1147 μεγέθει
599 1093 782 1147 μεγίστας,
815 1093 910 1133 οὐδὲν
945 1093 982 1132 δὲ
1010 1093 1179 1141 ἀλλήλαις

145 1153 312 1192 ἐοικέναι·
334 1155 393 1192 καὶ
411 1153 475 1202 τὴν
508 1152 570 1204 μὲν
602 1153 832 1205 ὀνομάζεσθαι
854 1153 1037 1205 Μάχιμον,
1058 1153 1121 1200 τὴν
1142 1152 1178 1191 δὲ

149 1211 306 1258 Εὗσεὸἥ.
327 1211 420 1256 Τοὺς
438 1210 501 1263 μὲν
519 1207 578 1250 οὖν
606 1211 773 1256 Εὖσεὸεῖς
795 1214 830 1251 ἐν
849 1211 968 1265 εἰρήνῃ
990 1227 1028 1250 τε
1048 1212 1177 1262 διάγειν

147 1270 207 1308 καὶ
224 1269 367 1324 πλούτῳ
388 1273 508 1323 βαθεῖ,
521 1270 581 1309 καὶ
595 1270 788 1321 λαμὸάνειν
803 1269 880 1313 τους
897 1269 1050 1323 καρπούς
1066 1286 1106 1308 εκ
1118 1286 1180 1316 της

147 1345 213 1380 γης
224 1330 332 1383 χωρὶς
352 1329 507 1384 ἀρότρων
525 1329 697 1391 καιβοῶν·
718 1335 883 1383 γεωργεῖν
903 1328 1011 1367 δὲκαὶ
1027 1329 1179 1383 σπείρειν

149 1387 246 1427 οὐδὲν
282 1390 395 1432 αὐτοῖς
432 1388 529 1462 ἔργον
562 1381 662 1427 εἶναι.
698 1388 770 1427 Καὶ
817 1389 1032 1426 διατελουσιν
1074 1389 1180 1438 υγιεῖς

148 1446 254 1485 ml*
231 1462 371 1496 ανοσοι,
404 1463 462 1486 και
489 1446 768 1501 καταστρέφουσι
798 1445 856 1485 τὸν
878 1449 1011 1484 ἑαυτῶν
1034 1446 1106 1498 βίον
1121 1462 1182 1499 γε-

149 1507 278 1549 λῶντες
298 1510 333 1544 εὐ
356 1506 453 1557 μάλα
470 1506 529 1544 καὶ
552 1505 727 1557 ἡδόμενοι.
755 1504 861 1544 Oti-cm
878 1504 914 1544 δὲ
934 1505 1182 1559 ἀναμφιλόγως

150 1563 216 1603 εἶσὶ
238 1565 382 1610 δίκαιοι,
409 1567 455 1608 ὡς
475 1565 564 1616 μήτε
590 1563 669 1608 τους
699 1564 793 1608 θεους
821 1564 990 1608 πολλάκις
1014 1564 1181 1610 ἀπαξιουν

151 1625 333 1677 ἔπιφοιτᾷν
350 1625 475 1668 αὐτοῖς.
497 1626 543 1662 Οἱ
563 1624 599 1662 δὲ
618 1627 679 1671 τῆς
703 1622 874 1676 Μαχίμου
894 1623 1048 1672 πόλεως,
1071 1640 1183 1677 μαχι-

153 1681 310 1733 μώτατοί
329 1682 367 1720 τέ
384 1685 451 1720 εἰσι
468 1682 527 1721 καὶ
550 1683 667 1731 αὐτοὶ,
694 1682 754 1721 καὶ
776 1682 930 1734 γίνονται
948 1683 1024 1733 μεθ’
1052 1682 1182 1731 ὅπλων,

151 1741 211 1779 καὶ
228 1741 280 1779 ἀεὶ
295 1742 510 1792 πολεμοῦσι,
531 1741 591 1780 καὶ
610 1742 910 1797 καταστρέφονται
931 1741 1010 1785 τοὺς
1026 1741 1184 1796 ὁμόρους,

152 1799 450 1853 καὶπαμπόλλων
470 1802 575 1839 ἐθνῶν
596 1801 658 1852 μία
675 1801 775 1845 πόλις
791 1807 911 1854 κρατεῖ
931 1801 1033 1849 αὕτη.
1051 1801 1132 1840 Εἰσὶ
1150 1800 1185 1840 δὲ

154 1861 185 1897 οἳ
205 1859 384 1912 οἰκήτορες
404 1861 466 1898 οὐκ
480 1859 645 1905 ἐλάττους
663 1860 849 1899 διακοσίων
865 1861 1054 1914 μυριάδων.
1079 1860 1186 1899 Ἀπο-

155 1917 343 1965 θνήσκουσι
372 1918 408 1957 δὲ
424 1919 482 1958 τὸν
504 1918 567 1970 μὲν
585 1919 690 1958 ἄλλον
712 1919 836 1972 χρόνον
847 1919 1058 1967 νοσήσαντες
1070 1951 1080 1968 ,
1096 1919 1188 1958 σπά-

155 1994 226 2016 νιον
249 1979 285 2017 δὲ
301 1983 423 2028 τοῦτο,
445 1980 519 2018 ἐπεὶ
539 1979 584 2018 τά
607 1996 646 2032 γε
669 1980 785 2019 πολλὰ
810 1982 845 2019 ἓν
868 1986 938 2024 τοῖς
956 1980 1144 2032 πολέμοις,
1163 1979 1186 2027 ἢ

158 2170 232 2211 phae
245 2169 334 2202 filius
347 2194 357 2210 ‚
378 2172 411 2203 et
427 2170 487 2203 deo
504 2171 635 2212 quidem
651 2171 784 2204 inferior
802 2173 937 2211 natura,
961 2174 994 2204 at
1009 2172 1140 2204 homine
1162 2175 1195 2204 et

159 2218 264 2249 morte
278 2217 434 2258 superior.
453 2219 556 2250 Multa
574 2227 651 2250 vero
670 2218 733 2250 alia
752 2221 830 2251 sunt
843 2219 927 2251 inter
940 2228 975 2251 se
994 2219 1193 2260 colloquuti,

160 2265 232 2296 tum
264 2264 334 2296 haec
357 2264 483 2296 Silenus
506 2265 681 2305 aliquando
703 2266 800 2298 Mssdae
830 2266 940 2298 retulit
965 2276 972 2298 :
997 2269 1163 2308 Europam
1182 2290 1192 2307 ,

159 2311 270 2344 Asiam
283 2314 315 2343 et
328 2311 464 2353 Libyam
478 2312 602 2344 insulas
617 2322 699 2352 esse,
713 2322 795 2354 quas
809 2314 953 2354 undique
970 2317 1119 2347 Oceanus
1132 2314 1194 2346 cir-

160 2358 361 2391 cumflueret.
372 2359 600 2392 continentem
614 2369 691 2392 vero
707 2361 836 2393 unicam
850 2371 922 2394 esse
936 2362 1037 2402 illam,
1051 2371 1126 2403 quae
1141 2370 1195 2394 ex-

160 2409 211 2438 tra
224 2406 310 2438 bunc
331 2406 490 2438 mundum
503 2407 666 2440 existeret.
682 2410 723 2440 Et
742 2409 999 2449 magnitudinem
1016 2409 1119 2450 ipsius
1138 2409 1196 2440 im-

161 2462 306 2486 mensam
331 2463 402 2487 esse
429 2454 580 2487 narrabat
600 2465 607 2486 :
635 2455 719 2487 alere
735 2460 844 2488 autem
858 2458 892 2488 et
909 2457 1031 2498 reliqua
1044 2456 1197 2488 animalia

163 2501 314 2543 grandia,
337 2503 370 2533 et
385 2501 532 2532 homines
548 2501 648 2542 duplo
669 2503 804 2542 maiores
821 2503 878 2542 iis,
900 2504 955 2544 qui
973 2505 1057 2536 hanc
1073 2504 1196 2536 habita-

164 2551 237 2582 rent
259 2559 267 2580 :
281 2550 314 2580 et
329 2548 441 2580 vivere
456 2557 512 2580 eos
528 2557 593 2580 non
609 2550 736 2580 tantum
753 2551 922 2590 temporis,
943 2554 1101 2591 quantum
1123 2561 1195 2591 nos,

165 2596 222 2629 sed
239 2596 337 2628 etiam
352 2594 432 2627 illud
453 2594 602 2636 duplum.
621 2597 664 2628 Et
677 2605 731 2628 mu
747 2598 797 2628 tas
814 2597 945 2637 quidem
958 2607 1010 2630 ess
1051 2608 1200 2639 anas-

165 2652 230 2684 que
246 2642 396 2674 civitates
407 2665 416 2681 ,
435 2651 474 2674 ac
489 2641 569 2674 vitae
584 2643 761 2683 peculiares
778 2644 920 2676 rationes
932 2668 941 2684 ,
958 2646 991 2677 et
1006 2646 1093 2686 leges
1111 2646 1198 2687 apud

166 2699 222 2723 eos
238 2690 332 2730 plane
355 2689 474 2721 nostris
500 2690 677 2722 contrarias
693 2699 764 2722 esse
786 2691 992 2723 constitutas.
1011 2695 1101 2724 Duas
1120 2702 1197 2725 vero

168 2737 266 2769 urbes
279 2745 350 2768 esse
363 2736 586 2777 magnitudine
599 2737 759 2769 maximas
775 2738 870 2777 dixit,
888 2739 968 2770 nibil
982 2749 1059 2771 vero
1075 2740 1137 2772 sibi
1157 2742 1199 2772 in-

168 2785 273 2816 vicem
291 2783 414 2816 similes
430 2793 437 2814 :
456 2786 488 2815 et
502 2783 636 2816 alteram
661 2784 792 2825 quidem
809 2786 968 2817 nominari
985 2787 1176 2818 Bellicosam
1189 2811 1198 2827 ‚

168 2833 301 2864 alteram
315 2832 420 2864 Piam.
441 2831 516 2864 Pios
532 2831 628 2873 igitur
642 2831 677 2864 in
693 2841 772 2874 pace
787 2833 889 2864 vitam
917 2842 1010 2874 agere
1028 2836 1060 2866 et
1072 2835 1199 2875 amplis-

171 2879 263 2911 simis
275 2879 412 2919 divitiis,
431 2879 640 2920 fructumque
653 2888 694 2912 ex
714 2882 799 2912 terra
814 2889 940 2921 capere,
953 2881 1021 2913 sine
1038 2890 1093 2913 ara
1108 2882 1153 2913 ris
1168 2885 1200 2914 et

171 2926 276 2959 hobus
288 2951 297 2966 ,
314 2935 418 2967 neque
433 2926 536 2959 solere
549 2936 606 2960 eos
621 2936 735 2968 agrum
757 2927 861 2960 colere
872 2952 881 2968 ,
898 2938 1002 2970 neque
1022 2938 1138 2961 serere.
1159 2932 1202 2961 Et

173 2981 299 3014 semper
311 2976 405 3012 sunt,
421 2973 526 3006 aiebat
542 2974 608 3013 ille,
626 2974 722 3006 etiam
739 2983 758 3006 a
772 2975 894 3008 morbis
908 2975 1088 3016 immunes,
1103 2985 1140 3008 ac
1157 2976 1202 3008 vi-

172 3022 239 3050 tam
254 3029 328 3051 cum
343 3023 446 3052 morte
462 3023 664 3052 commutant
685 3021 824 3053 ridentes
838 3031 971 3063 prorsus
988 3031 1026 3054 ac
1042 3023 1201 3055 laetantes.

172 3065 264 3098 Adeo
278 3074 355 3097 vero
372 3067 442 3098 sine
460 3068 770 3109 controversiajusti
784 3070 874 3108 sunt,
890 3072 926 3101 ut
937 3078 1042 3110 neque
1053 3069 1097 3101 dii
1115 3069 1203 3102 dedi-

175 3114 316 3152 gnentur
333 3121 419 3154 saepe
437 3114 477 3145 ad
499 3123 555 3147 eos
573 3115 735 3148 accedere.
761 3117 824 3154 Qui
847 3125 926 3148 vero
945 3116 1134 3149 Bellicosam
1152 3126 1203 3148 ur·

174 3157 249 3190 bem
279 3159 444 3199 incolunt,
546 3162 552 3168 '

175 3214 251 3237 cum
266 3207 378 3245 armis,
395 3216 432 3238 ac
452 3207 533 3240 bella
544 3217 670 3250 semper
680 3213 805 3250 gerunt
827 3210 1044 3251 finitimosque
1061 3211 1093 3242 in
1111 3219 1203 3243 suam

176 3254 370 3293 potestatem
395 3253 554 3294 redigunt,
578 3259 674 3296 atque
697 3257 728 3288 in
746 3258 902 3298 plurimas
919 3261 1029 3299 gentes
1047 3259 1118 3290 haec
1140 3267 1205 3290 una

177 3299 295 3332 civitas
314 3299 485 3339 imperium
504 3305 600 3334 tenet.
624 3304 743 3335 incola
765 3313 842 3336 vero
862 3306 930 3345 ejus
947 3315 1011 3337 non
1035 3308 1110 3337 sunt
1130 3315 1206 3359 pau·

178 3345 281 3376 ciores
306 3345 454 3378 ducentis
469 3348 681 3388 myriadibus
704 3351 887 3383 Moriuntur
903 3353 1011 3384 anitcm
1038 3352 1117 3384 alias
1139 3353 1206 3407 qui-

174 3390 253 3423 dem
270 3394 478 3432 wgrotantes,
494 3394 549 3426 sed
574 3398 678 3427 tamen
698 3406 770 3430 raro
789 3398 822 3429 id
840 3399 976 3435 accidit,
993 3400 1153 3441 siquidem
1172 3401 1204 3433 in

862 179 1170 220 ΤΗΕΟΡΟΜΡΙ
1200 179 1530 219 FRAGMENTA.

1231 265 1359 313 λίθοις,
1381 265 1405 313 ἢ
1423 265 1534 310 ξύλοις
1552 263 1753 316 παιόμενοι·
1778 264 1926 317 ἄτρωτοι
1942 264 2009 318 γάρ
2026 266 2093 303 εἰσι
2110 265 2259 320 σιδήρῳ·

1232 326 1379 387 Χρυσοῦ
1397 324 1434 363 δὲ
1450 323 1571 378 ἔχουσι
1595 323 1655 362 καὶ
1685 323 1835 377 ἀργύρου
1858 324 2039 377 ἀφθονίαν,
2063 325 2111 368 ὣς
2139 325 2263 377 ἀτιμό-

1231 399 1329 438 τερον
1346 377 1435 422 εἶναι
1453 383 1537 438 παρ’
1560 385 1676 427 αὐτοῖς
1694 382 1752 421 τὸν
1772 381 1901 435 χρυσὸν
1918 386 1978 420 τοῦ
1995 382 2079 437 παρ’
2100 386 2186 434 ἡμῖν
2203 400 2262 424 σι-

1234 442 1352 497 δήρου.
1372 442 1624 496 Ἐπιχειρησαι
1645 441 1683 480 δέ
1706 457 1791 480 ποτε
1809 457 1869 480 και
1888 441 2051 488 διαὸηναι
2066 442 2203 487 τούτους
2215 446 2265 488 εἷς

1232 502 1339 540 τάσδε
1355 500 1417 546 τὰς
1434 501 1620 553 ἡμεδαπὰς
1634 500 1759 548 νήσους
1777 499 1874 551 ἔλεγε
1885 531 1895 548 ,
1912 500 1972 538 καὶ
1987 500 2264 547 διαπλεύσαντάς

1232 576 1272 613 γε
1289 560 1347 599 τὸν
1371 560 1536 600 Ὠκεανὸν
1570 559 1715 612 μυριάσι
1733 559 1862 611 χιλίαις
1889 561 1957 597 τῶν
1976 558 2182 613 ἀνθρώπων,
2200 559 2265 604 ἕως

1234 619 1477 692 Ὑπερὸορέων
1513 618 1718 671 ἀφικέσθαι·
1753 618 1813 657 καὶ
1849 618 2063 669 πυθομένους
2091 621 2161 658 τῶν
2178 619 2265 673 παρ’

1234 683 1321 731 ἡμῖν
1344 678 1484 722 τούτους
1513 682 1601 717 εἰναι
1627 676 1702 722 τους
1725 676 2070 729 εὐδαιμονεστάτους,
2087 693 2266 733 καταφρο-

1235 754 1341 785 νησαι
1360 740 1406 782 ὥς
1426 736 1577 791 φαύλους
1605 736 1664 775 καὶ
1680 739 1851 780 ταπεινῶς
1872 736 2106 789 πράττοντας,
2124 736 2185 775 καὶ
2209 736 2266 776 διὰ

1234 801 1346 835 ταῦτα
1359 795 1532 847 ἀτιμάσαι
1550 797 1729 848 προελθεῖν
1761 794 1969 848 περαιτέρω.
1989 794 2043 834 Τὸ
2056 794 2093 833 δὲ
2109 794 2162 833 ἔτι
2179 800 2266 834 θαυ-

1239 854 1454 909 μασιώτερον
1475 854 1690 908 προσετίθει·
1717 853 1885 908 Μέροπάς
1909 870 2005 898 τινας
2024 854 2115 893 οὕτω
2134 855 2267 893 καλου-

1238 914 1361 966 μένους
1381 913 1583 968 ἀνθρώπους
1599 915 1704 952 οἰκεῖν
1727 913 1813 968 παρ’
1829 916 1944 958 αὐτοῖς
1961 912 2026 967 ἔφη
2041 913 2160 957 πόλεις
2176 915 2268 952 πολ-

1236 972 1298 1017 λὰς
1315 973 1376 1011 καὶ
1383 973 1567 1035 μεγάλας·
1598 972 1653 1010 ἐπ’
1681 972 1822 1026 ἐσχάτῳ
1857 972 1893 1010 δὲ
1924 975 1987 1019 τῆς
2011 971 2130 1027 χώρας
2153 973 2268 1012 αὐτῶν

1236 1031 1342 1071 τόπον
1371 1036 1461 1070 εἶναι
1487 1031 1547 1069 καὶ
1580 1031 1811 1083 ὀνομάζεσθαι
1834 1030 2012 1080 Ἄνοστον,
2045 1030 2195 1070 ἐοικέναι
2233 1030 2270 1070 δὲ

1237 1090 1416 1143 χάσματι,
1442 1091 1670 1144 κατειλῆφθαι
1687 1088 1723 1127 δὲ
1740 1089 1818 1128 οὔτε
1841 1089 1908 1128 υπὸ
1926 1089 2087 1139 σκότους,
2107 1089 2186 1128 οὔτε
2203 1089 2272 1130 ὑπὸ

1238 1149 1368 1201 φωτὸς,
1389 1147 1475 1202 ἀέρα
1496 1147 1532 1186 δὲ
1550 1149 1746 1187 ἐπικεῖσθαι
1763 1148 1956 1202 ἐρυθήματι
1979 1148 2193 1200 μεμιγμένον
2215 1151 2273 1188 θο-

1238 1210 1352 1262 λερῷ·
1377 1208 1436 1246 δύο
1466 1207 1502 1246 δὲ
1521 1207 1700 1259 ποταμοὺς
1729 1207 1808 1261 περὶ
1830 1211 1952 1246 τοῦτον
1975 1208 2034 1247 τὸν
2063 1207 2170 1247 τόπον
2188 1211 2272 1262 ῥεῖν,

1239 1268 1298 1305 καὶ
1317 1267 1374 1306 τὸν
1393 1265 1456 1318 μὲν
1476 1266 1625 1314 Ἡδονῆς
1658 1268 1867 1316 καλεῖσθαι,
1891 1265 1950 1305 τὸν
1977 1267 2014 1305 δὲ
2045 1267 2189 1314 Axi-fenc-
2209 1268 2272 1306 καὶ

1239 1327 1324 1380 παρ’
1353 1327 1516 1380 ἑκάτερον
1547 1328 1678 1365 τούτων
1702 1325 1887 1373 ἑστηκέναι
1917 1325 2041 1381 δένδρα
2063 1326 2104 1365 τὸ
2131 1326 2274 1379 μέγεθος

1240 1387 1420 1426 πλατάνου
1435 1387 1607 1439 μεγάλης·
1625 1385 1739 1441 φέρειν
1758 1386 1795 1425 δὲ
1810 1386 1964 1440 καρποὺς
1979 1386 2023 1426 τὰ
2039 1386 2103 1438 μὲν
2119 1387 2199 1442 περὶ
2215 1387 2273 1426 τὸν

1240 1450 1302 1494 τῆς
1316 1446 1439 1494 Λύπης
1451 1446 1625 1498 ποταμὸν,
1644 1445 1807 1493 τοιαύτην
1826 1445 1970 1498 ἔχοντας
1989 1445 2053 1493 ἰ-λν
2073 1446 2194 1499 φύσιν·
2213 1447 2274 1486 ἐάν

1243 1523 1294 1551 τις
1317 1510 1431 1546 αὐτῶν
1453 1505 1712 1558 ἀπογεύσηται,
1734 1510 1898 1545 τοσοῦτον
1927 1505 2091 1545 ἐκὸάλλει
2111 1505 2274 1561 δάκρυον,

1242 1566 1332 1605 ὥστε
1349 1566 1626 1614 κατατήκεσθαι,
1640 1565 1756 1604 πάντα
1771 1565 1829 1604 τὸν
1848 1567 1971 1604 ἑαυτοῦ
1990 1565 2062 1618 βίον
2080 1565 2138 1604 τὸν
2154 1565 2275 1604 λοιπὸν

1243 1629 1434 1681 θρηνοῦντα
1445 1657 1454 1675 ,
1476 1626 1535 1665 καὶ
1552 1625 1642 1664 οὕτω
1658 1627 1833 1679 τελευτᾷν.
1850 1625 1908 1665 Τὰ
1922 1626 1959 1664 δὲ
1979 1624 2080 1680 ἕτερα
2098 1625 2142 1664 τὰ
2156 1640 2276 1679 παρα-

1243 1684 1424 1739 πεφυκότα
1443 1688 1494 1739 τῷ
1518 1688 1581 1732 τ’ῆς
1599 1684 1749 1730 Ἡδονῆς
1771 1687 1922 1737 ποταμῷ
1935 1715 1946 1735 ,
1966 1684 2154 1724 ἀντίπαλον
2175 1683 2278 1738 ἐκφέ-

1246 1761 1314 1799 ρειν
1343 1744 1489 1798 καρπόν.
1518 1744 1583 1788 ὁΟς
1612 1743 1678 1798 γὰρ
1698 1743 1738 1782 ἂν
1763 1744 1933 1796 γεύσηται
1952 1743 2097 1791 τούτων,
2117 1746 2187 1782 τῶν
2211 1742 2275 1795 μὲν

1247 1804 1362 1842 ἄλλων
1384 1807 1453 1842 τῶν
1474 1804 1641 1858 πρότερον
1662 1805 1854 1854 ἐπιθυμιῶν
1875 1802 2043 1841 παύεται·
2063 1801 2153 1841 ἀλλὰ
2166 1802 2226 1841 καὶ
2247 1802 2279 1840 εἴ

1245 1879 1306 1902 του
1318 1863 1388 1917 ἤρα
1399 1894 1408 1910 ,
1426 1864 1487 1901 καὶ
1508 1864 1613 1902 αὐτοῦ
1627 1862 1801 1913 λαμὸάνει
1819 1862 1941 1910 λήθην,
1963 1862 2168 1914 καὶγίνεται
2186 1861 2278 1900 κατὰ

1249 1922 1360 1975 βραχὺ
1379 1921 1560 1975 νεώτερος,
1578 1923 1637 1960 καὶ
1656 1920 1716 1965 τὰς
1732 1921 1799 1968 ἤδη
1819 1920 2018 1964 διελθούσας
2035 1919 2278 1972 ἀναλαμὸάνει

1247 1980 1371 2019 ὀπίσω.
1397 1981 1449 2019 Τὸ
1467 1979 1530 2032 μὲν
1547 1981 1614 2034 γὰρ
1630 1983 1740 2034 γῆρας
1764 1979 1958 2033 ἀπορρίψας
1970 2010 1980 2028 ,
2000 1979 2057 2017 ἐπὶ
2078 1979 2139 2027 τὴν
2160 1977 2277 2030 ἀκμὴν

1248 2172 1342 2205 bellis
1365 2173 1557 2214 plerumque
1575 2172 1774 2211 moriuntur,
1788 2171 1952 2212 lapidibus
1973 2173 2031 2203 aut
2051 2170 2195 2202 fustibus
2211 2177 2279 2212 per·

1251 2219 1338 2252 cussi
1355 2232 1362 2249 ε
1381 2229 1457 2252 nam
1478 2220 1563 2252 l'erro
1591 2219 1756 2251 vulnerari
1783 2220 1959 2259 nequeunt.
1986 2217 2065 2250 Auri
2090 2217 2277 2258 argentique

1250 2267 1426 2298 maximam
1451 2266 1618 2308 possident
1642 2266 1769 2307 copiam
1781 2289 1790 2305 ,
1805 2265 1852 2296 ita
1868 2267 1905 2297 ut
1922 2264 2056 2297 minoris
2082 2264 2168 2306 apud
2187 2263 2279 2305 ipsos

1250 2315 1430 2347 aestimetur
1440 2323 1568 2354 aurum,
1584 2323 1680 2355 quam
1695 2313 1781 2354 apud
1795 2322 1854 2345 nos
1869 2313 2002 2345 serrum.
2019 2314 2085 2344 Eos
2098 2320 2175 2343 vero
2193 2311 2280 2343 dice-

1250 2362 1305 2394 bat
1321 2362 1487 2403 quondam
1509 2362 1606 2394 etiam
1623 2362 1656 2393 in
1675 2361 1773 2393 hasce
1789 2363 1916 2392 nostras
1935 2360 2057 2391 insulas
2079 2358 2215 2390 transire
2229 2366 2278 2390 co-

1251 2411 1358 2448 natos,
1372 2412 1403 2441 et
1415 2411 1548 2451 traiecto
1562 2411 1692 2441 Oceano
1705 2417 1780 2440 cum
1797 2407 1885 2440 mille
1895 2407 2099 2448 myriadibus
2111 2406 2280 2439 hominum

1252 2457 1291 2489 ad
1319 2457 1545 2498 Hyperboreos
1566 2457 1750 2498 pervenisse
1768 2466 1775 2488 :
1797 2464 1964 2497 quumque
1994 2455 2197 2487 audivissent
2221 2454 2280 2486 lios

1253 2506 1390 2546 populos
1406 2506 1488 2537 inter
1516 2505 1676 2537 nostrates
1704 2512 1775 2536 esse
1794 2503 2002 2535 beatissimos
2015 2525 2025 2541 ‚
2044 2502 2281 2541 contemps'sse

1253 2562 1308 2584 eos
1322 2556 1474 2593 tanquam
1489 2552 1582 2592 viles,
1601 2551 1780 2592 humilique
1796 2550 1925 2582 fortuna
1943 2552 2074 2590 agentes
2091 2558 2099 2580 ε
2117 2547 2282 2580 etidcirco
2311 2543 2320 2551 “

1255 2601 1422 2641 indignum
1438 2600 1571 2632 duxisse
1585 2599 1735 2640 progredi
1750 2597 1898 2630 ulterius.
1914 2596 2009 2634 Quod
2023 2604 2100 2628 vero
2113 2595 2212 2627 etiam
2227 2593 2283 2626 mi·
2305 2620 2311 2630 ,

1254 2647 1400 2686 rabilius,
1417 2646 1533 2687 adJecit
1554 2648 1730 2686 :Mei-opes,
1744 2646 1892 2677 liom'nes
1903 2644 2063 2685 quosdam
2076 2643 2121 2675 ita
2136 2643 2280 2681 vocatos,

1254 2694 1398 2727 habitare
1411 2695 1498 2735 apud
1512 2703 1570 2726 eos
1586 2694 1670 2726 dixit
1685 2694 1805 2726 multas
1825 2701 2023 2733 magnasque
2038 2691 2135 2724 urbes
2150 2701 2158 2722 ε
2174 2691 2208 2723 in
2227 2699 2280 2723 ex·

1254 2743 1359 2773 tremo
1378 2743 1485 2773 autem
1509 2741 1649 2781 regionis
1672 2741 1801 2772 illorum
1824 2741 1931 2771 locum
1956 2747 2027 2771 esse
2058 2740 2091 2771 et
2121 2735 2282 2770 nominari

1256 2789 1414 2819 Anostum
1432 2787 1730 2827 (irremeabilem),
1748 2787 1887 2819 similem
1902 2786 2065 2827 voragini,
2085 2794 2190 2826 neque
2206 2791 2284 2817 vero
2312 2825 2314 2827 .

1256 2834 1398 2866 tenebris
1410 2834 1520 2872 illum,
1543 2843 1648 2874 neque
1664 2834 1787 2866 lumine
1809 2833 2024 2872 circumdari,
2045 2832 2102 2865 sed
2125 2840 2229 2864 aerem
2251 2830 2280 2863 ci

1255 2882 1443 2914 incumbere
1459 2881 1601 2913 obscuro
1624 2881 1742 2913 rubore
1764 2882 1918 2913 mixtum.
1936 2881 2030 2913 Circa
2051 2889 2126 2912 eum
2148 2888 2227 2912 vero
2242 2878 2286 2911 lo-
2307 2881 2310 2883 ’

1257 2937 1331 2960 cum
1345 2929 1428 2960 duos
1443 2927 1507 2959 labi
1522 2927 1650 2966 fluvios,
1667 2930 1699 2959 et
1714 2928 1847 2968 quidem
1862 2928 1998 2959 alterum
2022 2927 2214 2967 Voluptatis
2229 2933 2284 2957 vo·
2314 2944 2316 2946 v

1257 2975 1334 3016 cari,
1347 2975 1482 3007 alterum
1496 2976 1659 3006 Tristitiae
1674 2974 1774 3006 :etad
1792 2977 1965 3015 utrumqne
1979 2973 2108 3006 arbores
2122 2973 2202 3005 sitas
2214 2979 2286 3004 esse

1254 3022 1480 3063 magnitudine
1495 3021 1618 3062 platani
1633 3030 1758 3061 magnae
1776 3031 1783 3052 :
1800 3030 1874 3062 qum
1893 3023 2002 3053 autem
2020 3020 2060 3052 ad
2077 3020 2197 3052 [lumen
2213 3017 2283 3051 Tri-
2304 3059 2320 3063 A*

1257 3069 1356 3101 stitiae
1369 3071 1458 3108 sunt,
1473 3068 1555 3100 ferie
1569 3068 1706 3106 fructus,
1722 3067 1775 3099 tali
1788 3067 1896 3099 indole
1909 3067 2085 3108 praeditos:
2100 3066 2128 3099 si
2145 3066 2219 3108 quis
2229 3073 2285 3098 008

1261 3119 1379 3160 gustet,
1392 3120 1520 3150 tantum
1533 3116 1651 3148 emittit
1661 3115 1879 3155 lacrimarum
1895 3118 1932 3148 ut
1944 3115 2152 3148 contabescat
2161 3115 2285 3156 eJulans

1260 3173 1316 3206 per
1333 3165 1520 3196 universum
1534 3163 1612 3194 vitae
1632 3171 1699 3194 suae
1719 3162 1878 3202 reliquum
1898 3166 2046 3203 tempus,
2066 3164 2098 3194 et
2111 3161 2158 3193 sic
2171 3159 2286 3193 moria-
2305 3199 2320 3203 v

1260 3214 1324 3244 tur.
1341 3211 1465 3244 Alteras
1481 3219 1579 3249 vero,
1598 3209 1698 3241 llnvio
1713 3209 1898 3251 Voluptatis
1917 3209 2039 3241 adsitas
2053 3233 2062 3248 ‚
2087 3208 2284 3241 contrarium
2300 3239 2301 3242 ,

1262 3261 1343 3292 serre
1360 3259 1500 3291 fructum
1515 3268 1522 3289 ε
1539 3257 1594 3298 qui
1607 3257 1693 3288 enim
1711 3257 1797 3288 hunc
1809 3259 1926 3297 gustat,
1940 3256 1981 3288 ab
1995 3255 2126 3296 reliquis
2142 3252 2285 3296 pristinis

1261 3305 1494 3347 cupiditatibus
1506 3303 1662 3336 absistit:
1679 3303 1746 3335 sed
1742 3307 1780 3335 et
1793 3303 1819 3335 si
1836 3302 1911 3343 quid
1925 3302 2058 3342 amavit,
2074 3302 2143 3343 eJus
2157 3307 2295 3342 quoqne«

1260 3353 1457 3386 oblivionem
1470 3351 1582 3394 capit,
1602 3350 1824 3392 paulatimque
1847 3350 1881 3382 lit
1900 3350 2033 3391 J'unior,
2049 3358 2087 3381 ac
2105 3347 2285 3390 superiones

1259 3403 1393 3440 aetates,
1407 3402 1439 3432 et
1458 3400 1525 3441 iam
1548 3401 1747 3437 transactas,
1766 3397 1881 3439 recipit
1905 3405 2029 3430 rursus.
2050 3396 2182 3437 Abjecta
2201 3393 2285 3428 enim
