2320 3684
162 183 235 216 136

211 262 266 315 (2)
277 261 445 316 Δεύτερον
458 261 495 300 δὲ
514 256 617 300 ἆθλον
638 261 801 306 ἐπέταξεν
822 265 916 316 αὐτῷ
933 262 997 311 τὴν
1009 264 1182 319 Λερναίαν

157 320 263 375 ὕδραν
283 327 426 360 κτεῖναι·
449 320 537 368 αύτη
564 320 634 358 δὲ’
619 336 653 358 εν
671 322 721 374 τῷ
739 324 801 368 τῆς
820 320 955 376 Λέρνης
972 321 1043 361 ἕλει
1058 324 1183 378 ἐκτρα-

159 386 278 433 φεῖσα,
303 378 475 424 ἐξέὸαινεν
501 381 548 422 εἷς
569 378 610 417 τὸ
622 378 755 428 πεδίον,
779 379 840 418 καὶ
854 379 898 418 τά
913 396 951 419 τε
972 381 1183 434 βοσκήματα

157 438 216 476 καὶ
234 437 298 485 τὴν
317 453 435 491 χωραν
453 437 652 490 διέφθειρεν.
663 430 778 490 2Ε”χε
789 436 826 476 δὲ
844 441 866 486 ἡ
886 438 1004 512 ὕδραε
991 441 1165 495 υπερμέγε
1151 464 1184 479 -

157 499 211 539 θες
239 499 366 547 σῶμα,
393 494 588 549 κεφαλὰς”
571 511 651 547 εχον
671 496 792 545 ἐννέα,
820 495 883 541 τὰς
903 496 946 549 μὲ
948 514 965 536 ν
986 498 1077 537 ὀκτὼ
1097 502 1183 546 θνη-

157 554 231 603 τὰς,
245 554 308 601 τὴν
330 553 366 591 δὲ
389 553 500 605 μέσην
521 554 704 593 ἀθάνατον.
729 557 745 583 ³
763 527 917 599 Ἐπιὸὰς
937 550 995 595 ουν
1014 558 1183 611 ἅρματος,

157 615 379 664 ἡνιοχοῦντος
398 611 546 660 Ἰολάου,
569 613 780 666 παρεγένετο
799 615 846 659 εἷς
865 613 928 662 τὴν
942 614 1089 669 Λέρνην.
1111 616 1184 655 Καὶ

157 670 236 715 τους
259 669 358 722 μὲν“’
344 686 469 715 ιππους
491 670 634 721 ἔστησε,
663 671 727 720 τὴν
751 671 788 711 δὲ
808 672 913 726 υδραν
937 673 1046 729 ευρὼν
1067 674 1102 713 ἔν
1116 690 1184 713 τινι

157 728 255 783 λόφῳ
273 728 371 783 παρὰ
391 729 451 774 τὰς
467 729 583 782 πηγὰς
601 734 664 777 τῆς
674 730 896 782 Ἀμυμωνης,
913 732 997 771 ὅπου
1016 737 1035 772 ὁ
1054 733 1185 787 φωλεὸς

159 790 266 836 αὐτῆς
285 790 441 842 υπῆρχε,
463 787 579 841 βαλὼν
602 788 718 841 βέλεσι
739 790 1002 844 πεπυρωμένοις
1022 792 1184 844 ἠνάγκα-

160 861 218 884 σεν
238 845 395 892 ἐξελθεῖν.
416 847 432 872 ⁴
445 846 700 886 Ἐκὸαίνουσαν
726 846 762 886 δὲ
789 847 895 896 αὐτὴν
915 850 1095 903 κρατήσας
1114 866 1183 888 κα-

157 910 284 957 τεῖχεν.
305 903 355 944 ‘H
379 903 416 943 δὲ
436 904 570 959 θατέρῳ
590 907 660 944 τῶν
686 906 800 944 ποδῶν
820 907 980 960 ἠνείχετο
1005 909 1182 962 περιπλα-

158 969 271 1002 κεῖσα.
302 965 367 1017 Ἱῷ
400 963 543 1018 ῥοπάλῳ
570 963 607 1002 δὲ
632 963 692 1009 τὰς
714 964 868 1019 κεφαλὰς
898 966 1059 1015 κόπτων,
1088 965 1184 1005 οὐδὲν

162 1021 277 1060 ἀνύειν
304 1002 468 1061 ἐδύνατο·
492 1029 573 1074 μιᾶς
590 1021 658 1077 γὰρ
685 1023 904 1075 κοπτομένης
922 1027 1096 1079 κεφαλῆς,
1125 1024 1185 1063 δύο

158 1078 358 1133 ἀνεφύοντο.
367 1081 383 1106 5
395 1080 606 1129 'Enseu-150&
626 1080 662 1120 δὲ
682 1082 845 1135 καρκίνος
861 1085 905 1135 τῇ
926 1082 1040 1137 υδραε
1028 1099 1182 1136 υπερμε-

158 1138 218 1190 γέθ
220 1155 279 1188 ης,
299 1138 433 1178 δάκνων
453 1155 511 1178 τον
532 1139 636 1180 πόδα.
658 1139 721 1179 Διὸ
739 1145 859 1180 τοῦτον
880 1142 1085 1185 ἀποκτείνας
1105 1157 1187 1180 επε-

158 1196 334 1236 καλέσατο
357 1197 417 1236 καὶ
444 1199 545 1242 αὐτὸς
575 1198 698 1251 βοηθὸν
728 1199 786 1238 τὸν
816 1200 971 1248 Ἰόλαον,
998 1200 1051 1248 ὃς,
1083 1200 1187 1254 μέρος

158 1272 192 1294 τι
220 1256 451 1308 καταπρήσας
469 1260 530 1304 τῆς
550 1256 652 1309 ἐγγὺς
673 1257 770 1307 ὕλης,
792 1264 863 1302 τοῖς
883 1259 999 1303 δαλοῖς
1016 1259 1185 1298 ἐπικαίων

157 1315 219 1358 τὰς
236 1314 406 1359 ἀνατολὰς
427 1318 496 1354 τῶν
528 1315 808 1370 (ἀναφυομένων)
828 1318 1007 1369 κεφαλῶν,
1035 1317 1185 1355 ἐκώλυεν

159 1373 303 1412 ἀνιέναι.
323 1374 339 1398 ⁶
351 1373 455 1413 Κατὰ
467 1378 589 1412 τοῦτον
618 1375 675 1413 τὸν
693 1374 819 1429 τρόπον
845 1377 914 1413 τῶν
935 1374 1185 1429 ἀναφυομένων

157 1433 320 1486 κεφαλῶν
341 1432 617 1485 περιγενόμενος,
642 1431 707 1480 τὴν
737 1433 908 1471 ἀθάνατον
928 1433 1110 1488 ἀποκόψας
1122 1450 1188 1473 κα-

156 1489 299 1544 τώρυξε,
319 1490 379 1529 καὶ
401 1493 542 1544 βαρεῖαν
563 1490 712 1539 ἐπέθηκε
734 1491 885 1545 πέτραν,
911 1491 1009 1547 παρὰ
1027 1492 1090 1540 τὴν
1108 1493 1185 1532 ὁδὸν

156 1548 220 1596 τὴν
238 1547 410 1603 φέρουσαν
431 1548 488 1588 διὰ
503 1549 637 1604 Λέρνης
661 1552 708 1594 εἷς
724 1550 933 1589 Ἐλεοῦντα·
960 1550 1001 1590 τὸ
1027 1552 1064 1590 δὲ
1081 1555 1185 1604 σῶμα

155 1611 218 1654 τῆς
237 1608 379 1661 ὕδρας’
360 1607 574 1661 ανασχίσας,
603 1612 647 1662 τῇ
676 1610 766 1662 χολῇ
788 1609 867 1653 τους
889 1609 1024 1654 ὃϊστους
1042 1609 1184 1664 ἔδαψεν·

155 1667 380 1720 7Εὐρυσθευς
399 1666 435 1705 δὲ
467 1667 555 1720 ἔφη,
584 1666 634 1719 μὴ
664 1669 732 1706 δεῖν
767 1671 1028 1722 καταριθμῆσαι
1052 1670 1087 1708 ἐν
1115 1675 1185 1714 τοῖς

156 1724 292 1764 δώδεκα
313 1724 371 1763 τὸν
392 1720 507 1765 ἀθλον·
529 1728 566 1765 06
589 1725 657 1798 γὰρ
678 1726 796 1778 μόνος,
818 1726 909 1765 ἀλλὰ
926 1727 988 1767 καὶ
1006 1727 1096 1779 μετὰ
1114 1728 1185 1767 Ἰο-

155 1783 255 1831 λάου,
272 1787 334 1831 τῆς
350 1783 458 1846 ὕδρας
470 1784 702 1839 περιεγένετο.

209 1843 263 1895 (3)
283 1841 409 1915 Τρίτον
437 1837 542 1882 ἆθλον
574 1843 738 1889 ἐπέταξεν
768 1845 881 1898 αὐτῶ,
908 1843 972 1893 τὴν
999 1848 1182 1900 Κερυνῖτιν

108 1917 111 1919 ·
155 1901 282 1954 ἔλαφον
298 1904 345 1946 εἷς
361 1901 563 1949 Μυκήνας”
543 1918 695 1954 εμπνουν
711 1904 873 1955 ἐνεγκεῖν.
889 1897 959 1943 ’Ἦν
972 1903 1041 1951 δὲὴ
1059 1903 1184 1959 ἔλαφος

153 1961 189 1998 ἐν
205 1959 312 2013 Οἰνόῃ
333 1960 564 2015 χρυσόκερως,
585 1961 781 2035 Ἀρτέμιδος
800 1961 893 2016 ἱερά·
912 1962 964 2000 διὸ
977 1963 1035 2001 καὶ
1057 1963 1183 2015 βουλό-

154 2034 255 2070 μενος
273 2002 381 2066 αὐτὴν
394 2019 572 2072 Ἡρακλῆς
583 2036 672 2072 μητε
686 2022 818 2059 ἀνελεῖν
837 2021 926 2072 μήτε
942 2024 1090 2075 τρῶσαι,
1103 2039 1183 2061 συν-

153 2078 290 2123 εδίωξεν
304 2078 383 2117 ὅλον
405 2080 571 2119 ἐνιαυτόν.
588 2082 605 2106 ‘²
620 2080 724 2120 Ἐπεὶ
744 2079 780 2119 δὲ
799 2081 932 2133 κάμνον
949 2081 988 2120 τὸ
1005 2083 1122 2136 θηρίον
1137 2086 1181 2136 τῇ

154 2137 267 2182 διώξει
288 2136 476 2191 συνέφυγεν
502 2140 548 2183 εἷς
573 2139 650 2194 ὄρος
678 2139 717 2178 τὸ
741 2139 926 2192 λεγόμενον
948 2141 1180 2194 Ἀρτεμίσιον,

152 2199 311 2236 κάκεῖθεν
329 2197 387 2236 ἐπὶ
406 2198 566 2250 ποταμὸν
587 2198 753 2249 Λάδωνα,
774 2200 834 2239 καὶ
851 2204 970 2239 τοῦτον
991 2200 1180 2240 διαὸαίνειν

152 2255 349 2306 μέλλουσαν
372 2255 535 2308 τοξεύσας
564 2256 755 2306 συνέλαὸε,
785 2259 847 2297 καὶ
867 2258 1007 2310 θέμενος
1032 2260 1088 2298 ἐπὶ
1112 2263 1180 2298 τῶν

150 2313 258 2366 ὤμων
271 2315 327 2353 διὰ
349 2319 411 2363 τῆς
430 2315 612 2370 Ἀρκαδίας
630 2316 806 2368 ἠπείγετο.
825 2317 954 2357 3Μετὸι
966 2317 1181 2363 Ἀπόλλωνος

150 2371 187 2410 δὲ
205 2371 367 2427 Ἄρτεμις
389 2378 608 2427 συντυχοῦσα
628 2377 817 2430 ἀφῃρεῖτο,
841 2376 901 2414 καὶ
922 2375 962 2415 τὸ
983 2377 1074 2431 ἱερὸν
1092 2380 1179 2431 ζῷον

151 2433 257 2478 αὐτῆς
277 2431 461 2471 κτείναντα
480 2433 738 2507 κατεμέμφετο
767 2434 813 2473 Ο
833 2433 870 2472 δὲ
882 2436 1180 2487 ,ὑποτιμησάμε-

148 2506 205 2534 νος
222 2489 286 2538 τὴν
308 2492 484 2564 ἀνάγκην,
511 2492 571 2530 καὶ
594 2492 652 2530 τὸν
674 2492 783 2531 αἴτιον
802 2491 908 2531 εἰπὼν
923 2494 1104 2548 Εὐρυσθέα
1122 2511 1180 2547 γε-

149 2549 301 2601 γονέναι,
326 2565 480 2603 πραυνας
497 2549 561 2597 τὴν
582 2551 686 2603 ὀργὴν
707 2554 767 2598 τῆς
783 2554 883 2601 θεοῦ,
900 2551 940 2590 τὸ
959 2553 1112 2606 θηρίον’
1097 2554 1178 2594 εκό-

149 2624 229 2659 μισε
215 2625 249 2647 ·ν
267 2608 419 2660 ἔμπνουν
439 2611 485 2652 εἷς
502 2609 682 2657 Μυκήνας.

202 2668 254 2719 (4)
275 2666 327 2706 'l'
311 2683 453 2722 εταρτον
470 2661 574 2706 αθλον
590 2667 754 2713 ἐπέταξεν
770 2684 864 2722 αυτω
874 2684 933 2707 τον
943 2668 1176 2722 Ἐρυμάνθιον

147 2725 280 2779 κάπρον
310 2729 424 2771 ζωντα
452 2725 619 2778 κομίζειν.
653 2729 769 2766 Τοῦτο
792 2726 828 2765 δὲ
855 2727 895 2766 τὸ
921 2728 1037 2781 θηρίον
1064 2729 1177 2775 ἠδίκει

146 2782 210 2831 τὴν
229 2786 403 2838 Ψωφῖδα,
432 2783 643 2850 ὃρμωμενον
658 2784 730 2830 ἐξ”
711 2801 819 2838 ορους,
837 2785 855 2824 ὃ
873 2787 1043 2824 καλοῦσιν
1073 2787 1177 2841 Ἐρύ-

148 2846 289 2893 μανθον.
319 2850 336 2874 2
351 2844 583 2898 Διερχόμενος
603 2839 661 2882 οὐν
679 2844 823 2892 Φολόην
851 2843 1064 2889 ἐπιξενοῦται
1082 2847 1176 2885 Κεν-

146 2902 262 2962 ταύρῳ
288 2903 422 2957 Φόλῳ,
462 2906 615 2951 Σιληνοῦ
639 2904 700 2942 καὶ
728 2903 879 2958 Νύμφης
904 2903 1039 2948 Μελίας
1063 2905 1174 2942 παιδί·

146 2964 243 3004 οὗτος
263 2961 433 3015 Ἡρακλεῖ
462 2962 525 3014 μὲν
561 2961 651 3001 ὀπτὰ
684 2968 832 3023 παρεῖχε
869 2962 913 3001 τὰ
938 2962 1046 3016 κρέα,
1075 2963 1175 3006 αὐτὸς

147 3018 219 3055 δὲ’
201 3025 308 3069 ωμοῖς
322 3021 462 3073 ἐχρῆτο·
483 3023 499 3047 ³
517 3023 692 3065 αἰτοῦντος
703 3020 739 3059 δὲ
756 3025 846 3060 οἶνον
863 3019 1127 3074 Ἣρακλεόυς,”
1108 3036 1173 3074 εφη

146 3077 338 3115 δεδοικέναι
362 3079 420 3117 τὸν
448 3080 562 3119 κοινὸν
592 3083 661 3119 τῶν
684 3079 893 3134 Κενταύρων
913 3078 1046 3124 ἀνοῖξαι
1061 3078 1172 3118 πίθον·

145 3137 281 3188 θαρρεῖν
298 3135 334 3173 δὲ
351 3139 700 3191 παρακελευσάμενος
710 3139 908 3192 Ἡρακλῆς,
928 3137 1030 3176 αὐτὸν
1048 3137 1172 3187 ἤνοιξε,

144 3207 161 3232 4
174 3192 234 3230 καὶ
251 3194 326 3243 μετ’
346 3197 382 3232 06
396 3195 485 3234 πολυ
506 3195 563 3234 διὰ
579 3201 641 3243 τῆς
658 3199 770 3249 ὀσμῆς
793 3196 990 3248 αἰσθόμενοι
1009 3199 1171 3251 παρῆσαν

145 3252 177 3289 οἱ
203 3250 399 3304 Κένταυροι
431 3253 573 3308 πέτραις
602 3256 819 3307 ὡπλισμένοι
851 3256 911 3295 καὶ
940 3255 1078 3300 ἐλάταις
1114 3256 1173 3294 ἐπὶ

144 3325 183 3347 το
202 3313 262 3348 τοῦ
282 3310 402 3349 Φόλου
424 3313 608 3359 σπήλαιον.
635 3314 726 3358 Τους
746 3314 808 3365 μὲν
828 3319 886 3353 οὐν
912 3314 1070 3368 πρώτους
1092 3316 1173 3353 τολ-

143 3367 323 3419 μήσαντας
346 3368 428 3408 εἴσω
455 3373 637 3425 παρελθεῖν
666 3372 807 3425 Ἄγχιον
825 3373 884 3411 καὶ
904 3372 1041 3425 Ἄγριον
1060 3372 1170 3426 Ἥρα-

769 178 1152 218 ΑΠΟΛΛΟΔΩΡΟΥ
1179 181 1524 225 ΒῙΒΛΙΟΘΗΚΗΣ
1553 186 1607 237 Β,
1636 185 1674 226 ε’.

1283 279 1328 320 (2)
1342 281 1528 314 Secundum
1543 282 1674 315 Herculi
1689 283 1833 316 laborem
1846 282 1982 325 hydram
1998 285 2165 318 Lernaeam
2181 286 2264 319 occi·

1241 342 1377 376 dendam
1398 345 1580 388 imperavit.
1605 349 1684 380 Haec
1700 348 1734 379 in
1749 350 1863 380 Lernae
1883 348 2000 389 palude
2015 351 2171 392 enutrita,
2188 350 2265 392 inde

1241 407 1275 440 in
1298 417 1430 452 campos
1445 413 1565 454 exibat,
1588 416 1621 446 et
1634 423 1750 456 pecora
1763 417 1795 447 et
1810 423 1903 455 agros
1921 415 2087 456 perdebat.
2111 421 2126 440 ²
2138 419 2265 459 corpus

1241 475 1380 509 habebat
1395 478 1486 511 mirae
1501 480 1742 522 magnitudinis,
1760 489 1879 514 novem
1902 481 2064 523 capitibus
2079 482 2242 515 munitum
2252 507 2263 525 ,

1242 549 1380 582 quorum
1395 547 1469 576 octo
1483 545 1649 585 mortalia,
1674 547 1820 579 medium
1843 555 1922 580 vero
1949 547 2143 580 immortale.
2159 552 2174 571 δ
2187 549 2265 581 Her-

1245 606 1335 639 cules
1350 607 1447 649 igitur
1462 618 1559 642 curru
1576 614 1700 652 vectus,
1718 612 1883 653 aurigante
1898 612 1998 654 Iolao,
2014 613 2104 645 venit
2121 613 2164 645 ad
2193 613 2266 646 Ler-

1243 678 1330 702 nam.
1353 671 1444 704 Sistit
1465 672 1511 705 ibi
1532 682 1650 715 equos,
1668 677 1766 716 atque
1792 676 1931 718 hydram
1961 678 2077 709 nactus
2099 676 2134 708 in
2154 677 2267 710 monte

1243 735 1385 776 quodam
1401 737 1443 769 ad
1464 737 1588 770 fontem
1610 741 1824 782 Amymones,
1848 741 1905 774 ubi
1927 742 1996 782 eJus
2014 741 2146 774 latebroe
2164 743 2267 782 erant,

1245 799 1353 840 ignitis
1369 800 1494 841 sagittis
1509 802 1618 835 missis
1633 811 1705 835 eam
1723 812 1742 836 e
1757 813 1855 845 specu
1867 805 1984 846 exegit.
2003 810 2017 830 ⁴
2027 808 2201 847 Egressam
2210 805 2267 838 de-

1244 862 1319 895 inde
1334 863 1492 904 corripuit
1515 867 1548 897 et
1563 866 1712 899 detinuit.
1732 869 1780 899 Ea
1797 876 1876 900 vero
1891 868 1982 901 alteri
1997 870 2117 910 pedum
2132 869 2269 902 circum-

1245 927 1356 967 plicita
1370 928 1523 962 haerebat.
1541 932 1608 963 Nec
1624 931 1717 963 clava
1745 932 1852 973 capita
1878 933 2062 974 percutiens
2089 933 2268 975 quidquam

1245 992 1396 1033 perticere
1411 995 1517 1035 potuit
1531 1005 1539 1026 :
1558 1005 1634 1027 nam
1650 1005 1716 1028 uno
1732 999 1882 1037 contuso,
1898 997 1963 1030 duo
1978 997 2267 1032 subnascebantur.

1245 1056 1259 1074 ὃ
1268 1054 1426 1086 Praeterea
1436 1063 1550 1087 cancer
1557 1055 1642 1088 vasti
1652 1057 1795 1097 corporis
1806 1056 1984 1089 mordendo
1995 1058 2144 1091 Herculis
2154 1058 2270 1100 pedem

1247 1110 1360 1150 hydrae
1386 1111 1616 1152 opitulabatur.
1644 1114 1820 1155 Quocirca,
1850 1116 2020 1149 interfecto
2041 1125 2176 1158 cancro,
2200 1116 2271 1159 ipse

1245 1185 1375 1217 quoque
1397 1176 1517 1209 auxilio
1545 1178 1719 1211 advocavit
1748 1179 1896 1220 Iolaum;
1920 1181 1978 1222 qui
2011 1189 2115 1222 quum
2145 1183 2270 1223 partem

1246 1242 1403 1282 proximae
1427 1242 1518 1275 silvae
1547 1244 1764 1285 accendisset,
1803 1245 1942 1279 torribus
1969 1246 2094 1279 radices
2127 1246 2271 1288 capitum

1245 1306 1428 1348 exurendo,
1445 1309 1621 1348 quominus
1636 1309 1698 1341 alia
1720 1309 1943 1342 suborirentur
1958 1310 2135 1352 prohibuit.
2151 1313 2271 1344 ⁶Hunc

1246 1370 1279 1401 in
1302 1371 1436 1403 modum
1451 1372 1695 1405 renascentibus
1710 1373 1868 1415 capitibus
1883 1375 2042 1416 superatis
2053 1398 2063 1415 ,
2090 1375 2271 1410 immortale

1245 1433 1324 1466 illud
1345 1434 1521 1467 decussum
1545 1435 1687 1479 defodit,
1704 1440 1737 1470 et
1762 1439 1870 1479 magni
1895 1439 2047 1480 ponderis
2073 1441 2271 1482 superimpo-

1245 1498 1311 1530 suit
1328 1499 1468 1540 lapidem
1487 1499 1528 1532 ad
1544 1500 1631 1533 viam
1641 1524 1650 1541 ,
1667 1511 1741 1543 quae
1756 1511 1813 1544 per
1833 1505 1973 1536 Lernam
1987 1503 2077 1536 ducit
2090 1504 2270 1538 Eleuntem.

1245 1563 1392 1596 Dissecto
1408 1567 1516 1597 autem
1534 1565 1645 1606 hydrae
1659 1575 1805 1609 corpore,
1822 1568 1888 1601 bile
1908 1569 1978 1610 ejus
2001 1569 2134 1610 sagittas
2160 1570 2269 1603 tinxit.

1244 1639 1258 1659 ⁷
1273 1630 1315 1661 At
1330 1629 1531 1670 Eurystheus
1541 1631 1628 1663 hunc
1641 1631 1786 1664 laborem
1797 1633 1968 1666 duodecim
1985 1633 2048 1667 illis
2061 1634 2271 1668 adnumeran-

1244 1694 1322 1727 dum
1349 1704 1420 1728 esse
1446 1698 1594 1738 negavit,
1617 1699 1705 1739 quod
1720 1699 1876 1733 Hercules
1900 1710 1968 1733 non
1987 1701 2098 1742 solus,
2115 1702 2174 1735 sed
2189 1703 2269 1736 Iolai

1244 1770 1340 1803 opera
1357 1771 1434 1795 usus
1450 1763 1587 1804 hydram
1603 1767 1798 1805 superasset.

1286 1848 1333 1890 (3)
1354 1849 1499 1881 Tertium
1514 1849 1658 1883 laborem
1685 1850 1841 1892 imposuit
1856 1851 1960 1891 hunc,
1976 1855 2013 1885 ut
2025 1861 2154 1886 cervam
2173 1856 2269 1896 Gery-

1242 1907 1326 1940 nitin
1337 1909 1491 1949 Mycenas
1508 1908 1619 1940 vivam
1636 1908 1776 1942 afferret.
1793 1911 1872 1942 Erat
1886 1910 1957 1943 haec
1970 1919 2067 1944 cerva
2081 1912 2121 1944 ad
2139 1914 2270 1946 OEnoen

1243 1965 1362 1997 auratis
1391 1965 1543 1998 cornibus
1571 1966 1708 2007 insignis
1736 1967 1770 2000 et
1797 1968 1986 2000 consecrata
2001 1968 2124 2001 Dianae.
2141 1971 2214 2006 Qua
2229 1970 2270 2002 de

1242 2033 1358 2057 caussa
1379 2034 1482 2066 quum
1499 2025 1653 2058 Hercules
1665 2035 1737 2058 eam
1751 2035 1811 2059 nec
1828 2026 2006 2060 interlicere
2019 2037 2080 2061 nec
2099 2029 2268 2063 vulnerare

1242 2084 1355 2125 vellet,
1384 2093 1442 2126 per
1464 2086 1571 2117 totum
1587 2094 1708 2117 annum
1723 2085 1889 2118 insecutus
1916 2088 1978 2120 est.
2005 2087 2092 2120 ²Ubi
2107 2083 2186 2121 vero
2201 2090 2268 2123 sera

1240 2143 1464 2186 persecutione
1487 2143 1617 2185 fatigata
1641 2144 1675 2176 in
1700 2144 1910 2177 Artemisium
1929 2154 2028 2187 quem
2049 2147 2163 2180 dicunt
2176 2151 2266 2176 mon-

1241 2204 1308 2236 tem
1332 2201 1497 2242 confugit,
1527 2201 1604 2234 indc
1629 2210 1708 2235 vero
1733 2202 1774 2234 ad
1800 2202 1967 2235 Ladonem
1994 2203 2150 2244 fluvium,
2179 2205 2268 2238 hunc

1240 2264 1515 2303 transgressuram
1537 2260 1654 2301 sagitta
1679 2260 1855 2293 vulnerans
1880 2262 1982 2303 cepit,
2007 2271 2109 2304 eaque
2123 2263 2267 2298 humeris

1241 2321 1403 2363 imposita,
1417 2330 1473 2362 per
1483 2319 1652 2352 Arcadiam
1663 2319 1808 2352 tetendit.
1819 2325 1834 2344 ⁸
1849 2319 1911 2353 Sed
1921 2329 1996 2352 cum
2007 2322 2154 2363 Apolline
2164 2323 2267 2356 Diana

1240 2382 1370 2414 obviam
1387 2380 1471 2412 sacta
1481 2388 1610 2412 cervam
1622 2378 1728 2411 voluit
1740 2379 1872 2420 eripere,
1884 2388 2024 2420 eumque
2036 2381 2125 2421 quod
2137 2390 2264 2414 sacrum

1240 2441 1300 2473 sibi
1317 2439 1435 2471 animal
1462 2438 1691 2471 interfecturus
1713 2438 1845 2478 fuisset,
1866 2438 2056 2480 objurgavit.
2073 2441 2104 2472 ls
2120 2449 2199 2473 vero
2211 2449 2267 2474 ne-

1239 2498 1422 2531 cessitatem
1439 2497 1574 2529 facinori
1600 2497 1821 2538 praetendens,
1847 2496 1958 2537 reique
1973 2498 2138 2530 auctorem
2162 2500 2266 2540 Eury-

1239 2558 1368 2590 stheum
1383 2565 1452 2589 esse
1469 2556 1580 2588 dicens
1589 2578 1598 2595 ‚
1611 2556 1737 2597 placata
1752 2555 1821 2588 deae
1836 2555 1895 2595 ira,
1911 2555 2013 2588 seram
2033 2555 2143 2588 vivam
2158 2556 2266 2590 adhuc

1239 2616 1312 2649 tulit
1327 2619 1490 2656 Mycenas.

1281 2674 1326 2714 (4)
1348 2675 1510 2711 Quartum
1533 2673 1676 2706 lahorem
1693 2673 1864 2714 imperavit
1880 2673 1984 2714 hunc,
2006 2675 2042 2705 ut
2057 2683 2172 2715 aprum
2187 2677 2264 2715 Ery-

1238 2737 1422 2769 manthium
1447 2737 1564 2769 vivum
1590 2738 1784 2778 apportaret.
1811 2738 1891 2769 Haec
1905 2736 1973 2769 fera
1997 2737 2038 2769 ab
2063 2738 2265 2780 Erymantho

1237 2804 1345 2833 monte
1362 2810 1576 2843 prorumpens
1592 2801 1787 2842 Psophidem
1797 2801 2000 2834 devastabat.
2017 2803 2196 2836 ³Hercules
2209 2803 2265 2845 igi-

1235 2869 1288 2898 tur
1302 2875 1359 2907 per
1377 2866 1521 2898 Pholoen
1534 2866 1595 2898 iter
1611 2866 1732 2898 faciens
1748 2875 1767 2898 a
1788 2866 1890 2898 Pholo
1903 2869 2085 2907 Centauro,
2108 2867 2207 2901 Sileni
2231 2870 2264 2902 et

1235 2933 1340 2965 Meliae
1357 2932 1511 2973 nymphae
1532 2932 1609 2968 filio,
1624 2932 1764 2973 hospitio
1779 2932 1950 2973 excipitur.
1970 2935 2002 2965 Is
2024 2933 2144 2974 hospiti
2159 2934 2263 2966 tostas

1236 3006 1348 3030 carnes
1358 2996 1519 3038 apposuit,
1540 2996 1610 3037 ipse
1630 2996 1739 3028 crudis
1751 2997 1839 3029 vesci
1854 2996 1979 3028 maluit.
1995 3013 2009 3032 ᾳ,
2020 2998 2171 3031 Poscenti
2184 3007 2262 3031 vero

1234 3063 1349 3094 vinum
1375 3060 1506 3094 Herculi
1524 3061 1629 3093 vereri
1657 3069 1693 3093 se
1715 3060 1799 3093 dixit
1825 3069 1998 3092 commune
2023 3062 2262 3093 centaurorum

1234 3125 1355 3159 dolium
1368 3126 1502 3167 aperire.
1516 3122 1576 3158 Sed
1590 3125 1746 3158 Hercules
1758 3133 1832 3157 eum
1845 3124 1932 3156 bono
1947 3125 2055 3157 animo
2065 3133 2136 3157 esse
2143 3124 2261 3166 jubens

1233 3192 1358 3225 dolium
1379 3191 1516 3232 aperuit.
1535 3192 1626 3222 ⁴Nec
1647 3190 1751 3222 multo
1765 3191 1840 3231 post
1866 3189 2039 3229 Centauri,
2068 3198 2170 3230 quum
2191 3188 2260 3221 vini
2299 3204 2309 3210 ν

1232 3256 1330 3289 odore
1345 3255 1386 3288 de
1402 3256 1462 3287 hac
1488 3263 1523 3287 re
1537 3253 1689 3287 certiores
1714 3253 1791 3286 facti
1819 3255 1948 3293 essent,
1973 3253 2062 3285 saxis
2085 3252 2201 3285 armati
2227 3253 2260 3285 et

1232 3321 1393 3355 abietibus
1418 3319 1459 3352 ad
1481 3319 1576 3352 Pholi
1605 3320 1737 3351 antrum
1761 3319 1983 3351 adcucurrere.
2011 3320 2037 3350 E
2060 3318 2181 3359 quibus
2199 3319 2260 3350 An·

1237 3384 1348 3416 chium
1363 3385 1397 3416 et
1415 3383 1567 3424 Agrium,
1586 3382 1643 3424 qui
1659 3382 1754 3424 primi
1770 3385 1900 3414 antrum
1924 3381 2047 3423 ingredi
2063 3381 2134 3414 ausi
2154 3381 2255 3419 erant,
