2320 3684
758 195 1090 236 APOLLODORI
1119 197 1453 246 FRAGMENTA.

43 283 103 323 κὸν
124 284 308 337 ἀνατραπῇ
322 312 331 330 ,
345 281 404 320 καὶ
424 280 514 320 οὕτω
545 286 616 326 τοῖς
643 281 732 334 μετὰ
748 282 806 320 τὸν
826 284 1076 336 κατακλυσμὸν

43 341 136 382 ἔτεσι
153 342 198 382 τὰ
213 342 305 381 κατὰ
325 339 429 395 μέρος
447 339 513 388 ὅση
535 339 681 392 δύναμις
697 341 995 393 ἐπισημήνασθαι.

96 404 210 450 P.36‚
227 406 258 439 D
277 401 330 454 (p.
348 401 398 439 66
416 401 613 452 Dindorf.)
630 416 638 439 :
657 400 827 445 Εὐσέὸιος
843 401 903 440 καὶ
922 401 1078 450 Ἰώσηπ-

41 476 106 505 πος
118 460 179 500 καὶ
197 459 297 499 ἄλλοι
315 459 394 512 περὶ
409 462 473 507 τῆς
490 461 559 499 τῶν
573 457 764 499 ’Χαλδαίων
784 460 961 512 βασιλείας
979 463 1079 499 ἱστο-

45 520 134 575 ρικοὶ
165 520 348 575 φαίνονται
376 518 536 572 λέγοντες
566 517 620 558 ὅτι
653 517 722 573 πρὸ
749 523 809 558 τοῦ
826 522 1079 572 κατακλυσμοῦ

42 578 248 618 ε’ὅασίλευον
266 577 431 629 ἑπόμενοι
455 576 668 632 Ἀλεξάνδρῳ
701 579 753 631 τῷ
783 576 998 633 Πολυΐστορι
1019 578 1079 617 καὶ

42 636 222 691 Ἀὸυδηνῷ
240 636 301 676 καὶ
332 636 595 692 Ἀπολλοδώρῳ,
614 636 790 688 μηδεμίαν
810 635 950 689 ἔχοντες
970 639 1079 692 ἀφορ-

42 695 112 748 μὴν
136 697 176 735 ἐκ
192 698 262 735 τῶν
283 698 382 735 θειῶν
399 698 555 750 γραφῶν.

93 756 240 794 Deinde
263 769 301 808 p.
320 757 383 800 38,
400 756 447 804 A,
466 755 519 807 (p.
539 755 590 805 69
603 755 795 806 Dindorf.)
810 755 1080 807 appositurum

42 830 83 854 se
101 814 395 865 dicit‘Abydeni
424 823 463 852 et
493 814 722 866 Apollodori
746 828 899 852 necnon
939 817 1081 851 Mane-

45 876 174 914 thonis
197 888 317 926 pauca
345 874 521 925 quaedam
542 874 669 926 capita
687 904 698 922 ‚
725 874 774 912 ad
805 873 1081 912 confutationis

43 935 437 981 demonstrationem,
476 948 524 972 ne
543 935 734 986 quispiam
770 947 906 972 eorum
929 933 1082 985 legendi

43 993 239 1033 studiosus
268 994 370 1032 circa
389 993 520 1045 plures
543 992 664 1032 libros
692 993 984 1031 distraheretur.
1009 993 1076 1030 Al—

41 1053 120 1092 lato
140 1053 260 1104 igitur
278 1052 460 1104 Abydeni
479 1052 567 1090 loco
588 1052 635 1090 de
655 1066 774 1104 regno
789 1051 1055 1091 Chaldaeorum
1071 1080 1081 1098 ‚

7 1111 10 1116 '
41 1112 91 1150 ad
106 1111 337 1164 Apollodori
358 1112 620 1150 narrationem
639 1125 678 1150 se
696 1111 890 1150 convertit
917 1111 1020 1148 hunc
1040 1113 1080 1148 in

42 1171 221 1210 modum:

94 1229 192 1285 Πρὸς
206 1229 341 1274 τούτοις
359 1229 420 1268 καὶ
438 1228 700 1283 Ἀπολλόδωρος
724 1228 854 1281 ὁμοίως
870 1228 1004 1272 τούτοις
1023 1243 1079 1266 τε-

43 1289 270 1345 ρατευόμενος
308 1287 400 1327 οὕτω
435 1287 552 1340 λέγει·
581 1290 707 1327 Ταῦτα
743 1287 807 1340 μὲν
843 1291 862 1327 ὃ
893 1286 1083 1342 Βήρωσσος

41 1348 226 1404 ἱστόρησε,
244 1349 382 1402 πρῶτον
401 1346 563 1399 γενέσθαι
593 1346 742 1400 βασιλέα
760 1344 914 1400 ’Άλωρον
948 1348 987 1385 ἐκ
1006 1348 1082 1385 Βα-

42 1409 197 1453 ὅυλῶνος
222 1408 422 1448 Χαλδαῖον·
445 1408 650 1459 βασιλεῦσαι
686 1406 723 1446 δὲ
753 1406 880 1460 σάρους
899 1405 1003 1454 δέκα,
1023 1405 1083 1444 καὶ

41 1467 187 1515 καθεξῆς
200 1465 396 1520 Ἀλάπαρον
411 1466 471 1504 καὶ
488 1465 675 1517 Ἀμήλωνα
689 1464 748 1504 τὸν
762 1467 802 1504 ἐκ
819 1464 1082 1505 Παντιὸίὸλων·

42 1520 119 1566 εἶτα
148 1524 358 1578 Ἀμμένωνα
378 1524 436 1564 τὸν
465 1525 657 1572 Χαλδαῖον,
690 1524 744 1579 ἐφ’
766 1519 806 1563 οἷ
826 1540 911 1578 φησι
933 1527 1085 1579 φανῆναι

41 1585 100 1626 τὸν
111 1584 265 1640 μυσαρὸν
280 1582 447 1633 Ὠᾶννην,
457 1583 516 1623 τὸν
532 1584 760 1633 Ἀννήδωτον,
771 1585 810 1622 ἐκ
825 1586 886 1631 τῆς
901 1583 1083 1637 Ἐρυθρᾶς·

43 1644 127 1700 ὅπερ
147 1643 368 1698 Ἀλέξανδρος
380 1642 569 1698 προλαὸὼν
585 1643 702 1698 εἴρηκε
719 1646 872 1698 φανῆναι
888 1645 937 1696 τῷ
953 1643 1084 1697 πρώτῳ

42 1700 124 1744 ἔτει·
144 1698 243 1748 οἶτος
259 1702 296 1743 δὲ
314 1702 403 1755 μετὰ
420 1701 547 1756 σάρους
559 1702 836 1756 τεσσαράκοντα,
854 1705 871 1741 ὃ
888 1701 923 1740 δὲ
935 1701 1086 1750 ’Aezen-

43 1764 100 1809 νὸς
117 1764 175 1804 τὸν
197 1763 353 1817 δεύτερον
374 1762 590 1809 Ἀννήδωτον
611 1762 701 1815 μετὰ
725 1761 852 1816 σάρους
875 1761 1004 1800 εἴκοσιν
1026 1759 1062 1806 ἕξ
1076 1777 1084 1785 ·

46 1817 123 1864 εἶτα
138 1819 350 1876 Μεγαλάρον
370 1824 410 1861 ἐκ
431 1821 680 1861 Παντιὸίὸλων
694 1820 830 1865 πόλεως
842 1851 853 1872 ,
878 1823 1085 1874 βασιλεῦσαι

44 1883 75 1922 δ’
89 1882 192 1922 αὐτὸν
206 1882 333 1936 σάρους
350 1881 579 1921 ὀκτοκαίδεκα
595 1897 602 1904 ·
620 1881 680 1920 καὶ
699 1880 789 1933 μετὰ
805 1884 926 1920 τοῦτον
941 1880 1085 1919 Δάωνον

44 1940 196 1993 ποιμένα
227 1942 267 1979 ἐκ
302 1939 550 1979 Παντιὸίὸλων
589 1942 795 1992 βασιλεῦσαι
830 1939 956 1994 σάρους
989 1938 1085 1978 δέκα.

48 1998 151 2040 Κατὰ
165 2000 401 2038 τοῦτονπάλιν
417 1999 503 2053 φησὶ
516 2000 717 2052 φανῆναιέκ
734 2002 797 2046 τῆς
817 1999 990 2053 Ἐρυθρᾶς
1011 1998 1085 2037 Ἀν-

45 2058 201 2107 νήδωτον
219 2057 386 2113 τέταρτον
405 2057 468 2106 τὴν
490 2057 600 2106 αὓτὴν
622 2065 693 2103 τοῖς
714 2057 788 2097 ἄνω
814 2057 941 2111 ἔχοντα
970 2057 1085 2097 διάθε-

46 2133 100 2157 σιν
123 2118 183 2157 καὶ
200 2117 265 2166 τὴν
286 2116 403 2170 ἰχθύος
418 2117 504 2171 πρὸς
527 2117 730 2172 ἀνθρώπους
753 2117 857 2170 μῖξιν.
880 2111 971 2156 Εἶτα
986 2116 1087 2172 ἄρξαι

49 2177 282 2231 Εὗεδώραχον
296 2179 336 2216 ἐκ
355 2176 622 2227 Παντιὸίὸλων,
649 2178 708 2215 καὶ
732 2178 938 2230 βασιλεῦσαι
962 2177 1087 2231 σάρους

46 2236 299 2277 ὀκτωκαίδεκα.
314 2235 400 2275 Ἐπὶ
413 2235 537 2275 τούτου
555 2236 660 2290 φησὶν
675 2235 780 2275 ἄλλον
795 2239 948 2291 φανῆναι
966 2237 1005 2274 ἐκ
1026 2239 1088 2283 τῆς

47 2297 191 2350 ἐρυθρᾶς
213 2295 391 2343 θαλάσσης
411 2294 531 2347 ὅμοιον
562 2295 655 2334 κατὰ
671 2294 735 2343 τὴν
763 2295 880 2348 ἰχθύος
901 2295 987 2349 πρὸς
1022 2296 1087 2334 ἄν-

47 2358 185 2410 θρωπον
215 2354 322 2406 μῖξιν,
342 2349 372 2409 ᾧ
391 2354 503 2405 ὄνομα
536 2354 710 2394 Ὠδᾶκων.
747 2354 901 2398 Τούτους
928 2354 965 2393 δέ
1001 2370 1088 2410 φησι

47 2414 182 2459 πάντας
200 2415 243 2452 τὰ
270 2414 338 2453 ὑπὸ
357 2414 506 2453 Ὠάννου
531 2415 783 2468 κεφαλαιωδῶς
816 2413 965 2467 ῥηθέντα
997 2415 1088 2454 κατὰ

50 2473 152 2527 μέρος
164 2473 414 2526 ἐξηγήσασθαι.
428 2473 517 2528 Περὶ
534 2472 657 2512 τούτου
669 2473 702 2512 Ἀ
709 2473 855 2521 ὅυδηνὸς
868 2474 965 2513 οὐδὲν
980 2468 1087 2514 εἶπεν.

50 2526 142 2573 Εἶτα
162 2532 263 2588 ἄρξαι
277 2532 489 2587 Ἀμεμψινὸν
510 2533 688 2572 Χαλδαῖον
716 2534 755 2571 ἐκ
776 2533 994 2587 Λαράγχων·
1019 2536 1088 2586 βα-

50 2594 208 2632 σιλεῦσαι
239 2591 276 2631 δὲ
294 2591 398 2631 αὐτὸν
427 2591 547 2643 ὄγδοον
579 2592 705 2646 σάρους
740 2592 835 2631 δέκα.
871 2587 960 2632 Εἶτα
988 2593 1090 2648 ἄρξαι

51 2728 265 2770 contigerunt,
275 2729 435 2770 quantum
442 2728 504 2761 fert
510 2728 616 2761 virtus
623 2732 655 2760 et
664 2728 842 2769 ingenium,
849 2729 1088 2762 adscribantur.

96 2775 257 2808 Eusebius
273 2779 306 2808 et
324 2776 486 2817 Josephus
503 2778 535 2808 et
551 2776 605 2808 aiii
622 2775 870 2808 Chaldaicarum
888 2786 996 2809 rerum
1013 2778 1090 2809 scri-

55 2823 164 2864 ptores
180 2823 397 2856 Alexandrum
413 2823 660 2864 Polyhistorem‚
673 2823 868 2865 Abydenum
882 2826 914 2857 et
923 2825 1091 2866 Apollodo-

53 2878 138 2910 rum,
145 2870 235 2903 nullo
248 2873 382 2912 accepto
395 2871 517 2903 divinis
531 2880 570 2903 ex
588 2871 775 2912 scripturis,
790 2872 904 2911 secuti,
919 2872 1091 2906 Chaldaeos

55 2920 129 2950 ante
141 2917 302 2951 diluvium
325 2919 498 2960 antiquum
523 2918 708 2951 exercuisse
732 2919 902 2960 imperium
926 2919 989 2951 visi
1013 2922 1090 2951 sunt

55 2973 209 2998 asserere.

98 3012 146 3045 Ad
187 3013 257 3045 haec
287 3013 475 3054 prodigiosa
507 3012 692 3045 narratione
727 3013 826 3046 etiam
876 3011 1091 3055 Apollodorus

57 3059 104 3091 ita
117 3059 215 3092 refert
231 3070 239 3091 :
256 3061 395 3092 Berosus
413 3063 522 3092 narrat
537 3069 649 3101 regum
672 3060 836 3102 Babylone
858 3064 1008 3092 natorum
1032 3061 1091 3101 pri-

58 3115 147 3139 mum
175 3107 277 3139 fuisse
305 3108 439 3140 Alorum
467 3107 678 3147 Chaldaeum;
699 3108 781 3140 saris
802 3117 881 3140 vero
907 3107 1019 3140 decem
1048 3116 1092 3139 re-

58 3162 181 3194 gnasse,
193 3163 231 3186 ac
242 3154 392 3197 deinceps
403 3155 577 3196 Alaparum
588 3157 621 3187 et
629 3156 818 3188 Amelonem
829 3164 869 3187 ex
885 3154 1088 3192 Pantibibiis,

1650 173 1659 189 0

2096 210 2172 244 439

1141 285 1335 341 Ὠτιάρτην
1373 288 1552 327 Χαλδαῖον
1581 288 1622 326 ἐκ
1653 287 1869 342 Λαράγχων,
1904 289 2109 342 βασιλεῦσαι
2138 290 2174 328 δὲ

1139 345 1265 399 σάρους
1275 346 1309 394 η’
1313 378 1321 385 .
1339 346 1531 401 Ὠτιάρτου
1549 346 1585 385 δὲ
1602 346 1874 394 τελευτήσαντος
1895 347 1955 387 τὸν
1975 347 2048 388 υἱὸν
2068 350 2173 388 αὐτοῦ

1139 404 1331 459 Ξίσουθρον
1351 407 1555 458 βασιλεῦσαι
1573 405 1700 459 σάρους
1718 405 1971 445 ὀκτωκαίδεκα.
1991 407 2078 446 Ἐπὶ
2097 406 2177 446 τού-

1138 479 1199 502 του
1213 463 1250 502 δὲ
1275 464 1334 503 τὸν
1355 464 1465 516 μέγαν
1495 464 1744 517 κατακλυσμόν
1764 481 1849 518 φησι
1867 467 2086 518 γεγενῆσθαι.
2112 466 2179 511 ‘sse

1142 521 1298 573 γίνεσθαι
1350 526 1438 575 ὁμοῦ
1470 523 1606 568 πάντας
1645 526 1798 577 βασιλεῖς
1836 523 1942 574 δέκα,
1978 526 2104 580 σάρους
2142 526 2178 564 δὲ

1141 581 1262 620 ἑκατὸν
1283 581 1403 621 εἴκοσι.
1422 583 1478 621 Cf.
1495 584 1673 634 Scaliger.
1695 584 1835 622 Euseb.
1855 599 1891 636 p.
1918 587 1953 623 5.

1195 642 1336 682 Euseb.
1358 646 1515 681 Armen.
1533 657 1570 694 p.
1595 645 1640 682 5:
1663 647 1757 681 Hoec
1789 647 1934 694 quidem
1960 647 2117 684 Berosus
2140 651 2176 684 in

1097 710 1099 712 '
1141 700 1229 737 libro
1252 706 1375 751 primo
1396 707 1572 748 narravit,
1595 705 1750 740 secundo
1783 714 1907 741 autem
1928 719 2032 756 reges
2049 709 2178 756 singil—

1142 762 1245 797 latim
1265 766 1453 798 recensuit.
1477 763 1529 799 Ut
1540 765 1615 811 ipse
1634 767 1764 812 inquit,
1785 763 2086 802 Narbonassarus
2098 775 2181 802 erat

1141 833 1182 855 eo
1197 828 1356 868 tempore
1369 834 1448 857 rex.
1462 822 1514 857 Et
1527 835 1652 871 regum
1667 824 1811 871 quidem
1826 827 1977 860 nomina
1987 824 2183 875 diligenter

1141 887 1290 915 acervat
1295 892 1309 923 ;
1342 881 1482 915 nullum
1515 888 1639 917 tamen
1676 894 1798 918 eorum
1833 896 1922 932 opus
1941 886 2184 932 peculiariter

1141 941 1285 982 recitat,
1301 935 1466 986 fortasse
1493 942 1581 986 quia
1601 941 1657 975 nil
1676 942 1951 978 memorandum
1978 955 2055 978 esse
2074 941 2177 978 arbi—

1142 1005 1273 1033 tratur.
1296 998 1357 1033 Ex
1371 1010 1413 1033 eo
1432 1001 1543 1047 igitur
1562 1011 1687 1047 regum
1705 1001 1957 1036 tantummodo
1975 1004 2103 1037 seriem
2117 1002 2176 1037 de*

1136 1070 1309 1106 promere
1329 1059 1423 1094 licet.
1449 1060 1536 1094 Hac
1559 1071 1648 1094 vero
1675 1061 1819 1094 ratione
1841 1064 2088 1096 narrationem
2111 1074 2182 1097 ex—

1142 1117 1300 1162 orditur,
1322 1125 1364 1153 ut
1379 1117 1623 1165 Apollodorus
1653 1120 1728 1152 ait:
1740 1130 1873 1166 nempe
1880 1122 2044 1166 primum
2062 1123 2179 1155 exsti-

1143 1179 1227 1211 tisse
1246 1189 1366 1226 regem
1376 1177 1529 1212 Alorum
1539 1203 1551 1220 ,
1574 1188 1623 1211 ex
1638 1174 1725 1212 urbe
1737 1174 1926 1224 Babylone
1941 1177 2175 1214 Chaldaeum:

1143 1236 1241 1271 hunc
1261 1238 1355 1271 saris
1371 1235 1495 1271 decem
1517 1248 1630 1284 regno
1656 1238 1829 1284 potitum.
1854 1237 1969 1271 Porro
2002 1239 2030 1271 is
2054 1250 2179 1272 sarum

1143 1307 1193 1330 ex·
1208 1298 1317 1330 annis
1334 1303 1392 1331 ter
1409 1296 1508 1331 mille
1523 1307 1566 1330 ac
1584 1298 1764 1331 sexcentis
1780 1295 1926 1341 conflat.
1948 1295 2180 1331 Additetiam

1144 1357 1264 1389 nescio
1281 1365 1387 1402 quem
1408 1365 1537 1389 nerum
1564 1362 1603 1389 et
1620 1366 1739 1389 sosum
1754 1367 1765 1388 .·
1778 1366 1907 1389 nerum
1928 1357 1981 1389 ait
2000 1357 2184 1390 sexcentis

1145 1416 1255 1448 annis
1271 1421 1451 1458 constare,
1469 1425 1588 1449 sosum
1607 1416 1717 1449 annis
1746 1416 1955 1463 seaeaginta.
1974 1412 2031 1448 Sic
2059 1415 2119 1448 ille
2138 1414 2184 1448 de

1144 1480 1312 1508 veterum
1333 1485 1434 1508 more
1449 1484 1568 1507 annos
1586 1480 1772 1520 supputat.

1198 1533 1268 1567 His
1303 1531 1405 1567 dictis
1435 1533 1559 1581 pergit
1584 1544 1712 1580 porro,
1749 1543 1924 1580 regesque
1953 1534 2183 1579 Assyriorum

1144 1591 1357 1639 singillatim
1378 1598 1490 1638 atque
1508 1602 1557 1626 ex
1577 1585 1702 1625 ordine
1727 1598 1922 1625 enumerat
1932 1603 1946 1634 ;
1973 1591 2096 1627 decem
2123 1594 2185 1626 vi—

1145 1650 1276 1686 delicet
1295 1647 1345 1685 ab
1369 1651 1482 1685 Aloro
1496 1652 1617 1698 primo
1640 1662 1726 1698 rege
1745 1661 1857 1697 usque
1873 1650 1927 1684 ad
1941 1651 1987 1685 X
1984 1650 2158 1686 isutlerum
2169 1678 2182 1695 ,

1145 1707 1211 1745 sub
1223 1722 1294 1757 quo
1310 1721 1485 1758 magnum
1506 1709 1599 1744 illud
1607 1711 1846 1758 primumque
1878 1707 2050 1743 diluvium
2067 1711 2184 1744 conti-

1145 1771 1240 1817 gisse
1274 1771 1342 1812 ait,
1369 1768 1469 1816 quod
1489 1769 1616 1803 Moses
1642 1779 1786 1815 quoque
1808 1775 2077 1803 commemorat.
2095 1768 2183 1802 Jam

1145 1840 1327 1864 summam
1348 1836 1565 1876 temporum,
1597 1825 1727 1875 quibus
1752 1826 1792 1862 lei
1819 1838 1923 1875 teges
1954 1829 2187 1875 imperitave-

1148 1894 1248 1930 runt,
1265 1889 1322 1922 ait
1335 1899 1412 1922 esse
1430 1899 1532 1922 saros
1552 1894 1694 1922 centum
1708 1888 1853 1935 viginti,
1873 1898 2004 1934 nempe
2017 1886 2186 1933 quadra—

1146 1949 1252 1996 ginta
1269 1954 1342 1982 tres
1359 1958 1541 1981 annorum
1562 1944 1748 1992 myriades
1765 1957 1954 1992 annosque
1985 1943 2038 1980 bis
2069 1946 2183 1980 mille.

1155 2007 1242 2041 Tum
1254 2013 1292 2041 et
1304 2005 1448 2041 disertis
1459 2002 1583 2040 verbis
1600 2008 1652 2040 ita
1672 2002 1795 2039 scribit
1806 2017 1818 2038 :
1833 2002 2030 2048 DefunctO,
2054 2007 2181 2052 inquit,

1149 2066 1273 2110 Almo,
1308 2067 1477 2113 regnavit
1494 2067 1574 2111 ejus
1599 2063 1709 2112 filius
1724 2064 1915 2110 Alaparus
1934 2066 2028 2098 saris
2061 2061 2183 2098 tribus.

1148 2124 1237 2159 Post
1255 2125 1461 2172 Alaparum
1476 2123 1647 2158 Almelon
1664 2135 1714 2158 εχ
1730 2120 1817 2158 urbe
1834 2120 2057 2158 Pantibiblis
2073 2121 2187 2157 Chal-

1147 2183 1252 2219 doeus
1269 2185 1363 2218 saris
1376 2183 1558 2218 tredecim.
1571 2182 1608 2216 A
1611 2183 1760 2217 lmeloni
1777 2184 1945 2217 successit
1963 2183 2181 2225 Ammenon,

1150 2245 1234 2277 item
1268 2255 1318 2277 ex
1348 2239 1571 2277 Pantibiblis
1605 2239 1820 2286 Chaldaeus,
1848 2243 1943 2275 saris
1983 2240 2183 2275 duodecim.

1148 2303 1268 2347 Hujus
1281 2308 1392 2336 oetate
1407 2298 1529 2335 bellua
1551 2300 1740 2347 quoedam,
1764 2302 1822 2334 cui
1837 2311 1968 2334 nomen
2008 2299 2181 2341 Idotioni,

1147 2373 1168 2395 e
1184 2358 1306 2395 Rubro
1325 2362 1421 2394 mari
1450 2361 1608 2402 emersit,
1627 2357 1760 2404 forma
1779 2371 1828 2393 ex
1843 2358 1989 2393 homine
2022 2365 2061 2394 et
2087 2360 2186 2406 pisce

1149 2422 1278 2455 mixta.
1300 2421 1397 2454 Hinc
1425 2419 1674 2467 Amegalarus
1702 2415 1964 2453 Pantibiblicus
1994 2417 2184 2453 octodecim

1149 2481 1242 2514 saris
1258 2480 1432 2527 regnavit.
1461 2477 1605 2512 Deinde
1617 2484 1753 2525 pastor
1774 2477 1950 2512 Davonus
1965 2474 2184 2512 Pantibibli-

1150 2550 1225 2581 cus,
1244 2543 1307 2586 qui
1321 2546 1356 2573 et
1369 2540 1445 2586 ipse
1468 2540 1561 2572 saris
1573 2537 1696 2572 decem
1726 2549 1839 2586 regno
1850 2540 1990 2585 potitus
2014 2543 2079 2570 est.
2107 2536 2186 2570 Hoc

1151 2601 1369 2646 imperante,
1387 2609 1511 2631 rursus·
1524 2608 1544 2630 e
1557 2594 1678 2631 Rubro
1697 2598 1795 2630 mari
1810 2602 2039 2629 emenserunl·
2054 2593 2182 2628 eadem

1152 2738 1322 2771 regnasse3
1352 2730 1565 2768 Daonumque
1586 2736 1624 2759 ex
1643 2725 1839 2758 Pantibiblis
1855 2728 2015 2765 pastorem
2033 2725 2114 2757 saris
2128 2725 2182 2757 de-

1151 2786 1221 2809 cem
1235 2777 1270 2809 in
1287 2775 1422 2817 imperio
1435 2775 1647 2814 successisse;
1664 2783 1702 2805 ac
1713 2776 1795 2814 ejus,
1810 2772 1926 2812 inquit,
1940 2773 2084 2813 tempore
2091 2781 2183 2813 quar-

1150 2826 1220 2856 tum
1238 2823 1447 2856 Annedotum
1462 2822 1574 2854 eadem
1590 2821 1753 2863 prioribus
1770 2820 1873 2851 soi-ma
1886 2843 1896 2859 ,
1921 2820 2072 2851 humanae
2090 2819 2184 2851 nimi-

1150 2880 1222 2902 rum
1240 2870 1341 2902 mixta
1358 2869 1456 2910 piscis
1472 2868 1589 2910 specie,
1608 2877 1626 2900 e
1643 2866 1722 2899 mari
1746 2866 1856 2898 Rubro
1872 2865 2049 2906 prodiissc3
2066 2866 2184 2899 deinde

1155 2926 1306 2958 regnasse
1329 2916 1576 2949 Euedorachum
1602 2923 1642 2947 ex
1658 2913 1848 2946 Pantibiblis
1873 2913 1954 2945 saris
1987 2913 2181 2946 octodecim.

1149 2965 1216 2997 Sub
1234 2965 1296 2996 hoc
1311 2963 1389 2996 dicit
1398 2963 1497 2995 alium
1511 2971 1528 2994 e
1544 2961 1625 2994 mari
1642 2960 1752 2993 Rubro
1767 2960 1955 3002 apparuisse
1973 2959 2135 3002 prioribus
2145 2962 2184 2993 si·

1149 3013 1271 3051 mitem,
1290 3011 1322 3042 in
1337 3020 1402 3050 quo
1416 3010 1512 3051 piscis
1528 3018 1603 3040 eum
1619 3008 1749 3040 homine
1766 3007 1863 3039 suerit
1877 3007 2073 3048 conjunctio,
2088 3007 2183 3048 eique

1151 3068 1269 3091 nomen
1296 3058 1397 3089 fuisse
1418 3056 1573 3089 Odaeoni.
1601 3058 1723 3087 Omnes
1746 3054 1828 3087 istos
1849 3057 1966 3087 cuncta
1993 3055 2180 3086 summatim

1149 3105 1190 3137 ab
1203 3108 1315 3137 Oanne
1325 3104 1411 3135 dicta
1424 3102 1609 3143 singiliatim
1618 3103 1650 3133 et
1663 3110 1719 3142 per
1731 3103 1838 3142 partes
1853 3101 2042 3142 exposuisse
2055 3101 2180 3141 asserit,

1148 3152 1188 3184 de
1204 3161 1268 3193 quo
1284 3151 1366 3182 nihil
1383 3150 1510 3191 penitus
1526 3151 1685 3182 memorat
1693 3148 1881 3190 Abydenus.
1891 3148 2015 3181 Deinde
2033 3157 2183 3189 regnasse

58 3203 129 3234 tum
145 3205 376 3235 Ammenonem
389 3203 591 3243 Chaldaeum,
608 3205 702 3245 qu‘us
714 3205 907 3245 tempestate
926 3211 1091 3235 exsecran-
1117 3208 1121 3240 ι
1149 3198 1396 3239 Amempsinum
1406 3196 1597 3229 Chaldaeum
1607 3195 1808 3228 emi-anchis
1821 3195 1903 3227 saris
1918 3195 2030 3227 decem
2042 3205 2052 3234 3
2065 3194 2183 3227 deinde

59 3248 137 3280 dum
152 3251 538 3290 oannem‚Annedot=1m,
552 3260 570 3283 e
587 3251 668 3283 mari
684 3251 794 3283 Rubro
811 3250 979 3292 prodiisse,
993 3256 1089 3289 quem

61 3295 240 3329 Alexander
256 3301 482 3339 praeoccupato
499 3300 645 3339 tempore
667 3307 753 3330 anno
778 3298 896 3338 primo,
916 3297 967 3328 hie
983 3298 1089 3328 autem

1150 3254 1299 3286 regnasse
1313 3245 1471 3276 Otiartem
1489 3242 1680 3276 chaldaeum
1697 3251 1715 3274 e
1730 3242 1906 3274 Larancbis
1922 3241 2005 3274 saris
2021 3244 2114 3281 octo,
2129 3249 2182 3273 eo-

1149 3302 1213 3334 que
1228 3292 1383 3324 defuncto
1399 3290 1501 3322 filium
1528 3290 1599 3331 eJus
1624 3289 1820 3322 Xisutlirum
1842 3288 2013 3330 imperium
2039 3289 2183 3321 tenuisse

61 3343 183 3375 exactis
210 3344 423 3385 quadraginta
449 3346 532 3377 saris
547 3369 556 3384 ,
586 3345 762 3386 Abydenus
777 3347 887 3377 autem
911 3342 1091 3376 secuudum
1116 3346 1121 3375 1
1150 3340 1232 3372 saris
1253 3338 1445 3370 octodecim.
1465 3337 1532 3369 Sub
1558 3337 1621 3369 lioc
1644 3337 1723 3369 dicit
1741 3345 1895 3378 magnum
1914 3335 1994 3368 illud
2020 3335 2181 3367 diluvium

64 3388 268 3421 Aunedotum
284 3392 358 3431 post
373 3399 464 3423 sares
482 3391 595 3430 viginti
611 3399 666 3423 sex
685 3391 792 3423 visum
808 3399 878 3422 esse
901 3390 1064 3422 affirmant
1082 3397 1089 3418 :
1117 3376 1121 3442 ξ
1148 3387 1258 3419 foisse.
1278 3385 1367 3418 Adeo
1384 3387 1420 3417 ut
1437 3393 1526 3426 reges
1543 3393 1656 3417 omnes
1670 3393 1805 3417 numero
1817 3383 1927 3416 decem
1939 3384 2179 3423 computentur,

65 3436 132 3466 tuin
149 3436 342 3478 Megaloi-um
358 3447 398 3470 ex
415 3437 671 3470 Pantibibiorum
705 3438 783 3470 urbe
810 3438 890 3469 saris
908 3435 1089 3468 octodecim
1118 3443 1121 3471 i

1149 3434 1210 3466 sari
1228 3442 1302 3465 xero
1317 3435 1444 3464 centum
1463 3434 1494 3464 et
1518 3432 1639 3473 viginti.
