<?xml version="1.0" encoding="UTF-8"?>
<!DOCTYPE html PUBLIC "-//W3C//DTD XHTML 1.0 Transitional//EN"
    "http://www.w3.org/TR/xhtml1/DTD/xhtml1-transitional.dtd">
<html xmlns="http://www.w3.org/1999/xhtml" xml:lang="en" lang="en">
 <head>
  <title>
</title>
<meta http-equiv="Content-Type" content="text/html;charset=utf-8" />
  <meta name='ocr-system' content='tesseract 3.04.00' />
  <meta name='ocr-capabilities' content='ocr_page ocr_carea ocr_par ocr_line ocrx_word'/>
</head>
<body>
  <div class='ocr_page' id='page_1' title='image "./fragmentahistori01mueluoft_0259.png"; bbox 0 0 2320 3684; ppageno 0'>
   <div class='ocr_carea' id='block_1_1' title="bbox 656 136 1543 192">
    <p class='ocr_par' dir='ltr' id='par_1_1' title="bbox 656 136 1543 192">
     <span class='ocr_line' id='line_1_1' title="bbox 656 136 1543 192; baseline 0.006 -16"><span class='ocrx_word' id='word_1_1' title='bbox 656 136 989 177; x_wconf 86' lang='lat' dir='ltr'>APOLLODORI</span> <span class='ocrx_word' id='word_1_2' title='bbox 1018 137 1375 180; x_wconf 86' lang='lat' dir='ltr'>BIBLIOTHECAE</span> <span class='ocrx_word' id='word_1_3' title='bbox 1404 141 1477 192; x_wconf 92' lang='grc' dir='ltr'>ΙΙΙ,</span> <span class='ocrx_word' id='word_1_4' title='bbox 1507 147 1543 180; x_wconf 85' lang='grc'>5.</span> 
     </span>
    </p>
   </div>
   <div class='ocr_carea' id='block_1_2' title="bbox 11 222 1065 3346">
    <p class='ocr_par' dir='ltr' id='par_1_2' title="bbox 24 222 1065 1394">
     <span class='ocr_line' id='line_1_2' title="bbox 41 222 1062 280; baseline -0.004 -13"><span class='ocrx_word' id='word_1_5' title='bbox 41 228 257 280; x_wconf 88' lang='grc' dir='ltr'>μασίχθονα,</span> <span class='ocrx_word' id='word_1_6' title='bbox 274 225 462 279; x_wconf 80' lang='grc' dir='ltr'>Ἀγήνορα,</span> <span class='ocrx_word' id='word_1_7' title='bbox 480 223 658 275; x_wconf 82' lang='grc' dir='ltr'>Φαίδιμον</span> <span class='ocrx_word' id='word_1_8' title='bbox 669 254 680 272; x_wconf 90' lang='grc'>,</span> <span class='ocrx_word' id='word_1_9' title='bbox 697 222 892 263; x_wconf 81' lang='grc' dir='ltr'>Τάνταλον·</span> <span class='ocrx_word' id='word_1_10' title='bbox 917 225 1062 276; x_wconf 89' lang='grc' dir='ltr'>θυγατέ-</span> 
     </span>
     <span class='ocr_line' id='line_1_3' title="bbox 40 279 1062 341; baseline -0.006 -15"><span class='ocrx_word' id='word_1_11' title='bbox 40 304 100 341; x_wconf 87' lang='grc' dir='ltr'>ρας</span> <span class='ocrx_word' id='word_1_12' title='bbox 118 285 155 325; x_wconf 84' lang='grc' dir='ltr'>δὲ</span> <span class='ocrx_word' id='word_1_13' title='bbox 178 286 241 331; x_wconf 86' lang='grc' dir='ltr'>τὰς</span> <span class='ocrx_word' id='word_1_14' title='bbox 263 285 359 334; x_wconf 85' lang='grc' dir='ltr'>ἴσας,</span> <span class='ocrx_word' id='word_1_15' title='bbox 378 279 584 331; x_wconf 80' lang='grc' dir='ltr'>Ἐθοδαΐαν,</span> <span class='ocrx_word' id='word_1_16' title='bbox 615 281 661 331; x_wconf 84' lang='grc' dir='ltr'>ἢ,</span> <span class='ocrx_word' id='word_1_17' title='bbox 689 281 737 326; x_wconf 82' lang='grc' dir='ltr'>ὦς</span> <span class='ocrx_word' id='word_1_18' title='bbox 754 298 865 331; x_wconf 88' lang='grc' dir='ltr'>τινες,</span> <span class='ocrx_word' id='word_1_19' title='bbox 892 281 1062 336; x_wconf 84' lang='grc' dir='ltr'>Νέαιραν,</span> 
     </span>
     <span class='ocr_line' id='line_1_4' title="bbox 39 339 1065 394; baseline -0.006 -10"><span class='ocrx_word' id='word_1_20' title='bbox 39 344 249 393; x_wconf 82' lang='grc' dir='ltr'>Κλεοδόξην,</span> <span class='ocrx_word' id='word_1_21' title='bbox 270 341 476 394; x_wconf 82' lang='grc' dir='ltr'>Ἀστυόχην,</span> <span class='ocrx_word' id='word_1_22' title='bbox 493 340 628 388; x_wconf 81' lang='grc' dir='ltr'>Φθίαν,</span> <span class='ocrx_word' id='word_1_23' title='bbox 649 339 851 389; x_wconf 84' lang='grc' dir='ltr'>Πελοπίαν,</span> <span class='ocrx_word' id='word_1_24' title='bbox 875 340 1065 394; x_wconf 86' lang='grc' dir='ltr'>Ἀστυκρά-</span> 
     </span>
     <span class='ocr_line' id='line_1_5' title="bbox 37 398 1063 455; baseline -0.006 -12"><span class='ocrx_word' id='word_1_25' title='bbox 37 420 146 453; x_wconf 88' lang='grc' dir='ltr'>τειαν,</span> <span class='ocrx_word' id='word_1_26' title='bbox 159 402 343 455; x_wconf 83' lang='grc' dir='ltr'>Ὠγυγίαν.</span> <span class='ocrx_word' id='word_1_27' title='bbox 357 402 374 426; x_wconf 82' lang='lat'><strong>²</strong></span> <span class='ocrx_word' id='word_1_28' title='bbox 387 399 547 444; x_wconf 83' lang='grc' dir='ltr'>Ἡσίοδος</span> <span class='ocrx_word' id='word_1_29' title='bbox 566 399 603 438; x_wconf 83' lang='grc' dir='ltr'>δὲ</span> <span class='ocrx_word' id='word_1_30' title='bbox 620 398 704 439; x_wconf 82' lang='grc' dir='ltr'>δέκα</span> <span class='ocrx_word' id='word_1_31' title='bbox 722 398 785 451; x_wconf 82' lang='grc' dir='ltr'>μὲν</span> <span class='ocrx_word' id='word_1_32' title='bbox 800 398 905 449; x_wconf 78' lang='grc' dir='ltr'>υἱοὺς,</span> <span class='ocrx_word' id='word_1_33' title='bbox 925 398 1010 438; x_wconf 82' lang='grc' dir='ltr'>δέκα</span> <span class='ocrx_word' id='word_1_34' title='bbox 1027 399 1063 438; x_wconf 83' lang='grc' dir='ltr'>δὲ</span> 
     </span>
     <span class='ocr_line' id='line_1_6' title="bbox 38 457 1063 515; baseline -0.005 -14"><span class='ocrx_word' id='word_1_35' title='bbox 38 461 248 515; x_wconf 85' lang='grc' dir='ltr'>θυγατέρας·</span> <span class='ocrx_word' id='word_1_36' title='bbox 267 458 465 513; x_wconf 79' lang='grc' dir='ltr'>Ἡρόδωρος</span> <span class='ocrx_word' id='word_1_37' title='bbox 484 457 520 496; x_wconf 81' lang='grc' dir='ltr'>δὲ</span> <span class='ocrx_word' id='word_1_38' title='bbox 550 457 610 497; x_wconf 80' lang='grc' dir='ltr'>δύο</span> <span class='ocrx_word' id='word_1_39' title='bbox 638 457 701 510; x_wconf 82' lang='grc' dir='ltr'>μὲν</span> <span class='ocrx_word' id='word_1_40' title='bbox 732 457 896 512; x_wconf 79' lang='grc' dir='ltr'>ἄῤῥενας,</span> <span class='ocrx_word' id='word_1_41' title='bbox 916 463 1006 512; x_wconf 84' lang='grc' dir='ltr'>τρεῖς</span> <span class='ocrx_word' id='word_1_42' title='bbox 1027 457 1063 496; x_wconf 82' lang='grc' dir='ltr'>δὲ</span> 
     </span>
     <span class='ocr_line' id='line_1_7' title="bbox 37 515 1064 572; baseline -0.005 -12"><span class='ocrx_word' id='word_1_43' title='bbox 37 521 186 569; x_wconf 83' lang='grc' dir='ltr'>θηλείας·</span> <span class='ocrx_word' id='word_1_44' title='bbox 205 519 368 572; x_wconf 70' lang='grc' dir='ltr'>“Ομηρος</span> <span class='ocrx_word' id='word_1_45' title='bbox 389 515 425 556; x_wconf 78' lang='grc' dir='ltr'>δὲ</span> <span class='ocrx_word' id='word_1_46' title='bbox 452 516 487 562; x_wconf 80' lang='grc' dir='ltr'>ἓξ</span> <span class='ocrx_word' id='word_1_47' title='bbox 507 516 570 568; x_wconf 82' lang='grc' dir='ltr'>μὲν</span> <span class='ocrx_word' id='word_1_48' title='bbox 591 516 700 566; x_wconf 74' lang='grc' dir='ltr'>υἱοὺς,</span> <span class='ocrx_word' id='word_1_49' title='bbox 736 516 772 562; x_wconf 85' lang='grc' dir='ltr'>ἓξ</span> <span class='ocrx_word' id='word_1_50' title='bbox 801 515 838 556; x_wconf 79' lang='grc' dir='ltr'>δὲ</span> <span class='ocrx_word' id='word_1_51' title='bbox 872 516 1064 571; x_wconf 83' lang='grc' dir='ltr'>θυγατέρας</span> 
     </span>
     <span class='ocr_line' id='line_1_8' title="bbox 36 571 1063 633; baseline -0.004 -15"><span class='ocrx_word' id='word_1_52' title='bbox 36 579 121 633; x_wconf 85' lang='grc' dir='ltr'>φησὶ</span> <span class='ocrx_word' id='word_1_53' title='bbox 134 577 307 631; x_wconf 88' lang='grc' dir='ltr'>γενέσθαι.</span> <span class='ocrx_word' id='word_1_54' title='bbox 328 573 525 620; x_wconf 71' lang='grc' dir='ltr'>3Εὔτεκνος</span> <span class='ocrx_word' id='word_1_55' title='bbox 542 575 578 614; x_wconf 82' lang='grc' dir='ltr'>δὲ</span> <span class='ocrx_word' id='word_1_56' title='bbox 587 571 674 615; x_wconf 75' lang='grc' dir='ltr'>οῧσα</span> <span class='ocrx_word' id='word_1_57' title='bbox 689 575 818 625; x_wconf 78' lang='grc' dir='ltr'>Νιόὸη,</span> <span class='ocrx_word' id='word_1_58' title='bbox 839 579 902 623; x_wconf 86' lang='grc' dir='ltr'>τῆς</span> <span class='ocrx_word' id='word_1_59' title='bbox 925 578 1063 623; x_wconf 86' lang='grc' dir='ltr'>Λητοῦς</span> 
     </span>
     <span class='ocr_line' id='line_1_9' title="bbox 35 629 1061 691; baseline -0.002 -15"><span class='ocrx_word' id='word_1_60' title='bbox 35 636 269 691; x_wconf 85' lang='grc' dir='ltr'>εὖτεκνωτέρα</span> <span class='ocrx_word' id='word_1_61' title='bbox 285 629 380 675; x_wconf 68' lang='grc' dir='ltr'>εἶπεν</span> <span class='ocrx_word' id='word_1_62' title='bbox 399 635 582 688; x_wconf 81' lang='grc' dir='ltr'>ὑπάρχειν.</span> <span class='ocrx_word' id='word_1_63' title='bbox 594 634 702 683; x_wconf 87' lang='grc' dir='ltr'>Λητὼ</span> <span class='ocrx_word' id='word_1_64' title='bbox 717 634 754 673; x_wconf 83' lang='grc' dir='ltr'>δὲ</span> <span class='ocrx_word' id='word_1_65' title='bbox 771 634 1061 687; x_wconf 75' lang='grc' dir='ltr'>ἀγανακτήσασα,</span> 
     </span>
     <span class='ocr_line' id='line_1_10' title="bbox 34 693 1062 750; baseline -0.004 -14"><span class='ocrx_word' id='word_1_66' title='bbox 34 696 98 745; x_wconf 89' lang='grc' dir='ltr'>τήν</span> <span class='ocrx_word' id='word_1_67' title='bbox 118 712 156 735; x_wconf 92' lang='grc' dir='ltr'>τε</span> <span class='ocrx_word' id='word_1_68' title='bbox 165 694 328 750; x_wconf 87' lang='grc' dir='ltr'>Ἄρτεμιν</span> <span class='ocrx_word' id='word_1_69' title='bbox 349 694 409 732; x_wconf 79' lang='grc' dir='ltr'>καὶ</span> <span class='ocrx_word' id='word_1_70' title='bbox 423 693 482 733; x_wconf 83' lang='grc' dir='ltr'>τὸν</span> <span class='ocrx_word' id='word_1_71' title='bbox 491 693 696 733; x_wconf 87' lang='grc' dir='ltr'>Ἀπόλλωνα</span> <span class='ocrx_word' id='word_1_72' title='bbox 715 694 793 733; x_wconf 87' lang='grc' dir='ltr'>κατ’</span> <span class='ocrx_word' id='word_1_73' title='bbox 805 696 918 733; x_wconf 82' lang='grc' dir='ltr'>αὗτῶν</span> <span class='ocrx_word' id='word_1_74' title='bbox 937 693 1062 748; x_wconf 86' lang='grc' dir='ltr'>παρώ-</span> 
     </span>
     <span class='ocr_line' id='line_1_11' title="bbox 35 751 1063 804; baseline -0.002 -11"><span class='ocrx_word' id='word_1_75' title='bbox 35 753 121 799; x_wconf 83' lang='grc' dir='ltr'>ξυνε.</span> <span class='ocrx_word' id='word_1_76' title='bbox 147 755 162 780; x_wconf 72' lang='lat'><strong>⁴</strong></span> <span class='ocrx_word' id='word_1_77' title='bbox 173 753 245 793; x_wconf 77' lang='grc' dir='ltr'>Καὶ</span> <span class='ocrx_word' id='word_1_78' title='bbox 259 752 321 797; x_wconf 83' lang='grc' dir='ltr'>τὰς</span> <span class='ocrx_word' id='word_1_79' title='bbox 341 751 404 804; x_wconf 81' lang='grc' dir='ltr'>μὲν</span> <span class='ocrx_word' id='word_1_80' title='bbox 428 751 566 799; x_wconf 87' lang='grc' dir='ltr'>θηλείας</span> <span class='ocrx_word' id='word_1_81' title='bbox 584 752 642 791; x_wconf 77' lang='grc' dir='ltr'>ἐπὶ</span> <span class='ocrx_word' id='word_1_82' title='bbox 655 755 717 800; x_wconf 89' lang='grc' dir='ltr'>τῆς</span> <span class='ocrx_word' id='word_1_83' title='bbox 735 752 845 797; x_wconf 83' lang='grc' dir='ltr'>οἰκίας</span> <span class='ocrx_word' id='word_1_84' title='bbox 861 752 1063 798; x_wconf 86' lang='grc' dir='ltr'>κατετόξευ-</span> 
     </span>
     <span class='ocr_line' id='line_1_12' title="bbox 34 809 1062 866; baseline -0.002 -15"><span class='ocrx_word' id='word_1_85' title='bbox 34 827 92 851; x_wconf 88' lang='grc' dir='ltr'>σεν</span> <span class='ocrx_word' id='word_1_86' title='bbox 112 811 293 866; x_wconf 86' lang='grc' dir='ltr'>Ἄρτεμις·</span> <span class='ocrx_word' id='word_1_87' title='bbox 321 809 401 854; x_wconf 77' lang='grc' dir='ltr'>τοὺς</span> <span class='ocrx_word' id='word_1_88' title='bbox 420 809 456 849; x_wconf 83' lang='grc' dir='ltr'>δὲ</span> <span class='ocrx_word' id='word_1_89' title='bbox 480 809 624 864; x_wconf 79' lang='grc' dir='ltr'>ἅῤῥενας</span> <span class='ocrx_word' id='word_1_90' title='bbox 648 814 748 864; x_wconf 80' lang='grc' dir='ltr'>κοινῇ</span> <span class='ocrx_word' id='word_1_91' title='bbox 773 810 910 854; x_wconf 86' lang='grc' dir='ltr'>πάντας</span> <span class='ocrx_word' id='word_1_92' title='bbox 931 812 966 849; x_wconf 80' lang='grc' dir='ltr'>ἐν</span> <span class='ocrx_word' id='word_1_93' title='bbox 993 813 1062 850; x_wconf 91' lang='grc' dir='ltr'>Κι-</span> 
     </span>
     <span class='ocr_line' id='line_1_13' title="bbox 34 868 1060 925; baseline -0.003 -15"><span class='ocrx_word' id='word_1_94' title='bbox 34 873 177 925; x_wconf 86' lang='grc' dir='ltr'>θαιρῶνι</span> <span class='ocrx_word' id='word_1_95' title='bbox 188 871 366 911; x_wconf 89' lang='grc' dir='ltr'>Ἀπόλλων</span> <span class='ocrx_word' id='word_1_96' title='bbox 382 873 656 921; x_wconf 80' lang='grc' dir='ltr'>κυνηγετοῦντας</span> <span class='ocrx_word' id='word_1_97' title='bbox 673 868 887 909; x_wconf 88' lang='grc' dir='ltr'>ἀπέκτεινεν.</span> <span class='ocrx_word' id='word_1_98' title='bbox 897 868 1060 918; x_wconf 71' lang='grc' dir='ltr'>ξ’Ἐσώθη</span> 
     </span>
     <span class='ocr_line' id='line_1_14' title="bbox 34 927 1064 983; baseline -0.001 -15"><span class='ocrx_word' id='word_1_99' title='bbox 34 928 71 968; x_wconf 83' lang='grc' dir='ltr'>δὲ</span> <span class='ocrx_word' id='word_1_100' title='bbox 89 931 158 968; x_wconf 80' lang='grc' dir='ltr'>τῶν</span> <span class='ocrx_word' id='word_1_101' title='bbox 178 927 241 981; x_wconf 76' lang='grc' dir='ltr'>μὲν</span> <span class='ocrx_word' id='word_1_102' title='bbox 262 928 415 983; x_wconf 82' lang='grc' dir='ltr'>ἀῤῥένων</span> <span class='ocrx_word' id='word_1_103' title='bbox 435 928 600 983; x_wconf 81' lang='grc' dir='ltr'>Ἀμφίων·</span> <span class='ocrx_word' id='word_1_104' title='bbox 621 930 690 968; x_wconf 81' lang='grc' dir='ltr'>τῶν</span> <span class='ocrx_word' id='word_1_105' title='bbox 709 927 746 967; x_wconf 79' lang='grc' dir='ltr'>δὲ</span> <span class='ocrx_word' id='word_1_106' title='bbox 762 930 909 977; x_wconf 83' lang='grc' dir='ltr'>θηλειῶν</span> <span class='ocrx_word' id='word_1_107' title='bbox 924 930 1064 982; x_wconf 85' lang='grc' dir='ltr'>Χλῶρις</span> 
     </span>
     <span class='ocr_line' id='line_1_15' title="bbox 32 982 1061 1043; baseline -0.002 -15"><span class='ocrx_word' id='word_1_108' title='bbox 32 991 55 1035; x_wconf 86' lang='grc' dir='ltr'>ἡ</span> <span class='ocrx_word' id='word_1_109' title='bbox 72 986 313 1043; x_wconf 72' lang='grc' dir='ltr'>πρεσὸυτέρα,</span> <span class='ocrx_word' id='word_1_110' title='bbox 333 982 357 1040; x_wconf 67' lang='grc' dir='ltr'>ᾗ</span> <span class='ocrx_word' id='word_1_111' title='bbox 383 986 520 1035; x_wconf 76' lang='grc' dir='ltr'>Νηλεὺς</span> <span class='ocrx_word' id='word_1_112' title='bbox 548 986 741 1041; x_wconf 88' lang='grc' dir='ltr'>συνῴκησε.</span> <span class='ocrx_word' id='word_1_113' title='bbox 766 988 870 1027; x_wconf 88' lang='grc' dir='ltr'>Κατὰ</span> <span class='ocrx_word' id='word_1_114' title='bbox 888 987 924 1026; x_wconf 83' lang='grc' dir='ltr'>δὲ</span> <span class='ocrx_word' id='word_1_115' title='bbox 947 987 1061 1028; x_wconf 87' lang='grc' dir='ltr'>Τελέ-</span> 
     </span>
     <span class='ocr_line' id='line_1_16' title="bbox 33 1044 1059 1096; baseline 0 -11"><span class='ocrx_word' id='word_1_116' title='bbox 33 1047 155 1085; x_wconf 88' lang='grc' dir='ltr'>σιλλαν</span> <span class='ocrx_word' id='word_1_117' title='bbox 174 1045 355 1094; x_wconf 80' lang='grc' dir='ltr'>ἐσώθησαν</span> <span class='ocrx_word' id='word_1_118' title='bbox 380 1044 555 1096; x_wconf 80' lang='grc' dir='ltr'>Ἀμύκλας</span> <span class='ocrx_word' id='word_1_119' title='bbox 580 1046 639 1084; x_wconf 79' lang='grc' dir='ltr'>καὶ</span> <span class='ocrx_word' id='word_1_120' title='bbox 664 1046 848 1085; x_wconf 73' lang='grc' dir='ltr'>Μελίὸοια.</span> <span class='ocrx_word' id='word_1_121' title='bbox 873 1046 1059 1095; x_wconf 85' lang='grc' dir='ltr'>Ἐτοξεύθη</span> 
     </span>
     <span class='ocr_line' id='line_1_17' title="bbox 33 1103 1059 1159; baseline 0 -15"><span class='ocrx_word' id='word_1_122' title='bbox 33 1103 69 1144; x_wconf 84' lang='grc' dir='ltr'>δὲ</span> <span class='ocrx_word' id='word_1_123' title='bbox 87 1104 146 1143; x_wconf 79' lang='grc' dir='ltr'>ὕπ’</span> <span class='ocrx_word' id='word_1_124' title='bbox 164 1106 278 1144; x_wconf 81' lang='grc' dir='ltr'>αὐτῶν</span> <span class='ocrx_word' id='word_1_125' title='bbox 297 1103 356 1143; x_wconf 82' lang='grc' dir='ltr'>καὶ</span> <span class='ocrx_word' id='word_1_126' title='bbox 374 1106 486 1152; x_wconf 85' lang='grc' dir='ltr'>Ζῆθος</span> <span class='ocrx_word' id='word_1_127' title='bbox 501 1105 560 1143; x_wconf 88' lang='grc' dir='ltr'>καὶ</span> <span class='ocrx_word' id='word_1_128' title='bbox 574 1104 742 1159; x_wconf 88' lang='grc' dir='ltr'>Ἀμφίων.</span> <span class='ocrx_word' id='word_1_129' title='bbox 756 1105 873 1152; x_wconf 76' lang='grc' dir='ltr'>6Αὐτὴ</span> <span class='ocrx_word' id='word_1_130' title='bbox 893 1104 929 1144; x_wconf 81' lang='grc' dir='ltr'>δὲ</span> <span class='ocrx_word' id='word_1_131' title='bbox 946 1104 1059 1154; x_wconf 78' lang='grc' dir='ltr'>Νιόὸη</span> 
     </span>
     <span class='ocr_line' id='line_1_18' title="bbox 32 1160 1059 1218; baseline 0.002 -16"><span class='ocrx_word' id='word_1_132' title='bbox 32 1162 158 1214; x_wconf 75' lang='grc' dir='ltr'>Θήὸας</span> <span class='ocrx_word' id='word_1_133' title='bbox 177 1165 399 1202; x_wconf 86' lang='grc' dir='ltr'>ἀπολιποῦσα</span> <span class='ocrx_word' id='word_1_134' title='bbox 419 1162 506 1218; x_wconf 84' lang='grc' dir='ltr'>πρὸς</span> <span class='ocrx_word' id='word_1_135' title='bbox 528 1163 586 1202; x_wconf 81' lang='grc' dir='ltr'>τὸν</span> <span class='ocrx_word' id='word_1_136' title='bbox 606 1163 744 1218; x_wconf 80' lang='grc' dir='ltr'>πατέρα</span> <span class='ocrx_word' id='word_1_137' title='bbox 762 1164 945 1205; x_wconf 87' lang='grc' dir='ltr'>Τάνταλον</span> <span class='ocrx_word' id='word_1_138' title='bbox 975 1160 1059 1213; x_wconf 71' lang='grc' dir='ltr'>ἧκεν</span> 
     </span>
     <span class='ocr_line' id='line_1_19' title="bbox 31 1222 1061 1278; baseline 0.002 -17"><span class='ocrx_word' id='word_1_139' title='bbox 31 1223 80 1267; x_wconf 88' lang='grc' dir='ltr'>εἷς</span> <span class='ocrx_word' id='word_1_140' title='bbox 102 1223 270 1262; x_wconf 88' lang='grc' dir='ltr'>Σίπυλον·</span> <span class='ocrx_word' id='word_1_141' title='bbox 290 1225 391 1261; x_wconf 87' lang='grc' dir='ltr'>κάκεῖ</span> <span class='ocrx_word' id='word_1_142' title='bbox 411 1222 468 1262; x_wconf 81' lang='grc' dir='ltr'>Διὶ</span> <span class='ocrx_word' id='word_1_143' title='bbox 489 1222 672 1274; x_wconf 86' lang='grc' dir='ltr'>εὐξαμένη,</span> <span class='ocrx_word' id='word_1_144' title='bbox 696 1224 759 1270; x_wconf 78' lang='grc' dir='ltr'>τὴν</span> <span class='ocrx_word' id='word_1_145' title='bbox 781 1222 917 1278; x_wconf 85' lang='grc' dir='ltr'>μορφὴν</span> <span class='ocrx_word' id='word_1_146' title='bbox 940 1226 987 1267; x_wconf 87' lang='grc' dir='ltr'>εἷς</span> <span class='ocrx_word' id='word_1_147' title='bbox 1009 1225 1061 1263; x_wconf 91' lang='grc' dir='ltr'>λί-</span> 
     </span>
     <span class='ocr_line' id='line_1_20' title="bbox 24 1277 1059 1337; baseline 0.003 -18"><span class='ocrx_word' id='word_1_148' title='bbox 24 1277 88 1320; x_wconf 81' lang='grc' dir='ltr'>θον</span> <span class='ocrx_word' id='word_1_149' title='bbox 121 1280 304 1333; x_wconf 76' lang='grc' dir='ltr'>μετέὸαλε·</span> <span class='ocrx_word' id='word_1_150' title='bbox 335 1281 394 1320; x_wconf 74' lang='grc' dir='ltr'>καὶ</span> <span class='ocrx_word' id='word_1_151' title='bbox 420 1287 536 1334; x_wconf 88' lang='grc' dir='ltr'>χεῖται</span> <span class='ocrx_word' id='word_1_152' title='bbox 564 1281 698 1335; x_wconf 90' lang='grc' dir='ltr'>δάκρυα</span> <span class='ocrx_word' id='word_1_153' title='bbox 724 1283 862 1337; x_wconf 84' lang='grc' dir='ltr'>νύκτωρ</span> <span class='ocrx_word' id='word_1_154' title='bbox 893 1283 953 1321; x_wconf 89' lang='grc' dir='ltr'>καὶ</span> <span class='ocrx_word' id='word_1_155' title='bbox 983 1284 1059 1334; x_wconf 88' lang='grc' dir='ltr'>μεθ’</span> 
     </span>
     <span class='ocr_line' id='line_1_21' title="bbox 31 1339 368 1394; baseline 0.003 -16"><span class='ocrx_word' id='word_1_156' title='bbox 31 1340 165 1394; x_wconf 84' lang='grc' dir='ltr'>ἡμέραν</span> <span class='ocrx_word' id='word_1_157' title='bbox 181 1344 242 1379; x_wconf 85' lang='grc' dir='ltr'>τοῦ</span> <span class='ocrx_word' id='word_1_158' title='bbox 257 1339 368 1379; x_wconf 87' lang='grc' dir='ltr'>λίθου.</span> 
     </span>
    </p>

    <p class='ocr_par' dir='ltr' id='par_1_3' title="bbox 0 1397 1060 2984">
     <span class='ocr_line' id='line_1_22' title="bbox 86 1397 1060 1454; baseline 0 -15"><span class='ocrx_word' id='word_1_159' title='bbox 86 1399 124 1450; x_wconf 89' lang='grc'>(7</span> <span class='ocrx_word' id='word_1_160' title='bbox 129 1399 142 1450; x_wconf 88' lang='lat'>)</span> <span class='ocrx_word' id='word_1_161' title='bbox 166 1398 267 1437; x_wconf 84' lang='grc' dir='ltr'>Μετὰ</span> <span class='ocrx_word' id='word_1_162' title='bbox 278 1397 315 1437; x_wconf 83' lang='grc' dir='ltr'>δὲ</span> <span class='ocrx_word' id='word_1_163' title='bbox 326 1398 389 1447; x_wconf 84' lang='grc' dir='ltr'>τὴν</span> <span class='ocrx_word' id='word_1_164' title='bbox 410 1399 591 1454; x_wconf 83' lang='grc' dir='ltr'>Ἀμφίονος</span> <span class='ocrx_word' id='word_1_165' title='bbox 608 1398 772 1448; x_wconf 82' lang='grc' dir='ltr'>τελευτὴν</span> <span class='ocrx_word' id='word_1_166' title='bbox 784 1399 893 1445; x_wconf 84' lang='grc' dir='ltr'>Λάϊος</span> <span class='ocrx_word' id='word_1_167' title='bbox 914 1400 978 1449; x_wconf 82' lang='grc' dir='ltr'>τὴν</span> <span class='ocrx_word' id='word_1_168' title='bbox 997 1404 1060 1454; x_wconf 88' lang='grc' dir='ltr'>βα-</span> 
     </span>
     <span class='ocr_line' id='line_1_23' title="bbox 29 1458 1058 1513; baseline 0.004 -17"><span class='ocrx_word' id='word_1_169' title='bbox 29 1458 162 1496; x_wconf 89' lang='grc' dir='ltr'>σιλείαν</span> <span class='ocrx_word' id='word_1_170' title='bbox 178 1458 369 1513; x_wconf 75' lang='grc' dir='ltr'>παρέλαὸε·</span> <span class='ocrx_word' id='word_1_171' title='bbox 391 1458 450 1497; x_wconf 81' lang='grc' dir='ltr'>καὶ</span> <span class='ocrx_word' id='word_1_172' title='bbox 468 1458 583 1510; x_wconf 88' lang='grc' dir='ltr'>γήμας</span> <span class='ocrx_word' id='word_1_173' title='bbox 601 1458 774 1513; x_wconf 86' lang='grc' dir='ltr'>θυγατέρα</span> <span class='ocrx_word' id='word_1_174' title='bbox 790 1459 1002 1509; x_wconf 86' lang='grc' dir='ltr'>Μενοικέως,</span> <span class='ocrx_word' id='word_1_175' title='bbox 1014 1460 1058 1508; x_wconf 80' lang='grc' dir='ltr'>ἣν</span> 
     </span>
     <span class='ocr_line' id='line_1_24' title="bbox 29 1515 1057 1571; baseline 0.003 -16"><span class='ocrx_word' id='word_1_176' title='bbox 29 1515 113 1555; x_wconf 83' lang='grc' dir='ltr'>ἔνιοι</span> <span class='ocrx_word' id='word_1_177' title='bbox 146 1516 209 1568; x_wconf 81' lang='grc' dir='ltr'>μὲν</span> <span class='ocrx_word' id='word_1_178' title='bbox 243 1517 447 1566; x_wconf 87' lang='grc' dir='ltr'>Ἰοκάστην,</span> <span class='ocrx_word' id='word_1_179' title='bbox 479 1517 561 1558; x_wconf 84' lang='grc' dir='ltr'>ἔνιοι</span> <span class='ocrx_word' id='word_1_180' title='bbox 589 1517 626 1557; x_wconf 79' lang='grc' dir='ltr'>δὲ</span> <span class='ocrx_word' id='word_1_181' title='bbox 653 1518 875 1567; x_wconf 83' lang='grc' dir='ltr'>Ἐπικάστην</span> <span class='ocrx_word' id='word_1_182' title='bbox 903 1518 1057 1571; x_wconf 90' lang='grc' dir='ltr'>λέγουσι,</span> 
     </span>
     <span class='ocr_line' id='line_1_25' title="bbox 28 1575 1057 1633; baseline 0.003 -19"><span class='ocrx_word' id='word_1_183' title='bbox 28 1575 250 1628; x_wconf 60' lang='grc' dir='ltr'>2χρήσαντος</span> <span class='ocrx_word' id='word_1_184' title='bbox 273 1580 335 1615; x_wconf 90' lang='grc' dir='ltr'>τοῦ</span> <span class='ocrx_word' id='word_1_185' title='bbox 355 1579 432 1615; x_wconf 85' lang='grc' dir='ltr'>θεοῦ</span> <span class='ocrx_word' id='word_1_186' title='bbox 450 1576 499 1628; x_wconf 85' lang='grc' dir='ltr'>μὴ</span> <span class='ocrx_word' id='word_1_187' title='bbox 529 1584 665 1632; x_wconf 77' lang='grc' dir='ltr'>γεννᾷν,</span> <span class='ocrx_word' id='word_1_188' title='bbox 687 1577 746 1616; x_wconf 80' lang='grc' dir='ltr'>τὸν</span> <span class='ocrx_word' id='word_1_189' title='bbox 763 1577 972 1629; x_wconf 90' lang='grc' dir='ltr'>γεννηθέντα</span> <span class='ocrx_word' id='word_1_190' title='bbox 990 1579 1057 1633; x_wconf 87' lang='grc' dir='ltr'>γὰρ</span> 
     </span>
     <span class='ocr_line' id='line_1_26' title="bbox 26 1633 1057 1691; baseline 0.004 -18"><span class='ocrx_word' id='word_1_191' title='bbox 26 1634 261 1688; x_wconf 82' lang='grc' dir='ltr'>πατροκτόνον</span> <span class='ocrx_word' id='word_1_192' title='bbox 281 1633 444 1674; x_wconf 84' lang='grc' dir='ltr'>ἔσεσθαι·</span> <span class='ocrx_word' id='word_1_193' title='bbox 472 1639 490 1675; x_wconf 89' lang='grc' dir='ltr'>ὁ</span> <span class='ocrx_word' id='word_1_194' title='bbox 516 1635 553 1674; x_wconf 82' lang='grc' dir='ltr'>δὲ</span> <span class='ocrx_word' id='word_1_195' title='bbox 573 1636 726 1681; x_wconf 86' lang='grc' dir='ltr'>οἰνωθεὶς</span> <span class='ocrx_word' id='word_1_196' title='bbox 750 1638 899 1684; x_wconf 81' lang='grc' dir='ltr'>συνῆλθε</span> <span class='ocrx_word' id='word_1_197' title='bbox 924 1641 967 1691; x_wconf 82' lang='grc' dir='ltr'>τῇ</span> <span class='ocrx_word' id='word_1_198' title='bbox 990 1654 1057 1690; x_wconf 92' lang='grc' dir='ltr'>γυ-</span> 
     </span>
     <span class='ocr_line' id='line_1_27' title="bbox 27 1694 1057 1751; baseline 0.005 -20"><span class='ocrx_word' id='word_1_199' title='bbox 27 1694 119 1732; x_wconf 82' lang='grc' dir='ltr'>ναικὶ</span> <span class='ocrx_word' id='word_1_200' title='bbox 133 1725 143 1742; x_wconf 94' lang='grc'>,</span> <span class='ocrx_word' id='word_1_201' title='bbox 166 1694 225 1732; x_wconf 74' lang='grc' dir='ltr'>καὶ</span> <span class='ocrx_word' id='word_1_202' title='bbox 245 1694 284 1733; x_wconf 85' lang='grc' dir='ltr'>τὸ</span> <span class='ocrx_word' id='word_1_203' title='bbox 306 1694 471 1747; x_wconf 79' lang='grc' dir='ltr'>γεννηθὲν</span> <span class='ocrx_word' id='word_1_204' title='bbox 489 1696 642 1734; x_wconf 84' lang='grc' dir='ltr'>ἐκθεῖναι</span> <span class='ocrx_word' id='word_1_205' title='bbox 662 1695 784 1734; x_wconf 89' lang='grc' dir='ltr'>δίδωσι</span> <span class='ocrx_word' id='word_1_206' title='bbox 800 1702 920 1748; x_wconf 86' lang='grc' dir='ltr'>νομεῖ,</span> <span class='ocrx_word' id='word_1_207' title='bbox 941 1697 1057 1751; x_wconf 90' lang='grc' dir='ltr'>περό-</span> 
     </span>
     <span class='ocr_line' id='line_1_28' title="bbox 26 1750 1055 1808; baseline 0.004 -17"><span class='ocrx_word' id='word_1_208' title='bbox 26 1768 101 1797; x_wconf 85' lang='grc' dir='ltr'>ναις</span> <span class='ocrx_word' id='word_1_209' title='bbox 121 1752 311 1807; x_wconf 81' lang='grc' dir='ltr'>διατρήσας</span> <span class='ocrx_word' id='word_1_210' title='bbox 333 1752 378 1792; x_wconf 83' lang='grc' dir='ltr'>τὰ</span> <span class='ocrx_word' id='word_1_211' title='bbox 396 1754 523 1808; x_wconf 88' lang='grc' dir='ltr'>σφυρά.</span> <span class='ocrx_word' id='word_1_212' title='bbox 547 1755 658 1794; x_wconf 80' lang='grc' dir='ltr'>3Ἀλλ’</span> <span class='ocrx_word' id='word_1_213' title='bbox 684 1750 781 1799; x_wconf 65' lang='grc' dir='ltr'>οὗτος</span> <span class='ocrx_word' id='word_1_214' title='bbox 804 1754 868 1807; x_wconf 83' lang='grc' dir='ltr'>μὲν</span> <span class='ocrx_word' id='word_1_215' title='bbox 897 1755 1055 1804; x_wconf 80' lang='grc' dir='ltr'>ἐξέθηκεν</span> 
     </span>
     <span class='ocr_line' id='line_1_29' title="bbox 26 1812 1054 1870; baseline 0.004 -20"><span class='ocrx_word' id='word_1_216' title='bbox 26 1813 74 1856; x_wconf 77' lang='grc' dir='ltr'>εἷς</span> <span class='ocrx_word' id='word_1_217' title='bbox 97 1812 310 1866; x_wconf 84' lang='grc' dir='ltr'>Κιθαιρῶνα·</span> <span class='ocrx_word' id='word_1_218' title='bbox 337 1812 504 1852; x_wconf 74' lang='grc' dir='ltr'>Πολύὸου</span> <span class='ocrx_word' id='word_1_219' title='bbox 531 1813 567 1852; x_wconf 82' lang='grc' dir='ltr'>δὲ</span> <span class='ocrx_word' id='word_1_220' title='bbox 586 1813 748 1866; x_wconf 83' lang='grc' dir='ltr'>βουκόλοι</span> <span class='ocrx_word' id='word_1_221' title='bbox 775 1818 837 1853; x_wconf 83' lang='grc' dir='ltr'>τοῦ</span> <span class='ocrx_word' id='word_1_222' title='bbox 860 1815 1054 1870; x_wconf 89' lang='grc' dir='ltr'>Κορινθίων</span> 
     </span>
     <span class='ocr_line' id='line_1_30' title="bbox 27 1871 1055 1928; baseline 0.004 -18"><span class='ocrx_word' id='word_1_223' title='bbox 27 1871 199 1924; x_wconf 85' lang='grc' dir='ltr'>βασιλέως</span> <span class='ocrx_word' id='word_1_224' title='bbox 215 1871 255 1911; x_wconf 86' lang='grc' dir='ltr'>τὸ</span> <span class='ocrx_word' id='word_1_225' title='bbox 272 1871 395 1927; x_wconf 84' lang='grc' dir='ltr'>βρέφος</span> <span class='ocrx_word' id='word_1_226' title='bbox 411 1872 578 1926; x_wconf 72' lang='grc' dir='ltr'>εὑρόντες,</span> <span class='ocrx_word' id='word_1_227' title='bbox 602 1874 687 1928; x_wconf 82' lang='grc' dir='ltr'>πρὸς</span> <span class='ocrx_word' id='word_1_228' title='bbox 702 1873 766 1922; x_wconf 87' lang='grc' dir='ltr'>τὴν</span> <span class='ocrx_word' id='word_1_229' title='bbox 786 1876 891 1913; x_wconf 79' lang='grc' dir='ltr'>αὐτοῦ</span> <span class='ocrx_word' id='word_1_230' title='bbox 906 1881 1055 1927; x_wconf 88' lang='grc' dir='ltr'>γυναῖκα</span> 
     </span>
     <span class='ocr_line' id='line_1_31' title="bbox 26 1930 1053 1985; baseline 0.004 -15"><span class='ocrx_word' id='word_1_231' title='bbox 26 1930 215 1985; x_wconf 75' lang='grc' dir='ltr'>Περίὸοιαν</span> <span class='ocrx_word' id='word_1_232' title='bbox 245 1931 410 1984; x_wconf 86' lang='grc' dir='ltr'>ἤνεγκαν.</span> <span class='ocrx_word' id='word_1_233' title='bbox 450 1932 495 1972; x_wconf 89' lang='grc' dir='ltr'>Ἥ</span> <span class='ocrx_word' id='word_1_234' title='bbox 524 1931 561 1970; x_wconf 83' lang='grc' dir='ltr'>δὲ</span> <span class='ocrx_word' id='word_1_235' title='bbox 594 1935 768 1973; x_wconf 79' lang='grc' dir='ltr'>ἀνελοῦσα</span> <span class='ocrx_word' id='word_1_236' title='bbox 794 1933 1053 1983; x_wconf 73' lang='grc' dir='ltr'>ὓποὸάλλεται,</span> 
     </span>
     <span class='ocr_line' id='line_1_32' title="bbox 25 1988 1054 2046; baseline 0.005 -19"><span class='ocrx_word' id='word_1_237' title='bbox 25 1988 87 2027; x_wconf 80' lang='grc' dir='ltr'>καὶ</span> <span class='ocrx_word' id='word_1_238' title='bbox 105 1989 349 2044; x_wconf 81' lang='grc' dir='ltr'>θεραπεύσασα</span> <span class='ocrx_word' id='word_1_239' title='bbox 375 1990 419 2030; x_wconf 88' lang='grc' dir='ltr'>τὰ</span> <span class='ocrx_word' id='word_1_240' title='bbox 443 1992 576 2046; x_wconf 74' lang='grc' dir='ltr'>σφυρὰ,</span> <span class='ocrx_word' id='word_1_241' title='bbox 601 1992 771 2031; x_wconf 85' lang='grc' dir='ltr'>Οἰδίπουν</span> <span class='ocrx_word' id='word_1_242' title='bbox 801 1994 921 2038; x_wconf 87' lang='grc' dir='ltr'>καλεῖ,</span> <span class='ocrx_word' id='word_1_243' title='bbox 951 1997 1054 2033; x_wconf 85' lang='grc' dir='ltr'>τοῦτο</span> 
     </span>
     <span class='ocr_line' id='line_1_33' title="bbox 25 2047 1053 2102; baseline 0.006 -16"><span class='ocrx_word' id='word_1_244' title='bbox 25 2047 150 2100; x_wconf 85' lang='grc' dir='ltr'>θεμένη</span> <span class='ocrx_word' id='word_1_245' title='bbox 168 2048 208 2088; x_wconf 86' lang='grc' dir='ltr'>τὸ</span> <span class='ocrx_word' id='word_1_246' title='bbox 231 2049 343 2102; x_wconf 81' lang='grc' dir='ltr'>ὄνομα</span> <span class='ocrx_word' id='word_1_247' title='bbox 368 2049 425 2090; x_wconf 84' lang='grc' dir='ltr'>διὰ</span> <span class='ocrx_word' id='word_1_248' title='bbox 448 2051 489 2090; x_wconf 82' lang='grc' dir='ltr'>τὸ</span> <span class='ocrx_word' id='word_1_249' title='bbox 507 2050 587 2095; x_wconf 79' lang='grc' dir='ltr'>τοὺς</span> <span class='ocrx_word' id='word_1_250' title='bbox 603 2050 711 2095; x_wconf 85' lang='grc' dir='ltr'>πόδας</span> <span class='ocrx_word' id='word_1_251' title='bbox 727 2053 924 2099; x_wconf 75' lang='grc' dir='ltr'>ἀνοιδῆσαι.</span> <span class='ocrx_word' id='word_1_252' title='bbox 947 2054 963 2078; x_wconf 78' lang='lat'>⁴</span> <span class='ocrx_word' id='word_1_253' title='bbox 979 2056 1053 2093; x_wconf 92' lang='grc' dir='ltr'>Τε-</span> 
     </span>
     <span class='ocr_line' id='line_1_34' title="bbox 23 2107 1052 2164; baseline 0.005 -19"><span class='ocrx_word' id='word_1_254' title='bbox 23 2107 174 2152; x_wconf 78' lang='grc' dir='ltr'>λειωθεὶς</span> <span class='ocrx_word' id='word_1_255' title='bbox 196 2107 232 2146; x_wconf 80' lang='grc' dir='ltr'>δὲ</span> <span class='ocrx_word' id='word_1_256' title='bbox 261 2112 278 2148; x_wconf 86' lang='grc' dir='ltr'>ὁ</span> <span class='ocrx_word' id='word_1_257' title='bbox 309 2115 409 2157; x_wconf 89' lang='grc' dir='ltr'>παῖς,</span> <span class='ocrx_word' id='word_1_258' title='bbox 440 2110 499 2148; x_wconf 83' lang='grc' dir='ltr'>καὶ</span> <span class='ocrx_word' id='word_1_259' title='bbox 535 2110 706 2164; x_wconf 76' lang='grc' dir='ltr'>διαφέρων</span> <span class='ocrx_word' id='word_1_260' title='bbox 740 2112 812 2149; x_wconf 83' lang='grc' dir='ltr'>τῶν</span> <span class='ocrx_word' id='word_1_261' title='bbox 851 2111 983 2158; x_wconf 84' lang='grc' dir='ltr'>ἡλίκων</span> <span class='ocrx_word' id='word_1_262' title='bbox 1017 2113 1052 2150; x_wconf 82' lang='grc' dir='ltr'>ἐν</span> 
     </span>
     <span class='ocr_line' id='line_1_35' title="bbox 25 2163 1054 2222; baseline 0.006 -18"><span class='ocrx_word' id='word_1_263' title='bbox 25 2163 138 2220; x_wconf 75' lang='grc' dir='ltr'>ῥώμῃ,</span> <span class='ocrx_word' id='word_1_264' title='bbox 159 2166 216 2205; x_wconf 81' lang='grc' dir='ltr'>διὰ</span> <span class='ocrx_word' id='word_1_265' title='bbox 234 2166 358 2222; x_wconf 84' lang='grc' dir='ltr'>φθόνον</span> <span class='ocrx_word' id='word_1_266' title='bbox 374 2169 568 2214; x_wconf 83' lang='grc' dir='ltr'>ὠνειδίζετο</span> <span class='ocrx_word' id='word_1_267' title='bbox 587 2169 793 2218; x_wconf 75' lang='grc' dir='ltr'>ὑπόὸλητος.</span> <span class='ocrx_word' id='word_1_268' title='bbox 817 2170 880 2210; x_wconf 80' lang='grc' dir='ltr'>5Ὁ</span> <span class='ocrx_word' id='word_1_269' title='bbox 898 2169 946 2217; x_wconf 81' lang='grc' dir='ltr'>δὲ,</span> <span class='ocrx_word' id='word_1_270' title='bbox 967 2187 1054 2210; x_wconf 90' lang='grc' dir='ltr'>πυν-</span> 
     </span>
     <span class='ocr_line' id='line_1_36' title="bbox 23 2223 1052 2281; baseline 0.008 -18.825"><span class='ocrx_word' id='word_1_271' title='bbox 23 2223 221 2276; x_wconf 73' lang='grc' dir='ltr'>θανόμενος·</span> <span class='ocrx_word' id='word_1_272' title='bbox 232 2226 329 2280; x_wconf 89' lang='grc' dir='ltr'>παρὰ</span> <span class='ocrx_word' id='word_1_273' title='bbox 351 2229 412 2274; x_wconf 81' lang='grc' dir='ltr'>τῆς</span> <span class='ocrx_word' id='word_1_274' title='bbox 433 2227 639 2281; x_wconf 72' lang='grc' dir='ltr'>Περιὸοίας,</span> <span class='ocrx_word' id='word_1_275' title='bbox 665 2232 786 2280; x_wconf 88' lang='grc' dir='ltr'>μαθεῖν</span> <span class='ocrx_word' id='word_1_276' title='bbox 816 2233 880 2269; x_wconf 85' lang='grc' dir='ltr'>οὐκ</span> <span class='ocrx_word' id='word_1_277' title='bbox 898 2229 1052 2270; x_wconf 85' lang='grc' dir='ltr'>ἐδύνατο·</span> 
     </span>
     <span class='ocr_line' id='line_1_37' title="bbox 23 2281 1053 2348; baseline 0.007 -28"><span class='ocrx_word' id='word_1_278' title='bbox 23 2281 230 2336; x_wconf 70' lang='grc' dir='ltr'>ἀφικόμενος</span> <span class='ocrx_word' id='word_1_279' title='bbox 247 2283 284 2322; x_wconf 80' lang='grc' dir='ltr'>δὲ</span> <span class='ocrx_word' id='word_1_280' title='bbox 306 2285 354 2328; x_wconf 90' lang='grc' dir='ltr'>εἷς</span> <span class='ocrx_word' id='word_1_281' title='bbox 369 2285 524 2348; x_wconf 67' lang='grc' dir='ltr'>Δελφοὺς</span> <span class='ocrx_word' id='word_1_282' title='bbox 542 2286 622 2340; x_wconf 79' lang='grc' dir='ltr'>περὶ</span> <span class='ocrx_word' id='word_1_283' title='bbox 639 2289 707 2324; x_wconf 84' lang='grc' dir='ltr'>τῶν</span> <span class='ocrx_word' id='word_1_284' title='bbox 730 2287 825 2327; x_wconf 86' lang='grc' dir='ltr'>ἰδίων</span> <span class='ocrx_word' id='word_1_285' title='bbox 845 2289 1053 2327; x_wconf 78' lang='grc' dir='ltr'>ἐπυνθάνετο</span> 
     </span>
     <span class='ocr_line' id='line_1_38' title="bbox 16 2340 1051 2401; baseline 0.006 -21"><span class='ocrx_word' id='word_1_286' title='bbox 16 2340 161 2393; x_wconf 64' lang='grc' dir='ltr'>ιγονέων.</span> <span class='ocrx_word' id='word_1_287' title='bbox 177 2343 193 2368; x_wconf 74' lang='lat'><strong>⁶</strong></span> <span class='ocrx_word' id='word_1_288' title='bbox 211 2343 255 2382; x_wconf 84' lang='lat' dir='ltr'>‘O</span> <span class='ocrx_word' id='word_1_289' title='bbox 275 2342 312 2382; x_wconf 79' lang='grc' dir='ltr'>δὲ</span> <span class='ocrx_word' id='word_1_290' title='bbox 333 2344 406 2388; x_wconf 84' lang='grc' dir='ltr'>θεὸς</span> <span class='ocrx_word' id='word_1_291' title='bbox 426 2348 519 2384; x_wconf 76' lang='grc' dir='ltr'>εἶπεν</span> <span class='ocrx_word' id='word_1_292' title='bbox 538 2347 650 2400; x_wconf 80' lang='grc' dir='ltr'>αὐτῷ,</span> <span class='ocrx_word' id='word_1_293' title='bbox 671 2347 718 2391; x_wconf 88' lang='grc' dir='ltr'>εἷς</span> <span class='ocrx_word' id='word_1_294' title='bbox 741 2346 804 2394; x_wconf 86' lang='grc' dir='ltr'>τὴν</span> <span class='ocrx_word' id='word_1_295' title='bbox 823 2347 975 2401; x_wconf 88' lang='grc' dir='ltr'>πατρίδα</span> <span class='ocrx_word' id='word_1_296' title='bbox 1002 2347 1051 2400; x_wconf 83' lang='grc' dir='ltr'>μὴ</span> 
     </span>
     <span class='ocr_line' id='line_1_39' title="bbox 22 2400 1051 2460; baseline 0.007 -21"><span class='ocrx_word' id='word_1_297' title='bbox 22 2400 251 2455; x_wconf 79' lang='grc' dir='ltr'>πορεύεσθαι·</span> <span class='ocrx_word' id='word_1_298' title='bbox 280 2402 339 2442; x_wconf 75' lang='grc' dir='ltr'>τὸν</span> <span class='ocrx_word' id='word_1_299' title='bbox 366 2402 430 2455; x_wconf 80' lang='grc' dir='ltr'>μὲν</span> <span class='ocrx_word' id='word_1_300' title='bbox 454 2404 522 2457; x_wconf 88' lang='grc' dir='ltr'>γὰρ</span> <span class='ocrx_word' id='word_1_301' title='bbox 547 2404 685 2458; x_wconf 79' lang='grc' dir='ltr'>πατέρα</span> <span class='ocrx_word' id='word_1_302' title='bbox 709 2405 885 2460; x_wconf 79' lang='grc' dir='ltr'>φονεύσειν</span> <span class='ocrx_word' id='word_1_303' title='bbox 902 2438 912 2455; x_wconf 95' lang='grc'>,</span> <span class='ocrx_word' id='word_1_304' title='bbox 940 2410 983 2460; x_wconf 78' lang='grc' dir='ltr'>τῇ</span> <span class='ocrx_word' id='word_1_305' title='bbox 1015 2407 1051 2446; x_wconf 83' lang='grc' dir='ltr'>δὲ</span> 
     </span>
     <span class='ocr_line' id='line_1_40' title="bbox 22 2460 1050 2518; baseline 0.007 -20"><span class='ocrx_word' id='word_1_306' title='bbox 22 2460 132 2514; x_wconf 74' lang='grc' dir='ltr'>μητρὶ</span> <span class='ocrx_word' id='word_1_307' title='bbox 158 2461 380 2513; x_wconf 83' lang='grc' dir='ltr'>μιγήσεσθαι.</span> <span class='ocrx_word' id='word_1_308' title='bbox 415 2466 530 2503; x_wconf 84' lang='grc' dir='ltr'>Τοῦτο</span> <span class='ocrx_word' id='word_1_309' title='bbox 554 2464 723 2513; x_wconf 90' lang='grc' dir='ltr'>ἀκούσας,</span> <span class='ocrx_word' id='word_1_310' title='bbox 754 2466 813 2505; x_wconf 83' lang='grc' dir='ltr'>καὶ</span> <span class='ocrx_word' id='word_1_311' title='bbox 841 2466 990 2518; x_wconf 86' lang='grc' dir='ltr'>νομίζων</span> <span class='ocrx_word' id='word_1_312' title='bbox 1016 2466 1050 2513; x_wconf 82' lang='grc' dir='ltr'>ἐξ</span> 
     </span>
     <span class='ocr_line' id='line_1_41' title="bbox 20 2511 1050 2581; baseline 0.007 -23"><span class='ocrx_word' id='word_1_313' title='bbox 20 2511 68 2564; x_wconf 66' lang='grc' dir='ltr'>ὧν</span> <span class='ocrx_word' id='word_1_314' title='bbox 84 2519 221 2573; x_wconf 84' lang='grc' dir='ltr'>ἐλέγετο</span> <span class='ocrx_word' id='word_1_315' title='bbox 236 2525 475 2574; x_wconf 87' lang='grc' dir='ltr'>γεγεννῆσθαι,</span> <span class='ocrx_word' id='word_1_316' title='bbox 486 2522 652 2578; x_wconf 88' lang='grc' dir='ltr'>Κόρινθον</span> <span class='ocrx_word' id='word_1_317' title='bbox 664 2524 727 2576; x_wconf 82' lang='grc' dir='ltr'>μὲν</span> <span class='ocrx_word' id='word_1_318' title='bbox 747 2524 928 2565; x_wconf 89' lang='grc' dir='ltr'>ἀπέλιπεν.</span> <span class='ocrx_word' id='word_1_319' title='bbox 940 2528 956 2553; x_wconf 89' lang='grc'>7</span> <span class='ocrx_word' id='word_1_320' title='bbox 970 2526 1050 2581; x_wconf 83' lang='grc' dir='ltr'>Ἐφ’</span> 
     </span>
     <span class='ocr_line' id='line_1_42' title="bbox 22 2577 1050 2638; baseline 0.008 -22"><span class='ocrx_word' id='word_1_321' title='bbox 22 2577 174 2632; x_wconf 79' lang='grc' dir='ltr'>ἅρματος</span> <span class='ocrx_word' id='word_1_322' title='bbox 193 2578 230 2619; x_wconf 79' lang='grc' dir='ltr'>δὲ</span> <span class='ocrx_word' id='word_1_323' title='bbox 250 2580 307 2619; x_wconf 82' lang='grc' dir='ltr'>διὰ</span> <span class='ocrx_word' id='word_1_324' title='bbox 328 2584 390 2629; x_wconf 88' lang='grc' dir='ltr'>τῆς</span> <span class='ocrx_word' id='word_1_325' title='bbox 408 2583 571 2627; x_wconf 88' lang='grc' dir='ltr'>Φωκίδος</span> <span class='ocrx_word' id='word_1_326' title='bbox 589 2582 794 2638; x_wconf 85' lang='grc' dir='ltr'>φερόμενος,</span> <span class='ocrx_word' id='word_1_327' title='bbox 816 2585 1050 2638; x_wconf 85' lang='grc' dir='ltr'>συντυγχάνει</span> 
     </span>
     <span class='ocr_line' id='line_1_43' title="bbox 21 2637 1047 2699; baseline 0.006 -23"><span class='ocrx_word' id='word_1_328' title='bbox 21 2637 110 2677; x_wconf 73' lang='grc' dir='ltr'>κατά</span> <span class='ocrx_word' id='word_1_329' title='bbox 128 2655 206 2678; x_wconf 92' lang='grc' dir='ltr'>τινα</span> <span class='ocrx_word' id='word_1_330' title='bbox 225 2639 347 2688; x_wconf 85' lang='grc' dir='ltr'>στενὴν</span> <span class='ocrx_word' id='word_1_331' title='bbox 374 2641 451 2680; x_wconf 84' lang='grc' dir='ltr'>ὁδὸν</span> <span class='ocrx_word' id='word_1_332' title='bbox 480 2643 533 2696; x_wconf 80' lang='grc' dir='ltr'>ἐφ’</span> <span class='ocrx_word' id='word_1_333' title='bbox 553 2642 709 2695; x_wconf 85' lang='grc' dir='ltr'>ἅρματος</span> <span class='ocrx_word' id='word_1_334' title='bbox 728 2643 915 2698; x_wconf 85' lang='grc' dir='ltr'>ὀχουμένῳ</span> <span class='ocrx_word' id='word_1_335' title='bbox 944 2641 1047 2699; x_wconf 78' lang='grc' dir='ltr'>Λαίῳ</span> 
     </span>
     <span class='ocr_line' id='line_1_44' title="bbox 11 2695 1050 2754; baseline 0.008 -20"><span class='ocrx_word' id='word_1_336' title='bbox 11 2695 79 2734; x_wconf 74' lang='grc' dir='ltr'>’καὶ</span> <span class='ocrx_word' id='word_1_337' title='bbox 97 2698 304 2753; x_wconf 86' lang='grc' dir='ltr'>Πολυφόντῃ</span> <span class='ocrx_word' id='word_1_338' title='bbox 317 2715 326 2723; x_wconf 89' lang='grc'>·</span> <span class='ocrx_word' id='word_1_339' title='bbox 352 2700 458 2754; x_wconf 83' lang='grc' dir='ltr'>κῆρυξ</span> <span class='ocrx_word' id='word_1_340' title='bbox 479 2700 515 2740; x_wconf 80' lang='grc' dir='ltr'>δὲ</span> <span class='ocrx_word' id='word_1_341' title='bbox 532 2696 630 2746; x_wconf 69' lang='grc' dir='ltr'>οὗτος</span> <span class='ocrx_word' id='word_1_342' title='bbox 645 2696 693 2750; x_wconf 70' lang='grc' dir='ltr'>ἧν</span> <span class='ocrx_word' id='word_1_343' title='bbox 710 2699 835 2742; x_wconf 76' lang='grc' dir='ltr'>Λαΐου·</span> <span class='ocrx_word' id='word_1_344' title='bbox 854 2703 913 2742; x_wconf 88' lang='grc' dir='ltr'>καὶ</span> <span class='ocrx_word' id='word_1_345' title='bbox 930 2704 1050 2742; x_wconf 87' lang='grc' dir='ltr'>κελεύ-</span> 
     </span>
     <span class='ocr_line' id='line_1_45' title="bbox 20 2759 1048 2812; baseline 0.008 -19"><span class='ocrx_word' id='word_1_346' title='bbox 20 2767 141 2801; x_wconf 83' lang='grc' dir='ltr'>σαντος</span> <span class='ocrx_word' id='word_1_347' title='bbox 169 2759 354 2812; x_wconf 80' lang='grc' dir='ltr'>ἐκχωρεῖν,</span> <span class='ocrx_word' id='word_1_348' title='bbox 395 2760 455 2798; x_wconf 76' lang='grc' dir='ltr'>καὶ</span> <span class='ocrx_word' id='word_1_349' title='bbox 487 2761 530 2798; x_wconf 84' lang='grc' dir='ltr'>δι’</span> <span class='ocrx_word' id='word_1_350' title='bbox 560 2761 740 2800; x_wconf 85' lang='grc' dir='ltr'>ἀπείθειαν</span> <span class='ocrx_word' id='word_1_351' title='bbox 780 2762 840 2800; x_wconf 83' lang='grc' dir='ltr'>καὶ</span> <span class='ocrx_word' id='word_1_352' title='bbox 872 2762 1048 2811; x_wconf 72' lang='grc' dir='ltr'>ἀναὸολὴν</span> 
     </span>
     <span class='ocr_line' id='line_1_46' title="bbox 20 2814 1050 2874; baseline 0.008 -22"><span class='ocrx_word' id='word_1_353' title='bbox 20 2814 212 2860; x_wconf 53' lang='grc' dir='ltr'>κτείναντος</span> <span class='ocrx_word' id='word_1_354' title='bbox 232 2820 300 2855; x_wconf 85' lang='grc' dir='ltr'>τῶν</span> <span class='ocrx_word' id='word_1_355' title='bbox 320 2817 438 2856; x_wconf 81' lang='grc' dir='ltr'>ἵππων</span> <span class='ocrx_word' id='word_1_356' title='bbox 457 2819 514 2857; x_wconf 84' lang='grc' dir='ltr'>τὸν</span> <span class='ocrx_word' id='word_1_357' title='bbox 538 2818 673 2874; x_wconf 79' lang='grc' dir='ltr'>ἕτερον,</span> <span class='ocrx_word' id='word_1_358' title='bbox 706 2821 956 2872; x_wconf 86' lang='grc' dir='ltr'>ἀγανακτήσας</span> <span class='ocrx_word' id='word_1_359' title='bbox 984 2823 1050 2860; x_wconf 87' lang='grc' dir='ltr'>Οἰ-</span> 
     </span>
     <span class='ocr_line' id='line_1_47' title="bbox 22 2869 1048 2931; baseline 0.008 -20"><span class='ocrx_word' id='word_1_360' title='bbox 22 2869 138 2918; x_wconf 69' lang='grc' dir='ltr'>δίπους</span> <span class='ocrx_word' id='word_1_361' title='bbox 153 2875 212 2913; x_wconf 79' lang='grc' dir='ltr'>καὶ</span> <span class='ocrx_word' id='word_1_362' title='bbox 231 2875 459 2931; x_wconf 86' lang='grc' dir='ltr'>Πολυφόντην</span> <span class='ocrx_word' id='word_1_363' title='bbox 476 2877 536 2916; x_wconf 89' lang='grc' dir='ltr'>καὶ</span> <span class='ocrx_word' id='word_1_364' title='bbox 560 2877 671 2917; x_wconf 86' lang='grc' dir='ltr'>Λάϊον</span> <span class='ocrx_word' id='word_1_365' title='bbox 689 2878 885 2929; x_wconf 87' lang='grc' dir='ltr'>ἀπέκτεινε,</span> <span class='ocrx_word' id='word_1_366' title='bbox 902 2880 963 2918; x_wconf 83' lang='grc' dir='ltr'>καὶ</span> <span class='ocrx_word' id='word_1_367' title='bbox 979 2896 1048 2918; x_wconf 89' lang='grc' dir='ltr'>πα-</span> 
     </span>
     <span class='ocr_line' id='line_1_48' title="bbox 23 2930 393 2984; baseline 0.014 -15"><span class='ocrx_word' id='word_1_368' title='bbox 23 2930 176 2984; x_wconf 76' lang='grc' dir='ltr'>ρεγένετο</span> <span class='ocrx_word' id='word_1_369' title='bbox 193 2935 240 2979; x_wconf 88' lang='grc' dir='ltr'>εἷς</span> <span class='ocrx_word' id='word_1_370' title='bbox 257 2934 393 2983; x_wconf 76' lang='grc' dir='ltr'>Θήὸας.</span> 
     </span>
    </p>

    <p class='ocr_par' dir='ltr' id='par_1_4' title="bbox 20 2989 1048 3160">
     <span class='ocr_line' id='line_1_49' title="bbox 20 2989 1045 3049; baseline 0.008 -20"><span class='ocrx_word' id='word_1_371' title='bbox 20 3019 36 3027; x_wconf 70' lang='grc'>-,</span> <span class='ocrx_word' id='word_1_372' title='bbox 78 2990 134 3044; x_wconf 84' lang='lat'>(8)</span> <span class='ocrx_word' id='word_1_373' title='bbox 171 2993 279 3032; x_wconf 85' lang='grc' dir='ltr'>Λάϊον</span> <span class='ocrx_word' id='word_1_374' title='bbox 312 2993 376 3045; x_wconf 81' lang='grc' dir='ltr'>μὲν</span> <span class='ocrx_word' id='word_1_375' title='bbox 409 2989 468 3033; x_wconf 72' lang='grc' dir='ltr'>οῧν</span> <span class='ocrx_word' id='word_1_376' title='bbox 497 2995 621 3035; x_wconf 89' lang='grc' dir='ltr'>θάπτει</span> <span class='ocrx_word' id='word_1_377' title='bbox 646 2996 808 3049; x_wconf 76' lang='grc' dir='ltr'>βασιλεὺς</span> <span class='ocrx_word' id='word_1_378' title='bbox 837 2997 1045 3037; x_wconf 88' lang='grc' dir='ltr'>Πλαταιέων</span> 
     </span>
     <span class='ocr_line' id='line_1_50' title="bbox 24 3048 1048 3110; baseline 0.01 -24"><span class='ocrx_word' id='word_1_379' title='bbox 24 3048 325 3105; x_wconf 78' lang='grc' dir='ltr'>Δαμασίστρατος·</span> <span class='ocrx_word' id='word_1_380' title='bbox 344 3052 407 3101; x_wconf 87' lang='grc' dir='ltr'>τὴν</span> <span class='ocrx_word' id='word_1_381' title='bbox 427 3052 463 3091; x_wconf 81' lang='grc' dir='ltr'>δὲ</span> <span class='ocrx_word' id='word_1_382' title='bbox 483 3054 661 3107; x_wconf 87' lang='grc' dir='ltr'>βασιλείαν</span> <span class='ocrx_word' id='word_1_383' title='bbox 677 3055 798 3110; x_wconf 89' lang='grc' dir='ltr'>Κρέων</span> <span class='ocrx_word' id='word_1_384' title='bbox 818 3056 1048 3101; x_wconf 84' lang='grc' dir='ltr'>ὃΜενοικέως</span> 
     </span>
     <span class='ocr_line' id='line_1_51' title="bbox 21 3109 301 3160; baseline 0.021 -17"><span class='ocrx_word' id='word_1_385' title='bbox 21 3109 301 3160; x_wconf 76' lang='grc' dir='ltr'>παραλαμὸάνει.</span> 
     </span>
    </p>

    <p class='ocr_par' dir='ltr' id='par_1_5' title="bbox 20 3162 1046 3346">
     <span class='ocr_line' id='line_1_52' title="bbox 71 3162 1044 3229; baseline 0.008 -24"><span class='ocrx_word' id='word_1_386' title='bbox 71 3162 92 3197; x_wconf 77' lang='lat'>-²</span> <span class='ocrx_word' id='word_1_387' title='bbox 101 3167 236 3207; x_wconf 85' lang='grc' dir='ltr'>Τούτου</span> <span class='ocrx_word' id='word_1_388' title='bbox 258 3168 295 3208; x_wconf 83' lang='grc' dir='ltr'>δὲ</span> <span class='ocrx_word' id='word_1_389' title='bbox 312 3170 552 3222; x_wconf 85' lang='grc' dir='ltr'>βασιλεύοντος</span> <span class='ocrx_word' id='word_1_390' title='bbox 571 3174 610 3211; x_wconf 82' lang='grc' dir='ltr'>οὗ</span> <span class='ocrx_word' id='word_1_391' title='bbox 637 3172 747 3227; x_wconf 84' lang='grc' dir='ltr'>μικρὰ</span> <span class='ocrx_word' id='word_1_392' title='bbox 781 3175 945 3229; x_wconf 86' lang='grc' dir='ltr'>συμφορὰ</span> <span class='ocrx_word' id='word_1_393' title='bbox 974 3190 1044 3212; x_wconf 91' lang='grc' dir='ltr'>κα-</span> 
     </span>
     <span class='ocr_line' id='line_1_53' title="bbox 20 3221 1046 3294; baseline 0.011 -32"><span class='ocrx_word' id='word_1_394' title='bbox 20 3221 123 3277; x_wconf 82' lang='grc' dir='ltr'>τέσχε</span> <span class='ocrx_word' id='word_1_395' title='bbox 138 3226 273 3274; x_wconf 74' lang='grc' dir='ltr'>Θήὸας.</span> <span class='ocrx_word' id='word_1_396' title='bbox 293 3228 461 3283; x_wconf 77' lang='grc' dir='ltr'>Ἐπεμψε</span> <span class='ocrx_word' id='word_1_397' title='bbox 477 3231 544 3285; x_wconf 86' lang='grc' dir='ltr'>γὰρ</span> <span class='ocrx_word' id='word_1_398' title='bbox 565 3231 665 3286; x_wconf 75' lang='grc' dir='ltr'>ἽΙρα</span> <span class='ocrx_word' id='word_1_399' title='bbox 685 3232 845 3294; x_wconf 58' lang='grc' dir='ltr'>Σφίγγα,</span> <span class='ocrx_word' id='word_1_400' title='bbox 870 3233 892 3280; x_wconf 81' lang='grc' dir='ltr'>ἣ</span> <span class='ocrx_word' id='word_1_401' title='bbox 915 3233 1046 3287; x_wconf 86' lang='grc' dir='ltr'>μητρὸς</span> 
     </span>
     <span class='ocr_line' id='line_1_54' title="bbox 21 3280 1045 3346; baseline 0.01 -25"><span class='ocrx_word' id='word_1_402' title='bbox 21 3280 82 3332; x_wconf 63' lang='grc' dir='ltr'>μὲν</span> <span class='ocrx_word' id='word_1_403' title='bbox 101 3284 264 3336; x_wconf 87' lang='grc' dir='ltr'>Ἐχίδνης</span> <span class='ocrx_word' id='word_1_404' title='bbox 283 3281 338 3334; x_wconf 68' lang='grc' dir='ltr'>ἦν,</span> <span class='ocrx_word' id='word_1_405' title='bbox 357 3289 487 3342; x_wconf 81' lang='grc' dir='ltr'>πατρὸς</span> <span class='ocrx_word' id='word_1_406' title='bbox 504 3289 539 3328; x_wconf 80' lang='grc' dir='ltr'>δὲ</span> <span class='ocrx_word' id='word_1_407' title='bbox 557 3293 734 3344; x_wconf 83' lang='grc' dir='ltr'>Τυφῶνος·</span> <span class='ocrx_word' id='word_1_408' title='bbox 749 3294 765 3319; x_wconf 85' lang='grc'>3</span> <span class='ocrx_word' id='word_1_409' title='bbox 778 3295 854 3345; x_wconf 77' lang='grc' dir='ltr'>εἶχε</span> <span class='ocrx_word' id='word_1_410' title='bbox 874 3291 910 3330; x_wconf 84' lang='grc' dir='ltr'>δὲ</span> <span class='ocrx_word' id='word_1_411' title='bbox 931 3293 1045 3346; x_wconf 76' lang='grc' dir='ltr'>πρόσ-</span> 
     </span>
    </p>
   </div>
   <div class='ocr_carea' id='block_1_3' title="bbox 2080 154 2150 185">
    <p class='ocr_par' dir='ltr' id='par_1_6' title="bbox 2080 154 2150 185">
     <span class='ocr_line' id='line_1_55' title="bbox 2080 154 2150 185; baseline 0 0"><span class='ocrx_word' id='word_1_412' title='bbox 2080 154 2150 185; x_wconf 83' lang='grc'>151</span> 
     </span>
    </p>
   </div>
   <div class='ocr_carea' id='block_1_4' title="bbox 1106 231 2151 2686">
    <p class='ocr_par' dir='ltr' id='par_1_7' title="bbox 1119 231 2151 1374">
     <span class='ocr_line' id='line_1_56' title="bbox 1125 231 2150 284; baseline 0.008 -16"><span class='ocrx_word' id='word_1_413' title='bbox 1125 236 1441 280; x_wconf 86' lang='lat' dir='ltr'>Damasichthonem,</span> <span class='ocrx_word' id='word_1_414' title='bbox 1458 243 1648 281; x_wconf 72' lang='lat' dir='ltr'>Agenorem,</span> <span class='ocrx_word' id='word_1_415' title='bbox 1663 241 1884 282; x_wconf 79' lang='lat' dir='ltr'>Phaedimum,</span> <span class='ocrx_word' id='word_1_416' title='bbox 1900 231 2084 284; x_wconf 74' lang='lat' dir='ltr'>Tantalum,</span> <span class='ocrx_word' id='word_1_417' title='bbox 2105 246 2150 276; x_wconf 86' lang='lat' dir='ltr'>to-</span> 
     </span>
     <span class='ocr_line' id='line_1_57' title="bbox 1123 301 2151 349; baseline 0.009 -16"><span class='ocrx_word' id='word_1_418' title='bbox 1123 301 1287 344; x_wconf 82' lang='lat' dir='ltr'>tidemque</span> <span class='ocrx_word' id='word_1_419' title='bbox 1300 303 1395 342; x_wconf 84' lang='lat' dir='ltr'>filias,</span> <span class='ocrx_word' id='word_1_420' title='bbox 1413 305 1605 338; x_wconf 85' lang='lat' dir='ltr'>Ethodaiam</span> <span class='ocrx_word' id='word_1_421' title='bbox 1621 305 1701 347; x_wconf 89' lang='lat' dir='ltr'>sive,</span> <span class='ocrx_word' id='word_1_422' title='bbox 1724 308 1760 338; x_wconf 93' lang='lat' dir='ltr'>ut</span> <span class='ocrx_word' id='word_1_423' title='bbox 1773 305 1826 339; x_wconf 84' lang='lat' dir='ltr'>alii</span> <span class='ocrx_word' id='word_1_424' title='bbox 1845 307 1970 348; x_wconf 87' lang='lat' dir='ltr'>volunt,</span> <span class='ocrx_word' id='word_1_425' title='bbox 1992 310 2151 349; x_wconf 87' lang='lat' dir='ltr'>Neaeram,</span> 
     </span>
     <span class='ocr_line' id='line_1_58' title="bbox 1124 366 2150 415; baseline 0.009 -17"><span class='ocrx_word' id='word_1_426' title='bbox 1124 366 1335 410; x_wconf 85' lang='lat' dir='ltr'>Cleodoxam,</span> <span class='ocrx_word' id='word_1_427' title='bbox 1348 371 1544 411; x_wconf 84' lang='lat' dir='ltr'>Astyochen,</span> <span class='ocrx_word' id='word_1_428' title='bbox 1555 372 1717 412; x_wconf 83' lang='lat' dir='ltr'><strong>Phthiam,</strong></span> <span class='ocrx_word' id='word_1_429' title='bbox 1731 372 1904 414; x_wconf 85' lang='lat' dir='ltr'>Pelopiam,</span> <span class='ocrx_word' id='word_1_430' title='bbox 1918 375 2150 415; x_wconf 79' lang='lat' dir='ltr'>Astycrateam,</span> 
     </span>
     <span class='ocr_line' id='line_1_59' title="bbox 1123 432 2148 480; baseline 0.011 -19"><span class='ocrx_word' id='word_1_431' title='bbox 1123 432 1289 471; x_wconf 82' lang='lat' dir='ltr'>Ogygiam.</span> <span class='ocrx_word' id='word_1_432' title='bbox 1307 435 1363 465; x_wconf 65' lang='grc' dir='ltr'>Ἀἵ</span> <span class='ocrx_word' id='word_1_433' title='bbox 1375 435 1535 468; x_wconf 82' lang='lat' dir='ltr'>Hesiodus</span> <span class='ocrx_word' id='word_1_434' title='bbox 1548 435 1660 469; x_wconf 85' lang='lat' dir='ltr'>decem</span> <span class='ocrx_word' id='word_1_435' title='bbox 1673 436 1755 470; x_wconf 83' lang='lat' dir='ltr'>filios</span> <span class='ocrx_word' id='word_1_436' title='bbox 1768 437 1969 479; x_wconf 84' lang='lat' dir='ltr'>totidemque</span> <span class='ocrx_word' id='word_1_437' title='bbox 1981 438 2075 480; x_wconf 85' lang='lat' dir='ltr'>filias,</span> <span class='ocrx_word' id='word_1_438' title='bbox 2088 442 2148 473; x_wconf 83' lang='lat' dir='ltr'>He-</span> 
     </span>
     <span class='ocr_line' id='line_1_60' title="bbox 1123 495 2149 542; baseline 0.012 -17"><span class='ocrx_word' id='word_1_439' title='bbox 1123 495 1260 528; x_wconf 88' lang='lat' dir='ltr'>rodorus</span> <span class='ocrx_word' id='word_1_440' title='bbox 1273 506 1349 529; x_wconf 91' lang='lat' dir='ltr'>vero</span> <span class='ocrx_word' id='word_1_441' title='bbox 1365 498 1447 531; x_wconf 87' lang='lat' dir='ltr'>duos</span> <span class='ocrx_word' id='word_1_442' title='bbox 1461 509 1567 533; x_wconf 87' lang='lat' dir='ltr'>mares</span> <span class='ocrx_word' id='word_1_443' title='bbox 1583 503 1615 534; x_wconf 90' lang='lat' dir='ltr'>et</span> <span class='ocrx_word' id='word_1_444' title='bbox 1636 503 1699 534; x_wconf 88' lang='lat' dir='ltr'>tres</span> <span class='ocrx_word' id='word_1_445' title='bbox 1715 502 1852 535; x_wconf 81' lang='lat' dir='ltr'>seminas</span> <span class='ocrx_word' id='word_1_446' title='bbox 1862 525 1872 542; x_wconf 94' lang='lat'>,</span> <span class='ocrx_word' id='word_1_447' title='bbox 1888 504 2048 536; x_wconf 84' lang='lat' dir='ltr'>Homerus</span> <span class='ocrx_word' id='word_1_448' title='bbox 2062 504 2149 537; x_wconf 90' lang='lat' dir='ltr'>deni-</span> 
     </span>
     <span class='ocr_line' id='line_1_61' title="bbox 1122 559 2150 606; baseline 0.012 -17"><span class='ocrx_word' id='word_1_449' title='bbox 1122 566 1186 598; x_wconf 85' lang='lat' dir='ltr'>que</span> <span class='ocrx_word' id='word_1_450' title='bbox 1201 567 1258 590; x_wconf 90' lang='lat' dir='ltr'>sex</span> <span class='ocrx_word' id='word_1_451' title='bbox 1270 559 1354 592; x_wconf 90' lang='lat' dir='ltr'>filios</span> <span class='ocrx_word' id='word_1_452' title='bbox 1367 563 1399 593; x_wconf 89' lang='lat' dir='ltr'>et</span> <span class='ocrx_word' id='word_1_453' title='bbox 1419 571 1476 594; x_wconf 81' lang='lat' dir='ltr'>sex</span> <span class='ocrx_word' id='word_1_454' title='bbox 1492 563 1567 596; x_wconf 91' lang='lat' dir='ltr'>item</span> <span class='ocrx_word' id='word_1_455' title='bbox 1588 565 1669 598; x_wconf 78' lang='lat' dir='ltr'>filias</span> <span class='ocrx_word' id='word_1_456' title='bbox 1684 567 1715 598; x_wconf 91' lang='lat' dir='ltr'>ei</span> <span class='ocrx_word' id='word_1_457' title='bbox 1734 566 1833 599; x_wconf 82' lang='lat' dir='ltr'>fuisse</span> <span class='ocrx_word' id='word_1_458' title='bbox 1851 567 2005 600; x_wconf 83' lang='lat' dir='ltr'>referunt.</span> <span class='ocrx_word' id='word_1_459' title='bbox 2023 570 2150 606; x_wconf 77' lang='lat' dir='ltr'>³Quare</span> 
     </span>
     <span class='ocr_line' id='line_1_62' title="bbox 1122 622 2150 673; baseline 0.012 -20"><span class='ocrx_word' id='word_1_460' title='bbox 1122 622 1223 655; x_wconf 83' lang='lat' dir='ltr'>Niobe</span> <span class='ocrx_word' id='word_1_461' title='bbox 1238 626 1287 656; x_wconf 87' lang='lat' dir='ltr'>tot</span> <span class='ocrx_word' id='word_1_462' title='bbox 1301 625 1410 659; x_wconf 89' lang='lat' dir='ltr'>liberis</span> <span class='ocrx_word' id='word_1_463' title='bbox 1427 631 1520 660; x_wconf 88' lang='lat' dir='ltr'>aucta</span> <span class='ocrx_word' id='word_1_464' title='bbox 1539 631 1662 662; x_wconf 84' lang='lat' dir='ltr'><strong>Latona</strong></span> <span class='ocrx_word' id='word_1_465' title='bbox 1678 639 1712 663; x_wconf 89' lang='lat' dir='ltr'>se</span> <span class='ocrx_word' id='word_1_466' title='bbox 1732 631 1948 664; x_wconf 77' lang='lat' dir='ltr'>fecundiorem</span> <span class='ocrx_word' id='word_1_467' title='bbox 1964 640 2035 664; x_wconf 90' lang='lat' dir='ltr'>esse</span> <span class='ocrx_word' id='word_1_468' title='bbox 2053 633 2150 673; x_wconf 81' lang='lat' dir='ltr'>jacta-</span> 
     </span>
     <span class='ocr_line' id='line_1_63' title="bbox 1122 686 2150 739; baseline 0.013 -22"><span class='ocrx_word' id='word_1_469' title='bbox 1122 686 1179 719; x_wconf 86' lang='lat' dir='ltr'>vit.</span> <span class='ocrx_word' id='word_1_470' title='bbox 1194 689 1288 726; x_wconf 89' lang='lat' dir='ltr'>Quod</span> <span class='ocrx_word' id='word_1_471' title='bbox 1307 699 1390 731; x_wconf 84' lang='lat' dir='ltr'>aegre</span> <span class='ocrx_word' id='word_1_472' title='bbox 1410 691 1514 726; x_wconf 77' lang='lat' dir='ltr'>ferens</span> <span class='ocrx_word' id='word_1_473' title='bbox 1536 697 1661 727; x_wconf 90' lang='lat' dir='ltr'>Latona</span> <span class='ocrx_word' id='word_1_474' title='bbox 1682 697 1817 729; x_wconf 85' lang='lat' dir='ltr'>Dianam</span> <span class='ocrx_word' id='word_1_475' title='bbox 1851 701 1883 730; x_wconf 85' lang='lat' dir='ltr'>et</span> <span class='ocrx_word' id='word_1_476' title='bbox 1913 698 2093 739; x_wconf 76' lang='lat' dir='ltr'>Apollinem</span> <span class='ocrx_word' id='word_1_477' title='bbox 2115 699 2150 730; x_wconf 90' lang='lat' dir='ltr'>in</span> 
     </span>
     <span class='ocr_line' id='line_1_64' title="bbox 1122 748 2149 803; baseline 0.015 -23"><span class='ocrx_word' id='word_1_478' title='bbox 1122 748 1210 790; x_wconf 89' lang='lat' dir='ltr'>ipsos</span> <span class='ocrx_word' id='word_1_479' title='bbox 1224 751 1371 786; x_wconf 79' lang='lat' dir='ltr'>irritavit.</span> <span class='ocrx_word' id='word_1_480' title='bbox 1389 757 1510 797; x_wconf 83' lang='lat' dir='ltr'>⁴Atque</span> <span class='ocrx_word' id='word_1_481' title='bbox 1523 758 1656 790; x_wconf 87' lang='lat' dir='ltr'>seminas</span> <span class='ocrx_word' id='word_1_482' title='bbox 1669 760 1799 800; x_wconf 89' lang='lat' dir='ltr'>quidem</span> <span class='ocrx_word' id='word_1_483' title='bbox 1814 761 1902 792; x_wconf 89' lang='lat' dir='ltr'>domi</span> <span class='ocrx_word' id='word_1_484' title='bbox 1922 762 2045 803; x_wconf 81' lang='lat' dir='ltr'>sagittis</span> <span class='ocrx_word' id='word_1_485' title='bbox 2053 761 2149 795; x_wconf 84' lang='lat' dir='ltr'>inter-</span> 
     </span>
     <span class='ocr_line' id='line_1_65' title="bbox 1121 813 2148 860; baseline 0.015 -16"><span class='ocrx_word' id='word_1_486' title='bbox 1121 813 1197 847; x_wconf 83' lang='lat' dir='ltr'>fecit</span> <span class='ocrx_word' id='word_1_487' title='bbox 1211 816 1314 849; x_wconf 87' lang='lat' dir='ltr'>Diana</span> <span class='ocrx_word' id='word_1_488' title='bbox 1328 842 1337 858; x_wconf 93' lang='lat'>‚</span> <span class='ocrx_word' id='word_1_489' title='bbox 1356 828 1461 852; x_wconf 89' lang='lat' dir='ltr'>mares</span> <span class='ocrx_word' id='word_1_490' title='bbox 1480 830 1556 853; x_wconf 85' lang='lat' dir='ltr'>vero</span> <span class='ocrx_word' id='word_1_491' title='bbox 1572 822 1613 854; x_wconf 87' lang='lat' dir='ltr'>ad</span> <span class='ocrx_word' id='word_1_492' title='bbox 1643 832 1744 855; x_wconf 91' lang='lat' dir='ltr'>unum</span> <span class='ocrx_word' id='word_1_493' title='bbox 1774 834 1888 858; x_wconf 91' lang='lat' dir='ltr'>omnes</span> <span class='ocrx_word' id='word_1_494' title='bbox 1913 826 1946 858; x_wconf 92' lang='lat' dir='ltr'>in</span> <span class='ocrx_word' id='word_1_495' title='bbox 1963 827 2148 860; x_wconf 80' lang='lat' dir='ltr'>Cithaerone</span> 
     </span>
     <span class='ocr_line' id='line_1_66' title="bbox 1121 877 2148 920; baseline 0.012 -14"><span class='ocrx_word' id='word_1_496' title='bbox 1121 877 1277 909; x_wconf 84' lang='lat' dir='ltr'>venantes</span> <span class='ocrx_word' id='word_1_497' title='bbox 1290 879 1403 919; x_wconf 86' lang='lat' dir='ltr'><strong>Apollo</strong></span> <span class='ocrx_word' id='word_1_498' title='bbox 1419 882 1548 914; x_wconf 90' lang='lat' dir='ltr'>occidit.</span> <span class='ocrx_word' id='word_1_499' title='bbox 1566 884 1739 916; x_wconf 77' lang='lat' dir='ltr'>⁸Servatus</span> <span class='ocrx_word' id='word_1_500' title='bbox 1756 886 1863 918; x_wconf 86' lang='lat' dir='ltr'>tamen</span> <span class='ocrx_word' id='word_1_501' title='bbox 1879 888 1929 918; x_wconf 90' lang='lat' dir='ltr'>est</span> <span class='ocrx_word' id='word_1_502' title='bbox 1946 895 1964 919; x_wconf 90' lang='lat' dir='ltr'>e</span> <span class='ocrx_word' id='word_1_503' title='bbox 1979 886 2053 919; x_wconf 88' lang='lat' dir='ltr'>filiis</span> <span class='ocrx_word' id='word_1_504' title='bbox 2075 889 2148 920; x_wconf 90' lang='lat' dir='ltr'>Am-</span> 
     </span>
     <span class='ocr_line' id='line_1_67' title="bbox 1121 937 2148 992; baseline 0.016 -23"><span class='ocrx_word' id='word_1_505' title='bbox 1121 937 1220 978; x_wconf 84' lang='lat' dir='ltr'>phion</span> <span class='ocrx_word' id='word_1_506' title='bbox 1244 942 1276 972; x_wconf 92' lang='lat' dir='ltr'>et</span> <span class='ocrx_word' id='word_1_507' title='bbox 1291 949 1309 973; x_wconf 93' lang='lat' dir='ltr'>e</span> <span class='ocrx_word' id='word_1_508' title='bbox 1331 941 1457 975; x_wconf 83' lang='lat' dir='ltr'>filiabus</span> <span class='ocrx_word' id='word_1_509' title='bbox 1479 944 1608 977; x_wconf 87' lang='lat' dir='ltr'>Chloris</span> <span class='ocrx_word' id='word_1_510' title='bbox 1624 948 1702 979; x_wconf 89' lang='lat' dir='ltr'>natu</span> <span class='ocrx_word' id='word_1_511' title='bbox 1726 949 1866 982; x_wconf 86' lang='lat' dir='ltr'>maxima</span> <span class='ocrx_word' id='word_1_512' title='bbox 1879 974 1888 990; x_wconf 95' lang='lat'>,</span> <span class='ocrx_word' id='word_1_513' title='bbox 1909 960 2008 992; x_wconf 89' lang='lat' dir='ltr'>quam</span> <span class='ocrx_word' id='word_1_514' title='bbox 2030 952 2148 984; x_wconf 83' lang='lat' dir='ltr'><strong>Neleus</strong></span> 
     </span>
     <span class='ocr_line' id='line_1_68' title="bbox 1121 1000 2147 1055; baseline 0.016 -23"><span class='ocrx_word' id='word_1_515' title='bbox 1121 1000 1216 1034; x_wconf 88' lang='lat' dir='ltr'>duxit</span> <span class='ocrx_word' id='word_1_516' title='bbox 1231 1012 1376 1036; x_wconf 81' lang='lat' dir='ltr'>uxorem.</span> <span class='ocrx_word' id='word_1_517' title='bbox 1390 1008 1509 1039; x_wconf 88' lang='lat' dir='ltr'>Verum</span> <span class='ocrx_word' id='word_1_518' title='bbox 1523 1008 1680 1042; x_wconf 88' lang='lat' dir='ltr'>Telesillae</span> <span class='ocrx_word' id='word_1_519' title='bbox 1692 1012 1878 1044; x_wconf 87' lang='lat' dir='ltr'>testimonio</span> <span class='ocrx_word' id='word_1_520' title='bbox 1886 1014 2035 1055; x_wconf 82' lang='lat' dir='ltr'><strong>Amyclas</strong></span> <span class='ocrx_word' id='word_1_521' title='bbox 2045 1017 2147 1048; x_wconf 90' lang='lat' dir='ltr'>etMe·</span> 
     </span>
     <span class='ocr_line' id='line_1_69' title="bbox 1120 1065 2147 1120; baseline 0.014 -22"><span class='ocrx_word' id='word_1_522' title='bbox 1120 1065 1217 1099; x_wconf 83' lang='lat' dir='ltr'>liboea</span> <span class='ocrx_word' id='word_1_523' title='bbox 1230 1068 1360 1102; x_wconf 84' lang='lat' dir='ltr'>fuerunt</span> <span class='ocrx_word' id='word_1_524' title='bbox 1373 1073 1575 1113; x_wconf 83' lang='lat' dir='ltr'>superstiteS‚</span> <span class='ocrx_word' id='word_1_525' title='bbox 1588 1077 1700 1107; x_wconf 88' lang='lat' dir='ltr'>contra</span> <span class='ocrx_word' id='word_1_526' title='bbox 1716 1077 1834 1109; x_wconf 89' lang='lat' dir='ltr'>Zethus</span> <span class='ocrx_word' id='word_1_527' title='bbox 1850 1079 1881 1109; x_wconf 90' lang='lat' dir='ltr'>et</span> <span class='ocrx_word' id='word_1_528' title='bbox 1894 1079 2056 1120; x_wconf 86' lang='lat' dir='ltr'>Amphion</span> <span class='ocrx_word' id='word_1_529' title='bbox 2073 1080 2147 1112; x_wconf 91' lang='lat' dir='ltr'>deo-</span> 
     </span>
     <span class='ocr_line' id='line_1_70' title="bbox 1121 1134 2147 1182; baseline 0.014 -21"><span class='ocrx_word' id='word_1_530' title='bbox 1121 1139 1192 1162; x_wconf 90' lang='lat' dir='ltr'>rum</span> <span class='ocrx_word' id='word_1_531' title='bbox 1208 1134 1334 1174; x_wconf 83' lang='lat' dir='ltr'>sagittis</span> <span class='ocrx_word' id='word_1_532' title='bbox 1348 1136 1495 1169; x_wconf 80' lang='lat' dir='ltr'>transfixi</span> <span class='ocrx_word' id='word_1_533' title='bbox 1510 1137 1684 1178; x_wconf 85' lang='lat' dir='ltr'>perierunt.</span> <span class='ocrx_word' id='word_1_534' title='bbox 1706 1142 1797 1181; x_wconf 80' lang='lat' dir='ltr'>⁶1psa</span> <span class='ocrx_word' id='word_1_535' title='bbox 1813 1149 1891 1172; x_wconf 90' lang='lat' dir='ltr'>vero</span> <span class='ocrx_word' id='word_1_536' title='bbox 1906 1141 2017 1182; x_wconf 85' lang='lat' dir='ltr'>Niobe,</span> <span class='ocrx_word' id='word_1_537' title='bbox 2029 1142 2147 1175; x_wconf 88' lang='lat' dir='ltr'>Thebis</span> 
     </span>
     <span class='ocr_line' id='line_1_71' title="bbox 1120 1195 2147 1246; baseline 0.012 -20"><span class='ocrx_word' id='word_1_538' title='bbox 1120 1195 1240 1229; x_wconf 88' lang='lat' dir='ltr'>relictis</span> <span class='ocrx_word' id='word_1_539' title='bbox 1250 1197 1291 1229; x_wconf 90' lang='lat' dir='ltr'>ad</span> <span class='ocrx_word' id='word_1_540' title='bbox 1308 1200 1478 1233; x_wconf 81' lang='lat' dir='ltr'>Tantalum</span> <span class='ocrx_word' id='word_1_541' title='bbox 1496 1204 1618 1243; x_wconf 86' lang='lat' dir='ltr'>patrem</span> <span class='ocrx_word' id='word_1_542' title='bbox 1634 1204 1724 1236; x_wconf 87' lang='lat' dir='ltr'>venit</span> <span class='ocrx_word' id='word_1_543' title='bbox 1748 1204 1780 1236; x_wconf 93' lang='lat' dir='ltr'>in</span> <span class='ocrx_word' id='word_1_544' title='bbox 1800 1204 1958 1246; x_wconf 86' lang='lat' dir='ltr'>Sipylum,</span> <span class='ocrx_word' id='word_1_545' title='bbox 1974 1205 2083 1246; x_wconf 83' lang='lat' dir='ltr'>ibique</span> <span class='ocrx_word' id='word_1_546' title='bbox 2093 1208 2147 1238; x_wconf 89' lang='lat' dir='ltr'>Jo-</span> 
     </span>
     <span class='ocr_line' id='line_1_72' title="bbox 1120 1266 2149 1312; baseline 0.011 -19"><span class='ocrx_word' id='word_1_547' title='bbox 1120 1271 1193 1294; x_wconf 87' lang='lat' dir='ltr'>vem</span> <span class='ocrx_word' id='word_1_548' title='bbox 1208 1267 1336 1305; x_wconf 88' lang='lat' dir='ltr'>precata</span> <span class='ocrx_word' id='word_1_549' title='bbox 1351 1266 1385 1298; x_wconf 90' lang='lat' dir='ltr'>in</span> <span class='ocrx_word' id='word_1_550' title='bbox 1401 1276 1517 1300; x_wconf 86' lang='lat' dir='ltr'>saxum</span> <span class='ocrx_word' id='word_1_551' title='bbox 1536 1272 1734 1302; x_wconf 88' lang='lat' dir='ltr'>commutata</span> <span class='ocrx_word' id='word_1_552' title='bbox 1749 1272 1810 1311; x_wconf 90' lang='lat' dir='ltr'>est,</span> <span class='ocrx_word' id='word_1_553' title='bbox 1829 1272 1925 1312; x_wconf 91' lang='lat' dir='ltr'>atque</span> <span class='ocrx_word' id='word_1_554' title='bbox 1941 1271 2082 1304; x_wconf 73' lang='lat' dir='ltr'>lacrimae</span> <span class='ocrx_word' id='word_1_555' title='bbox 2098 1281 2149 1303; x_wconf 87' lang='lat' dir='ltr'>no-</span> 
     </span>
     <span class='ocr_line' id='line_1_73' title="bbox 1119 1327 1747 1374; baseline 0.018 -18"><span class='ocrx_word' id='word_1_556' title='bbox 1119 1327 1174 1357; x_wconf 88' lang='lat' dir='ltr'>ctu</span> <span class='ocrx_word' id='word_1_557' title='bbox 1192 1329 1225 1359; x_wconf 91' lang='lat' dir='ltr'>et</span> <span class='ocrx_word' id='word_1_558' title='bbox 1243 1328 1384 1362; x_wconf 87' lang='lat' dir='ltr'>interdiu</span> <span class='ocrx_word' id='word_1_559' title='bbox 1402 1331 1442 1363; x_wconf 89' lang='lat' dir='ltr'>de</span> <span class='ocrx_word' id='word_1_560' title='bbox 1465 1332 1571 1374; x_wconf 91' lang='lat' dir='ltr'>lapide</span> <span class='ocrx_word' id='word_1_561' title='bbox 1588 1334 1747 1367; x_wconf 84' lang='lat' dir='ltr'>defluunt.</span> 
     </span>
    </p>

    <p class='ocr_par' dir='ltr' id='par_1_8' title="bbox 1106 1390 2148 2686">
     <span class='ocr_line' id='line_1_74' title="bbox 1161 1390 2147 1439; baseline 0.008 -17"><span class='ocrx_word' id='word_1_562' title='bbox 1161 1390 1205 1430; x_wconf 88' lang='lat'>(7)</span> <span class='ocrx_word' id='word_1_563' title='bbox 1230 1393 1306 1424; x_wconf 89' lang='lat' dir='ltr'>Post</span> <span class='ocrx_word' id='word_1_564' title='bbox 1330 1395 1545 1436; x_wconf 82' lang='lat' dir='ltr'>Amphionem</span> <span class='ocrx_word' id='word_1_565' title='bbox 1569 1398 1636 1430; x_wconf 91' lang='lat' dir='ltr'>vita</span> <span class='ocrx_word' id='word_1_566' title='bbox 1656 1398 1847 1430; x_wconf 85' lang='lat' dir='ltr'>defunctum</span> <span class='ocrx_word' id='word_1_567' title='bbox 1885 1399 1985 1431; x_wconf 88' lang='lat' dir='ltr'>Laius</span> <span class='ocrx_word' id='word_1_568' title='bbox 2013 1407 2147 1439; x_wconf 86' lang='lat' dir='ltr'>regnum</span> 
     </span>
     <span class='ocr_line' id='line_1_75' title="bbox 1119 1451 2148 1499; baseline 0.011 -19"><span class='ocrx_word' id='word_1_569' title='bbox 1119 1452 1272 1491; x_wconf 86' lang='lat' dir='ltr'>suscepit.</span> <span class='ocrx_word' id='word_1_570' title='bbox 1293 1451 1353 1485; x_wconf 92' lang='lat' dir='ltr'>Hic</span> <span class='ocrx_word' id='word_1_571' title='bbox 1364 1477 1373 1493; x_wconf 92' lang='lat'>,</span> <span class='ocrx_word' id='word_1_572' title='bbox 1394 1454 1492 1488; x_wconf 91' lang='lat' dir='ltr'>ducta</span> <span class='ocrx_word' id='word_1_573' title='bbox 1508 1457 1662 1490; x_wconf 88' lang='lat' dir='ltr'>Menoecei</span> <span class='ocrx_word' id='word_1_574' title='bbox 1678 1457 1741 1490; x_wconf 85' lang='lat' dir='ltr'>filia</span> <span class='ocrx_word' id='word_1_575' title='bbox 1755 1481 1763 1497; x_wconf 91' lang='lat'>,</span> <span class='ocrx_word' id='word_1_576' title='bbox 1781 1467 1877 1499; x_wconf 86' lang='lat' dir='ltr'>quam</span> <span class='ocrx_word' id='word_1_577' title='bbox 1895 1458 2043 1491; x_wconf 90' lang='lat' dir='ltr'>nonnulli</span> <span class='ocrx_word' id='word_1_578' title='bbox 2063 1461 2148 1491; x_wconf 87' lang='lat' dir='ltr'>Ioca-</span> 
     </span>
     <span class='ocr_line' id='line_1_76' title="bbox 1119 1508 2148 1557; baseline 0.012 -19"><span class='ocrx_word' id='word_1_579' title='bbox 1119 1508 1212 1543; x_wconf 89' lang='lat' dir='ltr'>stam,</span> <span class='ocrx_word' id='word_1_580' title='bbox 1229 1509 1282 1542; x_wconf 88' lang='lat' dir='ltr'>alii</span> <span class='ocrx_word' id='word_1_581' title='bbox 1294 1512 1481 1553; x_wconf 84' lang='lat' dir='ltr'>Epicastam</span> <span class='ocrx_word' id='word_1_582' title='bbox 1495 1516 1675 1557; x_wconf 89' lang='lat' dir='ltr'>nominant,</span> <span class='ocrx_word' id='word_1_583' title='bbox 1697 1517 1850 1550; x_wconf 79' lang='lat' dir='ltr'>2oraoulo</span> <span class='ocrx_word' id='word_1_584' title='bbox 1869 1518 2013 1550; x_wconf 89' lang='lat' dir='ltr'>monitus</span> <span class='ocrx_word' id='word_1_585' title='bbox 2029 1520 2090 1557; x_wconf 86' lang='lat' dir='ltr'>est,</span> <span class='ocrx_word' id='word_1_586' title='bbox 2107 1527 2148 1550; x_wconf 90' lang='lat' dir='ltr'>ne</span> 
     </span>
     <span class='ocr_line' id='line_1_77' title="bbox 1118 1566 2148 1618; baseline 0.012 -20"><span class='ocrx_word' id='word_1_587' title='bbox 1118 1566 1200 1600; x_wconf 85' lang='lat' dir='ltr'>filios</span> <span class='ocrx_word' id='word_1_588' title='bbox 1216 1569 1367 1612; x_wconf 85' lang='lat' dir='ltr'>gigneret,</span> <span class='ocrx_word' id='word_1_589' title='bbox 1386 1574 1472 1614; x_wconf 91' lang='lat' dir='ltr'>quod</span> <span class='ocrx_word' id='word_1_590' title='bbox 1490 1576 1547 1616; x_wconf 90' lang='lat' dir='ltr'>qui</span> <span class='ocrx_word' id='word_1_591' title='bbox 1569 1579 1757 1615; x_wconf 86' lang='lat' dir='ltr'>nasceretur</span> <span class='ocrx_word' id='word_1_592' title='bbox 1772 1577 1928 1618; x_wconf 87' lang='lat' dir='ltr'>patricida</span> <span class='ocrx_word' id='word_1_593' title='bbox 1950 1577 2082 1609; x_wconf 78' lang='lat' dir='ltr'>futurus</span> <span class='ocrx_word' id='word_1_594' title='bbox 2101 1586 2148 1610; x_wconf 91' lang='lat' dir='ltr'>es·</span> 
     </span>
     <span class='ocr_line' id='line_1_78' title="bbox 1117 1628 2146 1676; baseline 0.014 -19"><span class='ocrx_word' id='word_1_595' title='bbox 1117 1628 1176 1658; x_wconf 89' lang='lat' dir='ltr'>set.</span> <span class='ocrx_word' id='word_1_596' title='bbox 1192 1628 1407 1663; x_wconf 90' lang='lat' dir='ltr'>Nihilominus</span> <span class='ocrx_word' id='word_1_597' title='bbox 1420 1635 1529 1665; x_wconf 84' lang='lat' dir='ltr'>autem</span> <span class='ocrx_word' id='word_1_598' title='bbox 1545 1643 1602 1676; x_wconf 90' lang='lat' dir='ltr'>per</span> <span class='ocrx_word' id='word_1_599' title='bbox 1617 1635 1805 1669; x_wconf 88' lang='lat' dir='ltr'>ebrietatem</span> <span class='ocrx_word' id='word_1_600' title='bbox 1820 1645 1895 1669; x_wconf 90' lang='lat' dir='ltr'>cum</span> <span class='ocrx_word' id='word_1_601' title='bbox 1915 1646 2017 1670; x_wconf 90' lang='lat' dir='ltr'>uxore</span> <span class='ocrx_word' id='word_1_602' title='bbox 2031 1646 2146 1670; x_wconf 91' lang='lat' dir='ltr'>concu-</span> 
     </span>
     <span class='ocr_line' id='line_1_79' title="bbox 1117 1686 2146 1737; baseline 0.011 -19"><span class='ocrx_word' id='word_1_603' title='bbox 1117 1686 1198 1728; x_wconf 87' lang='lat' dir='ltr'>buit,</span> <span class='ocrx_word' id='word_1_604' title='bbox 1217 1690 1315 1731; x_wconf 84' lang='lat' dir='ltr'>atque</span> <span class='ocrx_word' id='word_1_605' title='bbox 1328 1700 1368 1723; x_wconf 87' lang='lat' dir='ltr'>ex</span> <span class='ocrx_word' id='word_1_606' title='bbox 1384 1701 1421 1724; x_wconf 91' lang='lat' dir='ltr'>ea</span> <span class='ocrx_word' id='word_1_607' title='bbox 1437 1696 1551 1725; x_wconf 87' lang='lat' dir='ltr'>natum</span> <span class='ocrx_word' id='word_1_608' title='bbox 1585 1694 1753 1735; x_wconf 82' lang='lat' dir='ltr'>infantem,</span> <span class='ocrx_word' id='word_1_609' title='bbox 1769 1695 1843 1728; x_wconf 84' lang='lat' dir='ltr'>talis</span> <span class='ocrx_word' id='word_1_610' title='bbox 1859 1697 1929 1737; x_wconf 88' lang='lat' dir='ltr'>ejus</span> <span class='ocrx_word' id='word_1_611' title='bbox 1941 1695 2041 1728; x_wconf 86' lang='lat' dir='ltr'>fibula</span> <span class='ocrx_word' id='word_1_612' title='bbox 2054 1697 2146 1737; x_wconf 84' lang='lat' dir='ltr'>traje-</span> 
     </span>
     <span class='ocr_line' id='line_1_80' title="bbox 1116 1747 2146 1796; baseline 0.007 -17"><span class='ocrx_word' id='word_1_613' title='bbox 1116 1747 1190 1787; x_wconf 85' lang='lat' dir='ltr'>ctis,</span> <span class='ocrx_word' id='word_1_614' title='bbox 1203 1750 1325 1790; x_wconf 87' lang='lat' dir='ltr'>pastori</span> <span class='ocrx_word' id='word_1_615' title='bbox 1338 1751 1673 1794; x_wconf 86' lang='lat' dir='ltr'>deditexponendum.</span> <span class='ocrx_word' id='word_1_616' title='bbox 1684 1757 1741 1786; x_wconf 72' lang='lat' dir='ltr'>³At</span> <span class='ocrx_word' id='word_1_617' title='bbox 1750 1755 1803 1787; x_wconf 87' lang='lat' dir='ltr'>hic</span> <span class='ocrx_word' id='word_1_618' title='bbox 1815 1755 1946 1796; x_wconf 85' lang='lat' dir='ltr'>quidem</span> <span class='ocrx_word' id='word_1_619' title='bbox 1960 1764 2098 1796; x_wconf 89' lang='lat' dir='ltr'>puerum</span> <span class='ocrx_word' id='word_1_620' title='bbox 2113 1755 2146 1787; x_wconf 89' lang='lat' dir='ltr'>in</span> 
     </span>
     <span class='ocr_line' id='line_1_81' title="bbox 1116 1805 2145 1855; baseline 0.01 -19"><span class='ocrx_word' id='word_1_621' title='bbox 1116 1805 1299 1840; x_wconf 82' lang='lat' dir='ltr'>Cithaerone</span> <span class='ocrx_word' id='word_1_622' title='bbox 1316 1814 1425 1842; x_wconf 80' lang='lat' dir='ltr'>monte</span> <span class='ocrx_word' id='word_1_623' title='bbox 1437 1811 1598 1853; x_wconf 82' lang='lat' dir='ltr'>exposuit3</span> <span class='ocrx_word' id='word_1_624' title='bbox 1614 1812 1726 1855; x_wconf 86' lang='lat' dir='ltr'>Polybi</span> <span class='ocrx_word' id='word_1_625' title='bbox 1745 1822 1823 1846; x_wconf 89' lang='lat' dir='ltr'>vero</span> <span class='ocrx_word' id='word_1_626' title='bbox 1842 1813 2084 1846; x_wconf 84' lang='lat' dir='ltr'>Corinthiorum</span> <span class='ocrx_word' id='word_1_627' title='bbox 2100 1823 2145 1846; x_wconf 90' lang='lat' dir='ltr'>re-</span> 
     </span>
     <span class='ocr_line' id='line_1_82' title="bbox 1115 1864 2145 1909; baseline 0.009 -13"><span class='ocrx_word' id='word_1_628' title='bbox 1115 1864 1163 1905; x_wconf 85' lang='lat' dir='ltr'>gis</span> <span class='ocrx_word' id='word_1_629' title='bbox 1179 1864 1312 1899; x_wconf 87' lang='lat' dir='ltr'>bubulci</span> <span class='ocrx_word' id='word_1_630' title='bbox 1322 1872 1484 1909; x_wconf 87' lang='lat' dir='ltr'>repertum</span> <span class='ocrx_word' id='word_1_631' title='bbox 1496 1870 1651 1902; x_wconf 80' lang='lat' dir='ltr'>infantem</span> <span class='ocrx_word' id='word_1_632' title='bbox 1664 1872 1705 1904; x_wconf 93' lang='lat' dir='ltr'>ad</span> <span class='ocrx_word' id='word_1_633' title='bbox 1714 1872 1894 1904; x_wconf 88' lang='lat' dir='ltr'>Periboeam</span> <span class='ocrx_word' id='word_1_634' title='bbox 1909 1872 1996 1904; x_wconf 88' lang='lat' dir='ltr'>illius</span> <span class='ocrx_word' id='word_1_635' title='bbox 2012 1882 2145 1905; x_wconf 87' lang='lat' dir='ltr'>uxorem</span> 
     </span>
     <span class='ocr_line' id='line_1_83' title="bbox 1114 1922 2143 1973; baseline 0.011 -20"><span class='ocrx_word' id='word_1_636' title='bbox 1114 1922 1276 1964; x_wconf 89' lang='lat' dir='ltr'>tulerunt;</span> <span class='ocrx_word' id='word_1_637' title='bbox 1296 1934 1371 1966; x_wconf 87' lang='lat' dir='ltr'>quae</span> <span class='ocrx_word' id='word_1_638' title='bbox 1384 1930 1568 1960; x_wconf 88' lang='lat' dir='ltr'>assumtum</span> <span class='ocrx_word' id='word_1_639' title='bbox 1584 1938 1723 1970; x_wconf 90' lang='lat' dir='ltr'>puerum</span> <span class='ocrx_word' id='word_1_640' title='bbox 1760 1931 1851 1965; x_wconf 90' lang='lat' dir='ltr'>velut</span> <span class='ocrx_word' id='word_1_641' title='bbox 1882 1932 2049 1973; x_wconf 89' lang='lat' dir='ltr'>proprium</span> <span class='ocrx_word' id='word_1_642' title='bbox 2081 1933 2143 1969; x_wconf 85' lang='lat' dir='ltr'>sibi</span> 
     </span>
     <span class='ocr_line' id='line_1_84' title="bbox 1115 1983 2143 2032; baseline 0.009 -18"><span class='ocrx_word' id='word_1_643' title='bbox 1115 1983 1279 2024; x_wconf 90' lang='lat' dir='ltr'>supponit,</span> <span class='ocrx_word' id='word_1_644' title='bbox 1296 1994 1451 2027; x_wconf 89' lang='lat' dir='ltr'>eumque,</span> <span class='ocrx_word' id='word_1_645' title='bbox 1469 1988 1590 2021; x_wconf 89' lang='lat' dir='ltr'>curatis</span> <span class='ocrx_word' id='word_1_646' title='bbox 1600 1989 1749 2030; x_wconf 87' lang='lat' dir='ltr'>pedibus,</span> <span class='ocrx_word' id='word_1_647' title='bbox 1764 1994 1895 2032; x_wconf 88' lang='lat' dir='ltr'>propter</span> <span class='ocrx_word' id='word_1_648' title='bbox 1910 2000 2022 2024; x_wconf 84' lang='lat' dir='ltr'>eorum</span> <span class='ocrx_word' id='word_1_649' title='bbox 2039 1994 2143 2023; x_wconf 87' lang='lat' dir='ltr'>tumo-</span> 
     </span>
     <span class='ocr_line' id='line_1_85' title="bbox 1114 2042 2143 2091; baseline 0.011 -19"><span class='ocrx_word' id='word_1_650' title='bbox 1114 2050 1182 2073; x_wconf 89' lang='lat' dir='ltr'>rem</span> <span class='ocrx_word' id='word_1_651' title='bbox 1193 2042 1338 2075; x_wconf 91' lang='lat' dir='ltr'>nominat</span> <span class='ocrx_word' id='word_1_652' title='bbox 1349 2045 1518 2087; x_wconf 90' lang='lat' dir='ltr'>OEdipum.</span> <span class='ocrx_word' id='word_1_653' title='bbox 1533 2047 1670 2080; x_wconf 85' lang='lat' dir='ltr'>⁴Adulto</span> <span class='ocrx_word' id='word_1_654' title='bbox 1676 2058 1776 2090; x_wconf 85' lang='lat' dir='ltr'>puero</span> <span class='ocrx_word' id='word_1_655' title='bbox 1788 2052 1819 2082; x_wconf 90' lang='lat' dir='ltr'>et</span> <span class='ocrx_word' id='word_1_656' title='bbox 1834 2050 1949 2082; x_wconf 90' lang='lat' dir='ltr'>robore</span> <span class='ocrx_word' id='word_1_657' title='bbox 1962 2050 2143 2091; x_wconf 86' lang='lat' dir='ltr'>aequalibus</span> 
     </span>
     <span class='ocr_line' id='line_1_86' title="bbox 1114 2102 2143 2151; baseline 0.009 -18"><span class='ocrx_word' id='word_1_658' title='bbox 1114 2102 1323 2135; x_wconf 88' lang='lat' dir='ltr'>antecellente</span> <span class='ocrx_word' id='word_1_659' title='bbox 1335 2104 1377 2136; x_wconf 92' lang='lat' dir='ltr'>ob</span> <span class='ocrx_word' id='word_1_660' title='bbox 1388 2104 1543 2138; x_wconf 90' lang='lat' dir='ltr'>invidiam</span> <span class='ocrx_word' id='word_1_661' title='bbox 1554 2104 2022 2150; x_wconf 85' lang='lat' dir='ltr'>contumeliosesupposititius</span> <span class='ocrx_word' id='word_1_662' title='bbox 2038 2110 2143 2151; x_wconf 88' lang='lat' dir='ltr'>appel-</span> 
     </span>
     <span class='ocr_line' id='line_1_87' title="bbox 1113 2162 2143 2210; baseline 0.007 -16"><span class='ocrx_word' id='word_1_663' title='bbox 1113 2162 1251 2196; x_wconf 84' lang='lat' dir='ltr'>labatur.</span> <span class='ocrx_word' id='word_1_664' title='bbox 1266 2165 1351 2203; x_wconf 73' lang='lat' dir='ltr'>⁵Qui</span> <span class='ocrx_word' id='word_1_665' title='bbox 1367 2174 1467 2206; x_wconf 91' lang='lat' dir='ltr'>quum</span> <span class='ocrx_word' id='word_1_666' title='bbox 1487 2176 1528 2199; x_wconf 89' lang='lat' dir='ltr'>ex</span> <span class='ocrx_word' id='word_1_667' title='bbox 1553 2167 1700 2200; x_wconf 87' lang='lat' dir='ltr'>Periboea</span> <span class='ocrx_word' id='word_1_668' title='bbox 1714 2168 1746 2200; x_wconf 91' lang='lat' dir='ltr'>id</span> <span class='ocrx_word' id='word_1_669' title='bbox 1764 2171 1934 2210; x_wconf 88' lang='lat' dir='ltr'>quaereret,</span> <span class='ocrx_word' id='word_1_670' title='bbox 1948 2178 2008 2201; x_wconf 91' lang='lat' dir='ltr'>nec</span> <span class='ocrx_word' id='word_1_671' title='bbox 2023 2169 2143 2201; x_wconf 88' lang='lat' dir='ltr'>certius</span> 
     </span>
     <span class='ocr_line' id='line_1_88' title="bbox 1112 2224 2142 2269; baseline 0.004 -14"><span class='ocrx_word' id='word_1_672' title='bbox 1112 2224 1235 2265; x_wconf 86' lang='lat' dir='ltr'>aliquid</span> <span class='ocrx_word' id='word_1_673' title='bbox 1244 2227 1353 2266; x_wconf 88' lang='lat' dir='ltr'>posset</span> <span class='ocrx_word' id='word_1_674' title='bbox 1367 2226 1557 2267; x_wconf 88' lang='lat' dir='ltr'>comperire,</span> <span class='ocrx_word' id='word_1_675' title='bbox 1567 2228 1710 2269; x_wconf 88' lang='lat' dir='ltr'>Delphos</span> <span class='ocrx_word' id='word_1_676' title='bbox 1722 2228 1886 2269; x_wconf 78' lang='lat' dir='ltr'>profectus</span> <span class='ocrx_word' id='word_1_677' title='bbox 1903 2227 1942 2260; x_wconf 87' lang='lat' dir='ltr'>de</span> <span class='ocrx_word' id='word_1_678' title='bbox 1955 2228 2142 2269; x_wconf 88' lang='lat' dir='ltr'>parentibus</span> 
     </span>
     <span class='ocr_line' id='line_1_89' title="bbox 1113 2283 2139 2328; baseline 0.005 -15"><span class='ocrx_word' id='word_1_679' title='bbox 1113 2283 1182 2314; x_wconf 90' lang='lat' dir='ltr'>suis</span> <span class='ocrx_word' id='word_1_680' title='bbox 1202 2283 1383 2317; x_wconf 87' lang='lat' dir='ltr'>sciscitatus</span> <span class='ocrx_word' id='word_1_681' title='bbox 1399 2288 1460 2317; x_wconf 87' lang='lat' dir='ltr'>est.</span> <span class='ocrx_word' id='word_1_682' title='bbox 1476 2286 1590 2318; x_wconf 67' lang='lat' dir='ltr'>enixit</span> <span class='ocrx_word' id='word_1_683' title='bbox 1604 2287 1633 2319; x_wconf 92' lang='lat' dir='ltr'>ei</span> <span class='ocrx_word' id='word_1_684' title='bbox 1646 2286 1740 2326; x_wconf 90' lang='lat' dir='ltr'>deus,</span> <span class='ocrx_word' id='word_1_685' title='bbox 1753 2295 1794 2319; x_wconf 91' lang='lat' dir='ltr'>ne</span> <span class='ocrx_word' id='word_1_686' title='bbox 1806 2287 1837 2319; x_wconf 91' lang='lat' dir='ltr'>in</span> <span class='ocrx_word' id='word_1_687' title='bbox 1853 2286 1991 2328; x_wconf 87' lang='lat' dir='ltr'>patriam</span> <span class='ocrx_word' id='word_1_688' title='bbox 2007 2286 2139 2326; x_wconf 87' lang='lat' dir='ltr'>rediret,</span> 
     </span>
     <span class='ocr_line' id='line_1_90' title="bbox 1112 2342 2142 2385; baseline 0.004 -11"><span class='ocrx_word' id='word_1_689' title='bbox 1112 2342 1233 2383; x_wconf 85' lang='lat' dir='ltr'>quippe</span> <span class='ocrx_word' id='word_1_690' title='bbox 1252 2344 1308 2384; x_wconf 88' lang='lat' dir='ltr'>qui</span> <span class='ocrx_word' id='word_1_691' title='bbox 1324 2344 1408 2385; x_wconf 87' lang='lat' dir='ltr'>patri</span> <span class='ocrx_word' id='word_1_692' title='bbox 1427 2345 1550 2378; x_wconf 87' lang='lat' dir='ltr'>caedem</span> <span class='ocrx_word' id='word_1_693' title='bbox 1567 2346 1715 2379; x_wconf 86' lang='lat' dir='ltr'>illaturus</span> <span class='ocrx_word' id='word_1_694' title='bbox 1732 2349 1764 2379; x_wconf 90' lang='lat' dir='ltr'>et</span> <span class='ocrx_word' id='word_1_695' title='bbox 1780 2355 1848 2379; x_wconf 90' lang='lat' dir='ltr'>rem</span> <span class='ocrx_word' id='word_1_696' title='bbox 1869 2346 2039 2379; x_wconf 84' lang='lat' dir='ltr'>habiturus</span> <span class='ocrx_word' id='word_1_697' title='bbox 2055 2349 2142 2379; x_wconf 84' lang='lat' dir='ltr'>esset</span> 
     </span>
     <span class='ocr_line' id='line_1_91' title="bbox 1112 2405 2140 2448; baseline 0.002 -14"><span class='ocrx_word' id='word_1_698' title='bbox 1112 2411 1187 2434; x_wconf 91' lang='lat' dir='ltr'>cum</span> <span class='ocrx_word' id='word_1_699' title='bbox 1202 2405 1315 2436; x_wconf 85' lang='lat' dir='ltr'>matre.</span> <span class='ocrx_word' id='word_1_700' title='bbox 1335 2405 1462 2443; x_wconf 85' lang='lat' dir='ltr'>Quibus</span> <span class='ocrx_word' id='word_1_701' title='bbox 1475 2406 1607 2446; x_wconf 89' lang='lat' dir='ltr'>auditis,</span> <span class='ocrx_word' id='word_1_702' title='bbox 1624 2408 1741 2448; x_wconf 86' lang='lat' dir='ltr'>putans</span> <span class='ocrx_word' id='word_1_703' title='bbox 1758 2415 1793 2439; x_wconf 91' lang='lat' dir='ltr'>se</span> <span class='ocrx_word' id='word_1_704' title='bbox 1806 2415 1847 2438; x_wconf 81' lang='lat' dir='ltr'>ex</span> <span class='ocrx_word' id='word_1_705' title='bbox 1862 2405 1902 2437; x_wconf 87' lang='lat' dir='ltr'>iis</span> <span class='ocrx_word' id='word_1_706' title='bbox 1919 2405 1975 2447; x_wconf 91' lang='lat' dir='ltr'>qui</span> <span class='ocrx_word' id='word_1_707' title='bbox 1991 2405 2140 2437; x_wconf 89' lang='lat' dir='ltr'>diceban-</span> 
     </span>
     <span class='ocr_line' id='line_1_92' title="bbox 1111 2464 2136 2506; baseline 0 -10"><span class='ocrx_word' id='word_1_708' title='bbox 1111 2464 1166 2496; x_wconf 90' lang='lat' dir='ltr'>tur</span> <span class='ocrx_word' id='word_1_709' title='bbox 1177 2465 1364 2505; x_wconf 84' lang='lat' dir='ltr'>parentibus</span> <span class='ocrx_word' id='word_1_710' title='bbox 1382 2466 1496 2498; x_wconf 83' lang='lat' dir='ltr'>natum</span> <span class='ocrx_word' id='word_1_711' title='bbox 1511 2474 1581 2498; x_wconf 83' lang='lat' dir='ltr'>esse</span> <span class='ocrx_word' id='word_1_712' title='bbox 1593 2490 1601 2506; x_wconf 96' lang='lat'>,</span> <span class='ocrx_word' id='word_1_713' title='bbox 1619 2466 1814 2498; x_wconf 85' lang='lat' dir='ltr'>Corinthum</span> <span class='ocrx_word' id='word_1_714' title='bbox 1833 2474 1898 2497; x_wconf 89' lang='lat' dir='ltr'>non</span> <span class='ocrx_word' id='word_1_715' title='bbox 1914 2467 1963 2497; x_wconf 88' lang='lat' dir='ltr'>est</span> <span class='ocrx_word' id='word_1_716' title='bbox 1979 2473 2136 2497; x_wconf 90' lang='lat' dir='ltr'>reversus.</span> 
     </span>
     <span class='ocr_line' id='line_1_93' title="bbox 1112 2524 2139 2567; baseline 0.002 -11"><span class='ocrx_word' id='word_1_717' title='bbox 1112 2525 1125 2544; x_wconf 93' lang='lat'>⁷</span> <span class='ocrx_word' id='word_1_718' title='bbox 1136 2524 1197 2556; x_wconf 88' lang='lat' dir='ltr'>Sed</span> <span class='ocrx_word' id='word_1_719' title='bbox 1211 2524 1291 2557; x_wconf 87' lang='lat' dir='ltr'>dum</span> <span class='ocrx_word' id='word_1_720' title='bbox 1307 2533 1405 2557; x_wconf 88' lang='lat' dir='ltr'>curru</span> <span class='ocrx_word' id='word_1_721' title='bbox 1420 2525 1550 2557; x_wconf 90' lang='lat' dir='ltr'>vehitur</span> <span class='ocrx_word' id='word_1_722' title='bbox 1564 2535 1622 2567; x_wconf 90' lang='lat' dir='ltr'>per</span> <span class='ocrx_word' id='word_1_723' title='bbox 1634 2527 1818 2566; x_wconf 85' lang='lat' dir='ltr'>Phocidem,</span> <span class='ocrx_word' id='word_1_724' title='bbox 1831 2527 1960 2558; x_wconf 90' lang='lat' dir='ltr'>obviam</span> <span class='ocrx_word' id='word_1_725' title='bbox 1977 2527 2080 2558; x_wconf 85' lang='lat' dir='ltr'>factus</span> <span class='ocrx_word' id='word_1_726' title='bbox 2090 2529 2139 2559; x_wconf 87' lang='lat' dir='ltr'>est</span> 
     </span>
     <span class='ocr_line' id='line_1_94' title="bbox 1110 2584 2137 2627; baseline 0.003 -12"><span class='ocrx_word' id='word_1_727' title='bbox 1110 2584 1187 2616; x_wconf 83' lang='lat' dir='ltr'>Laio</span> <span class='ocrx_word' id='word_1_728' title='bbox 1206 2585 1352 2617; x_wconf 89' lang='lat' dir='ltr'>vehiculo</span> <span class='ocrx_word' id='word_1_729' title='bbox 1369 2585 1476 2625; x_wconf 90' lang='lat' dir='ltr'>eunti,</span> <span class='ocrx_word' id='word_1_730' title='bbox 1502 2588 1534 2618; x_wconf 83' lang='lat' dir='ltr'>et</span> <span class='ocrx_word' id='word_1_731' title='bbox 1549 2586 1760 2627; x_wconf 84' lang='lat' dir='ltr'>Polyphontae</span> <span class='ocrx_word' id='word_1_732' title='bbox 1778 2586 1863 2617; x_wconf 89' lang='lat' dir='ltr'>illius</span> <span class='ocrx_word' id='word_1_733' title='bbox 1888 2585 2039 2626; x_wconf 87' lang='lat' dir='ltr'>praeconi.</span> <span class='ocrx_word' id='word_1_734' title='bbox 2063 2587 2137 2623; x_wconf 88' lang='lat' dir='ltr'>Quo</span> 
     </span>
     <span class='ocr_line' id='line_1_95' title="bbox 1106 2643 2131 2686; baseline 0 -11"><span class='ocrx_word' id='word_1_735' title='bbox 1106 2643 1240 2684; x_wconf 86' lang='lat' dir='ltr'>jubente</span> <span class='ocrx_word' id='word_1_736' title='bbox 1253 2648 1289 2677; x_wconf 80' lang='lat' dir='ltr'>ut</span> <span class='ocrx_word' id='word_1_737' title='bbox 1304 2645 1344 2677; x_wconf 90' lang='lat' dir='ltr'>de</span> <span class='ocrx_word' id='word_1_738' title='bbox 1355 2645 1410 2677; x_wconf 88' lang='lat' dir='ltr'>via</span> <span class='ocrx_word' id='word_1_739' title='bbox 1425 2644 1564 2685; x_wconf 89' lang='lat' dir='ltr'>cederet,</span> <span class='ocrx_word' id='word_1_740' title='bbox 1572 2647 1681 2686; x_wconf 87' lang='lat' dir='ltr'>atque,</span> <span class='ocrx_word' id='word_1_741' title='bbox 1691 2652 1794 2685; x_wconf 90' lang='lat' dir='ltr'>quum</span> <span class='ocrx_word' id='word_1_742' title='bbox 1809 2643 1896 2675; x_wconf 89' lang='lat' dir='ltr'>dicto</span> <span class='ocrx_word' id='word_1_743' title='bbox 1914 2652 1979 2674; x_wconf 89' lang='lat' dir='ltr'>non</span> <span class='ocrx_word' id='word_1_744' title='bbox 1995 2643 2131 2675; x_wconf 87' lang='lat' dir='ltr'>audiens</span> 
     </span>
    </p>
   </div>
   <div class='ocr_carea' id='block_1_5' title="bbox 1109 2700 2137 2803">
    <p class='ocr_par' dir='ltr' id='par_1_9' title="bbox 1109 2700 2137 2803">
     <span class='ocr_line' id='line_1_96' title="bbox 1110 2700 2137 2745; baseline -0.004 -9"><span class='ocrx_word' id='word_1_745' title='bbox 1110 2706 1332 2743; x_wconf 84' lang='lat' dir='ltr'>cunctaretur,</span> <span class='ocrx_word' id='word_1_746' title='bbox 1348 2713 1506 2744; x_wconf 86' lang='lat' dir='ltr'>equorum</span> <span class='ocrx_word' id='word_1_747' title='bbox 1519 2703 1676 2745; x_wconf 78' lang='lat' dir='ltr'>Jugalium</span> <span class='ocrx_word' id='word_1_748' title='bbox 1693 2703 1828 2734; x_wconf 89' lang='lat' dir='ltr'>alterum</span> <span class='ocrx_word' id='word_1_749' title='bbox 1844 2700 2009 2733; x_wconf 88' lang='lat' dir='ltr'>occidente</span> <span class='ocrx_word' id='word_1_750' title='bbox 2020 2724 2029 2739; x_wconf 95' lang='lat'>,</span> <span class='ocrx_word' id='word_1_751' title='bbox 2044 2701 2137 2733; x_wconf 90' lang='lat' dir='ltr'>OEdi-</span> 
     </span>
     <span class='ocr_line' id='line_1_97' title="bbox 1109 2759 2134 2803; baseline -0.002 -8"><span class='ocrx_word' id='word_1_752' title='bbox 1109 2771 1170 2802; x_wconf 92' lang='lat' dir='ltr'>pus</span> <span class='ocrx_word' id='word_1_753' title='bbox 1191 2762 1360 2795; x_wconf 85' lang='lat' dir='ltr'>iracundia</span> <span class='ocrx_word' id='word_1_754' title='bbox 1379 2762 1521 2803; x_wconf 75' lang='lat' dir='ltr'>percitus</span> <span class='ocrx_word' id='word_1_755' title='bbox 1534 2763 1565 2794; x_wconf 73' lang='lat' dir='ltr'>et</span> <span class='ocrx_word' id='word_1_756' title='bbox 1580 2761 1812 2802; x_wconf 89' lang='lat' dir='ltr'>Polyphontem</span> <span class='ocrx_word' id='word_1_757' title='bbox 1828 2762 1860 2792; x_wconf 91' lang='lat' dir='ltr'>et</span> <span class='ocrx_word' id='word_1_758' title='bbox 1873 2759 1990 2792; x_wconf 87' lang='lat' dir='ltr'>Laium</span> <span class='ocrx_word' id='word_1_759' title='bbox 2006 2760 2134 2793; x_wconf 82' lang='lat' dir='ltr'>interse-</span> 
     </span>
    </p>
   </div>
   <div class='ocr_carea' id='block_1_6' title="bbox 1109 2820 1656 2864">
    <p class='ocr_par' dir='ltr' id='par_1_10' title="bbox 1109 2820 1656 2864">
     <span class='ocr_line' id='line_1_98' title="bbox 1109 2820 1656 2864; baseline -0.009 -8"><span class='ocrx_word' id='word_1_760' title='bbox 1109 2823 1166 2864; x_wconf 83' lang='lat' dir='ltr'>cit,</span> <span class='ocrx_word' id='word_1_761' title='bbox 1180 2826 1212 2856; x_wconf 88' lang='lat' dir='ltr'>et</span> <span class='ocrx_word' id='word_1_762' title='bbox 1226 2823 1343 2856; x_wconf 87' lang='lat' dir='ltr'>deinde</span> <span class='ocrx_word' id='word_1_763' title='bbox 1358 2822 1504 2864; x_wconf 86' lang='lat' dir='ltr'>pervenit</span> <span class='ocrx_word' id='word_1_764' title='bbox 1517 2820 1656 2853; x_wconf 89' lang='lat' dir='ltr'>Thebas.</span> 
     </span>
    </p>
   </div>
   <div class='ocr_carea' id='block_1_7' title="bbox 1105 2990 2133 3342">
    <p class='ocr_par' dir='ltr' id='par_1_11' title="bbox 1107 2990 2133 3156">
     <span class='ocr_line' id='line_1_99' title="bbox 1150 2990 2133 3037; baseline -0.005 -8"><span class='ocrx_word' id='word_1_765' title='bbox 1150 2996 1195 3037; x_wconf 90' lang='lat'>(8)</span> <span class='ocrx_word' id='word_1_766' title='bbox 1221 2996 1336 3029; x_wconf 88' lang='lat' dir='ltr'>Laium</span> <span class='ocrx_word' id='word_1_767' title='bbox 1348 2992 1573 3026; x_wconf 86' lang='lat' dir='ltr'>Plataeensium</span> <span class='ocrx_word' id='word_1_768' title='bbox 1583 3000 1640 3023; x_wconf 81' lang='lat' dir='ltr'>rex</span> <span class='ocrx_word' id='word_1_769' title='bbox 1649 2990 1903 3023; x_wconf 85' lang='lat' dir='ltr'>Damasistratus</span> <span class='ocrx_word' id='word_1_770' title='bbox 1915 2990 2133 3032; x_wconf 86' lang='lat' dir='ltr'>sepeliendum</span> 
     </span>
     <span class='ocr_line' id='line_1_100' title="bbox 1107 3050 2133 3095; baseline -0.005 -6"><span class='ocrx_word' id='word_1_771' title='bbox 1107 3057 1234 3089; x_wconf 78' lang='lat' dir='ltr'>curavlt</span> <span class='ocrx_word' id='word_1_772' title='bbox 1251 3066 1261 3095; x_wconf 91' lang='lat'>;</span> <span class='ocrx_word' id='word_1_773' title='bbox 1289 3054 1408 3095; x_wconf 85' lang='lat' dir='ltr'>regiam</span> <span class='ocrx_word' id='word_1_774' title='bbox 1426 3060 1504 3084; x_wconf 88' lang='lat' dir='ltr'>vero</span> <span class='ocrx_word' id='word_1_775' title='bbox 1529 3050 1719 3092; x_wconf 84' lang='lat' dir='ltr'>dignitatem</span> <span class='ocrx_word' id='word_1_776' title='bbox 1734 3051 1840 3083; x_wconf 84' lang='lat' dir='ltr'>Creon</span> <span class='ocrx_word' id='word_1_777' title='bbox 1865 3051 2021 3091; x_wconf 84' lang='lat' dir='ltr'>Menoecei</span> <span class='ocrx_word' id='word_1_778' title='bbox 2046 3051 2133 3084; x_wconf 90' lang='lat' dir='ltr'>filius</span> 
     </span>
     <span class='ocr_line' id='line_1_101' title="bbox 1107 3115 1259 3156; baseline -0.02 -7"><span class='ocrx_word' id='word_1_779' title='bbox 1107 3115 1259 3156; x_wconf 89' lang='lat' dir='ltr'>suscepit.</span> 
     </span>
    </p>

    <p class='ocr_par' dir='ltr' id='par_1_12' title="bbox 1105 3174 2132 3342">
     <span class='ocr_line' id='line_1_102' title="bbox 1147 3174 2126 3220; baseline -0.006 -7"><span class='ocrx_word' id='word_1_780' title='bbox 1147 3184 1161 3203; x_wconf 75' lang='lat'>2</span> <span class='ocrx_word' id='word_1_781' title='bbox 1172 3183 1241 3213; x_wconf 89' lang='lat' dir='ltr'>Hoc</span> <span class='ocrx_word' id='word_1_782' title='bbox 1255 3181 1407 3220; x_wconf 83' lang='lat' dir='ltr'>regnante</span> <span class='ocrx_word' id='word_1_783' title='bbox 1420 3186 1486 3210; x_wconf 88' lang='lat' dir='ltr'>non</span> <span class='ocrx_word' id='word_1_784' title='bbox 1497 3175 1670 3209; x_wconf 81' lang='lat' dir='ltr'>mediocris</span> <span class='ocrx_word' id='word_1_785' title='bbox 1684 3174 1791 3208; x_wconf 87' lang='lat' dir='ltr'>clades</span> <span class='ocrx_word' id='word_1_786' title='bbox 1803 3175 1930 3208; x_wconf 85' lang='lat' dir='ltr'>Thebas</span> <span class='ocrx_word' id='word_1_787' title='bbox 1945 3176 2126 3216; x_wconf 81' lang='lat' dir='ltr'>occupavit.</span> 
     </span>
     <span class='ocr_line' id='line_1_103' title="bbox 1106 3234 2128 3280; baseline -0.008 -6"><span class='ocrx_word' id='word_1_788' title='bbox 1106 3245 1192 3275; x_wconf 90' lang='lat' dir='ltr'>Juno</span> <span class='ocrx_word' id='word_1_789' title='bbox 1202 3240 1287 3273; x_wconf 89' lang='lat' dir='ltr'>enim</span> <span class='ocrx_word' id='word_1_790' title='bbox 1317 3239 1489 3280; x_wconf 86' lang='lat' dir='ltr'>Sphingem</span> <span class='ocrx_word' id='word_1_791' title='bbox 1518 3236 1630 3276; x_wconf 89' lang='lat' dir='ltr'>misit,</span> <span class='ocrx_word' id='word_1_792' title='bbox 1647 3235 1741 3276; x_wconf 85' lang='lat' dir='ltr'>cujus</span> <span class='ocrx_word' id='word_1_793' title='bbox 1763 3235 1867 3267; x_wconf 86' lang='lat' dir='ltr'>mater</span> <span class='ocrx_word' id='word_1_794' title='bbox 1887 3236 1957 3267; x_wconf 86' lang='lat' dir='ltr'>erat</span> <span class='ocrx_word' id='word_1_795' title='bbox 1970 3234 2128 3275; x_wconf 88' lang='lat' dir='ltr'>Echidna,</span> 
     </span>
     <span class='ocr_line' id='line_1_104' title="bbox 1105 3293 2132 3342; baseline -0.009 -9"><span class='ocrx_word' id='word_1_796' title='bbox 1105 3303 1195 3342; x_wconf 88' lang='lat' dir='ltr'>pater</span> <span class='ocrx_word' id='word_1_797' title='bbox 1211 3300 1318 3331; x_wconf 85' lang='lat' dir='ltr'>autem</span> <span class='ocrx_word' id='word_1_798' title='bbox 1329 3297 1476 3338; x_wconf 89' lang='lat' dir='ltr'>Typhon.</span> <span class='ocrx_word' id='word_1_799' title='bbox 1491 3300 1505 3319; x_wconf 75' lang='lat'>³</span> <span class='ocrx_word' id='word_1_800' title='bbox 1515 3294 1661 3328; x_wconf 82' lang='lat' dir='ltr'>Habebat</span> <span class='ocrx_word' id='word_1_801' title='bbox 1675 3293 1729 3326; x_wconf 88' lang='lat' dir='ltr'>illa</span> <span class='ocrx_word' id='word_1_802' title='bbox 1745 3293 1858 3326; x_wconf 81' lang='lat' dir='ltr'>faciem</span> <span class='ocrx_word' id='word_1_803' title='bbox 1874 3293 2006 3335; x_wconf 91' lang='lat' dir='ltr'>quidem</span> <span class='ocrx_word' id='word_1_804' title='bbox 2022 3293 2132 3325; x_wconf 91' lang='lat' dir='ltr'>mulie-</span> 
     </span>
    </p>
   </div>
   <div class='ocr_carea' id='block_1_8' title="bbox 20 3343 2130 3403">
    <p class='ocr_par' dir='ltr' id='par_1_13' title="bbox 20 3343 2130 3403">
     <span class='ocr_line' id='line_1_105' title="bbox 20 3343 2130 3403; baseline 0.002 -24"><span class='ocrx_word' id='word_1_805' title='bbox 20 3354 112 3380; x_wconf 81' lang='grc' dir='ltr'>ωπον</span> <span class='ocrx_word' id='word_1_806' title='bbox 136 3343 198 3394; x_wconf 82' lang='grc' dir='ltr'>μὲν</span> <span class='ocrx_word' id='word_1_807' title='bbox 221 3346 401 3396; x_wconf 88' lang='grc' dir='ltr'>γυναικὸς,</span> <span class='ocrx_word' id='word_1_808' title='bbox 424 3351 548 3395; x_wconf 84' lang='grc' dir='ltr'>στῆθος</span> <span class='ocrx_word' id='word_1_809' title='bbox 574 3348 609 3387; x_wconf 88' lang='grc' dir='ltr'>δὲ</span> <span class='ocrx_word' id='word_1_810' title='bbox 642 3350 703 3388; x_wconf 80' lang='grc' dir='ltr'>καὶ</span> <span class='ocrx_word' id='word_1_811' title='bbox 722 3350 823 3401; x_wconf 86' lang='grc' dir='ltr'>βάσιν</span> <span class='ocrx_word' id='word_1_812' title='bbox 844 3350 902 3388; x_wconf 74' lang='grc' dir='ltr'>καὶ</span> <span class='ocrx_word' id='word_1_813' title='bbox 931 3350 1035 3403; x_wconf 83' lang='grc' dir='ltr'>οὐρὰν</span> <span class='ocrx_word' id='word_1_814' title='bbox 1100 3361 1161 3398; x_wconf 74' lang='lat' dir='ltr'>ris,</span> <span class='ocrx_word' id='word_1_815' title='bbox 1180 3365 1293 3390; x_wconf 83' lang='lat' dir='ltr'>verum</span> <span class='ocrx_word' id='word_1_816' title='bbox 1309 3357 1420 3397; x_wconf 84' lang='lat' dir='ltr'>pectus</span> <span class='ocrx_word' id='word_1_817' title='bbox 1435 3355 1468 3387; x_wconf 89' lang='lat' dir='ltr'>et</span> <span class='ocrx_word' id='word_1_818' title='bbox 1499 3353 1599 3395; x_wconf 90' lang='lat' dir='ltr'>pedes</span> <span class='ocrx_word' id='word_1_819' title='bbox 1610 3353 1813 3393; x_wconf 87' lang='lat' dir='ltr'>caudamque</span> <span class='ocrx_word' id='word_1_820' title='bbox 1828 3352 1943 3392; x_wconf 87' lang='lat' dir='ltr'>leonis,</span> <span class='ocrx_word' id='word_1_821' title='bbox 1961 3351 2028 3384; x_wconf 90' lang='lat' dir='ltr'>alas</span> <span class='ocrx_word' id='word_1_822' title='bbox 2043 3351 2130 3384; x_wconf 91' lang='lat' dir='ltr'>deni-</span> 
     </span>
    </p>
   </div>
  </div>
 </body>
</html>
