2320 3684
771 158 1108 198 APOLLODORl
1137 158 1470 199 FRAGMENTA.

523 245 612 284 117.

2108 165 2177 205 451

1160 245 1346 295 «Supplet
1366 246 1480 283 tertio
1497 258 1612 283 versu
1628 243 1762 300 Ἄορνιν
1790 247 1959 296 Scaliger
1978 248 2023 286 ad
2045 251 2185 291 Euseb.

120 307 250 348 Idem:
269 304 566 359 Παροπάμισσος,
596 303 730 348 πόλεως
743 303 821 358 ὅρος
845 303 1015 351 Ἰνδικῆς,
1038 305 1097 358 ἀφ’
1157 317 1194 353 p.
1215 317 1299 351 127.
1318 305 1543 344 Holstenius
1566 303 1697 359 πέτραν
1713 305 1753 343 in
1786 303 1897 358 πέραν
1922 316 2044 346 mutat
2068 323 2077 346 t
2108 323 2186 347 non

65 361 106 406 οἷ
136 363 463 420 Παροπαμισσάδαι
494 365 527 402 οἱ
551 365 810 416 παροικοῦντες.
835 361 1098 416 Ἀπολλόδωρος

66 424 103 464 δὲ
121 426 156 463 ἓν
175 423 323 478 δευτέρῳ
337 423 427 477 Περὶ
441 425 504 475 γῆς
517 422 579 461 ἀπ’
594 423 708 460 αὐτῶν
722 437 808 476 φησι
825 421 863 460 τὸ
875 421 954 475 ὄρος
971 423 1098 469 κεκλῆ-

67 486 157 522 σθαι.

521 541 534 578 l
547 539 606 578 18.

120 601 228 639 Idem
253 614 262 637 :
288 598 463 653 Τόρεται,
494 598 589 644 ἔθνος
620 598 806 639 Ποντικόν.
839 597 1098 652 Ἀπολλόδωρος

69 658 218 714 δευτέρῳ
240 658 498 713 Περιηγήσεως.
518 662 588 697 Ms.
602 658 682 712 περὶ
700 661 775 710 γῆς.

120 778 229 820 Idem
243 793 251 815 :
265 775 405 820 Ὑλλεῖς
420 806 430 824 ,
451 774 547 820 ἔθνος
561 773 766 830 Ἰλλυρικόν.
785 773 1045 829 Ἀπολλόδωρος
1063 776 1098 814 ἐν

67 839 118 891 τῷ
135 835 226 891 Περὶ
251 837 316 887 γῆς
335 834 484 888 δευτέρῳ
496 851 504 859 ·
533 833 670 887 «Ὑπὲρ
694 833 730 872 δὲ
760 833 841 878 τοὺς
858 833 1011 879 ς’Υλλους
1030 836 1100 874 Λι-

70 894 189 949 ὅυρνοὶ
208 894 270 934 καί
292 909 382 938 τινες
402 893 537 947 Ἴστροι
562 892 745 945 λεγόμενοι
765 894 915 947 Θρᾷκες.
928 911 944 927 »
968 893 1042 933 Καὶ
1061 893 1101 932 τὸ

68 952 217 1003 θηλυκὸν
255 953 393 997 ”Υλλις.
433 971 448 988 «
460 952 652 1006 Πρόκειται
690 951 910 1006 Χεῤῥόνησος
951 951 1100 1000 Ὑλλικὴ

70 1013 225 1066 μάλιστα
253 1011 545 1060 Πελοποννήσου,
564 1010 611 1055 ὥς
638 1026 744 1065 φασι,
764 1011 1013 1050 πεντεκαίδεκα
1032 1011 1096 1050 πό-

68 1087 140 1117 Λεις
171 1071 303 1125 ἔχουσα
352 1069 591 1122 παμμεγέθεις
624 1069 841 1121 οἰκουμένας.
858 1088 874 1105 »
905 1075 1101 1110 Postrema

68 1132 159 1170 inde
182 1145 204 1169 a
219 1129 403 1184 πρόκειται
418 1137 604 1181 corrupta
619 1137 727 1178 sunt,
748 1129 814 1167 sed
831 1129 926 1180 quid
943 1129 1017 1168 sibi
1030 1144 1100 1169 ve—

68 1191 162 1240 lint,
179 1204 200 1229 e
222 1193 388 1240 Scymno
399 1189 497 1228 Chio
511 1188 752 1239 intelligitur.
770 1191 807 1226 Is
823 1188 924 1226 enim
943 1203 981 1228 v.
1002 1194 1076 1233 404
1094 1204 1101 1225 :

172 1260 262 1298 Ἑξῆς
273 1258 307 1290 δὲ
329 1258 446 1300 μεγάλη
463 1258 648 1300 χερῥόνησος
667 1258 810 1297 Ὑλλικὴ,

173 1307 248 1349 πρὸς
261 1307 316 1345 τὴν
330 1305 570 1344 Πελοπόννησόν
592 1316 621 1337 τι
641 1305 831 1346 ἐξισουμένη.

172 1353 283 1389 Πόλεις
296 1353 322 1384 δ’
338 1353 369 1384 ἐν
384 1352 462 1394 αὐτῇ
477 1352 552 1392 φασὶ
567 1352 657 1383 πέντε
678 1352 731 1383 καὶ
747 1352 822 1383 δέκα

174 1400 304 1436 Ὕλλους
316 1401 485 1439 κατοικεῖν,
501 1399 592 1435 ὄντας
607 1398 760 1436 Ἕλληνας
774 1398 865 1439 γένει.

70 1463 147 1500 Nec
167 1468 294 1498 tamen
308 1466 513 1511 propterea
529 1471 616 1495 cum
632 1458 785 1508 Heynio
805 1458 1019 1508 putandum
1035 1459 1106 1497 hos

70 1521 177 1571 ipsos
203 1518 358 1569 Scymni
386 1530 518 1556 versus
546 1516 863 1568 Ethnographum
888 1517 1106 1556 adscribere

70 1579 256 1626 voluisse,
291 1576 359 1614 sed
391 1589 478 1614 cum
515 1575 716 1614 Holstenio
749 1575 981 1614 vindicanda
1017 1586 1106 1615 sunt

71 1637 307 1690 Apollodoro
320 1663 330 1679 ,
362 1648 410 1673 ex
445 1648 523 1686 quo
559 1642 725 1671 mutatos
754 1635 796 1671 in
821 1648 891 1672 sua
914 1637 1106 1674 transtulit

72 1699 271 1746 ScymnuS.
286 1694 461 1733 Eundem
479 1693 607 1731 locum
626 1692 756 1730 laudat
774 1694 949 1732 Eustath.
964 1695 1013 1732 ad
1029 1699 1105 1734 Pe-

73 1755 241 1806 riegeten
274 1767 312 1805 p.
336 1754 406 1798 184
420 1783 431 1801 ,
446 1752 513 1790 sed
535 1752 657 1790 multo
673 1752 789 1790 etiam
807 1754 1103 1792 contaminatio-

73 1827 164 1852 rem.
183 1813 241 1851 Cs.
260 1812 391 1851 Timaei
406 1812 541 1863 fragm.
561 1817 624 1856 42.

533 1871 621 1911 120.

126 1931 233 1969 Idem
249 1945 257 1967 :
273 1930 444 1979 Ψησσοὶ,
459 1929 552 1974 ἔθνος
571 1932 632 1978 τῆς
650 1929 840 1985 Ταυρινίας
876 1931 1014 1982 (Heyn.
1032 1932 1105 1983 leg.

74 1989 271 2044 Ταυρικῆς)
287 2019 295 2027 .
315 1986 572 2043 Ἀπολλόδωρος
614 1990 648 2027 ἐν
682 1987 831 2042 δευτέρῳ
857 1989 1108 2043 Περιηγήσεως

75 2047 182 2102 (Mss.
203 2049 238 2087 ἓν
258 2050 288 2100 β’
317 2047 396 2103 περὶ
415 2047 514 2100 γῆς>·
533 2065 549 2082 «
563 2046 716 2088 Ἔπειτα
734 2048 764 2086 δ’
782 2047 1024 2102 Ἑρμώνασσα
1046 2049 1107 2099 καὶ

76 2109 219 2156 Κῆπος,
236 2107 350 2160 τρίτον
369 2106 405 2145 δὲ
423 2106 462 2145 τὸ
481 2108 647 2154 Ψησσῶν
670 2106 806 2150 ἔθνος.»

531 2166 618 2204 121.

128 2225 253 2263 Idem:
268 2223 406 2279 Ὠρῖται
417 2254 428 2273 ,
444 2223 540 2268 ἔθνος
553 2224 698 2264 Ἰνδικὸν
713 2224 916 2277 αὐτόνομον.
936 2225 1108 2280 Στράὸων

75 2285 128 2336 (p.
145 2285 232 2335 720)
299 2283 358 2322 καὶ
375 2283 632 2338 Ἀπολλόδωρος
653 2283 803 2338 δευτέρῳ
815 2300 823 2308 ·

161 2361 177 2376 «
191 2348 324 2380 Ἔπειτα
335 2349 361 2380 δ’
378 2348 500 2391 Ὠρίτας
516 2359 550 2380 τε
570 2349 623 2380 καὶ
638 2349 847 2391 Γεδρωσίους,

160 2407 176 2422 «
190 2395 233 2426 ὧν
247 2395 318 2432 τοὺς
335 2395 389 2436 μὲν
403 2394 516 2432 Ἰνδοὺς
525 2419 534 2435 ,
552 2396 594 2432 ὡς
609 2395 800 2432 ἐνοικοῦντας
815 2396 928 2438 πέτραν

117 2553 383 2595 Paropamissus,
405 2561 500 2585 mons
526 2501 776 2593 uilliZUIndicae,
798 2563 818 2586 a
839 2562 923 2594 quo,
944 2554 1000 2595 qui
1014 2555 1109 2596 juxta

77 2600 233 2640 habitant,
245 2600 521 2641 Paropamissadae
536 2599 624 2632 dicti.
643 2600 857 2641 Apollodorus
873 2605 981 2633 autem
997 2610 1109 2634 secun-

75 2646 119 2679 do
133 2646 174 2679 de
193 2649 307 2686 Terra,
324 2645 365 2678 ab
379 2646 460 2687 ipsis
474 2646 521 2678 ait
535 2647 680 2678 montem
697 2654 768 2678 esse
785 2646 991 2687 appellatum.

546 2701 635 2733 118.

118 2753 243 2785 Toretae
256 2775 266 2792 ‚
296 2760 374 2793 gens
404 2752 549 2784 Pontica.
583 2751 800 2793 Apollodorus
830 2752 973 2785 secundo
1005 2753 1109 2786 Perie-

77 2807 201 2839 geseos.

554 2848 642 2883 119.

120 2899 242 2940 Hyllei,
259 2899 401 2940 populus
424 2899 584 2941 Illyricus.
672 2899 888 2941 Apollodorus
910 2900 944 2932 in
967 2900 1111 2933 secundo

79 2945 120 2977 de
146 2947 244 2978 Terra
267 2956 275 2977 ε
302 2959 318 2974 α
332 2948 436 2988 Supra
460 2949 568 2979 autem
594 2947 707 2988 Hyllos
733 2946 893 2987 Liburni,
919 2948 952 2979 et
976 2947 1110 2988 quidam

80 2993 154 3025 Istri
168 2993 247 3026 dicti
261 2994 413 3027 Thraces.
428 3007 444 3022 »

121 3093 247 3134 Psessi,
271 3102 349 3134 gens
373 3094 522 3126 Taurica.
550 3093 764 3135 Apollodorus
787 3093 822 3125 in
845 3093 987 3126 secundo
1010 3094 1111 3126 Perie-

81 3147 191 3181 geseos
206 3149 214 3171 τ
230 3152 247 3168 «ι
265 3142 380 3174 Postea
392 3149 470 3174 vero
486 3142 723 3180 Hermonassa,
738 3142 771 3173 et
787 3143 909 3182 cep0s‚
926 3141 1019 3174 tertia
1035 3149 1111 3173 vero

82 3186 270 3219 Psessorum
285 3196 402 3229 gens.»

547 3237 636 3269 121.

125 3286 243 3326 oritae,
266 3287 404 3328 populus
428 3286 561 3320 Indicus
576 3288 669 3320 liber.
697 3287 812 3319 Strabo
882 3288 915 3319 et
940 3286 1111 3328 Apollodo-

85 3340 140 3364 rus
155 3333 298 3366 secundo
316 3344 324 3365 z
345 3346 360 3360 «r
384 3334 507 3367 Deinde
523 3337 631 3367 autem
652 3335 760 3367 Oritas
774 3336 806 3366 et
822 3334 996 3366 Gedrosios
1008 3357 1017 3372 ‚
1033 3342 1111 3373 quo-

87 3389 103 3405 ιι
117 3386 188 3411 rum
203 3378 274 3411 illos
289 3379 420 3421 quidem
440 3380 559 3418 Indos,
582 3383 695 3422 utpote
716 3380 932 3413 inhabitantes
948 3380 1110 3422 petram**

1157 363 1267 400 male.
1287 364 1458 412 Salmas„
1474 364 1540 414 qui
1557 364 1714 402 omnino
1730 364 1790 402 his
1809 364 1980 404 deverss.
1999 367 2188 407 videndus.

1158 420 1205 457 ad
1220 422 1336 459 Solin.
1358 436 1396 473 p.
1419 424 1508 471 828,
1530 422 1568 470 b,
1589 423 1644 461 sie
1659 423 1790 461 laudat
1805 437 1813 461 :
1830 420 2007 464 «Ἔπειτα
2028 426 2058 464 δ’
2081 426 2186 481 Ὠρί-

1157 493 1219 520 τας
1253 494 1291 516 τε
1310 478 1369 516 καὶ
1390 479 1607 532 Γεδρωσίους
1635 481 1699 518 οὐκ
1719 479 1819 532 ἴσμεν
1839 480 1968 527 Ἰνδοὺς
1992 482 2071 528 τοὺς
2093 485 2186 523 ἐνοι-

1157 539 1303 579 κοῦντας
1322 535 1431 591 πέραν
1448 536 1624 591 Ἄρὸιος.»
1645 542 1768 588 Heyn.
1810 541 1998 591 Equidem
2025 543 2079 581 nil
2100 557 2188 582 mu-

1160 594 1316 632 tandum
1332 604 1439 646 puto.
1457 598 1595 635 Verbis
1614 599 1661 641 ὡς
1677 599 1895 644 ἐνοικοῦντας
1907 601 2039 656 πέτραν
2057 611 2190 641 auctor

1158 653 1355 691 Oritarum
1369 655 1534 705 regionis
1550 664 1725 695 naturam
1739 666 1778 696 et
1795 672 1934 697 nornen
1945 659 2047 714 (ὅρος,
2061 660 2188 716 πέτρα)

1159 713 1350 762 explicare
1368 714 1503 752 voluit.

1195 773 1417 822 Sequuntur
1424 773 1570 823 reliqua
1580 774 1790 824 fragmenta
1807 778 2079 830 geographica,
2091 792 2189 829 quae,

1160 830 1231 867 etsi
1247 830 1351 867 nulla
1372 830 1462 868 libri
1479 832 1615 869 notitia
1630 832 1776 883 adjecta
1784 842 1852 883 est,
1860 836 2115 886 probabiliter
2133 846 2190 876 ta-

1159 900 1247 925 men
1261 888 1309 925 ad
1318 888 1509 926 Chronica
1519 890 1598 927 sive
1614 891 1663 928 ad
1680 905 1777 942 opus
1788 892 1876 947 Περὶ
1887 897 1951 946 γῆς
1963 896 2191 935 referuntur.

1622 954 1709 992 122.

1214 1016 1355 1055 Strabo
1371 1019 1480 1066 XIV,
1497 1031 1534 1068 p.
1559 1018 1652 1068 995,
1674 1022 1708 1056 D
1727 1018 1780 1070 (p.
1799 1021 1907 1069 677),
1925 1022 1993 1060 ubi
2011 1023 2193 1064 adversus

1161 1076 1446 1127 Apollodorum
1464 1076 1634 1127 disputat
1646 1106 1656 1124 ‚
1673 1078 1740 1127 qui
1761 1079 1888 1117 Asiam
1908 1081 2007 1119 intra
2023 1083 2191 1134 Sinopen

1161 1142 1199 1172 et
1217 1138 1341 1172 Issum
1353 1135 1578 1185 triquetram
1592 1148 1673 1173 esse
1687 1136 1836 1175 dixerat
1846 1167 1855 1185 ,
1872 1152 1990 1189 quum
2007 1141 2055 1178 sit
2067 1142 2195 1191 potius

1162 1193 1484 1244 quadrilaterum:
1499 1194 1573 1232 Νῦν
1601 1192 1639 1231 δέ
1656 1209 1696 1245 γε
1769 1196 1905 1246 ἀμαθία
1924 1196 1964 1235 τὸ
1981 1197 2093 1249 λέγειν
2114 1215 2192 1253 τρι-

1162 1251 1341 1303 γονωειδὲς
1358 1251 1399 1290 τὸ
1417 1255 1571 1290 τοιοῦτον
1585 1252 1855 1308 τετράπλευρον,
1872 1253 1949 1293 οὐδὲ
1971 1271 2196 1310 χωρογραφι-

1163 1309 1223 1349 κόν
1242 1327 1249 1335 ·
1267 1313 1286 1349 ὁ
1305 1310 1342 1349 δὲ
1372 1310 1432 1349 καὶ
1452 1311 1702 1365 χωρογραφίαν
1728 1311 1892 1357 ἐξέδωκεν
1913 1315 1947 1352 ἓν
1969 1318 2116 1367 κωμικῷ
2135 1315 2197 1366 με’-

1163 1386 1234 1424 τρῳ
1247 1400 1257 1419 ,
1278 1371 1306 1409 Γ
1308 1373 1350 1417 ἧς
1368 1369 1537 1424 Περίοδον
1559 1371 1767 1425 ἐπιγράψας.

1623 1437 1710 1476 123.

1218 1499 1326 1537 Idem
1340 1502 1358 1537 I
1372 1529 1383 1546 ‚
1412 1499 1540 1547 105,B
1557 1500 1609 1551 (p.
1629 1500 1787 1551 61)‚ubi
1809 1501 1857 1538 de
1874 1502 2107 1552 populorum
2126 1503 2196 1540 mi-

1166 1558 1405 1609 grationibus
1424 1573 1431 1595 :
1450 1551 1536 1597 Οῗον
1562 1557 1710 1612 Ἰὸήρων
1749 1559 1811 1609 μὲν
1846 1561 1916 1596 τῶν
1948 1560 2119 1613 ἑσπερίων
2152 1563 2198 1604 εἰς

1164 1616 1244 1660 τοὺς
1260 1616 1347 1671 ὑπὲρ
1363 1620 1425 1655 τοῦ
1447 1616 1587 1656 Πόντου
1604 1617 1662 1655 καὶ
1680 1620 1742 1665 τῆς
1755 1617 1928 1669 Κολχίδος
1942 1616 2199 1672 τόπουῖμετῳ-

1165 1675 1354 1727 κισμένων,
1369 1676 1426 1719 οὓς
1449 1675 1507 1714 καὶ
1524 1679 1542 1715 ὁ
1562 1675 1723 1729 Ἀράξης,
1741 1675 1788 1720 ὥς
1802 1691 1906 1730 φησιν
1921 1675 2198 1731 Ἀπολλόδωρος,

1166 1734 1237 1773 ἀπὸ
1255 1737 1318 1781 τ’ῆς
1337 1733 1517 1787 Ἀρμενίας
1539 1734 1655 1788 ὁρίζει.
1677 1739 1708 1773 Ε
1739 1735 1839 1773 libro
1874 1736 2043 1773 secundo
2078 1737 2199 1787 petita

1166 1807 1247 1832 esse
1260 1793 1450 1832 videntur.
1948 1803 1951 1806 ·

1625 1853 1712 1893 124.

1221 1912 1353 1962 Steph.
1372 1914 1461 1961 Byz.
1476 1926 1483 1948 :
1501 1907 1682 1965 Ἄδρανον,
1702 1910 1801 1955 πόλις
1820 1912 1985 1955 Σικελίας
2009 1913 2044 1950 ἐν
2064 1915 2107 1964 τῇ
2131 1913 2200 1951 Αἴ-

1165 1986 1270 2024 τνῃ...
1293 1968 1550 2023 Ἀπολλόδωρος
1567 1969 1603 2008 δὲ
1621 1970 1827 2025 Ἀδρανίτας
1839 1970 1925 2024 φησὶ
1939 1970 1979 2010 τὸ
1999 1971 2144 2010 ἐθνικόν.

1641 2036 1655 2072 l
1666 2034 1728 2073 25.

1220 2093 1350 2132 Idem:
1369 2085 1494 2142 Αἶνος,
1514 2091 1615 2137 πόλις
1637 2092 1797 2147 Θρᾴκης.
1866 2093 2013 2141 Ταύτην
2035 2094 2201 2133 Ἀπολλό-

1168 2149 1274 2206 δωρός
1289 2165 1392 2204 φησιν
1407 2151 1611 2202 ὠνομάσθαι
1640 2151 1894 2206 Πολτυοὸρίαν.
1932 2154 1989 2191 Cf.
2021 2153 2199 2199 Biblioth,

1168 2213 1222 2259 ΙΙ,
1241 2210 1276 2255 5,
1297 2224 1334 2260 9,
1354 2225 1413 2259 12,
1440 2212 1496 2249 13.

1644 2270 1656 2306 l
1667 2270 1730 2307 26.

1222 2327 1350 2366 Idem:
1370 2326 1652 2382 Ἁλικαρνασσός.
1724 2328 1808 2367 Ἀπὸ
1823 2332 1884 2367 τοῦ
1901 2328 2074 2368 νάσασθαι
2097 2329 2199 2368 αὐτὸν

1172 2387 1236 2438 (sc.
1271 2386 1329 2425 τὸν
1363 2386 1503 2439 Ἄνθην)
1529 2387 1598 2426 ἀπὸ
1628 2388 1833 2441 Τροιζῆνος,
1852 2390 1898 2432 ὡς
1934 2388 2200 2442 Ἀπολλόδωρος.

1210 2558 1304 2589 Nunc
1317 2557 1446 2590 inscitia
1460 2560 1521 2598 est,
1537 2567 1603 2591 non
1619 2559 1759 2599 regionis
1773 2557 1959 2600 descriptio,
1972 2559 2061 2589 tauto
2075 2557 2199 2597 quadri÷

1170 2604 1271 2637 latero
1287 2606 1349 2637 tria
1365 2607 1493 2637 tantum
1507 2606 1671 2647 assignare
1683 2606 1794 2638 latera.
1811 2605 1869 2638 llle
1885 2607 1993 2636 tamen
2018 2604 2112 2635 nobis
2127 2605 2199 2636 cho·

1170 2652 1373 2693 rograpliiam
1389 2652 1491 2684 edidit
1507 2652 1655 2685 versibus
1673 2653 1823 2691 comieiS‚
1840 2660 1937 2692 quam
1953 2653 2058 2684 Terrae
2075 2650 2198 2682 Circui-

1169 2701 1241 2730 tum
1255 2699 1434 2740 inscripsit.

1645 2748 1661 2780 1
1670 2748 1691 2780 2
1698 2748 1717 2779 3
1725 2771 1734 2779 .

1210 2798 1296 2830 Iberi
1311 2798 1524 2831 occidentales
1536 2799 1569 2830 in
1583 2798 1654 2830 loca
1677 2798 1761 2829 ultra
1792 2796 1932 2828 Pontum
1954 2797 1986 2827 et
2009 2795 2196 2828 Colchidem

1170 2844 1435 2885 commigrarunt,
1449 2854 1532 2886 quos
1545 2845 1642 2877 etiam
1655 2848 1787 2883 Araxes,
1805 2845 1842 2874 ut
1855 2842 1901 2875 ait
1915 2841 2142 2883 Apollodorus,
2158 2843 2199 2876 ab

1170 2891 1319 2923 Armenia
1333 2894 1470 2932 separat.

1212 2991 1388 3026 Adranum,
1404 2990 1482 3023 urbs
1501 2989 1619 3023 Siciliae
1632 2931 1831 3025 aid2ffss‘tnam.
1849 2986 2066 3029 Apollodorus
2081 2987 2199 3028 gentile

1171 3038 1251 3071 dicit
1266 3037 1441 3070 Adranitae.
1640 3085 1653 3117 1
1664 3085 1684 3117 2
1692 3084 1713 3118 5

1212 3140 1327 3178 AEnus,
1347 3137 1426 3169 urbs
1441 3137 1623 3169 Thraciae...
1639 3137 1732 3168 Hanc
1749 3134 1964 3177 Apollodorus
1978 3134 2197 3175 Poltyobriam

1173 3184 1373 3217 nominatam
1387 3192 1458 3216 esse
1472 3184 1562 3216 dicit.
1643 3231 1716 3263 126

1214 3284 1460 3316 Halicarnassus
1472 3306 1520 3324 ‚...
1532 3282 1712 3315 secundum
1726 3282 1958 3324 Apollodorum
1971 3289 2088 3313 nomen
2103 3280 2198 3312 babet

1171 3331 1233 3363 ἀπὸ
1248 3334 1303 3362 τοῦ
1319 3331 1472 3363 νάσασθαι
1501 3331 1593 3362 αὐτὸν
1608 3329 1777 3370 (Anthen)‚
1790 3329 1812 3361 i.
1828 3338 1856 3362 e.
1870 3337 1908 3361 ex
1923 3337 1961 3361 eo
1976 3327 2065 3370 quod
2079 3327 2198 3360 Antlies

1174 3379 1236 3410 huc
1250 3377 1510 3419 commigraverit
1523 3386 1563 3409 ex
1577 3378 1740 3409 Troezene.

2007 3434 2057 3463 29.
