2320 3684
155 183 227 218 27⁴

204 316 442 366 Stephanus:
464 263 745 368 (Ιῖρίίτα,ίτίτὲλις
757 313 931 357 Σικελίας.
942 312 1171 367 Ἐφοροςκη’.

152 375 208 413 Cf.
231 376 391 414 Wessel
411 374 457 411 ad
475 374 796 463 DiodotmgssL&
821 375 968 424 11).482.

693 439 714 463 a

205 481 340 518 Idem.
356 479 545 526 Μύνδονες,
562 477 656 521 ἔθνος
679 477 824 525 Λιὸύης.
849 477 1000 533 Ἔφορος
1029 481 1175 552 εἰκοστῷ

151 538 283 593 ὀγδόῳ·
301 538 499 580 «Μύνδονες
526 535 874 590 ὑπερευγνωμότατοι
902 538 1061 576 δοκουσιν
1087 554 1175 578 ειναι

149 598 208 636 καὶ
232 597 488 637 πλουσιώτατοι
506 611 564 634 τον
581 596 703 648 βίον.»

619 655 706 694 150.

202 710 328 747 Idem:
345 708 479 762 Φάρος,
495 710 598 755 νῆσος
617 709 652 746 ἐν
674 710 725 763 τῷ
746 708 882 762 Ἁδρίᾳ,
895 709 1054 761 ποταμὸν
1075 708 1175 760 ὁμώ-

148 782 255 818 νυμον
272 767 416 820 ἔχουσα.
428 766 535 807 Ἔστι
570 766 606 806 δὲ
633 768 766 820 κτίσμα
787 768 947 822 Παρίων,
964 770 1011 813 ὡς
1023 767 1175 822 Ἔφορος

149 828 295 879 εἰκοστῷ
314 826 437 881 ὀγδόῳ.

201 887 255 924 Cf.
270 887 463 926 Diodorus
473 888 562 934 XV,
580 888 623 924 13
638 902 646 925 :
662 887 790 942 Πάριοι
807 887 900 926 κατά
915 902 993 926 τινα
1014 885 1175 940 χρησμὸν

148 945 310 984 ἀποικίαν
323 944 566 999 ἐκπέμψαντες
579 948 626 990 εἷς
637 947 695 985 τὸν
715 946 862 1001 Ἀδρίαν,
877 945 1016 985 ἔκτισαν
1031 947 1066 984 ἐν
1082 947 1176 999 αὐτῷ

147 1006 251 1050 νῆσον
270 1003 332 1052 τὴν
347 1005 606 1056 ὀνομαζομένην
627 1006 765 1060 Φάρον,
782 1004 1047 1060 συμπράξαντος
1062 1007 1178 1048 αὐτοῖς

147 1063 329 1102 Διονυσίου
348 1067 410 1102 τοῦ
429 1063 608 1116 τυράννου.

202 1123 347 1174 steph:
362 1122 509 1176 Ἴστρος,
571 1123 673 1168 πόλις
689 1127 750 1171 τῆς
764 1123 1011 1175 Ἰαπυγίας,ὡς
1024 1123 1177 1177 Ἔφορος

146 1183 293 1235 εἰκοστῷ
311 1181 455 1236 ε’ννάτῳ.

552 1252 769 1268 -......-

406 1289 557 1329 LIBER
592 1290 916 1330 TRIGESIMUS.

623 1344 708 1381 151.

200 1394 315 1433 Diod.
337 1399 440 1444 XVI,
470 1405 534 1443 14:
550 1397 633 1434 Τῶν
655 1393 691 1433 δὲ
721 1393 948 1448 συγγραφέων
975 1394 1177 1448 Δημόφιλος

147 1453 191 1504 μὲ
176 1470 210 1492 ν
228 1456 246 1492 ὁ
267 1454 420 1508 Ἐφόρου
449 1460 510 1495 τοῦ
534 1453 800 1508 ἱστοριογράφου
820 1453 909 1502 υἱὸς,
930 1453 988 1492 τὸν
1009 1455 1178 1506 παραλει-

146 1512 274 1567 φθέντα
292 1512 469 1566 πόλεμονς
457 1515 523 1554 υπὸ
535 1530 596 1553 του
607 1513 750 1575 πατρὸς,
767 1512 1005 1587 ὀνομασθέντα
1023 1511 1083 1551 δὲε
1074 1512 1176 1565 ιερὸν,

146 1573 439 1624 συντεταγμένος,
454 1575 608 1612 ἐντεῦθεν
629 1577 758 1626 ἠρκται
777 1571 848 1610 ἀπὸ
862 1574 924 1618 τῆς
942 1571 1178 1625 παραλήψεως

151 1646 207 1669 tou
223 1632 258 1669 ἐν
279 1633 425 1685 Δελφοῖς
443 1634 536 1686 ἱερου
557 1632 618 1671 καὶ
640 1635 702 1678 τῆς
722 1630 901 1678 συλήσεως
925 1646 985 1669 του
1013 1630 1177 1681 μαντείου

147 1689 215 1727 υπὸ
241 1689 452 1741 Φιλομήλου
486 1695 547 1729 τοῦ
575 1687 752 1732 Φωκέως·
787 1687 924 1740 ἐγένετο
945 1689 974 1726 δ’
991 1691 1009 1727 ὁ
1026 1688 1178 1739 πόλεμος

146 1752 245 1791 οὗτος
262 1747 321 1795 ἔτη
343 1747 464 1788 ἕνδεκα
475 1748 562 1798 ,ἕως
581 1752 643 1796 τῆς
661 1751 790 1803 φθορᾶς
807 1764 876 1786 των
897 1747 1176 1799 διανειμαμένων

146 1806 191 1845 τὰ
210 1809 239 1845 ἱε
226 1806 284 1861 ερὰ
300 1807 481 1866 χρηματα.

201 1914 426 1951 Plutarchus
457 1916 571 1953 Dion.
605 1929 688 1966 cap.
719 1915 782 1961 35,
800 1929 838 1966 p.
865 1916 963 1965 973,
984 1914 1030 1952 de
1055 1923 1178 1952 morte

148 1972 315 2020 Philisti,
369 1973 554 2021 historici,
599 1974 776 2023 Dionysii
819 1975 960 2024 prioris
1010 1975 1176 2011 familia—

149 2031 227 2068 ris:
258 2030 409 2084 Ἔφορος
447 2031 510 2082 μὲν
556 2026 614 2070 οῧν
639 2047 743 2086 φησι,
774 2034 820 2075 ὡς
850 2031 1081 2083 ἁλισκομένης
1116 2035 1179 2079 τῆς

148 2087 233 2132 νεὼς
252 2089 372 2128 ἑαυτὸν
392 2090 518 2130 ἀνέλοι.

202 2148 309 2186 Idem
330 2149 425 2187 ibid.
455 2165 487 2188 c.
522 2151 568 2189 36
589 2154 710 2189 :Sunt
740 2152 807 2201 qui
836 2152 1033 2189 Philistum
1058 2152 1177 2190 velie-
1204 2183 1209 2199 ,

151 2216 297 2244 menter
311 2209 609 2258 reprehendant,
630 2211 667 2246 οὐ
686 2208 756 2259 μὴν
776 2209 847 2247 οὐδ’
861 2207 1013 2263 ’Έφορος
1030 2208 1177 2260 ὑγιαίνει
1203 2202 1209 2259 Ι

192 2405 336 2446 Herbita,
350 2404 428 2436 urbs
448 2404 577 2444 siciliae,
594 2360 636 2436 dci
645 2359 716 2445 iiiia
734 2406 884 2446 Ephorus
909 2406 992 2437 libro
1009 2408 1126 2437 octavo
1143 2408 1176 2438 et

150 2461 384 2541 vichisyiffizhes’
397 2507 476 2540 gens
494 2498 619 2539 Libyae,
636 2498 730 2539 cujus
754 2499 899 2532 meminit
924 2501 1075 2542 Ephorus
1097 2499 1180 2531 libro

150 2550 267 2580 octavo
291 2549 323 2579 et
339 2546 495 2587 vigesimo
511 2556 519 2577 ι
542 2559 556 2574 ‹·
573 2546 752 2587 Myndones
768 2546 860 2586 longe
878 2548 1057 2588 aequissimi
1076 2548 1182 2579 viden·

151 2596 206 2627 tur
225 2602 297 2626 esse
315 2597 347 2626 et
362 2594 454 2625 victu
469 2593 634 2625 ditissimi.
652 2606 667 2621 »

195 2689 317 2721 Pharos
328 2711 338 2728 ‚
355 2687 462 2719 insula
475 2686 510 2719 in
526 2687 606 2719 mari
623 2642 798 2726 itgi‘iatico,
817 2687 954 2720 fluvium
973 2689 1098 2721 habens
1109 2697 1182 2728 cog-

152 2736 328 2768 nominem.
345 2736 404 2767 Est
419 2742 496 2767 vero
513 2733 679 2766 Pariorum
698 2733 836 2774 colonia,
852 2736 889 2767 ut
906 2735 1057 2776 Ephorus
1067 2737 1182 2766 octavo

153 2787 186 2815 et
198 2783 369 2824 vigesimo.

194 2832 319 2869 Istrus,
342 2828 420 2860 urbs
445 2829 602 2869 Iapygiae‚
620 2827 660 2860 de
681 2837 747 2869 qua
765 2828 915 2869 Ephorus
937 2828 1022 2860 libro
1044 2836 1130 2860 nono
1151 2829 1183 2859 et

155 2877 322 2908 vicesimo.

414 2917 569 2956 LIBER
597 2916 923 2957 TRIGESIMUS.

196 3029 284 3059 Inter
296 3028 467 3069 scriptores
476 2983 700 3069 Demopliiliisi
711 3007 833 3070 Ephori
850 3028 994 3061 historici
1008 3028 1107 3067 filius,
1122 3027 1179 3068 qui

157 3074 342 3106 derelictam
361 3083 379 3106 a
394 3077 484 3115 patre
498 3075 666 3107 historiam
682 3075 768 3115 belli,
783 3076 874 3116 quod
886 3078 1020 3109 Sacrum
1035 3075 1185 3107 nomina-

156 3123 222 3161 tur,
237 3121 463 3161 concinnavit,
483 3122 524 3154 ab
539 3131 578 3154 eo
595 3125 737 3164 tempore
751 3123 935 3164 exorditur,
951 3132 1017 3164 quo
1033 3121 1184 3164 Delphici
1211 3134 1216 3208 Ι

158 3167 279 3199 oraculi
294 3168 453 3209 templum
470 3177 489 3200 a
512 3170 690 3202 Philomelo
709 3171 868 3203 Phocensi
883 3173 1079 3213 occupatum
1095 3169 1184 3202 dire-

928 176 1119 215 EPHORI
1149 175 1476 216 FRAGMENTA.

1233 259 1291 299 τὸν
1311 261 1480 300 Φίλιστον
1514 261 1753 312 ἐγκωμιάζων.
1793 265 1848 299 Ex
1876 261 2032 311 Ephoro
2065 262 2255 300 Diodorus

1233 322 1346 366 XVI,
1387 322 1428 357 16
1445 334 1454 356 ε
1471 318 1516 358 ‘O
1542 318 1578 357 δὲ
1607 318 1794 366 Φίλιστος,
1826 318 2026 365 εὐλαὸηθεὶς
2051 318 2114 365 τὴν
2135 321 2174 357 ἐκ
2192 323 2255 367 τῆς

1233 377 1477 429 αἰχμαλωσίας
1493 377 1622 424 αἰκίαν,
1640 376 1760 415 ἑαυτὸν
1782 374 1990 429 ἀπέσφαξεν,
2005 376 2169 421 πλείστας
2193 377 2255 430 μὲν

1234 436 1294 474 καὶ
1311 435 1477 488 μεγίστας
1490 436 1608 490 χρείας
1628 434 1895 489 παρεσχημένος
1913 441 1984 479 τοῖς
2001 435 2189 488 τυράννοις,
2198 453 2257 476 πι-

1234 493 1399 538 στότατος
1415 494 1450 533 δὲ
1471 498 1539 534 τῶν
1557 495 1665 548 φίλων
1683 501 1753 538 τοῖς
1772 494 1953 538 δυνάσταις
1972 493 2131 546 γεγονώς.

1710 552 1726 602 ι’
1733 565 1794 604 53.

1287 627 1513 673 Anonymus
1529 624 1565 661 in
1586 624 1721 661 Ethica
1738 625 1821 661 Nic.
1837 624 2054 662 Aristotelis
2067 626 2135 672 111,
2160 625 2198 672 8,
2217 638 2256 676 p.

1237 689 1286 732 49
1310 686 1474 730 Manut.,
1492 682 1541 720 ad
1558 682 1623 720 illa
1643 696 1680 733 p.
1701 683 1762 731 50,
1788 686 1807 720 3
1825 682 1932 732 Syll).
1945 699 1951 719 z
1966 681 2082 753 Ὅπερ
2103 682 2192 721 κάπὶ
2207 683 2258 736 τῷ

1234 739 1396 811 Ἑρμαίῳ
1430 739 1575 787 συνέὸη·
1595 745 1666 784 τοῖς
1693 739 1755 791 μὲν
1775 741 1842 793 γὰρ
1872 740 2016 794 αἰσχρὸν
2044 740 2084 779 τὸ
2108 739 2258 793 φεύγειν,

1233 798 1293 836 καὶ
1312 801 1331 837 ὁ
1361 799 1506 842 θάνατος
1523 801 1585 845 τῆς
1610 798 1772 846 τοιαύτης
1802 798 1975 852 σωτηρίας
2008 799 2260 852 αἱρετώτερος.]

1235 857 1444 911 Ἑρμαῖον
1429 873 1464 895 εν
1484 857 1666 911 Κορωνεία
1684 861 1746 905 τῆς
1771 857 1938 900 Βοιωτίας
1957 856 2061 901 τόπος
2080 857 2171 896 ουτω
2193 873 2259 896 κα-

1234 915 1433 968 λούμενος’
1418 932 1491 954 εστι
1510 915 1682 960 πεδινος
1667 932 1702 954 εν
1720 919 1820 969 αὐτῇ,
1836 918 1906 954 τῶν
1926 915 2042 955 ἄλλων
2063 916 2260 967 ἀνωμάλων

1235 974 1360 1014 ὄντοιν·
1382 976 1416 1013 ἐν
1435 977 1464 1029 ᾧ
1479 974 1782 1028 παρατεταγμένοι
1808 974 1894 1013 ποτὲ
1920 977 2092 1029 Κορωνεῖς
2109 974 2170 1013 συν
2187 980 2259 1020 τοῖς

1238 1033 1467 1085 βοηθήσουσιν
1496 1035 1609 1077 αὐτοῖς
1639 1033 1867 1086 στρατιώταις
1901 1034 1942 1072 ἐκ
1969 1036 2030 1072 τοῦ
2061 1033 2262 1086 Μεταχοίου

1237 1093 1354 1144 (vulg.
1373 1090 1462 1142 μετὰ
1484 1091 1619 1144 τοίχου)
1639 1091 1729 1143 μετὰ
1752 1096 1820 1131 τῶν
1849 1094 2097 1146 Βοιωταρχῶν,
2121 1091 2179 1130 οτε
2198 1091 2262 1139 τὴν

1236 1149 1336 1188 πόλιν
1358 1148 1532 1188 κατέλαὸε
1549 1151 1667 1201 (vulg.
1680 1140 1904 1200 κατέλαὸον),
1916 1149 1976 1189 καὶ
1989 1149 2052 1197 τὴν
2071 1149 2260 1204 ἀκρόπολιν

1237 1212 1328 1260 εἶχεν
1358 1209 1412 1262 υφ’
1436 1211 1549 1262 ἑαυτῷ
1569 1207 1790 1261 Ὀνόμαρχος
1821 1209 1937 1261 (vulg.
1970 1211 1988 1247 ὁ
2012 1207 2214 1263 Μόναρχος)
2245 1212 2264 1248 ὁ

1238 1265 1386 1310 Φωκευς
1401 1268 1628 1320 προδοθεῖσαν
1647 1269 1763 1320 αὐτῷ,
1781 1267 1880 1306 αὖτοὶ
1898 1266 1961 1318 μὲν
1983 1267 2199 1319 μείναντες’
2179 1267 2266 1306 απέ-

1237 1328 1361 1364 θανονζ
1349 1325 1415 1364 υπὸ
1425 1328 1493 1363 τῶν
1506 1325 1595 1379 ἀμφὶ
1608 1341 1666 1364 τον
1681 1298 1904 1379 Ονόμαρχον
1919 1325 2036 1377 (vulg.
2047 1324 2265 1380 Μόναρχον),

1237 1383 1506 1427 ἀποκλείσαντες
1520 1382 1582 1427 τὰς
1596 1383 1720 1431 πύλας,
1737 1382 1795 1422 ἵνα
1815 1384 1931 1427 αὐτοῖς
1944 1383 2032 1434 μηδὲ
2047 1383 2267 1435 βουλομένοις

1237 1441 1327 1490 ἐξείη
1348 1449 1468 1495 φυγεῖν
1488 1442 1547 1481 καὶ
1567 1444 1772 1481 καταλιπεῖν
1792 1440 1856 1489 τὴν
1873 1441 2040 1495 πατρίδα.
2057 1444 2104 1482 Οἱ
2130 1441 2166 1480 δὲ
2195 1445 2265 1481 τῶν

1239 1503 1403 1540 Βοιωτῶν
1423 1500 1657 1553 βοηθήσαντες
1671 1502 1787 1544 αὐτοῖς
1804 1501 2132 1554 στρατιῶταιέκτοῦ
2141 1502 2268 1540 Μετα-

1236 1560 1334 1612 χοίου
1367 1561 1499 1613 (vulgo
1517 1560 1607 1613 μετὰ
1634 1560 1770 1613 τοίχου)
1784 1559 1908 1614 ἔφυγον
1930 1559 2026 1603 εὐθὺς
2039 1561 2074 1599 ἐν
2095 1562 2189 1614 ἀρχῇ
2205 1563 2268 1607 τῆς

1238 1619 1368 1672 μάχης,
1380 1618 1578 1671 αἰσθόμενοι
1602 1617 1662 1658 ἕνα
1679 1619 1839 1658 τεθνάναι
1861 1621 1930 1658 τῶν
1949 1621 2182 1672 Βοιωταρχῶν
2199 1618 2268 1659 Χί-

1238 1694 1344 1751 ρωνα.
1356 1678 1547 1732 Ἱστοροῦσι
1569 1678 1649 1731 περὶ
1659 1680 1720 1724 τῆς
1733 1677 1850 1730 μάχης
1858 1677 1986 1725 ταύτης
1999 1677 2270 1731 Κηφισσόδωρος

1236 1739 1272 1776 ἐν
1282 1740 1326 1790 τῇ
1344 1737 1522 1789 δωδεκάτῃ
1536 1739 1606 1775 τῶν
1621 1736 1699 1790 περὶ
1716 1740 1776 1774 τοῦ
1791 1739 1883 1790 ἱεροῦ
1903 1735 2072 1788 πολέμου,
2088 1735 2148 1774 καὶ
2164 1736 2269 1775 Ἀνα-

1237 1795 1375 1847 ξιμένης
1393 1797 1427 1834 ἐν
1447 1798 1491 1848 τῇ
1506 1795 1653 1849 τετάρτῃ
1667 1797 1736 1833 τῶν
1748 1795 1827 1848 περὶ
1844 1794 2039 1844 Φίλιππον,
2050 1795 2107 1833 καὶ
2119 1791 2270 1848 Ἔφορος

1237 1857 1271 1893 ἐν
1289 1857 1333 1907 τῇ
1351 1857 1553 1907 τριακοστῇ.

1289 1913 1415 1952 Verba
1453 1913 1542 1964 μετὰ
1576 1912 1696 1965 τοίχου
1728 1921 1765 1950 et
1788 1915 1806 1950 ὁ
1834 1911 2021 1966 Μόναρχος
2053 1913 2270 1950 emendavit

1236 1977 1377 2018 Marx.;
1394 1971 1566 2010 κατέλαὸε
1585 1985 1656 2022 pro
1672 1969 1865 2008 κατέλαὸον
1886 1971 1992 2008 dedit
2007 1974 2048 2008 C.
2062 1974 2109 2009 Ο.
2121 1971 2268 2008 Miiller.

1237 2034 1274 2070 in
1297 2032 1431 2082 Minyis
1447 2044 1486 2082 p.
1513 2037 1600 2075 4²1·

1292 2091 1475 2142 stephan.
1495 2086 2000 2141 ΒΥΖ.;Μετάχοιον,φρούριον
2022 2086 2191 2130 Βοιωτίας
2204 2102 2270 2138 με-

1236 2148 1321 2194 ταξὺ
1338 2148 1558 2202 Ὀρχομενοῦ
1577 2163 1635 2185 και
1656 2145 1862 2200 Κορωνείας.
1884 2145 2037 2200 Ἔφορος
2064 2146 2270 2199 τριακοστῷ.

1237 2209 1291 2248 Τὸ
1309 2208 1455 2255 ἐθνικὸν,
1473 2209 1513 2245 ἐκ
1530 2205 1744 2258 Μεταχοίου.

1280 2354 1351 2384 Νοιι
1375 2350 1454 2383 satis
1466 2349 1592 2382 sobrius
1601 2349 1750 2389 Ephorus
1758 2351 1818 2389 est,
1828 2349 1907 2380 dum
1926 2348 2097 2380 Philistum
2121 2347 2269 2380 celebrat·

1287 2398 1443 2431 Philistus
1459 2399 1497 2428 ut
1513 2398 1642 2436 vitaret,
1666 2405 1741 2436 quae
1756 2395 1789 2427 in
1806 2396 1952 2436 captivos
1967 2394 2128 2426 committi
2144 2394 2268 2433 solent,

1247 2446 1364 2487 probra
1382 2447 1415 2478 et
1438 2444 1600 2476 cruciatus
1614 2467 1623 2483 ,
1643 2447 1780 2475 mortem
1806 2442 1867 2474 sihi
1890 2442 2069 2481 conscivit;
2097 2444 2270 2484 postquam

1239 2494 1420 2525 maximum
1448 2492 1498 2524 sui
1523 2500 1620 2523 usum
1637 2493 1785 2531 tyrannis
1806 2489 1998 2531 praebuisset
2014 2513 2023 2528 ‚
2045 2497 2272 2530 summamque

1248 2539 1322 2571 fidei
1345 2539 1561 2580 integritatem
1583 2546 1651 2578 prae
1673 2537 1788 2570 ceteris
1816 2535 1930 2568 amicis
1950 2535 2149 2576 principibus
2172 2534 2271 2568 decla-

1247 2587 1361 2618 rasset.

1713 2643 1799 2676 153.

1283 2709 1468 2740 Hermaeum
1511 2710 1668 2740 Coroneae.
1696 2706 1731 2737 in
1757 2705 1881 2738 Boeotia
1927 2703 2017 2736 locus
2045 2703 2095 2735 est
2129 2702 2269 2744 planus,
2299 2746 2301 2750 Ι

1245 2762 1348 2794 quum
1366 2753 1480 2794 reliqui
1507 2754 1572 2785 sint
1592 2753 1779 2793 inaequales.
1802 2751 1852 2783 Ibi
1879 2752 2082 2784 coronenses
2103 2748 2270 2789 quondam

1242 2802 1273 2832 et
1286 2800 1341 2841 qui
1353 2809 1392 2832 ex
1409 2800 1585 2831 Metachoeo
1597 2798 1773 2831 auxiliandi
1789 2807 1904 2830 caussa
1914 2798 2046 2829 aderant
2061 2795 2181 2828 milites
2194 2803 2269 2828 cum
2279 2819 2298 2842 -.‘

1242 2847 1442 2879 Boeotarchis
1458 2846 1491 2878 in
1509 2847 1576 2878 acie
1590 2846 1752 2887 collocati,
1769 2854 1871 2887 quum
1889 2844 2002 2876 urbem
2023 2843 2206 2884 cepissetet
2224 2850 2272 2875 ιιῠ
2288 2875 2294 2879 ,

1242 2903 1312 2926 cem
1322 2896 1446 2926 teneret
1458 2894 1682 2925 Onomarchus
1696 2894 1870 2925 Phocensis
1880 2891 2062 2932 proditione
2068 2890 2096 2922 ei
2106 2889 2270 2928 traditam,

1243 2941 1303 2982 ipsi
1313 2941 1445 2981 quidem
1457 2940 1585 2972 hostem
1597 2940 1794 2972 sustinentes
1807 2940 1847 2970 ah
1860 2937 2054 2970 Onomarchi
2064 2935 2164 2977 copiis
2176 2936 2286 2979 inter-3

1242 2989 1322 3020 emti
1338 2990 1435 3026 sunt,
1467 2991 1640 3028 postquam
1663 2988 1773 3027 portas
1789 2985 1992 3021 clauserant,
2006 2986 2041 3015 ut
2058 2991 2191 3015 omnem
2209 2981 2298 3020 siffis

1244 3034 1328 3075 fugae
1346 3034 1546 3075 patriamque
1570 3033 1814 3086 derelinquendi
1840 3039 1931 3072 spem
1954 3029 2191 3071 praeciderent;
2214 3027 2289 3070 sed<

1244 3082 1300 3122 qui
1322 3090 1362 3113 ex
1386 3081 1566 3113 Metaohoeo
1592 3080 1693 3112 Boeoti
1710 3080 1750 3111 iis
1767 3078 1889 3110 auxilio
1908 3079 2018 3113 erant,
2036 3076 2147 3108 statim
2174 3075 2288 3108 initio?

1243 3129 1366 3170 proelii,
1385 3137 1488 3169 quum
1504 3127 1698 3166 Chironem,
1722 3135 1762 3158 ex
1787 3124 1986 3157 Boeotarchis
2003 3132 2121 3163 unum,
2149 3122 2270 3155 interse-
2290 3123 2292 3133 ”
2319 3138 2320 3161 ;

1244 3178 1333 3208 ctum
1352 3175 1522 3214 vidissent,
1542 3175 1615 3214 suga
1629 3182 1703 3214 qua
1706 3173 1852 3205 siverunt
1868 3171 2018 3203 salutem.
2047 3171 2185 3202 Narrant
2209 3169 2289 3203 her.

159 3222 316 3260 ptumque
340 3220 411 3252 suit.
427 3221 551 3253 Bellum
565 3231 642 3254 vero
659 3223 690 3255 id
704 3233 761 3265 per
778 3232 880 3256 annos
899 3223 1061 3262 undecim,
1080 3222 1184 3255 donec
1211 3211 1217 3243 Ι
1244 3223 1393 3264 proelium
1412 3221 1668 3263 Cephissodorus
1697 3220 1778 3252 libro
1792 3219 1918 3251 decimo
1947 3218 1988 3249 de
2004 3217 2087 3249 bello
2113 3220 2220 3256 Sacro,
2234 3206 2292 3259 οἴζ

159 3275 259 3299 sacrae
274 3267 422 3308 pecuniae
438 3270 548 3308 raptor
549 3279 583 3301 es
599 3270 715 3302 misere
732 3271 915 3312 periissent,
932 3270 1074 3303 duravit

630 3319 643 3350 1
655 3320 700 3350 52
709 3343 716 3350 .

202 3360 350 3401 Ephorus
365 3360 493 3400 quidem
510 3361 570 3400 ait,
602 3364 771 3397 Philistum
783 3387 791 3402 ‚
805 3364 883 3396 dum
899 3364 992 3396 navis
1010 3363 1080 3405 ejus
1100 3363 1184 3404 capi-

161 3409 226 3447 tur,
244 3407 372 3439 sibimet
384 3408 489 3447 ipsum
507 3416 621 3439 manus
634 3410 788 3441 intulisse.

1247 3269 1472 3302 Anaximemes
1498 3271 1613 3309 quarto
1637 3267 1679 3300 de
1703 3266 1842 3307 Philippi
1867 3265 1964 3298 rebus
1980 3265 2102 3305 gestis,
2129 3271 2191 3296 nec
2203 3268 2269 3294 ιιοιι

1244 3316 1395 3357 Ephorus
1413 3315 1585 3346 tricesimo.

1285 3363 1510 3401 Metachoeum,
1530 3361 1699 3394 castellum
1725 3361 1838 3393 Boeotiz
1840 3369 1859 3391 c
1884 3358 1969 3392 inter
1983 3358 2221 3390 Orchomenum
2236 3354 2271 3390 ἃ

1212 3375 1219 3437 l
1245 3413 1433 3444 coioneam.
1450 3409 1598 3450 Ephorus
1611 3408 1786 3442 tricesimo.
