2294 3704
159 193 283 221 Lxxv1

159 266 382 320 συγγραφέως
401 268 452 311 τίς
474 268 536 306 οὐκ
557 267 597 305 ἂν
621 267 933 317 ἀποδοκιμάσειεν;
956 268 993 304 οὒ
1012 266 1079 320 γὰρ
1103 268 1170 319 μό-

158 340 235 373 νον,
263 324 315 364 οτι
348 324 531 378 μαχόμενα
559 325 651 376 λέγει
678 324 761 377 πρὸς
785 323 848 370 τὴν
878 327 980 362 αυτοῦ
1009 325 1169 379 πρόθεσιν

159 374 285 427 ὀίξιός’
270 399 361 422 εστιν
379 383 630 456 ἐπιτιμήσεως,
653 381 743 420 ἀλλὰ
759 381 818 420 καὶ
836 381 922 420 διότι
941 383 1170 437 κατέψευσται

156 447 215 481 τοῦ
229 459 266 481 τε
286 442 453 495 βασιλέως
470 442 527 480 καὶ
556 458 624 479 των
654 442 785 494 φίλων,
811 441 869 481 καὶ
889 442 1055 492 μάλιστα,
1084 443 1170 483 διότι

156 499 195 539 τὸ
214 503 335 555 ψεῦδος
355 504 506 554 αἰσχρῶς
536 501 595 539 καὶ
624 503 785 553 ἀπρεπῶς
807 501 1011 540 διατέθειται
1034 504 1099 547 (cf.
1125 505 1168 542 fr.

159 560 260 609 249).
278 560 460 597 Athenaeo
479 559 563 608 (VI,
584 560 725 609 p.254‚
742 560 783 606 B)
804 569 861 597 est
887 560 1168 612 δυσμενέστατος,

156 618 282 656 Suidae
305 618 356 668 (v.
376 616 541 669 Ἔφορος)
557 617 678 670 πικρὸς
693 617 751 656 καὶ
770 618 954 665 κακοήθης.
978 623 1063 670 Ipse
1077 621 1169 658 Dio-

155 676 284 724 nysius
302 676 323 712 Ι.
348 675 387 722 1.,
411 676 504 712 alias
532 676 637 712 omni
655 676 766 714 laude
790 677 1085 728 Theopompum
1105 692 1168 716 or-

154 745 266 779 nans,
293 732 430 768 multos
450 731 498 768 ab
522 745 568 770 eo
590 746 706 784 supra
725 734 881 771 modum
900 734 1094 785 objurgari
1114 736 1169 773 di-

153 790 225 835 cit,
243 790 382 826 deinde
402 791 527 840 pergit
543 804 550 827 :
568 789 631 829 Διὸ
656 791 716 829 καὶ
741 791 910 843 βάσκανος
929 791 1038 837 ἔδοξεν
1067 787 1166 840 εἶναι,

151 846 409 899 προλαμὸάνων
438 847 518 886 τινὰ
541 853 610 891 τοῖς
638 849 843 900 ὀνειδισμοῖς
868 849 927 887 καὶ
952 850 996 888 τὰ
1018 853 1088 888 τῶν
1108 853 1167 889 ε’ν-

152 903 257 949 δόξων
291 903 488 958 προσώπων
517 907 580 944 οὗκ
607 907 780 958 ἀναγκαῖα
805 908 1019 962 πράγματα·
1050 909 1166 959 ὅμοιόν

149 979 184 1001 τι
203 966 311 1001 ποιῶν
334 970 405 1007 τοῖς
433 965 584 1018 ἰατροῖς,
615 964 650 1004 οἳ
679 964 844 1016 τέμνουσι
874 967 934 1004 καὶ
963 966 1098 1005 καίουσι
1124 965 1167 1005 τὰ

150 1021 385 1074 διεφθαρμένα
401 1026 460 1060 τοῦ
483 1021 661 1073 σώματος,
681 1026 726 1067 ὡς
746 1026 793 1069 εἷς
817 1025 918 1076 βάθος
934 1024 978 1063 τὰ
994 1025 1166 1078 καυτήρια

150 1079 211 1117 καὶ
233 1079 294 1124 τὰς
316 1078 423 1131 τομὰς
454 1080 632 1133 φέροντες,
661 1081 738 1120 οὐδὲ
769 1085 837 1121 τῶν
858 1082 1080 1182 ὑγιαινόντων
1106 1084 1165 1122 καὶ

149 1137 240 1176 κατὰ
263 1138 363 1191 φύσιν
377 1138 526 1190 εχόντων
548 1140 807 1192 στοχαζόμενοι.

205 1201 345 1235 Praeter
381 1198 685 1236 maledicentiam
728 1200 978 1251 Theopompo
1017 1201 1166 1238 crimini

150 1264 357 1292 vertuntur
377 1256 674 1295 innumerabiles
703 1272 797 1308 quas
822 1259 991 1296 narravit
1016 1259 1165 1296 fabulae.

148 1313 224 1351 Cic,
248 1318 305 1351 De
337 1314 432 1364 legg.
450 1318 481 1362 I,
504 1329 535 1353 1.
561 1317 688 1361 Quare
707 1318 856 1354 AEliano
872 1320 931 1368 (V.
947 1320 994 1355 H.
1015 1321 1083 1365 Ill,
1106 1317 1166 1367 18)

150 1371 291 1408 dicitur
316 1371 421 1415 δεινὸς
445 1372 645 1423 μυθολόγος.
676 1378 857 1426 Spectant
874 1376 953 1413 haec
973 1377 1166 1426 praecipue

149 1429 198 1466 ad
233 1429 426 1468 mirabilia
454 1432 542 1480 illa,
576 1446 739 1482 quorum
769 1435 957 1484 permulta
987 1435 1166 1472 Historiis

146 1489 223 1525 suis
243 1489 415 1526 inseruit.
447 1490 506 1527 Ad
526 1492 678 1540 mythos
701 1491 904 1529 historicos
926 1493 1078 1529 nonnisi
1097 1492 1166 1530 ubi

146 1546 234 1583 data
247 1547 446 1584 occasione
463 1548 510 1584 ad
527 1549 790 1599 antiquissima
811 1558 984 1600 tempora
1006 1551 1165 1588 adscen-

145 1604 202 1641 dit
217 1634 228 1655 ,
259 1606 385 1656 potuit
411 1607 613 1657 respicere.
646 1608 762 1653 Quod
781 1622 875 1646 vero
899 1609 983 1659 ipse
1006 1611 1165 1659 profite-

144 1671 208 1700 tur
227 1677 266 1700 se
288 1665 420 1702 melius
442 1679 555 1715 quam
576 1667 814 1704 Herodotum
827 1698 836 1715 ‚
857 1668 1021 1705 Ctesiam
1034 1697 1044 1714 ‚
1069 1670 1164 1706 Hel-

143 1721 306 1758 lanicum
341 1736 543 1774 rerumque
572 1725 789 1762 Indicarum
811 1725 1018 1775 scriptores
1046 1725 1162 1763 fabu-

141 1781 196 1817 las
220 1789 460 1818 narraturum
489 1796 569 1820 esse
596 1782 748 1834 (Strabo
772 1787 811 1834 I,
834 1797 872 1833 p.
896 1790 967 1822 116
995 1783 1054 1820 ed.
1076 1785 1162 1821 Sie—

141 1837 267 1890 benk.)
284 1868 295 1888 ,
326 1840 398 1877 hoc
421 1840 469 1877 ad
495 1841 589 1878 illud
611 1840 825 1878 fabularum
848 1854 966 1890 genus
984 1842 1160 1878 referen—

141 1897 233 1934 dum
248 1906 315 1944 est,
334 1911 495 1947 quarum
514 1899 738 1949 praeclarum
759 1900 953 1950 specimen
978 1901 1163 1951 suppedi—

141 1963 196 1991 tat
215 1955 261 1992 de
276 1956 378 1993 Mida
409 1965 446 1993 et
466 1957 596 1994 sileno
626 1958 795 1995 narratio
818 1958 878 2008 (fr.
901 1959 977 2008 76).
1011 1961 1160 1997 Etenim

140 2013 351 2063 allegoricae
365 2024 465 2063 sunt,
475 2024 517 2052 ut
531 2016 689 2053 moralia
705 2025 894 2067 praecepta
916 2018 1087 2067 quaedam
1101 2032 1163 2056 ex-

139 2073 336 2123 primeret,
350 2073 397 2110 ab
409 2074 493 2123 ipso
507 2074 670 2111 inventae
683 2075 741 2112 vel
755 2075 803 2111 ad
817 2089 907 2112 usus
921 2089 1007 2113 suos
1018 2090 1162 2114 accom-

139 2131 445 2182 modatae‚neque
464 2145 596 2169 earum
617 2131 821 2180 absimiles,
837 2147 922 2183 quae
941 2134 980 2170 in
994 2135 1160 2172 Platonis

138 2190 299 2241 dialogis
327 2192 517 2241 leguntur.
542 2192 646 2229 Talis
677 2193 757 2230 sine
789 2192 909 2230 dubio
945 2192 1016 2230 fuit
1046 2194 1158 2231 etiam

138 2251 243 2298 μῦθος
256 2253 315 2287 τοῦ
329 2249 482 2300 πολέμου
497 2249 556 2287 καὶ
570 2252 631 2296 τῆς
644 2249 775 2302 ῧὸρεως
787 2281 797 2298 ,
809 2264 922 2300 quem
939 2251 1040 2288 libro
1056 2252 1159 2289 vice-

137 2307 234 2344 simo
261 2321 433 2345 narrasse
454 2308 594 2345 dicitur
605 2307 652 2359 (v.
665 2309 710 2346 sr.
734 2307 836 2359 139).
853 2309 918 2346 Uti
941 2322 1029 2346 vero
1056 2310 1159 2359 apud

137 2366 334 2403 Platonem
344 2365 481 2403 fabulae
492 2366 564 2403 illae
578 2367 725 2416 optimo
741 2367 901 2404 consilio
913 2367 1156 2416 adhibentur,

136 2423 190 2460 sic
210 2423 250 2460 iu
278 2424 463 2461 historico
486 2437 603 2474 opere
621 2438 685 2462 eos
715 2424 921 2462 admodum
942 2425 1157 2475 superfluos

136 2494 216 2517 esse
241 2490 412 2532 apparet.
428 2482 634 2531 Dionysius
654 2482 738 2519 Hal.
762 2483 786 2519 l.
802 2483 846 2519 l.:
867 2481 973 2521 Ἔστι
990 2483 1027 2520 δέ
1047 2482 1069 2520 ἃ
1097 2483 1155 2521 καὶ

134 2538 226 2577 κατὰ
246 2539 302 2577 τὸν
319 2539 562 2592 πραγματικὸν
584 2539 709 2593 τρόπον
729 2539 944 2591 ἁμαρτάνει,
964 2540 1024 2578 καὶ
1045 2541 1155 2592 μάλι-

134 2613 200 2635 στα
219 2596 310 2635 κατὰ
335 2597 397 2640 τὰς
424 2597 629 2650 παραδολάς
656 2597 888 2651 (παρεκὸολὰς
907 2600 1153 2638 Valckenaer.

135 2656 371 2706 perperam)
388 2653 464 2692 οὔτε
487 2653 555 2707 γὰρ
582 2654 770 2705 ἀναγκαῖαί
791 2671 879 2698 τινες
897 2658 1010 2694 αὐτῶν
1028 2655 1101 2695 οὔτ’
1119 2659 1152 2696 ἐν

133 2713 246 2763 καιρῶ
265 2710 464 2762 γινόμεναι,
483 2710 572 2750 πολυ
594 2710 629 2750 δὲ
651 2712 690 2750 τὸ
713 2713 932 2755 παιδιῶδεςέ
917 2713 1150 2767 εμφαίνουσι·

134 2769 169 2805 ἐν
190 2763 238 2812 οἷς
261 2771 334 2807 ἐστι
350 2769 502 2823 καὶπερὶ
520 2772 690 2817 Σειληνου
710 2786 769 2809 του
789 2770 952 2823 φανέντος
973 2774 1007 2809 ἐν
1030 2774 1152 2810 Μακε-

135 2827 229 2864 δονία
259 2828 318 2866 καὶ
356 2828 400 2866 τὰ
441 2829 520 2883 περὶ
560 2833 618 2867 τοῦ
656 2828 837 2882 δράκοντος
869 2846 928 2868 του
957 2831 1152 2882 διαναυμα-

134 2866 306 2937 χήσόιντος
338 2888 422 2941 πρὸς
451 2888 513 2935 τὴν
549 2887 674 2942 τριήρη
712 2889 771 2926 καὶ
803 2888 892 2926 ἄλλα
922 2887 1055 2933 τούτοις
1090 2892 1151 2929 οὐκ

135 2944 235 2995 ὀλίγα
262 2944 377 2996 ὅμοια.
410 2950 546 2998 Neque
574 2961 664 2985 sane
703 2956 783 2985 erat
826 2961 893 2985 cur
933 2956 1090 2985 ornatus
1113 2958 1151 2986 et

133 3002 326 3040 varietatis
355 3018 486 3042 caussa
519 3006 796 3056 Theopompus
820 3005 958 3043 talibus
992 3019 1150 3056 operam

134 3059 242 3095 daret
256 3088 266 3106 ,
295 3074 413 3110 quum
456 3063 546 3100 huic
581 3064 635 3101 rei
661 3064 741 3114 jam
781 3064 856 3101 alio
894 3063 1007 3101 modo
1044 3063 1149 3113 justo

134 3118 220 3167 plus
258 3120 518 3158 consuluisset.
558 3125 805 3172 Quantopere
840 3122 940 3159 enim
976 3122 1149 3159 excursi-

134 3174 208 3212 bus
232 3184 269 3212 ct
294 3177 592 3227 digressionibus
619 3194 716 3231 opus
740 3194 850 3218 suum
879 3194 958 3217 non
982 3187 1057 3217 tam
1089 3193 1149 3217 or-

135 3234 283 3270 naverit
316 3248 428 3284 quam
447 3239 687 3285 oneraverit,
702 3252 815 3289 supra
850 3239 992 3276 affatim
1005 3267 1014 3285 ‚
1038 3246 1146 3288 pute,

135 3291 312 3338 vidimus,
331 3305 453 3342 neque
471 3295 583 3330 semel
617 3295 656 3332 id
685 3309 706 3332 a
729 3296 923 3333 veteribus
947 3297 1146 3347 vitupera-

137 3357 228 3387 tum.
250 3350 394 3388 Theou.
432 3354 632 3402 Progymn.
662 3367 699 3403 p.
730 3359 775 3398 44
797 3369 804 3390 :
838 3353 1078 3403 Παραιτητέον
1110 3353 1146 3392 δὲ

986 181 1054 220 DE
1073 183 1400 224 THEOPOMPO.

1229 269 1290 307 καὶ
1334 267 1374 307 τὸ
1418 269 1650 323 παρεκὸάσεις
1678 269 1957 321 ἐπεμὸάλλεσθαι
1996 270 2122 321 μεταξὺ
2162 273 2241 320 διη-
2264 271 2265 275 ’

1228 326 1363 378 γήσεως
1394 327 1548 381 μακράς·
1578 329 1617 366 οὐ
1642 326 1708 381 γὰρ
1733 329 1852 370 ἁπλῶς
1882 327 1951 381 χρὴ
1975 334 2090 368 πᾶσαν
2112 345 2243 383 παραιε

1228 388 1372 434 τεῖσθαι,
1392 386 1545 439 καθάπερ
1562 389 1580 425 ὁ
1597 386 1766 430 Φίλιστος
1778 400 1785 408 ·
1809 386 1978 425 ἀναπαύει
1997 387 2064 439 γὰρ
2085 387 2148 435 τὴν
2167 389 2242 428 διά-

1227 457 1322 481 νοιαν
1339 446 1408 481 τῶν
1422 445 1600 497 ἀκροατῶν
1613 457 1621 466 ·
1647 444 1737 481 ἀλλὰ
1755 444 1817 492 τὴν
1831 444 2043 492 τηλικαύτην
2060 445 2100 484 τὸ
2119 449 2240 497 μῆκος,

1227 500 1303 547 ἥτις
1318 502 1543 554 ἀπαλλοτριοῖ
1562 501 1624 548 τὴν
1640 502 1790 540 διάνοιαν
1805 505 1873 541 τῶν
1889 503 2135 556 ἀκροωμένων,
2150 504 2242 543 ὥστε

1228 560 1359 597 δεῖσθαι
1387 559 1492 598 πάλιν
1523 559 1752 610 ὑπομνήσεως
1781 564 1851 599 τῶν
1883 562 2166 615 προειρημένων,
2194 565 2242 606 ὣς

1227 617 1477 670 Θεόπομπος’
1462 633 1497 655 εν
1525 623 1599 660 ταῖς
1622 618 1866 661 Φιλιππικαῖς.
1899 618 1970 657 Δύο
1996 619 2062 672 γάρ
2088 635 2155 658 που
2180 620 2239 659 καὶ

1226 681 1315 727 τρεῖς
1334 674 1392 712 καὶ
1408 674 1575 717 πλείους
1566 675 1714 727 ιστορίας
1737 674 1818 719 ὅλας
1840 675 1930 714 κατὰ
1952 677 2167 730 παρέκὸασιν
2189 681 2242 716 εὓ-

1229 733 1392 785 ρήσομεν,
1417 734 1451 770 ἐν
1479 736 1531 775 αἱς
1554 734 1619 784 οὐχ
1637 731 1729 777 ὅπως
1745 734 1951 783 Φιλίππου,
1973 736 2049 773 ἀλλ’
2063 735 2140 774 οὐδὲ
2160 738 2242 775 Μα-

1226 791 1359 832 κεδόνος
1375 790 1464 833 τινὸς
1479 790 1590 839 ὄνομά
1607 791 1713 828 ἐστιν.

1280 849 1477 886 Orationis
1503 848 1668 898 denique
1685 862 1803 899 genus
1822 850 1861 887 in
1885 851 2140 903 Theopompo
2162 866 2240 892 non

1226 906 1320 943 illud
1343 914 1423 952 est,
1447 905 1552 955 quod
1573 907 1709 943 Cicero
1730 907 1768 943 in
1788 907 1971 946 historico
1990 911 2073 947 vult
2086 939 2096 957 ,
2116 911 2240 949 susum

1226 971 1341 1012 atque
1364 970 1525 1000 tractum
1543 971 1682 1000 etcum
1702 964 1855 1002 lenitate
1875 965 2039 1015 quadam
2061 967 2240 1017 aequabili

1226 1020 1419 1070 profluens
1434 1049 1445 1067 ,
1471 1020 1553 1057 siue
1574 1020 1644 1057 hac
1667 1020 1841 1070 judiciali
1861 1023 2067 1072 asperitate
2091 1033 2129 1062 et
2159 1026 2240 1064 sine

1225 1078 1499 1116 sententiarum
1527 1079 1735 1116 forensium
1763 1080 1931 1128 aculeis,
1961 1082 2028 1119 sed
2056 1096 2239 1122 numero-

1225 1149 1308 1173 sum
1327 1137 1420 1173 illud
1437 1145 1474 1173 et
1494 1136 1634 1173 elatum
1654 1139 1819 1174 oratoris
1840 1139 2019 1176 Isocratis
2039 1140 2240 1192 disciplina

1226 1193 1389 1232 formati.
1429 1198 1556 1240 Quare
1585 1194 1624 1231 in
1656 1195 1881 1232 universum
1905 1197 1952 1234 de
1982 1198 2239 1251 Theopompo

1226 1252 1371 1299 valent,
1390 1266 1472 1302 quae
1493 1266 1609 1303 supra
1628 1252 1791 1291 diximus
1816 1254 1862 1291 de
1876 1255 2046 1305 Ephoro.
2077 1260 2136 1294 De
2152 1261 2238 1296 No-

1225 1318 1303 1346 stro
1339 1311 1598 1360 particulatim
1622 1310 1742 1348 verba
1771 1312 1860 1348 facit
1893 1313 2099 1362 Dionysius
2130 1315 2236 1365 (Hal.

1225 1369 1311 1419 (Ep.
1331 1369 1390 1405 ad.
1410 1371 1477 1406 Cn.
1497 1372 1631 1420 Pomp.
1654 1383 1691 1420 p.
1718 1370 1838 1421 132):
1862 1368 1907 1409 ‘O
1930 1370 1964 1407 δὲ
1982 1370 2136 1416 λεκτικὸς
2155 1374 2239 1425 (χα-

1227 1425 1385 1480 ρακτὴρ),
1409 1428 1474 1475 ait,
1495 1427 1712 1481 Ἰσοκράτει
1707 1427 1902 1466 unimam*
1883 1443 1996 1467 εοικε·
2018 1430 2154 1483 καθαρὰ
2171 1431 2238 1486 γὰρ

1225 1487 1246 1531 ἡ
1269 1483 1357 1528 λέξις
1376 1484 1435 1522 καὶ
1456 1484 1552 1531 κοινὴ
1573 1500 1633 1523 και
1656 1485 1788 1539 σαφὴς,
1810 1486 1925 1539 ὑψηλή
1948 1502 1986 1524 τε
2004 1502 2065 1525 και
2085 1490 2240 1560 μεγαλο-

1227 1543 1361 1596 πρεπὴς
1386 1543 1445 1581 καὶ
1465 1542 1505 1581 τὸ
1526 1544 1701 1594 πομπικὸν
1723 1544 1852 1596 ἔχουσα
1865 1543 1966 1594 πολυ,
1983 1546 2238 1598 συγκειμένητε

1225 1600 1314 1639 κατὰ
1342 1600 1403 1647 τὴν
1425 1601 1534 1651 μέσην
1557 1602 1746 1654 ἁρμονίαν,
1766 1602 1875 1650 ἡδέως
1903 1603 1961 1640 καὶ
1991 1605 2157 1654 μαλακῶς
2179 1605 2238 1659 ῥέ-

1225 1659 1540 1698 ουσα.Διαλλάττει
1559 1659 1596 1698 δὲ
1612 1660 1909 1715 τῆςἸσοκρατείου
1929 1661 2018 1699 κατὰ
2038 1663 2100 1709 τὴν
2116 1662 2239 1717 πικρό-

1223 1734 1313 1764 τητα
1337 1717 1396 1755 καὶ
1417 1717 1475 1756 τὸν
1499 1717 1595 1756 τόνον
1625 1718 1681 1756 ἐπ’
1707 1718 1805 1757 ἐνίων
1821 1749 1831 1767 ,
1860 1718 1940 1756 ὅταν
1968 1719 2134 1774 ἐπιτρέψῃ
2167 1727 2238 1765 τοῖς

1224 1777 1389 1824 πάθεσιν,
1414 1775 1566 1827 μάλιστα
1590 1775 1673 1814 ὅταν
1705 1777 1848 1829 ὀνειδίζῃ
1874 1776 2014 1816 πόλεσιν
2037 1777 2060 1824 ἢ
2083 1794 2238 1832 στρατη-

1223 1840 1294 1886 γοὶς
1308 1834 1443 1886 πονηρὰ
1465 1833 1685 1885 βουλεύματα
1708 1834 1766 1872 καὶ
1786 1834 1925 1887 πράξεις
1945 1835 2092 1878 ἀδίκους.
2119 1836 2237 1881 Πολὺς

1222 1893 1287 1946 γὰρ
1313 1893 1346 1930 ἐν
1375 1890 1506 1935 τούτοις
1525 1891 1584 1930 καὶ
1606 1895 1667 1939 τῆς
1689 1893 1928 1943 Δημοσθένους
1949 1893 2138 1940 δεινότητος
2160 1894 2236 1934 οὐδὲ

1222 1948 1310 1988 κατὰ
1327 1949 1448 2004 μικρὸν
1474 1949 1643 2003 διαφέρει,
1663 1953 1708 1994 ὡς
1725 1950 1765 1987 ἄν
1791 1966 1842 1995 τις
1869 1952 1934 1989 ἴδοι
1959 1953 1998 1989 ἐκ
2015 1954 2084 1990 τῶν
2105 1954 2235 2005 ἀρχαϊ-

1221 2011 1290 2046 κῶν
1315 2010 1530 2056 ἐπιστολῶν,
1557 2008 1596 2051 ἃς
1621 2025 1671 2061 τῳ
1690 2008 1869 2059 πνεύματι
1900 2009 2086 2070 ἐπιτρέψας
2108 2011 2237 2066 γέγρα-

1221 2083 1292 2120 φεν.
1326 2070 1372 2107 Εἰ
1393 2068 1420 2106 δ’
1436 2069 1610 2120 ὑπερεῖδεν
1634 2070 1668 2106 ἐν
1697 2067 1854 2116 τούτοις,
1879 2068 1931 2122 ἐφ’
1948 2071 1995 2111 οῖς
2016 2069 2169 2120 μάλιστα
2193 2070 2233 2110 ἂν

1219 2126 1424 2174 ἐσπούδακε,
1447 2130 1506 2173 τῆς
1526 2143 1564 2165 τε
1582 2128 1785 2178 συμπλοκης
1802 2129 1870 2165 τῶν
1894 2126 2098 2178 φωνηέντων
2118 2144 2234 2181 γραμ-

1219 2185 1338 2236 μάτων
1353 2186 1413 2237 (cf.
1430 2186 1586 2234 Quintil.
1606 2189 1676 2234 IX,
1697 2192 1732 2232 4,
1751 2186 1855 2236 35)κ
1834 2201 1892 2223 και
1913 2201 1972 2232 της
1993 2187 2157 2233 κυκλικης
2176 2189 2234 2225 εὐ-

1219 2244 1362 2296 ρυθμίας
1382 2246 1450 2282 τῶν
1477 2243 1645 2296 περιόδων
1665 2259 1726 2282 και
1753 2259 1814 2290 της
1838 2243 2028 2293 ὁμοειδείας
2052 2246 2120 2281 τῶν
2141 2259 2233 2296 σχη-

1218 2304 1431 2353 ματισμῶν,
1459 2300 1548 2339 πολυ
1571 2301 1719 2352 ἀμείνων
1742 2301 1782 2340 ἂν
1805 2304 1846 2348 ἠν
1873 2301 1973 2346 αὐτὸς
2003 2303 2124 2339 ἑαυτοῦ
2142 2302 2231 2341 κατὰ

1216 2359 1278 2407 τὴν
1299 2359 1434 2414 φράσιν.

1269 2423 1410 2457 Verum
1431 2419 1478 2457 ab
1497 2419 1571 2457 hoc
1596 2419 1771 2457 encomio
1791 2419 1904 2468 longe
1929 2417 2068 2456 absunt
2084 2418 2231 2469 judicia

1215 2477 1388 2515 aliorum.
1403 2477 1563 2527 Longin.
1578 2476 1668 2530 Περὶ
1684 2476 1787 2529 ὕψους
1808 2478 1856 2520 43
1874 2489 1883 2512 ε
1902 2474 2006 2522 Δεινὴ
2023 2475 2052 2513 δ’
2068 2477 2230 2527 αἰσχῦναι

1214 2534 1256 2574 τὰ
1270 2536 1397 2587 μεγέθη
1418 2534 1477 2573 καὶ
1497 2539 1517 2581 ἡ
1536 2535 1703 2588 μικρότης
1720 2537 1789 2573 τῶν
1806 2532 1982 2584 ὀνομάτων
2065 2533 2228 2584 Θεόπομ-

1213 2610 1275 2639 πος
1298 2597 1478 2648 ὑπερφυῶς
1497 2594 1668 2638 σκευάσας
1694 2592 1757 2640 τὴν
1783 2597 1842 2630 τοῦ
1873 2591 2011 2645 Πέρσου
2033 2591 2227 2630 κατάὸασιν

1213 2652 1266 2690 ἐπ’
1283 2652 1460 2704 Αἴγυπτον
1477 2651 1671 2702 ὀνοματίοις
1691 2651 1761 2690 τισὶ
1780 2650 1824 2689 τὰ
1842 2650 1907 2689 ὅλα
1929 2650 2086 2689 διέὸαλεν
2107 2651 2157 2701 (ν.
2178 2651 2225 2689 fr.
2258 2654 2268 2661 ”

1217 2713 1315 2763 125).
1346 2711 1494 2749 Deinde
1514 2726 1522 2748 :
1543 2710 1611 2749 Ἐκ
1628 2713 1697 2748 τῶν
1721 2708 1942 2763 ὑψηλοτέρων
1966 2708 2024 2747 ε’πὶ
2045 2708 2090 2747 τὰ
2106 2723 2226 2747 ταπει-

1210 2770 1331 2824 νότερα
1361 2769 1628 2823 ἀποδιδράσκει,
1650 2768 1724 2806 δέον
1749 2767 1962 2815 ποιήσασθαι
1993 2767 2056 2815 τὴν
2082 2765 2224 2813 αὔξησιν

1210 2828 1372 2879 ἔμπαλιν.
1406 2829 1588 2867 Similiter
1606 2828 1823 2866 Demetrius
1840 2827 1942 2864 Phal.
1974 2824 2076 2878 (Περὶ
2100 2827 2222 2877 ἑρμην.

1212 2889 1232 2937 §
1255 2887 1318 2939 75)
1353 2888 1642 2938 Theopompum
1669 2886 1762 2923 dicit
1796 2883 1890 2922 δεινὰ
1908 2885 1946 2922 οὗ
1966 2884 2082 2927 δεινῶς
2100 2882 2222 2933 λέγειν.

1208 2946 1435 2996 Apollonius
1443 2945 1738 2992 Grammaticus,
1748 2943 1817 2981 ubi
1829 2943 2123 2993 Theopompum
2134 2941 2222 2979 Hel-

1209 3003 1415 3041 lenicorum
1436 3003 1537 3040 libro
1559 3003 1759 3040 undecimo
1779 2999 2013 3039 Pharnabazi
2031 3013 2116 3036 cum
2133 3003 2222 3048 Age-

1208 3062 1300 3099 silao
1323 3062 1556 3111 colloquium
1574 3075 1619 3098 ex
1636 3062 1895 3110 Xenophonte
1919 3067 2112 3095 mutuasse
2133 3070 2218 3095 mo—

1208 3128 1284 3166 net,
1305 3120 1416 3156 simul
1437 3119 1704 3156 animadvertit
1724 3131 1811 3155 eum
1825 3130 1893 3154 sua
1905 3116 2077 3153 oratione
2094 3113 2134 3152 τὸ
2153 3113 2220 3165 ἔμ-

1207 3179 1315 3230 ψυχον
1335 3177 1393 3216 καὶ
1418 3177 1552 3230 ἐνεργὸν
1566 3206 1576 3224 ,
1597 3177 1699 3227 quod
1717 3175 1820 3226 apud
1839 3174 2135 3225 Xenophontem
2149 3180 2218 3220 est,
2251 3199 2254 3202 »

1207 3236 1434 3287 corrupisse.
1457 3235 1649 3273 Plutarch.
1682 3234 1877 3272 Πολιτικῶν
1903 3230 2216 3284 Παραγγελμάτων

1206 3308 1287 3346 cap.
1326 3296 1349 3332 6
1367 3324 1377 3343 ‚
1419 3308 1455 3345 p.
1495 3295 1569 3332 803
1585 3322 1595 3341 ‚
1638 3297 1668 3331 B
1706 3308 1714 3330 τ
1758 3291 1842 3330 Ἐπὶ
1881 3288 1918 3328 δὲ
1961 3292 2029 3328 τῶν
2066 3287 2216 3342 Ἐφόρου

1205 3352 1265 3390 καὶ
1301 3351 1516 3403 Θεοπόμπου
1558 3349 1619 3389 καὶ
1655 3348 1892 3401 Ἀναξιμένους
1937 3347 2121 3401 ῥητορειῶν
2153 3343 2215 3386 καὶ
