2320 3684
797 164 1104 205 THEOPOMPI

67 256 155 310 νάτῃ
173 257 244 296 τῶν
272 255 508 303 Ἑλληνικῶν,
527 251 684 305 Σισύφου
701 251 787 305 φησὶ
803 255 864 289 τοῦ
883 250 1095 304 Φαρσαλίου

67 315 203 355 κόλακα
215 315 296 354 καὶε
283 314 459 368 υπηρέτην
470 310 630 365 γενέσθαι
641 310 818 378 Ἀθήναιον
831 309 890 348 τὸν
900 308 1095 363 Ἐρετριέα.

467 407 622 497 LIBRI}
650 407 700 445 X.

119 516 327 555 Athenaeus
339 517 430 563 XII,
450 527 488 565 p.
513 513 603 561 543,
627 517 670 562 B,
698 515 749 552 C:
770 509 983 562 Θεόπομπος
1007 510 1077 548 δὲ’
1061 525 1097 548 εν

66 577 112 627 τῇ
132 573 261 627 δεκάτῃ
286 575 356 611 τῶν
378 571 600 620 Ἑλληνικῶν
619 569 787 610 τάναντία
819 569 904 622 φησὶ
929 569 1010 621 περὶ
1037 571 1098 606 τοῦ

68 633 285 685 Λυσάνδρου,
293 630 346 670 ὅτι
365 630 549 685 φιλόπονος
563 634 606 679 ἦν
625 630 686 669 και
697 629 898 684 θεραπευειν
912 627 1100 679 δυνάμενος

67 691 127 730 καὶ
146 689 286 734 ἰδιώτας
304 690 363 729 καὶ
385 691 549 744 βασιλεῖς,
563 689 712 744 σώφρων
738 687 786 727 ὢν
807 687 948 726 καὶτῶν
965 687 1099 734 ἡδονῶν

66 750 214 788 ἁπασῶν
234 748 422 804 κρείττων·
442 747 625 801 γενόμενος
642 763 725 800 γουν
743 749 805 793 τῆς
825 746 894 785 Ἑλ
894 744 999 789 λάδος
1014 759 1102 797 σχε-

67 807 125 846 δὸν
159 807 299 856 ἁπάσης
337 806 456 862 κύριος
478 808 514 846 ἓν
542 808 687 860 οὐδεμιᾷ
717 804 911 859 φανήσεται
937 819 1007 842 των
1035 802 1102 841 πό-

67 867 180 918 λεων,
209 866 288 905 οὔτε
317 866 404 920 πρὸς
432 865 496 911 τὰς
521 865 741 921 ἀφροδισίους
770 863 897 912 ἡδονὰς
927 862 1101 917 ὁρμήσας,

67 926 147 965 οὔτε
165 927 285 978 μέθαις
310 925 370 964 καὶ
394 924 514 972 πότοις
528 925 686 979 ἀκαίροις
701 922 938 978 χρησάμενος.

121 1033 314 1071 Plutarch.
342 1032 530 1083 Lysandr.
555 1047 595 1084 p.
618 1032 708 1079 450,
736 1045 769 1069 c.
802 1031 873 1068 30:
896 1028 967 1069 Καὶ
993 1026 1062 1083 γὰρ
1078 1031 1101 1075 ἡ

68 1090 171 1130 πενία
198 1094 260 1129 τοῦ
293 1091 500 1145 Λυσάνδρου
535 1089 807 1138 τελευτήσαντος
846 1089 1103 1142 ἐκκαλυφθεῖσα

69 1149 312 1205 φανερωτέραν
347 1150 492 1198 ἐποίησε
525 1150 590 1198 τὴν
629 1147 770 1203 ἀρετὴν,
804 1147 874 1186 ἀπὸ
905 1146 1102 1201 χρημάτων

70 1210 208 1248 πολλῶν
230 1208 291 1247 καὶ
303 1208 502 1261 δυνάμεως,
518 1209 701 1263 θεραπείας
720 1223 757 1246 τε
771 1206 906 1246 πόλεων
921 1205 981 1245 καὶ
999 1208 1105 1258 βασι-

68 1268 164 1312 λείας
190 1283 373 1317 τοιαυτης,
398 1266 488 1320 μηδὲ
529 1268 653 1323 μικρὸν
682 1265 1012 1320 ἐπιλαμπρυναντος
1043 1280 1103 1304 τον

69 1320 164 1367 οἷκον
184 1329 231 1373 εἷς
251 1327 449 1383 χρημάτων
469 1326 625 1380 λόγον,
606 1345 652 1373 ως
676 1329 806 1380 ἱστορεῖ
824 1325 1048 1376 Θεόπομπος.

459 1428 615 1517 [ΙΒΙΞέὶ
642 1428 711 1467 ΧΙ.

102 1534 330 1572 Athenaeus
356 1537 459 1583 XIV,
494 1548 533 1585 p.
566 1534 656 1582 657,
675 1537 719 1582 Β,
748 1535 802 1572 C:
822 1531 1036 1584 Θεόπομπος
1067 1533 1102 1571 ἐν

69 1592 348 1654 τρισκαιδεκάτῳ
360 1594 592 1632 Φιλιππικῶν
611 1591 670 1631 καὶ
684 1591 876 1645 ἑνδεκάτῳ
880 1592 1103 1640 Ελληνικῶν,

70 1652 106 1689 ἐν
127 1645 178 1695 οἱς
205 1651 387 1706 εμφανίζει
408 1651 449 1690 τὸ
467 1667 512 1690 πε
515 1651 548 1705 ρ).
565 1650 629 1699 τὴν
649 1651 803 1704 γαστέρα
825 1653 896 1689 τῶν
922 1648 1103 1690 Λακώνων

69 1708 252 1762 ἐγκρατὲς,
271 1710 397 1765 γράφει
428 1709 555 1755 οὕτως·
589 1728 605 1744 «
623 1710 694 1750 Και
711 1712 744 1748 οἱ
771 1709 902 1749 Θάσιοι
939 1707 1102 1761 ἔπεμψαν

71 1767 270 1822 Αγησιλάῳ
291 1768 475 1823 προσιόντι
505 1768 668 1823 πρόὸατα
694 1767 906 1808 παντοδαπὰ
936 1767 996 1806 καὶ
1023 1769 1104 1819 βους

70 1820 108 1865 εῧ
129 1827 410 1890 τεθραμμένους,
430 1844 516 1883 προς
543 1827 677 1873 τούτοις
704 1826 741 1866 δὲ
763 1827 824 1866 καὶ
842 1826 1017 1878 πέμματα
1041 1826 1101 1865 καὶ

69 1886 309 1940 τραγημάτων
333 1880 422 1931 εἶδος
448 1886 685 1926 παντοδαπόν.
712 1886 754 1927 Ὁ
775 1886 804 1925 δ’
829 1885 1035 1938 Ἀγησίλαος
1057 1885 1102 1924 τὰ

71 1943 134 1996 μὲν
150 1945 312 1999 πρόὸατα
345 1946 405 1984 και
436 1945 514 1990 τους
549 1949 630 1998 βους
659 1945 779 1997 ἔλαὸε,
800 1944 845 1984 τὰ
873 1944 909 1983 δὲ
928 1943 1102 1996 πέμματα

70 2004 129 2043 καὶ
153 2003 199 2043 τὰ
224 2005 438 2058 τραγήματα
459 2007 599 2060 πρῶτον
625 2004 689 2057 μὲν
712 2004 790 2044 οὐδὲ
818 2004 928 2056 ἔγνω·
952 2019 1101 2042 κατεκε-

70 2062 229 2101 κάλυπτο
250 2063 336 2117 γάρ·
355 2066 403 2109 ὡς
426 2062 463 2102 δὲ
482 2066 654 2114 κατεῖδεν,
672 2063 857 2118 ἀποφέρειν
874 2062 999 2107 αὐτοὺς
1019 2062 1099 2101 ἐκέ-

70 2121 205 2171 λευσεν,
229 2120 348 2172 εἰπὼν,
368 2125 406 2161 οὐ
422 2122 571 2175 νόμιμον
588 2120 676 2163 εἶναι
695 2121 986 2174 Λακεδαιμονίοις
1007 2124 1099 2175 χρῆ-

71 2182 151 2218 σθαι
186 2179 320 2226 τούτοις
352 2188 423 2226 τοῖς
459 2183 640 2235 ἐδέσμασι.
676 2182 927 2235 Λιπαρούντων
961 2180 997 2219 δὲ
1030 2183 1100 2219 τῶν

70 2239 229 2287 Θασίων,
246 2239 348 2289 Δότε,
370 2241 476 2295 φησὶ,
490 2241 651 2296 φέροντες
669 2242 811 2286 ἐκείνοις
822 2273 833 2290 ,
855 2240 966 2286 δείξας
984 2241 1101 2285 αὐτοῖς

70 2296 149 2341 τοὺς
175 2297 341 2348 εἵλωτας,
374 2300 481 2339 εἰπὼν
503 2300 556 2340 ὅτι
575 2301 716 2345 τούτους
743 2301 814 2339 δέοι
838 2299 1098 2354 διαφθείρεσθαι

71 2407 199 2448 Sisyphi
215 2409 372 2441 Pharsalii
391 2410 630 2444 adsentatorem
655 2411 906 2452 ministrumque
924 2409 1028 2452 fuisse
1050 2408 1097 2441 ait

69 2453 262 2487 Athenaeum
276 2456 504 2489 Eretriensem.

467 2617 623 2658 LIBER
652 2620 688 2658 X
697 2647 706 2657 .

557 2711 619 2744 21.

108 2778 336 2820 Theopompus
358 2787 436 2812 vero
461 2779 588 2812 decimo
610 2780 693 2813 libro
709 2780 951 2813 Hellenicorum
974 2783 1098 2813 contra-

70 2825 118 2858 ria
142 2826 183 2858 de
211 2826 379 2867 Lysandro
406 2826 539 2859 scribit:
564 2840 580 2855 «
595 2827 695 2859 fuisse
720 2836 796 2859 eum
812 2827 1021 2867 industrium,
1045 2828 1102 2869 qui

69 2871 183 2906 officiis
210 2873 366 2906 demereri
397 2874 544 2906 novisset
568 2876 601 2907 et
633 2875 778 2916 privatos
793 2877 825 2907 et
841 2884 941 2915 reges,
951 2875 1102 2908 eumdem

69 2919 311 2962 temperantem,
323 2921 468 2962 nullique
478 2921 637 2962 voluptati
651 2920 856 2953 servientem.
889 2924 982 2961 Sane,
999 2931 1102 2963 quum

69 2967 170 2999 totius
195 2968 261 3000 sere
293 2969 448 3007 Graeciae,
471 2968 598 3009 inquit,
633 2968 785 3000 dominus
821 2970 924 3009 esset,
947 2969 980 3000 in
1012 2969 1103 3002 nulla

68 3013 199 3046 civitate
225 3015 282 3046 aut
310 3015 455 3047 venereis
471 3015 645 3048 indulsisse
660 3015 894 3056 voluptatibus,
924 3019 980 3048 aut
1001 3018 1102 3049 temu-

69 3057 175 3094 lentiae
195 3061 229 3094 et
249 3061 487 3103 intempestivis
502 3063 808 3104 compotationibus,
832 3064 1058 3105 comperietur.
1082 3077 1100 3093 ι»

551 3139 612 3171 22.

110 3207 239 3240 Etenim
265 3209 389 3242 detecta
414 3210 559 3242 defuncti
591 3215 763 3252 paupertas
791 3214 949 3254 Lysandri
973 3214 1102 3247 laudem

70 3254 209 3288 reddidit
222 3256 291 3296 ejus
303 3256 522 3298 illustriorem,
530 3268 586 3299 qui
598 3267 636 3291 ex
654 3260 774 3300 ingenti
789 3262 936 3302 pecunia,
946 3263 1099 3303 potentia,

70 3300 199 3334 urbium
231 3302 388 3342 clientela,
412 3306 444 3336 et
471 3314 569 3346 regno
592 3306 649 3338 tali
673 3306 807 3339 domum
824 3318 934 3349 suam,
952 3310 1040 3350 quod
1061 3310 1101 3342 ad

70 3355 146 3388 opes
162 3349 362 3389 pecuniarias
384 3351 516 3390 attinet,
542 3361 582 3384 ne
610 3353 705 3386 obolo
728 3355 860 3396 quidem
877 3356 1016 3389 reddidit
1037 3357 1102 3390 lau-

69 3394 197 3435 tiorem,
213 3398 251 3428 ut
263 3397 295 3428 t·
295 3396 364 3429 adit
378 3398 615 3440 Theopompus.

1131 165 1467 207 FRAGMENTA.

1157 252 1356 307 τρώγοντας
1384 254 1474 294 αὐτὰ
1492 254 1582 294 πολὺ
1605 256 1738 307 μᾶλλον
1761 255 1783 303 ἢ
1807 254 1910 294 αὐτὸν
1937 255 1998 295 καὶ
2017 256 2094 301 τοὺς
2108 274 2182 297 πα-

1159 311 1279 365 ρόντας
1295 313 1598 366 Λακεδαιμονίων.
1617 333 1633 351 »

2106 176 2177 210 281

1211 372 1339 410 Verba
1356 372 1415 411 καὶ
1431 374 1463 411 οἱ
1486 372 1616 412 Θάσιοι
1630 382 1669 412 et
1683 372 1936 427 Λιπαρούντων
1957 372 1994 413 δὲ
2015 377 2084 414 τῶν
2101 377 2184 416 Θα-

1158 428 1243 467 σίων
1264 440 1447 482 corrupta
1464 445 1544 470 esse
1562 433 1652 471 satis
1666 441 1825 484 apparet
1841 447 1886 471 ex
1908 434 2044 473 eodem
2061 436 2183 475 Athe—

1158 500 1239 525 naeo
1271 491 1342 536 IX,
1375 503 1415 540 p.
1440 491 1530 539 384,
1545 494 1594 529 A:
1615 491 1828 544 Θεόπομπος
1843 491 1906 544 μὲν
1927 494 2071 537 ὁΧῖος’
2056 510 2091 533 εν
2107 500 2185 540 ταῖς

1158 543 1384 593 Ἑλληνικαῖς
1397 550 1462 586 κάν
1479 565 1523 602 τῃ
1501 550 1804 604 τρισκαιδεκάτῃ
1821 550 1858 589 δὲ
1870 555 1939 591 τῶν
1954 554 2185 592 Φιλιππικῶν

1159 605 1359 660 Αγησιλάῳ
1380 610 1430 660 τῷ
1448 609 1592 648 Λάκωνι
1612 612 1660 655 εἷς
1682 610 1892 663 Αἴγυπτον’
1873 627 2023 666 αφικομε
2008 611 2074 668 ένῳ
2087 612 2186 687 πέμ·

1159 666 1225 717 ψαι
1243 664 1323 708 τους
1343 666 1555 717 Αἰγυπτίους
1580 671 1715 720 χῆνας,
1734 670 1794 709 καὶ
1814 670 1967 724 μόσχους
1985 671 2186 716 σιτευτούς·

1159 724 1341 775 idemque
1354 726 1548 777 colligitur
1564 741 1611 765 ex
1630 730 1790 781 Nepotis
1806 731 1947 781 Agesil.
1967 745 1999 769 c.
2017 732 2055 780 8,
2072 744 2186 782 quem

1160 785 1462 836 Theopompum
1483 785 1663 825 habuisse
1680 796 1876 827 auctorem
1892 790 1931 827 in
1954 798 2089 841 aperto
2106 799 2186 829 est:

1167 844 1277 891 Quod
1291 849 1326 881 ei
1339 858 1407 882 usn
1422 849 1536 891 venit,
1567 860 1678 895 qaum
1695 861 1875 886 annorum
1893 854 2085 900 octoginta,
2106 850 2190 888 sub-

1161 905 1252 940 sidio
1276 904 1396 940 leaco
1412 908 1449 940 in
1475 907 1678 954 AEgyptum
1705 910 1833 945 ivisset.
1907 911 2031 956 Hujus
2049 911 2096 947 de
2112 912 2187 947 ad-

1164 972 1268 1000 venta
1274 962 1393 1011 fama
1415 977 1527 1012 quum
1542 966 1596 1000 ad
1605 968 1723 1014 regios
1735 976 1830 1003 esset
1838 970 2001 1016 perlata,
2026 973 2191 1007 celeriter

1163 1035 1319 1058 munera
1336 1036 1378 1059 eo
1397 1027 1573 1072 cujctsque
1585 1028 1730 1073 generis
1746 1034 1834 1062 sunt
1848 1029 1981 1064 allata.
2000 1031 2070 1065 His
2087 1043 2191 1078 quoe-

1163 1081 1326 1118 rentibus
1337 1084 1570 1132 Agesilaum,
1593 1086 1662 1119 vix
1668 1085 1772 1132 fides
1778 1084 1893 1131 facta
1905 1095 1970 1131 est,
1988 1101 2100 1125 unum
2112 1103 2191 1127 esse
2224 1119 2228 1121 -

1163 1154 1212 1178 ex
1223 1140 1281 1178 his
1286 1169 1299 1186 ,
1322 1145 1386 1190 qui
1403 1150 1478 1178 tum
1494 1140 1738 1179 accubabant.
1755 1144 1830 1190 Qui
1851 1158 1962 1192 quum
1979 1151 2076 1196 regis
2098 1162 2189 1185 ver-

1168 1199 1233 1246 bis,
1254 1214 1341 1249 quoe
1356 1203 1571 1246 attulerant,
1592 1202 1788 1248 dedissent,
1803 1205 1865 1239 ille
1873 1214 2020 1252 proeter
2032 1210 2191 1244 vitulina

1163 1268 1203 1296 et
1212 1260 1422 1307 hzcjusmodi
1436 1274 1574 1311 genera
1595 1259 1751 1306 obsonii,
1767 1275 2034 1311 quoeproesens
2052 1273 2193 1315 tempus

1163 1319 1419 1366 desiderabat,
1440 1321 1535 1357 nihil
1548 1324 1705 1369 accepit,
1728 1331 1930 1371 unguenta,
1959 1337 2110 1361 coronas
2128 1339 2191 1362 se-

1164 1381 1397 1428 cundamque
1412 1393 1578 1416 mensam
1601 1383 1712 1416 servis
1730 1381 1931 1429 dispertiit,
1967 1391 2103 1419 coetera
2128 1398 2192 1420 re-

1153 1434 1388 1486 erriJ‘ussit.
1416 1438 1471 1476 Cf.
1496 1438 1690 1477 Plutarch.
1716 1439 1858 1490 Agesil.
1880 1454 1911 1477 c.
1928 1442 1992 1478 36.
2009 1442 2079 1479 His
2099 1442 2194 1481 locis

1165 1497 1295 1535 eadem
1315 1511 1375 1535 res
1392 1506 1613 1536 constanter
1626 1498 1674 1536 de
1692 1500 1887 1550 AEgyptiis
1904 1510 2095 1551 narratur,
2121 1516 2194 1540 ne-

1165 1569 1241 1606 que
1273 1569 1436 1607 usquam
1482 1556 1649 1594 traditur
1674 1558 1873 1608 Agesilaus
1902 1559 2052 1597 Thasiis
2081 1574 2194 1612 opem

1166 1615 1310 1663 tulisse,
1324 1615 1556 1652 automnino
1569 1615 1716 1666 negotii
1730 1615 1825 1666 quid
1840 1630 1927 1654 cum
1941 1617 1986 1655 iis
2001 1618 2193 1658 habuisse.

1163 1674 1298 1712 Elucet
1334 1687 1475 1712 nomen
1505 1675 1626 1712 Tachi
1654 1675 1758 1726 regis
1803 1678 2036 1728 corruptelae
2065 1692 2194 1717 ansam

1163 1732 1335 1781 dedisse;
1361 1747 1481 1784 quare
1510 1747 1598 1771 cum
1613 1734 1832 1772 Wichersio
1868 1736 2065 1786 legamus:
2093 1736 2153 1775 καὶ
2178 1740 2195 1776 ὁ

1163 1792 1196 1829 Γ
1199 1790 1296 1843 άχως
1321 1790 1459 1846 ἔπεμψε
1486 1805 1558 1843 pro
1577 1790 1637 1830 καὶ
1666 1793 1698 1830 ot
1724 1792 1855 1831 Θάσιοι
1874 1792 2050 1847 ἔπεμψαν,
2065 1803 2104 1833 et
2125 1797 2196 1834 τῶν

1161 1854 1222 1889 τοῦ
1238 1850 1350 1904 Ταχὼ
1368 1852 1603 1905 (στρατηγῶν)
1624 1865 1697 1903 pro
1714 1854 1784 1891 τῶν
1808 1852 1968 1892 Θασίων.

1651 1916 1714 1954 24.

1215 1983 1408 2022 Plutarch.
1435 1982 1576 2056 Agesil-
1603 1996 1642 2034 p.
1668 1983 1758 2031 601,
1782 1997 1815 2021 c.
1839 1997 1899 2032 10,
1923 1983 1972 2022 de
1994 1985 2194 2036 Agesilao:

1163 2042 1235 2082 Καὶ
1265 2041 1429 2094 μέγιστος
1457 2039 1520 2092 μὲν
1550 2035 1592 2088 ἠν
1619 2040 1928 2094 ὁμολογουμένως,
1954 2043 2013 2081 καὶ
2030 2046 2099 2082 τῶν
2120 2044 2194 2083 τότε

1162 2100 1329 2145 ζώντων’
1314 2099 1600 2154 επιφανέστατος,
1614 2102 1661 2143 ὡς
1674 2099 1793 2155 εἴρηκέ
1805 2117 1872 2140 που
1890 2102 1949 2140 καὶ
1966 2102 2194 2156 Θεόπομπος.

1644 2171 1707 2210 25.

1215 2238 1419 2289 stephan:
1439 2235 1614 2291 Τραλλία,
1629 2242 1735 2291 μοῖρα
1750 2239 1813 2284 τῆς
1824 2236 2008 2292 Ἰλλυρίας.
2025 2238 2193 2290 Λέγονται

1160 2296 1221 2335 καὶ
1239 2296 1397 2350 Τράλλοι
1413 2295 1473 2334 καὶ
1489 2295 1650 2349 Τράλλες
1668 2295 1766 2350 παρὰ
1788 2296 2013 2350 Θεοπόμπῳ.

1551 2407 1708 2446 LIBER
1737 2408 1807 2446 XI.

1201 2514 1432 2554 Theopompus
1443 2512 1570 2545 decimo
1585 2512 1682 2545 tertio
1700 2511 1957 2554 Philippicorum
1975 2513 2008 2545 et
2021 2511 2194 2544 undecimo

1159 2560 1412 2600 Hellenicorum‚
1430 2559 1488 2592 ubi
1505 2559 1739 2591 continentiam
1767 2559 2086 2592 Lacedaemoniorum
2105 2560 2193 2600 quod

1159 2607 1198 2639 ad
1207 2607 1316 2648 gulam
1329 2606 1482 2646 declarat,
1492 2606 1538 2638 ita
1553 2606 1666 2638 scribit
1683 2617 1690 2638 ε
1709 2620 1723 2634 «
1735 2608 1777 2638 Et
1786 2607 1910 2639 Tachos
1924 2606 2194 2647 adpropinquanti

1161 2666 1178 2681 «
1200 2653 1349 2694 Agesilao
1373 2653 1568 2685 cibariorum
1602 2662 1698 2685 omne
1712 2662 1814 2694 genus
1842 2652 1943 2692 misit,
1975 2662 2051 2685 oves
2083 2657 2115 2685 et
2142 2654 2193 2687 ho·

1162 2715 1178 2730 «
1202 2711 1260 2735 ves
1274 2702 1357 2735 bene
1376 2702 1539 2743 saginatos
1551 2725 1560 2742 ,
1585 2701 1626 2733 ad
1645 2702 1715 2733 haec
1730 2701 1857 2743 pistorii
1877 2701 1982 2742 operis
1999 2702 2032 2733 et
2051 2701 2193 2734 bellario·

1163 2762 1178 2777 «
1201 2758 1274 2781 rum
1289 2759 1386 2782 omne
1402 2758 1514 2791 genus.
1533 2749 1702 2790 Agesilaus
1719 2757 1797 2780 vero
1810 2757 1888 2780 oves
1901 2748 2033 2788 quidem
2048 2750 2080 2780 et
2095 2748 2194 2781 boves

1163 2810 1178 2824 κ
1203 2797 1328 2838 accepit
1347 2807 1354 2828 :
1371 2797 1543 2838 pistorium
1566 2798 1674 2828 autem
1692 2804 1773 2836 opus
1798 2798 1830 2827 et
1848 2795 1979 2826 bellaria
1997 2795 2139 2836 primum
2155 2806 2194 2829 ne

1164 2857 1178 2872 «
1205 2843 1476 2876 animadverterat
1490 2843 1642 2884 quiderm
1659 2844 1744 2874 tecta
1756 2842 1875 2883 quippe
1891 2843 1983 2874 erant
1997 2851 2006 2873 :
2020 2845 2194 2884 postquam

1162 2905 1178 2920 a
1201 2901 1279 2925 vero
1293 2892 1474 2932 conspexit,
1491 2890 1617 2922 auferre
1631 2889 1704 2921 illos
1716 2889 1787 2920 haec
1801 2889 1907 2929 jussit,
1925 2888 2036 2921 dicens
2053 2898 2122 2922 non
2127 2890 2193 2931 fas

1162 2952 1178 2967 «
1201 2947 1270 2971 esse
1287 2938 1556 2971 Lacedcemoniis
1572 2938 1626 2968 uti
1640 2936 1731 2968 hisce
1746 2935 1886 2967 eduliis.
1903 2936 2104 2969 Instantibus
2117 2946 2194 2970 vero

1161 3000 1176 3015 «
1200 2986 1283 3027 regis
1297 2985 1429 3026 legatis:
1446 2986 1539 3023 Istis,
1551 2983 1668 3024 inquit,
1677 2983 1751 3015 haec
1765 2983 1856 3022 date,
1870 2984 2003 3017 Helotas
2010 2985 2193 3026 ostendens,

1161 3046 1178 3062 «
1200 3033 1376 3072 dicensque
1388 3055 1396 3069 ‚
1413 3032 1473 3063 hos
1494 3032 1605 3071 potius
1621 3030 1744 3062 talibus
1766 3030 1883 3063 eduliis
1913 3032 2168 3073 corrumpendos
2182 3057 2192 3072 ‚

1162 3091 1178 3107 «
1201 3087 1300 3120 quam
1316 3079 1374 3110 aut
1386 3086 1421 3110 se
1437 3081 1494 3109 aut
1508 3078 1686 3118 praesentes
1703 3077 1979 3110 Lacedaemonios.
2003 3091 2020 3107 »

1201 3173 1291 3205 Citra
1317 3170 1572 3203 controversiam
1601 3171 1766 3203 maximus
1795 3173 1863 3203 erat
1883 3171 2076 3213 (Agesilaus)
2085 3174 2193 3206 omni-

1160 3227 1279 3259 umque
1304 3217 1472 3249 memoriae
1490 3226 1559 3250 suae
1572 3217 1786 3258 clarissimus,
1806 3218 1844 3250 ut
1859 3217 1958 3250 etiam
1979 3220 2117 3252 testatus
2138 3222 2192 3252 ‘est

1159 3265 1276 3296 alicubi
1289 3264 1528 3306 Theopompus.

1201 3357 1328 3398 Trallia,
1345 3366 1419 3399 pars
1434 3359 1563 3400 Illyriae.
1581 3360 1700 3392 Incolae
1709 3359 1862 3392 dicuntur
1872 3361 1905 3393 et
1914 3360 2023 3400 Tralli,
2031 3361 2064 3393 et
2071 3360 2191 3393 Tralles

1128 3418 1133 3436 ι
1160 3405 1245 3446 apud
1265 3405 1521 3447 Theopompum.
