2294 3704
985 131 1053 170 DE
1087 133 1282 172 TIMAEO.

74 225 196 277 psisse
219 225 272 262 ait
308 223 440 262 Italica
470 229 509 260 et
537 220 663 259 Sicula
690 219 798 257 libris
819 227 928 263 octo,
960 218 1099 255 deinde

76 284 275 322 Hellenica
289 290 327 321 et
340 282 478 320 Sicula.
495 283 564 318 Hae
578 279 747 329 partium
765 285 854 315 sunt
871 277 1099 327 inscriptio—

75 355 156 391 nes,
171 355 332 393 quarum
352 339 568 390 complures
585 337 667 375 sine
681 336 799 374 dubio
814 336 971 374 fuerunt
984 335 1099 372 hodie

74 402 271 452 ignoratae.
298 402 393 438 Nam
422 405 562 448 praeter
589 396 649 442 id,
682 394 785 446 quod
812 395 983 445 quinque
1009 393 1098 431 libri

77 456 491 511 postremiAgathoclis
506 468 566 493 res
581 463 704 505 gestas
718 453 1098 504 comprehenderint,

74 518 122 556 de
138 516 350 555 oeconomia
367 514 456 552 libri
469 514 643 552 certioris
656 513 868 564 quidquam
882 525 960 549 non
982 511 1099 549 tradi-

75 584 148 614 tur.
174 579 318 614 Verum
337 574 368 612 si
389 574 599 623 fragmenta
621 571 932 623 perlustraveris,
958 570 1099 622 quibus

73 635 163 674 libri
193 634 331 672 notitia
367 632 498 670 addita
524 640 580 669 est
593 661 604 679 ‚
641 631 742 668 facili
770 631 926 681 negotio
964 643 1099 667 eruere

72 694 163 732 licet
192 707 200 730 ε
233 704 411 743 magnum
439 690 534 728 illud
566 690 783 728 Siculorum
818 703 916 740 opus
940 689 979 726 in
1004 689 1098 725 duas

73 761 202 805 partes
219 752 336 789 fuisse
354 751 539 796 divisum,
561 762 724 799 quarum
744 756 906 799 utraque
925 748 964 786 in
987 748 1099 798 plura

71 813 198 863 capita
217 810 397 848 distincta
418 817 518 855 erat3
545 816 661 858 atque
685 807 815 845 titulos
838 821 858 844 a
877 806 995 846 Suida
1014 820 1098 843 ser—

71 879 180 908 vatos
203 869 340 920 primis
361 868 523 905 duarum
546 867 699 904 illarum
721 866 889 917 partium
908 864 1100 916 capitibus

72 929 187 966 fuisse
207 928 427 979 inscriptos.
458 929 594 977 Itaque
617 926 786 977 primum
814 933 933 975 caput
959 924 1100 975 prioris

71 987 194 1039 partis
207 987 436 1038 inscriptum
461 993 545 1023 erat
558 982 715 1023 Ἰταλικὰ
738 983 797 1022 καὶ
809 981 994 1030 Σικελικά,
1011 991 1099 1019 octo

72 1045 181 1084 libris
215 1045 476 1096 antiquiorem
507 1043 646 1082 Siciliae
677 1043 879 1080 historiam
913 1041 1100 1080 exhibens

73 1117 158 1142 cum
181 1103 298 1142 rebus
322 1103 466 1142 Italicis
501 1102 715 1140 arctissimo
744 1101 899 1139 vinculo
931 1101 1098 1151 conjun-

69 1172 183 1201 ctam.
201 1162 371 1200 Primum
382 1169 500 1212 caput
510 1161 671 1199 alterius
688 1161 808 1212 partis
826 1160 864 1197 in
885 1158 1011 1197 fronte
1028 1159 1100 1196 ha-

72 1221 189 1260 bebat
201 1221 352 1259 titulum
377 1221 547 1260 Σικελικὰ
558 1218 837 1266 καὶἙλληνικά,
871 1227 987 1269 atque
1003 1217 1100 1280 iilud

72 1287 225 1330 tempus
254 1279 604 1330 complectebatur,
636 1292 714 1329 quo
740 1279 1029 1317 Atheniensium
1061 1278 1099 1315 in

71 1339 242 1377 Siciliam
261 1338 529 1390 expeditiones
553 1339 664 1377 factae
687 1345 787 1375 sunt.
811 1338 936 1388 Igitur
966 1337 1101 1375 Timaei

73 1397 183 1448 operi
200 1397 300 1435 idem
320 1410 479 1448 prorsus
495 1397 635 1435 accidit
652 1396 756 1447 quod
771 1396 959 1446 Periegesi
978 1399 1102 1434 Heca-

74 1456 149 1496 taei.
167 1460 212 1494 In
233 1464 399 1506 utroque
415 1456 540 1508 prima
557 1464 707 1493 tantum
727 1454 918 1505 majorum
932 1455 1100 1506 partium

72 1515 200 1565 capita
229 1515 455 1553 nominatim
481 1514 707 1562 laudantur,
739 1514 786 1552 de
815 1514 951 1552 ceteris
980 1514 1100 1551 altum

72 1572 279 1612 silentium.
301 1574 426 1612 Facile
446 1574 602 1624 quidem
626 1573 797 1624 capitum
814 1573 1100 1610 denominatio·

72 1643 139 1669 nes
172 1632 382 1682 excogitari
412 1640 587 1683 possent,
618 1631 684 1670 sed
714 1645 835 1682 quum
861 1632 943 1669 haec
972 1632 1103 1669 omnia

71 1687 240 1740 fingendi
261 1689 424 1728 arbitrio
445 1691 579 1728 relicta
597 1691 684 1735 sint,
705 1690 795 1727 nolo
816 1690 856 1727 in
879 1690 926 1728 iis
945 1691 1100 1727 morari.

125 1753 185 1788 Ne
213 1758 339 1788 tamen
369 1750 482 1787 citius
513 1763 629 1800 quam
657 1749 862 1800 cogitatius
899 1762 1023 1787 meam
1053 1751 1102 1787 de

71 1809 203 1848 Timaei
229 1810 358 1861 operis
385 1810 637 1847 adornatione
661 1809 891 1847 sententiam
919 1809 1105 1859 deprom—

74 1867 195 1918 psisse
223 1867 377 1916 videar,
407 1869 580 1919 ipsorum
601 1868 902 1918 fragmentorum
924 1868 1104 1919 praesidio

74 1934 174 1977 utar,
190 1927 294 1965 unde
308 1935 449 1978 pateat,
469 1935 596 1978 aptam
618 1940 745 1965 rerum
764 1940 812 1964 ex
830 1927 962 1964 Timaei
980 1927 1105 1965 histo-

73 1985 141 2023 riis
173 1985 398 2023 traditarum
437 1986 733 2037 dispositionem
770 1986 928 2023 omnino
959 1986 1103 2023 nullam

72 2043 239 2082 inveniri
255 2058 390 2096 posse,
415 2045 489 2082 nisi
513 2045 644 2096 plures
664 2058 796 2082 earum
818 2052 946 2095 partes
961 2053 1104 2083 statuas

73 2116 96 2139 a
111 2102 303 2141 veteribus
317 2117 400 2141 esse
413 2103 623 2141 distinctas.
633 2104 755 2154 Igitur
766 2117 814 2140 ex
825 2103 924 2140 libro
938 2104 1104 2141 secundo

75 2160 216 2199 citatur
234 2162 487 2212 fragmentum
505 2162 553 2200 de
571 2162 726 2201 Gelonis
743 2161 936 2199 tutoribus
949 2163 1008 2213 (l'r.
1024 2163 1102 2210 83).

76 2219 192 2267 Quod
208 2221 318 2258 initio
338 2222 416 2258 sere
434 2221 678 2258 historiarum
695 2221 861 2272 positum
876 2220 956 2271 jam
975 2234 1044 2272 per
1064 2235 1104 2260 se

73 2277 259 2324 offendit,
287 2279 410 2316 multo
436 2279 554 2330 magis
580 2292 673 2316 vero
693 2278 796 2328 quod
812 2279 964 2316 aliunde
981 2279 1104 2318 elucet

74 2335 122 2374 de
138 2337 284 2374 Gelone
302 2350 519 2375 sermonem
539 2338 655 2375 fuisse
670 2337 771 2374 libro
784 2337 947 2386 decimo,
964 2352 1012 2376 ex
1025 2353 1103 2389 quo

76 2394 136 2446 (l'r.
158 2395 224 2446 85)
241 2409 373 2446 pugna
393 2396 442 2434 ad
457 2397 641 2434 Helorum
661 2406 994 2435 commemoratur.
1025 2401 1103 2436 Ita-

74 2466 149 2503 que
168 2467 287 2503 quum
312 2454 475 2492 sciamus
495 2455 660 2506 primam
684 2455 853 2493 historiae
874 2465 1021 2507 partem
1041 2460 1102 2496 vel

74 2520 191 2562 caput
210 2520 299 2550 octo
319 2512 430 2551 libris
445 2514 673 2562 constitisse,
689 2515 799 2552 facile
813 2523 869 2552 est
880 2516 1101 2567 intelligere,

74 2569 142 2621 qui
163 2571 304 2609 factum
323 2573 384 2620 sit,
403 2581 447 2610 ut
466 2572 512 2611 de
528 2573 663 2611 eodem
681 2574 827 2613 Gelone
843 2575 1008 2614 Timaeus
1029 2577 1104 2617 dis-

74 2629 237 2667 seruisse
255 2629 403 2668 dicatur
421 2630 520 2669 libro
545 2631 713 2669 secundo
732 2641 769 2670 et
789 2632 947 2670 decimo.
974 2634 1102 2672 Nimi-

75 2699 160 2724 rum
182 2687 272 2725 inde
292 2688 342 2726 ab
367 2702 472 2727 nono
500 2688 599 2728 libro
624 2691 798 2728 nonnulli
821 2705 961 2729 novam
982 2691 1105 2730 libro-

77 2758 159 2783 rum
176 2747 312 2784 seriem
324 2756 551 2795 statuerunt,
562 2749 728 2799 ideoque
740 2749 881 2788 librum
892 2752 1101 2789 secundum

76 2803 274 2851 dixerunt,
289 2807 356 2856 qui
373 2807 456 2844 aliis
470 2815 551 2845 erat
565 2807 662 2846 liber
677 2808 856 2847 decimus.
874 2814 970 2857 Quae
983 2824 1103 2861 quum

76 2861 128 2901 ita
145 2863 233 2911 sint,
250 2865 364 2903 etiam
381 2866 485 2917 quod
500 2866 548 2904 de
566 2867 800 2918 Empedocle
813 2877 985 2906 senatum
1002 2870 1102 2908 mille

76 2927 245 2966 virorum
269 2930 468 2981 Agrigenti
497 2931 720 2981 antiquante
739 2932 900 2970 affertur
929 2946 975 2971 ex
1003 2933 1102 2971 libro

76 2986 203 3036 primo
233 2988 294 3025 vel
319 2989 484 3026 secundo
518 2990 621 3040 (nam
642 3003 777 3040 parum
797 3000 972 3029 accurate
1003 2993 1101 3030 Dio-

77 3056 188 3094 genes
206 3046 405 3097 loquitur),
424 3048 526 3086 haud
544 3048 750 3087 credideris
768 3064 813 3087 ex
838 3050 964 3101 primo
985 3052 1102 3089 totius

76 3104 223 3153 operis,
242 3106 310 3143 sed
329 3119 378 3143 ex
396 3120 499 3144 nono
516 3105 599 3159 (ubi
616 3108 661 3145 fr.
683 3109 727 3145 81
752 3109 995 3160 Empedoclis
1015 3124 1101 3148 cum

77 3161 293 3213 Pythagora
317 3166 522 3216 compositi
550 3167 693 3205 mentio
718 3166 776 3217 fit)
794 3168 854 3206 vel
878 3181 927 3206 ex
952 3169 1102 3206 decimo

78 3221 283 3270 repetitum
300 3235 394 3260 esse.
415 3224 560 3262 Eodem
585 3224 699 3263 modo
715 3225 763 3263 de
781 3235 902 3264 morte
915 3227 1103 3278 Empedo-

2143 146 2181 171 1.1

1156 222 1337 269 Hyccaris
1358 229 1470 272 capta
1492 219 1594 259 bello
1619 220 1957 271 Peloponnesiaco.
1977 220 2091 257 Vides
2110 220 2184 257 hoc

1156 278 1204 316 ad
1221 280 1378 318 alteram
1399 281 1514 318 totius
1531 280 1659 331 operis
1676 288 1822 332 partem
1837 280 2044 330 pertinere.
2062 280 2183 328 Poly-

1155 335 1243 374 bius
1263 338 1453 390 denique(
1460 340 1541 388 XIl,
1563 340 1624 386 25,
1646 340 1683 390 o)
1698 338 1956 377 Hermocratis
1973 338 2184 375 orationem

1156 394 1197 431 in
1220 406 1411 435 conventu
1433 399 1648 436 Siculorum
1674 397 1844 436 habitam
1867 398 1939 448 legi
1968 397 2062 434 dicit
2087 397 2185 434 libro

1155 454 1337 492 vicesimo
1354 457 1479 506 primo
1495 487 1504 504 ,
1528 457 1704 508 idemque
1727 457 1837 509 (XII,
1870 458 1934 507 26)
1954 456 2000 493 ad
2023 455 2184 493 eundem

1155 511 1296 550 librum
1317 515 1434 552 refert
1454 516 1704 554 Timoleontis
1725 516 1774 554 ad
1793 516 1932 554 milites
1946 515 2186 553 exhortatio-

1156 585 1255 608 nem.
1280 575 1382 617 Quas
1406 587 1464 611 res
1493 582 1599 611 tanto
1629 575 1814 626 temporis
1843 575 1967 626 spatio
1994 572 2186 624 sejunctas

1155 643 1203 667 ex
1229 630 1390 668 diversis
1414 645 1575 682 operum
1601 634 1777 684 partibus
1796 634 2020 680 memorari,
2047 633 2108 670 vix
2129 641 2186 670 est

1156 689 1261 739 quod
1285 703 1469 727 moneam.
1499 713 1548 720 —
1581 694 1650 729 His
1675 693 1879 742 adjungam
1903 693 2018 729 alium
2036 691 2186 741 Polybii

1156 748 1281 786 locum
1298 749 1404 800 (XII,
1422 751 1485 796 26,
1499 750 1547 802 e),
1568 750 1633 788 ubi
1648 761 1852 802 postquam
1870 752 1917 789 de
1932 752 2187 789 ostentatione

1156 807 1284 844 Timaei
1304 808 1343 845 in
1362 808 1598 846 coloniarum
1620 819 1657 846 et
1673 810 1829 847 urbium
1854 811 2096 847 conditarum
2118 809 2188 846 de-

1157 867 1365 917 scriptione
1390 867 1543 905 locutus
1561 863 1660 915 erat,
1683 869 1807 919 pergit
1827 869 1879 905 ita
1901 883 1909 905 :
1932 869 1986 906 Οὔ
2016 867 2085 919 μὴν
2110 868 2187 906 ἀλλ’

1158 926 1188 962 οἱ
1211 924 1323 962 πλείω
1352 924 1475 978 χρόνον
1507 925 1758 980 συντραφέντες
1789 932 1859 969 τοῖς
1886 926 2008 964 τούτου
2036 925 2187 981 πρώτοις

1157 984 1420 1035 ὑπομνήμασιν,
1440 986 1476 1023 ἐν
1495 979 1544 1029 οἷς
1562 988 1598 1023 αἱ
1612 988 1681 1024 τῶν
1700 985 1960 1039 προειρημένων
1977 986 2041 1023 εἰσὶ
2063 987 2185 1025 συντά-

1157 1041 1240 1091 ξεις,
1267 1042 1348 1082 ὅταν
1383 1044 1524 1083 ἅπασαν
1553 1044 1800 1097 συνταξαμένῳ
1819 1043 1882 1091 τὴν
1902 1044 2098 1097 ὖπερὸολὴν
2128 1048 2190 1092 τῆς

1156 1102 1366 1155 ἐπαγγελίας
1376 1103 1673 1151 ἀποπιστεύσωσι,
1685 1103 1836 1142 κᾶπειτά
1851 1118 1903 1145 τις
1923 1105 2036 1146 αὐτοῖς
2050 1104 2189 1141 ἀποδει-

1156 1160 1243 1213 κνύῃ
1268 1161 1326 1200 τὸν
1347 1162 1520 1214 Τίμαιον,
1544 1164 1580 1201 ἐν
1601 1157 1650 1206 οἷς
1674 1162 1884 1215 πικρότατός
1906 1163 1982 1199 ἐστι
2005 1161 2096 1199 κατὰ
2120 1164 2188 1199 τῶν

1156 1219 1286 1269 πέλας,
1307 1220 1410 1259 αὐτὸν
1434 1220 1555 1274 ἔνοχον
1574 1220 1677 1268 ὄντα,
1704 1221 1862 1275 καθάπερ
1878 1223 1978 1271 ἡμεῖς
1992 1220 2116 1273 ἀρτίως
2132 1220 2188 1258 ἐπὶ

1156 1281 1226 1317 τῶν
1240 1282 1386 1334 Λοκρῶν
1404 1280 1464 1319 καὶ
1475 1283 1544 1319 τῶν
1559 1280 1634 1327 ἑξῆς
1647 1280 1894 1333 παραπαίοντα
1906 1278 2188 1329 συνεστησάμην,

1158 1337 1331 1392 δυσέριδες
1341 1338 1538 1391 γίνονται...
1562 1338 1694 1377 Λοιπὸν
1713 1336 1803 1376 δὲτὸ
1822 1336 2066 1390 πραγματικὸν
2085 1338 2188 1374 αὐτοῦ

1159 1395 1262 1451 μέρος
1280 1401 1342 1445 τῆς
1352 1397 1516 1451 ἱστορίας,
1534 1398 1574 1435 ἐκ
1592 1398 1733 1436 πάντων
1750 1395 1974 1447 συγκείμενον
1992 1396 2061 1432 τῶν
2080 1395 2191 1447 ἆμαρ-

1157 1455 1452 1506 macarem—Ex
1472 1456 1614 1507 quibus
1637 1456 1729 1493 satis
1746 1455 1973 1505 intelligitur
1986 1454 2190 1504 Polybium

1159 1515 1251 1553 duas
1269 1517 1397 1568 operis
1417 1525 1545 1568 partes
1560 1516 1794 1566 distinguere
1809 1544 1820 1566 ,
1840 1528 1965 1564 neque
1977 1523 2104 1551 tamen
2119 1543 2128 1561 ‚
2148 1523 2191 1551 ut

1158 1576 1292 1615 Suidas
1330 1577 1463 1615 fecisse
1491 1577 1610 1614 videri
1636 1584 1776 1627 potest,
1796 1583 1885 1612 octo
1903 1582 2048 1612 tantum
2071 1573 2190 1611 libros

1159 1636 1280 1685 priori
1292 1637 1394 1687 parti
1404 1635 1595 1682 tribuisse,
1604 1648 1723 1686 quum
1735 1647 1820 1685 quae
1830 1633 1877 1671 de
1885 1633 2018 1671 Locris
2029 1633 2190 1671 Timaeus

1159 1703 1292 1732 contra
1307 1695 1547 1733 Aristotelem
1565 1695 1796 1745 disputavit,
1815 1693 1863 1730 ad
1882 1706 2026 1730 nonum
2048 1692 2190 1731 librum

1160 1753 1390 1803 pertineant.
1415 1757 1521 1800 Quot
1542 1753 1685 1790 suerint
1697 1752 1810 1802 hujus
1823 1752 1942 1803 partis
1961 1751 2064 1796 libri,
2085 1766 2191 1790 accu-

1159 1812 1279 1849 ratius
1296 1812 1451 1862 quidem
1466 1811 1539 1850 dici
1553 1811 1700 1862 nequit,
1719 1811 1787 1848 sed
1805 1811 1988 1861 quoniam
2006 1810 2104 1848 liber
2119 1811 2189 1848 de-

1160 1870 1281 1908 cimus
1298 1880 1458 1909 octavus
1477 1884 1657 1922 expresse
1677 1870 1854 1908 laudatur
1877 1870 1936 1921 (fr.
1959 1870 2044 1919 94),
2071 1870 2102 1907 si
2129 1871 2190 1908 vi-

1161 1928 1257 1979 ginti
1280 1928 1398 1967 fuisse
1419 1938 1577 1978 statuas,
1603 1943 1625 1967 a
1648 1942 1742 1967 vero
1766 1942 1842 1966 non
1864 1929 2028 1966 multum
2052 1928 2188 1967 aberis.

1161 1989 1291 2026 Altera
1319 2002 1408 2039 pars
1432 1990 1552 2026 multo
1571 1989 1724 2039 longior
1739 1996 1833 2025 erat.
1862 1990 1896 2025 A
1915 1986 2031 2025 Suida
2050 1987 2193 2024 citatur

1161 2046 1258 2085 liber
1295 2049 1507 2085 tricesimus
1540 2056 1711 2085 octavus.
1762 2050 1898 2096 Itaque
1937 2046 2191 2096 quadraginta

1160 2107 1421 2144 numeraveris
1450 2120 1572 2157 usque
1599 2106 1648 2143 ad
1682 2119 1742 2143 res
1770 2105 1994 2155 Agathoclis
2021 2106 2190 2155 quinque

1161 2164 1267 2203 libris
1285 2166 1592 2217 comprehensas.
1614 2165 1682 2203 His
1698 2165 1846 2202 accedit
1862 2164 1998 2214 Pyrrhi
2013 2163 2187 2211 historia,

1159 2225 1267 2275 cujus
1288 2225 1473 2263 ambitum
1491 2226 1723 2276 ignoramus.
1747 2223 1940 2260 Audacior
1956 2223 2092 2270 aliquis
2111 2223 2191 2260 for-

1160 2293 1258 2323 tasse
1277 2284 1378 2322 dicat
1395 2285 1520 2323 Suidae
1535 2283 1655 2321 verba
1677 2299 1685 2319 z
1706 2281 1867 2336 ’Ἔγραψε
1884 2281 1963 2335 περὶ
1987 2281 2116 2334 Συρίας
2130 2282 2189 2320 καὶ

1159 2345 1227 2381 τῶν
1254 2345 1360 2390 αὐτῆς
1387 2343 1523 2381 πόλεων
1551 2342 1610 2381 καὶ
1640 2340 1812 2395 βασιλέων
1847 2340 1965 2393 βιῧλία
1995 2340 2026 2391 γ’
2053 2341 2189 2378 misere

1159 2411 1342 2454 corrupta
1359 2416 1441 2441 esse
1455 2403 1494 2440 in
1510 2403 1631 2453 iisque
1655 2404 1772 2439 latere
1791 2401 1926 2450 Pyrrhi
1941 2400 2188 2450 Epirotarum

1158 2462 1258 2512 regis
1291 2461 1447 2499 bellum.
1483 2465 1582 2500 Nam
1619 2474 1745 2511 neque
1778 2461 1897 2497 ullum
1935 2460 2186 2509 fragmentum

1158 2521 1350 2569 occurrit,
1382 2521 1487 2572 quod
1521 2519 1568 2557 ad
1595 2520 1666 2557 hos
1693 2519 1739 2556 de
1771 2518 1881 2568 Syria
1913 2517 2033 2554 libros
2053 2517 2187 2554 referri

1159 2581 1302 2631 possit,
1323 2594 1394 2618 nec
1416 2581 1574 2618 omnino
1592 2578 1819 2628 intelligitur
1835 2574 2031 2626 quomodo
2049 2575 2187 2612 Siciliae

1158 2640 1329 2677 historiae
1355 2639 1528 2689 quamvis
1554 2638 1684 2675 multis
1712 2651 1731 2673 a
1761 2649 1800 2673 re
1827 2633 2025 2685 proposita
2054 2633 2187 2670 alienis

1161 2699 1310 2735 refertae
1330 2706 1404 2735 tam
1426 2698 1616 2749 prolixam
1636 2695 1748 2745 hujus
1767 2692 1931 2742 regionis
1954 2690 2187 2741 descriptio-

1159 2770 1245 2794 nem
1257 2757 1422 2794 inserere
1437 2756 1621 2807 potuerit,
1635 2767 1704 2790 nec
1720 2753 1884 2801 denique
1898 2750 1993 2786 alius
2007 2750 2185 2796 Timaeus,

1159 2816 1222 2852 cui
1242 2816 1315 2853 tale
1330 2816 1517 2866 scriptum
1535 2813 1759 2855 tribuamus,
1774 2811 1813 2847 in
1827 2808 2002 2845 notitiam
2016 2816 2186 2845 nostram

1159 2874 1346 2924 pervenit.
1367 2877 1449 2911 Jam
1466 2874 1496 2911 si
1513 2872 1677 2910 calculos
1695 2868 1898 2913 subducas,
1913 2873 2037 2903 totum
2052 2867 2186 2905 Timaei

1159 2946 1257 2983 opus
1272 2933 1526 2983 compositum
1538 2931 1636 2967 foret
1648 2928 1754 2966 libris
1772 2926 1967 2976 sexaginta
1985 2934 2085 2963 octo.
2107 2929 2185 2964 Το-

1160 2991 1276 3028 tidem
1294 3004 1390 3028 vero
1406 2990 1526 3036 libris,
1543 2988 1679 3026 eodem
1696 2985 1812 3024 Suida
1829 2993 1999 3031 auctore,
2019 2984 2184 3023 Timaeus

1159 3051 1356 3101 scripsisse
1393 3049 1534 3086 dicitur
1567 3043 1738 3095 συλλογὴν
1777 3044 1966 3097 ῥητορικῶν
2001 3044 2179 3096 ἀφορμῶν.

1159 3113 1259 3158 Quas
1286 3111 1427 3145 Nostro
1447 3104 1717 3156 abjudicandas
1738 3117 1818 3141 esse
1842 3103 1976 3140 videns
1995 3103 2183 3141 Ruhnke—

1158 3169 1257 3215 nius,
1269 3179 1331 3204 eas
1340 3165 1556 3203 referendas
1567 3163 1748 3201 censetad
1756 3163 1937 3200 Timaeum
1947 3161 2176 3212 Sophistam.

1159 3227 1300 3263 Mirum
1319 3233 1444 3262 tamen
1468 3231 1581 3261 tantae
1596 3223 1705 3260 molis
1725 3222 1863 3260 librum
1885 3233 2072 3270 nusquam
2092 3222 2183 3259 alias

77 3278 145 3315 clis
161 3280 338 3318 laudatur
348 3281 447 3320 liber
459 3292 617 3334 quartus
635 3284 696 3336 (sr.
709 3286 787 3334 98).
808 3288 929 3323 Porro
943 3286 1102 3323 exlibro
1159 3284 1374 3322 memorari.
1407 3287 1533 3332 Quare
1554 3283 1740 3320 sententia
1765 3294 1846 3319 mea
1869 3293 1915 3318 eo
1935 3279 2110 3326 inclinat,
2142 3289 2182 3318 ut

78 3337 228 3379 decimo
245 3339 357 3377 tertio
375 3341 514 3380 citatur
529 3342 784 3393 fragmentum
806 3343 910 3395 (105)
927 3343 974 3382 de
985 3345 1102 3381 Laide
1160 3343 1287 3382 Suidae
1308 3341 1428 3380 verba
1450 3342 1498 3380 de
1526 3342 1709 3381 historico
1739 3339 1873 3379 Timaei
1898 3350 2015 3388 opere
2041 3338 2182 3376 intelli-

2016 3407 2055 3447 d.
