2320 3684
773 126 1079 168 THEOPOMPI
1108 128 1439 169 FRAGMENTA.

44 218 185 259 κόπτειν
207 216 268 261 τὰς
294 215 428 259 κοιλίας
460 215 518 253 καὶ
546 212 799 266 διακαθαίρειν·
826 211 1014 264 γενομένου
1040 211 1077 251 δὲ

43 277 179 327 τούτου,
188 279 221 317 οἱ
245 274 308 328 μὲν
327 276 441 313 αὐτῶν
459 270 740 325 καταληφθέντες
755 270 823 309 ὑπὸ
845 273 915 309 τῶν
933 272 1076 310 Κελτῶν

44 335 246 376 ἀπώλοντο·
264 336 296 373 οἱ
316 333 352 372 δὲ
377 334 437 372 καὶ
457 334 504 377 εἷς
526 331 604 375 τοὺς
623 329 805 382 ποταμοὺς
821 328 966 383 ἔῤῥιψαν
987 331 1076 368 ἑαυ-

45 395 123 440 τοὺς
134 426 144 445 ,
160 395 351 449 ἀκράτορες
367 395 436 433 τῶν
449 390 630 445 γαστέρων
646 389 858 442 γενόμενοι.»
877 388 1077 427 Casaubo-

45 470 119 494 nus
138 464 176 494 et
199 453 540 504 Schweighaeuser.
570 450 774 502 legendum
812 457 972 487 censent
1003 447 1080 500 Ἀρ-

45 516 151 553 διαῖοι
168 527 239 565 pro
258 512 401 567 Ἀριαῖοι
414 539 424 557 ,
452 509 654 549 Strabonis
678 509 767 547 loco
786 507 886 560 (VII,
913 521 952 559 p.
973 506 1080 557 485),

47 573 113 611 ubi
134 573 299 626 Ἀρδιαῖοι
313 572 414 610 inter
427 577 557 621 gentes
571 568 741 619 Illyricas
761 569 994 615 referuntur,
1014 565 1082 604 ad-

49 632 169 670 ducti.
194 631 319 669 Iidem
339 639 467 668 tamen
487 627 661 682 Ἀρδυαῖοι
680 626 784 678 apud
800 626 1008 677 Polybium
1022 627 1081 672 11,

48 704 84 741 p.
97 705 161 741 99,
180 689 355 728 audiunt.
368 692 521 742 Partem
535 686 651 737 hujus
668 686 744 724 loci
764 685 867 723 idem
875 686 1082 723 Athenaeus

49 753 114 797 VI,
133 763 170 801 p.
193 763 239 797 27
249 763 264 786 1
278 777 288 796 ‚
302 747 460 787 exhibet
475 760 483 782 :
501 744 586 785 Ἔτι
602 743 818 795 Θεόπομπος
829 745 864 782 ἓν
876 746 919 796 τῇ
940 741 1084 796 δευτέρᾳ

47 810 117 846 τῶν
138 809 383 854 Φιλιππικῶν,
402 803 603 858 Ἀρκαδίους
618 802 706 858 φησὶ
720 805 912 850 κεκτῆσθαι
924 816 1082 855 προσπε-

48 867 164 904 λατῶν
183 864 303 919 ὥσπερ
317 866 486 904 Εἱλωτῶν
504 863 693 918 τριάκοντα
710 862 893 917 μυριάδας,
916 860 980 899 ubi
992 862 1084 899 item

49 939 138 963 cum
159 924 387 964 Casaubono
420 923 627 975 legendum
661 929 718 959 est
747 919 948 974 Ἀρδιαίους.
969 922 1083 958 Cete-

50 998 136 1023 rum
159 984 205 1022 cf.
225 983 364 1022 AElian.
391 985 435 1021 V.
456 985 503 1020 H.
531 985 599 1028 ΙΙΙ,
620 981 679 1028 15,
702 980 771 1032 qui
790 993 858 1019 sua
877 992 926 1017 ex
948 978 1085 1017 eodem

52 1043 308 1095 Theopompo
328 1041 506 1080 sumsisse
524 1040 693 1079 videtur.

539 1105 603 1143 42.

105 1172 326 1224 Stephanus
342 1186 351 1209 ι
371 1170 553 1220 Ἀκυλῖνα,
572 1170 672 1214 πόλις
696 1167 872 1223 Ἰλλυρική
886 1184 894 1193 ·
914 1169 1087 1220 Θεόπομ-

53 1246 127 1276 πος.

542 1295 607 1333 43.

109 1355 317 1393 Athenaeus
340 1357 414 1399 XI,
435 1367 474 1406 p.
497 1356 586 1402 476,
605 1357 659 1402 D,
678 1357 731 1391 E:
750 1352 843 1396 Τοὺς
868 1351 905 1391 δὲ
924 1351 1088 1392 Παιόνων

59 1414 213 1467 βασιλεῖς
226 1428 312 1467 φησι
322 1411 536 1463 Θεόπομπος
553 1412 588 1450 ἓν
603 1411 746 1466 δευτέρᾳ
765 1413 1089 1455 Φιλιππικῶν,τῶν

57 1474 149 1525 βοῶν
183 1474 252 1510 τῶν
285 1472 369 1526 παρ’
405 1472 523 1514 αὐτοῖς
553 1468 746 1523 γινομένων
789 1470 927 1522 μεγάλα
958 1468 1090 1524 κέρατα

57 1530 230 1585 φυόντων,
248 1532 295 1574 ὡς
312 1535 440 1584 χωρεῖν
457 1535 549 1582 τρεῖς
572 1527 633 1568 καὶ
650 1528 818 1583 τέτταρας
844 1529 950 1582 χόας,
969 1527 1091 1567 ἐκπώ-

58 1606 153 1642 ματα
168 1595 279 1628 ποιεῖν
300 1589 334 1635 ἐξ
354 1591 483 1638 αὐτῶν,
500 1587 545 1627 τὰ
571 1588 673 1640 χείλη
696 1592 1014 1643 περιαργυροῦντας
1032 1588 1092 1627 καὶ

57 1652 280 1703 χρυσοῦντας.
299 1650 353 1688 Cf.
374 1649 582 1687 Athenaeus
596 1649 676 1696 XI,
693 1661 728 1699 p.
747 1649 838 1697 468,
858 1652 892 1686 D
912 1662 920 1685 :
939 1646 1029 1700 Περὶ
1055 1646 1092 1686 δὲ

58 1707 121 1756 τὴν
136 1707 336 1747 Μολοττίδα
351 1709 381 1745 οἱ
397 1705 473 1760 βόες
485 1708 705 1760 ἱστοροῦνται
720 1709 879 1760 ὑπερφυῆ
899 1705 944 1744 τὰ
960 1705 1093 1761 κέρατα

58 1766 151 1820 ἔχειν
167 1782 175 1791 ·
193 1766 274 1821 περὶ
287 1761 336 1806 ῶν
356 1769 419 1814 τ’ῆς
434 1768 654 1812 κατασκευῆς
670 1764 885 1818 Θεόπομπος
896 1767 1038 1819 ἱστορεῖ.

546 1831 611 1870 44.

112 1897 330 1948 Stephanus
345 1911 354 1934 :
368 1895 503 1950 Ἀγρίαι
516 1897 723 1950 ἀρσενικῶς,
738 1894 831 1939 ἔθνος
846 1894 1017 1939 Παιονίας
1033 1911 1096 1948 με-

60 1949 144 1999 wib
165 1954 281 2007 Αἵμου
303 1955 364 1993 καὶ
383 1954 578 2002 Ῥοδόπης·
661 1953 824 2003 λέγονται
851 1954 911 1993 καὶ
941 1953 1095 2008 Ἀγράϊοι

62 2013 353 2067 τετρασυλλάὸως
365 2044 375 2064 ,
394 2013 456 2052 καὶ
481 2013 646 2068 Ἀγριεῖς,
666 2015 713 2058 ὡς
736 2013 961 2065 Θεόπομπος.

550 2073 614 2113 45.

115 2135 345 2184 Harpocrat.
359 2146 367 2170 :
381 2130 522 2172 Νέων...
537 2131 617 2186 περὶ
636 2134 698 2180 τῆς
714 2132 800 2186 πρὸς
817 2132 1000 2172 Φίλιππον
1019 2131 1097 2171 τού-

61 2275 237 2318 quamdam
251 2275 445 2308 medicatam
456 2300 465 2316 ,
483 2285 558 2317 quae
574 2276 643 2308 vim
658 2277 791 2309 haberet
803 2277 967 2310 incidendi
984 2277 1095 2310 alvum

63 2325 95 2355 et
108 2322 337 2364 perpurgandi.
354 2325 427 2360 Quo
441 2324 540 2363 sacto,
556 2323 612 2356 alii
625 2333 664 2356 ex
679 2324 744 2357 illis
757 2324 949 2365 deprehensi
961 2334 980 2357 a
993 2325 1096 2358 Gallis

63 2369 226 2402 interfecti
243 2372 320 2402 sunt
334 2393 343 2409 ,
360 2370 414 2402 alii
433 2379 511 2403 vero
526 2370 590 2412 ipsi
606 2380 640 2403 se
666 2372 699 2404 in
717 2372 853 2404 flumina
868 2373 1095 2414 projecerunt,

65 2425 167 2458 quum
183 2417 249 2450 alvi
263 2417 407 2450 dolorem
423 2417 505 2451 serre
521 2427 587 2450 non
602 2422 748 2460 possent.
764 2433 780 2447 ›-

548 2479 612 2512 42.

106 2529 269 2570 Aquilina,
286 2530 364 2563 urbs
377 2530 516 2572 Illyrica,
534 2532 628 2573 cujus
644 2531 876 2575 Theopompus
891 2533 1052 2566 meminit.

548 2591 611 2624 43.

107 2643 264 2674 Paeonum
300 2651 391 2683 reges
425 2642 539 2675 scribit
568 2644 799 2686 Theopompus
827 2644 973 2677 secundo
1012 2643 1096 2676 libro
1151 2663 1153 2665 -

66 2688 338 2730 Philippicorum,
353 2698 456 2730 quum
469 2689 588 2731 bobus,
605 2700 688 2732 quos
704 2691 762 2723 alit
774 2691 902 2723 illorum
917 2691 1016 2732 regio,
1028 2694 1096 2724 tam

67 2735 173 2777 ampla
185 2735 251 2767 sint
263 2745 396 2776 cornua,
414 2739 452 2769 ut
466 2739 533 2770 tres
552 2743 609 2770 aut
624 2741 778 2779 quattuor
797 2739 926 2780 capiant
942 2740 1075 2780 congios
1085 2764 1094 2780 ,

67 2785 183 2826 pocula
197 2794 238 2817 ex
253 2785 317 2818 illis
333 2786 490 2819 conficere
501 2811 510 2827 ‚
531 2796 672 2829 quorum
688 2788 774 2820 labia
789 2790 924 2830 argento
940 2791 997 2821 aut
1015 2798 1097 2821 auro

67 2832 242 2865 obducant.

109 2886 204 2918 Circa
225 2886 434 2919 Molossidem
458 2888 623 2921 inusitatae
645 2889 877 2932 magnitudinis
899 2898 1021 2922 cornua
1042 2891 1096 2922 ha-

69 2932 142 2965 bere
162 2933 264 2966 boves
285 2936 478 2975 narrantur3
495 2944 513 2968 e
527 2937 651 2977 quibus
670 2946 736 2979 quo
751 2939 848 2979 paeto
861 2938 978 2978 pocula
999 2938 1096 2971 confi-

68 2980 205 3023 ciantur,
218 2983 445 3025 Theopompus
461 2987 581 3017 narrat.

549 3044 612 3078 44.

110 3097 234 3138 Agnae,
254 3099 435 3132 masculino
451 3109 585 3142 genere,
609 3110 687 3143 gens
703 3105 755 3136 est
774 3103 915 3136 Paeoniae
929 3103 1012 3136 inter
1024 3105 1097 3136 Hae-

69 3151 160 3176 mum
190 3147 223 3177 et
249 3146 439 3188 Rhodopen.
466 3150 633 3181 vocantur
649 3150 748 3182 etiam
786 3153 940 3192 quattuor
964 3151 1097 3192 syllabis

70 3191 190 3232 Agl-aii,
208 3194 242 3225 et
254 3194 424 3235 Agrienses
445 3196 533 3236 apud
546 3197 805 3239 Theopompum.

550 3257 614 3290 45.

110 3303 212 3334 Neon.
280 3305 399 3337 Neonis
418 3315 494 3338 cum
508 3307 660 3349 Philippo
676 3309 854 3342 amicitiam
870 3309 1098 3351 Theopompus

70 3345 106 3378 in
117 3349 260 3381 secundo
273 3352 391 3383 Rerum
408 3353 658 3395 Philippicarum
674 3358 840 3389 memoria}
853 3357 971 3398 prodit.

2091 137 2168 170 285

1136 228 1197 251 του
1213 212 1327 267 φιλίας
1340 212 1554 265 Θεόπομπος
1570 214 1606 252 ἐν
1621 212 1766 268 δευτέρα
1779 215 2010 254 Φιλιππικῶν
2028 216 2168 270 ἱστορεῖ.

1138 275 1183 311 V.
1205 273 1404 311 Demosth.
1424 275 1490 311 Or.
1512 286 1584 324 pro
1603 275 1744 312 Coron.
1766 287 1804 325 p.
1826 275 1916 319 324.

1624 351 1686 390 46.

1194 412 1332 450 suidas
1351 427 1359 449 :
1379 413 1599 468 Φρουρήσεις
1624 416 1659 453 ἐν
1682 415 1890 469 Ναυπάκτῳ
1963 415 2047 454 ἔνιοι
2063 415 2101 456 δὲ
2120 416 2173 454 ὅτι

1141 468 1323 513 Φίλιππος
1367 470 1455 509 ἑλὼν
1501 472 1716 512 Ναύπακτον
1756 473 1907 528 Ἀχαιῶν
1935 473 2060 528 γνώμῃ
2095 473 2174 520 τοὺς

1141 528 1309 581 φρουροὺς
1340 532 1447 577 αὐτῆς
1473 530 1655 571 ἀπέκτεινε
1682 533 1835 578 πάντας·
1858 536 1989 588 ἱστορεῖ
2014 533 2051 572 δὲ
2072 538 2175 573 τοῦτο

1141 586 1200 625 καὶ
1219 586 1433 639 Θεόπομπος
1449 590 1485 628 ἐν
1500 589 1660 645 δευτέρῳ.

1548 684 1734 700 --οθοοδ

1536 753 1689 793 LIBER
1718 756 1786 795 III.

1633 835 1696 874 47.

1199 907 1485 957 Harpocration
1505 904 1641 960 τἽεραξ
1704 907 1757 946 ὅτι
1772 907 1889 962 Ἵεραξ
1904 902 1950 952 εἷς
1970 903 2011 957 ἧν
2028 911 2098 948 τῶν
2119 908 2180 947 ὑπ’

1146 964 1407 1019 Ἀμφιπολιτῶν
1427 964 1656 1018 πεμφθέντων
1681 965 1862 1019 πρέσὸεων
1885 967 2068 1015 Ἀθήναζε,
2096 970 2180 1020 βου-

1146 1023 1303 1075 λομένων
1323 1025 1438 1062 αὐτῶν
1461 1023 1654 1071 Ἀθηναίοις
1681 1026 1899 1078 παραδοῦναι
1919 1026 1979 1064 καὶ
1996 1026 2059 1074 τὴν
2077 1026 2179 1066 πόλιν

1146 1082 1206 1121 καὶ
1227 1082 1290 1130 τὴν
1305 1082 1440 1138 χώραν,
1459 1082 1579 1135 εἴρηκε
1602 1082 1814 1135 Θεόπομπος
1831 1086 1866 1122 ἐν
1885 1084 1991 1139 τρίτῳ
2008 1086 2182 1125 Φιλιππι-

1147 1144 1232 1181 κῶν.
1250 1143 1304 1181 Cf.
1340 1143 1591 1182 Demosthen.
1622 1143 1783 1194 Olynth.
1821 1147 1861 1191 Ι,
1898 1158 1936 1194 p.
1965 1151 2004 1196 4,
2038 1146 2178 1183 Justin.

1147 1205 1233 1249 vn,
1254 1202 1290 1238 6.

1635 1260 1699 1299 48.

1203 1319 1444 1371 Stephanus:
1466 1319 1621 1374 Ζειρινία
1634 1351 1645 1369 ,
1662 1318 1762 1364 πόλις
1786 1319 1951 1374 Θρᾴκης·
1972 1320 2185 1373 Θεόπομπος

1150 1380 1379 1418 Φιλιππικῶν
1397 1379 1439 1431 γ’.

1203 1441 1442 1489 Harpocrat:
1458 1437 1590 1487 Δατὸς,
1608 1437 1707 1482 πόλις
1720 1438 1795 1477 ἐστὶ
1809 1438 1957 1493 Θρᾴκης
1976 1437 2110 1493 σφόδρα
2123 1440 2185 1478 εὖ-

1152 1497 1300 1549 δαίμων·
1321 1496 1391 1535 ἀπὸ
1413 1496 1543 1544 ταύτης
1564 1501 1646 1549 γοῦν
1667 1496 1807 1550 ἐλέγετό
1833 1514 1884 1542 τις
1910 1498 1969 1537 καὶ
1990 1499 2185 1552 παροιμία,

1151 1556 1264 1600 Δατὸς
1284 1558 1442 1608 ἀγαθῶν·
1523 1556 1616 1601 ἅπαξ
1634 1556 1664 1594 δ’
1679 1558 1869 1611 ἀρῥενικῶς
1888 1556 1947 1595 τὸν
1965 1557 2080 1597 Δατὸν
2097 1557 2186 1597 Θεό·

1152 1631 1291 1667 πομπος
1310 1615 1410 1669 τρίτῃ
1429 1617 1673 1655 Φιλιππικῶν.

1207 1674 1351 1712 Eadem
1367 1676 1588 1727 Apostolius
1607 1678 1716 1714 Cent.
1732 1679 1802 1721 VI,
1823 1682 1871 1723 74
1888 1690 1896 1712 :
1917 1675 2030 1718 Δάτος
2047 1677 2186 1726 ἀγαθῶν

1154 1732 1212 1772 ἐπὶ
1227 1733 1542 1785 εὐδαιμονούντων·
1563 1737 1586 1781 ἡ
1606 1733 1674 1787 γὰρ
1693 1733 1806 1778 Δάτος
1824 1734 1925 1778 πόλις
1943 1729 1985 1782 ἦν
2006 1734 2063 1773 ἐπὶ
2083 1733 2189 1788 Θρᾴ-

1154 1809 1237 1842 κης,
1255 1791 1389 1847 σφόδρα
1414 1793 1608 1844 εὐδαίμων·
1635 1792 1877 1841 δεδηλώκατον
1908 1793 1946 1832 δὲ
1973 1793 2054 1847 περὶ
2083 1796 2190 1841 αὐτῆς

1155 1851 1368 1905 Θεόπομπος
1383 1854 1418 1892 ἓν
1431 1853 1459 1905 γ’
1473 1854 1704 1893 Φιλιππικῶν
1720 1853 1780 1892 καὶ
1793 1853 1945 1907 Ἔφορος
1964 1854 1999 1892 ἐν
2017 1853 2187 1907 τετάρτῳ.

1635 1934 1698 1972 49.

1209 2017 1450 2064 Harpocrat.:
1467 2012 1697 2052 Πανδοσία...
1715 2011 1794 2066 περὶ
1811 2014 1874 2059 τῆς
1888 2010 2052 2055 ἁλώσεως
2070 2013 2139 2050 τῶν
2153 2012 2188 2049 ἐν

1160 2072 1378 2126 Κασσωπεία
1394 2071 1544 2121 πόλεων,
1563 2065 1612 2110 ὧν
1633 2072 1707 2110 ἐστι
1726 2071 1784 2110 καὶ
1805 2070 2008 2120 Πανδοσία,
2024 2070 2190 2122 Θεόπομ-

1156 2148 1221 2176 πος
1233 2134 1268 2170 ἐν
1285 2131 1385 2186 τρίτῃ
1405 2130 1599 2185 ἱστόρηκεν.

1641 2283 1705 2317 46.

1197 2339 1374 2379 Naupacti
1397 2336 1595 2370 excubabis.
1665 2336 1805 2374 Quidam
1828 2335 1962 2377 dicunt,
1979 2335 2189 2376 Philippum,

1156 2386 1254 2427 capto
1277 2387 1446 2426 Naupacto
1463 2408 1472 2424 ,
1493 2393 1534 2416 ex
1559 2384 1755 2416 Achaeorum
1783 2383 1943 2415 sententia
1969 2383 2188 2424 praesidiarios

1156 2441 1270 2465 omnes
1286 2431 1454 2464 occidisse.
1476 2431 1654 2464 Historiam
1672 2432 1756 2464 hanc
1771 2432 1880 2462 narrat
1893 2430 1994 2463 etiam
2009 2430 2189 2471 Theopom-

1156 2488 1219 2522 pus
1236 2479 1320 2513 lihro
1334 2478 1489 2512 secundo.

1567 2545 1781 2560 *000*-

1543 2590 1699 2630 LIBER
1726 2590 1800 2629 ΙΙΙ.

1640 2656 1704 2688 47.

1199 2709 1330 2742 Hierax.
1403 2709 1522 2742 Hierax
1535 2717 1553 2741 e
1568 2707 1681 2749 legatis
1702 2715 1789 2739 unus
1807 2705 1870 2738 suit
1886 2705 1942 2746 qui
1957 2705 1998 2737 ab
2013 2705 2187 2746 Amphipo-

1155 2757 1222 2789 litis
1235 2757 1328 2790 missi
1345 2757 1501 2797 Athenas,
1519 2755 1633 2788 urbem
1648 2762 1805 2795 agrosque
1819 2753 1854 2784 iu
1873 2752 2122 2785 Atheniensium
2139 2752 2186 2784 di-

1155 2804 1281 2837 tionem
1302 2804 1441 2837 dedituri
1472 2802 1664 2842 veniebant,
1687 2803 1770 2834 teste
1799 2800 2008 2841 Theopompo
2029 2799 2065 2831 in
2087 2800 2186 2833 tertio

1157 2852 1427 2894 Philippicorum.

1640 2910 1703 2942 48.

1199 2970 1337 3010 zei-inia,
1356 2969 1433 3002 urbs
1449 2968 1610 3006 Thraciae,
1625 2965 1712 3008 apud
1727 2966 1974 3007 Theopompum
1992 2964 2076 2998 libro
2088 2965 2186 2999 tertio

1157 3018 1421 3059 Philippicorum.

1199 3067 1313 3104 Datus,
1327 3064 1406 3096 urbs
1422 3061 1570 3095 Thraciae
1585 3059 1681 3092 valde
1694 3059 1858 3102 opulenta,
1875 3059 1963 3093 unde
1978 3059 2185 3102 proverbium

1158 3111 1334 3144 deductum
1350 3112 1488 3143 :Datus
1517 3108 1695 3140 bonorum.
1767 3107 1872 3139 Semel
1893 3108 2003 3139 autem
2017 3107 2070 3139 τὸν
2084 3107 2185 3139 Δατὸν

1157 3167 1272 3199 genere
1287 3157 1467 3190 masculino
1483 3156 1711 3197 Theopompus
1727 3155 1806 3187 dicit
1818 3154 1902 3187 libro
1914 3155 2011 3188 tertio
2023 3154 2064 3187 de
2076 3154 2186 3187 Rebus

1157 3205 1256 3246 gestis
1274 3204 1425 3245 Philippi,
1442 3203 1482 3236 de
1502 3202 1558 3235 illa
1573 3202 1653 3234 urbe
1672 3202 1818 3243 loquens.

1199 3307 1371 3340 Pandosia.
1435 3307 1692 3349 Expugnationis
1706 3307 1837 3339 urbium
1853 3307 2033 3349 cassoptae,
2048 3314 2187 3347 quarum

1159 3364 1224 3388 una
1237 3355 1298 3388 suit
1313 3355 1484 3396 Pandosia,
1499 3356 1730 3397 Theopompus
1751 3354 1900 3388 meminit
1912 3354 1997 3387 libro
2012 3353 2116 3386 tertio.
