2320 3684
834 131 999 170 TIMAEI
1028 129 1358 170 FRAGMENTA.

40 241 73 264 τ.
92 224 148 276 Ἱ.)
165 223 244 263 τότε
262 223 500 277 Ἱπποκράτει.
522 221 585 260 Ἐν
606 219 643 259 δὲ
660 219 793 272 τούτῳ,
809 222 914 272 φησὶ,
930 220 980 271 τῷ
999 232 1068 255 πο-

41 282 139 336 λέμῳ
171 282 261 326 εἰκὸς
290 282 349 320 τὸν
387 280 542 333 Χρόμιον
577 277 813 323 ἐπιδείξασθαι
838 277 954 315 πολλὰ
984 275 1069 330 ἔργα

41 341 133 380 κατὰ
150 341 213 390 τὴν
229 341 361 393 μάχην.
382 339 470 394 Περὶ
484 337 520 377 δὲ
536 337 658 376 τούτου
674 341 734 375 τοῦ
748 335 904 387 πολέμου
919 335 1070 386 Τίμαιος

41 401 77 438 ἐν
96 403 140 453 τῇ
159 397 493 452 δεκάτῃδεδήλωκε.
514 395 686 441 Καθάπαξ
700 394 787 450 γὰρ,
806 394 910 449 φησὶν
925 397 942 433 ὁ
960 394 1069 433 Δίδυ-

41 474 126 510 μος,
145 458 309 510 οὐδεμίαν
330 455 440 503 ἄλλην
462 454 583 507 μάχην
605 454 732 508 ἔχομεν
759 457 869 508 εὑρεῖν
902 453 982 507 περὶ
1009 452 1068 491 τὸν

38 516 201 571 Ἕλωρον
224 518 293 555 τῶν
322 513 600 565 συνηκμακότων
629 516 679 567 τῷ
704 513 853 568 Χρομίῳ
878 512 1068 566 τυράννων,

38 575 92 614 ὅτι
110 575 159 627 μὴ
180 574 242 613 σὺν
263 573 489 627 Ἱπποκράτει
507 577 568 611 τοῦ
588 572 745 616 Γέλωνος
767 571 853 626 πρὸς
882 574 1068 625 Συρακου-

39 634 144 678 σίους.
177 633 263 673 “On
299 632 362 684 μὲν
382 626 440 670 οῧν
459 630 603 671 Γέλωνα
631 634 821 685 ἱππαρχεῖν
853 629 1068 676 κατέστησεν

39 692 276 747 Ἱπποκράτης
291 723 301 741 ,
324 690 431 745 σαφὲς
460 694 478 729 ὁ
502 689 653 742 Τίμαιος
676 691 814 738 ποιήσει
839 690 982 744 γράφων
1012 688 1070 727 οὕ-

38 768 122 796 τως·
143 770 158 786 «
170 750 408 804 Ἱπποκράτης
427 749 463 788 δὲ
480 748 571 801 μετὰ
590 748 663 797 τὴν·
675 750 879 804 Κλεάνδρου
905 747 1068 796 τελευτὴν

39 810 116 861 ἅμα
141 809 204 861 μὲν
222 814 282 848 τοῦ
301 808 459 852 Γέλωνος
477 809 512 846 ἓν
532 811 576 861 τῇ
597 808 792 861 τεταγμένῃ
811 807 1068 860 μεμενηκότος,

39 868 114 920 ἅμα
127 867 163 907 δὲ
173 875 244 913 τοῖς
259 871 286 908 Γ
288 868 406 910 ελώοις
420 867 634 921 χαρίσασθαι
649 867 872 919 βουλόμενος,
887 883 1070 919 μεταπεμ-

39 928 193 982 ψάμενος
217 927 320 966 αὐτὸν
346 927 406 966 καὶ
421 926 674 980 παρακαλέσας
695 927 794 981 παρὰ
822 925 883 970 τὰς
908 926 1069 981 πράξεις,

40 988 206 1027 ἁπάντων
230 990 299 1028 τῶν
326 987 462 1027 ἱππέων
487 986 551 1035 τὴν
584 987 786 1039 ἐπιμέλειαν
815 988 936 1041 ἐκείνῳ
961 986 1070 1040 παρέ-

40 1049 142 1087 δωκε.
154 1066 170 1082 υ

527 1124 589 1161 86.

92 1203 201 1242 Idem
215 1203 264 1241 ad
276 1203 337 1242 Ol.
349 1205 401 1251 11,
415 1203 550 1240 insen:
571 1201 766 1250 Ἔκήδευσε
790 1204 978 1255 (Theron)
999 1202 1068 1242 Γέ-

39 1263 126 1300 λωνι
143 1263 193 1314 τῷ
211 1260 370 1314 τυράννῳ
384 1290 394 1308 ,
420 1259 557 1305 ἐπιδοὺς
579 1262 673 1314 αὐτῷ
703 1260 766 1308 τὴν
791 1261 965 1316 θυγατέρα
992 1265 1070 1310 Δη-

43 1319 213 1374 μαρέτην,
235 1320 294 1372 ἀφ’
315 1314 356 1366 ἧς
375 1319 435 1358 καὶ
451 1319 492 1358 τὸ
520 1318 760 1372 Δημαρέτειον
786 1320 1069 1373 προσωνομάσθη

40 1378 216 1430 νόμισμα·
237 1377 296 1417 καὶ
321 1377 423 1422 αὐτὸς
443 1377 479 1417 δὲ
512 1380 530 1416 ὁ
551 1377 681 1432 Θήρων
701 1378 765 1426 τὴν
789 1379 995 1428 Πολυζήλου
1009 1383 1070 1418 τοῦ

42 1438 190 1490 ἀδελφοῦ
204 1436 361 1490 Ἱέρωνος
379 1435 490 1489 ἔγημε
509 1436 694 1491 θυγατέρα.
713 1439 770 1476 Cf.
794 1440 839 1476 fr.
858 1454 920 1491 90.

528 1514 591 1553 87.

95 1595 230 1646 Polyb.
250 1599 352 1644 XII,
372 1597 435 1643 26,
458 1595 484 1633 b
497 1610 505 1633 :
520 1595 606 1635 “Ort
626 1595 782 1641 Γέλωνος
805 1597 1070 1649 ἐπαγγελλομέ-

41 1668 100 1692 νου
134 1659 205 1698 τοῖς
238 1652 395 1699 ’Έλλησι
426 1653 618 1707 δισμυρίοις
648 1658 784 1702 πεζοῖς,
816 1656 1008 1700 διακοσίαις
1034 1656 1069 1695 δὲ

41 1710 142 1750 ναυσὶ
164 1710 422 1765 καταφράκτοις
437 1712 635 1764 βοηθήσειν,
656 1713 715 1752 ἐὰν
730 1716 824 1767 αὐτῷ
851 1718 912 1762 τῆς
933 1718 1069 1766 ἡγεμο-

42 1768 150 1816 νίαςῆ
170 1772 231 1817 τῆς
248 1769 340 1809 κατὰ
366 1773 431 1822 γῆν
451 1770 473 1818 ἢ
494 1774 556 1819 τῆς
581 1773 673 1811 κατὰ
701 1773 875 1812 θάλατταν
899 1790 1070 1828 παραχω-

44 1828 197 1882 ρήσωσι,
216 1829 302 1883 φασὶ
319 1828 397 1874 τοὺς
428 1831 717 1885 προκαθημένους
741 1834 777 1871 ἐν
808 1833 969 1887 Κορίνθῳ
997 1836 1067 1872 τῶν

42 1885 222 1935 Ἑλλήνων
254 1888 596 1941 πραγματικώτατον
626 1890 807 1945 ἀπόκριμα
848 1893 965 1931 δοῦναι
997 1899 1069 1937 τοῖς

42 1944 138 1999 παρὰ
177 1951 237 1986 τοῦ
258 1946 414 1991 Γέλωνος
451 1949 700 2003 πρεσὸευταῖς·
732 1949 890 1989 ἐκέλευον
917 1950 984 2005 γὰρ
1022 1953 1069 1995 ὡς

43 2089 99 2130 qui
121 2089 266 2123 Chromii
288 2090 507 2123 familiaritate
530 2092 702 2129 utebatur,
725 2095 796 2124 tum
819 2094 973 2135 temporis
995 2097 1073 2136 Hip-

43 2137 181 2178 pocratis
198 2137 350 2178 magister
366 2138 515 2178 equitum
540 2142 619 2172 erat.
636 2142 672 2172 In
691 2141 751 2173 hac
767 2150 896 2182 pugna,
918 2143 983 2182 ait,
997 2152 1072 2175 con-

43 2186 231 2217 sentaneum
241 2188 291 2217 est
311 2185 502 2220 Chromium
516 2186 619 2219 multa
633 2188 766 2220 virtutis
790 2188 917 2222 bellicae
932 2190 1072 2224 edidisse

43 2232 230 2273 specimina.
251 2234 298 2264 De
323 2233 385 2264 hoc
409 2232 493 2264 bello
510 2233 655 2266 Timaeus
670 2235 753 2267 libro
769 2235 896 2268 decimo
915 2237 1072 2278 loquutus

42 2278 103 2310 est.
121 2278 262 2310 Omnino
283 2278 368 2310 enim
383 2303 392 2319 ,
419 2278 465 2311 ait
479 2280 652 2321 Didymus,
673 2291 814 2323 pugnam
826 2307 835 2323 ‚
852 2293 949 2324 quam
971 2294 1072 2326 prope

44 2326 198 2358 Helorum
214 2326 360 2367 tyranni,
382 2327 527 2359 Chromii
542 2329 637 2361 aetate
657 2329 806 2362 florentes
818 2355 827 2370 ,
843 2332 1070 2373 pugnaverint,

44 2373 183 2413 reperire
201 2381 378 2414 possumus
399 2373 520 2406 nullam
543 2375 604 2407 nisi
626 2385 709 2416 eam,
733 2386 832 2417 quam
854 2387 930 2409 cnm
952 2379 1071 2420 Hippo-

43 2422 130 2452 crate
149 2420 226 2452 Gelo
242 2424 353 2452 contra
375 2422 594 2461 Syracusanos
610 2424 784 2456 commisit.
808 2425 964 2457 Gelonem
983 2426 1071 2458 enim

45 2466 86 2499 ab
100 2466 295 2508 Hippocrate
320 2467 476 2508 equitatui
498 2469 685 2510 praesectum
711 2470 811 2503 fuisse
833 2471 957 2503 clarum
973 2471 1009 2504 fit
1030 2481 1071 2504 ex

44 2514 178 2554 Timaeo,
190 2514 246 2555 qui
260 2514 306 2546 ita
321 2514 452 2547 scribit:
470 2517 706 2558 «Hippocrates
725 2520 801 2560 post
822 2518 973 2551 Cleandri
990 2528 1072 2551 mor-

45 2561 123 2600 tem,
139 2570 239 2602 quum
255 2561 336 2593 Gelo
350 2561 384 2593 in
406 2563 520 2603 proelio
545 2564 672 2597 hostem
696 2565 821 2598 fortiter
837 2565 1069 2613 sustinuisset,

46 2607 115 2649 ipse
131 2617 208 2640 vero
223 2607 331 2640 Gelois
356 2609 529 2649 gratificari
545 2611 643 2644 vellet
657 2637 666 2652 ‚
684 2612 853 2644 arcessivit
868 2607 942 2644 eum
954 2636 963 2652 ‚
981 2615 1013 2646 et
1028 2613 1068 2646 ad

46 2655 172 2696 negotia
186 2654 316 2696 publica
331 2655 509 2688 admissum
525 2659 615 2690 omni
637 2659 782 2700 praefecit
793 2658 984 2700 equitatui.»

87 2759 192 2793 Thero
216 2760 373 2793 affinitate
391 2769 467 2793 cum
487 2763 609 2796 Gelone
635 2767 703 2797 erat
728 2765 941 2806 conjunctus,
967 2775 1068 2807 quum

48 2807 145 2841 filiam
157 2809 361 2840 Demaretam
377 2809 407 2840 ei
424 2809 566 2857 dedisset
588 2821 736 2854 uxorem,
751 2822 769 2845 a
786 2822 851 2854 qua
862 2813 959 2845 etiam
977 2823 1070 2845 num-

49 2855 94 2888 mi
115 2854 293 2887 Demaretei
316 2864 436 2888 nornen
460 2862 660 2899 acceperunt.
686 2862 759 2901 Ipse
781 2862 888 2891 autem
906 2861 1011 2892 Thero
1036 2861 1070 2894 in

49 2901 290 2935 matrimonium
312 2902 407 2934 duxit
426 2904 586 2945 Polyzeli‚
608 2907 664 2948 qui
690 2907 787 2940 frater
808 2907 958 2939 Hieronis
980 2909 1070 2948 erat,

48 2949 157 2982 filiam.

522 3008 586 3040 87.

89 3053 210 3087 Gelone
231 3054 440 3094 promittente
470 3059 661 3092 auxiliarem
687 3069 722 3094 se
746 3061 871 3093 Graecis
892 3060 1070 3092 affuturum

48 3110 122 3135 cum
137 3100 235 3132 vicies
250 3100 337 3133 mille
368 3102 533 3142 peditibus
555 3107 758 3148 navibusque
773 3108 988 3149 cataphractis
1014 3107 1071 3140 du·

49 3148 161 3184 centis.
176 3147 353 3180 dummodo
367 3148 429 3181 sibi
448 3152 533 3184 terra
553 3154 603 3186 vel
621 3155 703 3186 mari
723 3155 942 3196 principatum
959 3163 1070 3187 conce*
1095 3191 1099 3196 ¹

49 3195 172 3233 derent,
187 3194 274 3226 fama
287 3196 347 3234 est,
362 3197 551 3231 Graecorum
567 3205 728 3242 senatum,
744 3202 801 3243 qui
817 3201 969 3234 corinthi·
986 3201 1072 3233 sede-

50 3242 106 3275 hat
119 3265 128 3281 ‚
150 3241 280 3284 plenum
305 3242 463 3283 sapientia
489 3245 622 3285 politica
645 3248 758 3289 legatis
785 3249 855 3289 ejus
880 3255 1071 3287 responsum

50 3291 186 3324 dedisse.
201 3290 342 3323 Jubebat
361 3291 460 3330 enim,
480 3294 515 3324 ut
531 3293 700 3327 auxiliator
721 3294 888 3327 adveniret
903 3293 984 3325 Gelo
997 3302 1070 3324 cum

52 3339 150 3380 copiis
167 3339 245 3379 suis,
259 3347 419 3371 summam
437 3347 513 3371 vero
536 3341 662 3382 imperii
685 3341 901 3374 necessarium
931 3348 1002 3372 esse
1034 3341 1071 3372 ut

2083 137 2155 170 213

1130 215 1312 268 ἐπίκουρον
1332 214 1496 269 ἔρχεσθαι
1513 215 1570 255 τὸν
1592 215 1736 255 Γέλωνα
1759 213 1849 266 μετὰ
1872 216 1941 253 τῶν
1962 216 2157 268 δυνάμεων,

1129 274 1193 322 τὴν
1226 274 1263 314 δὲ
1287 275 1477 327 ἡγεμονίαν
1505 275 1641 328 ἀνάγκῃ
1666 273 1710 313 τὰ
1730 273 1924 328 πράγματα
1959 276 2157 329 περιθήσειν

1128 338 1199 376 τοῖς
1224 333 1378 387 ἀρίστοις
1394 336 1462 372 τῶν
1480 335 1632 388 ἀνδρῶν·
1650 336 1752 372 τοῦτο
1771 332 1801 371 δ’
1816 333 1909 372 ἐστὶν
1941 335 1979 372 οὐ
1998 337 2067 373 τῶν
2088 350 2156 373 κα-

1129 390 1369 445 ταφευγόντων
1387 392 1446 431 ἐπὶ
1465 391 1526 437 τὰς
1544 391 1794 445 Συρακουσίων
1813 392 1975 442 ἐλπίδας,
1993 393 2085 433 ἀλλὰ
2099 411 2158 433 πι-

1131 449 1322 488 στευόντων
1340 453 1457 494 αὑτοῖς
1478 451 1536 489 καὶ
1557 450 1881 505 παρακαλουμένων
1901 451 1960 490 τὸν
1982 452 2157 504 βουλόμε-

1130 523 1187 546 νον
1205 508 1263 547 ἐπὶ
1277 508 1335 547 τὸν
1355 513 1416 556 τῆς
1436 510 1592 562 ἀνδρείας
1611 512 1731 563 ἀγῶνα
1747 509 1807 548 καὶ
1826 509 1884 548 τὸν
1902 509 1983 564 περὶ
1998 514 2063 559 τῆς
2080 514 2160 566 ἀρε-

1129 569 1192 613 τῆς
1225 566 1413 618 στέφανον·
1444 570 1520 607 ἀλλ’
1556 568 1650 620 ὅμως
1691 568 1844 621 Τίμαιος
1873 571 1919 613 εἷς
1939 569 2072 609 ἕκαστα
2087 574 2157 610 τῶν

1129 626 1392 680 προειρημένων
1413 627 1595 671 τοσούτους
1610 627 1750 666 ἐντείνει
1764 628 1887 680 λόγους
1912 629 1972 667 καὶ
1992 629 2158 678 τοιαύτην

1130 689 1282 722 ποιεῖται
1301 684 1455 732 σπουδὴν
1474 686 1629 738 περὶτοῦ
1649 685 1712 734 τὴν
1732 686 1794 738 μὲν
1816 686 1981 726 Σικελίαν
2003 690 2159 740 μεγαλο-

1132 741 1343 797 μερεστέραν
1360 746 1508 790 ποιῆσαι
1520 747 1582 791 τῆς
1597 745 1784 795 συμπάσης
1801 745 1991 796 Ἑλλάδος,
2005 746 2067 792 τὰς
2083 748 2112 785 δ’
2123 750 2157 786 ἐν

1132 803 1220 854 αὐτῇ
1246 801 1389 855 πράξεις
1417 802 1689 855 ἐπιφανεστέρας
1706 804 1766 842 καὶ
1784 804 1946 849 καλλίους
1978 808 2047 844 τῶν
2069 806 2160 845 κατὰ

1131 860 1195 909 τὴν
1216 860 1327 907 ἄλλην
1345 861 1565 913 οἰκουμένην,
1581 864 1651 900 τῶν
1673 862 1702 900 δ’
1723 863 1857 916 ἀνδρῶν
1885 866 1952 902 τῶν
1970 864 2028 903 ἐπὶ
2054 865 2160 919 σοφία

1132 920 1381 972 διενηνοχότων
1402 920 1624 973 σοφωτάτους
1656 919 1736 964 τοὺς
1766 923 1801 959 ἐν
1823 922 1968 977 Σικελία
1980 954 1989 971 ,
2025 926 2094 963 τῶν
2125 924 2160 963 δὲ

1131 978 1350 1032 πραγμάτων
1371 977 1698 1030 ἡγεμονικωτάτους
1723 979 1783 1017 καὶ
1811 980 2004 1024 θειοτάτους
2023 981 2102 1025 τοὺς
2121 983 2160 1020 ἐκ

1131 1039 1386 1091 Συρακουσῶν·
1412 1036 1503 1075 ὥστε
1538 1036 1587 1088 μὴ
1627 1038 1831 1075 καταλιπεῖν
1866 1038 2061 1091 ὓπερὸολὴν
2089 1046 2160 1084 τοῖς

1132 1096 1324 1150 μειρακίοις
1340 1102 1410 1140 τοῖς
1426 1097 1460 1134 ἐν
1478 1101 1553 1139 ταῖς
1568 1096 1760 1150 διατριὸαῖς
1777 1097 1837 1134 καὶ
1856 1102 1925 1140 τοῖς
1938 1096 2055 1142 πότοις
2075 1099 2161 1152 πρὸς

1129 1155 1191 1199 τὰς
1207 1155 1423 1209 παραδόξους
1446 1154 1699 1208 ἐπιχειρήσεις,
1716 1154 1796 1193 ὅταν
1812 1154 1833 1201 ἢ
1853 1155 2023 1209 Θερσίτου
2045 1157 2159 1208 λέγειν

1131 1213 1304 1268 ἐγκώμιον
1324 1214 1346 1261 ἢ
1363 1215 1573 1262 Πηνελόπης
1591 1216 1790 1267 προθῶνται
1815 1214 1921 1267 ψόγον
1939 1214 1961 1261 ἤ
1979 1231 2070 1260 τινος
2087 1215 2161 1254 ἑτέ-

1132 1289 1191 1327 ρου
1208 1276 1275 1311 τῶν
1293 1273 1470 1312 τοιούτων.

1619 1344 1681 1381 88.

1185 1417 1346 1466 Diogen.
1361 1420 1487 1454 Laert.
1502 1419 1606 1461 VIII,
1622 1416 1684 1461 66,
1700 1418 1746 1453 V.
1766 1415 1989 1466 Empedocl.
2004 1428 2013 1454 :
2030 1414 2163 1454 Ὕστε-

1133 1489 1190 1528 ρον
1218 1474 1247 1512 δ’
1270 1476 1288 1512 ὃ
1308 1474 1557 1523 Ἐμπεδοκλῆς
1585 1473 1645 1512 καὶ
1670 1473 1710 1512 τὸ
1734 1476 1803 1511 τῶν
1835 1474 1961 1526 χιλίων
1987 1473 2162 1527 ἄθροισμα

1130 1532 1301 1571 κατέλυσε
1321 1533 1492 1577 συνεστὼς
1506 1532 1564 1571 ἐπὶ
1582 1532 1643 1579 ἔτη
1661 1533 1741 1586 τρία
1761 1548 1768 1555 ·
1797 1531 1892 1571 ὥστε
1925 1534 1963 1571 οὗ
1988 1532 2093 1584 μόνον
2120 1527 2163 1580 ἦν

1130 1594 1199 1631 τῶν
1218 1592 1408 1643 πλουσίων,
1423 1591 1513 1631 ἀλλὰ
1529 1594 1668 1630 καὶτῶν
1680 1590 1724 1630 τὰ
1742 1591 1915 1642 δημοτικὰ
1931 1591 2161 1645 φρονούντων.

1130 1650 1180 1690 ιὈ
1199 1650 1239 1702 γε’
1255 1666 1309 1689 τοι
1327 1650 1478 1702 Τίμαιος
1502 1652 1536 1689 ἐν
1554 1653 1597 1702 τῇ
1618 1649 1741 1703 πρώτῃ
1763 1650 1823 1688 καὶ
1850 1650 1993 1704 δευτέρα
2011 1652 2163 1698 (πολλά-

1129 1725 1182 1754 κις
1200 1709 1267 1764 γὰρ
1287 1711 1393 1748 αὐτοῦ
1411 1708 1635 1761 μνημονεύει)
1651 1709 1754 1763 φησὶν
1769 1709 1927 1748 ἐναντίαν
1944 1712 1988 1762 τῇ
2003 1710 2163 1763 πολιτεία

1131 1768 1321 1821 ἐσχηκέναι
1338 1768 1482 1820 γνώμην
1504 1768 1606 1807 αὐτὸν
1631 1767 1823 1822 φαίνεσθαι·
1849 1766 1935 1811 ὅπου
1957 1768 1992 1807 δὲ
2011 1768 2163 1814 ἀλαζόνα

1129 1827 1187 1865 καὶ
1208 1827 1372 1880 φίλαυτον
1390 1829 1423 1865 ἐν
1441 1830 1485 1880 τῇ
1499 1826 1639 1874 ποιήσει
1656 1826 1722 1866 ἴδοι
1736 1842 1788 1870 τις
1801 1826 1854 1864 ἄν·
1873 1826 1959 1880 φησὶ
1977 1831 2073 1878 γοῦν·

1211 1915 1347 1958 Χαίρετ’·
1367 1916 1428 1958 ἐγὼ
1439 1917 1466 1949 δ’
1482 1916 1577 1963 ὔμμιν
1595 1916 1660 1953 θεὸς
1677 1915 1841 1960 ἅμὸροτος,
1860 1915 1963 1947 οὐκέτι
1982 1915 2100 1955 θνητὸς,

1213 1965 1388 2005 πωλεῦμαι.

1132 2095 1211 2136 ipsae
1234 2104 1286 2127 res
1317 2096 1415 2135 gestae
1441 2094 1480 2126 ad
1510 2093 1798 2135 praestantissimos
1819 2092 1965 2124 virorum
1988 2092 2159 2125 deferrent.

1131 2145 1205 2180 Quo
1224 2142 1311 2174 dicto
1328 2141 1563 2183 significabant,
1580 2149 1785 2181 nequaquam
1802 2148 1836 2171 se
1849 2139 2022 2180 confugere
2033 2139 2074 2171 ad
2087 2148 2161 2180 spes

1131 2190 1362 2229 Syracusanas,
1391 2188 1448 2220 sed
1460 2188 1590 2220 sibimet
1606 2188 1687 2229 ipsis
1701 2187 1873 2226 confidere,
1889 2189 1985 2228 atque
1998 2187 2160 2219 adhortati

1129 2235 1294 2268 volentem
1308 2244 1537 2276 quemcunque
1549 2260 1558 2274 ‚
1578 2236 1616 2267 ut
1636 2234 1676 2268 ad
1697 2233 1897 2266 fortitudinis
1913 2235 2080 2265 certamen
2098 2234 2159 2264 vir-

1129 2284 1274 2324 tutisque
1296 2292 1449 2315 coronam
1475 2282 1675 2314 conveniret.
1706 2281 1925 2314 Nihilominus
1955 2281 2097 2312 Timaeus
2125 2280 2159 2312 in

1129 2330 1291 2371 praedictis
1305 2330 1442 2371 singulis
1458 2332 1523 2362 tam
1548 2329 1663 2370 longos
1689 2328 1840 2370 producit
1856 2336 2040 2367 sermones,
2058 2330 2159 2359 tanto-

1128 2386 1193 2418 que
1215 2378 1326 2410 studio
1341 2377 1541 2416 connititur,
1564 2379 1601 2409 ut
1628 2376 1771 2408 Siciliam
1797 2376 1985 2418 ampliorem
2008 2376 2160 2407 universa

1127 2425 1253 2457 Graecia
1268 2425 1438 2460 ostendat,
1461 2433 1577 2465 resque
1598 2424 1631 2455 in
1657 2432 1695 2455 ea
1716 2425 1822 2464 gestas
1838 2422 2026 2454 illustriores
2041 2430 2111 2454 esse
2126 2423 2160 2453 et

1127 2471 1327 2512 pulchriores
1341 2481 1441 2513 quam
1456 2472 1489 2503 in
1506 2470 1651 2512 qualibet
1660 2470 1749 2502 orbis
1766 2472 1867 2511 parte,
1885 2469 2009 2501 Siculos
2027 2468 2159 2509 insuper

1128 2518 1286 2559 sapientia
1301 2519 1456 2551 omnibus
1475 2519 1664 2551 antecellere
1676 2543 1685 2558 ,
1710 2520 1779 2549 tum
1795 2517 1935 2556 denique
1955 2515 2094 2556 negotiis
2114 2524 2178 2558 reg

1127 2566 1242 2606 gendis
1251 2566 1437 2607 aptissimos
1450 2567 1597 2598 omnium
1609 2573 1678 2598 esse
1693 2572 1902 2603 summosque
1916 2565 2156 2602 Syracusanos;

1127 2614 1164 2644 ut
1181 2612 1262 2644 nihil
1275 2614 1435 2654 relinquat
1450 2622 1516 2654 quo
1532 2621 1550 2644 a
1566 2612 1676 2653 pueris
1693 2611 1725 2642 in
1740 2611 1816 2642 ludo
1829 2609 2035 2641 versantibus
2052 2609 2106 2640 vel
2122 2609 2156 2641 in

1127 2661 1425 2701 compotationibus
1449 2659 1593 2701 superari
1613 2659 1715 2700 possit
1742 2657 1937 2689 mirabilium
1955 2659 2156 2696 argumento-

1128 2716 1202 2738 rum
1218 2708 1455 2748 excogitatione
1467 2731 1476 2746 ,
1497 2706 1629 2747 quando
1651 2707 1707 2737 aut
1728 2704 1883 2736 Thersitae
1899 2703 2011 2735 laudes
2025 2705 2082 2737 aut
2100 2706 2156 2737 Pe-

1126 2754 1257 2798 nelopes
1271 2754 1554 2796 vituperationem,
1572 2753 1622 2785 vel
1638 2752 1726 2784 aliud
1740 2751 1845 2783 simile
1859 2751 2055 2792 proponunt.

1609 2834 1672 2866 88.

1170 2916 1385 2949 Postmodum
1401 2923 1478 2946 vero
1495 2912 1705 2953 Empedocles
1724 2911 1821 2943 etiam
1844 2910 1933 2942 mille
1947 2909 2092 2942 virorum
2111 2918 2157 2942 se-

1127 2967 1253 3002 natum,
1265 2963 1479 2995 constitutum
1489 2961 1521 2991 in
1535 2959 1708 2991 triennium
1723 2957 1790 2998 (vel
1804 2968 1813 2987 t
1829 2962 2003 2999 postquam
2015 2957 2048 2989 in
2060 2957 2156 2989 trien-

1128 3012 1221 3043 nium
1235 3008 1412 3048 stetisset),
1431 3005 1629 3046 antiquavit,
1648 3007 1764 3037 utnon
1780 3004 1886 3037 solum
1898 3006 1984 3037 esset
1994 3004 2132 3037 divitum
2145 3028 2156 3044 ‚

1128 3058 1186 3090 sed
1202 3057 1298 3090 etiam
1326 3054 1494 3087 hominum
1511 3052 1707 3093 populariter
1722 3052 1943 3084 sentientium.
1961 3052 2107 3093 Denique
2123 3054 2156 3084 et

1127 3105 1270 3137 Timaeus
1287 3102 1391 3143 primo
1415 3103 1447 3133 et
1463 3099 1606 3132 secundo
1622 3099 1705 3134 libro
1721 3099 1822 3140 (saepe
1836 3098 1923 3130 enim
1938 3099 2008 3140 ejus
2021 3098 2155 3131 mentio-

1127 3160 1201 3183 nem
1215 3150 1301 3189 facit)
1325 3147 1515 3180 contrariam
1528 3146 1604 3178 Eum
1619 3146 1652 3178 in
1671 3145 1856 3186 reipublicae
1872 3146 2018 3187 gerendae
2033 3145 2156 3178 ratione

1128 3197 1318 3230 sententiam
1347 3195 1497 3226 habuisse
1524 3193 1626 3226 videri
1645 3193 1754 3225 tradit.
1783 3194 1843 3225 Est
1862 3193 1918 3225 ubi
1943 3193 2099 3234 ,iactantia
2123 3194 2156 3224 et

1127 3252 1235 3277 amore
1251 3243 1301 3275 sui
1315 3241 1390 3274 ser-ri
1401 3241 1436 3273 in
1447 3241 1588 3273 carmine
1600 3240 1717 3281 aliquis
1730 3239 1839 3272 videat
1855 3250 1863 3271 z
1880 3240 1925 3272 ait
1937 3240 2024 3272 enim
2041 3250 2050 3271 :

1170 3291 1303 3322 salvete
1317 3299 1327 3319 :
1343 3297 1401 3329 eqo
1421 3288 1594 3320 vobiscum
1619 3287 1703 3320 deus
1731 3287 1946 3320 immortalis
1961 3311 1970 3328 ‚
1989 3295 2056 3320 non
2085 3294 2155 3319 am·

1127 3338 1222 3379 plius
1232 3336 1401 3369 mortalis
1419 3343 1545 3368 versor.
