2320 3684
151 161 228 194 536

151 243 270 280 altera
289 250 398 292 parte
414 254 435 278 a
455 240 538 277 solo
553 238 716 278 Seldeno
730 236 922 287 descripta
940 235 1061 274 edidit
1077 236 1177 275 libro

148 304 211 341 cui
227 303 357 340 titulus
374 303 588 338 «IPIczrmora
611 300 853 342 Oxoniensia‚
877 298 990 344 1763.
1005 313 1020 330 n
1040 300 1177 348 Neque

150 370 278 399 tamen
307 361 425 398 multa
449 359 499 395 ob
524 358 730 408 pessimam
751 355 891 406 lapidis
911 354 1176 394 conditionem

150 434 198 458 ex
212 434 258 457 eo
275 419 465 468 corrigere
487 425 525 454 et
548 416 704 466 explere
715 415 846 453 valuit.
868 417 961 462 Quae
980 415 1065 465 ipse
1079 428 1174 452 con--

146 477 329 529 jectando
347 475 551 514 emendare
565 474 726 520 studuit,
749 474 856 524 parvi
876 481 965 511 sunt
979 474 1175 511 momenti.

203 540 341 574 Praeter
360 549 414 580 ea,
427 547 513 584 quae
533 533 719 571 seldenus
732 562 741 580 ,
757 531 950 582 Bentlejus
963 541 1001 570 et
1022 533 1176 570 Chand-

151 595 251 632 lerus
305 594 498 644 praebent,
551 605 692 630 novum
738 591 786 630 ad
827 605 935 629 suam
976 592 1178 631 Marmoris

150 654 358 691 editionem
380 652 449 702 (in
470 654 586 700 Corp.
607 651 821 702 Inscriptt.,
845 660 935 689 tom.
948 654 1003 699 ΙΙ,
1021 665 1057 702 p.
1086 653 1175 701 293,

150 710 249 762 sqq.)
278 709 492 747 subsidium
520 708 697 746 adhibuit
730 709 941 747 Boeckhius.
967 713 1099 756 «Nos,
1122 709 1178 746 in-

150 772 254 821 quit,
270 770 309 807 in
333 769 553 820 superstitis
576 768 694 819 partis
724 769 890 807 lectione
907 768 1178 806 constituenda

150 836 290 879 praeter
307 827 564 866 Chandlerum
583 826 643 864 usi
670 841 802 865 sumus
831 828 1094 878 manuscripto
1120 826 1178 864 bi-

149 887 352 925 bliothecae
386 888 500 937 regiae
538 888 819 935 Berolinensis,
847 887 952 938 quod
983 888 1022 924 in
1053 888 1178 925 fronte

150 947 343 983 exteriore
377 947 549 985 Forsteri
586 960 727 984 nomen
762 946 994 997 inscriptum
1030 946 1148 984 habet
1167 977 1177 994 ,

151 1018 267 1042 manu
305 1004 516 1044 admodum
549 1006 713 1055 juvenili
735 1015 943 1043 exaratum
975 1006 1107 1044 :inter
1141 1020 1175 1043 a.

155 1065 250 1111 1751
275 1073 311 1100 et
332 1064 432 1110 1756
448 1077 470 1101 a
486 1065 706 1102 'Reinholdo
725 1065 1006 1114 Forstero,qui
1024 1078 1056 1101 a.
1078 1066 1177 1116 1798

150 1122 268 1170 obiit,
305 1125 493 1173 scriptum
525 1137 608 1161 esse
640 1123 756 1160 didici
790 1137 841 1161 ex
867 1124 980 1161 certis
1008 1122 1177 1169 indiciis,

151 1194 258 1231 quae,
284 1195 403 1231 quum
426 1195 487 1219 res
510 1183 602 1220 levis
622 1183 672 1220 sit
686 1211 695 1229 ,
717 1195 912 1232 exponere
936 1181 1176 1231 supersedeo.

149 1243 285 1277 Insunt
310 1241 585 1291 explicationes
608 1242 720 1279 variae
743 1241 973 1292 paucissima
995 1253 1092 1277 nova
1119 1240 1178 1277 af-

151 1298 337 1346 ferentes,
353 1300 394 1337 in
418 1299 562 1350 quibus
589 1308 725 1337 auctor
748 1299 1083 1350 Baumgartenium
1110 1312 1179 1350 po-

151 1357 339 1395 tissimum
370 1368 524 1396 secutus
557 1368 635 1407 est,
666 1368 870 1409 textusque
902 1373 950 1396 ex
981 1358 1177 1409 prioribus

151 1417 293 1466 petitus
309 1417 562 1462 editionibus,
583 1418 729 1456 lacunis
749 1419 973 1468 neutiquam
991 1427 1093 1455 recte
1109 1417 1178 1455 de-

150 1475 310 1522 mensis,
328 1476 438 1526 isque
459 1476 667 1513 multifarie
684 1486 879 1514 correctus
900 1485 940 1513 et
964 1477 1178 1527 interpola-

153 1540 240 1581 tus,
264 1534 451 1585 appositis
485 1535 600 1572 etiam
632 1535 809 1586 superius
847 1535 1179 1573 emendationibus

150 1592 290 1642 partim
322 1593 527 1630 manifesto
557 1606 607 1630 ex
638 1593 858 1631 Chandlero
889 1594 1034 1642 ductis,
1064 1608 1177 1645 quem

149 1650 214 1687 diu
232 1659 320 1701 post
341 1652 577 1702 primitivam
598 1653 829 1703 scripturam
850 1653 1072 1704 inspexerat
1087 1657 1179 1691 For-

149 1717 285 1747 sterus.
304 1714 451 1748 Verum
471 1711 544 1748 alia
569 1720 636 1749 aut
655 1712 695 1748 iu
730 1720 838 1750 textu
861 1713 946 1762 ipso
966 1726 988 1750 a
1009 1712 1177 1750 secunda

150 1782 266 1805 manu
289 1778 463 1807 correcta
483 1779 571 1807 sunt
591 1778 658 1807 aut
686 1771 787 1808 inter
807 1771 927 1808 lineas
947 1780 985 1809 et
1012 1771 1060 1809 ad
1081 1784 1178 1808 mar-

149 1827 277 1877 ginem
300 1828 513 1880 adscripta,
531 1843 617 1880 quae
639 1842 689 1866 ex
712 1843 815 1867 nova
830 1831 969 1881 lapidis
987 1831 1177 1881 supersti-

152 1887 198 1924 tis
218 1887 270 1937 (v.
289 1889 455 1940 46,sqq.)
476 1890 683 1927 collatione
702 1891 876 1941 profecta
897 1900 985 1928 sunt
1006 1907 1013 1928 ;
1032 1891 1177 1941 quippe

147 1947 316 1984 Forsteri
335 1949 603 1998 apographum
628 1950 757 1986 nescio
778 1950 864 2000 quis
895 1950 1060 2000 primum
1080 1963 1175 1987 con—

149 2006 237 2043 tulit
272 2021 360 2044 cum
392 2008 521 2058 lapide
546 2036 556 2055 ,
587 2009 746 2058 Anglico
779 2009 811 2046 is
847 2022 1024 2046 sermone
1060 2010 1176 2046 semel

148 2074 264 2115 atque
301 2067 443 2104 iteruin
482 2081 573 2104 usus
593 2083 602 2114 3
637 2067 776 2104 deinde
820 2081 939 2118 quum
975 2072 1176 2106 Forsterus

148 2125 241 2174 quid
270 2127 383 2163 certis
415 2127 510 2163 locis
535 2137 635 2164 esset
663 2128 704 2164 in
735 2130 932 2164 Marmore
966 2130 1175 2178 scriptum,

148 2185 386 2234 quaesivisset
410 2185 560 2234 denuo,
585 2185 632 2223 ad
668 2186 749 2223 haec
777 2200 823 2223 ex
849 2186 1016 2224 secunda
1043 2187 1177 2236 inspe—

148 2243 275 2280 ctione
295 2257 524 2295 responsum
546 2254 603 2282 est
631 2246 670 2282 in
692 2246 906 2295 margine.»
925 2249 1068 2283 Verum
1097 2258 1174 2281 non

149 2302 272 2339 solum
299 2310 443 2340 textum
461 2318 507 2341 ex
536 2304 582 2341 iis
602 2305 797 2352 sontibus,
816 2303 957 2354 quibus
987 2305 1076 2342 solis
1106 2305 1184 2341 au-'

149 2361 308 2398 ctoritas
349 2370 435 2409 est,
475 2363 676 2400 Boeckhius
713 2364 930 2411 constituit,
964 2363 1030 2401 sed
1067 2376 1174 2400 com-

147 2420 378 2457 mentarium
399 2434 554 2471 quoque
572 2421 732 2471 adjecit,
751 2423 789 2459 in
809 2436 886 2472 quo
908 2431 988 2459 tum
1011 2422 1058 2460 de
1077 2430 1174 2460 tem-

147 2491 244 2528 pora
274 2480 522 2530 computandi
557 2481 728 2528 ratione,
755 2494 870 2531 quam
903 2481 1173 2532 Inscriptiouis

146 2545 283 2574 auctor
311 2546 464 2576 secutus
492 2539 566 2588 sit,
590 2552 666 2589 qua
694 2539 796 2576 solet
826 2539 966 2576 eximia
984 2552 1071 2576 cum
1101 2539 1175 2576 do-

148 2596 274 2633 ctrina
307 2596 511 2644 disseruit,
545 2604 627 2634 tum
659 2611 720 2635 res
750 2597 790 2634 in
822 2597 981 2646 singulis
1013 2597 1174 2648 epochis

147 2663 377 2693 memoratas
411 2656 646 2706 explicavit,
679 2656 912 2706 lacunasque
949 2664 1053 2693 tanta
1087 2669 1173 2693 cum

147 2713 352 2762 sagacitate
381 2714 570 2764 explevit,
600 2722 644 2752 ut
675 2715 824 2766 priores
858 2714 1026 2752 editores
1059 2714 1173 2764 longe

148 2780 234 2821 post
276 2786 316 2810 se
354 2774 567 2823 reliquerit.
607 2777 918 2813 Consentaneum
960 2782 1018 2812 est
1056 2774 1173 2823 igitur

146 2832 259 2881 hujus
289 2834 454 2871 maxime
489 2835 561 2872 viri
594 2835 808 2872 doctissimi
837 2835 1007 2872 rationes
1021 2840 1106 2872 ”nos
1133 2835 1172 2872 in

146 2904 248 2928 nova
264 2892 336 2929 hac
367 2894 550 2931 Chronici
568 2894 739 2932 editione
758 2904 909 2934 secutos
930 2907 1031 2940 esse3
1049 2907 1173 2945 neque

145 2957 202 2985 est
230 2963 298 2986 cur
329 2951 390 2987 hic
415 2952 585 2990 virorum
607 2953 861 3000 eruditorum,
879 2954 946 3004 qui
971 2954 1172 2991 Marmoris

145 3007 435 3058 inscriptionem
449 3019 515 3047 aut
533 3020 732 3049 verterunt
753 3020 819 3050 aut
842 3012 1098 3062 explicarunt,
1113 3025 1172 3050 ac-

145 3067 382 3105 cumulemus
403 3070 572 3118 nomina,
590 3085 660 3109 suo
682 3073 765 3110 loco
792 3072 1092 3123 uniuscujusque
1110 3072 1168 3109 fa-

145 3133 243 3163 cturi
274 3128 519 3166 mentionem.

196 3243 429 3282 Chronicum
449 3255 622 3286 nostrum
645 3249 684 3286 in
706 3249 791 3299 ipsa
814 3253 911 3287 Paro
930 3249 1077 3296 insula,
1098 3263 1169 3288 ne-

145 3315 220 3353 que
233 3332 243 3350 ‚
264 3312 307 3340 ut
326 3304 511 3353 Lydiatus
530 3308 710 3357 opinatus
731 3317 804 3356 cst,
829 3310 869 3346 in
890 3309 1035 3359 Pharo,
1055 3310 1170 3347 maris

143 3361 266 3400 insula
280 3360 463 3400 Adriatici
488 3366 766 3416 Pariorumque
787 3367 951 3414 colonia,
970 3377 1166 3406 exaratum

1025 149 1387 191 INTRODUCTIO.

1235 250 1334 283 esse,
1358 244 1518 288 propter
1547 250 1687 276 nomen
1718 238 1915 277 archontis
1938 241 2039 279 Parii
2065 242 2103 279 in
2137 242 2264 283 fronte

1235 296 1375 348 lapidis
1394 297 1601 348 scriptum,
1619 305 1728 335 extra
1747 297 2003 337 dubitationis
2022 301 2142 339 aleam
2160 303 2266 353 posi-

1238 364 1317 394 tum
1340 365 1409 394 est.
1431 356 1526 394 Inde
1547 357 1787 407 intelligitur,
1805 371 1874 394 cur
1893 371 2019 396 sermo
2042 360 2172 411 plures
2189 374 2260 399 ex-

1235 415 1364 452 hibeat
1394 415 1535 453 formas
1564 417 1738 464 Ionicas,
1762 416 1818 454 uti
1847 414 1925 460 εἵως
1952 431 1992 457 v.
2017 431 2054 468 2,
2069 417 2142 472 ἱρόν
2168 432 2206 458 v.
2229 434 2266 472 7,

1236 475 1299 522 87,
1321 473 1463 520 Τλησία
1487 488 1523 512 v.
1546 481 1616 524 49,
1630 474 1752 514 Ἱππία
1770 490 1807 516 v,
1828 476 1891 513 61.

1290 536 1385 580 Quae
1405 547 1497 571 vero
1522 547 1655 572 caussa
1686 535 1822 581 fuerit,
1842 548 1910 571 cur
1931 534 2050 573 homo
2069 536 2242 588 privatus
2255 567 2266 587 ,

1235 604 1278 633 ut
1300 596 1466 642 videtur,
1482 595 1652 636 tabulam
1669 597 1813 635 hancce
1830 598 2140 648 chronologicam
2161 613 2265 638 com·
2309 602 2320 637 ῑῙ

1236 655 1456 706 ponendam
1485 665 1660 702 curaret,
1685 656 1766 707 jam
1798 657 1887 694 sciri
1915 657 2061 708 nequit.
2091 661 2266 698 Fortasse

1236 717 1316 764 ejus
1336 715 1391 752 rei
1424 716 1569 753 mentio
1601 714 1741 765 injecta
1776 724 1859 753 erat
1882 716 1922 752 in
1955 715 2091 767 primis
2109 717 2170 755 vel
2193 731 2267 769 po·
2314 727 2320 766 ss

1235 774 1385 810 stremis
1408 774 1670 825 inscriptionis
1690 774 1821 821 lineis3
1842 774 1910 811 sed
1928 775 2054 824 prima
2074 773 2155 825 ejus
2176 789 2266 826 pars

1230 831 1310 881 jam
1333 845 1490 882 prorsus
1505 832 1727 870 oblitterata
1748 841 1816 880 est,
1840 842 2034 883 postrema
2054 832 2267 884 deperdita.

1237 890 1338 928 Fieri
1359 891 1499 940 potuit,
1515 899 1558 928 ut
1570 905 1629 929 res
1642 891 1811 942 quaedam
1827 892 2087 930 memorabilis
2108 892 2180 930 sub
2194 896 2268 932 Pa-

1236 949 1294 986 rio
1315 950 1379 986 illo
1398 950 1584 988 archonte
1609 952 1807 998 evenisset,
1828 951 1886 988 vel
1907 959 1948 988 ut
1972 950 2094 1001 major
2113 952 2267 1003 quidam

1237 1007 1423 1044 festorum
1447 1009 1575 1058 cyclus
1604 1008 1685 1059 ejus
1720 1023 1824 1047 anno
1860 1009 2150 1060 absolveretur,
2182 1023 2268 1062 quae
2312 1055 2314 1059 ,

1238 1075 1509 1116 permoverent
1528 1067 1765 1105 sacerdotem
1783 1068 1843 1106 vel
1861 1069 1976 1106 alium
1994 1070 2170 1120 quemvis
2194 1070 2270 1108 ho-

1237 1125 1378 1162 minem
1391 1155 1400 1172 ,
1421 1135 1466 1163 ut
1496 1139 1556 1163 res
1578 1126 1749 1176 potiores
1762 1156 1773 1177 ,
1790 1140 1876 1177 quae
1891 1127 1982 1165 inde
1995 1127 2044 1165 ab
2066 1129 2268 1167 hominum
2316 1162 2320 1164 .

1239 1185 1422 1222 memoria
1453 1185 1718 1235 contigerunt,
1751 1186 1998 1235 consignaret
2011 1216 2022 1234 ,
2056 1199 2268 1238 earumque

1239 1251 1414 1293 tempora
1427 1256 1449 1280 a
1464 1244 1645 1294 Diogneti
1655 1257 1755 1281 anno
1766 1253 1871 1282 retro
1887 1254 2117 1296 computans
2131 1255 2268 1284 enota-
2306 1278 2317 1294 Ἰ.

1238 1310 1306 1339 ret.
1320 1302 1393 1340 Sed
1405 1316 1545 1342 vanum
1560 1311 1617 1340 est
1635 1302 1866 1353 conjecturis
1879 1304 2093 1355 indulgere,
2106 1319 2202 1356 quas
2218 1306 2267 1344 ad
2318 1303 2320 1305 ¹

1238 1361 1522 1411 probabilitatis
1543 1362 1711 1413 speciem
1733 1362 1927 1401 adducere
1948 1376 2158 1413 numquam
2174 1365 2269 1403 lice·-

1237 1420 1306 1458 bit.
1328 1422 1619 1459 Memorandum
1641 1431 1698 1460 est
1715 1430 1864 1468 autem,
1882 1423 1971 1472 ipso
1990 1422 2057 1460 illo
2075 1431 2267 1475 tempore,
2318 1431 2320 1434 ’

1237 1494 1316 1531 quo
1331 1484 1501 1519 Marmor
1522 1490 1695 1519 nostrum
1713 1482 1944 1531 inscriptum
1958 1489 2025 1528 est,
2044 1482 2144 1520 miro
2164 1497 2266 1533 quo—

1239 1540 1324 1578 dam
1340 1541 1468 1578 studio
1481 1545 1632 1579 Graecos
1646 1540 1874 1587 elaborasse,
1891 1548 1935 1577 ut
1947 1553 2077 1578 rerum
2091 1549 2267 1593 tempora

1238 1607 1425 1649 quantum
1448 1601 1530 1648 ejus
1550 1600 1631 1637 fieri
1652 1601 1778 1650 potuit
1802 1599 2089 1638 accuratissime
2116 1602 2267 1639 consti-

1238 1666 1403 1697 tuerent.
1426 1663 1525 1697 Nam
1544 1659 1645 1696 circa
1664 1658 1704 1696 id
1729 1658 1913 1709 temporis
1928 1659 2094 1696 Timaeus
2118 1660 2267 1710 primus

1237 1718 1405 1768 suscepit
1434 1718 1631 1768 negotium
1658 1717 1750 1755 illud
1778 1717 1909 1754 multis
1931 1718 2013 1755 sine
2043 1718 2163 1756 dubio
2189 1718 2266 1756 dii·-

1239 1775 1475 1813 ficultatibus
1511 1776 1743 1826 impeditum
1789 1776 2026 1813 Athenarum
2061 1777 2266 1815 archontes

1237 1835 1489 1885 comparandi
1519 1849 1605 1872 cum
1633 1834 1789 1886 regibus
1809 1834 2208 1882 Lacedaemoniorum,
2228 1844 2267 1874 et

1237 1894 1456 1944 Olympicos
1488 1894 1659 1931 victores
1687 1908 1775 1931 cum
1806 1892 2070 1931 sacerdotibus
2101 1895 2266 1933 sunonis

1235 1954 1395 2003 Argivae.
1412 1955 1544 2003 Neque
1569 1954 1729 1990 multum
1751 1961 1864 1990 antea
1883 1953 2102 1990 Demetrius
2123 1953 2263 1991 Phale-

1235 2025 1323 2049 reus
1339 2012 1570 2049 archontum
1584 2012 1800 2062 catalogum
1816 2011 2037 2058 contexuit3
2053 2011 2266 2063 eodemque

1236 2083 1314 2120 quo
1335 2074 1478 2109 Noster
1518 2079 1655 2107 auctor
1689 2071 1862 2121 scripsit,
1896 2070 2154 2108 Philochorus
2195 2070 2266 2109 de-

1235 2143 1314 2167 nuo
1330 2129 1531 2179 inquisivit
1553 2130 1591 2166 in
1607 2130 1825 2167 Atticorum
1858 2129 2086 2166 archontum
2106 2130 2241 2167 seriem
2254 2157 2264 2175 ‚

1235 2201 1321 2238 quae
1356 2195 1563 2239 propterea
1594 2201 1670 2225 non
1695 2187 1841 2238 ubique
1871 2188 1924 2224 ita
1951 2195 2053 2224 certa
2083 2200 2165 2225 esse
2195 2201 2266 2238 pu·

1237 2246 1348 2284 tanda
1380 2255 1463 2294 est,
1494 2260 1610 2297 quam
1643 2247 1760 2297 vulgo
1794 2247 2050 2283 existimatur.
2086 2249 2263 2284 Fortasse

1235 2306 1367 2343 Nostri
1388 2319 1543 2356 quoque
1563 2306 1731 2343 auctoris
1750 2319 1871 2356 opera
1887 2305 1927 2342 in
1947 2318 1993 2342 eo
2012 2305 2179 2342 maxima
2193 2319 2265 2356 po-

1234 2364 1307 2402 sita
1338 2373 1438 2411 erat,
1459 2371 1499 2401 ut
1527 2377 1606 2411 res,
1638 2377 1731 2414 quas
1756 2365 1796 2401 in
1825 2364 1908 2401 aliis
1941 2364 2158 2416 ἀναγραφαῖς
2181 2363 2262 2414 jam

1233 2432 1409 2461 enotatas
1427 2423 1629 2470 inveniret,
1652 2423 1700 2460 ad
1720 2423 1946 2460 archontum
1964 2421 2262 2460 Atheniensium

1233 2496 1353 2520 annos
1389 2490 1602 2520 revocaret.
1626 2484 1712 2528 Qua
1742 2482 1781 2518 in
1812 2495 1853 2519 re
1882 2493 1970 2518 eum
1998 2479 2045 2518 ad
2073 2480 2260 2518 Demetrii
2303 2510 2306 2511 γ

1233 2541 1410 2579 Phalerei
1431 2542 1646 2592 catalogum
1665 2554 1742 2591 prae
1766 2540 1905 2578 ceteris
1933 2552 2015 2577 sese
2049 2539 2262 2590 applicasse

1233 2600 1478 2640 crediderim.
1494 2604 1591 2639 Nam
1610 2600 1649 2637 in
1664 2599 1923 2637 anterioribus
1939 2596 2124 2649 operibus
2144 2597 2260 2635 chro-

1233 2660 1434 2710 nologicis,
1455 2668 1499 2697 ut
1519 2660 1558 2696 in
1579 2658 1855 2697 Sacerdotibus
1875 2656 2082 2700 Hellanici,
2099 2657 2138 2693 in
2161 2659 2260 2706 Pry-

1235 2717 1387 2755 tanibus
1421 2717 1631 2764 Charonis,
1666 2717 1703 2754 in
1736 2717 1919 2767 Sicyonio
1950 2716 2016 2752 illo
2056 2723 2260 2766 poetarum

1232 2777 1546 2826 musicorumque
1586 2788 1760 2821 recensu,
1782 2776 2008 2813 archontum
2039 2775 2259 2812 Atticorum
2306 2787 2307 2790 ’

1231 2835 1334 2871 nulla
1355 2834 1487 2872 habita
1520 2842 1602 2871 crat
1619 2834 1729 2871 ratio.

1284 2893 1399 2939 Quod
1424 2893 1563 2931 deinde
1588 2892 1780 2929 delectum
1811 2904 1942 2928 rerum
1961 2890 2109 2937 attinet,
2126 2891 2259 2942 singu-

1230 2953 1348 2991 larem
1369 2953 1597 2991 sententiam
1618 2952 1780 3003 protulit
1804 2954 1984 2988 Freretus
2013 2951 2052 2988 in
2072 2952 2191 2987 Me'm.
2211 2953 2259 2988 de

1231 3016 1436 3051 l’Acade'm.
1452 3016 1658 3060 desInscr„
1675 3021 1766 3050 tom.
1790 3014 1921 3049 XXVI
1934 3039 1944 3057 ‚
1961 3025 1999 3062 p.
2023 3010 2093 3048 165
2107 3025 2139 3047 :«
2151 3010 2258 3049 L’hi—

1230 3074 1347 3111 stoire
1367 3073 1544 3124 generale
1561 3080 1599 3110 et
1615 3071 1806 3123 politique
1828 3070 1875 3107 de
1894 3071 1929 3107 la
1950 3071 2094 3115 Grece‚
2110 3069 2256 3120 inquit,
2296 3103 2320 3123 ⁷·-

1230 3145 1278 3169 ne
1295 3130 1420 3183 parait
1440 3145 1508 3183 pas
1523 3131 1632 3168 avoir
1648 3130 1708 3168 ete
1723 3130 1757 3166 le
1776 3129 1964 3179 principal
1980 3128 2086 3179 objet
2102 3127 2150 3166 de
2166 3129 2255 3166 l’au·

1230 3201 1315 3230 teur
1332 3192 1379 3230 de
1400 3191 1437 3229 la
1457 3191 1680 3241 chronique.
1713 3192 1774 3227 On
1799 3189 1900 3235 voit,
1921 3202 1968 3226 en
1990 3187 2254 3236 l’examinant,

1230 3264 1304 3301 que
1319 3264 1389 3288 son
1411 3249 1559 3288 dessein
1576 3249 1669 3286 etait
1694 3247 1741 3285 de
1757 3247 1934 3297 disposcr
1954 3246 2048 3284 dans
2069 3260 2120 3284 un
2137 3245 2253 3283 ordre
2301 3290 2302 3293 Ἰ

1229 3309 1532 3359 chronologique
1553 3308 1609 3345 les
1637 3306 1793 3344 notions
1813 3306 1877 3355 qui
1900 3313 2066 3356 peuvent
2088 3305 2169 3342 etre
2187 3303 2252 3339 nc·-

1230 3367 1409 3405 cessaires
1432 3380 1531 3417 pour
1550 3366 1621 3404 lire
1641 3366 1694 3403 lcs
1715 3366 1849 3416 poetes
1869 3377 1960 3402 avec
1979 3364 2064 3415 plus
2089 3363 2136 3400 de
2156 3361 2250 3399 saci-
