2294 3704
151 179 174 203 χ
1018 154 1085 194 DE
1111 154 1379 195 HECATAEO.

147 260 411 298 saepenumero
448 247 555 285 illum
583 259 671 284 cum
700 254 833 284 nostro
863 243 1067 280 confusum
1087 271 1098 290 ,
1125 242 1172 280 de

146 308 412 358 AEgyptiorum
448 305 695 357 philosophia
733 304 853 343 libros
884 301 1146 353 composuisse
1163 315 1174 347 3

148 379 219 403 nee
236 365 392 403 difficile
410 365 483 403 erit
501 364 731 414 intelligere,
746 376 862 415 quam
882 361 996 414 proni
1011 374 1092 399 esse
1107 360 1175 399 de-

147 422 305 462 buerint
335 424 489 462 serioris
529 423 599 461 aevi
633 423 842 474 scriptores
861 450 872 469 ‚
910 430 953 460 ut
982 421 1175 460 Milesium

148 491 323 520 nostrum
352 483 468 520 Samii
494 482 692 519 alumnum
718 482 928 533 fingerent,
954 494 999 519 ac
1027 480 1176 518 homini

149 540 422 589 celeberrimo,
463 540 576 578 sicuti
603 540 779 579 solebant
795 570 806 589 ‚
834 540 1175 578 celebratissimum

149 599 284 637 darent
303 600 541 650 magistrum.
571 599 680 637 Idem
704 599 807 638 cadit
833 600 874 638 in
895 598 1096 638 Strabonis
1118 598 1176 636 lo-

149 672 235 696 cum
254 662 372 709 (XII,
399 672 438 709 p.
472 658 589 710 828),
622 659 692 698 ubi
722 662 925 698 Hecataeus
943 657 1177 697 Xenocratis

149 717 344 755 familiaris
367 718 483 756 fuisse
509 718 663 757 dicitur.
683 719 933 770 Ingeniorum
949 716 1177 756 'similitudo

148 785 186 814 et
202 777 322 814 aetatis
344 777 546 816 diversitas
570 778 683 816 simul
711 778 898 829 originem
934 777 1050 828 hujus
1071 789 1178 816 com-

150 836 266 873 menti
286 845 323 874 et
337 837 629 887 perversitatem
652 837 870 876 ostendunt.

203 894 276 933 Sed
297 896 517 947 quicunque
533 896 596 935 ille
614 897 684 945 sit,
703 897 769 948 qui
788 895 990 948 praeceptis
1012 896 1090 933 suis
1107 895 1177 945 ju-

149 954 254 991 venis
273 954 443 992 animum
463 955 512 993 ad
532 955 671 994 altiora
686 955 814 994 studia
830 955 997 993 erexerit
1019 963 1058 992 et
1081 967 1179 1005 prae-—

150 1013 306 1050 teritum
325 1014 550 1051 saeculorum
568 1014 766 1052 historiam
784 1013 968 1064 orbisque
988 1022 1178 1051 terrarum

150 1079 326 1109 naturam
344 1072 514 1122 penitius
534 1073 791 1124 cognoscendi
813 1086 943 1110 amore
962 1072 1178 1110 inflamma-

149 1130 262 1177 verit,
279 1130 489 1181 plurimum
507 1131 544 1168 in
565 1131 635 1169 hac
653 1145 694 1169 re
708 1146 755 1169 ex
769 1130 985 1178 itineribus,
1001 1144 1086 1181 quae
1097 1131 1180 1181 ipse

151 1187 333 1236 instituit,
355 1189 565 1240 profecisse
582 1190 778 1241 putandus
801 1198 870 1228 est.
901 1193 1112 1240 AEgyptum
1131 1188 1180 1226 ab

151 1259 198 1284 eo
235 1257 476 1298 peragratam
510 1262 592 1287 esse
630 1250 772 1287 scimus
802 1262 850 1286 ex
877 1248 1079 1287 Herodoto
1106 1249 1129 1285 l.
1151 1247 1177 1284 l.

149 1308 342 1345 Accurata
374 1316 503 1346 autem
538 1316 577 1346 et
609 1308 787 1346 distincta
825 1308 985 1346 aliarum
1024 1320 1181 1358 quoque

153 1374 343 1404 terrarum
378 1368 550 1418 cognitio
579 1381 600 1405 a
620 1368 773 1406 serioris
799 1367 914 1405 etiam
937 1367 1058 1404 aetatis
1086 1379 1180 1417 geo—

150 1425 309 1476 graphis
338 1427 497 1464 summis
531 1426 710 1464 laudibus
740 1435 896 1474 evecta,
928 1434 1045 1476 atque
1067 1425 1179 1473 illud,

150 1484 256 1535 quod
273 1493 403 1523 noster
429 1485 478 1524 ab
498 1486 757 1536 Agathemero
776 1484 829 1537 (1)
851 1484 938 1538 ἀνὴρ
955 1483 1182 1531 πολυπλανής

150 1552 336 1591 vocatur,
365 1546 562 1595 postulare
588 1545 875 1596 quodammodo
904 1545 1106 1593 videntur,
1140 1553 1183 1583 ut

151 1615 238 1640 eum
284 1604 468 1654 plurimas
507 1613 693 1642 terrarum
732 1618 826 1655 quas
867 1605 1072 1657 descripsit
1104 1605 1182 1643 suis

151 1662 271 1700 oculis
291 1663 434 1701 vidisse
449 1662 661 1702 credamus.
682 1665 832 1702 Etenim
852 1664 1072 1715 provincias
1092 1667 1182 1702 Per-

151 1734 279 1759 sarum
293 1722 457 1774 imperio
466 1722 658 1774 subjectas
671 1723 718 1761 ab
731 1724 816 1775 ipso
828 1724 1076 1775 perlustratas
1090 1737 1183 1772 esse,

153 1881 227 1912 ματι
255 1870 388 1912 χρῆσθαι
415 1869 485 1907 τοὺς
509 1870 697 1912 Αἰγυπτίους
721 1871 795 1903 ὅταν
822 1871 891 1904 τινὰ
916 1872 1181 1915 προσκαλῶνται).

151 1917 311 1949 Praeterea
324 1916 452 1958 scripsit
468 1918 545 1959 Περὶ
555 1921 609 1956 τῆς
624 1919 781 1956 ποιήσεως
795 1919 933 1961 Ὁμήρου
952 1920 1007 1951 καὶ
1021 1919 1182 1952 Ἡσιόδου.

153 1963 271 1996 Suidas
287 1962 309 1995 1.
322 1963 343 1994 Ι.
358 1984 400 1990 -
413 1964 490 2006 Περὶ
507 1967 569 1995 τῶν
579 1964 814 2008 Ὑπερὸορείων.
832 1966 940 1998 schol.
955 1966 1103 2007 Apollon.
1119 1968 1181 1999 Rh.

151 2013 196 2052 11,
211 2014 284 2043 675.
302 2012 375 2043 Huc
393 2011 556 2052 pertinent
570 2020 644 2052 quae
658 2012 806 2054 leguntur
821 2022 874 2055 ap.
891 2014 1006 2046 AElian.
1037 2015 1119 2047 Hist.
1144 2016 1182 2047 A'.

150 2060 214 2099 XI,
232 2062 259 2090 1.
272 2059 373 2100 Stepll
403 2060 478 2099 Byz.
495 2068 527 2090 v.
543 2059 679 2096 Ἐλίξοια
691 2062 724 2092 et
738 2062 958 2103 Καραμὸύκαι.
969 2063 1096 2105 -Περὶ
1109 2063 1184 2095 Ἰου-

151 2106 248 2138 δαίων
272 2106 389 2148 βιὸλίον
408 2106 541 2147 Joseph.
555 2108 592 2138 C.
611 2107 727 2148 Apion.
746 2110 774 2148 I,
791 2113 843 2149 22,
868 2108 920 2141 vel
941 2110 1010 2152 περὶ
1025 2109 1184 2142 Ἰουδαίων

151 2153 274 2195 ἱστορία
286 2153 403 2185 Euseb.
422 2154 525 2194 Praep.
538 2155 598 2185 Ev.
615 2155 661 2186 IX
673 2179 683 2195 ,
699 2163 732 2195 p.
752 2157 825 2187 408.
840 2158 888 2187 Ex
900 2165 967 2197 quo
981 2165 1077 2197 opere
1092 2157 1186 2198 plura

151 2199 325 2232 laudantur
350 2209 401 2241 ap.
433 2201 565 2242 Joseph.
600 2210 633 2242 p.
673 2204 854 2235 1186-1190
882 2205 916 2235 et
947 2203 1050 2235 Glem.
1092 2205 1182 2237 Alex.

152 2249 273 2279 strom.
288 2250 328 2288 V,
345 2256 378 2288 p.
396 2251 471 2288 603,
488 2250 525 2288 Β,
540 2257 614 2289 quae
627 2250 800 2290 exsenipsit
818 2250 937 2282 Euseb.
956 2250 978 2282 1.
996 2250 1018 2282 l.
1035 2252 1112 2283 XIII
1124 2275 1133 2291 ,
1151 2259 1183 2292 p.

152 2297 227 2334 680,
241 2296 280 2326 D.
300 2294 446 2326 Eundem
459 2295 579 2327 librum
604 2296 654 2328 vel
680 2299 808 2338 partem
836 2297 907 2338 ejus
922 2297 1035 2330 laudat
1050 2298 1183 2339 Joseph.

151 2343 226 2373 Ant.
242 2342 270 2381 I,
285 2343 316 2381 7,
327 2345 345 2373 2
358 2341 407 2373 his
417 2341 542 2374 verbis:
555 2343 651 2375 Ἑκ...
671 2344 788 2384 βιὸλίον
799 2345 867 2387 περὶ
883 2347 937 2376 τοῦ
950 2343 1102 2387 Ἀδράμου
1115 2356 1186 2377 συν·

151 2387 317 2429 ταξάμενος
333 2389 490 2421 κατέλιπε.
502 2391 549 2421 De
564 2390 754 2423 auctoritate
767 2391 864 2431 hujus
877 2391 951 2423 libri
962 2393 1050 2432 Orig.
1061 2393 1100 2424 G.
1112 2391 1186 2425 Cel-

152 2444 227 2467 sum
241 2437 268 2476 1,
287 2438 323 2468 la
336 2444 343 2466 :
362 2436 431 2467 Ἑκ.
441 2439 496 2468 τοῦ
513 2438 670 2479 ἱστορικοῦ
682 2439 802 2481 φέρεται
815 2440 884 2482 περὶ
898 2440 1056 2472 Ἰουδαίων
1069 2441 1186 2482 βιὸλίον

152 2483 184 2514 ἐν
201 2483 228 2524 ᾧ
239 2483 438 2525 προστίθεται
454 2485 567 2524 μᾶλλον
584 2486 626 2521 ὡς
641 2488 730 2526 σοφῷ
745 2489 791 2527 τῷ
803 2486 881 2518 ἔθνει
898 2487 948 2519 ἐπὶ
961 2490 1123 2528 τοσοῦτον,
1145 2490 1186 2526 ὡς

152 2531 205 2561 καὶ
238 2530 389 2573 Ἑρέννιον
406 2530 535 2563 Φίλωνα
551 2532 583 2563 ἐν
610 2535 656 2574 τῷ
677 2534 746 2576 περὶ
776 2534 937 2566 Ἰουδαίων
969 2536 1186 2578 συγγράμματι

153 2580 277 2620 πρῶτον
294 2578 349 2619 μὲν
359 2577 560 2620 ἆμφιὸάλλειν
576 2580 602 2611 εἰ
615 2583 669 2612 τοῦ
680 2581 838 2623 ἱστορικοῦ
848 2582 914 2614 ἐστὶ
930 2585 975 2623 τῷ
985 2583 1186 2625 σύγγραμμα,

154 2626 294 2668 δεύτερον
313 2625 345 2656 δὲ
356 2625 457 2666 λέγειν
474 2626 534 2666 ὅτι,
549 2626 635 2670 εἴπερ
647 2627 732 2659 ἐστὶν
753 2629 861 2670 αὐτοῦ,
875 2630 957 2667 εἰκὸς
975 2631 1068 2662 αὐτὸν
1082 2641 1188 2673 συνηρ-

153 2671 271 2703 πάσθαι
289 2671 352 2704 ἀπὸ
376 2677 431 2711 τῆς
447 2674 532 2716 παρὰ
545 2674 705 2712 Ἰουδαίοις
729 2676 943 2718 πιθανότητος,
966 2679 1019 2709 καὶ
1034 2689 1190 2719 συγκατα·

154 2721 306 2752 τεθεῖσθαι
329 2720 415 2761 αὐτῷ
443 2724 489 2762 τῷ
511 2721 607 2763 λόγῳ.
631 2722 681 2754 Cf.
710 2725 806 2756 voss.
828 2723 869 2756 de
896 2726 979 2757 nist.
1005 2727 1063 2757 Gr.
1083 2734 1115 2766 p.
1135 2730 1185 2758 52.

156 2766 285 2798 clinton
300 2767 389 2800 Fasti
406 2768 491 2800 Heli.
506 2770 565 2810 lll,
577 2778 609 2810 p.
625 2771 697 2802 480.
709 2773 945 2804 -Hecalaeus
959 2774 1072 2813 Teius,
1090 2774 1189 2807 histo-

156 2812 364 2855 riographus,
387 2814 481 2855 cujus
503 2817 589 2857 apud
614 2816 720 2849 Sti-ab.
748 2819 834 2858 XlV,
850 2827 881 2860 p.
915 2822 975 2852 953
992 2821 1115 2852 mentio
1142 2821 1188 2853 in-

156 2859 275 2900 jicitur,
304 2869 323 2892 a
348 2862 453 2902 priore
482 2871 546 2894 non
576 2862 725 2896 diversus
750 2873 822 2898 esse
844 2865 983 2898 videtur.
1002 2870 1189 2901 Hecataeus

156 2908 366 2940 Eretriensis
389 2909 538 2942 laudatur
567 2919 619 2952 ap.
637 2911 722 2943 Plut.
735 2911 827 2945 Alex.
846 2921 877 2954 p.
902 2916 959 2946 160
972 2914 1023 2946 ed.
1038 2916 1185 2947 Francos.

156 2956 277 2986 Praeter
293 2956 351 2987 lios
364 2958 449 2997 apud
463 2958 595 2991 Diodor.
613 2961 715 3000 XVII,
735 2963 766 3000 5,
783 2962 952 2993 Hecataeus
963 2962 1096 3002 quidam
1106 2986 1115 3001 ,
1131 2963 1188 3004 qui

157 3002 300 3033 Attalum
340 3003 416 3035 dolo
456 3006 665 3048 interemerit,
697 3008 884 3041 nominatur
913 3008 997 3041 inter
1023 3010 1189 3043 ministros

157 3048 344 3081 Alexandri.

201 3096 246 3136 (1)
263 3097 469 3137 Agathemer.
486 3101 518 3139 Ι,
536 3103 547 3131 1
565 3110 571 3131 :
585 3101 812 3146 Ἀναξίμανδρος
825 3104 1016 3145 ὀΜιλήσιος,
1033 3105 1188 3145 ἀκουστὴς

158 3143 280 3176 Θάλεω.
299 3146 427 3187 Πρῶτος
446 3146 596 3187 ἐτόλμησε
611 3151 666 3188 τήν
688 3151 869 3192 οἰκουμένην
890 3152 920 3183 ἐν
935 3152 1041 3184 πίνακι
1059 3152 1186 3195 γράψαι.

158 3192 236 3223 Μεθ’
251 3191 285 3223 ὃν
314 3193 478 3230 Ἑκαταῖος
506 3195 523 3226 ὁ
551 3197 723 3237 Μιλήσιος,
754 3199 830 3242 ἀνὴρ
843 3201 1058 3241 πολυπλανὴς,
1077 3201 1189 3244 διηκρί-

159 3239 261 3271 6ωσεν
276 3239 359 3271 ὥστε
372 3241 583 3281 θαυμασθῆναι
594 3244 629 3275 τὸ
644 3248 782 3287 πρᾶγμα.
798 3247 975 3285 Ἑλλάνικος
987 3249 1046 3291 γὰρ
1058 3249 1189 3286 Δέσὸιος

159 3285 235 3328 ἀνὴρ
265 3286 442 3318 πο).υί’στωο
474 3287 638 3327 ἀπλάστως
666 3294 826 3334 παρέδωκε
856 3296 911 3333 τὴν
939 3295 1088 3338 ἱστορίαν.
1112 3296 1190 3328 Εἶτα

160 3333 328 3374 Δαμάστης
345 3335 362 3365 ὀ
377 3335 513 3372 Κιττιεὺς
529 3338 565 3367 τὰ
590 3339 720 3372 πλεῖστα
736 3341 770 3373 ἐκ
793 3345 847 3373 τοῦ
859 3342 1028 3374 Ἑκαταίου
1043 3343 1188 3386 μεταγρά-

162 3387 219 3426 ψας
235 3387 400 3429 περίπλουν
420 3388 560 3431 ἔγραψεν.

1235 251 1397 294 propter
1413 256 1477 290 ea,
1496 257 1582 294 quae
1598 243 1819 282 Herodotus
1845 243 1932 281 loco
1955 256 2046 280 mox
2068 243 2260 282 laudando

1234 310 1272 339 et
1296 301 1598 353 Agatharchides
1619 302 1672 355 (2)
1689 311 1847 341 narrant
1862 332 1873 351 ‚
1893 316 2006 340 nemo
2026 316 2104 341 non
2122 302 2263 354 lar-gie·

1236 369 1309 402 tur.
1319 365 1421 399 Num
1430 374 1523 400 vero
1532 362 1580 399 ad
1587 361 1726 399 Indum
1734 375 1805 413 usq
1811 375 1857 399 ue
1869 362 2127 412 penetraverit
2134 371 2262 413 potest
2287 364 2294 403 ἑ

1235 420 1415 458 dubitari.
1434 425 1530 469 Quae
1543 421 1589 459 de
1606 421 1664 462 his
1682 421 1902 472 regionibus
1916 420 2075 459 sortasse
2092 420 2263 471 tradidit,
2287 417 2294 439 ‘³

1235 493 1284 517 ex
1303 480 1456 529 Scylace
1481 481 1718 531 cognoverit.
1756 480 1829 519 Sed
1862 481 1977 519 Ponti
2011 481 2150 529 litora,
2181 489 2264 519 tum
2287 510 2294 534 Γ.

1236 538 1515 588 meridionalia,
1531 547 1612 577 tum
1627 540 1808 577 australia
1827 539 1886 592 (fr.
1908 540 1979 577 185
1998 540 2116 590 sqq.),
2131 540 2264 590 plures
2282 546 2294 605 ³

1237 597 1411 635 Thraciae
1438 599 1606 649 populos
1626 598 1700 650 (ex.
1725 611 1781 649 gr.
1808 612 1846 636 v.
1875 599 1920 636 fr.
1947 599 2049 649 123),
2075 599 2265 637 Graeciam
2288 615 2294 646 g

1238 657 1474 706 universam,
1491 659 1686 708 regionem
1701 672 1783 709 quae
1796 658 1845 696 ab
1865 658 2006 696 Inacho
2023 658 2071 695 ad
2087 661 2265 697 AEantem

1237 729 1361 766 usque
1385 724 1491 768 patet
1526 715 1587 763 (fr.
1622 729 1671 764 70
1694 717 1808 769 sqq.),
1847 717 2067 755 Oenotriam
2098 689 2294 797 denique{

1239 774 1300 826 (fr.
1322 776 1370 812 30
1392 774 1494 828 sqq.)
1514 775 1564 813 ab
1584 777 1761 813 Hecataeo
1777 776 1951 827 inspecta·
1975 788 2058 814 esse
2073 806 2083 824 ,
2101 776 2134 814 si
2150 786 2294 837 acen-5

1237 842 1357 872 ratam
1392 835 1528 872 harum
1558 835 1758 885 regionum
1785 835 2087 886 descriptionem
2105 827 2294 886 repam-L

1237 894 1350 940 veris,
1373 907 1446 944 pro
1460 901 1564 931 certo
1577 893 1655 931 sere
1666 893 1856 932 affirmare
1875 895 1978 932 licet.
1998 894 2123 931 Etiam
2147 881 2294 945 Ligu-⁹³

1238 954 1303 990 riae
1317 953 1519 990 nonnullas
1530 953 1663 990 saltem
1676 952 1792 990 urbes
1811 967 1899 991 eum
1920 953 2055 991 visisse
2069 983 2080 1001 ,
2099 965 2169 990 nec
2189 966 2282 1000 nom

1238 1012 1424 1049 australes
1437 1010 1573 1048 Iberiae
1589 1019 1627 1048 et
1639 1010 1813 1049 boreales
1828 1011 1957 1061 Libyae
1973 1024 2059 1049 oras
2069 1011 2206 1062 legisse
2219 1011 2272 1051 ad

1239 1069 1524 1122 probabilitatis
1543 1070 1709 1120 speciem
1729 1070 1866 1108 adduci
1888 1079 2028 1121 potest.
2043 1073 2103 1108 De
2127 1070 2188 1108 his
2206 1078 2294 1120 ta-Q,

1239 1142 1328 1167 men
1348 1128 1588 1166 dubitantius
1611 1129 1956 1178 pronuntiaverim.
2279 1163 2292 1171 ⁷.

1293 1191 1378 1226 Jam
1406 1187 1437 1224 si
1466 1199 1636 1237 quonam
1656 1195 1830 1238 tempore
1853 1196 1892 1225 et
1919 1187 2053 1225 ordine
2069 1190 2294 1236 Hecataeus-z>¹

1240 1246 1569 1298 peregrinationes
1602 1245 1684 1283 illas
1709 1246 1915 1297 perfecerit
1941 1246 2211 1298 anquiramus,
2229 1240 2291 1286 id*

1240 1318 1319 1342 unu
1324 1318 1359 1341 m
1363 1318 1379 1354 J
1386 1318 1407 1341 u
1414 1317 1453 1341 re
1462 1302 1575 1341 nobis
1582 1317 1733 1342 sumere
1743 1318 1961 1355 possumus,
1972 1318 2059 1342 eum
2070 1305 2111 1343 in
2129 1305 2294 1354 Persiaeg'·

1240 1363 1458 1415 provincias
1471 1363 1610 1400 itinera
1626 1371 1715 1401 ante
1731 1364 1793 1402 Ol.
1815 1377 1884 1411 70,
1910 1378 1925 1401 1
1942 1393 1953 1412 ,
1974 1363 2040 1402 ubi
2058 1377 2187 1403 coram
2208 1357 2294 1404 Ῑοόῖι

1240 1423 1354 1462 nibus
1383 1436 1446 1462 eas
1471 1423 1684 1471 recensuit,
1707 1423 1930 1462 absolvisse.
1961 1427 2013 1462 Ac
2046 1438 2096 1462 ne
2122 1424 2291 1476 reliquas}¹

1242 1483 1434 1534 posterius
1452 1482 1628 1520 instituta
1641 1482 1716 1520 sint
1727 1512 1738 1531 ,
1756 1491 1794 1520 et
1813 1482 1912 1521 bella
1932 1481 2088 1521 obstant
2101 1513 2112 1532 ,
2130 1482 2224 1535 quib
2270 1474 2292 1522 ἦ

1240 1543 1332 1580 inde
1346 1541 1394 1580 ab
1404 1543 1480 1580 hoc
1494 1550 1671 1593 tempore
1691 1542 1841 1580 Graecia
1850 1550 1965 1593 atque
1981 1542 2067 1580 Asia
2082 1497 2294 1581 coutimini}

1242 1600 1591 1653 perturbabantur,
1610 1609 1647 1638 et
1668 1601 1797 1639 senilis
1815 1601 1986 1639 Hecataei
2006 1610 2094 1639 aetas
2123 1601 2171 1640 ad
2190 1579 2294 1647 lon-sis

1242 1662 1475 1712 ginquorum
1491 1660 1671 1698 itinerum
1690 1660 1884 1698 molestias
1902 1673 2040 1711 parum
2057 1661 2294 1703 accommodi

1241 1721 1342 1759 data.
1376 1721 1469 1758 Veri
1505 1719 1635 1770 itaque
1669 1720 1904 1758 simillimum
1943 1729 2001 1758 est
2036 1721 2205 1772 plurima
2235 1734 2257 1759 e
2271 1716 2273 1718 ’
2288 1712 2294 1738 5

1243 1779 1387 1830 majora
1411 1778 1493 1829 ejus
1511 1779 1651 1816 itinera
1669 1779 1769 1817 facta
1785 1792 1867 1818 esse
1885 1780 1988 1818 inter
2009 1779 2070 1818 Ol.
2089 1780 2140 1816 66
2155 1808 2166 1827 ‚
2186 1784 2207 1825 4
2233 1793 2256 1819 e
2291 1822 2294 1827 ⁴

1243 1838 1314 1888 69,
1333 1843 1368 1885 4,
1383 1837 1574 1888 illoigitur
1588 1837 1792 1876 duodecim
1808 1851 1997 1876 annorum
2012 1837 2150 1889 spatio,
2166 1851 2246 1890 quo
2291 1852 2294 1886 j

1242 1897 1343 1935 inter
1359 1897 1467 1935 Darii
1484 1904 1618 1934 contra
1634 1897 1794 1947 Scythas
1808 1896 1953 1934 bellum
1967 1897 2219 1948 Thraciaeque
2292 1892 2294 1937 ᾗ

1242 1955 1477 1994 Macedoniae
1505 1956 1830 2007 expugnationem
1860 1963 1976 2007 atque
1996 1955 2151 1994 initium
2182 1955 2259 1995 bell
2282 1971 2294 1979 ··

1242 2015 1366 2054 Ionici
1381 2023 1439 2053 est
1458 2014 1714 2065 interjectum.
1728 2014 1843 2062 Quod
1858 2022 2009 2065 tempus
2022 2022 2062 2052 et
2077 2014 2109 2052 si
2124 2001 2286 2069 aetatemf-

1243 2075 1411 2113 Hecataei
1420 2082 1636 2126 spectemus
1643 2074 1885 2125 aptissimum
1893 2073 2059 2121 videtur,
2069 2082 2107 2111 et
2115 2061 2287 2164 propte}

1244 2133 1406 2172 liberam
1421 2163 1432 2182 ,
1453 2146 1539 2184 quae
1557 2141 1647 2170 tunc
1662 2141 1764 2181 erat,
1786 2133 1825 2171 in
1845 2133 1943 2171 mari
1962 2135 2095 2184 AEgaeo
2112 2133 2252 2185 naviga
2278 2146 2294 2178 ;,“

1245 2194 1390 2230 tionem
1434 2191 1582 2242 optime
1619 2191 1813 2230 convenit.
1846 2195 1947 2230 Ante
1972 2192 2079 2230 Darii
2113 2178 2290 2244 regnunff

1244 2252 1414 2290 adultam
1430 2250 1589 2289 vixdum
1604 2258 1754 2288 aetatern
1767 2259 1898 2289 noster
1909 2251 2098 2303 attigerat,
2111 2260 2150 2290 et
2162 2253 2203 2290 ni
2246 2250 2255 2260 “
2268 2261 2270 2263 “

1245 2311 1462 2362 periculosa
1471 2309 1587 2348 fuisse
1605 2309 1759 2347 videtur
1778 2310 1820 2347 in
1833 2309 1923 2347 Asia
1943 2318 1982 2347 et
2000 2312 2172 2362 AEgypto
2181 2323 2252 2362 per
2275 2312 2288 2350 x.}

1245 2370 1450 2422 egrinatio.
1484 2372 1542 2407 Ex
1564 2369 1659 2420 ipsis
1678 2369 1901 2420 fragmentis
1911 2368 1958 2407 de
1971 2369 2030 2406 his
2048 2368 2164 2407 rebus
2181 2358 2285 2561 nin}

1246 2429 1333 2466 elici
1351 2436 1500 2479 potest,
1523 2428 1597 2466 nisi
1614 2426 1733 2476 illud,
1757 2427 1878 2465 libros
1897 2427 2175 2478 geographicos
2198 2440 2251 2466 no
2287 2479 2289 2482 Ι

1246 2497 1335 2527 ante
1360 2489 1417 2527 Ol.
1452 2489 1501 2533 64
1532 2500 1614 2525 esse
1647 2488 1899 2538 conscriptos.
1924 2489 2020 2524 Nam
2049 2487 2095 2524 fr.
2131 2493 2204 2532 ¹40
2235 2500 2260 2526 u

1246 2551 1447 2585 Persarum
1481 2545 1575 2584 urbs
1598 2546 1819 2584 nominatur
1838 2549 1985 2594 Boryza
2013 2546 2054 2583 in
2091 2546 2255 2585 Thracia
2276 2551 2282 2569 ·'

1247 2620 1333 2658 quae
1364 2606 1471 2657 regio
1502 2606 1568 2643 illa
1593 2604 1747 2643 demum
1779 2604 2010 2656 Olympiade
2027 2605 2192 2644 aPersis
2220 2572 2285 2670 es}

1247 2665 1418 2704 subacta.
2266 2704 2281 2723 fl

1302 2727 1493 2762 Reversus
1504 2724 1622 2775 igitur
1630 2724 1669 2761 in
1680 2723 1842 2775 patriam
1853 2725 2054 2762 Hecataeus
2064 2736 2142 2760 non
2152 2723 2280 2763 minue

1247 2782 1298 2820 ob
1323 2784 1473 2834 generis
1493 2783 1756 2831 nobilitatem,
1781 2795 1897 2833 quam
1920 2782 1972 2821 ob
1993 2781 2223 2821 eruditionis

1248 2844 1444 2893 sapientiae
1456 2843 1592 2881 famam
1605 2871 1615 2890 ,
1634 2841 1683 2879 ab
1713 2842 1930 2892 Aristagora
1946 2841 2066 2880 Ioniae
2080 2840 2282 2879 defectio*

1247 2914 1335 2938 nem
1354 2901 1563 2940 meditante
1575 2931 1586 2949 ,
1607 2902 1646 2939 in
1673 2901 1912 2939 Milesiorum
1930 2900 2132 2938 consilium
2150 2893 2278 2939 advo-»Q

1248 2969 1355 2998 catus
1377 2969 1446 2998 est.
1467 2964 1512 2999 In
1529 2974 1607 3012 quo
1621 2974 1742 3011 quum
1770 2960 1907 3011 reliqui
1927 2973 2062 2998 omnes
2076 2959 2118 2997 in
2136 2959 2280 2998 Ariste*

1249 3031 1352 3069 gorae
1372 3019 1551 3057 cederent
1575 3019 1802 3056 sententiam
1820 3048 1830 3067 ,
1856 3026 1895 3055 et
1923 3017 2179 3056 deficiendum
2195 3017 2280 3069 θεᾶς

1248 3091 1270 3116 a
1292 3079 1417 3116 Persis
1435 3078 1675 3124 dictitarent,
1695 3091 1793 3115 unus
1803 3080 2005 3115 Hecataeus
2017 3106 2027 3125 ,
2046 3085 2142 3127 quot
2156 3089 2280 3128 quanff.

1249 3137 1355 3188 tique
1370 3138 1504 3188 populi
1520 3145 1644 3175 essent
1660 3137 1742 3188 regi
1762 3140 1959 3174 Persarum
1978 3135 2139 3186 subjecti
2153 3147 2294 3187 expo-2

1249 3208 1357 3243 nens,
1372 3204 1415 3233 ut
1430 3209 1452 3234 a
1467 3195 1733 3247 conjuratione
1752 3195 1999 3240 desisterent,
2013 3193 2191 3232 hortatus
2206 3198 2278 3260 esti}

1292 3305 1582 3347 (2)Agattna1·chid.
1611 3308 1656 3339 De
1674 3306 1784 3338 Rubro
1811 3306 1891 3337 mari
1905 3314 1937 3346 p.
1966 3307 2031 3338 48:
2055 3306 2103 3338 Τὰ
2121 3307 2176 3347 μὲν
2201 3282 2281 3348 apag

1249 3353 1380 3395 ἑσπέραν
1397 3354 1586 3397 ἐξείργασται
1611 3355 1714 3391 Λύκος
1729 3365 1762 3385 τε
1775 3354 1828 3385 καὶ
1842 3353 1971 3394 Τίμαιος
1982 3378 1991 3394 ,
2009 3354 2046 3385 τὰ
2070 3354 2101 3386 δὲ
2120 3353 2194 3396 πρὸς
2206 3352 2277 3397 ἄναξ

1249 3401 1337 3438 τολόις
1354 3402 1516 3439 Ἑκαταῖος
1527 3403 1579 3433 καὶ
1592 3400 1727 3441 Βάσιλις,
1743 3401 1819 3433 cell.
2271 3403 2277 3406 ”
