2320 3684
799 153 1040 194 HECATAEI
1067 155 1398 196 FRAGMENTA.
2112 164 2154 199 11

97 306 154 344 St.
169 309 210 345 B.
231 304 437 359 Καρδησός,
455 302 556 346 πόλις
571 300 724 344 Σκυθίας
736 315 744 324 ·
764 299 844 339 Ἕκ.
865 302 952 354 Εὐρ.

94 427 148 465 St.
169 428 211 464 B.
230 423 396 472 Ἴσηπος,
414 421 509 465 ἔθνος
529 419 722 460 Σκυθικόν·
747 418 826 459 Ἕκ.
847 420 935 473 Εὖρ.

94 546 149 582 St.
170 546 213 581 Β.
233 540 353 593 Ἠδοὶ,
373 539 469 583 ἔθνος
489 537 663 580 Σκυθικόν
679 554 688 563 ·
710 537 791 579 Ἕκ.
813 538 900 592 Εὖρ.

93 660 189 700 Plin.
208 659 308 698 Hist.
331 666 410 699 nat.
432 661 504 709 lv,
530 659 601 706 13,
623 671 696 706 27:
719 655 1071 708 «septentrionalis

40 722 243 758 Oceanus:
264 719 507 758 Amalchium
533 731 622 756 eum
644 720 847 755 Hecataeus
873 715 1068 767 appellat,

38 792 62 817 a
80 778 331 830 Paropamiso
351 791 462 816 amne
483 791 528 816 ea
550 785 662 828 parte
685 790 761 828 qua
787 775 985 827 Scythiam
1010 775 1069 813 al-

39 838 133 889 luit,
162 837 270 890 quod
289 851 431 876 nomen
461 836 543 888 ejus
563 837 690 888 gentis
719 836 850 887 lingua
882 835 1072 886 significat

40 898 321 949 congelatum.»
335 896 480 936 Eadem
502 896 661 934 Solinus
679 909 711 933 c.
731 908 779 932 22
800 910 808 932 :
827 894 1072 946 Septentrio-

38 957 165 996 nalem
183 959 383 995 Oceanum
403 970 452 995 ex
471 969 516 995 ea
534 963 660 1008 parte,
681 968 758 1007 qua
781 968 803 993 a
821 953 1072 1005 Paropamiso

40 1029 151 1055 amne
180 1016 350 1068 Scythiae
379 1017 562 1063 alluitur,
594 1018 796 1055 Hecataeus
825 1014 1072 1052 Amalchium

41 1076 233 1128 appellat,
274 1076 381 1127 quod
419 1076 543 1127 gentis
576 1075 682 1114 illius
715 1075 848 1126 lingua
884 1073 1073 1125 significat

39 1135 283 1187 congelatum
300 1149 446 1174 mare.»
462 1139 628 1174 Possunt
643 1143 771 1173 tamen
788 1134 870 1172 haec
884 1147 932 1171 ex
942 1132 1073 1171 Abde-

39 1195 113 1232 rita
132 1195 311 1233 Hecataeo
329 1208 414 1234 esse
431 1194 600 1246 repetita
613 1224 624 1242 ‚
648 1194 718 1246 qui
738 1194 787 1232 de
805 1192 1073 1245 Hyperboreis

39 1253 183 1292 librum
219 1255 390 1293 confecit
429 1254 563 1307 (Diod.
596 1257 653 1302 ΙΙ,
688 1261 734 1303 47
749 1283 760 1301 ,
795 1254 844 1291 cf.
891 1252 1072 1292 Dindorf.

39 1321 119 1351 not.
129 1312 158 1365 )‚
177 1327 293 1365 quem
314 1314 411 1352 falso
431 1314 609 1352 nonnulli
628 1313 779 1352 Milesio
805 1312 1038 1352 tribuerunt.

93 1433 148 1468 St.
177 1432 218 1468 Β.
245 1429 460 1484 Δανδάριοι,
485 1429 579 1475 ἔθνος
601 1429 682 1483 περὶ
706 1427 765 1468 τὸν
798 1428 1004 1480 Καύκασον,
1028 1430 1075 1474 ὣς

41 1486 120 1528 Ἐκ.
143 1489 230 1542 Εὐρ.

521 1547 608 1587 162.

94 1606 151 1645 St.
166 1609 207 1644 B.
219 1605 457 1653 Τιπάνισσαι,
471 1605 566 1651 ἔθνος
583 1604 682 1660 παρὰ
694 1605 753 1645 τὸν
765 1605 955 1646 Καύκασον
967 1621 975 1629 ·
994 1605 1073 1645 Ἕκ.

42 1663 128 1719 Εὗρ.
148 1666 322 1718 Populus
340 1666 511 1717 ignotus.

95 1784 287 1822 Ammian.
301 1785 469 1823 Marcell.
491 1787 624 1832 XXII,
648 1784 671 1821 8
692 1797 701 1821 :
724 1783 983 1835 «Appositum
1003 1792 1074 1830 est,

41 1850 85 1880 ut
103 1843 296 1891 existimo,
318 1852 470 1896 tempus
502 1857 619 1895 super
646 1843 896 1881 Thraciarum
922 1844 1076 1881 extimis

41 1903 194 1955 situque
212 1906 365 1942 Pontici
375 1906 482 1943 sinus
500 1905 583 1943 visa
602 1904 663 1942 vel
683 1904 784 1942 lecta
797 1904 975 1955 quaedam
992 1918 1077 1955 per-

42 1962 176 2014 spicua
195 1962 272 2002 fide
298 1972 525 2002 monstrare.
587 1963 720 2002 Omnis
740 1971 869 2001 autem
888 1963 970 2015 ejus
989 1964 1076 2001 vel—

42 2029 87 2059 ut
128 2023 309 2061 insularis
338 2024 526 2061 circuitus
549 2024 687 2061 litorea
710 2024 907 2075 navigatio
938 2025 1080 2074 viginti

43 2081 162 2119 trIbus
197 2084 370 2120 dimensa
403 2083 572 2120 millibus
595 2085 822 2131 stadiorum,
862 2091 906 2120 ut
934 2085 1075 2120 Erato-

40 2141 195 2179 sthenes
214 2142 391 2190 asfirmat,
414 2150 451 2180 et
466 2145 668 2181 Hecataeus
688 2150 726 2180 et
744 2142 973 2180 Ptolemaeus
996 2142 1078 2179 alii-

41 2214 118 2251 que
128 2200 350 2252 hujusmodi
358 2202 623 2253 cognitionum
637 2202 880 2239 minutissimi
889 2209 1015 2239 scruta
1022 2209 1078 2238 to-

41 2273 115 2307 res,
137 2262 175 2298 in
197 2263 358 2310 speciem
383 2262 553 2310 Scythici
585 2275 704 2298 arcus
735 2274 846 2298 neruo
867 2274 1072 2311 coagmen—

41 2323 111 2358 tati
136 2320 384 2371 geographiae
406 2320 525 2357 totius
553 2320 774 2358 assensione
793 2320 1028 2358 formatur.»

83 2507 245 2540 cardesus
257 2531 266 2548 ,
283 2507 363 2540 urbs
380 2459 533 2549 Scytliiael.
544 2457 607 2491 5⁷·

84 2615 213 2654 lsepus,
232 2622 309 2654 gens
322 2614 481 2655 Scythica.
518 2564 603 2597 ¹58·

85 2720 165 2760 Edi,
182 2728 260 2761 gens
279 2721 438 2762 Scythica.
520 2671 608 2704 159⁰

85 2826 236 2858 Dandarii
245 2850 254 2867 ‚
271 2828 413 2869 populus
428 2828 513 2860 circa
520 2777 724 2862 iczlscasum.

85 2931 280 2974 Tipanissae,
305 2943 383 2975 gens
397 2937 491 2976 juxta
506 2884 703 2969 (igizssum.

536 3068 591 3118 B.

483 3179 638 3219 AslA.

519 3283 604 3317 164.

89 3332 296 3373 Phanagoria,
311 3334 389 3366 urbs
405 3334 452 3366 sic
464 3335 549 3367 dieta
582 3336 809 3375 al‘liana2201a,
832 3338 868 3367 ut
883 3337 979 3367 Heu:
1000 3336 1073 3365 «1112

48 3380 119 3412 sula
134 3380 319 3420 Phanagora
332 3405 340 3419 ‚
359 3384 389 3412 et
407 3382 613 3422 Phanagoiia.
629 3395 642 3409 u

1619 241 1674 294 Β.

1583 343 1712 382 ΑΣΜι

1605 447 1690 487 164.

1185 505 1236 539 St.
1260 505 1302 541 Β.
1339 503 1580 559 Φαναγόρεια,
1612 505 1715 551 πόλις
1740 506 1810 546 ἀπὸ
1847 506 2076 562 Φαναγόρου,
2114 510 2161 554 ὡς

1131 559 1320 604 Ἑκαταῖος
1345 561 1462 616 Ἀσία·
1487 567 1537 611 «ἡ
1562 580 1665 612 νησος
1691 565 1887 620 Φαναγόρη
1911 567 1973 606 καὶ
1993 566 2162 621 Φαναγό-

1132 635 1245 673 ρεια.»

1184 729 1239 764 St.
1260 730 1300 765 B.
1321 726 1549 780 Ἀπάτουρον,
1565 678 1705 776 &lg—{²
1695 730 1895 784 Ἀφροδίτης
1914 732 2042 787 ἱερὸν’
2026 749 2062 772 εν
2083 735 2163 773 Φα-

1130 785 1287 840 ναγορία.
1300 809 1354 816 --
1370 785 1560 831 Ἑκαταῖος
1577 786 1613 826 δὲ
1631 788 1760 828 κόλπον
1781 785 1851 829 οἶδε
1870 791 1928 830 τὸν
1949 792 2162 848 Ἀπάτουρον

1131 846 1166 884 ἐν
1185 848 1230 898 τῇ
1251 844 1363 899 Ἀσία.

1615 901 1701 940 166,

1184 955 1238 991 St.
1261 955 1302 990 B.
1327 951 1519 1004 Ἰξιὸάται,
1547 952 1640 997 ἔθνος
1668 953 1754 1007 πρὸς
1774 956 1824 1007 τῷ
1844 955 1971 1010 Πόντῳ
1994 957 2164 1012 προσεχὲς

1131 1014 1175 1064 τῇ
1196 1012 1363 1065 Σινδικῇ,
1384 1011 1462 1051 Ἕκ.
1484 1011 1555 1051 Ἀσ.
1577 1013 1697 1052 Codd.
1721 1013 1871 1066 Ινδικῇ,
1897 1029 2029 1055 errore
2060 1020 2163 1070 apud

1133 1072 1373 1124 Stephanum
1393 1072 1719 1123 frequentissimo.
1749 1074 1920 1125 Populus
1940 1075 2104 1126 ignotus.

1187 1193 1239 1230 St.
1266 1194 1308 1229 Β.
1330 1190 1468 1242 Ἰάμαι,
1499 1190 1594 1235 ἔθνος
1620 1191 1812 1231 Σκυθικόν·
1834 1191 1913 1231 Ἕκ.
1936 1192 2007 1231 Ἀσ.
2033 1223 2084 1228 -
2120 1199 2167 1234 Et

1134 1259 1271 1302 postea
1288 1250 1426 1302 Ἰάμοι,
1454 1250 1607 1295 Σκυθίας
1634 1249 1729 1295 ἔθνος
1754 1253 1800 1294 ὡς
1821 1250 2040 1305 Ἀλέξανδρος
2063 1254 2098 1291 ἐν
2116 1256 2166 1307 τῷ

1133 1309 1213 1364 περὶ
1249 1309 1413 1355 Εὐξείνου
1448 1309 1587 1350 Πόντου
1627 1311 1825 1362 μυθολογεῖ.
1859 1315 2048 1350 Praeterea
2079 1323 2168 1351 sunt

1134 1370 1270 1421 ignoti,
1294 1370 1369 1408 nisi
1400 1370 1500 1408 forte
1528 1379 1619 1408 sunt
1650 1370 1780 1419 iidem,
1813 1384 1912 1422 quos
1942 1372 2168 1411 Ptolemaeus

1135 1430 1197 1483 (V,
1219 1431 1257 1482 9)
1278 1435 1494 1470 Iamaxatas
1514 1432 1696 1484 appellat.

1190 1546 1244 1584 St.
1269 1547 1311 1584 B.
1338 1543 1553 1594 Ἰσσηδόνες,
1572 1543 1666 1589 ἔθνος
1683 1544 1875 1584 Σκυθικόν·
1891 1544 1970 1584 Ἕκ.
1996 1545 2067 1585 Ἀσ.

1615 1610 1700 1648 169.

1189 1667 1244 1702 St.
1266 1667 1307 1701 Β.
1325 1663 1517 1715 Καταννοί,
1533 1663 1626 1708 ἔθνος
1647 1663 1733 1717 πρὸς
1755 1666 1798 1717 τῇ
1822 1664 1969 1718 Κασπία
1989 1663 2147 1719 θαλάσσῃ
2160 1695 2167 1703 .

1135 1721 1216 1761 Ἕκ.
1239 1722 1311 1761 Ἀσ.
1334 1723 1473 1773 Ignoti.

1614 1776 1699 1814 170.

1189 1838 1244 1873 St.
1265 1838 1306 1874 B.
1328 1833 1458 1882 Μυκοί,
1481 1833 1575 1878 ἔθνος
1601 1835 1684 1889 περὶ
1712 1829 1752 1873 οῧ
1775 1834 1965 1879 Ἑκαταῖος
1988 1837 2023 1874 ἐν
2050 1836 2168 1890 Ἀσίᾳ·

1137 1895 1202 1932 «ἐκ
1219 1895 1352 1932 Μυκῶν
1371 1895 1419 1937 εἷς
1438 1892 1583 1946 Ἀράξην
1604 1893 1806 1946 ποταμόν.»
1828 1895 1954 1934 Codd.
1979 1896 2018 1933 ἐκ
2035 1897 2168 1934 Μυκῶν

1137 1954 1184 1997 εἷς
1202 1951 1377 2007 Ἀράξινόν
1396 1968 1494 1991 ποτε.
1507 1956 1605 1991 Cum
1625 1954 1727 2004 Myci
1751 1954 1850 1992 mari
1869 1953 2007 1992 Rubro
2025 1955 2171 1993 suerint

1138 2012 1267 2059 vicini,
1285 2011 1490 2063 probabile
1510 2020 1579 2059 est,
1611 2011 1787 2050 boreales
1808 2021 1846 2050 et
1869 2014 2054 2052 australes
2072 2014 2172 2052 Asiae

1137 2074 1230 2111 fines
1247 2072 1323 2110 hoc
1340 2073 1426 2110 loco
1446 2086 1528 2110 esse
1544 2073 1775 2123 designatos.
1793 2076 1892 2111 Nam
1913 2074 2027 2111 etiam
2047 2077 2171 2112 Hero-

1137 2133 1231 2170 doto
1251 2135 1396 2171 Araxes
1413 2133 1539 2170 Asiam
1554 2141 1593 2170 ct
1610 2135 1809 2184 Europam
1827 2133 1974 2171 dirimit
1991 2134 2073 2186 (IV,
2094 2149 2106 2170 1
2121 2148 2132 2170 1
2144 2139 2169 2185 >-

1610 2197 1697 2236 171.

1191 2259 1244 2294 St.
1266 2259 1306 2294 B.
1328 2255 1463 2303 Μηδία,
1492 2254 1594 2309 χώρα
1619 2261 1696 2300 ταῖς
1722 2255 1900 2300 Κασπίαις
1926 2254 2169 2310 παρακειμένη

1136 2313 1280 2358 πύλαις·
1311 2314 1392 2354 Ἕκ.
1413 2313 1527 2368 Ἀσία·
1545 2313 1616 2352 ἀπὸ
1630 2314 1755 2362 Μήδου
1781 2317 1855 2353 υἱοῦ
1874 2315 2043 2362 Μηδείας.

1614 2448 1700 2487 165.

1179 2510 1380 2548 Apatnrum‚
1409 2507 1545 2539 Veneris
1560 2507 1717 2548 templum
1741 2507 1775 2539 in
1799 2499 1879 2539 urbe
1895 2507 2090 2547 Phanagoria
2102 2531 2127 2539 ..
2140 2531 2146 2538 .
2159 2531 2166 2538 .

1136 2557 1308 2588 Hecataeus
1331 2555 1439 2587 sinum
1456 2555 1620 2596 quendam
1635 2556 1819 2596 Apaturum
1836 2555 1928 2589 novit
1943 2554 1975 2586 in
1992 2554 2077 2587 Asia.

1613 2609 1629 2641 1
1694 2633 1703 2642 .

1177 2660 1326 2701 Ixibatae,
1344 2669 1422 2702 gens
1437 2661 1479 2693 ad
1498 2610 1767 2694 Pontumssgcina
1790 2661 1937 2694 Sindieae.

1177 2770 1286 2807 lamae,
1303 2776 1382 2808 gens
1398 2767 1559 2808 Scythica.
1589 2716 1706 2799 ΗΞΞἏ

1177 2815 1259 2846 lami
1272 2839 1281 2854 ,
1302 2814 1442 2855 Scythiae
1458 2824 1536 2856 gens
1548 2838 1556 2854 ,
1576 2817 1612 2846 ut
1628 2813 1810 2846 Alexander
1829 2812 1862 2844 in
1884 2812 1966 2844 libro
1982 2812 2020 2844 de
2039 2811 2166 2844 Euxino

1134 2864 1239 2894 Ponto
1256 2861 1429 2894 fabulatur.

1611 2916 1624 2947 1
1634 2915 1682 2947 68
1689 2939 1696 2947 .

1176 2968 1367 3007 Issedones,
1388 2968 1527 3009 populus
1546 2966 1727 3007 Scythicus.

1613 3021 1658 3053 16
1689 3042 1698 3051 .

1176 3074 1332 3113 Gauium,
1355 3082 1433 3115 gens
1445 3073 1539 3113 juxta
1555 3081 1643 3104 mare
1662 3022 1830 3114 gaspium.

1176 3180 1277 3220 Myci,
1310 3178 1460 3219 populus,
1490 3178 1530 3210 de
1565 3127 1735 3219 qu<lJ7lclem
1756 3179 1788 3210 in
1804 3179 1880 3210 Asia
1896 3188 1902 3209 ε

1134 3230 1260 3259 Araxen
1278 3226 1426 3257 fluvium.
1443 3239 1458 3252 υ

1924 3190 1937 3204 «
1951 3178 1999 3210 Ex
2013 3178 2043 3208 M
2046 3177 2114 3217 ycis
2127 3181 2159 3211 in

1612 3280 1624 3312 l
1636 3281 1653 3312 7
1664 3281 1677 3312 1
1688 3304 1695 3311 .

1176 3331 1290 3408 Media,
1310 3331 1394 3371 regio
1410 3331 1534 3372 Caspiis
1551 3331 1700 3371 adjacens
1717 3332 1833 3372 portis,
1851 3333 1929 3364 Heu
1948 3334 1971 3363 Α
1991 3332 2082 3364 Medo
2096 3331 2162 3362 Me-

1135 3379 1203 3410 dea:
1218 3378 1239 3409 fi
1252 3377 1294 3410 io.
