2320 3684
583 147 914 190 APOLLODORI
942 146 1297 187 BIBLIOTHECAE
1325 150 1357 199 1,
1388 156 1423 188 9.
1454 151 1506 202 ll,
1541 157 1572 190 l.

405 258 604 298 BIBAION
634 258 673 295 B.

392 384 687 439 ΚΕΦΑΛΑΙΟΝᾸζ
714 384 755 419 Α

83 472 132 523 (ι)
153 468 300 516 Ἐπειδὴ
317 466 354 506 δὲ
370 466 410 506 τὸ
427 469 488 504 τοῦ
509 463 749 508 Δευκαλίωνος
765 462 1053 515 διεξεληλύθαμεν

27 530 124 582 γένος
136 561 146 579 ,
168 527 342 582 ἐχομένως
357 524 514 577 λέγωμεν
530 523 571 562 τὸ
591 522 741 576 Ἰνάχου.
1033 576 1054 584 ...

83 586 274 627 2Ὠκεανοῦ
291 584 352 624 καὶ
370 582 507 631 Τηθύος
526 582 658 634 γίνεται
676 587 758 637 παῖς
776 580 928 634 Ἴναχος,
945 581 1003 634 ἀφ’
1014 585 1054 620 οὑ

27 646 186 699 ποταμὸς
198 647 232 684 ἐν
245 644 364 698 Ἄργει
378 641 519 696 Ἴναχος
536 643 708 680 καλεῖται.
717 641 734 666 3
750 640 885 680 Τούτου
898 640 960 679 καὶ
973 642 1053 678 Με-

28 707 103 750 λίας
119 709 182 753 τῆς
196 704 370 743 Ὠκεανοῦ
385 700 571 755 Φορωνεύς
588 716 627 739 τε
644 700 704 739 καὶ
728 698 916 751 Αἰγιαλεὺς
933 700 1055 744 παῖδες

22 764 194 817 ἐγένοντο.
213 759 437 813 ἰΑἰγιαλέως
455 758 516 811 μὲν
543 754 615 808 οῧν,
639 758 784 802 ἄπαιδος
803 757 1053 805 ἀποθανόντος,

28 826 50 862 ᾗ
67 822 167 876 χώρα
175 821 297 860 ἅπασα
306 817 491 871 Αἰγιάλεια
507 817 651 865 ἐκλήθη.
667 819 684 843 5
698 815 885 871 Φορωνεὺς
901 817 937 856 δὲ
957 817 1055 856 ἆπά-

28 898 92 930 σης
123 883 187 928 τῆς
221 879 364 932 ὕστερον
406 876 678 924 Πελοποννήσου
721 876 1056 930 προσαγορευθείσης

28 939 260 990 δυναστεύων,
277 940 318 977 ἐκ
341 936 541 985 Τηλοδίκης
559 935 710 990 Νύμφης
722 935 824 974 Ἄπιν
844 935 904 973 καὶ
920 935 1054 984 Νιόὸην

30 1000 226 1052 ἐγέννησεν.
247 993 375 1041 6’Άπις
396 994 459 1048 μὲν
485 989 544 1033 οῧν
563 997 611 1039 εἷς
648 994 835 1048 τυραννίδα
851 993 913 1042 τὴν
932 997 1055 1033 ἑαυτοῦ

29 1057 251 1110 μεταστήσας
270 1055 430 1107 δύναμιν,
450 1054 510 1093 καὶ
532 1053 642 1107 βίαιος
661 1052 708 1093 ὢν
723 1053 889 1108 τύραννος
902 1085 912 1102 ,
925 1054 1057 1105 ὀνομά-

28 1132 91 1160 σας
106 1116 164 1170 ἄφ’
181 1118 305 1154 ἑαυτοῦ
325 1114 388 1162 τὴν
408 1112 678 1161 Πελοπόννησον
699 1112 834 1162 Ἀπίαν,
861 1111 930 1151 ὑπὸ
957 1114 1056 1152 Θελ-

29 1173 134 1220 ξίονος
147 1174 206 1213 καὶ
221 1175 390 1226 Τελχῖνος
406 1171 669 1221 ἐπιδουλευθεὶς,
686 1171 791 1216 ἄπαις
807 1171 957 1211 ἀπέθανε
967 1203 978 1221 ,
995 1172 1056 1211 καὶ

30 1234 205 1286 νομισθεὶς
224 1233 297 1276 θεὸς
315 1233 445 1279 ἐκλήθη
467 1231 639 1293 Σάραπις.

84 1302 98 1326 7
110 1291 243 1339 Νιόὸης
262 1290 298 1329 δὲ
314 1290 374 1329 καὶ
385 1290 465 1334 Διὸς
479 1321 489 1339 ,
506 1294 528 1341 ἡ
548 1290 670 1344 πρώτῃ
691 1290 828 1342 γυναικὶ
846 1289 932 1334 Ζεὺς
949 1293 1056 1342 θνητῇ

12 1363 13 1367 ’
29 1354 135 1406 ἐμίγη
147 1384 157 1400 ‚
173 1357 257 1394 παῖς
274 1349 398 1403 Ἄργος
420 1348 572 1400 ἐγένετο·
591 1352 636 1394 ὡς
659 1348 695 1388 δὲ
712 1348 936 1393 Ἀκουσίλαός
953 1365 1057 1404 φησι,

3 1438 5 1440 ·
29 1411 91 1450 καὶ
108 1408 310 1460 Πελασγὸς,
330 1407 389 1461 ἀφ’
403 1402 442 1446 οῧ
460 1409 632 1455 κληθῆναι
645 1407 724 1452 τοὺς
743 1408 806 1456 τὴν
829 1408 1058 1457 Πελοπόννη-

30 1485 90 1509 σον
110 1471 287 1511 οἰκοῦντας
306 1466 522 1518 Πελασγούς.
554 1466 715 1512 Ἡσίοδος
737 1467 774 1507 δὲ
793 1467 851 1506 τὸν
873 1467 1055 1519 Πελασγὸν

31 1526 224 1581 αὐτόχθονά
251 1541 355 1581 φησιν
377 1519 476 1564 εἶναι.
499 1525 604 1565 Ἀλλὰ
620 1525 701 1580 περὶ
721 1526 782 1578 μὲν
813 1526 935 1565 τούτου
950 1527 1056 1565 πάλιν

32 1589 193 1642 ἐροῦμεν.
231 1586 283 1638 (2)
318 1583 444 1638 Ἄργος
461 1583 497 1624 δὲ
527 1584 645 1623 λαὸὼν
665 1585 763 1639 παρὰ
780 1585 977 1639 Φορωνέως
993 1585 1057 1634 τὴν

33 1646 223 1700 βασιλείαν,
250 1644 310 1698 ἀφ’
342 1646 466 1682 ἑαυτοῦ
491 1643 555 1690 τὴν
588 1644 856 1692 Πελοπόννησον
894 1645 1057 1684 ἐκάλεσεν

30 1702 164 1758 Ἄργος.
200 1702 273 1742 Καὶ
308 1701 425 1754 γήμας
465 1701 626 1749 Εὐάδνην
657 1701 722 1750 τὴν
763 1703 964 1757 Στρυμόνος
998 1705 1058 1744 καὶ

32 1763 201 1818 Νεαίρας,
226 1760 415 1800 ἐτέκνωσεν
435 1759 632 1810 Ἔκὸασον,
656 1761 855 1815 Πείραντα,
882 1763 1059 1803 Ἐπίδαυ-

33 1838 103 1876 ρον,
125 1821 292 1876 Κρίασον,
311 1820 347 1864 ὃς
364 1820 425 1859 καὶ
444 1819 507 1868 τὴν
530 1819 709 1872 βασιλείαν
725 1821 936 1875 παρέλαὸεν.

85 1879 286 1920 2Ἐκὸάσου
295 1879 331 1918 δὲ
344 1878 499 1932 Ἀγήνωρ
516 1878 660 1930 γίνεται.
681 1879 817 1919 Τούτου
840 1880 877 1919 δὲ
896 1880 1022 1935 Ἄργος
1041 1886 1059 1922 ὁ

33 1938 220 1987 Πανόπτης
237 1937 432 1990 λεγόμενος.
450 1931 564 1990 3Εἷχε
572 1937 608 1976 δὲ
618 1934 716 1982 οἶτος
729 1939 926 1992 ὀφθαλμοὺς
943 1940 1007 1992 μὲν
1023 1943 1057 1980 ἐν

31 1998 135 2038 παντὶ
155 2000 204 2051 τῷ
219 1996 380 2049 σώματι·
414 1997 643 2051 ὑπερὸάλλων
672 1997 708 2036 δὲ
733 1998 897 2050 δυνάμει,
914 2000 972 2038 τὸν
994 1999 1057 2051 μὲν

31 2055 94 2104 τὴν
115 2053 296 2110 Ἀρκαδίαν
313 2055 568 2107 λυμαινόμενον
589 2059 716 2110 ταῦρον
738 2056 883 2106 ἀνελὼν,
898 2057 962 2105 τὴν
979 2058 1060 2097 τού-

30 2129 90 2153 του
121 2115 222 2169 δορὰν
242 2113 460 2168 ἧμφιέσατο·
481 2110 499 2135 4
517 2114 675 2168 Σάτυρον
708 2114 766 2163 δὲ,
786 2114 866 2159 τοὺς
892 2116 1060 2169 Ἀρκάδας

31 2172 217 2210 ἀδικοῦντα
250 2171 310 2210 καὶ
330 2171 583 2226 ἀφαιρούμενον
599 2172 644 2211 τὰ
659 2172 868 2224 βοσκήματα
879 2205 889 2223 ,
908 2175 1061 2219 ὑποστὰς

31 2230 222 2270 ἀπέκτεινε.
243 2229 413 2282 ὓΛέγεται
429 2231 480 2280 δὲ,
494 2230 547 2269 ὅτι
561 2231 621 2270 καὶ
637 2231 701 2279 τὴν
716 2232 902 2287 Ταρτάρου
916 2234 975 2272 καὶ
989 2236 1061 2282 Γῆς

30 2287 217 2341 Ἔχιδναν,
237 2288 359 2336 ἣτοὺς
376 2289 565 2343 παριόντας
589 2290 820 2344 συνήρπαζεν,
846 2292 1061 2346 ἐπιτηρήσας

30 2347 256 2400 κοιμωμένην
277 2348 489 2388 ἀπέκτεινεν.
509 2345 526 2370 ⁶
544 2348 747 2397 Ἔξεδίκησε
762 2349 798 2388 δὲ
808 2350 934 2391 καὶτὸν
954 2353 1060 2393 Ἄπι-

32 2406 87 2450 δος
99 2405 201 2460 φόνον
220 2406 299 2451 τοὺς
315 2407 444 2451 αἰτίους
461 2408 678 2451 ἀποκτείνας.

86 2466 136 2517 (3)
153 2464 280 2519 Ἄργου
300 2465 336 2504 δὲ
353 2466 412 2505 καὶ
430 2466 601 2518 Ἰσμήνης
618 2470 681 2514 τῆς
700 2467 859 2507 Ἀσωποῦ
878 2475 960 2514 παῖς
978 2469 1060 2510 Ἴα-

32 2537 90 2567 σος
101 2539 110 2548 ·
127 2519 166 2563 οἷ
186 2525 289 2579 φασὶν
311 2523 370 2564 Ἰὼ
385 2525 558 2577 γενέσθαι·
574 2526 731 2581 Κάστωρ
744 2525 800 2576 δὲ,
820 2531 838 2567 ὁ
858 2529 1062 2583 συγγράψας

31 2580 236 2637 τὰχρονικὰ
262 2584 521 2636 [ἀγνοήματα],
546 2583 606 2622 καὶ
624 2584 748 2623 πολλοὶ
774 2588 844 2625 τῶν
869 2591 1059 2642 τραγικῶν,

34 2638 173 2695 Ἰνάχου
185 2641 248 2689 τὴν
269 2641 328 2682 Ἰὼ
340 2641 513 2694 λέγουσιν.
531 2642 693 2688 εΗσίοδος
709 2643 745 2682 δὲ
764 2645 823 2683 καὶ
841 2645 1060 2692 Ἀκουσίλαος

32 2700 203 2754 «Πειρῆνος
219 2699 326 2747 αὐτήν
347 2717 451 2755 φασιν
469 2695 568 2740 εἶναι.
589 2700 607 2725 ²
620 2701 764 2750 Ταύτην
789 2703 979 2757 ἱερωσύνην
997 2708 1060 2753 τῆς

34 2755 148 2812 Ἥρας
164 2758 312 2812 ἔχουσαν
334 2760 420 2804 Ζεὺς
430 2760 575 2815 ἔφθειρε.
593 2761 779 2815 Φωραθεὶς
798 2762 834 2800 δὲ
851 2764 908 2817 ὑφ’
925 2763 1058 2818 ϋΗρας,

35 2817 95 2863 τῆς
105 2815 167 2868 μὲν
184 2818 289 2873 κόρης
299 2818 476 2872 ἁψάμενος
494 2821 540 2863 εἷς
556 2822 637 2872 βοῦν
652 2819 901 2875 μετεμόρφωσε
916 2822 1058 2873 λευκὴν,

35 2874 142 2923 αὖα-ὴν
162 2875 197 2914 δὲ
217 2877 435 2928 ἀπωμόσατο
452 2877 501 2929 μὴ
520 2880 707 2917 συνελθεῖν.
730 2879 794 2918 Διό
812 2895 917 2933 φησιν
939 2881 1060 2920 Ἡσίο-

36 2931 108 2982 δος,
128 2935 191 2973 οὐκ
221 2936 435 2976 ἐπισπᾶσθαι
459 2936 523 2984 τὴν
553 2936 623 2975 ἀπὸ
653 2939 723 2976 τῶν
744 2940 829 2977 θεῶν
858 2938 964 2993 ὀργὴν
980 2940 1060 2985 τοὺς

35 2991 231 3042 γινομένους
246 2992 368 3048 ὅρκους
387 2996 473 3050 ὑπὲρ
493 2994 629 3050 ἔρωτος.
649 2995 764 3051 3(Ἥρα
782 2996 818 3035 δὲ
838 2998 1057 3050 αἰτησαμένη

36 3049 130 3103 παρὰ
145 3051 225 3095 Διὸς
242 3051 306 3099 τὴν
329 3056 424 3105 βοῦν,
442 3053 582 3108 φύλακα
613 3057 720 3102 αὐτῆς
736 3055 951 3104 κατέστησεν
968 3057 1058 3112 Ἄρ-

37 3120 96 3158 γον
120 3107 177 3147 τὸν
200 3110 395 3161 πανόπτην,
420 3112 457 3151 ὃν
480 3113 738 3162 Ἀσκληπιάδης
769 3114 832 3166 μὲν
859 3115 1058 3170 Ἀρέστορος

37 3162 147 3216 λέγει·
166 3169 368 3223 Φερεκύδης
383 3170 439 3220 δὲ,
454 3172 594 3224 Ἰνάχου
614 3174 697 3224 (leg.
727 3175 878 3212 videtur
893 3175 1057 3229 Φερεκύ-

38 3221 98 3269 δης
115 3223 178 3274 μὲν
194 3226 391 3282 Ἀρέστορος
411 3229 506 3281 λέγει
521 3261 531 3278 ,
549 3231 807 3279 Ἀσκληπιάδης
825 3231 862 3271 δὲ
882 3233 1036 3285 Ἰνάχου)
1047 3249 1056 3257 ·

38 3279 189 3336 Κέρκωψ
206 3284 260 3333 δὲ,
279 3285 403 3340 Ἄργου
428 3288 488 3326 καὶ
508 3289 674 3340 Ἰσμήνης
696 3293 758 3337 τῆς
778 3291 934 3329 Ἀσωποῦ
952 3294 1057 3342 θυγα-

37 3339 130 3392 τρός·
151 3341 370 3388 Ἀκουσίλαος
399 3346 434 3384 δὲ
453 3351 582 3399 γηγενῆ
603 3349 706 3387 αὐτὸν
733 3349 838 3401 λέγει.
858 3344 996 3393 4Οἷτος
1016 3351 1055 3387 ἐκ

2063 158 2081 193 1
2088 158 2138 194 25

1397 260 1550 299 LIBER
1579 260 1855 302 SECUNDUS.

1534 408 1672 440 CAPUT
1693 409 1720 440 Ι.

1156 464 1201 505 (1)
1217 467 1393 508 Postquam
1409 471 1610 504 Deucalionis
1627 481 1730 513 genus
1744 473 1977 514 enarravimus,
1990 473 2141 517 deinceps

1113 523 1312 563 explicemus
1324 527 1450 566 gentem
1467 529 1588 561 Inachi.

1155 582 1169 601 2
1183 581 1302 612 Oceani
1317 584 1349 613 et
1363 583 1493 624 Tethyis
1506 585 1592 618 filius
1606 588 1656 619 est
1668 572 1820 629 Inachus,
1831 596 1851 621 a
1863 597 1929 630 quo
1945 589 1979 621 in
1993 589 2143 631 Argolide

1113 639 1253 671 Inachus
1268 639 1388 673 ssuvius
1415 645 1670 683 cognominatur.
1691 650 1705 670 ³
1723 649 1774 679 Ex
1792 647 1854 679 hoc
1868 648 1901 681 et
1915 648 2011 680 Melia
2023 650 2143 682 Oceani

1113 698 1301 731 Phoroneus
1313 701 1345 731 et
1359 700 1521 741 AEgialeus
1542 702 1597 734 filii
1610 705 1677 737 nati
1690 706 1777 738 sunt.
1794 707 1851 738 ⁴Et
1866 706 1907 738 ab
1921 707 2062 749 AEgialeo
2074 710 2143 750 qul-

1113 756 1199 797 dem,
1216 765 1319 798 quum
1333 758 1423 791 nulla
1437 760 1527 800 prole
1539 761 1650 794 relicta
1662 763 1870 806 decessisset,
1888 766 1974 806 regio
1998 767 2051 799 cui
2066 776 2144 809 prae-

1114 819 1218 852 fuerat
1224 819 1377 851 universa
1392 819 1477 852 dicta
1494 823 1544 852 est
1559 823 1708 863 AEgialea.
1721 829 1735 847 ε
1747 824 1935 859 Phoroneus
1951 836 2027 860 vero
2041 829 2144 863 totius

1113 877 1476 919 cuipostPeloponneso
1485 887 1603 911 nomen
1616 883 1684 912 erat
1690 882 1827 922 regionis
1834 883 1969 924 imperio
1981 887 2116 927 potitus,
2126 896 2146 920 e

1114 935 1260 968 Telodice
1278 936 1422 977 nympha
1436 935 1520 978 Apin
1535 939 1567 969 et
1582 937 1705 971 Nioben
1718 943 2037 982 suscepit.⁶Quorum
2053 945 2144 986 Apis,

1118 1001 1216 1033 regno
1231 992 1265 1024 in
1281 992 1488 1034 tyrannidem
1510 997 1711 1028 commutato
1722 1020 1731 1036 ‚
1749 998 1909 1032 violenter
1930 1003 1962 1033 et
1981 1003 2146 1043 tyrannice

1114 1059 1212 1092 agens
1227 1075 1237 1092 ‚
1281 1051 1502 1093 Peloponneso
1539 1061 1600 1085 suo
1636 1053 1678 1086 de
1707 1056 1837 1089 nomine
1877 1059 1958 1099 Apia
2003 1061 2119 1094 vocata
2136 1084 2146 1100 ‚

1114 1111 1301 1144 Thelxionis
1315 1114 1348 1145 et
1360 1112 1506 1146 Telchini
1519 1113 1646 1147 insidiis
1661 1116 1822 1157 appetitus
1838 1119 1908 1152 sine
1920 1120 2029 1153 liberis
2044 1122 2145 1154 vitam

1115 1170 1221 1204 finivit
1238 1173 1270 1204 et
1285 1171 1406 1204 relatus
1421 1172 1506 1205 inter
1518 1172 1597 1206 deos
1612 1174 1792 1215 appellatus
1807 1179 1857 1210 est
1873 1179 2012 1220 Sarapis.

1157 1298 1170 1317 ⁷
1187 1295 1279 1327 Jovis
1294 1297 1326 1328 et
1339 1295 1462 1337 Niobae,
1477 1306 1575 1338 quam
1590 1298 1727 1339 primam
1757 1300 1886 1341 Jupiter
1898 1302 2066 1335 mortalem
2081 1312 2149 1335 mn·

1115 1352 1225 1385 lierem
1254 1354 1387 1394 amavit,
1404 1353 1489 1387 filius
1508 1357 1559 1388 est
1573 1358 1677 1398 Argus
1691 1368 1701 1398 ;
1718 1359 1756 1389 ut
1771 1367 1848 1391 vero
1867 1360 2036 1393 Acusilaus
2057 1361 2147 1402 dicit,

1117 1411 1214 1443 etiam
1242 1412 1414 1453 Pelasgus,
1441 1422 1461 1445 a
1475 1422 1541 1454 quo
1557 1414 1815 1455 Peloponnesum
1848 1417 2025 1451 incolentes
2043 1421 2149 1452 vocati

1117 1471 1225 1501 essent
1237 1470 1370 1511 Pelasgi.
1382 1473 1425 1503 At
1439 1472 1602 1504 Hesiodus
1609 1473 1779 1514 Pelasgum
1792 1473 1975 1515 indigenam
1992 1475 2092 1509 fuisse
2105 1487 2150 1509 re-

1117 1526 1189 1559 fert.
1207 1528 1269 1560 Sed
1284 1529 1396 1561 dehoc
1411 1530 1495 1562 infra
1521 1530 1679 1563 dicemus.
1689 1531 1733 1572 (2)
1751 1534 1853 1573 Argus
1862 1532 1971 1574 itaque
1981 1535 2151 1568 Phoroneo

1118 1587 1151 1619 in
1164 1596 1262 1629 regno
1277 1589 1464 1629 succedens,
1477 1589 1516 1622 de
1523 1599 1558 1622 se
1567 1591 1825 1632 Peloponnesum
1839 1593 2020 1627 nominavit
2036 1597 2150 1637 Argos;

1118 1647 1150 1677 et
1171 1645 1271 1679 ducta
1298 1647 1433 1681 Evadne
1448 1648 1632 1690 Strymonis
1658 1652 1691 1681 et
1720 1651 1842 1683 Neaerae
1872 1650 1954 1691 filia,
1968 1654 2152 1693 procreavit

1118 1707 1292 1747 Ecbasum‚
1305 1708 1480 1749 Pirantem,
1505 1709 1719 1751 Epidaurum,
1735 1709 1895 1750 Criasum,
1912 1711 1969 1752 qui
1981 1713 2093 1752 postea
2107 1721 2151 1745 re<

1118 1774 1220 1806 gnum
1236 1766 1390 1807 suscepit.

1159 1883 1302 1916 2Echaso
1320 1884 1464 1916 nascitur
1474 1886 1612 1926 Agenor3
1630 1893 1671 1917 ex
1684 1885 1746 1917 hoc
1758 1888 1861 1927 Argus
1877 1895 1972 1927 quem
1986 1889 2149 1929 Panopten

1118 1942 1243 1975 dicunt.
1259 1945 1356 1976 ³Nam
1371 1945 1478 1976 totum
1490 1944 1559 1985 ejus
1571 1952 1689 1986 corpus
1702 1944 1805 1977 oculis
1820 1947 1889 1977 erat
1903 1946 2076 1979 consitum.
2089 1946 2151 1985 Qui

1119 2010 1221 2043 quum
1257 2002 1383 2035 viribus
1406 2004 1574 2044 praestaret
1592 2027 1602 2043 ,
1631 2012 1746 2045 aprum
1765 2004 1912 2036 Arcadiae
1938 2013 2031 2045 agros
2060 2005 2152 2037 deva-

1119 2063 1257 2094 stantem
1289 2061 1450 2094 interemit
1463 2085 1474 2102 ,
1492 2062 1627 2103 ejusque
1660 2062 1740 2103 pelle
1769 2071 1887 2104 corpus
1917 2062 1978 2094 sibi
1995 2064 2149 2096 contexit,

1125 2121 1296 2160 ⁴Satyrum
1323 2128 1454 2160 quoque
1464 2142 1474 2159 ‚
1499 2120 1555 2160 qui
1586 2119 1698 2152 multis
1712 2120 1853 2153 Arcades
1881 2121 1974 2153 malis
1995 2121 2154 2153 afficiebat

1119 2179 1215 2217 atque
1229 2185 1346 2218 pecora
1364 2177 1529 2218 abigebat,
1539 2187 1647 2219 pugna
1662 2178 1796 2211 adortus
1812 2178 1983 2211 interfecit.
2006 2179 2152 2211 &Dicitur

1119 2234 1216 2266 etiam
1242 2235 1437 2274 Echidnam,
1451 2237 1575 2267 Tartari
1598 2244 1639 2268 ex
1653 2238 1752 2268 Terra
1774 2236 1874 2268 tiliam
1891 2260 1900 2276 ,
1921 2246 1995 2279 quae
2011 2237 2151 2270 viatores

1119 2293 1330 2335 corripiebat,
1343 2294 1557 2327 dormientem
1576 2295 1760 2336 speculatus
1772 2296 1941 2329 occidisse.
1957 2296 2065 2329 ⁰1dem
2079 2295 2151 2336 Api-

1119 2352 1170 2385 dis
1187 2353 1310 2385 caedem
1326 2354 1463 2386 sublatis
1482 2354 1743 2387 interfectoribus
1760 2354 1850 2387 ultus
1863 2355 1925 2387 est.

1163 2470 1208 2512 (3)
1232 2473 1317 2511 Argo
1331 2472 1364 2502 et
1378 2471 1507 2503 Ismena
1521 2470 1634 2512 AEsopi
1654 2469 1721 2503 filia
1736 2471 1833 2503 natus
1851 2471 1901 2502 est
1919 2471 2011 2501 Iasus
2023 2492 2032 2508 ,
2049 2475 2066 2499 e
2084 2475 2150 2507 quo

1119 2544 1156 2574 Io
1180 2543 1285 2574 ortam
1309 2550 1381 2574 esse
1406 2541 1527 2574 ferunt.
1544 2543 1667 2574 Verum
1686 2542 1802 2574 Castor
1816 2564 1825 2580 ‚
1842 2541 1898 2581 qui
1923 2540 1963 2572 de
1987 2538 2148 2571 erroribus

1119 2610 1206 2643 circa
1220 2612 1404 2652 temporum
1422 2609 1607 2642 notationes
1628 2609 1747 2641 librum
1766 2608 1956 2649 conscripsit
1970 2631 1979 2646 ‚
2001 2609 2032 2639 et
2054 2606 2148 2638 multi

1119 2681 1315 2722 tragicorum
1332 2682 1369 2713 Io
1381 2679 1494 2712 Inachi
1517 2678 1616 2711 filiam
1641 2687 1712 2710 esse
1728 2676 1894 2719 perhibent
1909 2687 1919 2716 ;
1937 2677 1970 2708 at
1985 2675 2148 2708 Hesiodus

1118 2753 1151 2784 et
1157 2751 1326 2783 Acusilaus
1340 2758 1411 2782 eam
1419 2749 1542 2782 Pirenis
1558 2751 1665 2780 natam
1679 2747 1800 2779 dicunt.
1821 2748 1931 2779 2Hanc
1943 2747 1963 2778 J
1966 2746 2083 2778 unonis
2099 2754 2146 2778 sa-

1119 2820 1262 2853 cerdotio
1281 2820 1469 2860 {ungentem
1485 2817 1612 2859 Jupiter
1624 2816 1772 2855 vitiavit;
1788 2814 1844 2846 sed
1862 2823 1882 2846 a
1897 2816 2027 2846 Junone
2038 2813 2147 2855 depre-

1118 2890 1241 2923 hensus
1256 2890 1397 2932 puellam
1416 2897 1532 2921 manus
1547 2888 1669 2919 attactu
1693 2886 1726 2917 in
1744 2885 1861 2917 bovem
1877 2883 1984 2916 albam
2003 2892 2146 2917 commu·

1118 2959 1210 2999 tavit,
1223 2968 1321 2999 seque
1331 2967 1405 2991 eum
1420 2966 1457 2990 ea
1468 2955 1681 2989 concubuisse
1691 2953 1862 2995 abjuravit.
1873 2955 1979 2992 Quare
1986 2954 2146 2986 Hesiodus

1118 3022 1197 3055 dicit
1208 3024 1374 3054 amantum
1390 3021 1529 3062 perjuria
1546 3028 1612 3050 non
1628 3017 1767 3050 excitare
1783 3017 1865 3049 iram
1881 3017 2025 3050 deorum.
2043 3019 2146 3050 τ’.Ιιιιιο

1118 3091 1226 3122 autem
1241 3089 1357 3121 bovem
1368 3098 1387 3120 a
1406 3091 1488 3120 Jove
1504 3086 1701 3129 depoposcit,
1719 3088 1947 3128 acceptamque
1961 3085 2144 3118 custodien-

1117 3157 1192 3189 dam
1214 3156 1303 3188 dedit
1319 3158 1405 3195 Argo
1423 3156 1594 3195 Panoptae,
1616 3163 1712 3195 quem
1737 3154 1940 3196 Asclepiades
1958 3156 2118 3188 Arestoris
2134 3181 2143 3197 ‚

1117 3223 1315 3264 Pherecydes
1331 3223 1442 3255 Inachi
1469 3221 1598 3262 (potius
1614 3231 1622 3253 :
1637 3222 1840 3264 Pherecydes
1853 3222 2025 3263 Arestoris,
2042 3223 2145 3255 Ascle-

1116 3292 1226 3333 piades
1242 3290 1376 3329 Inachi),
1392 3292 1532 3332 Cercops
1542 3290 1615 3332 Argi
1631 3300 1670 3323 ex
1687 3293 1815 3324 Ismena
1841 3291 1938 3331 Asopi
1954 3290 2018 3322 filia
2030 3292 2142 3323 natum

1116 3359 1411 3392 dicunt.Acusilaus
1424 3359 1562 3401 denique
1575 3368 1650 3393 eum
1666 3363 1748 3393 terra
1761 3363 1867 3393 ortum
1881 3363 1934 3394 ait.
1953 3360 2026 3393 ⁴Hic
2038 3360 2146 3401 oliver,
