2320 3684
777 152 1100 193 PHERECYDIS
1128 152 1460 193 FRAGMENTA.

76 245 157 299 ²4),
179 246 342 296 septimo
367 244 468 283 libro
488 242 675 294 expressis
694 240 822 279 verbis
849 241 1098 291 adscriptum.

75 306 227 344 Tertius
246 304 398 344 Crethei
419 302 517 340 filius
539 308 621 339 erat
641 296 800 344 Pheres,
824 299 996 337 Pheretis
1019 306 1101 335 erat

75 363 284 411 Admetus,
315 375 363 400 ex
395 360 502 411 cujus
524 358 684 396 historia
714 357 761 395 fr.
781 358 829 404 76
849 357 897 395 de
918 356 1102 407 Apolline

75 422 289 459 desumtum
313 433 394 458 esse
413 417 540 456 verbis
559 416 643 471 παρ’
657 415 760 454 αὐτὸν
777 415 836 454 τὸν
850 414 1025 466 Ἄδμητον
1046 412 1103 467 ἔρ-

74 495 176 532 χεται
194 479 397 517 indicatur.
419 498 466 506 —
484 479 663 527 4,Dei0n,
687 475 801 526 hujus
819 474 1010 525 Cephalus
1025 503 1035 521 ,
1055 473 1103 511 de

77 551 156 589 quo
178 538 222 576 fr.
245 551 363 584 77.——
375 535 396 573 5
416 535 589 584 Sisyphus
608 533 702 585 (78),
720 533 973 581 Thersander,
992 535 1103 570 Proe·

74 605 155 645 tus,
175 596 282 648 cujus
301 594 377 632 filia
392 601 449 632 est
463 596 578 631 Maera
597 591 688 644 (79).

128 717 256 756 Schol.
293 717 474 768 Apollon.
498 720 565 761 lv,
599 717 671 755 156
692 730 700 752 :
721 712 924 768 Φερεκύδης
944 713 1048 768 φησὶν
1066 714 1102 752 ἐν

76 774 215 829 ἑὸδόμῳ
226 806 237 826 ,
254 777 460 829 φονευθῆναι
477 774 536 814 τὸν
557 775 731 844 δράκοντα
747 773 815 813 ὑπὸ
830 773 995 817 Ἰάσονος.

130 891 543 942 Schol.Apollon.1V,
571 893 671 930 223:
689 887 923 944 Φερεκύδης’
907 903 943 926 εν
937 886 1103 960 „5636le

77 948 249 1020 (τετάρτῳ
277 949 362 988 cod.
388 949 525 1001 Paris.)
543 948 607 997 τὴν
628 948 787 996 Μήδειαν
814 946 918 1002 φησὶν
937 940 1020 1001 ἆραι
1042 946 1101 986 τὸν

78 1003 287 1062 Ἄψυρτον’
271 1023 311 1047 εκ
330 1023 392 1055 της
410 1007 529 1055 κοίτης
542 1007 724 1057 ,Ἰάσονος
742 1006 896 1050 εἰπόντος
915 1006 1004 1058 αὐτῇ
1014 1036 1024 1054 ,
1042 1004 1102 1044 καὶ

77 1066 226 1117 ἐνεγκεῖν
245 1066 331 1120 πρὸς
347 1065 427 1110 τους
439 1065 680 1120 Ἀργοναύτας.
695 1065 797 1105 Ἐπεὶ
815 1063 851 1103 δὲ
869 1062 1102 1116 ἐδιώχθησαν,

76 1124 227 1178 σφάξαι,
244 1125 303 1164 καὶ
321 1125 530 1177 μελίσαντας
546 1125 706 1164 ἐκὸαλεῖν
727 1126 774 1169 εἰς
790 1123 848 1163 τὸν
869 1122 1041 1175 ποταμόν.

130 1186 178 1221 Et
196 1183 244 1221 ad
259 1198 297 1222 v.
319 1185 394 1221 228
407 1199 415 1222 :
427 1182 630 1238 Φερεκύδης
649 1185 683 1222 ἐν
697 1182 855 1236 ἑὸδόμῳ,
872 1180 1104 1233 διωκομένους

77 1241 290 1280 ἀναδιδάσαι
306 1241 364 1280 ἐπὶ
379 1241 442 1289 τὴν
468 1246 552 1281 ναῦν
574 1242 633 1281 τὸν
652 1242 838 1296 Ἄψυρτον,
858 1240 918 1279 καὶ
939 1239 1105 1291 μελίσαν-

75 1315 138 1344 τας
155 1301 253 1353 ῥῖψαι
270 1301 317 1343 εἰς
331 1299 389 1338 τὸν
404 1299 575 1351 ποταμόν.

131 1359 259 1397 Schol.
271 1359 403 1410 Eurip.
421 1359 523 1399 Med.
552 1360 623 1406 167
646 1374 655 1396 ε
675 1357 722 1398 ‘O
741 1356 946 1411 Φερεκύδης
969 1355 1026 1394 διὰ
1042 1359 1103 1395 τοῦ

77 1417 94 1464 ξ
106 1418 296 1474 (Ἄξυρτον)
306 1420 469 1472 ὀνομάζει
479 1419 580 1459 αὐτόν
592 1419 663 1472 (τὸν
674 1418 876 1473 Ἄψυρτον).
890 1418 1104 1456 Probabilis

76 1486 204 1517 tamen
217 1479 436 1530 conjectura
452 1488 508 1518 est
525 1479 726 1528 Matthiaei,
741 1480 806 1528 qui
818 1477 1000 1516 adSchol.
1012 1480 1102 1515 Eur.

76 1537 180 1574 Med.
208 1538 292 1587 169,
305 1550 378 1588 pro
397 1535 414 1582 ξ
437 1538 546 1589 ponit
565 1539 598 1588 ζ,
610 1538 662 1575 ita
681 1545 725 1575 ut
741 1534 798 1574 διὰ
816 1539 877 1574 τοῦ
897 1535 978 1579 ζείῐ
993 1538 1104 1585 :pla-

77 1594 174 1632 ribus
194 1598 278 1633 Iocis
295 1596 376 1634 libri
392 1601 548 1647 septimi,
562 1599 700 1646 passim
724 1599 761 1632 in
779 1594 866 1632 libro
883 1598 1048 1643 septima

128 1717 256 1755 Schol.
277 1718 410 1769 Eurip.
436 1718 535 1756 Med.
557 1706 770 1769 argument.
789 1715 1016 1771 εΦερεκύδης
1042 1715 1102 1754 καὶ

76 1774 276 1826 Σιμωνίδης
285 1775 404 1830 φασὶν,
418 1777 464 1820 ὡς
478 1778 501 1823 ἡ
513 1775 654 1823 Μήδεια
670 1774 876 1829 ἀνεψήσασα
891 1774 950 1813 τὸν
963 1774 1104 1814 Ἰάσονα

74 1833 150 1872 νέον
163 1833 332 1881 ποιήσειε.

129 1893 256 1948 8531101.
280 1893 479 1944 Aristoph.
499 1894 648 1944 Equitt.
667 1893 790 1932 1318:
812 1892 858 1932 ‘H
878 1891 1018 1939 Μήδεια
1038 1891 1102 1929 λέ-

73 1965 190 2001 γεται,
217 1952 264 1994 ὣς
291 1949 355 2002 μὲν
386 1950 564 2003 Αἰσχύλος
590 1953 739 2005 ἱστορεῖ,
767 1950 829 1994 τὰς
865 1948 1012 2004 τροφοὺς
1041 1952 1102 1988 τοῦ

73 2008 242 2048 Διονύσου
274 2009 486 2064 ἀφεψήσασα
516 2010 707 2049 ἀνανεάσαι
732 2012 879 2056 ποιῆσαι
911 2007 1000 2060 μετὰ
1032 2009 1102 2046 τῶν

74 2067 207 2121 ἀνδρῶν
228 2069 341 2107 αὗτῶν
356 2084 364 2092 ·
396 2070 443 2112 ὡς
459 2068 489 2107 δ’
509 2071 527 2107 ὁ
545 2068 625 2112 τοὺς
654 2067 809 2112 Νόστους
839 2066 1010 2115 ποιήσας,
1042 2065 1102 2104 καὶ

72 2124 130 2163 τὸν
150 2126 348 2176 Αἴσονα,...
377 2126 582 2182 Φερεκύδης
595 2126 632 2166 δὲ
651 2127 711 2166 καὶ
727 2126 929 2178 Σιμωνίδης
944 2125 1002 2164 τὸν
1025 2125 1101 2164 Ἰά-

73 2199 169 2223 σονα.

354 2340 505 2376 LIBER
546 2337 814 2397 SEPTIMUs.

114 2453 209 2484 Iason
224 2451 397 2486 draconem
411 2404 618 2487 intersedim

553 2505 573 2540 7
581 2508 601 2540 3
607 2531 616 2540 .

113 2556 228 2589 Medea
255 2557 378 2589 Iasonis
403 2558 498 2598 iussu
525 2558 704 2599 Absyrtum
730 2566 749 2590 e
768 2557 850 2590 lecto
875 2556 1040 2589 sublatum
1059 2557 1101 2589 ad

76 2604 276 2643 Argonautas
292 2605 540 2645 transportavit;
555 2614 657 2646 quum
673 2613 749 2637 vero
765 2605 923 2645 sugerent,
940 2606 976 2636 ut
990 2613 1095 2645 perse-

73 2652 207 2690 quentes
220 2653 421 2682 morarentur
436 2652 641 2684 membratim
669 2651 844 2684 dissectum
860 2653 892 2684 et
918 2651 1100 2692 iugulatum

74 2695 108 2727 in
126 2695 261 2727 fluvium
284 2696 480 2738 abjecerunt.

113 2789 224 2821 Medea
239 2791 387 2823 Iasonem
402 2791 573 2824 decoctum
586 2792 739 2832 juvenem
760 2792 913 2824 reddidit.

113 2836 235 2875 Medea,
249 2838 285 2868 ut
294 2838 466 2878 AEschylus
477 2838 607 2878 quidem
617 2840 737 2879 narrat,
749 2839 868 2871 Bacchi
876 2837 1017 2870 nutrices
1023 2844 1100 2870 eum

73 2889 183 2913 earum
197 2882 321 2914 maritis
334 2884 471 2923 coxisse,
484 2887 581 2925 atque
592 2885 638 2917 ita
649 2888 853 2926 juventutem
868 2885 908 2917 iis
921 2885 1100 2917 restituisse

73 2926 199 2959 dicitur.
215 2929 305 2960 Sicut
329 2939 406 2962 vero
430 2931 458 2963 is
480 2932 535 2972 qui
548 2933 666 2964 Nostos
678 2933 872 2974 composuit,
887 2932 994 2972 tradit,
1012 2932 1098 2965 idem

72 2973 175 3052 {ecit
172 2976 294 3015 AEsoni,
318 2978 362 3016 et,
385 2978 564 3011 secundum
588 2980 806 3021 Pherecydem
832 2982 865 3012 et
881 2979 1093 3021 Simonidem,

87 3021 189 3053 asoni.

112 3115 240 3154 Neleus,
254 3117 392 3157 Neptuni
405 3117 489 3150 lilius
505 3142 513 3157 ,
535 3128 634 3160 quam
655 3119 767 3152 habuit
786 3122 942 3152 Peronem
962 3120 1091 3153 eximiae

75 3162 252 3212 venustatis
268 3161 364 3194 filiam
381 3164 501 3195 nemini
515 3165 548 3196 in
561 3166 801 3198 matrimonium
814 3166 891 3198 dare
902 3167 1017 3206 voluit,
1031 3168 1094 3199 nisi

73 3213 130 3245 qui
146 3207 234 3247 prius
247 3217 265 3240 e
279 3209 416 3250 Phylace
429 3210 528 3243 boves
538 3214 643 3252 Tyrus
657 3213 768 3244 matris
784 3213 825 3244 ab
839 3213 959 3253 Iphiclo
975 3214 1096 3254 abegis-

75 3254 134 3284 set.
152 3255 311 3286 Omnibus
329 3257 580 3298 haesitantibus,
601 3259 689 3290 solus
710 3259 804 3298 Bias,
827 3260 915 3291 Talai
937 3263 1043 3300 pater,
1061 3261 1095 3293 id

74 3307 109 3332 se
123 3299 282 3332 ficturum
300 3311 369 3334 esse
387 3305 554 3344 promisit,
569 3308 601 3337 et
616 3306 809 3347 Melampodi
826 3307 915 3338 fratri
931 3308 1095 3347 persuasit

75 3348 111 3377 ut
124 3347 204 3379 lrinc
223 3357 289 3380 rem
303 3354 473 3390 perageret.
498 3354 529 3383 Is
553 3353 701 3393 quamvis
723 3353 803 3385 bene
830 3354 947 3393 sciret,
973 3354 1093 3395 quippe

2130 154 2182 190 89

1637 239 1701 279 75.

1212 305 1338 343 Schol.
1353 309 1508 344 Homer.
1526 305 1660 355 Odyss.
1678 306 1723 352 A,
1748 305 1823 354 289
1838 318 1847 341 ε
1862 301 2030 351 Νηλεὺςδ
2048 303 2185 342 Ποσει-

1159 363 1265 406 δῶνος
1281 361 1372 414 ἔχων
1395 362 1567 417 θυγατέρα
1586 364 1699 417 Πηρῶ
1715 361 1887 414 τοῦνομα,
1906 361 2029 401 κάλλει
2056 362 2185 415 εὐπρε-

1159 420 1351 469 πεστάτην,
1369 422 1481 460 οὐδενὶ
1498 421 1629 469 ταύτην
1655 420 1804 466 ἐξεδίδου
1824 419 1910 474 πρὸς
1930 419 2058 471 γάμον,
2078 421 2108 457 εἰ
2132 419 2181 471 μὴ

1158 480 1324 534 πρότερον
1348 482 1388 518 ἐκ
1414 482 1586 530 Φυλάκης
1608 481 1670 526 τὰς
1693 485 1756 529 τῆς
1778 480 1909 535 μητρὸς
1933 482 2069 534 Τυροῦς
2103 480 2184 519 ἐλά-

1160 538 1249 577 σειέν
1265 554 1317 583 τις
1336 541 1416 590 βοῦς
1428 540 1511 593 παρ’
1523 540 1687 594 Ἰφίκλου.
1700 540 1851 580 Πάντων
1869 538 1906 578 δὲ
1921 537 2183 593 ἀπορουμένων,

1160 597 1245 641 Βίας
1260 600 1279 636 ὁ
1298 599 1331 636 T
1333 599 1442 636 αλαοῦ
1469 599 1532 649 (sc,
1555 598 1685 652 πατὴρ)
1717 598 1819 650 μόνος
1842 597 2016 651 ὑπέσχετο
2045 597 2183 651 δράσειν

1159 660 1282 695 τοῦτο·
1299 655 1360 694 καὶ
1383 655 1493 694 πείθει
1515 655 1574 694 τὸν
1593 656 1738 710 ἀδελφὸν
1759 656 2001 708 Μελάμποδα,
2022 655 2116 710 ῥέξαι
2144 655 2185 694 τὸ

1160 714 1272 769 ἔργον.
1292 714 1338 753 Ὁ
1352 712 1389 752 δὲ
1408 713 1535 768 καίπερ
1557 714 1667 762 εἰδὼς,
1685 715 1746 754 ἅτε
1761 714 1802 762 δὴ
1821 715 1955 766 μάντις,
1974 713 2027 753 ὅτι
2046 713 2184 753 ἁλώσε-

1159 790 1218 813 ται
1236 771 1407 821 ἐνιαυτὸν,
1424 774 1471 816 εἷς
1488 772 1553 820 τὴν
1579 772 1684 827 ὀφρὺν
1705 775 1900 828 ἀφικνεῖται
1922 773 1979 812 ἐπὶ
2003 772 2065 817 τὰς
2093 775 2183 825 βοῦς.

1160 834 1207 873 Οἱ
1230 831 1267 870 δὲ
1286 830 1437 885 φύλακες
1455 832 1603 870 ἐνταῦθα
1638 831 1698 870 καὶ
1734 834 1765 869 οἳ
1798 831 1958 884 βουκόλοι
1990 831 2185 871 κλέπτοντα

1160 890 1263 930 αὐτὸν
1282 889 1504 942 λαμὸάνουσι
1522 889 1582 928 καὶ
1602 888 1852 943 παραδιδόασιν
1870 890 2032 943 Ἰφίκλῳ,
2050 890 2110 928 καὶ
2126 890 2185 928 δε-

1160 949 1228 993 θεὶς
1258 947 1492 1002 ἐφυλάσσετο,
1522 946 1808 1001 παρεζευγμένων
1846 949 1941 1001 αὐτῷ
1966 947 2184 1001 θεραπόντων

1160 1006 1234 1056 δύο,
1255 1006 1377 1060 ἀνδρὸς
1395 1005 1454 1044 καὶ
1471 1004 1644 1057 γυναικός.
1664 1004 1734 1043 Καὶ
1747 1007 1766 1043 ὁ
1780 1004 1842 1056 μὲν
1858 1005 1944 1058 ἀνὴρ
1958 1006 2060 1044 αὐτὸν
2079 1007 2185 1044 ἐπιει-

1160 1068 1230 1110 κῶς
1252 1065 1470 1120 ἐθεράπευεν,
1501 1067 1525 1112 ἡ
1549 1063 1586 1102 δὲ
1609 1062 1696 1115 γυνὴ
1723 1062 1943 1118 φαυλότερον.
1977 1064 2080 1103 Ἐπεὶ
2108 1064 2145 1102 δὲ
2167 1068 2186 1104 ὃ

1160 1124 1314 1168 ἐνιαυτὸς
1332 1124 1447 1176 ὀλίγον
1463 1123 1549 1177 πρὸς
1563 1122 1603 1161 τὸ
1619 1123 1844 1168 τελειωθῆναι
1861 1121 2019 1175 περιῄει,
2037 1124 2186 1174 Μελάμ-

1160 1199 1245 1227 πους
1261 1182 1378 1222 ἀκούει
1402 1181 1546 1237 ὕπερθέν
1578 1196 1673 1220 τινων
1697 1180 1890 1227 σκωλήκων
1918 1181 2186 1232 διαλεγομένων,

1161 1242 1214 1281 ὅτι
1247 1241 1547 1296 καταὸεόρώκοιεν
1568 1239 1631 1287 τὴν
1652 1238 1764 1278 δοκόν.
1797 1239 1868 1278 Καὶ
1901 1243 2004 1278 τοῦτο
2038 1239 2188 1284 ἀκούσας

1162 1303 1262 1340 καλεῖ
1279 1300 1358 1346 τοὺς
1372 1298 1550 1344 διακόνους
1561 1330 1571 1348 ,
1589 1298 1648 1338 καὶ
1665 1297 1798 1337 κελεύει
1816 1297 1919 1336 αὐτὸν
1938 1297 2108 1351 ἐκφέρειν,
2126 1301 2188 1345 τῆς

1161 1360 1281 1408 κλίνης
1295 1357 1583 1411 λαμὸανομένους
1601 1357 1664 1406 τὴν
1689 1356 1753 1409 μὲν
1772 1363 1923 1408 γυναῖκα
1948 1356 2034 1410 πρὸς
2057 1357 2187 1406 ποδῶν,

1160 1419 1219 1458 τὸν
1249 1418 1285 1457 δὲ
1305 1418 1413 1472 ἄνδρα
1429 1417 1515 1472 πρὸς
1533 1418 1697 1471 κεφαλῆς.
1718 1418 1765 1455 Οἳ
1782 1415 1819 1454 δὲ
1835 1415 1939 1454 αὐτὸν
1958 1415 2189 1460 ἀναλαὸόντες

1161 1476 1378 1552 ἐκφέρουσιν.
1395 1475 1458 1516 Ἐν
1477 1474 1632 1528 τοσούτῳ
1658 1474 1694 1513 δὲ
1717 1474 1814 1513 ml
1796 1490 1819 1521 η
1841 1474 1939 1518 δοκὸς
1969 1476 2190 1513 κατακλᾶται

1160 1553 1220 1575 και
1240 1535 1475 1588 ἐπιπίπτειτῇ
1494 1534 1651 1586 γυναικὶ,
1677 1549 1737 1572 και
1767 1532 1894 1571 κτείνει
1926 1532 2047 1579 αυτήν.
2076 1533 2121 1572 ‘O
2153 1532 2189 1571 δὲ

1161 1593 1248 1648 ἀνὴρ
1265 1578 1465 1645 ἐξαγγέλλεί
1491 1608 1542 1646 τῳ
1567 1591 1747 1645 Φυλάκῳ,
1763 1594 1782 1630 ὁ
1799 1590 1836 1629 δὲ
1859 1590 2026 1635 Φύλακος
2046 1590 2190 1644 Ἰφίκλῳ

1160 1653 1205 1692 τὰ
1222 1650 1480 1704 γενόμενα.οἱ
1509 1649 1546 1689 δὲ
1574 1649 1729 1693 ἐλθόντες
1745 1649 1843 1703 παρὰ
1860 1665 1919 1687 τον
1941 1649 2165 1700 Μελάμποδα
2177 1679 2187 1698 ,

1161 1714 1318 1766 ἐρωτῶσι
1340 1711 1457 1757 αὐτὸν,
1474 1709 1526 1753 τίς
1542 1710 1647 1747 ἐστιν.
1665 1709 1710 1748 ‘O
1730 1707 1767 1747 δὲ
1790 1707 1855 1762 ἔφη
1875 1708 1998 1759 μάντις
2020 1712 2121 1747 εἶναι.
2140 1710 2187 1747 Οἱ

1161 1770 1198 1810 δὲ
1221 1771 1316 1823 αὐτῷ
1329 1769 1391 1813 τὰς
1411 1771 1523 1822 βοῦςε
1509 1771 1760 1821 υπισχνοῦνται
1780 1767 1951 1816 δώσειν,’
1936 1769 1995 1806 εὰν
2023 1767 2187 1820 μηχανήν

1160 1846 1238 1869 τινα
1257 1828 1340 1882 ευρῃ
1368 1827 1503 1867 παίδων
1528 1826 1696 1879 γενέσεως
1715 1826 1878 1881 Ἰφίκλῳ,
1899 1826 1958 1865 καὶ
1984 1830 2190 1865 πιστοῦνται

1159 1892 1282 1928 ταῦτα.
1300 1888 1346 1928 Ὁ
1369 1886 1406 1926 δὲ
1423 1886 1641 1939 Μελάμπους
1662 1889 1743 1939 βοῦν
1761 1884 1917 1939 ἱερεύσας
1932 1888 1983 1939 τῷ
2001 1881 2081 1934 Διι,
2102 1886 2190 1923 διαι-

1162 1953 1212 2000 ρεῖ
1229 1952 1352 2001 μοῖρας
1370 1952 1459 1985 πᾶσι
1477 1952 1549 1989 τοῖς
1567 1945 1786 2000 ὄρνισιν.οἱ
1814 1943 1851 1983 δὲ
1874 1943 2037 1998 ἔρχονται
2061 1944 2189 1988 πάντες

1159 2005 1251 2053 πλὴν
1272 2005 1345 2049 ἑνὸς
1380 2006 1554 2056 αἰγυπιοῦ.
1573 2003 1615 2043 Ὁ
1633 2002 1670 2043 δὲ
1688 2003 1938 2055 Μελάμπους’
1923 2010 2036 2057 ερωτᾷ
2055 2003 2188 2047 πάντας

1158 2064 1238 2109 τους
1254 2064 1410 2118 ὄρνιθας,
1437 2062 1470 2102 εἴ
1493 2079 1545 2107 τις
1572 2056 1644 2101 οἶδε
1669 2061 1848 2115 μηχανὴν,
1879 2065 1954 2106 πῶς
1985 2061 2026 2100 ἂν
2045 2062 2188 2116 Ἰφίκλῳ

1158 2123 1311 2176 γένοιντο
1327 2123 1458 2166 παῖδες.
1477 2121 1700 2176 Ἀποροῦντες
1716 2121 1753 2160 δὲ
1772 2123 1918 2168 ἐκεῖνοι,
1932 2121 2113 2171 κομίζουσι
2129 2120 2187 2159 τὸν

1160 2181 1333 2234 αἷγυπιόν.
1353 2176 1466 2226 Οὗτος
1483 2179 1519 2219 δὲ
1547 2180 1611 2228 τὴν
1638 2179 1751 2219 αἰτίαν
1777 2196 1841 2228 της
1866 2179 2030 2224 ἀπαιδίας
2057 2186 2188 2234 σπορᾶς

1161 2335 1218 2374 qui
1234 2335 1323 2365 vates
1336 2333 1422 2365 esset
1436 2355 1445 2371 ,
1459 2331 1527 2364 sore
1542 2333 1579 2363 ut
1591 2339 1648 2372 per
1663 2339 1785 2363 annum
1798 2332 1947 2372 captivus
1971 2331 2166 2363 detineretur
2177 2355 2186 2371 ,

1160 2380 1193 2412 in
1205 2381 1331 2421 Othryn
1348 2381 1491 2411 montem
1503 2378 1658 2417 ascendit,
1676 2377 1763 2410 unde
1775 2378 1876 2410 boves
1893 2378 2043 2418 abigeret.
2062 2381 2184 2410 Verum

1159 2427 1311 2459 custodes
1326 2429 1359 2458 et
1373 2425 1507 2458 bubulci
1521 2434 1561 2458 ex
1577 2425 1755 2466 improviso
1767 2434 1842 2457 eum
1858 2425 2112 2466 deprehendunt;
2135 2428 2178 2456 at-

1160 2483 1224 2515 que
1236 2473 1360 2515 mhiclo
1376 2473 1515 2505 traditus
1533 2475 1566 2504 et
1581 2473 1615 2504 in
1635 2472 1765 2505 vincula
1781 2473 1947 2512 conjectus
1964 2481 1983 2503 a
1996 2471 2123 2503 duobus
2138 2472 2182 2503 fa-

1158 2521 1256 2553 mulis
1271 2520 1300 2552 ei
1319 2519 1470 2559 astrictis,
1491 2519 1563 2551 viro
1578 2521 1610 2551 et
1624 2519 1762 2558 semina,
1781 2519 1975 2550 custoditur.
1991 2520 2033 2550 Et
2048 2519 2099 2549 vir
2113 2519 2180 2559 qui-

1158 2567 1232 2600 dem
1242 2567 1325 2600 bene
1335 2566 1513 2598 ministerio
1521 2575 1583 2599 suo
1590 2565 1796 2606 fungebatur,
1811 2565 1918 2596 minus
1929 2567 2035 2596 autem
2050 2565 2177 2597 semina.

1157 2612 1219 2646 Sed
1234 2622 1335 2654 quum
1354 2613 1490 2655 paulum
1511 2614 1639 2645 tantum
1656 2612 1800 2652 abesset,
1818 2612 1898 2652 quin
1923 2620 2028 2643 annus
2047 2613 2182 2643 circum-

1155 2662 1313 2701 ageretur,
1326 2656 1506 2701 Melampns
1522 2660 1684 2692 vermium
1699 2659 1905 2700 quorundam
1920 2658 1960 2690 de
1975 2658 2066 2690 trabe
2079 2667 2183 2691 corro-

1155 2715 1192 2739 sa
1207 2707 1346 2749 desuper
1375 2707 1467 2740 audit
1497 2707 1706 2747 colloquium.
1724 2708 1836 2746 ltaque
1869 2704 2008 2736 famulos
2024 2705 2180 2746 advocat,

1154 2762 1274 2795 eosque
1283 2754 1375 2795 jubet
1401 2763 1436 2786 se
1451 2754 1621 2795 exportare
1634 2777 1643 2793 ‚
1659 2754 1704 2785 ita
1718 2753 1850 2793 quidem
1874 2754 1911 2783 ut
1928 2752 2044 2784 mulier
2059 2752 2183 2785 inferio·

1149 2804 1222 2833 vem
1236 2802 1309 2834 lecti
1324 2803 1459 2843 partem,
1476 2801 1532 2833 uhi
1545 2801 1654 2842 pedes,
1668 2801 1719 2831 vir
1731 2808 1813 2838 eam,
1829 2798 1885 2829 ubi
1913 2801 2011 2839 caput
2037 2799 2180 2840 positum

1154 2850 1222 2880 erat
1236 2872 1245 2888 ‚
1263 2849 1413 2880 manibus
1440 2847 1652 2889 prehendant.
1681 2847 1734 2878 Sic
1761 2845 1925 2878 sublatum
1942 2845 2093 2878 esserunt.
2118 2847 2179 2879 Sed

1155 2895 1216 2927 lioc
1232 2895 1311 2927 dum
1325 2898 1436 2936 agunt,
1444 2895 1532 2927 trabs
1548 2894 1742 2934 dirumpitur
1755 2895 1787 2925 et
1799 2893 1832 2924 in
1847 2893 2017 2925 mulierem
2033 2893 2180 2927 incidens

1154 2951 1224 2974 eam
1244 2943 1407 2974 interficit.
1426 2942 1485 2974 Vir
1500 2950 1574 2982 quae
1607 2941 1800 2972 accidissent
1812 2940 1954 2981 Phylaco
1967 2941 2106 2981 nuntiat,
2123 2942 2178 2973 hic

1153 2989 1287 3042 Iphiclo.
1302 2989 1445 3021 Veniunt
1464 2988 1510 3019 illi
1533 2988 1572 3019 ad
1591 2987 1839 3028 Melampodem‚
1851 2996 1891 3019 ex
1907 2996 2010 3028 eoque
2025 2992 2178 3029 quaerunt

1153 3036 1209 3076 qui
1228 3036 1280 3067 sit.
1311 3035 1371 3067 Hic
1392 3044 1427 3067 se
1448 3036 1555 3066 vatem
1571 3043 1642 3066 esse
1654 3034 1840 3075 respondet.
1858 3036 1942 3066 Tum
1967 3034 2068 3067 boves
2092 3035 2121 3068 ei
2142 3045 2177 3067 se

1153 3082 1286 3113 daturos
1305 3090 1376 3113 esse
1392 3080 1594 3121 pollicentur,
1610 3080 1638 3112 si
1652 3080 1784 3128 quidem
1801 3080 1926 3113 efficere
1941 3083 2063 3122 posset,
2069 3085 2106 3114 ut
2120 3082 2176 3114 filii

1152 3124 1360 3154 nascerentur
1375 3121 1510 3162 Iphiclo,
1528 3124 1560 3153 et
1578 3122 1754 3162 sponsione
1768 3130 1802 3154 se
1818 3122 2037 3163 obstringunt.
2051 3123 2178 3155 Melam-

1151 3178 1213 3209 pus
1227 3169 1321 3210 igitui·
1334 3168 1410 3200 Jovi
1427 3170 1546 3199 mactat
1567 3168 1703 3208 hovem,
1717 3170 1812 3210 cuius
1834 3171 1941 3210 partes
1960 3170 2043 3202 inter
2063 3179 2176 3202 omnes

1151 3222 1227 3246 aves
1246 3210 1421 3246 distribuit.
1439 3215 1602 3246 Advolant
1618 3224 1732 3247 omnes
1748 3217 1865 3256 praeter
1879 3225 1982 3248 unum
1998 3217 2174 3248 vulturem.

1150 3260 1331 3301 Melampus
1343 3262 1479 3293 cunctos
1495 3261 1680 3303 interrogat,
1695 3262 1807 3303 siguis
1821 3263 1926 3303 sciret,
1943 3264 2107 3313 quomodo
2119 3264 2175 3296 filii

1152 3308 1252 3339 futuri
1264 3309 1373 3339 essent
1396 3308 1527 3348 Iphiclo.
1548 3311 1657 3347 Quum
1670 3318 1747 3342 vero
1762 3309 1865 3342 nihil·
1857 3320 1890 3342 in
1902 3296 2061 3343 medium
2064 3311 2177 3342 afferre

1150 3357 1294 3395 possent,
1308 3354 1475 3388 adducunt
1485 3355 1658 3389 vulturem.
1674 3359 1705 3389 Is
1717 3366 1848 3390 causam
1862 3367 1920 3390 cur
1933 3357 2076 3390 mascula
2089 3358 2179 3398 prole
