2320 3684
830 142 1071 183 HECATAEI
1098 146 1439 191 FRAGMENTA.

127 287 261 339 steph.
279 290 368 338 Byz.
381 286 484 335 Οἴνη,
503 229 763 340 πόξιῗῇΑργους
774 302 782 311 ·
799 287 987 333 Ἑκαταῖος
1005 290 1102 328 ἱστο-

74 347 157 399 ριῶν
180 346 321 400 πρώτῳ.

497 419 691 434 -Qm—

359 473 510 512 LIBER
538 474 815 511 SECUNDUS.

125 606 259 659 Steph.
278 608 366 656 Byz.
394 551 746 659 Ψωφίς.3“ίὲξίαταῑος
763 606 995 659 γενεαλογιῶν
1016 608 1099 646 δευ-

69 663 171 718 τέρῳ·
193 663 364 717 «Κάπρος
389 658 432 712 ἦν
461 665 497 702 ἐν
517 666 568 716 τῷ
587 663 660 719 ὄρει
684 664 744 704 καὶ
767 665 977 720 Ψωφιδίους
1005 664 1099 706 κακὰ

70 739 85 757 α
97 722 201 763 πόλλ’
217 722 372 778 ἔοργεν.»
391 724 536 762 Multas
557 737 616 762 res
631 723 679 762 ab
693 725 859 763 Hercule
875 734 1000 777 gestas
1011 739 1100 764 nar-

69 782 170 821 ravit
186 785 400 831 Hecataeus,
414 796 500 834 quae
519 783 614 821 mihi
628 783 797 822 secundo
811 785 903 823 huic
919 784 1020 823 libro
1037 785 1097 823 vi·-

68 843 211 881 dentur
238 841 479 894 assignanda,
499 855 522 880 a
541 841 682 894 quibus
702 856 790 881 eum
807 843 856 882 ad
874 844 950 882 fata
973 847 1099 883 Hera-

68 901 256 940 clidarum
291 901 511 953 perrexisse
533 901 737 953 probabile
765 911 835 942 est.
859 904 965 942 Nihil
993 904 1097 942 enim

67 960 254 1012 Psophidi
273 974 361 999 cum
382 960 655 1010 Amazonibus,
675 975 761 1013 quae
772 970 946 1014 utraeque
960 977 1008 1001 ex
1019 963 1097 1002 hoc

67 1019 166 1059 libro
186 1030 417 1072 repetuntur
438 1021 502 1074 (cf.
526 1021 573 1058 fr.
599 1021 690 1075 351)
711 1030 768 1061 est
795 1036 1002 1062 commune
1023 1024 1097 1063 nisi

66 1080 241 1118 Herculis
265 1081 377 1118 facta.

533 1133 622 1171 345.

118 1194 280 1231 Pausan.
307 1195 413 1240 VIII,
433 1198 469 1237 4,
484 1193 530 1230 6:
546 1192 655 1246 Ἀλεῷ
676 1191 713 1230 δὲ
734 1191 874 1247 ἄρσενες
891 1197 954 1244 μὲν
975 1195 1098 1239 παῖδες

65 1251 266 1306 Λυκοῦργός
285 1267 324 1290 τε
348 1250 408 1290 καὶ
429 1251 650 1305 Ἀμφιδάμας
668 1251 729 1291 καὶ
758 1252 917 1307 Κηφεὺς,
942 1254 1097 1309 θυγάτηρ

64 1308 102 1348 δὲ
121 1309 257 1362 ἐγένετο
284 1309 399 1362 Αὔγη.
423 1310 548 1363 Ταύτῃ
571 1314 640 1362 «τῇ
668 1310 794 1364 Αὔγῃ»
825 1314 876 1366 τῷ
904 1311 1096 1352 Ἑκαταίου

62 1367 158 1423 λόγῳ
169 1387 184 1404 «
196 1368 397 1422 συνεγένετο
409 1368 605 1424 Ἡρακλῆς,
616 1369 720 1409 ὁπότε
731 1370 891 1421 ἀφίκοιτο
900 1372 935 1415 ἐς
947 1371 1094 1423 Τεγέαν·

61 1426 162 1472 τέλος
190 1429 229 1467 δὲ
259 1428 320 1467 καὶ
345 1428 508 1483 ἐφωράθη
531 1435 693 1468 τετοκυῖα
713 1431 753 1468 ἐκ
776 1433 838 1468 τοῦ
857 1428 1072 1483 Ἡρακλέους
1086 1462 1096 1480 ,

61 1486 123 1526 καὶ
143 1486 252 1536 αὐτὴν
276 1490 295 1526 ὁ
315 1487 431 1532 Ἀλεὸς
447 1487 632 1540 ἐσθέμενος
650 1491 737 1539 ὁμοῦ
757 1490 808 1542 τῷ
827 1488 928 1528 παιδὶ
957 1490 991 1533 ἐς
1010 1489 1097 1543 λάρ-

61 1561 154 1585 νακα
168 1546 311 1601 ἀφίησιν
325 1548 359 1590 ἐς
379 1546 573 1586 θάλασσαν·
593 1547 687 1595 καὶὴ
707 1546 770 1599 μὲν
790 1546 933 1600 ἀφίκετο
953 1548 988 1592 ἒς
1005 1548 1096 1588 Τεύ-

62 1607 194 1659 θραντα
215 1605 388 1654 δυνάστην
413 1605 523 1659 ἄνδρα
542 1607 578 1645 ἐν
603 1603 740 1660 Καΐκου
752 1606 878 1660 πεδίῳ,
897 1606 957 1645 καὶ
977 1606 1093 1662 συνῴ-

60 1679 167 1712 κησεν
187 1664 366 1718 ἐρασθέντι
379 1667 429 1718 τῷ
448 1663 654 1719 Τεύθραντι.
670 1683 686 1700 υ
703 1689 749 1694 -
766 1666 822 1704 Cf.
839 1669 944 1714 VIII,
964 1672 1026 1717 47,
1050 1669 1092 1706 3:

59 1721 168 1763 Ἔστι
187 1722 224 1764 δὲ
241 1726 276 1764 ’ἐν
288 1730 359 1767 τοῖς
377 1723 464 1778 πρὸς
483 1723 609 1778 ἄρκτον
628 1728 690 1764 τοῦ
709 1728 794 1764 ναοῦ
813 1724 939 1779 κρήνη,
955 1725 1016 1765 καὶ
1035 1726 1094 1765 ἐπὶ

58 1781 170 1837 ταύτῃ
184 1786 370 1837 βιασθῆναι
384 1787 429 1835 τῇ
443 1784 555 1837 κρήνῃ
577 1783 683 1838 φασὶν
697 1784 744 1838 (οἱ
763 1785 953 1837 Τεγεᾶται)
970 1785 1092 1838 Αὔγην

60 1842 128 1881 ὑπὸ
150 1842 387 1898 Ἡρακλέους,
412 1845 478 1896 οὐχ
498 1845 749 1896 ὁμολογοῦντες
774 1843 958 1899 Ἑκαταίῳ
984 1844 1030 1884 τὰ
1058 1847 1092 1889 ἐς

59 1902 180 1950 αὐτήν.

529 1957 574 1995 34
582 1957 618 1996 6.

109 2012 270 2047 Pausan.
294 2013 360 2056 111,
381 2011 446 2058 25,
466 2010 512 2048 5:
528 2009 725 2059 Ἐποίησαν
743 2011 780 2050 δὲ
799 2010 982 2059 Ἑλλήνων
1002 2009 1090 2055 τινὲς

525 2128 613 2161 343.

96 2186 193 2224 (Eue,
207 2183 286 2217 urbs
299 2187 470 2226 Argorum,
485 2187 618 2218 auctore
630 2188 782 2219 Hecataeo
808 2187 891 2220 libro
913 2187 1018 2229 primo
1032 2187 1086 2220 Hi-

55 2231 240 2264 storiarum.

336 2377 489 2414 LIBER
516 2377 793 2416 SECUNDUS.

95 2528 177 2568 Aper
191 2529 260 2559 erat
274 2527 307 2559 in
321 2529 445 2569 monte,
459 2531 492 2561 et
510 2483 696 2571 P3s2iihidiis
711 2530 814 2563 multa
829 2531 912 2564 mala
929 2532 1015 2565 secit.

93 2628 198 2659 Mares
214 2627 329 2660 habuit
347 2627 466 2661 liberos
486 2628 584 2662 Aleus
606 2632 811 2671 Lycurgum,
830 2632 1079 2673 Amphidaman-

53 2675 156 2706 temet
169 2674 458 2715 Cepheumzfiliam
471 2678 594 2716 Augen.
611 2690 627 2706 «
637 2680 721 2710 cum
734 2678 794 2710 hac
807 2679 909 2720 (quod
921 2680 1079 2722 scriptum

50 2722 221 2754 Hecataeus
246 2722 388 2764 reliquit)
412 2723 566 2756 Hercules
581 2724 781 2765 concubuit,
807 2725 934 2766 quoties
955 2728 1081 2760 venerit

49 2770 196 2810 Tegeam.
211 2769 247 2801 Id
261 2769 317 2801 uhi
329 2778 368 2802 ex
384 2771 554 2812 puerperio
580 2771 655 2804 filiae
671 2772 804 2805 rescivit
819 2773 926 2813 Aleus‚
942 2783 1080 2815 puerum

49 2824 126 2848 cum
147 2818 250 2848 matre
265 2815 299 2847 in
317 2825 426 2849 arcam
441 2817 612 2850 conclusos
641 2819 674 2850 in
703 2828 791 2852 mare
815 2820 942 2862 abjecit.
967 2822 1080 2854 Delata

47 2863 98 2895 est
128 2871 202 2895 arca
225 2863 267 2895 ad
305 2864 536 2897 Teuthrantem
567 2866 743 2907 pollentem
779 2867 949 2901 dominatu
980 2869 1079 2902 homi-

47 2909 171 2941 nemin
191 2911 316 2951 campis
335 2911 376 2943 ad
392 2911 528 2944 Caicum
541 2921 681 2946 amnem.
700 2916 731 2946 Is
747 2914 862 2955 puellae
885 2915 990 2947 forma
1008 2916 1078 2949 alle-

46 2957 131 2997 ctus,
139 2965 211 2990 eam
228 2957 290 2990 sibi
306 2959 512 2991 matrimonio
522 2959 640 3000 junxit.
652 2974 667 2988 «
677 2961 726 2993 Ad
735 2970 806 2993 eam
814 2962 923 3003 templi
940 2964 1076 3004 partem,

47 3011 120 3044 quae
131 3004 172 3037 ad
183 3005 374 3046 Aquilonem
387 3007 521 3047 spectat,
537 3007 608 3039 sons
622 3010 670 3040 est
683 3017 691 3039 z
703 3017 802 3050 prope
817 3018 915 3050 quem
930 3010 1078 3044 vitiatam

46 3050 87 3082 ab
106 3052 240 3084 Hercule
274 3055 386 3093 Augen
413 3053 522 3086 ferunt
536 3056 682 3096 Tegeatae
699 3065 709 3087 z
727 3055 816 3097 quod
834 3058 943 3090 tamen
957 3057 998 3089 ab
1014 3058 1053 3090 iis
1065 3082 1074 3098 ‚

47 3106 119 3139 quae
133 3100 301 3132 Hecataeus
315 3100 376 3132 hac
388 3100 428 3133 de
446 3110 480 3133 re
495 3102 636 3143 scripsit,
654 3103 826 3144 discrepat.

514 3162 603 3194 346.

86 3210 155 3240 Hac
167 3210 353 3243 Graecorum
373 3213 519 3244 nonnulli
535 3214 684 3247 versibus
703 3215 916 3256 prodiderunt
933 3216 974 3248 ab
996 3218 1072 3249 Her-

46 3255 114 3288 cule
145 3256 292 3290 Plutonis
316 3267 428 3292 canem
453 3262 634 3293 extractum
649 3285 658 3300 ,
683 3271 787 3302 quum
815 3271 919 3303 neque
945 3265 1071 3296 meatus

42 3302 176 3335 omnino
183 3303 268 3336 ullus
284 3313 416 3345 peream
425 3315 556 3348 specum
571 3308 682 3340 subter
695 3311 811 3341 terram
829 3309 953 3350 subeat,
965 3319 1071 3351 neque

43 3349 110 3382 veri
128 3350 262 3382 omnino
280 3351 432 3392 cuiquam
453 3353 557 3386 simile
579 3355 681 3387 videri
701 3357 826 3396 possit,
851 3356 985 3388 deorum
1001 3357 1064 3388 ulla

2146 163 2196 197 27

1162 236 1209 279 ὡς
1228 235 1408 288 Ἡρακλῆς
1439 237 1610 290 ἀναγάγοι
1645 238 1756 293 ταύτῃ
1782 243 1842 279 τοῦ
1866 239 1981 298 “ᾼδου
2005 241 2064 280 τὸν
2093 242 2195 292 κύνα,

1161 293 1240 331 οὔτε
1258 294 1325 333 ὑπὸ
1344 298 1409 347 γῆν
1435 297 1515 335 ὁδοῦ
1536 295 1593 335 διὰ
1612 301 1674 337 τοῦ
1695 298 1870 346 σπηλαίου
1920 299 2084 354 ερούσης,
2116 301 2195 341 οὔτε

1161 350 1300 403 ἕτοιμον
1321 353 1358 393 ὂν
1378 358 1565 403 πεισθῆναι
1585 359 1671 395 θεῶν
1693 356 1860 410 ὑπόγαιον
1881 314 1972 397 εἷναί
1995 375 2075 397 τινα
2094 362 2193 409 οἴκη-

1161 425 1229 458 σιν,
1246 413 1280 455 ἐς
1299 412 1340 459 ἣν
1355 414 1572 467 ἀθροίζεσθαι
1590 415 1651 460 τὰς
1667 417 1793 471 ψυχάς·
1814 416 1906 456 ἀλλὰ
1919 416 2111 463 Ἑκαταῖος
2130 417 2193 471 μὲν

1159 470 1178 506 ὃ
1197 469 1371 516 Μιλήσιος
1386 472 1488 524 λόγον
1509 469 1605 527 εῧρεν
1619 474 1751 524 εἰκότα,
1772 474 1874 530 «ὄφιν
1891 475 2006 529 φήσας
2025 477 2083 516 ἐπὶ
2104 479 2194 517 Ται-

1158 526 1255 581 νάρῳ
1273 533 1450 584 τραφῆναι
1471 532 1592 580 δεινὸν,
1630 535 1803 582 κληθῆναι
1828 534 1865 573 δὲ
1883 533 1996 592 ’ᾼδου
2015 534 2116 582 κύνα,
2139 536 2194 576 ὅτι

1158 583 1228 624 ἔδει
1244 586 1304 626 τὸν
1326 588 1501 640 δηχθέντα
1522 591 1684 630 τεθνάναι
1708 593 1910 647 παραυτίκα
1943 593 2011 633 ὑπὸ
2037 598 2099 633 τοῦ
2118 596 2190 634 ἰοῦ·

1157 643 1217 683 καὶ
1236 648 1358 684 τοῦτον
1373 644 1439 700 ἔφη
1453 648 1511 687 τὸν
1525 648 1601 702 ὄφιν
1622 650 1690 690 ὑπὸ
1703 650 1919 706 Ἡρακλέους
1933 655 2086 706 ἀχθῆναι
2104 655 2189 709 παρ’

1160 703 1358 755 Εὐρυσθέα,
1371 723 1387 740 »

1629 766 1720 806 347.

1209 821 1348 860 AElian.
1364 824 1450 861 Nat.
1483 823 1634 862 animal.
1654 829 1722 876 lx,
1741 827 1788 864 23
1806 842 1816 865 ε
1835 826 1912 875 Τὴν
1929 827 1993 880 μὲν
2010 827 2115 882 ὕδραν
2127 828 2191 878 τὴν

1156 879 1346 933 Λερναίαν,
1366 880 1425 920 τὸν
1444 875 1548 920 ἆθλον
1562 881 1622 921 τὸν
1642 882 1865 937 Ἡράκλειον,
1884 887 2063 940 ᾆδέτωσαν
2083 904 2192 936 ποιη-

1155 935 1215 978 ταὶ
1231 939 1292 979 καὶ
1311 939 1430 991 μύθων
1450 941 1609 995 ἀρχαίων
1621 943 1794 991 συνθέται,
1805 938 1921 998 ὦνπερ
1932 941 1990 985 οῧν
2001 946 2062 985 καὶ
2072 946 2190 987 Ἑκα-

1155 1004 1253 1043 ταῖος
1271 1001 1290 1037 ὁ
1302 998 1486 1051 λογοποιός
1506 1001 1611 1039 ἐστιν.

1633 1059 1721 1098 348.

1210 1117 1335 1156 Strab.
1349 1119 1459 1170 VIII,
1476 1132 1514 1170 p.
1534 1118 1608 1163 524
1623 1132 1631 1154 ε
1648 1117 1840 1163 Ἑκαταῖος
1857 1119 1886 1157 δ’
1897 1120 2099 1169 ὁΜιλήσιος
2114 1123 2188 1161 ἑτέ-

1158 1192 1235 1232 ρους
1272 1177 1368 1230 λέγει
1401 1181 1470 1217 τῶν
1507 1178 1658 1217 Ἠλείων
1684 1178 1763 1223 τοὺς
1790 1179 1972 1224 Ἔπειούς·
2002 1184 2079 1235 «τῷ
2104 1187 2186 1233 γοῦν

1156 1236 1330 1291 “Ηρακλεῖ
1350 1242 1609 1291 συστρατεῦσαι
1618 1237 1696 1282 τοὺς
1707 1238 1873 1283 Ἐπειοὺς
1889 1239 1947 1278 ἐπὶ
1958 1241 2111 1292 Αὐγείαν
2131 1242 2190 1280 καὶ

1156 1298 1354 1335 συνανελεῖν
1375 1298 1470 1351 αὐτῷ
1487 1295 1546 1336 τόν
1565 1314 1602 1337 τε
1623 1298 1775 1350 Αὐγείαν
1787 1299 1846 1338 καὶ
1865 1298 1929 1346 τὴν
1949 1293 2067 1339 Imm.
2089 1301 2190 1348 Φησὶ

1156 1353 1193 1393 δὲ
1217 1355 1276 1394 καὶ
1295 1353 1359 1403 τὴν
1379 1354 1505 1408 Δύμην
1526 1355 1692 1396 Ἔπειίδα
1709 1357 1768 1395 καὶ
1790 1353 1952 1410 Ἀχαΐδα.
1967 1377 1983 1392 »

1625 1416 1671 1454 34
1679 1417 1715 1455 9.

1209 1474 1362 1513 Arrian.
1393 1475 1542 1527 Exped.
1571 1476 1784 1515 Alexandri
1810 1479 1862 1521 11,
1894 1477 1964 1514 16:
1984 1476 2188 1531 «Γηρυόνην

1155 1533 1204 1580 δὲ,
1226 1534 1279 1589 ἐφ’
1299 1530 1419 1574 ὅντινα
1435 1538 1454 1574 ὅ
1474 1535 1626 1590 Ἀργεῖος
1644 1535 1826 1589 Ἡρακλῆς
1846 1536 1978 1584 ἐστάλη
2002 1536 2088 1590 πρὸς
2120 1539 2189 1576 Εὗ-

1157 1594 1324 1647 ρυσθέως,
1342 1593 1404 1639 τὰς
1419 1597 1499 1647 βοῦς
1519 1593 1762 1639 ἐπελάσαιτὰς
1774 1594 1952 1648 Γηρυόνου
1973 1594 2033 1634 καὶ
2046 1597 2188 1649 ἀγαγεῖν

1154 1654 1187 1697 ἐς
1208 1653 1397 1703 Μυκήνας,
1417 1652 1513 1692 οὐδέν
1535 1669 1569 1691 τι
1587 1653 1778 1707 προσήκειν
1792 1656 1836 1706 τῇ
1857 1656 1902 1707 γῇ
1918 1655 1988 1693 τῶν
2007 1653 2188 1709 Ἰὸήρωνρ)

1154 1711 1342 1757 Ἑκαταῖος
1367 1715 1385 1752 ὁ
1415 1712 1600 1764 λογοποιὸς
1625 1712 1734 1766 λέγει,
1761 1731 1776 1747 «
1789 1712 1867 1753 οὐδὲ
1893 1713 1952 1752 ἐπὶ
1976 1713 2082 1762 νῆσόν
2108 1731 2188 1753 τινα

1154 1770 1337 1825 Ἐρύθειαν
1353 1770 1418 1817 ἔξω
1439 1775 1502 1819 τῆς
1516 1771 1674 1824 μεγάλης
1693 1771 1873 1820 θαλάσσης
1893 1773 2064 1820 σταλῆναι
2078 1772 2188 1827 Ἡρα-

1152 1830 1252 1870 κλέα·
1275 1829 1367 1870 ἀλλὰ
1386 1834 1448 1879 τῆς
1468 1830 1614 1884 ἠπείρου
1632 1834 1696 1879 τῆς
1715 1831 1794 1886 περὶ
1818 1831 2036 1886 Ἀμὸρακίαν
2057 1848 2096 1871 τε
2125 1833 2186 1871 καὶ

1152 1890 1382 1945 Ἀμφιλόχους
1414 1890 1564 1944 βασιλέα
1587 1891 1748 1943 γενέσθαι
1773 1891 1955 1946 Γηρυόνην
1976 1891 2036 1931 καὶ
2064 1893 2104 1930 ἐκ
2123 1895 2184 1939 τῆς

1150 1951 1298 2004 ἠπείρου
1318 1950 1448 1998 ταύτης
1469 1950 1648 1990 ἀπελάσαι
1674 1949 1857 2004 Ἡρακλέα
1887 1948 1950 1994 τὰς
1983 1954 2083 2004 βοῦς,
2106 1952 2184 1991 οὐδὲ

1148 2015 1272 2050 τοῦτον
1293 2011 1424 2065 φαῦλον
1445 2003 1550 2049 ἆθλον
1569 2009 1789 2061 τιθέμενον.»

1144 2130 1216 2154 esse
1245 2120 1454 2153 subterranea
1476 2128 1585 2161 regna,
1614 2129 1680 2161 quo
1714 2120 1832 2153 animae
1860 2121 2067 2153 conveniant.
2085 2123 2182 2153 Heca-

1142 2171 1226 2201 taeus
1253 2168 1386 2210 quidem
1413 2167 1558 2200 Milesius
1586 2176 1654 2200 rem
1682 2176 1750 2199 non
1776 2167 1951 2200 absurdam
1976 2171 2181 2201 commentus

1142 2218 1210 2256 est;
1227 2228 1243 2243 α
1257 2215 1291 2247 in
1308 2224 1346 2247 ea
1371 2223 1511 2247 caverna
1537 2215 1714 2247 immanem
1730 2224 1768 2247 ac
1798 2217 1917 2247 tetrum
1930 2217 2113 2257 serpentem
2135 2216 2181 2248 lu·

1142 2265 1248 2295 strum
1265 2261 1436 2301 habuisse,
1459 2262 1517 2302 qui
1544 2262 1587 2294 sit
1602 2262 1723 2294 idcirco
1738 2262 1916 2294 inferorum
1937 2264 2027 2294 canis
2048 2263 2154 2295 dictus
2168 2286 2178 2301 ,

1142 2310 1243 2351 quod,
1257 2318 1354 2351 quem
1368 2317 1481 2340 morsu
1496 2308 1689 2350 impetisset,
1704 2309 1813 2342 subita
1828 2318 1903 2341 eum
1917 2309 2033 2342 veneni
2050 2309 2083 2341 vi
2096 2309 2178 2341 mori

1143 2357 1254 2389 statim
1276 2365 1409 2389 necesse
1435 2357 1533 2388 esset.
1550 2359 1633 2389 Eum
1650 2359 1830 2398 serpentem
1849 2356 1890 2388 ab
1906 2357 2044 2390 Hercule
2058 2357 2099 2389 ad
2114 2359 2177 2388 Eu-

1141 2404 1310 2444 rystheum
1322 2404 1553 2445 pertractum.»

1617 2464 1663 2498 34
1671 2466 1703 2498 7.

1181 2515 1325 2557 Hydram
1334 2517 1514 2556 Lernaeam,
1528 2516 1676 2548 Herculis
1687 2518 1861 2555 certamen,
1874 2515 2045 2548 decantent
2070 2515 2174 2555 poetae

1139 2565 1172 2595 et
1187 2564 1335 2596 veterum
1357 2563 1542 2596 sahulamm
1567 2566 1716 2596 auctores
1730 2587 1739 2603 ,
1765 2572 1905 2604 quorum
1924 2572 1942 2595 e
1967 2571 2102 2594 numero
2123 2564 2174 2595 est

1140 2612 1311 2644 Hecataeus
1323 2614 1474 2645 veterum
1486 2611 1695 2644 historiarum
1719 2612 1865 2653 scriptor.

1180 2726 1352 2758 Hecataeus
1370 2724 1516 2757 Milesius
1538 2724 1635 2756 Eleos
1654 2723 1695 2755 ab
1708 2723 1804 2765 Epeis
1818 2722 1964 2754 diversos
1977 2720 2055 2753 facit
2073 2730 2080 2752 :
2097 2721 2171 2754 scri-

1137 2771 1250 2813 bitque
1267 2773 1397 2813 «Epeos
1417 2771 1548 2803 Herculi
1560 2771 1594 2802 in
1610 2770 1813 2811 expeditione
1829 2770 1942 2800 contra
1957 2770 2099 2808 Augeam
2116 2769 2169 2801 ad-

1138 2819 1255 2860 fuisse,
1272 2819 1372 2860 inque
1386 2818 1551 2860 perdendo
1568 2820 1677 2858 Augca
1692 2818 1725 2849 et
1748 2816 1838 2849 Elide
1852 2823 1983 2856 operam
1999 2823 2138 2848 navasse
2158 2826 2166 2847 z

1136 2870 1263 2909 Dymen
1282 2875 1413 2909 quoque
1438 2867 1506 2899 tam
1534 2865 1575 2898 ad
1601 2867 1706 2906 Epeos
1728 2872 1825 2905 quam
1849 2863 1888 2895 ad
1915 2863 2050 2896 Achaeos
2076 2863 2168 2906 perti·

1138 2914 1263 2947 fluisse.
1283 2927 1298 2942 n

1609 2971 1697 3003 349.

1175 3031 1359 3070 Geryonem
1377 3037 1472 3067 vero,
1498 3027 1655 3059 adversus
1671 3035 1769 3068 quem
1790 3027 1945 3059 Hercules
1964 3027 2104 3068 Argivus
2122 3028 2164 3060 ab

1134 3077 1319 3117 Eurystheo
1339 3075 1475 3114 missus,
1491 3076 1528 3106 ut
1551 3074 1652 3106 boves
1673 3074 1832 3115 Geryonis
1847 3074 1997 3116 abreptas
2011 3076 2164 3116 Mycenas

1133 3125 1276 3162 duceret,
1292 3122 1371 3154 nihil
1384 3122 1423 3154 ad
1440 3121 1607 3154 Iberorum
1630 3121 1791 3162 regionem
1812 3122 1972 3164 pertinere
1993 3124 2163 3156 Hecataeus

1131 3173 1277 3202 veterum
1299 3169 1507 3200 historiarum
1520 3168 1658 3209 scriptor
1678 3168 1800 3209 tradit,
1821 3178 1928 3210 neque
1947 3169 1987 3202 ad
2021 3169 2161 3202 insulam

1131 3217 1229 3248 ullam
1236 3216 1404 3257 Erytliiam
1414 3215 1447 3247 in
1455 3217 1583 3247 Oceano
1590 3215 1686 3248 sitam
1692 3216 1831 3249 missum
1847 3217 1946 3249 fuisse
1955 3227 1962 3249 :
1976 3217 2032 3249 sed
2042 3219 2161 3259 Geryo-

1130 3271 1203 3294 nem
1217 3261 1422 3301 continentis,
1431 3270 1504 3302 quae
1511 3262 1597 3294 circa
1603 3262 1806 3294 Ambraciam
1818 3265 1850 3295 et
1858 3263 2087 3304 Amphilochos
2099 3267 2159 3303 est,

1129 3318 1233 3349 regem
1251 3308 1266 3339 s
1266 3308 1350 3340 uisse
1359 3318 1366 3339 :
1375 3310 1471 3349 atque
1487 3317 1527 3340 ex
1543 3309 1604 3341 hac
1616 3310 1800 3342 continente
1813 3311 1981 3343 Herculem
1993 3310 2092 3343 boves
2106 3311 2159 3343 ab·

1128 3355 1261 3387 duxisse
1275 3380 1284 3395 ,
1304 3364 1409 3402 neque
1437 3365 1574 3397 parvum
1590 3357 1678 3389 hunc
1693 3357 1789 3390 etiam
1813 3358 1955 3391 laborem
1981 3358 2155 3399 judicasse.
