2320 3684
143 190 215 223 300

142 269 380 322 τεκαιδεκάτῳ
405 268 597 321 Ἱστοριῶν,
613 270 746 320 χιλίους
783 267 888 320 φησὶν
910 266 1037 320 ἄνδρας
1055 269 1168 308 αὐτῶν

142 326 507 379 (Colophoniorum)
522 327 702 378 ἁλουργεῖς
718 329 907 378 φοροῦντας
923 324 1049 370 στολὰς
1065 328 1172 365 ἀστυ-

142 388 276 435 πολεῖν,
288 386 308 424 δ’
313 402 352 437 γε
366 385 425 423 καὶ
440 386 620 437 βασιλεῦσι
630 383 775 422 σπάνιον
784 382 854 422 τότ’
865 378 907 432 ἧν
919 385 978 424 καὶ
986 385 1172 438 περισπού-

143 447 282 484 δαστον.
302 444 515 486 Ἰσοστάσιος
543 441 609 495 γὰρ
628 436 671 489 ἦν
693 445 715 488 ἡ
740 442 900 497 πορφύρα
919 443 1004 496 πρὸς
1021 442 1170 497 ἄργυρον

142 502 382 554 ἐξεταζομένη.
418 504 613 553 Τοιγαροῦν
649 499 706 538 διὰ
737 499 802 547 τὴν
836 501 1001 549 τοιαύτην
1030 502 1171 554 ἀγωγὴν

143 562 179 600 ἐν
210 559 388 613 τυραννίδι
420 559 480 597 καὶ
512 557 658 597 στάσεσι
691 557 872 610 γενόμενοι
904 562 992 612 αὐτῇ
1029 559 1173 614 πατρίδι

144 619 390 673 διεφθάρησαν.

193 677 245 716 “0
259 693 298 728 γε
313 676 372 715 καὶ
393 679 474 728 βασ.
495 676 743 715 Casaubonus
756 677 796 715 in
806 677 975 729 margine
993 678 1172 730 scripsit3

142 737 255 787 vulgo
271 734 360 774 ὅθεν.
383 738 520 774 Coraes
535 734 730 786 conjecit&
750 734 805 782 δή.
829 736 972 774 Eadem
992 737 1039 774 de
1055 737 1173 775 Colo-

141 795 297 846 phoniis
311 794 468 832 tradidit
478 795 742 845 Xenophanes
755 795 859 846 apud
873 796 1098 834 Athenaeum
1108 797 1132 834 l.
1148 797 1172 834 l:

267 852 387 895 ’ῌεσαν
402 853 444 888 εἰς
458 851 572 893 ἀγορὴν
586 853 801 896 παναλουργέα
815 852 898 895 φάρε’
914 853 1035 895 ἔχοντες

309 900 345 931 οὐ
361 899 463 940 μείους
477 900 555 941 ἤπερ
577 900 670 942 χίλιοι
688 902 729 937 ὡς
747 900 871 932 ἐπίπαν.

142 945 237 984 Inde
281 959 350 984 sua
393 946 566 984 hausisse
615 947 911 999 Theopompum
959 948 1176 998 suspicatur

140 1009 307 1044 Karsten
321 1008 379 1043 De
402 1006 658 1056 Xenophane.
680 1009 857 1045 Ceterum
873 1007 922 1044 ad
933 1007 1176 1058 Theopompi

142 1065 273 1102 locum
302 1065 471 1116 respexit
497 1067 632 1104 Cicero
656 1067 696 1104 in
721 1067 933 1118 fragmento
951 1067 1086 1105 elibro
1112 1081 1174 1104 se—

141 1124 265 1175 ptimo
293 1124 340 1162 de
351 1124 567 1175 Republica
584 1138 607 1163 a
623 1126 749 1163 Nonio
770 1134 941 1164 servato:
960 1128 1020 1171 Ut,
1053 1140 1177 1175 quem-

141 1184 339 1219 admodum
371 1182 496 1220 scribit
520 1185 599 1228 ille,
629 1185 842 1232 quotidiano
867 1188 903 1220 in
915 1182 1047 1231 forum
1078 1187 1178 1220 mille

143 1241 329 1278 hominum
338 1254 418 1278 cum
422 1244 550 1291 palliis
557 1243 742 1290 conchylio
750 1247 880 1288 tinctis,
904 1244 1175 1280 descenderent.

196 1347 565 1385 Pseudo-Plutarch.
593 1294 738 1386 5¹⁷?th
756 1347 870 1385 rhett.
898 1361 935 1398 p.
972 1346 1177 1386 83310012

144 1403 182 1442 δὲ
201 1403 271 1443 ἀπὸ
296 1407 366 1443 τῶν
386 1405 574 1459 τριάκοντα
593 1404 762 1444 ἀπέθανεν
803 1405 1030 1456 (Antiphon)
1046 1407 1175 1458 ἱστορεῖ

143 1462 204 1501 καὶ
225 1462 437 1515 Θεόπομπος
456 1465 492 1502 ἓν
510 1466 554 1516 τῇ
571 1464 880 1516 πεντεκαιδεκάτῃ.

197 1522 302 1560 Idem
332 1522 426 1560 dicit
448 1523 579 1574 Lysias
602 1526 710 1562 Orat.
740 1537 813 1575 pro
846 1523 896 1561 fil.
927 1522 1084 1574 Antiph.
1115 1535 1176 1574 ap.

143 1581 242 1619 Plut.
261 1581 286 1619 l.
310 1581 336 1618 l.

606 1634 694 1672 131.

196 1690 426 1737 Harpocrat.
446 1701 456 1724 ε
475 1686 664 1740 Κερκίδας·
698 1686 928 1738 Δημοσθένης
956 1688 991 1725 ἐν
1011 1688 1061 1740 τῷ
1090 1686 1178 1742 ὑπὲρ

144 1746 398 1799 Κτησιφῶντος
410 1745 489 1790 τοὺς
498 1745 670 1799 προδότας
685 1745 890 1798 καταλέγων
901 1745 1021 1801 φησὶν,
1036 1746 1093 1785 «Ἀ
1099 1746 1179 1801 ρκά-

145 1804 206 1847 δας
215 1804 399 1858 Κερκίδας.
412 1823 427 1839 »
443 1803 531 1844 ”Οτι
549 1805 578 1843 δ’
589 1800 685 1850 οὗτος
702 1808 772 1844 τῶν
790 1805 834 1844 τὰ
851 1805 1077 1845 Μακεδονικὰ
1095 1821 1179 1859 φρο-

145 1861 295 1902 νούντων
323 1858 379 1912 ἦν,
403 1863 522 1917 εἴρηκε
539 1864 600 1903 καὶ
623 1863 840 1916 Θεόπομπος
867 1867 901 1903 ἐν
921 1867 971 1918 τῷ
990 1880 1177 1903 πεντεκαι-

150 1920 285 1975 δεκάτῳ
304 1924 548 1962 Φιλιππικῶν.

198 1982 254 2020 Cf.
273 1983 522 2020 Demosthen.
545 1987 619 2021 Pro
640 1996 771 2020 coron.
794 1996 831 2033 p.
876 1983 961 2030 1883
995 1986 1052 2021 De
1084 1983 1177 2021 falsa

145 2039 257 2088 legat.
278 2053 316 2091 p.
338 2040 413 2077 256
436 2054 492 2091 sq.
511 2040 735 2131 Polypi33ss,
758 2041 819 2085 48.

198 2144 307 2183 Idem
328 2160 337 2183 τ
361 2143 487 2185 Νότιον
558 2145 611 2184 ὅτι
628 2146 702 2184 ἐστὶ
720 2145 848 2200 χωρίον
871 2146 1099 2200 προκείμενον
1116 2149 1179 2193 τῆς

147 2203 381 2257 Κολοφωνίων
411 2203 544 2248 πόλεως
572 2204 786 2256 Θεόπομπος
813 2206 848 2243 ἐν
877 2207 921 2258 τῇ
949 2206 1177 2244 πεντεκαιδε-

145 2259 237 2312 κάτῃ
255 2259 373 2314 φησίν.

147 2369 283 2402 scribit:
304 2383 320 2398 «
336 2371 425 2403 mille
446 2380 488 2403 ex
511 2372 725 2413 Colophoniis
742 2372 871 2406 civibus
894 2373 1068 2415 purpureis
1085 2373 1177 2405 stolis

146 2417 284 2449 amictos
301 2426 358 2459 per
383 2417 495 2450 urbem
522 2419 694 2452 incessisse
718 2430 726 2451 ε
754 2420 843 2461 quod
867 2420 1050 2453 indumenti
1075 2429 1177 2462 genus

145 2464 243 2496 etiam
257 2464 386 2505 regibus
400 2466 480 2498 tunc
494 2475 604 2498 rarum
623 2469 656 2499 et
671 2467 816 2500 studiose
828 2468 1007 2508 expetitum
1021 2477 1093 2500 esse
1105 2476 1177 2499 con·

148 2511 223 2542 stat.
250 2513 333 2544 Nam
355 2521 516 2554 purpurea
530 2514 632 2546 vestis
647 2538 656 2553 ,
678 2514 717 2546 ad
741 2515 870 2555 pondus
895 2518 1007 2547 exacta
1024 2538 1033 2555 ,
1058 2515 1176 2556 aequali

146 2557 289 2597 pondere
304 2559 426 2599 argenti
443 2559 679 2592 aestimabatur.
699 2562 807 2599 Quare
823 2562 865 2593 ob
883 2563 944 2593 hoc
957 2562 1036 2594 vitae
1051 2562 1177 2594 institu-

145 2606 217 2637 tum
231 2605 392 2646 tyrannidi
405 2608 437 2638 et
452 2605 615 2639 intestinis
629 2607 886 2640 dissensionibus
903 2608 1063 2649 impliciti,
1079 2608 1176 2640 simul

147 2661 223 2685 cum
244 2654 347 2695 patria
367 2653 543 2695 perierunt.

619 2703 635 2736 1
645 2703 706 2736 30.

186 2753 414 2796 Theopompus
424 2762 554 2796 quoque
562 2755 678 2796 quinto
689 2755 815 2787 decimo
827 2754 1080 2796 Philippicorum
1093 2755 1175 2788 libro

146 2799 271 2839 scribit,
287 2801 520 2842 Antiphontem
533 2811 553 2834 a
567 2802 698 2844 triginta
711 2803 783 2835 istis
798 2812 873 2835 eum
889 2803 1097 2836 trucidatum.

188 2894 352 2927 Cercidas.
380 2896 616 2929 Demosthenes
640 2906 702 2939 pro
728 2897 959 2939 Ctesiphonte,
991 2897 1173 2939 proditores

146 2950 315 2974 recensens
330 2942 446 2983 inquit,
461 2943 612 2976 Arcades
629 2943 800 2977 cercidas.
834 2944 1004 2977 cercidam
1017 2953 1055 2976 ex
1074 2944 1174 2977 fauto-

148 2987 236 3019 ribus
265 2989 405 3028 partium
443 2991 724 3024 Macedonicarum
765 2991 867 3024 fuisse
903 2993 1040 3024 testatur
1076 2992 1173 3024 etiam

145 3033 374 3075 Theopompus
386 3035 468 3068 libro
482 3039 597 3078 quinto
616 3038 743 3071 decimo
757 3047 863 3071 rerum
881 3038 1143 3081 Philippicarum.

187 3127 317 3158 Notion.
389 3131 448 3162 Est
471 3131 628 3172 oppidum
653 3133 832 3174 praejacens
863 3133 937 3166 urbi
959 3133 1174 3175 colophonio-

147 3181 229 3204 rum.
247 3174 474 3217 Theopompus
491 3178 522 3209 in
539 3179 654 3219 quinto
667 3179 806 3212 decimo.

514 3276 560 3315 Li
570 3278 665 3317 BER
695 3279 799 3318 XVI.

185 3383 413 3424 Theopompus
430 3394 524 3425 vero,
538 3343 757 3421 εοχιδιῗέοῖιηο
779 3390 860 3422 libro
880 3390 1112 3431 Historiarum,
1130 3393 1170 3424 de

873 181 1174 221 THEOPOMPI
1201 183 1537 229 FRAGMENTA.

1620 276 1770 316 LIBER
1798 278 1907 317 XVI.

1692 339 1777 377 133.

1283 394 1492 433 Athenaeus
1510 399 1563 446 X,
1581 409 1619 447 p.
1640 403 1729 445 444,
1743 399 1790 445 E,
1812 401 1853 444 F;
1874 400 2077 448 p.445,A:
2094 399 2276 453 Θεόπομ-“

1230 467 1294 496 πος
1321 453 1351 491 δ’
1369 455 1404 492 ἐν
1434 457 1476 506 τῇ
1507 455 1736 508 ἑκκαιδεκάτῃ
1758 459 1827 494 τῶν
1853 456 2030 511 Ἱστοριῶν
2046 458 2126 513 περὶ
2151 458 2260 500 ἄλλου

1230 509 1368 551 Ῥοδίου
1387 512 1627 566 διαλεγόμενός
1645 530 1749 568 φησι·
1767 533 1782 548 α
1798 517 1872 554 Τοῦ
1884 515 2124 570 Ἡγησιλόχου
2133 516 2179 556 τὰ
2196 517 2260 569 μὲν

1232 570 1372 623 ἀχρείου
1396 571 1574 623 γεγονότος
1602 572 1668 611 ὑπὸ
1696 574 1916 626 οἰνοφλυγίας
1944 575 2004 613 καὶ
2041 574 2172 624 κύὸων,
2200 575 2261 614 καὶ

1231 629 1455 669 παντάπασιν
1476 632 1539 668 οὐκ
1555 630 1695 683 ἔχοντος
1708 631 1838 683 ἰδίωμα
1853 632 2006 684 (ἀξίωμα
2026 635 2170 672 mavult
2187 637 2261 672 Ca-

1232 688 1469 742 saub.)-1roep&
1487 695 1558 733 τοῖς
1587 690 1753 738 Ῥοδίοις,
1787 690 1877 729 ἀλλὰ
1900 691 2177 744 διαὸεὸλημένου
2205 693 2263 732 διὰ

1231 745 1295 794 τὴν
1331 747 1484 786 ἀσωτίαν
1515 747 1578 795 τὴν
1609 752 1670 787 τοῦ
1705 751 1779 801 βίου
1804 749 1865 787 καὶ
1890 749 1987 803 παρὰ
2013 756 2085 795 τοῖς
2116 751 2263 805 ἑταίροις

1233 805 1293 844 καὶ
1310 806 1408 860 παρὰ
1424 813 1496 850 τοῖς
1516 806 1634 850 ἄλλοις
1649 807 1847 852 πολίταις.»
1865 802 1944 848 Εἶθ’
1961 808 2038 856 ἑξῆς
2053 809 2165 860 λέγων
2182 811 2263 865 περὶ

1232 867 1294 912 τῆς
1325 865 1547 920 ὀλιγαρχίας,
1578 865 1621 913 ἣν
1651 867 1891 914 κατεστήσατο
1919 868 2009 919 μετὰ
2037 871 2107 907 τῶν
2137 869 2264 923 φίλων,

1233 923 1404 978 ἐπιφέρει·
1426 942 1441 958 «
1454 924 1525 964 Καὶ
1542 924 1673 968 πολλὰς
1687 925 1750 977 μὲν
1769 932 1934 977 γυναῖκας
1955 928 2102 978 εὐγενεῖς
2116 928 2178 966 καὶ
2193 930 2263 969 τῶν

1234 982 1383 1037 πρώτων
1414 982 1607 1036 ἀνθρώπων
1635 983 1812 1036 ᾔσχυναν·
1833 987 1895 1023 οὐκ
1925 986 2060 1037 ὀλίγους
2080 985 2116 1024 δὲ
2137 987 2265 1030 παῖδας

1234 1042 1294 1080 καὶ
1316 1041 1516 1085 νεανίσκους
1545 1041 1760 1096 διέφθειραν·
1791 1045 1839 1087 εἷς
1863 1047 1965 1082 τοῦτο
1994 1043 2030 1082 δὲ
2059 1044 2262 1099 προέὸησαν

1236 1100 1440 1151 ἀσελγείας,
1460 1099 1551 1138 ὥστε
1568 1101 1628 1138 καὶ
1646 1100 1802 1140 κυὸεύειν
1818 1101 1971 1149 ἠξίωσαν
1990 1103 2075 1156 πρὸς
2091 1103 2266 1150 ἀλλήλους

1235 1159 1315 1213 περὶ
1333 1161 1402 1197 τῶν
1421 1161 1596 1210 γυναικῶν
1611 1162 1679 1198 τῶν
1695 1160 1896 1215 ἐλευθέρων,
1910 1162 1970 1200 καὶ
1987 1163 2265 1215 διωμολογοῦντο

1234 1216 1313 1261 τοὺς
1331 1217 1464 1256 ἐλάττω
1481 1223 1551 1261 τοῖς
1577 1218 1812 1271 ἀστραγάλοις
1830 1219 2022 1271 βάλλοντας
2039 1221 2163 1268 ἥντινα
2194 1220 2263 1275 χρὴ

1235 1279 1304 1314 τῶν
1331 1276 1519 1314 πολιτίδων
1557 1279 1608 1329 τῷ
1637 1279 1779 1316 νικῶντι
1814 1280 1861 1322 εἷς
1892 1280 2076 1318 συνουσίαν
2111 1282 2266 1333 ἀγαγεῖν,

1237 1335 1403 1388 οὐδεμίαν
1439 1333 1726 1388 ὑπεξαιρούμενοι
1755 1336 1943 1390 πρόφασιν,
1979 1339 2056 1377 ἀλλ’
2094 1338 2188 1382 ὅπως
2223 1338 2264 1378 ἂν

1237 1393 1381 1437 ἕκαστος
1400 1388 1442 1440 ἦν
1466 1392 1620 1441 δυνατὸς,
1635 1393 1763 1432 πείθων
1781 1394 1803 1441 ἢ
1822 1394 2035 1446 βιαζόμενος,
2050 1395 2140 1435 οὕτω
2151 1412 2264 1450 προσ-

1235 1451 1417 1495 τάττοντες
1434 1450 1541 1503 ἅγειν.
1562 1452 1634 1490 Καὶ
1652 1451 1784 1500 ταύτην
1800 1452 1863 1500 τὴν
1881 1453 2022 1492 κυὸείαν
2043 1452 2184 1500 ἔπαιζον
2201 1454 2264 1506 μὲν

1235 1510 1295 1550 καὶ
1319 1513 1388 1549 τῶν
1426 1510 1542 1548 ἄλλων
1562 1510 1707 1550 Ῥοδίων
1737 1511 1844 1561 τινὲς,
1870 1511 2131 1566 ἐπιφανέστατα
2150 1513 2264 1552 δὲκαὶ

1237 1569 1441 1613 πλειστάκις
1458 1569 1561 1613 αὐτὸς
1577 1572 1595 1608 ὁ
1611 1569 1847 1624 Ἡγησίλοχος
1864 1573 1882 1610 ὁ
1894 1578 2102 1625 προστατεῖν
2118 1575 2181 1619 τῆς
2195 1572 2265 1611 πό·-

1235 1631 1322 1673 λεως
1339 1628 1457 1674 ἀξιῶν.
1479 1645 1495 1662 «

1289 1689 1350 1727 Ad
1377 1701 1551 1740 quaenam
1584 1696 1760 1739 tempora
1790 1690 1868 1728 haec
1898 1699 2092 1742 spectent,
2119 1691 2262 1728 nescio.

1238 1747 1423 1786 Wichers.
1442 1746 1732 1796 Hegesilochum
1745 1761 1863 1787 unum
1884 1748 1999 1787 fuisse
2014 1757 2123 1800 putat
2141 1749 2262 1799 magi-

1235 1814 1443 1853 stratuum,
1484 1818 1580 1855 quos
1613 1806 1808 1854 Lysander
1850 1808 1991 1859 passim
2035 1807 2263 1846 instituerat.

1236 1864 1350 1903 Diod.
1366 1866 1471 1912 XIV,
1487 1864 1523 1911 3,
1539 1862 1625 1900 coll.
1645 1877 1706 1914 79.

1678 1953 1823 1963 ——u—

1612 1995 1764 2033 LIBER
1792 1995 1917 2034 XVII.

1698 2070 1713 2107 l
1723 2069 1784 2106 34.

1289 2145 1396 2184 Idem
1427 2149 1494 2195 VI,
1526 2160 1565 2198 p.
1594 2146 1684 2195 265,
1719 2149 1763 2194 B,
1792 2148 1851 2184 C:
1880 2143 2092 2197 Θεόπομπος
2138 2147 2173 2184 ἐν
2218 2148 2263 2199 τῇ

1236 2203 1369 2256 ἑὸδόμῃ
1398 2204 1458 2243 καὶ
1496 2204 1623 2257 δεκάτῃ
1653 2206 1722 2243 τῶν
1763 2204 1959 2258 Ἱστοριῶν·
1988 2223 2004 2239 σι
2020 2206 2103 2244 Χῖοι
2131 2206 2266 2258 πρῶτοι

1237 2265 1307 2301 τῶν
1325 2262 1507 2310 Ἑλλήνων
1539 2262 1628 2315 μετὰ
1656 2263 1853 2307 Θετταλοὺς
1878 2263 1937 2302 καὶ
1969 2263 2268 2315 Λακεδαιμονίους

1237 2373 1300 2405 alio
1315 2373 1441 2406 Rhodio
1454 2373 1599 2414 loquens,
1617 2373 1664 2406 ait
1682 2383 1690 2405 τ
1712 2387 1727 2402 «
1742 2373 1973 2414 Hegesilochus
1986 2373 2025 2406 ad
2043 2382 2094 2406 res
2106 2373 2263 2414 gerendas

1235 2420 1359 2453 inutilis
1380 2420 1525 2453 redditus
1551 2420 1705 2453 ebrietate
1728 2422 1761 2454 et
1785 2420 1863 2453 aleae
1886 2421 2008 2460 studio,
2025 2423 2056 2453 et
2077 2420 2210 2453 omnino
2227 2420 2262 2453 in

1240 2467 1329 2499 nulla
1337 2467 1423 2509 apud
1439 2468 1777 2509 Rhodiosdignatione
1789 2471 1869 2508 erat,
1881 2468 1937 2500 sed
1953 2467 2079 2500 obvitae
2088 2467 2262 2508 luxuriam,

1236 2523 1311 2546 cum
1332 2514 1419 2555 apud
1435 2514 1619 2555 familiares,
1639 2518 1706 2546 tum
1723 2514 1810 2556 apud
1826 2515 1966 2556 reliquos
1982 2515 2070 2546 cives
2085 2514 2226 2547 infamis.
2244 2527 2262 2542 »
2314 2517 2320 2539 ἓ

1235 2561 1360 2594 Deinde
1374 2570 1451 2594 vero
1464 2561 1521 2593 ubi
1535 2561 1574 2594 de
1584 2562 1758 2602 oligarchia
1771 2562 1913 2602 disserit,
1927 2570 2025 2603 quam
2038 2561 2091 2593 ille
2105 2570 2179 2593 cum
2193 2561 2263 2593 suis
2317 2565 2320 2568 ⁴

1237 2608 1405 2640 sodalibus
1429 2608 1572 2640 instituit
1590 2633 1600 2649 ,
1625 2609 1695 2641 haec
1717 2609 1849 2650 subjicit
1867 2620 1875 2638 ι
1896 2621 1912 2636 «
1928 2610 1971 2641 Et
1991 2608 2111 2640 multas
2138 2607 2262 2641 nobiles
2312 2618 2318 2623 ·

1235 2655 1371 2686 feminas
1397 2656 1645 2697 principumque
1661 2656 1808 2688 virorum
1830 2664 1949 2688 uxores
1966 2655 2126 2688 vitiabant
2149 2667 2159 2696 ;
2182 2664 2258 2697 pue-

1237 2710 1354 2742 rosque
1367 2702 1453 2734 haud
1466 2712 1586 2744 paucos
1602 2706 1634 2735 et
1649 2704 1906 2736 adolescentulos
1917 2702 2166 2744 corrumpebant
2182 2712 2190 2734 :
2206 2703 2260 2735 de-

1234 2749 1337 2790 nique
1361 2758 1400 2781 eo
1422 2751 1581 2790 progressi
1603 2754 1678 2782 sunt
1700 2751 1883 2784 libidinosae
1909 2751 2104 2793 proterviae,
2133 2751 2171 2783 ut
2195 2759 2258 2782 non

1235 2796 1557 2829 vererenturtesseris
1567 2797 1649 2829 inter
1664 2807 1699 2830 se
1713 2798 1753 2830 de
1767 2798 1914 2839 ingenuis
1930 2797 2120 2830 mulieribus
2134 2797 2258 2837 ludere,
2308 2795 2320 2817 *¹

1236 2842 1419 2883 paciscique
1434 2852 1609 2883 quamnam
1624 2853 1665 2876 ex
1682 2844 1829 2885 ingenuis
1845 2845 2002 2877 matronis
2014 2844 2068 2884 hi,
2084 2844 2203 2886 quibus
2214 2845 2260 2886 ja·
2309 2841 2320 2871 ἲ

1234 2891 1307 2921 ctus
1321 2890 1427 2921 minor
1451 2890 1637 2932 obtigisset,
1663 2892 1782 2924 victori
1802 2893 2010 2934 stuprandam
2035 2892 2259 2924 adducerent:
2308 2918 2311 2936 5

1233 2946 1292 2969 nec
1307 2937 1406 2968 ullam
1426 2937 1638 2970 admittebant
1659 2939 1901 2980 exceptionem,
1916 2940 1973 2972 sed
1987 2947 2193 2980 quacumque
2213 2947 2259 2970 ra·
2303 2953 2307 2956 ⁴

1232 2985 1321 3016 tione
1335 2986 1455 3025 posset,
1473 2985 1541 3017 sive
1554 2986 1791 3026 persuadendo,
1815 2986 1885 3018 sive
1899 2986 1967 3018 vim
1983 2985 2166 3018 adhibendo
2177 3010 2187 3026 ,
2205 2985 2257 3018 ad·

1232 3032 1350 3063 ducere
1363 3039 1434 3063 eam
1447 3031 1553 3064 victus
1566 3032 1745 3064 tenebatur.
1761 3035 1804 3064 Et
1817 3033 1879 3065 hoc
1891 3035 2084 3065 tesserarum
2099 3032 2178 3065 ludo
2194 3034 2260 3065 ule-

1233 3077 1450 3110 hautun-etiam
1461 3078 1516 3110 alii
1523 3079 1667 3111 nonnulli
1675 3080 1887 3120 Rhodiorum,
1897 3079 1953 3112 sed
1963 3079 2104 3112 maxime
2110 3079 2256 3112 omnium

1231 3127 1265 3158 et
1289 3124 1482 3157 creberrime
1507 3125 1576 3166 ipse
1597 3127 1828 3167 Hegesilochns
1841 3150 1851 3166 ‚
1882 3126 1910 3159 is
1933 3126 1990 3168 qui
2007 3125 2110 3159 videri
2129 3125 2259 3159 volebat

1233 3171 1404 3214 proesidere
1419 3171 1556 3204 civitati.
1583 3187 1597 3201 n

1592 3227 1743 3266 LIBER
1770 3226 1894 3265 XVII.

1701 3292 1787 3324 134.

1272 3343 1510 3386 Theopompus,
1518 3343 1642 3376 decimo
1655 3344 1794 3385 septimo
1804 3343 2018 3376 Historiarum
2035 3342 2133 3375 libro:
2152 3355 2168 3370 ιι
2179 3340 2254 3375 chii
2319 3360 2320 3370 ι

1231 3391 1323 3431 primi
1350 3393 1538 3424 Graecorum
1558 3393 1630 3431 post
1642 3390 1814 3423 Thessalos
1829 3392 1862 3423 et
1875 3390 2135 3423 Lacedaemonios
2150 3387 2253 3422 servis
2317 3385 2320 3432 ί
