2320 3684
854 133 1048 174 EPHORI
1075 134 1407 176 FRAGMENTA.

86 228 207 274 σώζειν
221 227 289 282 γὰρ
311 225 375 274 τὴν
395 224 594 277 ἐτυμότητα
618 237 682 270 της
702 220 959 276 προσηγορίας·
979 219 1059 263 τοὺς
1079 219 1115 258 δὲ
1134 252 1138 255 .

86 286 136 339 μὴ
162 289 399 340 ἱπποτροφεῖν.
416 283 509 328 Τοὺς
536 281 706 338 Ἐφόρους
730 279 767 318 δὲ
792 279 837 317 τὰ
860 278 950 318 αὐτὰ
973 284 1046 323 τοῖς
1079 279 1115 316 ἐν

86 345 210 399 Κρήτῃ
231 345 388 396 Κόσμοις
404 344 617 384 διοικοῦντας
630 338 755 393 ἑτέρως
767 337 986 393 ὠνομάσθαι·
1000 336 1064 385 τὴν
1080 336 1117 374 δὲ

86 406 268 445 συσσιτίαν
286 405 459 458 Ἀνδρεῖαν
475 400 572 456 παρὰ
592 399 654 452 μὲν
667 405 739 443 τοῖς
755 398 893 452 Κρησὶν
907 397 958 436 ἔτι
977 397 1036 436 καὶ
1056 401 1115 435 νῦν

86 466 289 513 καλεῖσθαι,
314 461 411 517 παρὰ
431 462 468 500 δὲ
498 466 570 504 τοῖς
594 458 834 513 Σπαρτιάταις
863 457 911 510 μὴ
940 458 1117 508 διαμεῖναι

87 521 307 574 καλουμένην
321 520 468 573 ὁμοίως,
485 521 532 563 ὡς
560 517 726 573 πρότερον
751 516 968 570 (καλούμενα
988 515 1117 568 ὁμοίως

86 580 252 636 πρότερον
274 584 357 620 Cas.
376 588 415 618 et
433 578 611 619 Schneid.
630 578 679 616 ad
691 578 853 616 Aristot.
877 576 1031 616 Politic.
1057 579 1116 624 ΙΙ,

88 655 126 693 p.
149 641 239 689 134)
252 656 260 664 ·
278 639 361 693 παρ’
379 639 548 691 Ἀλκμᾶνι
566 640 648 690 γοῦν
666 635 758 675 οὕτω
775 638 927 675 κεῖσθαι·

169 703 294 742 Θοίναις
308 705 342 737 δὲ
354 705 407 736 καὶ
422 705 453 736 ἐν
472 702 625 736 θιάσοισιν
639 701 785 745 ἀνδρείων
799 701 884 744 παρὰ
897 700 1117 741 δαιτυμόνεσσι

169 753 266 795 πρέπε
279 754 397 785 παιᾶνα
411 751 586 793 κατάρχειν.

88 804 261 857 Λέγεσθαι
280 805 310 843 δ’
327 803 395 843 ὑπὸ
413 806 579 858 Κρητῶν,
597 804 644 846 ὡς
662 801 722 840 καὶ
738 799 824 854 παρ’
840 799 964 844 αὐτοὺς
981 799 1118 854 ἀφίκοι-

87 880 128 904 το
146 867 347 919 Λυκοῦργος
363 863 456 903 κατὰ
469 862 632 909 τοιαύτην
653 861 780 900 αἰτίαν.
800 859 960 921 Ἀδελφὸς
978 854 1020 907 ἧν
1035 876 1118 914 πρε-

89 922 254 978 σὸύτερος
271 927 332 962 τοῦ
351 921 554 976 Λυκούργου
571 919 796 967 Πολυδέκτης
811 935 818 943 ·
839 923 938 963 οὗτος
949 920 1118 957 τελευτῶν

89 982 211 1035 ἔγκυον
231 982 398 1021 κατέλιπε
409 980 473 1028 τὴν
485 985 634 1032 γυναῖκα
646 995 655 1004 ·
673 978 758 1023 τέως
769 978 832 1031 μὲν
845 973 903 1018 οῧν
919 979 1118 1018 ἐδασίλευεν

89 1045 108 1081 ὁ
129 1045 325 1096 Λυκοῦργος
345 1041 423 1079 ἀντὶ
443 1044 504 1079 τοῦ
526 1040 675 1093 ἀδελφοῦ
689 1054 697 1062 ·
715 1038 902 1090 γενομένου
923 1037 960 1076 δὲ
978 1038 1120 1086 παιδὸς,

89 1099 316 1156 ἐπετρόπευεν
337 1101 481 1148 ἐκεῖνον,
510 1100 558 1142 εἷς
577 1097 614 1137 ὃν
634 1100 656 1145 ἠ
674 1096 767 1151 ἀρχὴ
787 1097 991 1145 καθήκουσα
1016 1096 1122 1149 ἐτύγ-

89 1174 195 1212 χανε’
215 1158 478 1213 λοιδορούμενος
498 1158 540 1206 δή
560 1173 611 1201 τις
633 1158 751 1210 αὐτῷ,
774 1158 893 1211 σαφῶς
911 1150 1007 1195 εἶπεν
1029 1156 1121 1196 εἰδέ-

90 1234 166 1268 ναι,
187 1218 274 1257 διότι
293 1216 510 1270 βασιλεύσοι·
531 1215 650 1255 λαὸὼν
672 1216 701 1254 δ’
723 1215 886 1254 ὑπόνοιαν
907 1217 1057 1266 ἐκεῖνος,
1077 1219 1124 1261 ὡς

90 1278 132 1317 ἐκ
151 1277 275 1316 τούτου
292 1280 353 1316 τοῦ
378 1276 482 1328 λόγου
512 1275 713 1314 διαὸάλοιτο
738 1274 905 1322 ἐπιὸουλὴ
922 1279 983 1314 τοῦ
1002 1275 1125 1320 παιδὸς

91 1336 126 1383 ἐξ
141 1338 266 1386 αὐτοῦ,
287 1336 402 1380 δείσας
430 1334 500 1387 μὴ,
521 1337 560 1373 ἐκ
588 1333 700 1387 τύχης
728 1334 978 1383 ἀποθανόντος,
1010 1335 1123 1373 αἰτίαν

92 1396 192 1439 αὐτὸς
210 1395 276 1449 ἔχη
290 1395 387 1449 παρὰ
399 1397 468 1434 τῶν
483 1395 631 1448 ἐχθρῶν,
650 1395 782 1447 ἀπῆρεν
801 1394 849 1437 εἷς
863 1394 1020 1448 Κρήτην.
1030 1393 1125 1433 Ταύ-

91 1472 154 1503 την
174 1455 238 1507 μὲν
256 1455 297 1502 δὴ
317 1453 479 1506 λέγεσθαι
494 1456 556 1500 ἰ-’ῆς
572 1452 770 1504 ἀποδημίας
787 1452 900 1491 αἰτίαν
911 1468 919 1477 ·
934 1452 1078 1492 ἐλθόντα
1090 1452 1126 1492 δὲ

91 1514 290 1562 πλησιάσαι
309 1513 451 1561 Θάλητι
478 1514 655 1565 μελοποιῷ
682 1511 780 1566 ἀνδρὶ
806 1512 867 1551 καὶ
891 1514 1124 1566 νομοθετικῷ·

92 1572 327 1626 ἱστορήσαντα
346 1570 381 1610 δὲ
400 1571 485 1625 παρ’
503 1572 610 1609 αὐτοῦ
626 1570 685 1609 τὸν
702 1570 845 1624 τρόπον,
865 1570 903 1610 ὃν
922 1571 1127 1623 Ῥαδάμαν-

93 1633 152 1675 θύς
182 1647 220 1670 τε
245 1629 426 1685 πρότερον,
446 1631 506 1668 καὶ
529 1628 672 1684 ὕστερον
695 1629 835 1678 Μίνως,
863 1632 910 1674 ὣς
932 1629 1030 1685 παρὰ
1065 1634 1125 1669 τοῦ

92 1690 174 1735 Διὸς
192 1692 272 1734 τοὺς
290 1688 417 1740 νόμους
436 1688 576 1742 ἐκφέροι
591 1690 638 1732 εἷς
653 1688 732 1733 τοὺς
751 1687 970 1741 ἀνθρώπους·
989 1689 1128 1741 γενόμε-

92 1765 150 1788 νον
170 1749 206 1788 δὲ
225 1749 285 1788 καὶ
302 1751 337 1788 ἐν
356 1747 544 1803 Αἰγύπτῳ,
562 1748 621 1787 καὶ
642 1748 891 1800 καταμαθόντα
913 1749 973 1788 καὶ
992 1749 1037 1788 τὰ
1056 1751 1128 1788 ἐκεῖ

92 1809 245 1860 νόμιμα·
263 1806 452 1861 ἐντυχόντα
471 1808 513 1856 δ’,
527 1806 573 1851 ὥς
586 1807 672 1861 φασί
684 1823 772 1851 τινες
784 1838 794 1856 ,
810 1808 869 1847 καὶ
886 1807 1038 1862 Ὁμήρῳ
1053 1809 1127 1848 δια-

92 1867 247 1921 τρίὸοντι
267 1868 302 1905 ἐν
324 1867 401 1920 Χίῳ
414 1896 424 1914 ,
441 1873 594 1919 κατᾶραι
613 1866 719 1905 πάλιν
738 1868 785 1910 εἷς
807 1865 871 1914 τὴν
891 1867 1021 1906 οἰκείαν
1036 1883 1044 1892 ·
1063 1883 1130 1906 κα-

92 1927 257 1965 ταλαὸεῖν
276 1925 312 1964 δὲ
327 1925 385 1964 τὸν
397 1929 458 1964 τοῦ
476 1926 625 1980 ἀδελφοῦ
643 1925 729 1975 υἳὸν,
739 1925 797 1965 τὸν
818 1925 1043 1965 Πολυδέκτου
1060 1928 1130 1966 Χα-

94 1985 212 2040 ρίλαον
230 1987 310 2038 (alii
331 1984 529 2047 Χαριὸόλον
554 1999 584 2024 s.
599 1984 808 2039 Χαριλόὸον.
829 1989 874 2024 V.
894 1987 1130 2038 Tzschuck.),

96 2043 326 2096 βασιλεύοντα
338 2060 346 2068 ·
365 2044 426 2083 εἷθ’
441 2046 594 2098 ὁρμῆσαι
613 2045 780 2083 διαθεῖναι
795 2043 875 2088 τοὺς
889 2047 1034 2096 νόμους,
1055 2060 1130 2097 φοι-

95 2181 196 2212 Porro
206 2178 326 2220 Ephori
337 2186 439 2219 quum
453 2177 565 2210 eadem
575 2178 683 2218 agant,
694 2186 770 2218 quae
780 2178 890 2210 Cosmi
908 2178 1128 2218 Cretensium,

96 2226 228 2259 nomine
243 2225 420 2264 differunt3
439 2224 577 2265 Syssitia
591 2226 699 2256 autem
715 2226 894 2264 Laconum,
911 2225 967 2266 qui
985 2224 1034 2256 est
1054 2234 1129 2257 con-

2126 140 2197 175 2⁵1

1173 223 1290 259 τῶντα
1306 222 1353 265 ὡς
1370 221 1428 260 τὸν
1445 219 1520 259 θεὸν
1537 219 1595 259 τὸν
1611 221 1648 258 ἐν
1660 220 1823 272 Δελφοῖς,
1839 220 1997 257 κάκεῖθεν
2014 219 2203 270 κομίζοντα

1174 279 1219 317 τὰ
1237 279 1515 333 προστάγματα,
1535 276 1691 333 καθάπερ
1713 279 1746 317 οἱ
1764 276 1844 332 περὶ
1869 277 1973 316 Μίνω
1998 280 2038 316 ἐκ
2057 282 2118 317 τοῦ
2138 279 2203 319 ἅν-

1175 354 1257 391 τρου
1274 342 1336 377 τοῦ
1357 339 1456 388 Διὸς,
1475 338 1709 391 παραπλήσια
1734 337 1876 380 ἐκείνοις
1901 336 1946 376 τὰ
1972 337 2096 376 πλείω.
2120 339 2203 377 Τῶν

1176 399 1362 450 Κρητικῶν
1379 397 1424 436 τὰ
1442 397 1642 452 κυριώτατα
1660 399 1729 436 τῶν
1750 396 1827 435 καθ’
1846 395 1978 435 ἕκαστα
2001 395 2037 434 δὲ
2060 400 2205 435 τοιαῦτα

1176 454 1306 508 εἴρηκε.
1333 458 1467 507 Γαμεῖν
1497 454 1559 508 μὲν
1585 456 1661 508 ἅμα
1689 455 1817 499 πάντες
1843 454 2098 507 ἀναγκάζονται
2121 456 2205 510 παρ’

1176 515 1293 558 αὐτοῖς
1304 545 1313 562 ,
1332 517 1363 552 οἱ
1381 514 1473 553 κατὰ
1488 515 1546 554 τὸν
1565 515 1668 555 αὐτὸν
1691 514 1817 569 χρόνον
1840 515 1880 553 ἐκ
1898 517 1960 561 τῆς
1978 517 2048 553 τῶν
2070 514 2205 554 παίδων

1177 571 1304 624 ἀγέλης
1321 572 1535 626 ἐκκριθέντες
1545 590 1553 599 ·
1569 576 1632 613 οὐκ
1649 573 1747 618 εὐθὺς
1761 574 1790 611 δ’
1805 573 1949 625 ἄγονται
1964 574 2048 628 παρ’
2065 573 2206 617 ἑαυτοὺς

1175 631 1238 675 τὰς
1260 631 1476 683 γαμηθείσας
1494 634 1639 682 παῖδας,
1669 633 1746 672 ἀλλ’
1781 632 1867 671 ἐπὰν
1896 633 1964 681 ἤδη
1999 633 2116 672 ἱκαναὶ
2141 627 2207 673 ὦσι

1177 691 1317 729 διοικεῖν
1336 689 1381 728 τὰ
1398 691 1477 744 περὶ
1494 690 1573 734 τοὺς
1591 691 1721 736 οἴκους·
1737 691 1842 746 φερνὴ
1863 692 1893 730 δ’
1907 692 2015 741 ἐστὶν,
2041 691 2082 731 ἂν
2102 694 2208 733 ἀδελ-

1177 748 1234 803 φοὶ
1254 742 1320 787 ὦσι
1329 778 1340 796 ,
1355 748 1395 787 τὸ
1410 748 1521 800 ἥμισυ
1535 753 1596 796 τῆς
1611 753 1672 788 τοῦ
1689 751 1837 804 ἀδελφοῦ
1855 750 2004 805 μερίδος.
2020 752 2157 796 Παῖδας
2172 751 2208 792 δὲ

1177 807 1374 861 γράμματά
1392 823 1431 846 τε
1452 808 1652 859 μανθάνειν,
1667 809 1727 847 καὶ
1743 809 1805 852 τὰς
1819 810 1858 847 ἐκ
1877 812 1946 848 τῶν
1967 809 2087 861 νόμων
2104 810 2208 864 ᾠδὰς,

1177 867 1239 906 καί
1256 883 1336 905 τινα
1355 866 1431 914 εἴδη
1453 869 1517 913 τ’ἧς
1534 870 1702 918 μουσικῆς
1715 883 1723 891 ·
1743 867 1822 912 τοὺς
1847 867 1910 920 μὲν
1928 862 1986 907 οῧν
2007 868 2058 908 ἔτι
2079 870 2209 910 νεωτέ-

1181 942 1257 979 ρους
1274 927 1320 970 εἷς
1337 924 1382 964 τὰ
1399 925 1562 964 συσσίτια
1580 925 1703 977 ἄγουσι
1719 925 1763 964 τὰ
1779 927 1937 979 ἀνδρεῖα·
1955 928 2071 979 χαμαὶ
2092 928 2128 967 δὲ
2143 945 2210 968 κα-

1180 986 1324 1037 θήμενοι
1342 986 1544 1023 διαιτῶνται
1574 985 1649 1036 μετ’
1670 986 1833 1032 ἀλλήλων
1852 987 1886 1023 ἐν
1907 985 2051 1038 φαύλοις
2076 987 2211 1041 τριὸω-

1179 1044 1283 1094 νίοις,
1302 1045 1463 1099 (φοροῦσι
1496 1057 1524 1081 5.
1555 1048 1739 1098 φοροῦντες
1765 1044 1863 1095 Cas.)
1880 1044 1940 1082 καὶ
1957 1047 2129 1097 χειμῶνος
2151 1046 2211 1085 καὶ

1181 1102 1300 1157 θέρους
1322 1103 1367 1141 τὰ
1384 1102 1492 1142 αὐτά·
1523 1102 1721 1141 διακονοῦσί
1747 1118 1786 1141 τε
1806 1102 1865 1140 καὶ
1891 1104 2025 1147 ἑαυτοῖς
2056 1105 2115 1143 καὶ
2140 1110 2213 1149 τοῖς

1183 1162 1343 1216 ἀνδράσι.
1376 1161 1632 1213 Συμὸάλλουσι
1661 1161 1689 1199 δ’
1719 1163 1765 1205 εἷς
1801 1161 1921 1213 μάχην
1955 1162 2015 1201 καὶ
2035 1166 2066 1202 οἱ
2093 1165 2132 1201 ἐκ
2151 1168 2212 1203 τοῦ

1184 1223 1289 1260 αὐτοῦ
1308 1221 1487 1259 συσσιτίου
1507 1220 1593 1275 πρὸς
1609 1220 1799 1269 ἀλλήλους,
1820 1220 1880 1258 καὶ
1900 1220 1984 1273 πρὸς
2006 1221 2106 1275 ἕτερα
2123 1238 2212 1261 συσ-

1183 1280 1279 1319 σίτια
1291 1296 1299 1304 ·
1317 1280 1395 1318 καθ’
1412 1278 1559 1318 ἕκαστον
1581 1277 1617 1318 δὲ
1637 1280 1791 1333 ἀνδρεῖον
1812 1278 1982 1333 ἐφέστηκε
1993 1280 2213 1332 παιδονόμος·

1185 1342 1216 1378 οἱ
1238 1339 1274 1377 δὲ
1293 1339 1430 1391 μείζους
1446 1341 1493 1382 εἷς
1509 1337 1572 1382 τὰς
1591 1338 1735 1390 Ἀγέλας
1759 1337 1920 1390 ἄγονται·
1941 1337 2003 1383 τὰς
2027 1339 2056 1376 δ’
2075 1339 2215 1390 Ἀγέλας

1185 1398 1392 1450 συνάγουσιν
1409 1400 1441 1436 οἱ
1455 1397 1725 1452 ἐπιφανέστατοι
1740 1400 1810 1436 τῶν
1827 1397 1962 1436 παίδων
1978 1397 2037 1436 καὶ
2058 1398 2216 1436 δυνατώ-

1184 1473 1301 1506 τατοι,
1320 1456 1466 1500 ἕκαστος
1478 1487 1488 1505 ,
1505 1456 1606 1500 ὅσους
1622 1456 1805 1500 πλείστους
1828 1451 1897 1500 οἶός
1914 1455 1953 1494 τέ
1968 1457 2075 1506 ἐστιν,
2097 1457 2217 1511 ἀθροί-

1186 1518 1252 1561 ζων
1264 1532 1272 1540 ·
1291 1514 1442 1563 ἑκάστης
1460 1514 1497 1554 δὲ
1515 1518 1579 1562 τῆς
1599 1514 1743 1567 Ἀγέλης
1759 1514 1879 1569 ἄρχων
1898 1515 1992 1553 ἐστὶν
2013 1517 2059 1559 ὡς
2071 1515 2111 1554 τὸ
2126 1515 2216 1554 πολὺ

1185 1578 1204 1614 ὁ
1223 1573 1343 1628 πατὴρ
1371 1577 1432 1613 τοῦ
1463 1573 1737 1626 συναγαγόντος,
1770 1572 1886 1627 κύριος
1915 1573 1963 1612 ὢν
1997 1573 2129 1625 ἐξάγειν
2160 1574 2219 1613 ἐπὶ

1186 1632 1293 1686 θήραν
1314 1633 1374 1671 καὶ
1394 1632 1560 1686 δρόμους,
1578 1631 1636 1671 τὸν
1663 1633 1692 1670 δ’
1711 1634 1919 1670 ἀπειθοῦντα
1939 1632 2110 1676 κολάζειν.
2128 1632 2220 1686 Τρέ-

1186 1706 1310 1745 φονται
1327 1690 1363 1729 δὲ
1390 1690 1562 1744 δημοσίῳ.
1582 1692 1739 1734 Τακταῖς
1759 1690 1795 1728 δέ
1818 1706 1907 1728 τισιν
1925 1689 2074 1744 ἡμέραις
2093 1690 2219 1742 Ἀγέλη

1187 1750 1271 1804 πρὸς
1302 1750 1448 1802 Ἀγέλην
1474 1750 1672 1801 συμὸάλλει
1699 1748 1789 1802 μετὰ
1819 1751 1927 1788 αὐλοῦ
1956 1749 2015 1787 καὶ
2046 1748 2152 1803 λύρας
2174 1751 2221 1794 εἷς

1188 1810 1310 1862 μάχην
1331 1811 1366 1848 ἐν
1388 1811 1523 1863 ῥυθμῷ·
1542 1808 1662 1862 ὥσπερ
1684 1808 1745 1847 καὶ
1775 1809 1809 1846 ἐν
1829 1814 1900 1851 τοῖς
1922 1809 2125 1858 πολεμικοῖς
2145 1808 2222 1846 εἰώ-

1188 1871 1309 1907 θασιν·
1330 1867 1515 1922 ἐκφέρουσι
1551 1867 1587 1906 δὲ
1618 1867 1678 1910 τὰς
1700 1865 1856 1918 πληγὰς,
1885 1865 1947 1910 τὰς
1973 1865 2036 1917 μὲν
2057 1865 2114 1904 διὰ
2142 1882 2222 1919 χει-

1191 1927 1266 1982 ρὸς,
1283 1927 1344 1970 τὰς
1362 1926 1398 1965 δὲ
1417 1927 1478 1966 καὶ
1500 1926 1543 1965 δι’
1557 1925 1675 1965 δ’πλων
1693 1927 1859 1979 σιδηρῶν.
1873 1925 1980 1965 Ἴδιον
2002 1925 2031 1963 δ’
2053 1926 2167 1970 αὐτοῖς
2182 1926 2222 1964 τὸ

1189 1986 1269 2040 περὶ
1282 1985 1362 2029 τοὺς
1379 1984 1511 2039 ἔρωτας
1524 1984 1673 2037 νόμιμον
1684 2001 1693 2009 ·
1714 1986 1753 2023 οὐ
1774 1983 1842 2039 γὰρ
1858 1987 1971 2023 πειθοῖ
1990 1984 2222 2038 κατεργάζον-

1189 2061 1249 2083 ται
1265 2043 1344 2088 τοὺς
1363 2044 1583 2098 ἐρωμένους,
1601 2044 1679 2082 ἀλλ’
1701 2044 1844 2098 ἁρπαγῇ
1873 2044 1937 2095 (cf.
1961 2044 2152 2082 Heraclid.
2180 2048 2221 2082 P.

1187 2178 1353 2218 venisset,
1371 2178 1410 2210 ad
1431 2178 1638 2210 condendum
1659 2178 1744 2219 leges
1762 2186 1796 2210 se
1812 2178 1968 2217 contulit,
1986 2178 2027 2210 ad
2041 2178 2149 2213 deum,
2164 2179 2220 2219 qui

1188 2226 1276 2267 apud
1284 2226 1427 2267 Delphos
1440 2227 1501 2265 est,
1513 2234 1713 2265 commeans,
1728 2224 1867 2266 indeque
1877 2225 2029 2257 mandata
2037 2226 2222 2266 apportans,

96 2274 205 2306 victus
222 2273 255 2304 in
270 2272 401 2314 publico
413 2295 423 2312 ,
452 2271 663 2304 cretensibus
678 2272 856 2304 etiamnum
880 2272 1000 2304 Andria
1015 2281 1035 2304 a
1049 2273 1130 2306 viris
1188 2274 1296 2314 qualia
1309 2274 1414 2306 Minos
1429 2282 1469 2305 ex
1486 2276 1579 2305 antro
1595 2273 1688 2305 Jovis
1708 2281 1744 2305 se
1773 2273 1889 2305 afferre
1904 2272 2088 2313 praetendit,
2106 2273 2225 2304 similia

98 2321 218 2353 dicitur
229 2344 238 2359 ,
256 2323 290 2352 ut
312 2321 345 2351 et
356 2318 434 2350 olim
449 2318 713 2354 Lacedaemoniis,
731 2319 787 2360 qui
804 2321 912 2352 tamen
927 2328 1047 2352 nomen
1064 2329 1132 2353 mu-

99 2368 263 2400 taverunt.
285 2367 421 2399 Alcman
439 2365 573 2407 quidem
590 2366 638 2398 sic
653 2366 769 2398 cecinit
788 2376 796 2398 :

180 2416 218 2444 In
232 2416 326 2444 coenis
341 2419 371 2443 et
386 2413 489 2442 choris
503 2413 589 2452 apud
604 2413 795 2443 Andriorum
809 2413 955 2443 convivas
965 2437 975 2454 ,

182 2473 240 2502 age
255 2464 365 2491 Paeana
381 2471 538 2491 canamus.

97 2510 232 2543 Venisse
245 2508 342 2542 etiam
356 2508 397 2541 ad
407 2508 496 2549 ipsos
506 2510 689 2549 Lycurgum
702 2508 756 2540 tali
769 2508 810 2540 de
822 2517 938 2540 caussa
947 2511 1130 2550 cretenses,

98 2557 224 2599 inquit,
240 2558 385 2588 narrant.
409 2558 477 2588 Rex
495 2557 619 2597 Spartae
640 2556 704 2588 fuit
722 2555 934 2596 Polydectes,
954 2555 1051 2588 frater
1073 2558 1132 2597 Ly-

99 2603 198 2644 curgi,
213 2604 357 2644 natuque
370 2611 408 2635 eo
423 2603 527 2644 maj0r
540 2603 589 2635 :is
605 2603 748 2634 moriens
761 2611 896 2634 uxorem
909 2602 1040 2644 reliquit
1052 2612 1132 2644 prae-

99 2653 261 2692 gnantem.
276 2650 484 2691 Aliquamdiu
498 2649 606 2682 fratris
619 2650 691 2682 loco
698 2659 832 2691 regnum
840 2650 939 2692 gessit
951 2652 1130 2692 Lycurgus,

99 2701 239 2739 natoque
253 2698 331 2737 filio,
342 2699 432 2729 tutor
447 2698 518 2739 ejus
532 2697 604 2736 fuit,
618 2697 658 2729 ad
674 2706 770 2738 quem
784 2706 919 2738 regnum
930 2699 1131 2739 pertinebat:

99 2754 201 2787 quum
223 2746 333 2777 autem
354 2744 486 2785 quidam
503 2744 565 2786 ipsi
587 2744 790 2776 conviciandi
806 2753 920 2777 caussa
937 2745 1132 2787 objecisset,

101 2795 188 2825 certo
204 2801 238 2825 se
251 2792 346 2832 scire,
360 2801 435 2824 eum
451 2800 558 2833 regem
573 2792 642 2824 sore
657 2801 665 2823 :
684 2793 839 2831 sentiens,
856 2792 918 2824 sibi
934 2793 1132 2825 calumniam

101 2839 251 2872 intentari
269 2839 310 2871 de
325 2839 454 2871 insidiis
474 2848 576 2880 puero
592 2848 611 2871 a
635 2848 670 2871 se
683 2839 836 2876 structis,
855 2849 894 2872 ac
910 2840 1036 2872 veritus
1068 2849 1109 2872 ne
1120 2864 1130 2880 ,

100 2887 131 2920 si
152 2887 231 2929 quid
264 2887 342 2919 huic
370 2886 558 2918 humanitus
588 2887 750 2919 accideret
763 2910 772 2926 ,
800 2886 926 2919 inimici
948 2887 1076 2928 culpam
1098 2897 1133 2920 in

104 2934 209 2976 ipsum
227 2935 421 2974 conferrent,
437 2934 469 2966 in
485 2936 615 2967 Cretam
630 2934 719 2966 abiit.
735 2936 825 2974 Haec,
842 2934 898 2974 ait,
910 2936 1134 2976 peregrinatio·

103 2982 154 3014 nis
165 2983 236 3023 eJus
260 2990 375 3014 caussa
391 2981 503 3013 fertur.
518 2982 687 3022 Lycurgus
701 2983 736 3012 ut
752 2981 784 3012 in
807 2983 937 3014 Cretam
954 2982 1060 3021 venit,
1080 2983 1133 3014 ad-

101 3029 210 3070 junxit
227 3038 263 3062 se
278 3029 319 3061 ad
338 3028 523 3067 Thaletem,
538 3028 595 3069 qui
614 3027 715 3069 lyrica
734 3028 877 3060 carmina
897 3030 930 3061 et
951 3029 1037 3069 leges
1059 3037 1133 3061 con-

104 3075 200 3109 debat
217 3086 224 3108 :
241 3085 409 3118 quumque
424 3084 464 3107 ex
486 3084 524 3107 eo
539 3075 707 3107 didicisset
721 3076 855 3108 modum
868 3100 876 3115 ,
894 3085 991 3117 quem
1007 3076 1133 3108 Rhada-

105 3124 258 3157 manthus
272 3123 383 3164 prius,
405 3122 525 3155 deinde
539 3122 646 3154 Minos
664 3125 923 3164 usurpaverunt,
940 3125 977 3155 ut
997 3123 1083 3164 leges
1100 3132 1135 3156 se

105 3179 124 3203 a
138 3172 221 3203 Jove
236 3172 384 3211 acceptas
411 3169 614 3210 promulgare
635 3169 780 3201 dicerent
796 3181 805 3209 ;
823 3170 921 3209 atque
937 3169 970 3200 in
995 3172 1134 3210 AEgypto

105 3217 203 3250 etiam
220 3217 346 3256 suisset,
357 3218 389 3249 et
404 3217 474 3257 ejus
489 3225 620 3257 quoque
630 3216 735 3257 gentis
756 3216 905 3249 instituta
921 3217 1133 3257 percepisset;

105 3266 225 3296 etcum
238 3265 378 3296 Homero
394 3272 544 3304 quoque,
565 3266 603 3295 ut
617 3263 764 3296 nonnulli
788 3265 979 3303 autumant,
996 3263 1030 3295 in
1053 3263 1134 3296 Chio

106 3310 240 3351 degente
254 3309 432 3342 collocutus
452 3312 549 3349 esset,
565 3311 699 3342 domum
710 3313 760 3342 est
776 3319 923 3342 reversus
943 3320 950 3341 :
968 3318 1134 3351 quumque

108 3356 360 3397 ibiCharilaum‚
375 3356 558 3397 Polydectae
576 3357 682 3389 fratris
696 3357 746 3389 sui
757 3357 874 3396 filium,
891 3358 1076 3397 regnantem
1090 3357 1133 3386 in-

1188 2321 1231 2352 iis
1245 2321 1397 2362 plurima.
1423 2321 1632 2354 cretensium
1649 2329 1724 2361 quae
1746 2320 1912 2361 praecipua
1928 2319 1979 2352 ille
2001 2319 2132 2360 retulit,
2155 2319 2224 2351 haec

1191 2369 1278 2400 sunt.
1293 2368 1445 2400 Universi
1467 2368 1554 2409 apud
1578 2377 1634 2400 eos
1653 2367 1851 2408 cogebantur
1876 2376 1992 2399 uxores
2009 2366 2145 2405 ducere,
2168 2375 2224 2406 qul

1189 2415 1304 2447 eodem
1320 2417 1465 2456 tempore
1478 2424 1496 2447 e
1512 2423 1687 2456 puerorum
1709 2417 1796 2447 coetu
1816 2415 1969 2455 (Agelam
2000 2414 2060 2454 ipsi
2081 2414 2223 2451 vocant)

1189 2464 1404 2496 excessissent
1423 2473 1431 2494 ε
1452 2471 1518 2494 non
1547 2465 1656 2494 autem
1684 2461 1856 2494 confestim
1875 2463 1993 2502 nuptas
2015 2461 2150 2493 domum
2172 2460 2224 2492 de-

1190 2510 1364 2550 ducebant,
1372 2511 1430 2543 sed
1442 2510 1573 2551 quando
1581 2510 1647 2550 Jam
1663 2509 1703 2541 ad
1717 2518 1784 2541 rem
1798 2509 1986 2540 familiarem
2000 2507 2223 2539 administran-

1190 2558 1265 2590 dam
1277 2567 1323 2590 eae
1339 2559 1448 2590 essent
1466 2557 1599 2590 redditae
1613 2557 1750 2589 idoneae.
1769 2559 1836 2588 Dos
1851 2558 1911 2593 est,
1924 2556 1950 2587 si
1962 2555 2093 2596 quidem
2109 2555 2223 2587 fratres

1190 2605 1219 2637 ei
1236 2608 1324 2645 sunt,
1339 2605 1511 2638 dimidium
1526 2604 1684 2646 portionis
1698 2604 1859 2636 fraternae.
1876 2605 1970 2635 Pueri
1987 2604 2107 2634 litteras
2123 2602 2224 2635 disce-

1191 2652 1281 2691 bant,
1298 2654 1331 2684 et
1346 2661 1364 2684 e
1379 2652 1504 2692 legibus
1523 2652 1680 2690 carmina,
1698 2651 1921 2692 quosdamque
1935 2650 2050 2681 modos
2066 2650 2224 2682 musicos.

1191 2700 1344 2732 Juniores
1360 2700 1394 2731 in
1405 2699 1542 2740 Syssitia
1553 2698 1730 2737 adducunt,
1747 2706 1821 2738 quae
1837 2697 1958 2729 Andria
1984 2698 2164 2729 vocantur:
2180 2696 2224 2728 ibi

1190 2747 1376 2779 desidentes
1393 2747 1483 2778 humi
1499 2755 1563 2778 una
1573 2746 1683 2778 cibum
1694 2745 1836 2786 capiunt,
1851 2745 1971 2776 vestitu
1984 2744 2054 2784 vili,
2064 2744 2120 2784 qui
2136 2744 2223 2776 idem

1191 2797 1240 2826 est
1254 2794 1359 2825 hieme
1375 2795 1471 2834 atque
1490 2793 1603 2824 aestate
1618 2801 1625 2822 :
1641 2791 1829 2823 ministrant
1842 2792 1874 2822 et
1886 2790 1948 2822 sibi
1964 2790 2116 2829 invicem,
2131 2792 2164 2822 et
2179 2789 2225 2821 vi-

1190 2840 1245 2872 ris.
1258 2843 1296 2873 In
1309 2850 1451 2881 pugnam
1466 2842 1595 2879 coeunt,
1611 2839 1711 2879 etqui
1727 2837 1870 2878 ejusdem
1880 2840 1957 2870 sunt
1972 2837 2111 2878 Syssitii,
2122 2838 2155 2869 et
2166 2836 2224 2878 qui

1191 2887 1406 2920 diversorum.
1431 2887 1544 2920 Cuivis
1567 2885 1762 2918 Andriorum
1787 2886 1904 2925 praeest
1919 2893 2093 2925 puerorum
2124 2883 2222 2925 magi-

1190 2937 1268 2973 ster3
1287 2934 1520 2966 Paedonomum
1531 2932 1594 2973 ipsi
1603 2932 1732 2962 vocant.
1749 2930 1932 2962 Adultiores
1949 2931 1983 2962 in
1998 2931 2113 2972 Agelas
2123 2930 2225 2963 dedu-

1190 2984 1321 3014 cuntur.
1338 2981 1450 3021 Agelas
1463 2980 1584 3021 cogunt
1597 2986 1771 3019 puerorum
1783 2977 1993 3011 illustrissimi
2005 2980 2103 3019 atque
2111 2979 2223 3020 poten-

1193 3028 1327 3068 tissimi,
1348 3028 1487 3069 quisque
1501 3034 1599 3066 quam
1623 3026 1729 3066 potest
1746 3024 1903 3065 plurimos
1919 3033 2127 3066 congregans.
2148 3024 2224 3057 Uni-

1191 3076 1309 3116 cuique
1335 3074 1442 3114 Agelae
1471 3074 1588 3113 praeest
1628 3072 1818 3113 plerumque
1832 3089 1834 3092 ·
1852 3073 1945 3114 pater
1980 3071 2192 3104 conducentis
2213 3097 2222 3112 ,

1191 3124 1384 3165 potestatem
1399 3120 1520 3152 habeus
1533 3118 1692 3150 educendi
1706 3118 1746 3150 ad
1762 3119 1968 3151 venationem
1984 3122 2017 3151 et
2028 3128 2172 3159 cursum,
2190 3121 2223 3153 et

1191 3168 1344 3210 puniendi
1360 3162 1601 3199 detrectantem.
1615 3168 1643 3198 N
1646 3166 1812 3199 utriuntur
1826 3166 1964 3208 publice.
1977 3166 2078 3199 Statis
2090 3166 2222 3207 quibus-

1191 3215 1266 3246 dam
1299 3214 1413 3246 diehus
1431 3213 1527 3254 Agela
1540 3222 1616 3245 cum
1633 3213 1730 3254 Agela
1747 3222 1888 3255 pugnam
1902 3213 2045 3246 conserit
2058 3214 2223 3246 accinente

1191 3262 1271 3294 tibia
1287 3270 1363 3293 cum
1386 3261 1538 3302 rhythmo
1553 3270 1560 3292 :
1575 3261 1659 3293 sicut
1674 3261 1772 3294 etiam
1787 3261 1822 3293 in
1844 3261 1938 3294 bellis
1956 3264 2196 3294 consueverunt
2213 3271 2220 3292 ε

1191 3309 1276 3341 ictus
1291 3309 1435 3340 inserunt
1445 3317 1546 3349 quum
1560 3317 1670 3348 manu,
1681 3310 1751 3341 tum
1767 3308 1865 3341 etiam
1882 3309 1982 3341 armis
1994 3308 2114 3341 ferreis.
2127 3310 2220 3340 Pecu-

1191 3356 1303 3387 liarem
1325 3355 1446 3388 habent
1474 3355 1593 3387 amoris
1612 3363 1747 3387 morem.
1771 3357 1842 3388 Non
1864 3355 1951 3388 enim
1970 3354 2211 3397 persuadentes,
