2320 3684
153 209 202 243 6²

151 285 209 339 ην,
225 289 366 334 αὖτὸς”
347 305 437 341 εχων
456 286 624 338 ὑπέμενεν
637 285 696 325 ἐπὶ
708 290 768 325 τοῦ
786 285 922 338 τείχους
932 287 1014 336 ,καὶ
1031 294 1180 343 παρεῖχε

153 354 223 394 τοῖς
253 348 517 403 προεξελθοῦσιν
552 349 656 392 ἦττον
697 343 881 389 ἐπιπόνους
893 375 903 394 ,
939 346 1179 399 διηρτημένων

150 407 364 461 τειχομαχία
378 409 446 445 τῶν
463 405 655 456 πολεμίων,
668 403 731 448 τὰς
745 404 864 456 φυγάς.
882 405 1130 458 Νεοπτολέμου
1144 405 1180 444 δὲ

273 464 556 481 222222

153 467 215 506 συν
233 482 304 510 τοις
322 481 398 519 αμφ
426 479 528 502 αυτον
540 463 726 506 επιὸάντος
746 461 871 517 μέρους
885 464 976 508 τινὸς
990 467 1053 512 τῆς
1072 463 1182 519 ἄκρας

151 525 212 564 καὶ
245 521 586 577 προσὸοηθησάντων
617 522 732 565 αὐτοῖς
754 522 905 575 Αχαιῶν
924 522 1101 572 ἁπάντων,
1119 539 1182 570 της

153 583 217 636 μὲν
238 582 346 636 ἄκρας
367 581 541 632 μεθίεται·
568 579 704 625 ἀνοίξας
734 578 771 619 δὲ
797 579 861 625 τὰς
875 581 1029 634 φυγάδας
1049 581 1179 630 πύλας,

153 641 259 694 ἀπῄει
283 639 579 691 συντεταγμένους
604 638 694 692 ἔχων
719 638 798 684 τοὺς
825 640 983 690 λοιποὺς,
1013 639 1182 692 ἀγόμενος

152 700 210 739 ἐπὶ
223 706 298 743 ταῖς
314 699 519 753 κρατίσταις
539 698 705 751 συνωρίσι
723 699 782 737 τόν
805 715 843 738 τε
857 699 995 755 πατέρα
1012 700 1072 739 καὶ
1088 699 1182 744 θεοὺς

150 759 227 803 τοὺς
244 757 445 813 πατρῴους,
464 758 670 816 γυναῖκάωτε
689 758 748 797 καὶ
764 758 882 807 τέκνα,
897 759 957 798 καὶ
974 762 1044 798 τῶν
1064 759 1179 799 ἄλλων

151 817 183 856 εἴ
197 834 231 856 τι
250 820 413 857 πλεῖστον
441 816 580 869 ἀξίωμα
608 816 665 864 ἠν,
695 820 799 869 σῶμα
817 817 840 865 ἢ
871 821 1007 872 χρῆμα.
1046 819 1109 858 Ἐν
1145 818 1182 858 δὲ

149 877 263 930 τούτῳ
281 875 373 915 κατὰ
390 879 516 931 κράτος
538 875 726 930 εἰλήφεσαν
745 876 877 930 Ἀχαιοὶ
889 876 953 924 τὴν
975 876 1091 926 πόλιν,
1122 878 1182 917 καὶ

150 935 230 990 περὶ
260 935 323 979 τὰς
352 933 512 989 ἁρπαγὰς
528 934 800 985 ἐσπουδακότες,
818 935 952 983 πολλὴν
973 935 1091 974 ἄδειαν
1109 936 1182 976 σώ-

153 997 270 1039 ζεσθαι
289 1000 361 1038 τοῖς
392 993 558 1048 φεύγουσι
592 994 871 1049 παρεσκεύασαν.
893 997 940 1034 Οἱ
957 993 993 1033 δὲ
1014 994 1103 1049 ἀμφὶ
1123 995 1180 1034 τὸν

150 1053 291 1092 Αἰνείαν
307 1052 359 1092 ἔτι
386 1053 466 1092 καθ’
496 1053 573 1092 ὁδὸν
605 1052 759 1106 εὑρόντες
794 1052 872 1098 τους
902 1053 1103 1108 σφετέρους,
1121 1054 1182 1093 καὶ

150 1112 230 1150 καθ’
247 1111 308 1151 ἕνα
325 1112 475 1156 ἅπαντες
492 1111 682 1164 γενόμενοι,
704 1111 750 1151 τὰ
766 1112 973 1166 ἐχυρώτατα
990 1114 1180 1164 καταλαμ-

152 1171 319 1210 ὃάνονται
354 1187 418 1219 της
440 1171 547 1219 Ἴδης
566 1165 699 1210 Ἦλθον
722 1172 785 1209 δ’“
766 1187 814 1215 ως
850 1171 974 1215 αὐτους
1017 1170 1052 1210 οι
1083 1173 1117 1210 τ’
1146 1173 1181 1210 ἐν

149 1229 322 1283 Δαρδάνῳ
336 1229 415 1269 τότε
430 1232 601 1275 οἰκοῦντες
613 1261 623 1278 ,
637 1232 684 1274 ὡς
699 1223 788 1268 εἶδον
803 1229 917 1284 φλόγα
932 1229 1066 1277 πολλὴν
1084 1228 1182 1283 παρὰ

153 1288 198 1328 τὰ
224 1288 402 1327 εἰωθότα
387 1305 427 1327 εκ
450 1288 583 1337 ’,Ιλίου
602 1287 741 1363 νύκτωρ
759 1287 1010 1331 καταλιπόντες
1027 1286 1091 1334 τὴν
1110 1287 1181 1326 πό-

151 1346 252 1387 λιν”
232 1363 362 1400 ερημον
383 1347 505 1401 (χωρὶς
523 1346 545 1395 ἧ
571 1346 646 1385 ὅσοι
677 1346 739 1385 συν
763 1346 910 1400 Ἐλύμῳ
940 1346 1000 1385 καὶ
1021 1345 1182 1400 Αἰγέστῳ

153 1405 314 1445 ναυτικόν
332 1422 367 1445 τι
384 1404 699 1458 συνεσκευασμένοι
730 1404 852 1457 ἔτυχον
875 1404 1184 1459 προεξεληλυθότες

153 1470 215 1514 τῆς
231 1466 400 1518 πόλεως),
417 1467 477 1505 καὶ
491 1466 526 1511 ἐξ
547 1465 735 1520 Ὀφρυνίου
753 1464 889 1508 πόλεως
906 1468 924 1504 ὃ
943 1466 1052 1516 δ’ῆμος
1072 1464 1182 1516 ἅπας,

155 1525 215 1565 καὶ
244 1527 283 1563 ἐκ
301 1528 370 1564 τῶν
394 1525 510 1564 ἄλλων
531 1526 704 1579 Τρωικῶν
729 1523 880 1573 πόλεων,
902 1526 965 1571 τῆς
990 1523 1184 1577 ἐλευθερίας

153 1585 417 1639 περιεχόμενοι·
446 1583 591 1636 δύναμίς
610 1600 649 1623 τε
669 1584 756 1632 αὐτὴ
776 1585 820 1623 δι’
839 1583 1028 1659 ἐλαχίστου
1055 1582 1183 1638 χρόνου

155 1642 302 1693 μεγίστη
320 1645 389 1681 τῶν
398 1644 600 1696 Τρωϊκῶν’
585 1641 732 1694 εγένετο.
748 1645 795 1682 Οἱ
812 1641 876 1694 μὲν
899 1637 958 1682 ουν
973 1641 1036 1682 συν
1062 1642 1184 1696 Αἰνείᾳ

152 1701 410 1746 διασωθέντες’
395 1718 434 1740 εκ
447 1718 509 1749 της
524 1701 802 1755 καταλήψεως,’
787 1718 822 1740 εν
840 1701 973 1746 τούτοις
990 1700 1185 1752 υπομένον-

153 1777 208 1803 τες
222 1766 293 1804 τοῖς
310 1760 451 1815 χωρίοις
468 1763 505 1799 οὗ
523 1760 579 1799 διὰ
594 1766 730 1814 μακροῦ
746 1760 853 1799 πάλιν
867 1760 924 1799 ἐπὶ
955 1759 1000 1798 τὰ
1031 1759 1183 1814 σφέτερα

154 1819 427 1858 κατελεύσεσθαι
436 1819 596 1867 ἤλπιζον,
605 1823 674 1859 τῶν
683 1819 860 1871 πολεμίων
871 1818 1181 1858 ἀποπλευσάντων.

151 1878 284 1931 Ἀχαιοὶ
303 1878 339 1917 δὲ
357 1878 700 1933 ἀνδραποδισάμενοι
714 1877 778 1926 τὴν
797 1877 900 1916 πόλιν
916 1877 977 1916 καὶ
999 1876 1044 1915 τὰ
1064 1876 1186 1928 σύνεγ-

157 1952 218 1988 γυς
241 1936 357 1989 χωρία
369 1968 378 1985 ,
397 1936 457 1975 καὶ
476 1936 623 1990 φρουρία
650 1936 864 1989 δῃώσαντες,
884 1935 1185 1989 παρεσκευάζοντο

159 1994 222 2045 μὲν
243 1995 303 2033 καὶ
319 1994 398 2039 τοὺς
414 1997 449 2033 ἐν
468 2001 539 2039 τοῖς
557 1994 651 2049 ὄρεσι
679 1994 932 2048 χειρωσόμενοι
944 2008 952 2016 ·
970 1994 1184 2047 πεμψάντων

151 2106 210 2137 His
226 2107 334 2137 autem
360 2106 550 2138 mandatum
569 2105 686 2145 fuerat,
707 2107 745 2137 ut
766 2105 983 2137 munitissima
1012 2104 1080 2136 Idae
1108 2104 1179 2136 loca

150 2155 358 2193 occuparent.
383 2155 457 2194 Ipse
478 2161 555 2184 vero
571 2161 646 2184 cum
672 2153 793 2194 reliqua
808 2152 949 2184 militum
980 2161 1091 2191 manu,
1105 2159 1178 2192 quae

150 2199 324 2232 lectissima
339 2203 418 2239 erat,
434 2201 519 2232 intra
533 2209 646 2232 muros
666 2200 749 2232 arcis
767 2199 932 2238 remansit,
946 2201 1042 2240 atque
1058 2198 1125 2230 suis
1138 2207 1179 2230 ex

150 2246 230 2278 urbe
257 2246 434 2287 praemissis
459 2247 567 2287 sugam
586 2247 693 2279 minus
711 2246 905 2278 laboriosam
920 2246 1070 2285 reddidit,
1091 2245 1177 2286 quod

151 2292 261 2324 hostes
276 2293 311 2324 in
326 2293 409 2325 arcis
432 2293 707 2334 oppugnationem
735 2295 844 2325 essent
872 2293 996 2325 intenti.
1015 2292 1077 2324 Sed
1091 2292 1180 2333 quod

150 2340 381 2381 Neoptolemus
394 2350 468 2372 cum
480 2342 578 2373 sociis
590 2341 622 2372 in
639 2340 799 2381 quandam
812 2340 895 2372 arcis
910 2342 1032 2381 partem
1049 2339 1179 2372 adscen-

150 2386 265 2426 disset,
281 2389 312 2418 et
328 2388 473 2419 universi
489 2388 595 2420 Graeci
623 2387 662 2419 ad
690 2395 784 2428 opem
799 2387 877 2428 ipsis
894 2387 1057 2419 ferendam
1073 2395 1179 2418 accur-

150 2433 279 2473 rissent,
294 2442 400 2466 arcem
421 2434 580 2466 deseruit:
596 2436 628 2466 et
643 2437 751 2475 aperta
763 2436 867 2474 porta,
883 2442 939 2474 per
966 2442 1062 2474 quam
1081 2433 1179 2465 ceteri

151 2480 310 2521 fugerant,
343 2481 503 2520 discessit,
521 2483 553 2512 et
567 2481 707 2521 reliquos
723 2481 842 2512 milites
871 2481 937 2512 acie
956 2481 1114 2512 instructa
1133 2489 1179 2513 se-

151 2536 228 2560 cum
259 2527 366 2567 duxit,
384 2529 417 2560 et
439 2530 575 2568 patrem,
594 2527 672 2559 deos
688 2527 823 2568 patrios,
840 2535 986 2567 uxorem,
1003 2526 1132 2566 liberos,
1148 2530 1180 2559 et

150 2578 273 2607 ceteras
295 2584 360 2615 res,
379 2574 406 2606 si
422 2583 487 2615 qua
515 2574 650 2607 maximi
677 2574 770 2615 pretii
798 2575 894 2613 esset,
912 2574 981 2606 sive
1011 2573 1179 2605 hominum

150 2631 296 2663 corpora,
307 2622 376 2654 sive
388 2622 535 2663 pecuniae
551 2623 670 2661 essent,
678 2620 955 2662 praestantissimis
966 2620 1049 2661 bigis
1058 2621 1180 2652 vehens

154 2668 302 2700 abduxit.
320 2671 446 2700 Interea
459 2677 538 2700 vero
557 2668 671 2700 urbem
689 2668 795 2700 Graeci
809 2676 866 2708 per
884 2667 950 2699 vim
969 2669 1133 2708 ceperunt,
1148 2669 1180 2699 et

151 2715 185 2746 in
216 2715 338 2756 rapinis
354 2715 471 2747 intenti
490 2724 638 2756 magnam
662 2714 862 2755 fugientibus
878 2715 949 2746 tuto
964 2713 1120 2746 evadendi
1136 2714 1179 2745 fa·

151 2762 303 2794 cultatem
321 2762 538 2803 praebuerunt.
553 2764 595 2794 At
608 2764 725 2794 AEneas
737 2761 871 2802 ejusque
890 2761 969 2793 socii
985 2769 1062 2792 suos
1075 2760 1108 2792 in
1131 2761 1179 2792 iti-

151 2818 225 2841 nere
240 2809 392 2848 assecuti,
421 2818 486 2841 uno
516 2809 643 2850 agmine
667 2808 764 2849 sacto,
782 2807 998 2840 munitissima
1020 2807 1086 2839 Idae
1109 2807 1180 2839 loca

150 2858 362 2897 occuparunt.
380 2856 431 2888 Ad
459 2856 547 2897 ipsos
577 2858 684 2888 autem
700 2857 858 2888 venerunt
876 2854 933 2896 qui
961 2856 1041 2886 tunc
1065 2853 1178 2886 urbem

151 2903 338 2935 Dardanum
352 2903 546 2943 incolebant,
558 2912 655 2944 quam
666 2905 764 2935 noctu
778 2902 1000 2942 deseruerunt,
1009 2903 1180 2942 conspecta

152 2949 273 2989 ingenti
305 2949 435 2982 flamma
455 2959 528 2991 quae
555 2951 672 2992 praeter
703 2958 827 2982 morem
856 2957 896 2981 ex
925 2948 985 2981 Ilio
1009 2947 1177 2980 emicabat.

152 2998 285 3034 Omnes,
302 2997 448 3037 inquam,
464 2997 607 3038 exceptis
623 2997 674 3037 iis,
691 2997 749 3038 qui
763 3004 838 3028 cum
853 2995 969 3036 Elymo
983 2996 1017 3028 et
1035 2997 1176 3036 AEgesto,

152 3041 274 3081 aliquot
300 3043 436 3074 navibus
459 3044 590 3084 paratis,
607 3045 681 3075 ante
695 3052 735 3075 ex
763 3042 842 3074 urbe
866 3042 1020 3075 exierant.
1051 3041 1100 3074 Ad
1119 3041 1179 3073 hos

151 3088 249 3119 etiam
266 3089 353 3120 venit
373 3098 413 3120 ex
432 3090 599 3131 Ophrynio
615 3092 703 3122 totus
718 3089 868 3131 populus,
885 3091 918 3121 et
937 3097 977 3121 ex
1005 3088 1078 3121 aliis
1093 3089 1179 3120 urbi-

152 3133 215 3166 bus
229 3135 376 3174 Trojanis
401 3137 562 3176 quotquot
579 3135 736 3168 libertatis
758 3135 888 3168 tuendae
902 3135 1011 3167 studio
1034 3135 1179 3167 teneban-

153 3182 217 3211 tur.
237 3182 343 3217 Quare
366 3181 561 3214 brevissimo
580 3182 736 3224 temporis
751 3182 856 3224 spatio
874 3182 952 3223 ipsae
967 3182 1179 3222 TroJanorum

153 3227 256 3268 copiae
270 3227 410 3260 maxime
429 3231 608 3260 creverunt.
626 3229 689 3267 Qui
717 3229 814 3270 igitur
827 3238 902 3261 cum
923 3231 1025 3261 AEnea
1039 3237 1079 3260 ex
1100 3228 1180 3260 urbe

152 3275 248 3313 capta
275 3273 465 3313 superstites
478 3277 657 3315 evaserant,
688 3275 722 3306 in
743 3275 794 3307 liis
808 3275 888 3307 locis
909 3276 1122 3314 remanentes,
1145 3274 1180 3305 in

152 3320 273 3360 patrias
280 3320 372 3352 sedes
380 3328 414 3351 se
421 3319 511 3351 brevi
522 3323 594 3361 post
604 3321 746 3353 hostium
754 3322 935 3354 discessum
943 3321 1104 3354 redituros
1111 3330 1179 3362 spe-

153 3366 278 3398 rabant.
294 3367 354 3398 Sed
371 3366 488 3406 Graeci,
504 3376 604 3407 quum
631 3368 743 3400 urbem
757 3371 788 3400 et
802 3369 871 3400 loca
897 3369 1005 3400 vicina
1027 3368 1061 3400 in
1088 3377 1179 3400 suam

152 3414 343 3454 potestatem
356 3413 562 3454 redegissent,
577 3417 608 3446 et
623 3415 710 3455 ipsos
726 3415 843 3447 incolas
858 3415 891 3447 in
906 3415 1095 3447 servitutem
1110 3415 1179 3447 abs—

923 200 1202 242 HELLANICI
1229 203 1560 244 FRAGMENTA.

1237 288 1273 327 δὲ
1292 289 1446 344 κήρυκας
1465 292 1577 329 αὐτῶν
1608 291 1688 345 περὶ
1711 291 1914 341 διαλύσεων,
1938 293 1996 333 καὶ
2019 294 2190 347 δεομένων
2210 297 2260 349 μὴ

1237 353 1326 402 σφᾶς
1356 350 1404 393 εἰς
1433 349 1587 401 ἀνάγκην
1610 354 1831 398 καταστῆσαι
1855 351 2024 404 πολέμου,
2046 355 2262 403 συνελθόντες

1237 408 1285 450 εἷς
1302 407 1505 455 ἐκκλησίαν,
1532 407 1590 447 ἐπὶ
1613 410 1729 447 τοῖσδε
1749 413 1930 448 ποιοῦνται
1949 411 2033 465 πρὸς
2055 413 2178 458 αὐτους
2199 414 2263 461 τὰς

1238 464 1431 510 διαλύσεις·
1447 466 1588 506 Αἰνείαν
1605 466 1668 519 μὲν
1692 467 1753 506 καὶ
1778 468 1856 511 τους
1877 468 1938 507 συν
1965 471 2073 524 αὐτῶ,
2101 470 2146 510 τὰ
2172 473 2263 527 χρή-

1239 539 1335 575 ματα
1353 524 1531 598 φέροντας
1535 524 1602 564 ὅσα
1631 526 1840 566 διεσώσαντο
1871 527 1963 567 κατὰ
1990 527 2054 576 τὴν
2081 529 2243 583 φυγὴν,’
2226 547 2262 571 εν

1237 583 1441 635 ὡρισμένοις
1466 583 1537 623 τισὶ
1568 583 1704 638 χρόνοις
1732 588 1772 624 ἐκ
1797 589 1859 633 τ’ῆς
1888 587 2055 640 Ἰρωάδος
2090 589 2264 639 ἀπελθεῖν,

1238 641 1458 696 παραδόντας
1478 642 1630 695 Ἀχαιοῖς
1655 643 1702 682 τὰ
1724 644 1882 698 φρούρια·
1904 645 1937 684 Α
1941 645 2062 698 χαιους
2091 645 2127 684 δὲ
2148 663 2264 702 παρα-

1238 706 1336 753 σχεῖν
1356 702 1471 745 αὐτοῖς
1495 700 1560 749 τὴν
1588 701 1779 755 ἀσφάλειαν
1807 703 1842 748 ἐξ
1871 702 2012 751 ἁπάσης
2030 699 2071 751 ἧς
2095 705 2262 759 ἐκράτουν

1238 774 1302 811 γης
1318 758 1377 797 καὶ
1394 760 1602 807 θαλάσσης’
1583 765 1725 800 απιοῦσι
1738 760 1831 799 κατὰ
1849 761 1909 806 τὰς
1935 762 2131 815 ὁμολογίας.
2149 763 2263 810 Δεξά-

1239 832 1340 868 μενος
1359 816 1395 856 δὲ
1414 821 1526 856 ταῦτα
1545 818 1703 868 Αἰνείας,
1727 819 1786 857 καὶ
1805 819 1951 871 νομίσας
1970 822 2010 859 ἐκ
2028 824 2098 860 τῶν
2117 821 2263 862 ἐνόντων

1238 875 1409 930 κράτιστα
1429 871 1530 923 εἶναι,
1554 877 1733 916 Ἀσκάνιον
1755 877 1832 929 μὲν,
1851 877 1911 917 τὸν
1934 878 2172 932 πρεσὸύτατον
2193 897 2264 922 των

1238 935 1389 983 παίδων,
1428 935 1555 988 ἔχοντα
1586 940 1648 975 τοῦ
1679 941 1909 989 συμμαχικοῦ
1936 953 2014 976 τινα
2050 945 2190 993 μοῖραν,
2223 935 2265 988 ἧς

1241 994 1397 1047 Φρύγιον
1419 998 1462 1043 ἠν
1484 994 1524 1033 τὸ
1539 996 1716 1045 πλεῖστον,
1745 997 1792 1040 εἰς
1814 995 1877 1043 τὴν
1906 998 2117 1036 Δασκυλῖτιν
2133 999 2265 1038 καλου-

1240 1053 1347 1105 μένην
1364 1069 1443 1105 γην,
1458 1053 1569 1092 ἔνθα’
1554 1053 1647 1093 εστὶν
1665 1057 1687 1102 ἡ
1709 1054 1872 1094 Ἀσκανία
1884 1054 2005 1106 λίμνη,
2016 1058 2266 1108 μετάπεμπτον

1239 1112 1306 1152 ὑπὸ
1321 1115 1390 1150 τῶν
1408 1111 1587 1166 ἐγχωρίων
1600 1112 1781 1165 γενόμενον
1798 1113 1857 1153 ἐπὶ
1878 1114 2036 1167 βασιλείᾳ
2057 1118 2118 1154 τοῦ
2136 1115 2266 1164 ἔθνους,

1240 1171 1457 1222 ἀποπέμπει.
1535 1171 1627 1216 Τοὺς
1645 1171 1681 1210 δὲ
1696 1171 1820 1216 ἄλλους
1842 1173 1971 1217 παῖδας
1989 1173 2128 1217 Αἰνείας
2145 1189 2266 1228 παρα-

1238 1229 1371 1278 λαὸὼν,
1389 1230 1452 1269 καὶ
1471 1230 1530 1268 τὸν
1544 1230 1681 1285 πατέρα
1700 1230 1760 1270 καὶ
1783 1230 1828 1269 τὰ
1849 1231 1910 1279 ἕδη
1937 1234 2005 1271 τῶν
2027 1234 2127 1280 θεῶν,
2146 1232 2266 1281 ἐπειδὴ

1238 1288 1504 1342 παρεσκευάσθη
1518 1288 1558 1328 τὸ
1575 1288 1736 1329 ναυτικὸν
1756 1291 1863 1343 αὐτῷ,
1883 1291 2022 1329 διαπλεῖ
2033 1290 2092 1330 τὸν
2113 1291 2266 1338 Ἑλλήσ-

1239 1361 1377 1394 ποντον,
1397 1346 1474 1385 ἐπεὶ
1507 1349 1570 1394 τῆς
1596 1346 1740 1399 ἔγγιστα
1774 1347 1936 1399 κειμένης
1962 1349 2186 1402 Χεῤῥονήσου
2208 1349 2267 1390 τὸν

1241 1405 1350 1443 πλοῦν
1375 1404 1603 1456 ποιούμενος,
1628 1405 1652 1453 ἣ
1685 1405 1866 1459 πρόκειται
1893 1405 1956 1457 μὲν
1978 1423 2041 1454 της
2069 1407 2268 1461 Εὐρώπης,

1240 1465 1400 1503 καλεῖται
1420 1463 1456 1502 δὲ
1475 1464 1663 1512 Παλληνη.
1684 1464 1811 1509 Ἔθνος
1827 1465 1856 1503 δ’
1874 1469 1965 1517 εἶχεν
1995 1465 2084 1513 αὕτη
2111 1465 2268 1521 Θράκιον

1241 1523 1444 1576 σύμμαχον,
1470 1526 1667 1579 Κρουσαῖον
1693 1524 1940 1599 ›totkotssyasvomm
1950 1525 2115 1565 ἁπάντων
2133 1530 2267 1581 προθυ·

1241 1582 1391 1634 μότατον
1403 1585 1472 1622 τῶν
1484 1583 1732 1636 συναραμένων
1746 1586 1861 1629 αὐτοῖς
1878 1587 1940 1623 τοῦ
1955 1583 2124 1636 πολέμου.
2143 1584 2187 1626 Ὁ
2203 1585 2267 1638 μὲν

1240 1646 1298 1680 οὖν
1315 1641 1522 1685 πιστότατος
1534 1644 1603 1680 τῶν
1625 1643 1754 1694 λόγων,
1775 1637 1804 1696 ᾧ
1829 1643 2001 1696 κέχρηται
2023 1646 2091 1682 τῶν
2105 1645 2267 1683 παλαιῶν

1241 1699 1466 1753 συγγραφέων
1495 1699 1702 1744 Ἑλλάνικος
1729 1702 1764 1740 ἐν
1794 1707 1864 1746 τοῖς
1880 1705 2071 1756 Τρωϊκοῖς,
2099 1702 2181 1756 περὶ
2206 1719 2268 1751 της

1241 1758 1378 1798 Αἰνείου
1398 1761 1508 1812 φυγῆς
1529 1758 1663 1798 τοιόσδε
1676 1758 1781 1798 ἐστίν.

1717 1818 1804 1856 128.

1295 1876 1479 1926 stephan.
1513 1878 1629 1924 Byz.:
1652 1876 1810 1925 Φοιτίαι,
1835 1875 1936 1920 πόλις
1960 1876 2195 1930 Ἀκαρνανίας.

1241 1933 1393 1985 Λέγεται
1413 1934 1472 1972 καὶ
1490 1934 1647 1973 Φοίτιον.
1679 1934 1753 1974 Καὶ
1777 1934 1817 1973 τὸ
1841 1934 1972 1974 ἐθνικὸν
1997 1934 2182 1988 Φοιτιεὺς,
2207 1935 2267 1976 καὶ

1242 1992 1394 2042 Φοίτιοι,
1408 1995 1455 2037 ὡς
1473 1991 1681 2038 Ἑλλάνικος
1700 1995 1735 2032 ἐν
1754 1999 1825 2038 τοῖς
1843 1995 2028 2047 Τρωϊκοῖς.

1238 2103 1421 2143 traxissent,
1443 2106 1474 2135 et
1485 2103 1613 2135 castella
1619 2105 1814 2142 vastassent,
1824 2112 1858 2136 se
1871 2103 1912 2136 ad
1922 2103 2050 2136 illorum
2059 2103 2160 2145 quiin
2174 2113 2264 2139 mon-

1236 2150 1325 2182 tibus
1341 2152 1431 2182 erant
1446 2151 1717 2191 oppugnationem
1741 2150 1896 2191 parabant
1907 2175 1916 2191 ,
1930 2153 1967 2182 ut
1985 2150 2056 2183 illos
2082 2160 2213 2192 quoque
2230 2151 2265 2184 in

1238 2205 1330 2228 suam
1346 2198 1538 2238 potestatem
1551 2197 1740 2238 redigerent.
1755 2196 1817 2229 Sed
1823 2206 1923 2238 quum
1931 2196 1974 2230 illi
1989 2197 2265 2231 caduceatoresad

1238 2245 1326 2286 ipsos
1342 2246 1517 2285 misissent,
1529 2255 1566 2278 ac
1581 2249 1730 2287 rogarent
1745 2255 1786 2278 ne
1801 2255 1836 2279 se
1842 2246 1883 2278 ad
1892 2246 1967 2279 belli
1983 2246 2112 2288 gerendi
2129 2248 2266 2279 necessi·

1238 2295 1336 2325 tatem
1345 2293 1519 2333 affigerent,
1531 2294 1564 2325 in
1575 2293 1765 2326 concionem
1773 2295 2006 2333 convenerunt,
2012 2294 2045 2326 et
2053 2302 2167 2334 pacem
2177 2293 2267 2327 hisce

1239 2339 1481 2371 conditionibus
1494 2348 1570 2371 cum
1583 2340 1662 2380 ipsis
1678 2340 1823 2372 secemnt
1836 2349 1844 2370 :
1858 2341 1895 2371 ut
1906 2341 2024 2372 AEneas
2037 2340 2171 2381 ejusque
2183 2339 2263 2372 socii

1238 2394 1313 2417 cum
1333 2386 1428 2418 rebus
1443 2386 1606 2426 omnibus,
1623 2395 1704 2427 quas
1719 2386 1752 2418 in
1769 2386 1839 2427 ipsa
1854 2385 1929 2427 suga
1945 2388 2087 2418 servatas
2099 2385 2265 2427 absporta-

1238 2434 1332 2470 rant,
1354 2432 1439 2464 intra
1463 2434 1587 2464 certum
1606 2441 1644 2464 ac
1656 2434 1813 2464 statutum
1826 2434 1954 2473 tempus
1973 2440 2014 2464 ex
2037 2440 2113 2472 agro
2125 2433 2264 2473 Trojano

1239 2478 1381 2518 abirent,
1404 2479 1590 2520 Graecisque
1610 2478 1740 2511 castella
1757 2479 1849 2520 prius
1869 2478 2038 2519 dederent3
2056 2480 2160 2511 Graeci
2187 2487 2263 2511 vero

1238 2525 1318 2566 ipsis
1331 2534 1371 2557 ex
1387 2526 1478 2557 omni
1494 2535 1581 2566 agro,
1599 2527 1746 2566 marique
1757 2549 1767 2566 ,
1782 2526 1876 2566 cujus
1892 2525 2063 2566 imperium
2080 2525 2240 2558 habebant
2251 2550 2261 2566 ‚

1238 2573 1308 2603 tuto
1322 2572 1507 2604 discedendi
1529 2573 1655 2613 copiam
1677 2581 1718 2604 ex
1739 2573 1834 2613 pacto
1856 2572 2008 2604 facerent.
2028 2574 2144 2604 AEneas
2165 2571 2263 2612 igitur
2312 2608 2314 2610 ,

1239 2620 1290 2651 his
1303 2621 1544 2653 conditionibus
1557 2621 1707 2662 acceptis,
1723 2630 1805 2662 quas
1818 2630 1877 2662 pro
1889 2620 2039 2662 praesenti
2056 2629 2162 2653 rerum
2175 2622 2263 2653 statu

1238 2667 1377 2707 optimas
1385 2676 1455 2700 esse
1468 2667 1645 2708 Judicabat,
1658 2668 1832 2700 Ascanium
1839 2667 1980 2699 filiorum
1995 2670 2073 2700 natu
2083 2667 2263 2699 maximum

1238 2723 1311 2746 cum
1329 2714 1468 2755 quadam
1484 2716 1647 2747 sociorum
1659 2717 1760 2756 parte,
1777 2723 1851 2755 quae
1865 2723 1907 2747 ex
1924 2714 2106 2755 Phrygibus
2119 2713 2184 2746 sere
2197 2715 2264 2746 tota

1238 2761 1417 2800 constabat,
1430 2762 1464 2793 in
1477 2770 1589 2802 agrum
1604 2761 1660 2802 qui
1683 2762 1899 2801 Dascyliticus
1917 2763 2054 2793 vocatur
2070 2760 2141 2801 (ubi
2153 2763 2204 2793 est
2220 2761 2264 2793 la-

1238 2817 1296 2840 cus
1312 2808 1482 2849 Ascanius)
1500 2808 1540 2840 ab
1556 2808 1642 2840 illius
1657 2808 1796 2848 regionis
1819 2808 1934 2840 incolis
1966 2808 2005 2840 ad
2026 2807 2112 2848 regni
2127 2807 2262 2839 admini-

1238 2855 1426 2887 strationem
1433 2857 1573 2887 accitum
1588 2855 1847 2887 misit.-AEneas
1863 2863 1940 2887 vero
1955 2863 2031 2886 cum
2044 2853 2175 2894 reliquis
2187 2853 2263 2886 libe·

1238 2901 1282 2933 ris
1298 2904 1330 2934 et
1351 2903 1442 2943 patre
1460 2904 1491 2934 et
1519 2902 1653 2934 deorum
1677 2901 1859 2933 simulacris
1874 2925 1883 2941 ‚
1907 2901 2009 2933 classe
2028 2901 2095 2942 J'am
2125 2902 2236 2941 parata
2251 2921 2262 2940 ‚

1237 2948 1479 2990 Hellespontum
1502 2949 1638 2989 trajecit,
1656 2950 1688 2980 et
1706 2948 1738 2979 in
1757 2948 1939 2988 proximam
1955 2947 2157 2988 peninsulam
2175 2946 2262 2978 navi-

1238 2995 1345 3035 gavit,
1362 3004 1435 3036 quae
1460 2996 1494 3026 in
1510 3004 1597 3027 mare
1616 3003 1807 3036 procurrens
1828 2996 1902 3026 ante
1925 2996 2088 3034 Europam
2104 2994 2210 3034 jacet,
2229 2996 2263 3025 et

1237 3041 1365 3073 Pallene
1387 3044 1531 3073 vocatur.
1559 3043 1638 3073 Haec
1662 3043 1769 3073 autem
1785 3041 1954 3073 Thraciam
1981 3042 2108 3080 gentem
2138 3039 2261 3072 sociam

1238 3087 1392 3126 habebat,
1411 3096 1485 3127 quae
1504 3090 1634 3120 Crusaea
1659 3086 1853 3126 vocabatur,
1872 3095 1946 3127 quae
1968 3094 2097 3126 operam
2113 3086 2259 3117 omnium

1238 3134 1400 3166 sociorum
1422 3134 1455 3166 in
1483 3134 1567 3166 bello
1596 3134 1733 3174 gerendo
1760 3133 1979 3165 fidelissimam
2000 3132 2142 3164 maxima
2159 3132 2260 3165 animi

1237 3181 1398 3213 alacritate
1410 3180 1488 3221 ipsis
1501 3182 1643 3213 navarat.
1657 3181 1882 3212 Narrationum
1899 3180 1994 3221 igitur
2007 3179 2047 3211 de
2062 3181 2171 3212 AEneoe
2186 3179 2260 3219 fuga
2315 3217 2320 3219 ,

1238 3227 1379 3258 maxime
1396 3226 1572 3265 credibilis,
1590 3235 1688 3266 quam
1706 3226 1891 3258 Hellanicus
1907 3225 2061 3265 antiquus
2074 3224 2210 3265 scriptor
2224 3224 2256 3256 in

1238 3273 1333 3307 rebus
1348 3273 1493 3315 Trojanis
1505 3273 1722 3306 describendis
1731 3275 1787 3351 ⁸egt
1806 3275 1974 3314 sequutus,
1988 3272 2058 3304 haec
2073 3272 2133 3304 est.

1279 3363 1431 3406 Phoetiae,
1452 3367 1531 3398 urbs
1552 3323 1750 3398 Acarnaniae.
1823 3366 1948 3398 Dicitur
1971 3365 2066 3397 etiam
2082 3363 2255 3397 Plioetium.

1237 3417 1280 3447 Et
1290 3413 1406 3455 gentile
1420 3412 1584 3446 Phoetieus
1599 3415 1631 3445 et
1646 3413 1772 3453 Phoeni,
1787 3415 1822 3444 ut
1837 3412 2020 3444 Hellanicus
2036 3411 2068 3442 in
2081 3409 2213 3442 Troicis.
