2320 3684
195 166 268 199 214

646 249 696 286 88
726 263 758 286 a.

244 300 347 338 Idem
367 301 458 338 ibid.
474 302 522 339 63
537 317 544 338 :
563 301 663 348 Φησὶ
682 301 711 339 δ’
723 301 826 340 αὐτὸν
841 303 1145 355 (Empedoclem)
1162 306 1221 344 καὶ

191 358 432 414 Ἀριστοτέλης
463 358 645 413 ἐλεύθερον·
670 358 850 410 γεγονέναι
879 360 938 399 καὶΙ
963 361 1081 409 πάσης
1110 365 1223 417 ἀρχῆς

190 417 385 470 ἀλλότριον,
403 416 436 454 εἴ
449 432 488 467 γε
507 416 570 464 τὴν
594 417 773 468 βασιλείαν
791 420 887 472 αὐτῷ
907 419 1092 471 διδομένην
1109 437 1222 477 παρῃ-

188 476 341 523 τήσατο,
360 474 518 529 καθάπερ
546 475 682 520 Ξάνθος
701 478 736 515 ἐν
755 482 826 520 τοῖς
859 478 939 532 περὶ
969 480 1074 518 αὐτοῦ
1105 479 1221 533 λέγει,

189 534 252 581 τὴν
275 531 441 578 λιτότητα
459 533 618 580 δηλονότι
634 534 741 574 πλέον
768 535 966 587 ἀγαπήσας.
991 537 1050 577 Τὰ
1076 540 1106 578 δ’
1133 540 1222 580 αὐτὰ

188 592 247 630 καὶ
265 592 414 643 Τίμαιος
431 594 567 648 εἴρηκε,
579 592 643 641 τὴν
658 592 771 632 αἰτίαν
788 594 863 645 ἅμα
877 596 1151 649 παρατιθέμενος
1160 603 1221 638 τοῦ

189 651 376 701 δημοτικὸν
396 646 485 691 εἶναι
500 651 558 690 τὸν
577 652 697 705 ἄνδρα.
715 653 816 699 Φησὶ
832 654 900 708 γὰρ
925 653 978 693 ὅτι
997 656 1136 703 κληθεὶς
1154 657 1221 696 ὑπό

187 725 279 754 τινος
295 713 364 750 τῶν
387 711 565 766 ἀρχόντων
583 711 643 750 καὶ
658 712 905 766 προὸαίνοντος
917 718 978 753 τοῦ
991 714 1098 754 πότου
1118 719 1164 761 ὡς
1179 718 1220 756 τὸ

188 769 324 808 δεῖπνον
345 773 406 809 οὐκ
433 769 649 824 εἰσεφέρετο,
668 772 737 809 τῶν
762 772 792 809 δ’
821 771 937 811 ἄλλων
957 775 1218 827 ἡσυχαζόντων,

188 829 432 883 μισοπονήρως
452 829 617 873 διατεθεὶς
646 829 824 869 ἐκέλευσεν
853 828 1041 886 εἰσφέρειν·
1064 837 1081 872 ὃ
1101 833 1137 873 δὲ
1156 850 1218 873 κε-

185 886 326 934 κληκὼς
343 887 526 940 ἀναμένειν
545 888 610 942 ἔφη
636 888 694 928 τὸν
711 892 774 936 τῆς
797 891 923 942 βουλῆς
949 892 1136 945 ὑπηρέτην.
1154 894 1221 938 εΩς

187 944 223 982 δὲ
241 945 470 999 παρεγένετο,
495 947 641 999 ἐγενήθη
669 948 948 1004 συμποσίαρχος,
966 954 1026 989 τοῦ
1044 952 1218 1000 κεκληκό-

184 1019 242 1047 τος
262 1005 421 1052 δηλονότι
440 1006 726 1054 καταστήσαντος
738 1037 748 1057 ,
769 1006 805 1050 ὃς
819 1007 1036 1062 ὑπεγράφετο
1054 1011 1218 1064 τυραννί-

186 1063 241 1107 δος
265 1064 398 1116 ἀρχήν·
419 1064 579 1104 ἐκέλευσε
596 1064 663 1119 γὰρ
682 1062 704 1112 ἢ
723 1066 833 1105 πίνειν
854 1066 877 1114 ἢ
901 1072 1130 1120 καταχεῖσθαι
1157 1074 1218 1117 τῆς

184 1124 349 1175 κεφαλῆς.
371 1122 462 1162 Τότε
485 1123 547 1176 μὲν
574 1118 633 1163 οὖν
654 1127 672 1163 ὁ
691 1125 938 1176 Ἐμπεδοκλῆς
965 1127 1147 1180 ἡσύχασε·
1171 1132 1216 1181 τῇ

185 1181 215 1218 δ’
235 1182 403 1237 ὑστεραίᾳ
422 1183 616 1234 εἰσαγαγὼν
637 1185 684 1227 εἰς
701 1184 922 1237 δικαστήριον
951 1185 1132 1225 ἀπέκτεινε
1150 1203 1217 1225 κα·-

184 1240 376 1285 ταδικάσας
390 1241 605 1296 ἀμφοτέρους
617 1273 628 1291 ,
642 1242 700 1281 τόν
724 1259 762 1281 τε
788 1243 944 1297 κλήτορα
968 1244 1027 1282 καὶ
1044 1244 1103 1283 τὸν
1122 1261 1217 1296 συμ-

183 1299 391 1353 ποσίαρχον.
413 1300 521 1355 Ἀρχὴ
541 1300 603 1352 μὲν
628 1295 686 1340 οῧν
718 1303 824 1340 αὐτοῦ
849 1305 912 1348 τῆς
939 1303 1115 1347 πολιτείας
1142 1304 1215 1351 ἥδε.

183 1359 306 1396 Etiam
327 1373 412 1410 quae
439 1369 652 1411 sequuntur
673 1361 719 1398 ‹le
737 1364 889 1398 Acrone
917 1362 1065 1400 medico
1088 1363 1213 1401 locum

183 1416 255 1454 sibi
277 1418 325 1455 ad
347 1419 645 1456 construendum
662 1428 861 1469 palernum
884 1430 1174 1459 monumentum
1194 1437 1214 1460 a

183 1484 315 1514 senatu
330 1477 549 1527 postulante
568 1490 644 1513 non
664 1476 804 1527 injuria
815 1478 976 1515 Karsten
995 1479 1034 1516 in
1050 1478 1149 1517 libro
1158 1484 1214 1518 l)e

185 1535 420 1586 Empedocle
438 1549 458 1573 e
476 1536 620 1573 Timaeo
644 1536 807 1586 repetita
823 1550 904 1574 esse
923 1538 1153 1588 suspicatur.

237 1596 367 1640 Quum
388 1595 727 1645 Agrigentinorum
749 1603 902 1632 senatus
941 1596 1094 1634 demum
1128 1607 1216 1648 post

182 1653 242 1691 Ol.
264 1655 324 1701 76,
350 1660 370 1699 4
395 1655 615 1705 antiquatos
643 1655 713 1699 sit,
747 1655 786 1692 in
824 1656 899 1692 hoc
920 1656 1020 1694 libro
1047 1658 1213 1697 Timaeus

183 1711 311 1750 oblata
330 1714 530 1751 occasione
546 1713 660 1764 hujus
675 1714 730 1751 rei
746 1714 961 1752 meminisse
974 1716 1150 1766 videtur;
1167 1731 1214 1755 ex

183 1778 397 1822 temporum
431 1772 566 1810 ordine
586 1772 833 1810 memoranda
851 1782 931 1810 erat
959 1774 1058 1812 libro
1084 1776 1128 1812 15
1154 1777 1213 1814 vel

182 1829 444 1879 sequentibus,
467 1830 592 1868 ubide
610 1832 843 1881 Empedocle
863 1845 1079 1871 sermonem
1099 1835 1214 1873 fuisse

183 1887 395 1937 fragmenta
416 1889 690 1926 demonstrant.

555 1995 708 2033 LIBER
738 1996 841 2035 XIV.

235 2098 359 2137 Schol.
381 2100 489 2136 Pind.
518 2100 629 2150 Pyth.
653 2051 759 2143 1818}ss
776 2115 783 2136 ε
800 2100 852 2139 Τὸ
877 2105 959 2151 γοῦν
987 2105 1214 2157 ἀνθρωποθυ-

638 2252 687 2285 88
718 2257 752 2284 a.

223 2309 338 2341 Fuisse
353 2317 430 2340 vero
451 2309 680 2350 Empedoclem
705 2309 864 2350 imprimis
888 2309 1025 2343 liberum
1045 2314 1143 2354 atque
1168 2313 1209 2346 ab

182 2355 272 2387 omni
299 2355 479 2395 imperandi
495 2355 579 2388 fastu
604 2357 856 2388 remotissimum
888 2358 1076 2392 Aristoteles
1092 2360 1212 2400 tradit,

180 2402 342 2443 siquidem
355 2403 388 2434 et
403 2411 538 2443 regnum
560 2412 662 2443 quum
679 2403 739 2435 sibi
757 2404 926 2436 offerretur
937 2429 946 2445 ,
964 2409 1150 2439 constanter
1167 2417 1213 2440 re·

181 2449 265 2488 nuit,
280 2448 377 2480 sicuti
390 2449 539 2480 Xanthus
558 2449 592 2480 in
607 2449 698 2481 libris
713 2450 752 2482 de
767 2450 836 2491 ipso
851 2452 1011 2492 meminit,
1028 2453 1212 2494 simplicita-

181 2500 247 2528 tem
269 2497 346 2528 vitae
368 2496 478 2537 potius
507 2496 714 2537 amplectens.
740 2498 860 2529 Eadem
883 2500 916 2529 et
935 2500 1078 2532 Timaeus
1100 2501 1211 2540 refert,

183 2551 316 2575 causam
331 2543 428 2575 simul
443 2543 609 2584 adjiciens,
627 2553 685 2575 cur
700 2544 745 2575 ita
761 2545 923 2585 popularis
938 2545 1045 2577 luerit.
1060 2547 1114 2579 Ait
1124 2548 1211 2579 enim

180 2599 282 2631 quum
301 2590 462 2622 invitatus
474 2593 560 2622 esset
576 2599 594 2622 a
608 2591 749 2631 quodam
775 2600 815 2623 ex
831 2591 1030 2633 principibus
1047 2602 1084 2625 ac
1107 2603 1213 2634 proce-

181 2637 277 2669 dente
294 2636 459 2677 potatione
474 2645 567 2669 coena
585 2646 650 2668 non
683 2641 918 2678 apponeretur,
933 2639 1028 2670 ceteri
1045 2642 1152 2672 autem
1170 2646 1212 2673 ta-

180 2686 290 2716 cerent
303 2708 312 2724 ‚
328 2684 458 2724 indigne
472 2683 566 2716 illum
584 2684 736 2716 serentem
754 2685 862 2716 inferri
877 2685 1014 2726 jussisse
1031 2697 1038 2718 2
1061 2687 1117 2727 qui
1133 2697 1211 2719 vero

180 2731 271 2762 illum
286 2730 479 2762 invitaverat
487 2730 664 2771 praestolari
672 2739 705 2762 se
712 2731 810 2762 curiae
820 2731 1003 2764 ministrum
1013 2733 1107 2765 dixit.
1116 2737 1147 2766 ls
1157 2734 1211 2766 ubi

181 2778 368 2818 advenerat,
383 2778 524 2810 convivii
540 2777 689 2818 princeps
705 2778 902 2811 constitutus
918 2782 983 2819 est,
1005 2781 1212 2814 convivator-e

137 2827 140 2831 '
180 2826 242 2856 hoc
267 2825 314 2856 ita
339 2825 483 2865 parante.
515 2824 572 2856 llle
600 2827 708 2856 autem
743 2825 924 2865 tyrannidis
953 2826 1079 2858 initium
1097 2828 1212 2859 adum-

180 2871 295 2903 brabat
312 2881 319 2902 ε
334 2871 469 2911 jubebat
481 2871 568 2903 einim
584 2874 639 2903 aut
651 2871 760 2904 hibere
778 2875 834 2904 aut
850 2873 883 2904 in
902 2876 998 2914 capnt
1013 2874 1135 2906 effundi
1151 2884 1212 2906 me-

182 2927 266 2949 rum.
282 2920 374 2950 Tunc
398 2918 497 2958 igitur
518 2919 730 2958 Empedocles
748 2919 849 2950 tacuit
865 2930 872 2950 ;
891 2920 1045 2960 postridie
1066 2930 1140 2953 vero
1158 2930 1211 2952 ve-

180 2968 270 2996 catos
285 2965 320 2996 in
333 2965 492 3005 Judicium
510 2965 678 2998 damnavit
700 2967 874 3007 utrumque
889 2975 926 2998 ac
945 2969 1080 3008 peremit
1095 2968 1210 3000 invita-

181 3013 285 3043 torem
302 3014 334 3044 et
350 3011 493 3043 convivii
514 3012 704 3053 principem.
725 3013 816 3045 Istud
831 3022 906 3054 ergo
929 3015 999 3054 ejus
1026 3014 1211 3058 reipublicae

182 3059 355 3091 tractandae
369 3059 498 3090 initium
511 3058 582 3090 suit.
777 3067 782 3072 ·

546 3179 699 3218 LIBER
734 3181 839 3219 XIV.

662 3261 724 3294 89.

223 3313 375 3346 Homines
391 3315 557 3348 immolare
570 3317 706 3349 desiisse
717 3319 1139 3359 Carthaginiensesjubente
1151 3321 1210 3352 Ge-

977 163 1144 204 TIMAEI
1172 166 1504 209 FRAGMENTA.

1278 261 1348 294 τεῒν
1360 271 1463 310 φησιν
1482 261 1500 296 ὁ
1519 258 1742 314 Θεόφραστος
1758 262 1793 300 ἐν
1805 264 1856 315 τῷ
1871 262 1951 317 περὶ
1962 266 1995 303 T
1997 267 2154 316 υρσηνῶν
2165 266 2304 308 παύσα-

1279 316 1358 352 σθαι
1369 315 1492 360 αὐτοὺς
1509 318 1573 367 (sc.
1584 317 1663 362 τοὺς
1677 320 1965 373 Καρχηδονίους),
1980 322 2136 369 Γέλωνος
2145 327 2303 380 προστά-

1279 371 1408 418 ξαντος.
1428 375 1512 415 ‘'O-tv.
1525 376 1561 415 δὲ
1580 378 1638 416 καὶ
1656 378 1836 418 ἐκέλευσεν
1854 380 1977 424 αὐτοὺς
1994 382 2162 435 χρήματα
2181 385 2303 439 εἰσφέ-

1280 445 1362 483 ρειν,
1373 432 1523 484 Τίμαιος
1539 435 1595 474 διὰ
1610 439 1671 483 τ’ῆς
1682 439 2060 491 τεσσαρεσκαιδεκάτης
2073 441 2302 498 ἀναγέγραφε.

1279 491 1334 528 Cf.
1365 492 1556 535 Plutarch.
1591 497 1871 548 Apophthegm.
1900 512 1937 549 p.
1979 500 2066 548 175,
2085 504 2142 547 A;
2159 504 2298 541 sustin.

1279 552 1384 596 XIX,
1409 565 1442 598 1,
1467 566 1525 589 10.

1757 631 1821 668 90.

1331 699 1458 738 Schol.
1471 701 1582 739 Pind.
1602 703 1662 740 Ol.
1681 706 1739 751 ΙΙ,
1757 718 1828 754 29:
1846 706 2034 754 Ζητεῖται,
2061 706 2107 743 δι’
2128 707 2170 754 ἣν
2189 707 2302 748 αἰτίαν

1277 757 1461 810 εὐξάμενος
1478 762 1528 812 τῷ
1549 760 1693 814 Θήρωνι
1713 761 1757 800 τὰ
1777 762 1967 813 κάλλιστα,
1987 764 2207 804 κατάπαυσιν
2233 768 2302 805 τῶν

1275 817 1501 870 πραχθέντων
1520 819 1638 858 δεινῶν
1660 823 1807 859 αἰτεῖται
1825 821 1883 860 τὸν
1903 822 1982 862 Δία.
2002 823 2072 862 Καὶ
2089 827 2108 862 ὁ
2125 824 2188 876 μὲν
2209 825 2304 879 Ἀρί-

1277 874 1427 929 σταρχός
1441 892 1545 931 φησι,
1565 877 1621 916 διὰ
1642 878 1682 916 τὸ
1713 880 1930 931 κεκμηκέναι
1951 881 2030 926 τοὺς
2048 885 2109 921 τοῦ
2136 884 2304 937 Θήρωνος

1275 934 1428 989 πατέρας
1447 935 1537 974 κατὰ
1553 935 1615 984 τὴν
1637 936 1773 987 Ῥόδον,
1791 942 1861 977 τῶν
1881 940 2100 993 πραγμάτων
2119 946 2303 989 στασιαζο-

1277 993 1404 1044 μένων,
1438 994 1497 1032 καὶ
1524 994 1614 1033 οὕτω
1638 995 1701 1043 τὴν
1732 999 1778 1041 εἷς
1803 998 1867 1044 τὴν
1887 999 2051 1038 Σικελίαν
2079 1001 2299 1051 μετοικεσίαν

1276 1052 1511 1104 στειλαμένων
1522 1070 1530 1077 ·
1550 1057 1568 1092 ὁ
1583 1053 1618 1092 δὲ
1635 1055 1786 1106 Δίδυμος
1803 1057 1843 1095 τὸ
1863 1058 2107 1112 ἀκριὸέστερον
2125 1062 2188 1106 τῆς
2203 1062 2300 1100 ἱστο-

1277 1111 1351 1165 ρίας
1374 1112 1565 1159 ἐκτίθεται,
1585 1113 1746 1167 μάρτυρα
1763 1115 1928 1166 Τίμαιον,
1945 1117 2003 1156 τὸν
2025 1118 2241 1163 συντάξαντα
2259 1119 2304 1159 τὰ

1275 1169 1353 1222 περὶ
1371 1172 1432 1215 τῆς
1450 1170 1633 1219 Σικελίας,
1651 1173 1919 1226 προφερόμενος.
1937 1174 1983 1214 ‘H
1996 1175 2030 1213 δὲ
2045 1176 2181 1230 ἱστορία
2195 1177 2304 1222 οὕτως

1275 1226 1365 1278 ἔχει·
1384 1227 1527 1280 Θήρων,
1546 1232 1564 1267 ὁ
1582 1232 1651 1267 τῶν
1671 1230 1952 1284 Ἀκραγαντίνων
1977 1234 2157 1285 βασιλεὺς,
2178 1237 2206 1274 Γ
2208 1234 2303 1274 έλω-

1274 1301 1306 1323 νι
1325 1288 1375 1338 τῷ
1401 1285 1557 1339 Ἱέρωνος
1582 1288 1719 1342 ἀδελφῷ
1739 1290 1971 1338 ε’πικηδεύσας
2000 1293 2106 1346 γάμῳ
2135 1294 2303 1333 συνάπτει

1272 1343 1336 1390 τὴν
1355 1347 1460 1382 αὑτοῦ
1481 1345 1654 1400 θυγατέρα
1669 1348 1895 1402 Δημαρέτην,
1910 1350 1969 1404 ἀφ’
1984 1347 2026 1399 ἧς
2043 1352 2102 1390 καὶ
2121 1352 2161 1391 τὸ
2177 1355 2304 1405 Δημα-

1275 1399 1402 1454 ρέτειον
1420 1401 1576 1454 νόμισμα
1593 1405 1628 1442 ἐν
1649 1404 1806 1459 Σικελία.
1827 1409 1900 1445 Τοῦ
1919 1406 1956 1445 δὲ
1969 1407 2127 1453 Γέλωνος
2141 1411 2301 1449 τελευτᾶν

1273 1459 1331 1498 τὸν
1354 1460 1427 1513 βίον
1448 1460 1653 1512 μέλλοντος,
1684 1463 1884 1512 Πολύζηλος
1904 1466 2049 1520 ἀδελφὸς
2067 1466 2131 1515 τὴν
2151 1483 2302 1523 στρατη-

1272 1518 1350 1569 γίαν
1372 1519 1431 1558 καὶ
1450 1519 1513 1567 τὴν
1539 1521 1695 1572 γαμετὴν
1715 1526 1776 1561 τοῦ
1797 1524 1946 1578 ἀδελφοῦ
1967 1524 2184 1578 διαδέχεται,
2211 1527 2303 1565 κατὰ

1271 1577 1333 1621 τὰς
1361 1577 1519 1623 Γέλωνος
1551 1584 1612 1618 τοῦ
1635 1582 1785 1635 ἀδελφοῦ
1807 1582 2029 1635 προστάξεις·
2056 1583 2148 1623 ὥστε
2165 1585 2206 1624 τὸ
2225 1585 2302 1633 Θή-

1273 1651 1379 1689 ρωνος
1397 1638 1444 1680 εἷς
1461 1637 1606 1676 Γέλωνα
1629 1640 1733 1686 κῆδος
1764 1641 1812 1683 εἷς
1839 1640 1897 1679 τὸν
1919 1641 2122 1691 Πολύζηλον
2150 1659 2300 1695 μετατε-

1275 1698 1419 1733 θεῖσθαι.
1435 1697 1599 1750 Λαμπρῷ
1619 1697 1653 1735 δὲ
1671 1700 1765 1751 αὐτῷ
1785 1699 1843 1737 καὶ
1858 1699 2080 1755 περιὸλέπτῳ
2092 1703 2301 1755 τυγχάνοντι

1271 1753 1363 1792 κατὰ
1379 1753 1442 1801 τὴν
1461 1755 1626 1794 Σικελίαν
1651 1755 1770 1811 Ἱέρων
1799 1758 1994 1811 φθονήσας,
2015 1763 2033 1798 ὁ
2053 1761 2218 1815 ἀδελφὸς,
2239 1762 2299 1800 καὶ

1273 1811 1447 1866 πρόφασιν
1473 1814 1691 1867 σκεψάμενος
1713 1815 1772 1855 τὸν
1795 1817 1880 1870 πρὸς
1906 1818 2104 1872 Συὸαρίτας
2132 1819 2299 1871 πόλεμον,

1273 1871 1460 1910 ἀπελαύνει
1478 1875 1541 1920 τῆς
1553 1874 1728 1927 πατρίδος.
1744 1875 1849 1914 Ἀλλὰ
1867 1876 1926 1914 καὶ
1949 1881 2070 1916 τοῦτον
2090 1878 2300 1932 κατώρθωσε

1271 1929 1330 1968 τὸν
1347 1929 1499 1982 πόλεμον
1520 1935 1539 1970 ὁ
1558 1932 1772 1981 Πολύζηλος.
1798 1933 1844 1973 Ὁ
1862 1934 1916 1984 δὲ,
1945 1935 1994 1986 μὴ
2019 1935 2146 1991 φέρων,
2164 1936 2298 1989 γυμνό-

1271 2003 1368 2042 τερον
1396 1990 1501 2027 αὐτοῦ
1529 1997 1735 2045 κατηγορεῖν
1756 1994 1918 2047 ἐπειρᾶτο
1943 2000 2195 2049 νεωτερισμοῦ·
2238 1996 2298 2034 καὶ

1271 2046 1362 2086 οὕτω
1379 2047 1437 2086 τὸν
1452 2048 1626 2102 Θήρωνα,
1646 2052 2029 2105 ὑπεραγανακτήσαντα
2043 2055 2208 2109 θυγατρὸς
2224 2055 2298 2107 ἅμα

1271 2107 1331 2145 καὶ
1349 2108 1530 2161 γαμὸροῦ,
1551 2109 1718 2163 συῤῥῆξαι
1752 2111 1837 2165 πρὸς
1862 2112 2006 2166 Ἱέρωνα
2023 2113 2176 2166 πόλεμον
2201 2114 2298 2168 παρὰ

1269 2259 1345 2282 vero
1359 2252 1494 2292 jussisse
1512 2262 1568 2285 eos
1595 2254 1693 2287 etiam
1715 2258 1883 2298 argentum
1900 2257 2024 2292 solvere
2046 2259 2189 2293 Timaeus
2215 2261 2298 2295 libro

1269 2300 1384 2337 quarto
1403 2299 1528 2332 decimo
1547 2301 1672 2334 scribit.

1753 2375 1816 2407 90.

1313 2434 1493 2474 Quaeritur,
1508 2444 1607 2475 quam
1631 2436 1673 2468 oh
1689 2446 1819 2469 causam
1845 2438 1984 2471 Theroni
2008 2439 2130 2480 optima
2157 2449 2298 2483 quaeque
2311 2468 2320 2483 ,ξ

1269 2482 1436 2520 precatus,
1454 2481 1550 2513 finem
1567 2483 1724 2515 malorum
1737 2508 1746 2523 ‚
1767 2494 1840 2525 quae
1857 2484 2048 2525 acciderint,
2061 2495 2080 2518 a
2097 2489 2181 2519 Jove
2196 2489 2293 2528 petat.
2312 2487 2320 2529 'j

1269 2528 1375 2567 Atque
1392 2528 1597 2569 Aristarchus
1612 2530 1742 2571 quidem
1764 2531 1842 2563 dicit
1860 2542 1867 2563 :
1887 2545 1902 2559 «
1920 2533 2008 2573 quod
2023 2534 2180 2567 Theronis
2198 2535 2296 2576 majo·
2309 2529 2320 2573 ,ἲ

1270 2582 1319 2605 res
1336 2574 1369 2605 in
1384 2574 1497 2606 Rhodo
1511 2576 1595 2608 mala
1613 2577 1756 2618 perpessi
1777 2580 1873 2615 sunt,
1893 2588 1994 2619 quum
2011 2580 2191 2620 respublica
2211 2572 2320 2626 esset}

1267 2620 1299 2651 in
1315 2620 1471 2654 seditione
1486 2631 1587 2663 eaque
1602 2633 1642 2655 ex
1651 2633 1748 2656 causa
1756 2625 1880 2657 colonia
1891 2626 1922 2657 in
1934 2626 2074 2658 Siciliam
2084 2627 2261 2660 decederet.
2277 2611 2320 2656 „i

1267 2667 1426 2707 Didymus
1447 2677 1524 2700 vero
1550 2672 1733 2703 accuratius
1754 2672 1921 2704 historiam
1943 2674 2099 2714 exponit,
2125 2670 2320 2720 'rimaemu‚.{

1266 2713 1322 2753 qui
1331 2713 1370 2745 de
1377 2715 1556 2747 Siculorum
1566 2717 1660 2749 rebus
1674 2718 1813 2758 scripsit,
1825 2720 1940 2751 testem
1952 2719 2119 2752 adhibens.
2130 2722 2193 2753 Res
2206 2719 2320 2762 itase3

1267 2759 1362 2791 habet
1382 2770 1389 2790 :
1408 2761 1512 2793 Thero
1527 2763 1808 2803 Agrigentinorum
1823 2774 1879 2797 rex
1909 2775 1982 2797 cum
1999 2766 2120 2798 Gelone
2146 2761 2320 2823 Hieronis}¹

1266 2806 1364 2838 fratre
1396 2807 1551 2840 affinitate
1564 2818 1598 2840 se
1613 2811 1794 2852 conjunxit,
1813 2812 1909 2843 liliam
1942 2821 2034 2844 suam
2051 2815 2250 2846 Demaretam
2264 2812 2320 2862 Q

1269 2852 1351 2884 dans
1368 2853 1399 2884 in
1419 2855 1675 2895 matrimonium,
1696 2867 1715 2888 a
1726 2867 1791 2898 qua
1808 2859 1931 2893 nummi
1948 2860 2120 2892 Demaretii
2137 2860 2169 2892 in
2185 2859 2320 2907 Sicilia3{

1267 2908 1385 2931 nomen
1402 2900 1529 2932 habent.
1549 2904 1657 2938 Quum
1683 2912 1757 2935 vero
1780 2913 1867 2936 mors
1883 2905 1995 2937 Geloni
2011 2907 2211 2946 immineret,
2234 2906 2315 2946 Po-»ss

1266 2946 1386 2986 lyzelus
1409 2947 1506 2978 frater
1518 2949 1679 2980 exercitus
1693 2951 1915 2990 praefecturam
1927 2953 1960 2983 et
1975 2952 2080 2984 fratris
2094 2962 2227 2985 uxorem
2240 2946 2320 3007 aie-³³1}

1266 2994 1362 3033 cepit,
1381 2994 1514 3033 jubente
1528 2995 1656 3035 Gelono,
1675 2995 1719 3028 ita
1737 3000 1772 3028 ut
1787 2998 1937 3036 affinitas,
1952 3008 2026 3039 quae
2041 3000 2179 3031 Theroni
2197 2997 2316 3045 inter-*13⁴

1265 3043 1405 3072 cesserat
1421 3050 1495 3072 cum
1519 3042 1637 3074 Gelone
1650 3067 1658 3082 ,
1683 3044 1722 3075 ad
1740 3044 1925 3084 Polyzelum
1947 3045 2183 3078 transferretur:
2206 3046 2312 3086 Huicg¹

1265 3095 1363 3125 ver0,
1388 3087 1444 3127 qui
1468 3088 1574 3120 clarus
1602 3091 1687 3121 esset
1711 3098 1748 3121 ac
1767 3091 1962 3131 conspicuus
1977 3091 2010 3123 in
2026 3091 2152 3132 Sicilia,
2173 3092 2315 3126 invidit*

1265 3133 1361 3165 Hiero
1375 3133 1481 3173 frater,
1497 3137 1594 3175 atque
1607 3135 1738 3175 bellum,
1751 3137 1837 3177 quod
1855 3138 2022 3178 gerebatur
2034 3147 2108 3170 cum
2119 3139 2311 3180 Sybaritis,?:

1266 3188 1397 3212 sumens
1419 3181 1567 3214 obtentui
1591 3183 1728 3214 removit
1749 3193 1823 3215 eum
1842 3193 1861 3215 a
1886 3185 1999 3224 patria.
2021 3186 2081 3218 Sed
2108 3187 2206 3219 etiam
2227 3179 2320 3224 lton-{u

1266 3225 1384 3258 bellum
1395 3227 1528 3260 feliciter
1541 3229 1639 3269 gessit
1652 3229 1830 3270 Polyzelus.
1844 3231 1900 3263 llle
1915 3240 2003 3270 vero,
2020 3233 2080 3265 hoc
2092 3242 2156 3265 non
2170 3233 2284 3272 serena,
2294 3231 2320 3242 ⁷⁷

1265 3273 1405 3313 apertius
1423 3282 1498 3306 cum
1514 3283 1665 3306 accusare
1674 3278 1808 3307 conatus
1818 3279 1867 3308 est
1877 3277 1977 3309 studii
1998 3287 2103 3309 rerum
2117 3285 2314 3310 novarum-⁶<

1266 3322 1378 3360 ltaque
1390 3321 1568 3353 Ther-onem
1580 3345 1590 3361 ,
1605 3325 1846 3355 succensentem
1863 3327 1895 3355 et
1911 3326 2039 3365 propter
2054 3325 2152 3357 liliam
2170 3327 2204 3358 et
2217 3332 2299 3366 pro-7

183 3357 266 3399 lone,
284 3360 379 3391 tradit
392 3361 633 3402 Theophrastus
656 3364 688 3395 in
706 3364 787 3396 libro
805 3365 844 3397 de
863 3366 1055 3406 Tyrrhenis;
1069 3366 1207 3400 eundem
1233 3365 1237 3382 ¹
1267 3368 1338 3407 pter
1361 3376 1531 3408 generum,
1550 3377 1691 3410 pugnam
1714 3370 1912 3403 commisisse
1935 3380 2010 3403 cum
2030 3372 2168 3405 Hierone
2189 3378 2287 3413 prope
