2320 3684
758 136 1070 177 PHILOCHORI
1101 137 1427 178 FRAGMENTA.
2076 147 2118 180 41
2131 148 2151 179 5

33 247 119 286 φησι
146 228 361 282 Φιλόχορος,
395 226 494 280 ἔργον
521 224 608 263 εἰσιν
637 223 829 276 ἀγάλματα
863 223 1065 296 ἔννεαπήχη
1123 223 1268 264 Οἴονται
1285 225 1322 262 δὲ
1330 224 1463 278 ,φησὶν
1479 226 1498 263 ὁ
1515 223 1769 280 Ἀπολλόδωρος
1781 255 1792 275 ,
1810 225 1882 266 ἀπὸ
1897 227 1966 265 τῶν
1983 228 2071 267 ἑλῶν
2086 245 2153 267 των

35 290 252 332 Ποσειδῶνος
287 284 348 325 καὶ
373 283 602 339 Ἀμφιτρίτης
635 285 671 322 ἐν
702 281 811 335 Τήνῳ
846 282 1066 336 προσκυνού-
1122 283 1203 337 περὶ
1221 299 1262 322 το
1279 282 1370 338 ἱερὸν
1389 283 1482 322 οὕτω
1498 285 1693 324 καλεῖσθαι.

32 366 134 403 μενα
1177 344 1393 395 Stephanus
1411 345 1501 394 Byz.
1515 357 1546 382 s.
1559 357 1594 383 v.
1613 342 1790 383 Ἑλλοπία
1808 357 1876 382 sua
1896 345 2076 383 sumsisse
2089 347 2154 383 vi-

1125 403 1238 441 detur
1257 416 1302 441 ex
1326 403 1570 442 Philochoro.

1564 478 1727 491 ---o·-—

382 461 714 504 ΗΠΕΙΡΩΤΙΚΑ.

504 537 592 576 186.

85 606 225 646 Suidas
259 619 297 643 v.
325 601 509 656 Βούχεταε
530 599 641 645 Πόλις
677 600 751 639 ἐστὶ
789 602 853 647 τῆς
872 598 1067 653 Ἠπείρου,

33 664 221 720 οὐδετέρως
237 663 297 702 καὶ
316 663 559 710 πληθυντικῶς
579 658 771 712 λεγομένη,
790 658 833 706 ἥν
853 674 940 713 φησι
956 658 1070 697 Φιλό-

33 740 136 779 χορος
153 722 356 775 ὠνομάσθαι
370 721 469 760 διὰ
437 737 476 760 το
491 720 555 768 ἰ-ὴν
569 718 686 771 Θέμιν
703 718 761 757 ἐπὶ
776 718 853 771 βοὸς
872 716 1068 771 ὀχουμένην

33 785 182 823 ἐλθεῖν’
166 788 237 822 εκεῖ
255 780 348 821 κατὰ
367 780 426 820 τον
444 778 684 822 Δευκαλίωνος
698 776 960 829 κατακλυσμόν.

88 843 226 882 Suidas
238 842 379 894 repetit
407 841 490 879 haec
509 853 539 878 5.
558 853 594 878 v.
609 836 737 890 Θέμις.
759 837 833 877 Sed
848 841 1069 889 Harpocra-

36 903 131 942 tion.
153 916 181 941 5.
196 916 234 940 v.
255 899 436 954 Βούχετα,
454 913 504 938 ex
523 912 602 951 quo
619 898 753 938 Suidas
779 897 932 946 hausit,
951 896 1071 935 habet

51 961 134 1009 ..ἣν
149 959 413 1014 Φιλοστέφανος
432 959 467 997 ἐν
491 963 562 1002 τοῖς
577 957 844 1011 Ἤπειρωτικοῖς
866 955 1071 1007 ὠνομάσθαι

35 1021 121 1076 φησὶ
138 1019 195 1059 διὰ
214 1020 254 1059 τὸ
276 1018 339 1067 τὴν
359 1034 393 1057 κ.
416 1034 448 1057 τ.
460 1019 493 1056 λ.
504 1026 571 1067 ,et
599 1017 836 1056 Phavorinus
852 1016 890 1054 h.
911 1030 949 1054 v.
969 1016 1072 1054 exhi-

34 1082 101 1121 bet
111 1080 406 1136 Φιλοστέφανος’
390 1095 425 1118 εν
444 1084 515 1123 τοῖς
534 1079 778 1121 Φιλιππικοῖς.
795 1078 930 1117 Suldas
939 1091 1070 1115 veram

34 1142 263 1209 scripturam
277 1139 460 1179 exhibere
475 1138 590 1177 nobis
607 1137 783 1176 videtur:
798 1151 886 1175 nam
905 1151 952 1175 ex
966 1137 1070 1175 Pha—

34 1201 172 1239 vorino
190 1201 327 1249 elucet,
347 1199 395 1237 de
411 1197 704 1249 Philostephani
727 1197 934 1248 Epiroticis
954 1196 1071 1234 dubi-—

36 1268 158 1298 tatum
174 1273 277 1308 esse,
295 1273 343 1297 ex
360 1258 535 1310 sequenti
550 1271 643 1295 vero
660 1257 876 1307 fragmento
894 1256 1073 1323 colligere

35 1332 262 1371 possumus,
293 1317 568 1356 Philochorum
606 1316 806 1367 Epirotica
848 1315 1070 1366 scripsisse:

36 1388 152 1430 atque
170 1386 326 1416 tuentur
355 1376 484 1415 Suidae
513 1376 719 1414 lectionem
751 1383 915 1427 utraque
951 1374 1071 1413 editio
1094 1377 1173 1877 ι

1398 522 1521 561 ΠΕΡΙ
1549 522 1880 564 ΕΥΡΗΜΑΤΩΝ.

1607 593 1692 632 188.

1180 660 1305 698 Schol.
1326 661 1476 700 Victor.
1506 663 1554 701 ad
1582 667 1741 704 Homer.
1770 665 1814 703 Il.
1842 665 1898 712 Σ,
1918 664 2023 712 570.
2046 663 2092 705 H
2122 664 2160 704 δὲ

1125 717 1217 815 ngr&
1236 719 1341 758 Λίνον
1361 720 1498 774 ἱστορία
1523 723 1621 775 παρὰ
1638 722 1829 777 Φιλοχόρῳ
1847 725 2038 777 ἱστορεῖται
2060 726 2096 763 ἐν
2115 727 2159 777 τῇ

1128 793 1138 814 l.

1181 840 1256 874 Pro
1272 837 1307 875 ἐν
1325 839 1369 890 τῇ
1393 839 1433 875 ιθ’
1456 839 1660 879 Boeckhius
1680 841 1727 879 de
1740 842 1975 880 Philochoro
1997 841 2162 894 conjecit
2190 867 2193 870 ,

1127 897 1162 934 ἓν
1175 898 1220 948 τῇ
1233 895 1381 942 Ἀτθίδα
1401 897 1469 934 sed
1490 899 1648 936 fortasse
1662 899 1762 937 liber
1775 900 1823 937 de
1832 901 2002 939 Inventis
2020 914 2163 952 appen-

1127 954 1193 992 dix
1217 963 1299 993 erat
1324 955 1503 994 atthidis
1521 957 1621 995 Vide
1639 957 1788 997 dissert.
1818 959 1865 998 de
1879 960 2052 998 Philoch.
2071 960 2163 998 scri-

1127 1015 1217 1066 ptis.

1611 1087 1696 1126 189.

1181 1155 1545 1207 Ε111105155.Λίνος,
1567 1171 1606 1209 p
1627 1172 1724 1207 277:
1738 1157 1860 1207 Λίνος,
1878 1159 2054 1212 Οὐρανίας
2073 1160 2163 1209 υιὸς,

1127 1217 1219 1270 ᾧδης
1249 1232 1342 1260 τινος
1380 1216 1541 1270 ευρετής·
1568 1216 1606 1256 ὃν
1636 1218 1770 1256 ἀνεῖλεν
1800 1217 1992 1292 ’Af‘fflm'
2010 1218 2086 1258 ἐπεὶ
2104 1235 2163 1258 τον

1127 1276 1220 1315 λίνον
1239 1275 1440 1320 καταλύσας
1462 1277 1605 1331 χορδαῖς
1629 1275 1844 1315 ἐνέτεινεν”
1823 1293 1982 1332 οργανον.
2008 1277 2166 1330 Ομοίως

1129 1334 1189 1373 καὶ
1220 1333 1422 1389 Φιλόχορός
1448 1351 1553 1389 φησιν
1581 1335 1649 1374 ὑπὸ
1679 1335 1896 1381 Ἀπόλλωνος
1922 1338 2165 1411 ἀναιρεθῆναι,

1128 1393 1214 1433 διότι
1231 1409 1369 1447 πρωτος
1386 1394 1444 1433 τὸν
1464 1394 1557 1434 λίνον
1577 1394 1778 1440 καταλυσας
1799 1397 1945 1450 χορδῇ’
1931 1395 2105 1450 εχρήσατο
2119 1397 2168 1441 εἷς

39 1438 176 1477 Aldina
190 1434 509 1489 Harpocrationis
524 1443 562 1473 et
573 1438 696 1485 Etym.
710 1437 762 1472 M.
1128 1469 1297 1506 μουσιχης
1316 1452 1474 1506 ὄργανον

271 1531 277 1538 .
509 1503 596 1541 187.

92 1570 218 1610 Strab.
238 1572 329 1618 VII,
347 1583 386 1620 p.
410 1570 501 1619 379,
521 1581 589 1606 seu
609 1567 684 1605 505
702 1567 766 1619 (40
786 1567 924 1606 Tzsch
930 1566 965 1618 ):
981 1567 1072 1622 Περὶ

0 1643 2 1646 ’
39 1629 77 1669 δὲ
95 1628 292 1678 Δωδώνης,
311 1627 391 1672 τους
411 1626 474 1680 μὲν
505 1642 767 1682 περιοικουντας
794 1626 835 1665 τὸ
862 1626 968 1680 ἱερον,
986 1626 1074 1666 διότι

11 1725 15 1728 ,
36 1687 228 1743 βάρὸαροι,
266 1689 428 1742 διασαφεῖ
450 1686 510 1726 καὶ
530 1689 549 1726 ὁ
564 1686 728 1740 ς’ςΟμηρο
755 1687 796 1724 ἐκ
825 1702 889 1733 της
917 1686 1072 1737 διαίτης,

12 1759 22 1763 “’
39 1747 295 1796 ἄνιπτόποδας,
315 1761 533 1821 χαμαιευνας
550 1744 684 1797 λέγων·
704 1744 890 1799 πότερονδ
892 1744 992 1799 ὲχρὴ
1015 1746 1074 1784 λέ-

38 1822 110 1860 γειν
127 1805 278 1851 Ἓλλους
290 1837 301 1855 ,
319 1807 366 1850 ὥς
383 1805 577 1860 Πίνδαρος,
593 1804 617 1852 ἢ
634 1804 806 1852 Σελλους,
826 1806 873 1848 ὡς
889 1807 1074 1844 ὖπονοουσι

39 1866 123 1920 παρ’
142 1864 293 1920 Ομηρῳ
318 1867 473 1914 κεῖσθαι,
490 1867 513 1912 ἦ
537 1863 655 1919 γραφὴ
676 1863 870 1918 ἀμφίὸολος
894 1857 982 1903 ουσα
1012 1866 1075 1903 οὐκ

39 1927 80 1979 ἐᾷ
97 1924 381 1979 διισχυρίζεσθαι.
412 1923 612 1978 Φιλόχορος
643 1922 682 1962 δέ
707 1939 812 1978 φησι,
829 1922 889 1962 καὶ
909 1923 968 1962 τὸν
994 1923 1074 1978 περὶ

41 1984 214 2032 Δωδώνην
230 1982 350 2033 τόπον,
365 1982 484 2038 ὥσπερ
502 1983 566 2031 τὴν
587 1982 754 2032 Εὔὸοιαν,
772 1983 965 2023 Ἑλλοπίαν
983 1984 1076 2031 κλη-

40 2045 158 2091 θῆναι·
175 2043 235 2082 καὶ
251 2041 319 2096 γὰρ
333 2041 495 2081 Ἥσιόδον
515 2041 606 2081 οὕτω
624 2041 752 2094 λέγειν·

1400 1585 1526 1624 ΠΕΡΙ
1553 1585 1662 1623 MAN
1666 1584 1825 1624 ΤΙΚΗΣ
1854 1584 1897 1623 δ.

1606 1655 1692 1693 190.

1184 1726 1299 1765 Clem
1319 1727 1429 1764 Alex.
1461 1727 2168 1780 51101111,ρ.334,]),5γ11>.;’ορ-

1130 1782 1198 1837 φέα
1215 1783 1415 1837 Φιλόχορος
1435 1784 1560 1836 μάντιν
1579 1787 1712 1839 ἱστορεῖ
1731 1785 1891 1837 γενέσθαι
1912 1787 1947 1825 ἐν
1966 1788 2017 1840 τῷ
2038 1786 2168 1840 πρώτῳ

1130 1842 1210 1896 περὶ
1228 1859 1411 1895 μαντικης.

1603 1915 1690 1954 191.

1186 1979 1315 2017 Schol.
1359 1979 1494 2031 Eurip.
1540 1980 1675 2018 Alcest.
1712 1993 1823 2029 971:
1845 1977 2042 2034 Φιλόχορος
2070 1980 2106 2018 ἓν
2136 1979 2170 2018 α’

1131 2038 1212 2092 περὶ
1242 2054 1413 2090 μαντικης
1434 2039 1611 2087 ἐκτίθησιν
1639 2041 1744 2078 αὐτοῦ
1777 2038 2167 2093 (Ὀρφέως)ποιήματα
2203 2040 2209 2044 ’

1132 2095 1260 2150 ἔχοντα
1283 2096 1411 2141 ουτως·
1431 2096 1574 2137 «Οὔτοι
1602 2097 1780 2151 ἀριστερὸς
1811 2098 1884 2149 εἷμὶ
1901 2098 2166 2151 θεοπροπίας,>

163 2120 255 2153 Ἔστι
267 2132 314 2158 τις
327 2120 488 2161 Ἑλλοπίη,
503 2121 668 2158 πολυλήϊος
682 2121 731 2159 ἠδ’
746 2119 908 2161 εὐλείμων·

1133 2156 1276 2200 ἅστινας
1294 2155 1514 2210 κατέγραψεν
1535 2159 1582 2200 εἷς
1601 2156 1754 2201 σανιδας.

164 2167 269 2200 ἐνθάδε
279 2168 417 2206 Δωδώνη
433 2179 478 2205 τις
491 2167 539 2200 ἐπ’
557 2167 687 2210 ἐσχατιῇ
709 2167 907 2200 πεπόλισται.

40 2297 116 2329 sunt
143 2294 317 2327 simulacra
340 2293 481 2335 Neptuni
504 2296 537 2326 et
563 2294 774 2336 Amphitrites
799 2303 917 2326 novem
945 2293 1073 2327 cubitos

42 2342 218 2384 aequantia,
239 2350 327 2382 quae
323 2341 362 2373 111
378 2343 466 2374 Τ5110
482 2341 671 2374 adorantur.

1467 2298 1535 2337 DE
1565 2296 1826 2336 INVENTIS.

1607 2379 1695 2412 188.

408 2441 698 2481 EPIROTICA.
1175 2442 1223 2473 De
1250 2442 1333 2474 Lino
1358 2444 1508 2476 narratur
1538 2443 1623 2485 apud
1656 2443 1885 2476 Philochorum
1919 2441 2001 2474 libro
2038 2441 2168 2474 undevi-

515 2508 604 2541 186
1135 2497 1269 2522 ceSlmO·

85 2560 247 2601 Bucheta,
268 2558 345 2592 urbs
363 2562 414 2592 est
428 2559 541 2601 Epiri,
559 2560 684 2601 generis
705 2559 853 2592 neutrius
877 2561 910 2592 et
940 2559 1076 2601 pluralis
1607 2545 1696 2578 139·

43 2607 193 2640 numeri:
213 2616 311 2648 quam
336 2606 550 2640 Philochorus
566 2608 612 2640 ait
632 2608 680 2640 sic
700 2608 821 2640 dictam
846 2607 965 2646 fuisse,
987 2607 1076 2648 quod

43 2655 188 2736 Themist·
189 2657 336 2698 tempore
356 2655 472 2688 diluvii
488 2655 697 2689 Deucalionei
714 2655 799 2688 hove
814 2656 908 2687 vecta
929 2631 1006 2686 illuc
1028 2663 1076 2686 ac-

44 2702 162 2735 5555511

1176 2601 1289 2642 Linus,
1306 2602 1436 2634 Uraniae
1451 2602 1548 2642 filius,
1564 2603 1696 2635 cantum
1722 2601 1883 2642 quendam
1901 2599 2043 2639 invenit,
2067 2607 2164 2639 quem

1135 2648 1254 2681 occidit
1268 2649 1401 2690 Apollo,
1419 2648 1507 2690 quod
1523 2650 1591 2681 lino
1607 2650 1770 2687 detracto,
1796 2646 1933 2679 chordas
1949 2646 2165 2677 instrumento

1134 2703 1338 2742 intenderat;
1363 2702 1512 2735 similiter
1535 2704 1632 2736 etiam
1655 2702 1867 2735 Philochorus
1887 2699 1929 2732 ab
1956 2698 2102 2739 Apolline
2117 2697 2167 2729 ait

517 2751 605 2784 187.
1136 2759 1212 2783 511111
1227 2749 1431 2782 interfectum
1444 2758 1527 2789 5555,
1538 2750 1625 2791 quod
1637 2750 1762 2791 primus
1776 2747 1842 2779 lino
1851 2746 1994 2779 detracto
2010 2743 2164 2776 chordam

86 2801 179 2840 Quod
209 2803 250 2835 ad
277 2802 447 2835 Dodonam
479 2804 620 2843 attinet,
660 2811 716 2836 eos
757 2802 814 2844 qui
849 2802 934 2834 circa
963 2801 1076 2834 fanum
1135 2797 1355 2829 instrumento
1372 2796 1498 2828 musico
1514 2796 1802 2829 accommodasset.

46 2846 127 2881 illud
145 2849 350 2890 habitarunt,
375 2849 530 2883 barbaros
552 2850 673 2890 fuisse,
693 2851 853 2882 Homerus
878 2858 1008 2891 quoque
1024 2849 1076 2881 de·
1533 2867 1785 2884 w

48 2895 217 2928 scribenda
243 2906 357 2929 eorum
382 2897 490 2930 victus
506 2897 632 2930 ratione
647 2897 872 2936 demonstrat,
923 2897 958 2928 ui
974 2896 1076 2929 illotis

48 2950 104 2976 eos
135 2943 274 2985 pedibus
289 2944 449 2985 incedere
466 2947 499 2977 et
514 2945 607 2977 humi
625 2944 744 2977 cubare
757 2944 846 2976 dicit.
862 2905 929 2982 Qltlli
950 2953 992 2976 an
1010 2944 1077 2976 sint
1189 2925 1258 2964 DE
1286 2923 1633 2963 DIVINATIONE
1672 2921 1812 2960 LIBRI
1846 2919 2110 2969 QUATUOR·

49 2989 131 3023 nelli
146 2991 339 3032 appellandi,
352 2994 389 3024 ut
402 2992 560 3025 Pindarus
574 2992 662 3033 facit,
677 3001 718 3025 an
734 3001 812 3024 vero
829 2992 916 3031 Selii,
935 2992 1019 3024 sicut
1034 2991 1075 3023 ab
1611 3006 1697 3038 190

49 3036 189 3069 nomem
205 3037 305 3070 fuisse
330 3038 486 3080 scriptum
506 3039 672 3080 iudicant,
696 3038 890 3079 ambiguitas
907 3038 1076 3079 scripturae

50 3088 115 3114 nou
126 3081 205 3115 sinit
217 3086 254 3116 ut
272 3084 517 3116 contendamus.
531 3087 582 3117 Ex
601 3085 788 3117 Philochori
812 3084 970 3117 sententia
985 3084 1076 3116 locus
1176 3065 1389 3098 Ph¹¹⁰⁰h⁰m⁵
1409 3063 1492 3096 ¹¹br⁰
1517 3072 1623 3105 pr¹m⁰
1648 3063 1689 3096 de
1711 3063 1924 3097 D¹V¹¹¹³t¹⁰¹¹e
1939 3064 2104 3106 orpheum
2121 3063 2163 3096 ³¹⁸

50 3128 134 3161 circa
149 3130 337 3170 Dodonam,
351 3132 463 3164 itidem
481 3134 518 3164 ut
537 3132 682 3173 Euboea‚
700 3132 848 3174 Hellopia
866 3132 1009 3165 dicitur:
1031 3131 1077 3164 ait
1135 3113 1243 3145 vatem
1259 3112 1369 3144 f¹¹¹s⁸e⁰

51 3174 138 3208 enim
150 3177 197 3209 515
212 3186 324 3211 canere
339 3179 541 3211 Hesiodum:
1607 3171 1622 3202 ¹
1631 3169 1695 3202 9¹·

113 3230 256 3271 Hellopia
272 3238 317 3261 est
332 3233 486 3272 quaedam
501 3235 661 3273 pratisque
675 3235 741 3273 agri
743 3243 820 3273 sque
834 3232 972 3272 referta,
1177 3234 1388 3266 Philochorus
1437 3232 1521 3264 libio
1557 3232 1662 3274 primo
1693 3232 1733 3266 (15
1756 3233 1962 3265 Divinatione
1991 3232 2084 3265 affert
2109 3235 2165 3265 Or·

1135 3282 1210 3324 phei
1225 3280 1380 3319 carmina,
1397 3281 1432 3313 in
1446 3280 1564 3321 quibus
1578 3280 1626 3312 sic
1638 3280 1796 3321 scriptum
1818 3281 1893 3313 est:
1910 3282 2017 3313 «Non
2031 3281 2162 3333 ignarus

1135 3338 1209 3362 sum
1226 3328 1463 3360 vaticiniorum.
1482 3327 1682 3360 »Vaticinia
1703 3328 1772 3359 haec
1796 3327 1924 3360 tabellis
1944 3328 2093 3369 Orpheus
2119 3327 2151 3358 in

1135 3374 1274 3416 scripsit.

114 3276 203 3315 cujus
216 3277 249 3306 in
264 3284 403 3308 extremo
417 3281 549 3310 Dodona
564 3287 610 3311 est
624 3280 784 3311 aedificata.

53 3327 194 3360 censent
207 3333 334 3370 autem,
351 3331 458 3372 inquit
473 3333 708 3373 Apollodorus,
722 3341 741 3364 a
754 3331 927 3374 paludibus
942 3330 1074 3371 (ἕλεσι),

0 3421 4 3430 .
54 3380 127 3414 quoe
137 3376 214 3408 sunt
225 3376 310 3408 circa
323 3378 492 3419 templum.
510 3379 556 3410 sic
570 3387 626 3411 eos
645 3379 757 3411 dictos.
