2320 3684
793 162 1108 201 PHERECYDIS
1136 163 1467 203 FRAGMENTA.
2122 172 2169 206 73

65 253 127 293 καὶ
144 251 252 293 Θέτιν
272 251 330 291 ἐπὶ
346 253 415 290 τῶν
430 249 548 289 ἵππων
564 248 695 291 τούτων
715 247 823 300 ἄγων,
836 250 924 286 οἰκεῖ
940 249 974 286 ἐν
989 250 1093 300 Φαρ-

66 311 178 365 σάλῳ,
197 310 257 349 καὶ
280 311 315 349 ἐν
331 308 513 361 Θετιδείῳ,
530 307 549 346 ὃ
566 308 726 346 καλεῖται
761 305 832 344 ἀπὸ
862 309 924 353 τῆς
948 305 1094 350 Θέτιδος

67 374 88 418 ἡ
108 369 218 413 πόλις.
239 387 255 404 ι)

120 432 278 466 Tzetzes
313 426 363 464 ad
398 424 592 475 Lycophr.
628 423 725 471 175:
746 421 792 473 ‘Q
822 420 980 469 Πηλεὺς,
1000 419 1093 481 κατα

68 484 270 539 Φερεκύδην
290 480 492 534 καθαίρεται
516 482 574 519 ὑπ’
592 479 760 534 Εὐρύτου,
777 484 838 518 τοῦ
854 478 1018 531 Ἄκτορος
1029 508 1038 526 ,
1054 482 1092 517 οὗ

69 542 240 596 θυγατέρα
258 539 456 592 Ἀντιγόνην
468 538 662 591 λαμὸάνει,
680 537 931 592 ἀναρτηθείσης
949 537 986 576 δὲ
1006 537 1094 576 ἐκεί-

67 617 147 651 νης,
165 600 279 655 ᾤχετο
298 601 346 643 εἷς
364 597 493 651 Φθίαν,
511 597 572 637 καὶ
595 596 702 638 Θέτιν
728 598 835 649 ἄγων,
860 596 918 635 ἐπὶ
945 598 1015 635 τῶν
1033 595 1094 635 ἵπ-

67 675 143 698 πων
156 658 235 706 ἥκει
255 659 291 696 ἐν
311 655 510 710 Φαρσάλῳ,
529 655 590 695 καὶ
610 655 794 708 Θετιδείῳ,
810 655 829 695 ὃ
847 656 1007 694 καλεῖται
1024 654 1093 693 ἀπὸ

67 720 129 765 τ’ἥς
147 716 294 761 Θέτιδος
317 719 340 764 ἡ
359 711 472 760 πόλις.
502 715 610 755 ἽΙκει
638 725 700 767 ap.
719 719 843 754 TzetZ.
864 715 1092 760 mutandum

67 776 223 814 videtur
251 777 291 814 in
326 776 431 823 οἰκεῖ,
449 775 555 826 quod
568 774 823 813 habetSchol.
838 773 1093 812 Pind.-Pro

67 833 252 887 Φαρσάλῳ
270 834 386 885 vulgo
413 834 552 884 legitur
583 831 780 886 Φαργάλῳ.
798 832 926 871 Verba
945 834 968 879 ἡ
994 831 1095 876 πόλις

67 902 157 944 post
191 892 337 935 Θέτιδος
369 891 578 943 utrobique
600 892 743 930 delevit
773 891 945 930 Sturzius
977 903 1094 928 suasu

67 951 206 1001 Heynii
240 950 289 988 ad
315 950 597 1002 Apollodorum
619 964 658 1002 p.
679 951 768 1000 795,
788 950 855 988 sed
877 950 959 988 sine
974 949 1094 987 dubio

67 1009 256 1048 servanda
269 1002 411 1046 sunt—Fet
424 1010 478 1046 ita
494 1009 754 1059 intelligenda,
768 1007 787 1046 ὃ
804 1009 963 1046 καλεῖται
980 1009 1002 1054 ἡ
1023 1006 1092 1045 πό-

66 1069 140 1116 λις,
160 1081 232 1120 pro
256 1060 286 1120 ᾧ
305 1066 451 1119 ὀνόματι
478 1068 660 1115 καλεῖται,
680 1075 723 1104 ut
742 1066 834 1105 alibi
863 1067 1091 1118 loquuntur,

68 1127 227 1165 καλεῖται
259 1128 363 1164 τοῦτο
399 1128 422 1173 ἡ
459 1123 572 1171 πόλις.
609 1125 839 1164 Thetideum
854 1154 865 1173 ,
905 1125 1093 1164 Strabone

69 1195 164 1225 teste
179 1216 189 1235 ‚
215 1195 296 1225 erat
317 1186 581 1238 propinquum
605 1186 788 1224 Pharsalo
815 1194 893 1224 tam
928 1187 1094 1237 antiquae

69 1259 184 1296 quam
203 1258 326 1283 novae.
342 1249 420 1283 Pro
440 1246 488 1289 εἷς
506 1245 622 1284 Φθίαν
638 1246 750 1282 Sturz
769 1245 972 1296 legendum
985 1253 1095 1296 putat

69 1304 109 1342 ἐκ
128 1302 263 1353 Φθίας,
286 1304 376 1354 quia
391 1317 468 1341 non
490 1311 578 1355 post
596 1304 800 1354 Antigonae
820 1303 975 1342 demum
994 1317 1095 1341 mor-

70 1370 148 1400 tem
166 1362 301 1400 Peleus
320 1362 496 1400 Phthiam
518 1361 708 1412 petiverit.
733 1362 808 1400 Sed
831 1362 959 1400 Schol.
985 1363 1094 1413 cogi-

70 1429 170 1459 tasse
189 1420 346 1458 videtur
355 1419 405 1458 de
426 1421 546 1457 altero
567 1419 720 1470 itinere,
740 1419 847 1470 quod
858 1420 947 1457 fecit
961 1420 1094 1457 Peleus

69 1484 295 1534 postquam,
315 1479 452 1517 relicto
466 1478 591 1528 Iolco,
613 1478 654 1515 in
676 1478 781 1516 Pelio
801 1486 932 1515 monte
956 1478 1092 1516 Theti-

70 1533 159 1575 dem
181 1550 342 1575 uxorem
376 1537 550 1574 duxerat.
576 1540 684 1587 „Quae
721 1537 853 1575 omnia
871 1537 1034 1575 historia
1052 1538 1091 1575 in

3 1607 6 1608 ⁷
69 1595 227 1635 bl'eViUS
246 1603 446 1633 contracta
460 1594 669 1633 obscurata
685 1603 786 1633 sunt.

548 1671 614 1710 17.

123 1740 252 1779 Schol.
281 1743 439 1780 Homer.
475 1740 519 1780 Il.
548 1742 599 1788 H,
633 1739 813 1788 1752'Ex
838 1740 928 1785 τίνος
958 1741 1096 1789 Πηλεὺς

70 1798 286 1852 Πολυδώρην
307 1797 431 1851 ἔσχεν;
458 1800 506 1843 ὡς
535 1797 598 1850 μὲν
624 1798 807 1850 Στάφυλος
837 1800 873 1837 ἐν
892 1799 926 1851 γ’
946 1803 1094 1852 (Venet.

70 1859 106 1896 ἐν
124 1860 168 1910 τῇ
195 1858 241 1908 Σ)
269 1858 513 1906 Θησαλικῶν,
541 1856 576 1903 ἐξ
606 1856 820 1911 Εὐρυδίκης,
845 1861 908 1905 τῆς
933 1858 1096 1913 Ἄκτορος

70 1915 247 1970 θυγατρός.
273 1916 476 1970 Φερεκύδης
497 1915 534 1955 δὲ
543 1915 610 1966 ς’ἐξ
626 1904 823 1973 Ἀντιγιῧης
838 1920 900 1965 τῆς
921 1918 1096 1971 Εὐρυτίω-

69 1989 138 2018 νος.
152 1972 279 2013 Ἄλλοι
298 1973 354 2023 δὲ,
372 1976 412 2013 ἐκ
431 1974 656 2027 Λαοδαμείας
675 1978 737 2022 τῆς
756 1974 1002 2027 Ἀλκμαίωνος.

122 2037 167 2071 In
187 2034 274 2071 cod.
290 2037 439 2071 Veneto
463 2035 661 2085 praemissa
680 2034 770 2071 huic
787 2035 874 2072 loco
891 2044 980 2073 sunt
1003 2036 1094 2074 ista:

108 2090 296 2142 ''ffigssrrckii
317 2091 371 2144 (h.
396 2106 428 2131 e.
448 2094 521 2131 tale
539 2093 749 2145 signum>
773 2094 800 2145 ),
819 2092 872 2131 ὅτι
892 2094 1096 2147 Φερεκύδης

70 2149 134 2197 τὴν
155 2144 371 2203 Πολῦδώραν
389 2140 474 2203 <pmii
490 2149 642 2205 ἀδελφὴν
660 2151 862 2204 Ἀχιλλέως·
883 2154 946 2190 οὐκ
966 2151 1040 2191 ἔστι
1060 2152 1097 2192 δὲ

71 2209 149 2247 καθ’
164 2207 328 2261 ἸΟμηρον
347 2208 679 2248 διαὸεὸαιώσασθαι.

544 2286 570 2324 ·1
580 2285 617 2323 8.

124 2354 252 2393 Schol.
268 2352 423 2395 Pindar.
441 2357 549 2394 Nem.
566 2359 635 2401 ΙΙΙ,
657 2356 704 2393 55
718 2371 726 2393 :
739 2357 791 2395 Οὐ
811 2356 879 2410 γὰρ
894 2357 930 2406 (ὁ
943 2359 1095 2411 Πηλεὺς)

69 2411 174 2463 μόνος
188 2406 263 2451 ἐἷλε
281 2411 341 2452 τὸν
362 2412 519 2462 Ἰωλκὸν,
536 2412 627 2452 ἀλλὰ
651 2413 740 2465 μετὰ
762 2414 914 2459 Ἰάσονος
939 2417 999 2455 καὶ
1026 2420 1096 2456 τῶν

71 2471 309 2529 Τυνδαριδῶν,
326 2472 373 2515 ὥς
402 2472 532 2525 ἱστορεῖ
559 2471 774 2525 Φερεκύδης.
800 2475 855 2513 Cf.
875 2475 998 2516 Nicol.
1018 2480 1098 2515 Da-

72 2541 173 2567 masc
215 2543 240 2567 n
260 2533 350 2568 Exc.
371 2531 496 2568 Vales.
510 2544 549 2581 p.
572 2532 659 2580 446,
679 2540 717 2569 et
732 2533 798 2582 qui
819 2533 907 2571 inde
922 2548 989 2572 sua
1003 2535 1098 2573 hau-

71 2587 120 2625 sit
134 2543 240 2626 Suffd.
257 2602 286 2626 s.
303 2602 338 2626 v.
359 2588 565 2636 Ἀταλάντη.

73 2730 219 2764 Phthiam
241 2739 390 2763 reversus
412 2732 462 2763 est
483 2733 515 2763 et
536 2732 704 2765 Thetidem
726 2742 822 2766 curru
845 2735 939 2775 equis
961 2735 1057 2776 (quos
1081 2747 1100 2769 a

72 2763 219 2818 fieptuno
231 2769 408 2818 accep'erat)
420 2779 532 2819 juncto
540 2779 673 2819 vehens,
688 2780 780 2812 sedes
794 2781 855 2812 sibi
867 2783 989 2815 sumsit
1000 2784 1099 2816 Phar-

73 2822 131 2856 sali
141 2824 346 2864 etfffhetideb
361 2823 450 2865 quod
458 2825 614 2867 oppidum
628 2835 646 2858 a
660 2827 797 2861 Thetide
808 2828 1013 2861 nominatum
1024 2833 1084 2862 est.

115 2923 307 2964 Polydoram
316 2924 430 2957 Peleus
437 2880 630 2967 suscepilt7ei1
637 2926 808 2967 Antigona,
822 2929 1008 2969 Eurytionis
1021 2930 1096 2962 filia.

114 2962 314 3012 Pherecydes
331 2972 524 3013 Polydoram
538 2973 618 3006 dicit
632 2974 766 3006 Achillis
783 2984 936 3007 sororem.

555 3028 569 3059 1
579 3029 615 3060 8.

116 3069 314 3111 Pherecydes
328 3073 448 3111 narrat,
464 3072 596 3104 Peleum
615 3073 740 3114 cepisse
754 3074 878 3106 Iolcum
893 3084 959 3107 non
972 3076 1077 3108 solum
1086 3100 1096 3116 ‚

74 3115 268 3160 sed-Iasonis
283 3119 316 3150 et
330 3118 586 3159 Tyndaridarum
603 3121 724 3152 auxilio
739 3121 898 3161 adjuitum.

116 3216 211 3246 Hunc
224 3214 516 3257 (Amphidamantis
532 3174 646 3258 filliiiin,
656 3228 752 3259 quem
772 3220 951 3259 Patroclus,
969 3220 1095 3251 Actoris

74 3262 107 3294 et
115 3260 238 3301 AEginae
251 3270 361 3303 nepos,
377 3263 546 3302 interfecit)
562 3264 784 3306 Clisonymum
792 3266 870 3297 dicit
882 3267 1093 3306 Pherecydes.

117 3357 322 3399 Thucydides
386 3362 483 3393 traxit
492 3319 603 3403 genui?
602 3373 620 3395 a
636 3363 844 3396 nobilissimis
858 3363 1013 3404 ducibus,
1028 3364 1094 3396 Mil-

1203 308 1331 347 schol.
1349 312 1460 348 Hom.
1473 310 1514 347 Il.
1534 310 1672 357 Ψ,87ε
1690 310 1823 349 Τοῦτον
1841 309 1913 362 (τὸν
1934 307 2175 368 Ἀμφιδάμαν-

1151 379 1207 407 τος
1227 365 1314 418 υἱὸν)
1338 366 1587 419 Κλεισώνυμον
1605 367 1808 421 Φερεκύδης
1825 370 1967 422 ἱστορεῖ.

1154 515 1158 519 ,
1204 482 1451 520 Marcellinus
1470 483 1510 520 in
1528 485 1619 522 Vita
1633 485 1888 536 ThucydidiS,
1915 486 1938 536 §
1964 499 1986 523 2
2003 499 2012 522 ε
2031 486 2173 526 Θουκυ-

1152 536 1248 585 δίδης
1336 539 1504 590 ἀπόγονος
1533 544 1603 580 τῶν
1634 543 1934 596 εὐδοκιμωτάτων,
1957 546 2174 598 στρατηγῶν,

1151 595 1244 647 λέγω
1268 595 1309 643 δὴ
1326 599 1395 635 τῶν
1415 598 1492 650 περὶ
1513 600 1712 648 Μιλτιάδην
1738 602 1798 640 καὶ
1822 602 1982 650 Κίμωνα.
2001 603 2175 659 ’ῼκείωτο

1152 652 1188 692 δὲ
1208 655 1248 692 ἐκ
1269 656 1420 694 παλαιοῦ
1439 658 1489 709 τῷ
1507 656 1600 707 γένει
1618 659 1704 711 πρὸς
1727 660 1926 709 Μιλτιάδην
1945 660 2004 699 τὸν
2024 677 2176 715 στρατη-

1151 711 1211 763 γόν
1225 728 1233 736 ·
1253 715 1303 766 τῷ
1324 712 1360 751 δὲ
1384 713 1583 767 Μιλτιάδῃ,
1602 717 1688 769 πρὸς
1706 719 1838 757 Αἰακὸν
1858 719 1916 758 τὸν
1945 718 2036 762 Διός.
2053 718 2175 762 Οὕτως

1152 772 1252 823 αὐχεῖ
1270 771 1309 810 τὸ
1325 771 1421 823 γένος
1435 775 1453 811 ὃ
1473 774 1688 827 συγγραφεὺς
1705 776 1846 817 ἄνωθεν.
1868 778 1942 817 Καὶ
1957 777 2091 821 τούτοις
2110 778 2176 817 Δί-

1152 829 1258 880 δυμος
1277 835 1465 884 μαρτυρεῖ,
1479 831 1682 884 Φερεκύδην
1697 835 1731 871 ἐν
1745 837 1787 886 τῇ
1801 835 1923 888 πρώτῃ
1936 838 2004 874 τῶν
2016 838 2176 889 ἱστοριῶν

1152 888 1295 941 φάσκων
1332 888 1440 932 οὕτως
1466 889 1598 941 λέγειν·
1620 910 1635 925 «
1648 893 1802 937 Φιλαίας
1821 893 1857 932 δὲ
1874 897 1891 932 ὃ
1911 894 2057 938 Αἴαντος
2092 897 2177 933 οἰκεῖ

1152 948 1187 984 ἐν
1203 953 1279 990 ταῖς
1295 947 1462 994 Ἀθήναις.
1478 947 1547 986 Ἐκ
1560 948 1682 987 τούτου
1701 949 1738 987 δὲ
1754 950 1907 1003 γίγνεται
1925 953 2092 1002 Δάϊκλος,
2114 957 2175 992 τοῦ

1152 1004 1189 1043 δὲ
1209 1004 1415 1050 Ἔπίδυκος,
1439 1010 1500 1044 τοῦ
1517 1005 1554 1044 δὲ
1579 1006 1766 1061 Ἀκέστωρ,
1786 1013 1846 1047 τοῦ
1871 1009 1907 1048 δὲ
1930 1011 2096 1065 Ἀγήνωρ,
2117 1015 2176 1050 τοῦ

1152 1063 1189 1102 δὲ
1202 1062 1325 1108 Ὄλιος
1338 1093 1349 1112 ,
1363 1068 1423 1102 τοῦ
1439 1063 1475 1102 δὲ
1487 1063 1627 1113 Λύκης,
1642 1069 1703 1103 τοῦ
1714 1064 1751 1103 δὲ
1769 1065 1910 1119 Τύφων,
1925 1072 1986 1106 τοῦ
2005 1068 2041 1107 δὲ
2058 1069 2177 1117 Λάϊος,

1151 1125 1212 1159 τοῦ
1233 1120 1269 1159 δὲ
1288 1120 1533 1176 Ἀγαμήστωρ,
1552 1127 1613 1161 τοῦ
1631 1122 1668 1161 δὲ
1683 1124 1894 1178 Τίσανδρος,
1917 1126 1969 1178 ἐφ’
1987 1121 2025 1164 οῧ
2045 1126 2176 1180 ἄρχον-

1151 1197 1208 1225 τος
1227 1183 1275 1219 ἓν
1298 1181 1466 1229 Ἀθήναις.
1479 1182 1515 1199 **
1533 1187 1594 1222 τοῦ
1621 1182 1657 1222 δὲ
1685 1184 1880 1232 Μιλτιάδης
1893 1214 1903 1230 ,
1921 1190 1979 1224 τοῦ
1999 1186 2035 1224 δὲ
2054 1186 2178 1226 Ἱππο-

1152 1240 1308 1287 κλείδης,
1328 1240 1380 1294 ἐφ’
1394 1237 1433 1279 οῧ
1447 1240 1615 1294 ἄρχοντος
1632 1243 1866 1291 Παναθήναια
1885 1243 2039 1291 ἐτέθη.”
2055 1249 2116 1283 τοῦ
2143 1245 2179 1283 δὲ

1154 1298 1371 1347 Μιλτιάδης,
1394 1298 1430 1343 ὃς
1447 1298 1554 1352 ᾤκισε
1567 1300 1799 1354 Χερρόνησον.
1810 1321 1826 1338 »

1208 1359 1331 1396 Locus
1354 1358 1524 1407 mutilus,
1548 1360 1644 1398 ordo
1674 1362 1805 1412 stirpis
1831 1361 2019 1400 turbatus.
2054 1366 2180 1410 Quare

1152 1417 1380 1467 Rutgersius
1398 1418 1498 1455 inter
1516 1418 1652 1456 verba:
1666 1422 1727 1457 τοῦ
1747 1418 1782 1457 δὲ
1799 1418 2085 1467 Ἱπποκλείδης...
2115 1419 2181 1458 ἐτέ-

1153 1477 1195 1522 θη
1209 1484 1247 1514 et
1261 1479 1321 1513 τοῦ
1339 1475 1375 1513 δὲ
1391 1478 1441 1515 Μ.
1459 1475 1495 1519 ὃς
1511 1476 1619 1530 ᾤκισε
1632 1477 1852 1532 Χερῤόνησον
1873 1478 2056 1517 excidisse
2071 1488 2183 1530 putat

1154 1534 1378 1585 Cypselum,
1398 1535 1580 1574 Miltiadis
1606 1545 1765 1587 patrem.
1788 1538 1936 1575 Deinde
1962 1547 2050 1588 post
2064 1539 2181 1577 Cher-

1154 1594 1346 1631 sonesium
1365 1594 1573 1632 Miltiadem
1593 1599 1716 1634 Sturz.
1739 1597 1959 1647 ponendum
1982 1605 2109 1635 censet
2136 1597 2183 1634 il-

1155 1652 1252 1699 lum,
1277 1652 1345 1702 qui
1374 1666 1478 1690 nunc
1501 1663 1590 1704 post
1618 1654 1849 1692 'Pisandrum
1877 1655 2084 1693 collocatus
2103 1664 2180 1703 est,

1154 1710 1207 1748 ita
1235 1710 1408 1761 quidem,
1430 1720 1492 1759 ut,
1519 1725 1637 1762 quum
1660 1714 1851 1761 Cimonis,
1878 1714 1945 1764 qui
1976 1722 2084 1764 pater
2103 1723 2182 1752 erat

1155 1769 1335 1807 Miltiadis
1368 1770 1618 1818 Marathonii,
1650 1772 1881 1810 mentionem
1906 1772 2181 1820 desideremus,

1154 1828 1268 1866 etiam
1285 1829 1405 1867 altera
1424 1829 1558 1867 lacuna
1575 1831 1773 1869 statuenda
1791 1831 1851 1869 sit.
1874 1833 1999 1882 Igitur
2013 1833 2109 1870 ordo
2126 1841 2182 1871 est

1154 1886 1238 1923 hic:
1257 1886 1745 1939 Tisander—Hippoclides
1769 1890 1968 1941 (Herodot.
1988 1894 2054 1938 VI,
2080 1890 2180 1940 127.)

1154 1967 1207 1974 ·—
1216 1946 1402 1996 Cypselus
1420 1966 1468 1971 —
1480 1947 1671 1985 Miltiades
1698 1948 1968 1986 Chersonesius
1982 1972 2033 1976 —
2044 1950 2180 1987 Cimon

1155 2026 1207 2032 -
1222 2005 1406 2043 Miltiades
1426 1997 1702 2045 Marffllonius.
1722 2007 1820 2045 Vide
1845 2016 1971 2046 tamen
1991 2022 2085 2059 quos
2103 2009 2181 2045 lau-

1156 2063 1220 2100 dat
1235 2064 1355 2103 Baehr.
1376 2065 1423 2103 ad
1445 2067 1633 2104 Herodot.
1654 2070 1721 2115 VI,
1745 2068 1791 2112 34
1818 2075 1855 2105 et
1873 2081 1941 2115 127

1444 2181 1595 2216 LIBER
1624 2181 1898 2217 SECUNDUS.

1209 2245 1324 2283 Initio
1338 2246 1450 2296 hujus
1467 2247 1555 2285 libri
1571 2248 1805 2297 Pherecydes
1822 2257 1951 2286 narrat
1964 2249 2179 2287 Promethei

1156 2304 1351 2342 historiam
1365 2334 1376 2351 ,
1400 2319 1515 2356 quam
1547 2307 1807 2357 Apollodorus
1838 2308 1964 2345 statim
1995 2316 2082 2358 post
2109 2309 2178 2346 Gi-

1156 2364 1460 2413 gautomachiam
1488 2366 1629 2415 posuit.
1659 2369 1759 2416 Apte
1787 2366 1867 2403 haec
1886 2367 2035 2403 annecti
2056 2368 2180 2417 potuit

1156 2422 1396 2460 AEacidarum
1424 2423 1575 2471 fabulis,
1606 2424 1792 2474 siquidem
1815 2425 2048 2474 Pherecydes
2084 2425 2179 2461 dixit

1155 2481 1370 2518 Promethei
1389 2483 1550 2520 consilio
1564 2486 1698 2521 Jovem
1721 2497 1742 2520 a
1766 2484 1933 2521 Thetidis
1950 2483 2091 2533 nuptiis
2109 2482 2177 2519 ab-

1157 2538 1308 2576 stitisse.
1323 2540 1415 2577 Inde
1434 2542 1599 2591 petitum
1615 2550 1672 2580 est
1690 2542 1733 2579 fr.
1750 2555 1770 2578 2
1782 2556 1795 2579 1
1814 2542 1860 2579 de
1884 2542 2008 2591 aquila
2025 2541 2072 2578 ab
2089 2545 2178 2578 Her-

1157 2598 1241 2635 cule
1256 2599 1465 2639 interfecta.
1485 2601 1644 2651 Reliqua
1658 2630 1667 2648 ‚
1683 2614 1767 2650 quae
1789 2600 2011 2638 nominatim
2027 2600 2113 2637 huic
2131 2601 2178 2637 li—

1158 2740 1276 2773 tiadem
1292 2744 1324 2774 et
1340 2743 1510 2775 Cimonem
1527 2743 1612 2775 dico.
1638 2743 1828 2783 Antiquitus
1844 2742 1928 2774 enim
1946 2751 2019 2773 cum
2037 2742 2180 2776 Miltiade

1157 2788 1402 2821 Atheniensium
1419 2790 1517 2829 duce;
1536 2792 1567 2821 et
1580 2791 1709 2830 propter
1722 2788 1873 2820 Miltiadis
1889 2797 2002 2828 genuS,
2018 2797 2093 2820 cum
2107 2789 2179 2831 ipso

1156 2836 1255 2866 AEaco
1277 2836 1369 2867 Jovis
1384 2836 1449 2867 filio
1465 2836 1655 2876 cognatione
1671 2836 1864 2875 conjunctus
1880 2836 1958 2866 erat.
1983 2834 2072 2866 Adeo
2111 2836 2177 2867 illu-

1157 2882 1278 2914 stribus
1292 2882 1466 2923 maioribus
1479 2882 1651 2914 historicus
1664 2882 1724 2913 iste
1737 2891 1771 2913 se
1781 2883 1892 2913 natum
1900 2881 2062 2922 gloriatur.
2074 2884 2179 2923 Atque

1156 2931 1314 2972 Didymus
1331 2932 1400 2963 haee
1413 2940 1472 2963 suo
1486 2931 1670 2963 testimonio
1689 2930 1868 2969 confirmat,
1886 2930 1942 2970 qui
1955 2930 2052 2962 tradit
2066 2931 2178 2962 Phere-

1156 2978 1270 3017 cydem
1290 2978 1394 3018 primo
1413 2978 1627 3010 Historiarum
1650 2976 1731 3008 libro
1750 2977 1796 3008 ita
1817 2976 1956 3008 scribere
1979 2986 1987 3007 ε
2013 2989 2028 3004 «
2046 2977 2178 3010 Athenis

1156 3024 1314 3055 habitavit
1330 3024 1476 3063 Philaeas,
1492 3023 1596 3063 AJacis
1612 3023 1698 3054 filius
1716 3032 1725 3053 :
1746 3023 1819 3054 huIG
1834 3022 1919 3054 filius
1941 3023 2001 3054 fuit
2022 3023 2153 3055 Daiclus
2167 3047 2176 3062 ,

1157 3071 1232 3102 huic
1259 3070 1424 3111 Epidycus
1438 3094 1447 3109 ‚
1463 3070 1538 3101 huic
1551 3072 1686 3101 Acestor
1700 3093 1709 3109 ‚
1726 3070 1803 3102 huic
1818 3073 1960 3111 Agenor,
1978 3070 2053 3101 huic
2067 3069 2177 3110 Olius,

1155 3118 1231 3148 huic
1243 3119 1343 3157 Lyces
1355 3138 1365 3153 ,
1387 3117 1463 3148 huic
1482 3117 1616 3157 Typhon
1626 3141 1634 3157 ‚
1650 3117 1726 3148 huic
1741 3116 1857 3153 Laius,
1876 3117 1952 3148 huic
1965 3119 2154 3157 Agamestor
2166 3142 2176 3158 ,

1154 3164 1230 3195 huic
1244 3164 1410 3203 Tisander‚
1426 3163 1480 3203 qui
1494 3172 1597 3203 quum
1612 3164 1838 3196 essetAthenis
1849 3164 2014 3195 Archon**
2032 3164 2075 3195 illi
2092 3164 2178 3196 silius

1155 3210 1454 3248 l'uitMiltiades,cui
1472 3209 1557 3241 lilius
1564 3209 1782 3250 Hippoclides,
1798 3210 1853 3251 qui
1870 3219 1971 3250 quum
1987 3210 2120 3242 Athenis
2130 3219 2177 3242 es-

1154 3259 1202 3288 set
1223 3257 1342 3287 archon
1364 3256 1513 3288 instituta
1535 3258 1611 3288 sunt
1633 3257 1901 3289 Panathanaea**.
1923 3257 1982 3288 Illo
2004 3259 2098 3288 natus
2127 3258 2177 3288 est

1153 3303 1323 3341 Miltiades,
1343 3303 1398 3343 qui
1420 3303 1576 3335 Thracioe
1596 3304 1832 3337 Cherronesum
1849 3303 1972 3336 colonis
2001 3304 2175 3344 frequenta-

1155 3350 1211 3381 vit.
1231 3363 1245 3377 n
