2294 3704
907 181 911 185 .
925 147 992 185 DE
1021 147 1284 187 ACUSILAO.

67 255 106 294 p.
133 239 196 291 ιο)
216 248 253 278 et
271 237 511 278 Eustathium
522 234 700 286 (Prooem.
721 233 760 270 in
786 231 932 270 Pindar.
948 243 986 282 p.
1001 231 1078 283 16),

66 301 133 351 qui
149 308 315 350 poetam,
334 308 446 348 quem
460 294 590 346 plures
603 292 707 343 apud
719 290 871 330 Thebas
886 298 1078 327 mortuum

67 372 148 397 esse
165 359 316 402 dicunt,
335 354 448 404 Argis
468 352 570 390 diem
587 351 726 388 obiisse
744 358 914 388 narrant.

119 412 451 464 Quemadmodum
482 411 557 448 hoc
584 409 750 460 regionis
775 421 914 446 nomen
936 407 1077 458 jamin

64 474 290 525 antiquitate
321 469 568 508 obscuratum
596 480 677 505 esse
711 466 846 512 debet,
881 465 935 503 sic
966 467 1079 504 etiam

65 535 203 570 Cercas
227 528 321 568 urbs
338 534 497 566 vetustae
516 525 724 563 admodum
752 525 943 562 memoriae
966 524 1081 562 fuisse

64 590 224 628 videtur.
248 604 264 622 e:
277 586 392 634 Quod
407 598 546 623 nomen
566 593 710 631 tamen,
734 586 879 634 Unger.
894 583 916 621 l.
934 584 958 620 l.
973 583 1079 631 dicit,

64 648 223 686 fortasse
228 644 436 698 judicabor
448 644 489 682 in
501 644 626 682 lucem
642 643 874 694 protraxisse
889 643 1080 680 mentione

63 705 162 744 facta
178 705 311 743 Dianae
325 703 498 749 Celcaeae,
520 701 568 739 de
591 714 667 752 qua
686 700 888 742 Boeckhius
904 700 951 738 ad
965 703 1079 751 Corp.

61 767 158 802 Insc.
174 767 296 801 Graec.
315 775 375 801 nr.
391 766 504 811 1947,
515 773 555 811 p.
568 765 632 808 47,
645 760 727 797 haec
745 759 927 797 disseruit
944 775 952 796 :
974 758 1081 812 «Ἀρ-

62 820 177 873 τέμιδι
192 819 370 872 Κελκαίᾳ·
398 832 477 870 quo
506 818 680 855 firmatur
705 817 943 868 optimorum
961 816 1082 854 libro-

62 893 146 919 rum
164 880 279 918 lectio
298 878 402 930 apud
420 877 647 915 Arrhianum
659 878 745 921 VII,
768 889 825 925 19,
847 874 913 913 ubi
935 888 1080 914 memo-

62 946 168 977 ratur
192 938 391 988 antiquum
413 935 571 975 Athenis
598 936 661 981 τῆς
680 932 877 986 Ἀρτέμιδος
901 935 964 980 τῆς
985 935 1080 972 Κελ-

60 995 161 1040 καίας
171 994 255 1039 ἕδος.
273 999 356 1034 Hoc
374 994 471 1033 vidit
484 993 564 1044 jam
577 992 804 1040 Paciaudus,
821 992 888 1030 sed
901 993 1080 1043 ignorant

60 1054 237 1092 Arrhiani
267 1054 508 1103 interpretes.
524 1068 540 1085 n
581 1055 630 1088 Et
661 1051 709 1089 de
728 1050 860 1089 eadem
889 1051 962 1089 dea
992 1060 1081 1089 ante

59 1113 282 1151 Boeckhium
304 1113 506 1162 loquutum
521 1109 638 1149 video
648 1109 923 1148 Villoissonum
935 1109 1077 1147 Anecd.

58 1175 100 1211 Τ.
116 1176 164 1220 II,
183 1186 221 1224 p.
244 1173 315 1210 162
332 1186 388 1223 sq.
405 1179 486 1209 not.
502 1175 531 1210 Ι.
545 1174 624 1209 Nec
640 1170 776 1209 dubito
790 1171 1080 1209 accommodare

59 1232 99 1270 in
117 1232 217 1270 hanc
236 1245 316 1270 rem
336 1230 567 1269 vocabulum
588 1230 762 1277 Celcaeae,
787 1230 994 1281 Epiroticae
1013 1244 1082 1268 ur-

58 1290 120 1329 bis
132 1319 143 1338 ‚
171 1291 294 1329 literis
327 1289 548 1328 mandatum
580 1288 628 1326 ab
665 1288 868 1327 Eustathio
895 1289 935 1326 in
966 1292 1079 1327 Hom.

59 1350 194 1400 Odyss.
216 1351 291 1397 XI,
327 1361 417 1396 120,
446 1362 486 1400 p.
513 1349 630 1396 1675,
652 1349 698 1396 37
722 1363 731 1386 ι
760 1347 936 1398 Βουνίμαν
960 1347 1079 1395 τινὰῆ

59 1409 216 1448 Κελκέαν
302 1407 430 1448 τοπικὸι
458 1406 650 1460 ὀνόματα.»
684 1410 752 1446 His
776 1408 893 1460 igitur
916 1408 1080 1455 indiciis,

59 1482 179 1520 quum
196 1469 318 1508 Suidae
339 1468 598 1506 testimonium
613 1467 788 1516 accedat,
808 1481 885 1505 non
905 1468 1082 1506 dubitan-

59 1527 151 1566 dum
194 1536 252 1566 est
287 1527 476 1565 exstitisse
511 1527 664 1565 Boeotiae
696 1526 832 1563 urbem
860 1527 1079 1574 Cercadem‚

58 1586 164 1637 quod
187 1599 327 1624 nomen
353 1593 490 1637 postea
520 1585 562 1622 in
594 1584 792 1623 Celcadem
823 1584 974 1622 abierit.
1001 1586 1081 1623 Etsi

57 1645 161 1683 enim
174 1645 214 1683 id
233 1644 339 1695 quod
357 1644 481 1682 Diana
500 1642 658 1697 Κερκαία
677 1651 925 1689 memoratur,
949 1657 1019 1694 per
1038 1658 1078 1682 se

57 1702 152 1742 nihil
182 1703 348 1755 probare
376 1703 552 1749 videtur,
585 1715 704 1752 quum
735 1715 831 1739 voce
857 1701 1004 1756 κερκαία
1035 1703 1080 1754 (a

57 1759 194 1815 κέρκος)
210 1762 288 1800 deae
313 1761 472 1799 radiosae
491 1761 551 1798 vel
567 1759 777 1811 splendidae
798 1759 850 1811 (l.)
870 1768 1007 1798 natura
1026 1761 1078 1799 si-

57 1821 270 1872 gnificetur,
285 1820 449 1870 ideoque
469 1819 565 1856 nihil
586 1826 698 1869 cogat
717 1826 761 1855 ut
779 1817 950 1868 ejusdem
963 1820 1080 1857 nomi-

57 1878 118 1916 nis
129 1878 264 1917 urbem
278 1886 505 1916 statuamus:
517 1891 595 1914 non
607 1877 807 1914 minimum
818 1884 944 1914 tamen
953 1878 1079 1915 Suidae

57 1937 263 1975 auctoritas
291 1945 452 1987 augetur
483 1949 529 1974 eo
561 1935 666 1986 quod
691 1936 763 1973 hoc
789 1935 915 1985 ipsum
938 1949 1077 1973 nomen

57 1995 163 2033 ducit
198 2009 268 2033 nos
321 1996 362 2033 in
400 1996 585 2033 Boeotiam
634 1994 825 2046 Apollinis
872 2003 910 2031 et
947 1996 1079 2033 Dianae

55 2054 162 2091 cultu
193 2054 395 2105 insignem.
435 2054 604 2093 Obvium
631 2054 673 2091 fit
704 2054 742 2091 in
779 2052 918 2091 fabulis
939 2066 1077 2091 nomen

57 2113 277 2162 Cercyonis,
300 2113 368 2150 filii
388 2113 608 2164 Agamedis,
643 2113 710 2163 qui
743 2126 831 2150 cum
852 2112 1078 2163 Trophonio

55 2174 211 2222 Augeae,
247 2172 352 2210 Iobis
372 2173 472 2220 filio,
492 2181 530 2211 et
562 2173 708 2222 Hyrieo
723 2172 920 2209 thesauros
942 2171 1078 2209 exaedi-

57 2232 197 2270 ficavit.
237 2232 306 2270 Uti
349 2244 442 2270 vero
482 2235 618 2282 Augeae
668 2239 706 2269 et
752 2230 884 2280 Hyriei
923 2231 1078 2270 nomina

56 2300 186 2342 aperte
222 2298 394 2342 spectant
431 2291 479 2328 ad
517 2291 754 2342 Apollineam
793 2298 966 2327 naturam
978 2318 987 2335 ‚
1025 2290 1077 2328 sic

55 2351 169 2388 etiam
187 2349 285 2387 illud
302 2350 508 2399 Cercyonis
524 2363 571 2386 ex
591 2349 723 2386 eadem
741 2348 867 2385 radice
882 2356 1012 2385 natum
1029 2362 1076 2386 ex

55 2422 130 2459 qua
144 2407 315 2462 κέρκαιος,
338 2409 423 2447 Alia
442 2408 557 2458 hujus
578 2407 755 2445 vocabuli
780 2408 903 2444 forma
919 2416 974 2445 est
993 2406 1078 2461 Κέρ-

56 2481 176 2519 καφος,
198 2467 265 2517 qui
282 2467 384 2518 apud
405 2467 529 2505 Schol.
552 2466 665 2505 Pind.
687 2467 746 2505 Ol.
763 2469 850 2514 VII,
871 2467 958 2514 132,
976 2467 1075 2504 Solis

54 2538 75 2562 e
90 2525 226 2564 Rhode
238 2526 337 2563 filius
350 2526 503 2571 dicitur,
520 2533 634 2575 atque
649 2525 688 2562 in
704 2524 842 2562 fabulis
856 2525 1073 2575 Minyarum

53 2594 166 2637 pater
184 2595 242 2624 est
262 2586 440 2634 Ormeni,
466 2600 486 2623 a
506 2600 584 2637 quo
608 2587 832 2625 Ormenium
854 2599 976 2637 prope
991 2588 1073 2624 Iol-

55 2658 142 2682 cum
156 2645 322 2683 condita.

109 2703 222 2750 Quod
235 2703 374 2741 deinde
392 2702 510 2753 patris
525 2715 666 2740 nomen
683 2702 788 2753 apud
801 2702 960 2742 Suidam
979 2704 1072 2741 atti-

55 2769 133 2808 net,
149 2762 222 2798 hoc
237 2761 341 2809 alibi,
357 2775 457 2812 quan
464 2770 542 2799 tum
556 2762 669 2798 sciam
682 2790 692 2808 ‚
714 2774 903 2812 nusquam
920 2763 1071 2812 reperi—

58 2827 131 2859 tur.
150 2821 371 2858 Welckerus
388 2821 426 2858 in
442 2821 726 2867 dissertatione,
738 2833 855 2869 quam
874 2820 913 2856 in
925 2821 1073 2858 Xanthi

54 2878 144 2916 Vita
163 2879 333 2926 laudavi,
360 2878 502 2916 Cabam
522 2886 668 2928 patrem
692 2891 714 2915 a
737 2878 881 2915 seriore
903 2878 1070 2927 quodam

54 2937 184 2975 fictum
205 2951 284 2975 esse
304 2938 537 2988 suspicatur,
566 2937 632 2987 qui
661 2949 780 2987 quum
814 2949 957 2973 novum
974 2950 1072 2987 opus

52 2995 123 3034 sub
139 2996 305 3034 Acusilai
319 2997 473 3033 nomine
487 2996 629 3042 ederet,
654 2995 847 3045 exquisito
859 2994 933 3032 hoc
949 2997 1069 3045 patris

51 3055 206 3093 nomine
226 3055 373 3092 auctori
397 3055 455 3092 sui
475 3055 740 3092 auctoritatem
765 3053 907 3091 addere
921 3054 1067 3092 voluis-

52 3121 122 3151 set.
142 3114 280 3151 Nescio
299 3126 501 3163 quamnam
520 3113 835 3162 significationem
852 3111 942 3148 huic
955 3125 1068 3149 voca-

52 3169 144 3208 bulo
160 3171 336 3208 tribuerit
354 3171 414 3207 vir
431 3170 581 3214 doctus,
601 3183 722 3220 quum
736 3183 878 3206 meram
894 3169 933 3206 id
949 3170 1069 3208 fictio-

52 3241 138 3265 nem
157 3241 238 3266 esse
254 3228 302 3266 ab
319 3229 422 3266 omni
440 3242 551 3266 sensu
569 3228 786 3266 destitutam
806 3227 854 3265 ab
876 3241 982 3265 more
999 3242 1068 3265 an-

50 3308 138 3388 Τὴμι)
148 3309 258 3348 Neque
266 3307 326 3340 alia
335 3308 522 3348 significatio
531 3308 578 3341 ost
586 3307 726 3340 nominis
732 3308 863 3349 Κερκηῒς
873 3314 924 3346 ap.
935 3306 1067 3339 Hesiod.

100 3364 169 3396 eog.
193 3358 261 3387 355.

2003 153 2150 182 xxxvl!

1138 233 1323 283 tiquitatis
1340 233 1558 272 abhorreat.
1574 236 1627 272 Ut
1640 232 1834 283 proferam
1846 242 1968 268 meam
1986 230 2151 281 qualem-

1138 303 1289 342 cunque
1310 292 1559 338 sententiam,
1589 299 1685 343 puto
1705 290 1880 341 equidem
1899 289 2152 340 quemadmo-

1138 348 1230 386 dum
1263 351 1467 389 Cercadem
1493 350 1628 389 urbem
1661 349 1795 387 Dianae
1828 356 1866 386 et
1903 346 2153 398 probabiliter

1138 408 1250 445 etiam
1261 410 1431 459 Apollini
1445 423 1587 448 sacram
1605 409 1720 446 fuisse
1733 407 1911 455 vidimus,
1926 406 1978 444 sic
1995 405 2154 444 sortasse

1138 466 1257 515 patris
1286 480 1442 517 quoque
1468 481 1609 505 nomen
1637 466 1686 505 ad
1711 465 1903 516 Apollinis
1938 476 2153 513 cognomen

1138 532 1330 573 spectare,
1362 525 1464 574 quod
1498 526 1538 562 in
1569 524 1738 562 Acusilai
1769 523 1910 561 familia
1929 523 2155 560 sacerdotali

1138 581 1414 631 reperiebatur.
1435 586 1492 620 Ex
1507 583 1747 620 sacerdotum
1764 583 1864 620 enim
1895 580 2046 619 familiis
2066 582 2155 633 plu-

1138 652 1198 677 res
1215 641 1556 678 vetustissimorum
1575 641 1847 679 historicorum
1859 670 1869 687 ‚
1890 641 1956 691 qui
1971 642 2154 690 genealo-

1138 699 1217 748 gias
1240 699 1487 751 scripserunt,
1512 700 1704 750 profectos
1731 713 1812 738 esse
1846 701 1925 751 jam
1950 710 2156 753 propterea

1138 758 1322 808 suspicari
1342 758 1452 808 licet,
1473 757 1578 808 quod
1595 758 1637 795 hi
1657 771 1735 808 prae
1755 760 1889 796 ceteris
1910 761 2155 812 antiquorum

1139 825 1357 869 temporum
1391 817 1615 855 memoriam
1650 817 1775 854 colere
1800 817 2015 856 debuerunt
2046 827 2084 857 et
2115 820 2156 857 in

1139 877 1370 927 templorum
1392 875 1558 928 publicis
1575 875 1757 925 catalogis
1777 877 2012 926 consignare.
2031 881 2158 928 Atque

1138 935 1177 972 in
1197 934 1339 972 familia
1352 934 1520 972 Acusilai
1542 934 1631 972 talia
1647 934 1771 971 studia
1787 935 1954 985 viguisse
1977 937 2075 974 fama
2093 937 2156 974 illa

1139 993 1415 1044 subindigitare
1446 993 1620 1040 videtur,
1664 1006 1750 1043 quae
1778 993 1992 1031 Acusilaum
2027 1003 2158 1032 narrat

1139 1052 1378 1103 genealogias
1394 1065 1441 1090 ex
1456 1052 1565 1089 aeneis
1587 1051 1729 1089 tabulis
1743 1051 1988 1102 descripsisse
2007 1066 2030 1090 a
2048 1062 2158 1104 patre

1138 1111 1176 1148 in
1198 1111 1315 1148 domo
1331 1124 1398 1149 sua
1411 1111 1583 1162 repertis.
1598 1113 1683 1148 Huc
1699 1110 1845 1148 accedit
1865 1111 1969 1161 quod
1992 1113 2158 1151 Hecataei

1139 1182 1294 1221 quoque
1328 1170 1339 1221 (
1357 1171 1592 1221 Hegesandri
1627 1169 1742 1221 filii),
1780 1182 1848 1207 nec
1885 1183 1962 1207 non
1997 1172 2158 1216 Xanthi,

1138 1228 1338 1276 Candauli,
1351 1237 1392 1266 ut
1409 1238 1504 1280 puto
1516 1259 1526 1277 ,
1536 1229 1624 1276 filii,
1645 1229 1802 1266 nomina
1816 1228 2011 1279 aptissime
2026 1229 2159 1267 referri

1140 1296 1299 1337 possunt
1313 1287 1361 1325 ad
1377 1297 1508 1338 gentes
1517 1288 1706 1339 Apollinis
1722 1287 1937 1325 sacerdotio
1947 1287 2156 1337 fungentes.

1140 1349 1289 1384 Nomen
1313 1346 1437 1391 Κάὸας
1457 1347 1585 1398 igitur,
1607 1346 1681 1384 nisi
1702 1346 1826 1394 fallor,
1846 1345 2085 1383 decurtatum
2103 1354 2159 1383 est

1140 1418 1184 1442 ex
1206 1404 1335 1448 ἑκάὸας
1352 1405 1408 1456 (5)
1434 1406 1458 1443 i.
1482 1420 1520 1456 q.
1542 1405 1664 1448 ἔκατος
1691 1405 1795 1456 (nam
1815 1404 1862 1441 de
1880 1404 2160 1454 compositione

1139 1477 1226 1501 cum
1247 1463 1355 1515 βαίνω
1378 1464 1417 1501 in
1441 1464 1500 1501 his
1525 1463 1686 1502 vocibus
1707 1476 1786 1500 non
1807 1462 2090 1514 cogitandum),
2113 1464 2161 1500 ad

1139 1523 1427 1562 similitudinem
1452 1536 1593 1562 vocum
1623 1521 1809 1569 Λυκάὸας,
1833 1521 1947 1564 Ἰόὸας
1968 1529 2040 1561 etc.
2076 1522 2159 1559 Pri-

1139 1595 1238 1619 mam
1261 1582 1445 1631 syllabam
1472 1581 1491 1619 ἕ
1506 1595 1669 1632 agnosco
1688 1581 1799 1619 litera
1812 1581 1843 1619 Σ
1861 1581 1901 1617 in
1924 1580 2046 1617 forma
2062 1579 2160 1618 Σκά-

1138 1639 1224 1694 &pote
1250 1654 1273 1678 a
1290 1642 1465 1692 Diogene
1490 1642 1624 1688 allata,
1661 1640 1727 1678 ubi
1756 1648 1944 1691 praeterea
1970 1640 2118 1678 literam
2141 1656 2159 1694 ρ

1138 1699 1403 1751 interpositam
1420 1700 1607 1738 videmus.
1637 1704 1778 1739 Verum
1801 1700 1882 1737 haec
1899 1700 2057 1738 sortasse
2074 1709 2160 1738 orta

1137 1767 1194 1796 est
1218 1773 1264 1797 ex
1290 1759 1448 1809 antiqua
1474 1760 1598 1797 forma
1629 1757 1783 1812 ἑκάὸαρ,
1808 1771 1923 1809 quam
1945 1759 2099 1809 quidem
2120 1760 2158 1796 in

1138 1831 1232 1855 voce
1249 1816 1346 1860 ἷόὸας
1359 1818 1414 1869 (6)
1426 1817 1638 1855 obtinuisse
1670 1825 1796 1854 statuo
1818 1825 1979 1867 propter
1996 1817 2157 1854 latinum

1129 1876 1260 1925 jubar.
1287 1880 1438 1914 Incerta
1457 1877 1537 1914 haec
1557 1885 1645 1914 sunt
1665 1884 1701 1914 et
1723 1875 1953 1926 conjecturis
1969 1876 2156 1914 nituntur.

1138 1940 1271 1985 Itaque
1291 1936 1322 1973 si
1339 1937 1424 1986 quis
1441 1936 1599 1973 meliora
1616 1935 1687 1973 scit
1696 1963 1709 1980 ‚
1732 1934 1884 1972 doceat.

1189 1996 1506 2047 Genealogiarum
1519 2023 1529 2042 ,
1543 2008 1637 2046 quas
1652 1993 1851 2032 Acusilaus
1867 1992 2055 2042 condidit,
2068 1993 2157 2031 libri

1136 2055 1342 2095 laudantur
1360 2063 1447 2093 tres.
1471 2058 1515 2093 In
1537 2055 1597 2091 his
1620 2067 1706 2091 eum
1724 2052 1882 2090 Hesiodi
1896 2053 2059 2090 maxime
2075 2066 2158 2090 car-

1139 2115 1264 2160 mina,
1286 2128 1451 2165 quorum
1472 2114 1595 2164 patria
1613 2113 1779 2159 Boeotia,
1799 2119 1970 2149 secutum
1992 2124 2074 2149 esse
2093 2112 2158 2149 in-

1137 2174 1321 2225 telligitur
1343 2188 1392 2212 ex
1414 2175 1531 2212 Clem.
1553 2173 1663 2211 Alex.
1684 2176 1824 2210 strom.
1848 2174 1919 2217 VI,
1943 2184 1980 2221 p.
1999 2172 2088 2220 629,
2109 2174 2155 2217 A,

1136 2232 1204 2270 ubi
1227 2233 1308 2270 haec
1332 2231 1410 2270 τΤὰ
1427 2230 1591 2271 Ἡσιόδου
1618 2229 1836 2282 μετήλλαξαν
1861 2231 1907 2272 εἷς
1925 2228 2028 2273 πεζὸν
2055 2227 2155 2280 λόγον

1137 2293 1196 2332 καὶ
1218 2294 1265 2337 ὥς
1284 2292 1355 2334 ἴδιοι
1369 2291 1553 2343 ἐξήνεγκαν
1570 2290 1734 2342 Εὔμηλός
1752 2306 1790 2328 τε
1807 2289 1866 2327 καὶ
1883 2289 2110 2333 Ἀκουσίλαος
2126 2290 2157 2326 οἱ

1135 2351 1405 2406 ἱστοριογράφοι.
1419 2355 1554 2402 Neque
1566 2364 1656 2388 vero
1674 2358 1794 2387 totum
1809 2363 1858 2386 ex
1871 2349 1916 2385 iis
1929 2348 2156 2398 pependisse

1135 2420 1296 2463 apparet
1312 2425 1361 2448 ex
1375 2411 1461 2448 loco
1474 2409 1633 2459 Josephi
1646 2409 1784 2459 (contr.
1799 2407 2019 2457 Apion.I‚p.
2041 2407 2152 2453 1034,

1134 2479 1172 2508 et
1192 2483 1239 2508 ex
1257 2483 1303 2507 eo
1322 2468 1461 2507 Euseb.
1485 2469 1509 2506 l.
1532 2467 1587 2518 1.).
1607 2466 1794 2520 Περίεργος
1817 2464 1857 2503 ἂν
1879 2463 1951 2511 εἴην
1977 2463 2065 2514 ἐγὼ,
2090 2464 2154 2509 ait,

1133 2527 1209 2572 τοὺς
1231 2529 1317 2579 ἐμοῦ
1345 2529 1477 2579 μᾶλλον
1505 2525 1757 2577 ἐπισταμένους
1779 2524 1976 2570 διδάσκων,
2003 2521 2067 2559 ὅσα
2090 2521 2153 2572 μὲν

1135 2587 1338 2630 Ἑλλάνικος
1361 2587 1575 2638 Ἀκουσιλάῳ
1597 2584 1676 2638 περὶ
1701 2587 1770 2622 τῶν
1789 2583 2016 2634 γενεαλογιῶν
2031 2581 2153 2618 διαπε-

1133 2645 1290 2700 φώνηκεν
1303 2677 1313 2694 ,
1332 2645 1397 2684 ὅσα
1408 2644 1443 2683 δὲ
1461 2645 1647 2697 διωρθοῦτο
1665 2643 1723 2681 τὸν
1740 2641 1900 2680 ἹΙσίοδον
1916 2638 2150 2682 Ἀκουσίλαοςὁ

1131 2709 1208 2743 Nec
1232 2714 1357 2743 tamen
1384 2705 1454 2742 hos
1478 2712 1590 2741 testes
1612 2702 1809 2747 afferrem,
1836 2700 1909 2736 nisi
1934 2712 1994 2735 res
2018 2710 2089 2748 per
2112 2711 2152 2736 se

1132 2764 1335 2814 probabile
1354 2771 1462 2801 esset.
1483 2763 1579 2800 Nam
1594 2760 1695 2811 quod
1711 2759 1853 2796 seriore
1870 2765 1976 2794 aetate
1992 2756 2151 2796 circum-

1132 2822 1324 2860 ferebatur
1341 2820 1506 2859 Acusilai
1521 2831 1618 2870 opus
1638 2817 1892 2855 adulterinum
1910 2816 1981 2852 suit
2000 2823 2038 2853 et
2058 2828 2150 2866 sup-

1132 2881 1364 2932 positum‚ut
1376 2877 1551 2930 pluribus
1565 2877 1659 2915 locis
1675 2874 1815 2926 repetit
1825 2873 1961 2912 Suidas
1979 2873 2030 2924 (v.
2043 2872 2152 2911 Ἑκα-

1130 2946 1223 2982 ταῖος
1236 2932 1842 2987 Μιλήσιος,Ἱστορῆσαι,Συγγράφω
1851 2948 1859 2970 :
1868 2931 1912 2970 τὰ
1924 2931 2148 2970 Ἀκουσιλάου

1129 2997 1330 3046 νοθεύεται).
1353 2999 1421 3035 Hae
1442 2991 1782 3032 Pseudo-Acusilai
1807 2991 2037 3041 genealogiae
2064 2991 2145 3028 sine

1172 3119 1216 3159 (5)
1239 3117 1379 3157 cogitari
1408 3115 1507 3156 possit
1533 3116 1630 3145 etlam
1655 3113 1695 3144 de
1721 3111 1866 3153 Apolline
1898 3112 2029 3152 Καὸαίῳ
2062 3110 2147 3151 apud

1128 3166 1270 3205 AEschyl.
1292 3165 1332 3195 fr.
1346 3166 1418 3195 411.
1436 3162 1497 3193 Sed
1517 3161 1563 3192 ibi
1579 3162 1709 3196 Γαὸαῖος
1736 3158 1941 3192 scribendum
1964 3167 2035 3190 esse
2056 3160 2146 3189 extra

1128 3211 1339 3244 dubitationis
1360 3210 1461 3241 aleam
1473 3209 1628 3249 positum.

1170 3259 1214 3298 (6)
1234 3256 1328 3297 Apud
1349 3255 1578 3296 Apollodorum
1605 3256 1654 3293 ΙΙ,
1672 3255 1703 3292 7,
1729 3253 1759 3292 8,
1779 3252 1813 3284 in
1831 3251 1978 3284 Herculis
1999 3259 2039 3282 ex
2066 3250 2145 3282 The-

1127 3304 1291 3345 spiadibus
1314 3302 1452 3336 filiorum
1467 3301 1610 3342 catalogo
1635 3300 1751 3341 legitur
1768 3310 1776 3330 :
1797 3300 1912 3341 Κέρθης
1930 3297 1992 3337 (vel
2016 3297 2144 3339 Κέρτης)

1096 3391 1098 3393 ,
1125 3351 1235 3389 Ἰόὸης,
1248 3359 1306 3390 pro
1320 3357 1386 3390 quo
1403 3348 1608 3381 scribendum
1625 3350 1722 3389 puto:
1740 3347 1858 3389 Κέρκης
1872 3345 1982 3383 Ἰόὸης.
