2320 3684
802 134 1042 175 HECATAEI
1070 135 1389 176 FRAGMENTA
1398 165 1406 174 .
1828 174 1830 176 ,
2114 143 2128 175 1
2139 142 2159 175 3

517 226 601 265 186.

98 296 154 331 St.
172 295 212 330 B.
234 292 364 339 Κῶλοι,
385 290 477 334 ἔθνος
492 287 578 342 πρὸς
598 287 649 341 τῷ
669 284 862 337 Καυκάσῳ·
884 284 963 323 Ἑκ.
984 284 1054 323 Ἀσ.
1070 301 1079 308 -

1191 285 1244 320 St.
1262 286 1302 320 B.
1321 283 1506 337 Χοιράδες,
1523 227 1902 329 πόλιέῗνῗοσσυνοίκων·
1924 283 2002 323 Ἕκ.
2024 283 2163 339 [Εὐρώ-

48 368 64 386 α
87 353 134 390 Αἱ
151 349 187 389 δὲ
221 353 390 403 ὕπωρεῖαι
419 352 480 388 τοῦ
505 345 698 387 Καυκάσου
725 345 913 383 καλοῦνται
932 342 1081 382 Κωλικὰ
1135 339 1217 391 πῃ]
1241 340 1457 395 «Τιὸάροισι
1475 341 1511 381 δὲ
1531 343 1617 397 πρὸς
1634 342 1732 391 ἥλιον
1758 342 1947 395 ἀνίσχοντα
1966 342 2164 384 Μοσσύνοι-

46 409 124 465 ὅρη.
140 429 156 446 »
178 409 222 449 Ἡ
241 409 343 463 χώρα
358 405 517 453 Κωλική.

102 526 230 566 Schol.
254 524 434 576 Apollon.
461 522 591 561 Rhod.
617 524 685 568 IV,
713 520 812 565 284:
831 518 1020 562 Ἑκαταῖος
1045 517 1083 557 δὲ

49 589 181 636 ἱστορεῖ
217 583 267 637 μὴ
298 582 472 623 ἐκδιδόναι
500 584 547 627 εἷς
569 580 633 629 τὴν
663 579 844 619 θάλασσαν
867 577 928 618 τὸν
947 580 1082 627 Φᾶσιν,

53 645 125 685 οὐδ’
140 647 187 688 ὣς
203 642 261 682 διὰ
275 641 451 687 Τανάϊδος
468 640 655 689 ἔπλευσαν,
673 638 765 678 ἀλλὰ
785 636 878 677 κατὰ
900 637 959 676 τὸν
979 636 1082 676 αὐτὸν

51 705 177 754 πλοῦν,
196 702 274 741 καθ’
288 701 325 741 ὃν
345 700 599 756 καὶπρότερον,
614 701 660 743 ὡς
678 698 863 753 Σοφοκλῆς
875 698 911 736 ἐν
930 695 1083 741 Σκύθαις

53 765 197 815 ἱστορεῖ.
218 762 290 800 Cui
305 762 361 799 rei
380 761 609 812 refragatur,
623 758 729 810 quod
748 758 788 795 in
806 757 942 795 iisdem
964 756 1084 794 scho-

52 823 113 861 liis
133 821 182 860 ad
205 834 241 860 v.
263 821 341 871 259
361 820 507 858 dictum
528 827 605 858 est:
621 817 811 860 Ἑκαταῖος
828 815 899 877 Se}
911 814 1085 862 Μιλήσιος

55 882 96 920 ἐκ
114 883 176 918 τοῦ
190 878 348 923 Φάσιδος
358 878 502 917 διελθεῖν
527 878 575 921 εἷς
588 876 646 915 τὸν
666 874 847 924 Ὠκεανὸν,
866 877 942 912 εἶτα
956 874 1084 912 ἐκεῖθεν

55 941 103 983 εἷς
117 937 176 977 τὸν
195 938 333 976 Νεῖλον.
350 940 488 988 Itaque
508 943 597 975 sunt
619 935 686 985 qui
702 935 741 972 in
763 933 887 984 priori
905 933 992 970 loco
1011 944 1085 983 pro

55 1002 235 1038 Hecataeo
264 996 498 1035 substituere
537 994 660 1033 velint
687 992 951 1033 Herodorum.
985 993 1087 1029 For-

58 1065 158 1095 tasse
183 1055 232 1093 de
260 1055 337 1093 alio
360 1058 541 1094 Hecataeo
565 1053 605 1091 in
633 1053 757 1091 altero
788 1051 876 1089 loco
902 1050 1088 1101 cogitavit

58 1114 275 1155 scholiasta.

525 1170 614 1208 188.

115 1234 169 1269 St.
189 1233 230 1268 B.
248 1227 410 1282 Μόσχοι,
435 1226 586 1280 Κόλχων
609 1226 702 1271 ἔθνος
720 1225 891 1281 προσεχὲς
912 1231 983 1270 τοῖς
1002 1227 1089 1265 Μα-

60 1294 200 1337 τιηνοῖς.
218 1287 297 1327 Ἑκ.
320 1288 391 1327 Ἀσ.

529 1346 616 1384 189.

118 1411 172 1444 st.
193 1410 233 1444 B.
255 1405 405 1452 Ὑώπη,
433 1404 532 1448 πόλις
565 1406 771 1452 Ματιηνῶν,
804 1402 984 1457 προσεχὴς
1020 1408 1091 1447 τοῖς

64 1464 231 1519 Γορδίοις.
256 1464 336 1503 Ἕκ.
355 1463 454 1518 Ἀσίᾳ
469 1480 477 1488 ·
499 1462 558 1502 «ἓν
579 1462 616 1502 δὲ
642 1462 742 1507 πόλις
755 1462 903 1511 Ὑώπη,
926 1463 958 1501 οἱ
981 1462 1011 1500 δ’
1032 1461 1093 1500 ἄν-

65 1527 198 1577 θρωποι
223 1524 354 1570 ἐσθῆτα
374 1522 568 1577 φορέουσιν,
588 1519 1022 1575 οῗηνπερλΠαφλαγόνες.»
1039 1519 1093 1560 Τὸ

62 1581 194 1621 ἐθνικὸν
215 1580 400 1628 Ὑωπηνὸς
416 1584 466 1635 τῷ
485 1581 666 1635 ἐπιχωρίῳ
691 1579 804 1634 τύπῳ.
817 1580 1013 1618 Revocavi
1034 1581 1092 1618 le—

62 1642 229 1679 ctionem
251 1641 428 1679 codicum
450 1654 523 1692 pro
546 1640 721 1679 Salmasii
737 1641 965 1687 Μαστιηνῶν.

530 1700 617 1738 190.

115 1763 170 1799 St.
187 1762 228 1797 B.
247 1759 330 1806 Χοϊ,
348 1757 442 1803 ἔθνος
456 1757 632 1813 Βεχείρων
656 1757 768 1810 ἐγγύς.
787 1757 867 1796 Ἑκ.
889 1757 988 1811 Ἀσίᾳ
1002 1773 1010 1781 ·
1033 1775 1048 1791 οι
1060 1759 1094 1802 ἐς

65 1819 127 1872 μὲν
149 1822 252 1858 τοῦτο
270 1822 292 1867 ἡ
316 1818 515 1874 Βεχειρικὴ,
535 1818 676 1872 ἔχονται
699 1819 729 1857 δ’
746 1819 859 1857 αὐτῶν
883 1820 963 1858 Χοῐ.
976 1837 992 1854 »
1020 1819 1093 1858 Καὶ

63 1878 189 1918 πάλιν·
210 1896 225 1912 α
242 1877 348 1932 μέχρι
369 1877 432 1930 μὲν
449 1877 582 1917 τούτων
602 1880 708 1918 Χοῖ.»
724 1877 798 1917 Καὶ
817 1876 944 1916 πάλιν·
964 1879 1094 1918 «Χοῖσι

64 1955 79 1972 «
89 1938 118 1976 δ’
137 1936 344 1991 ὁμουρέουσι
360 1937 447 1991 πρὸς
465 1936 563 1984 ἥλιον
581 1936 769 1990 ἀνίσχοντα
785 1936 967 1990 Δίζηρες.»

117 2058 171 2095 St.
193 2058 234 2093 Β.
265 2054 479 2108 Μάκρωνες,
496 2057 527 2093 οῖ
541 2059 599 2093 νῦν
621 2054 752 2094 Σαννοί
769 2084 778 2102 ,
800 2054 972 2109 Στράὸων
988 2056 1095 2095 δωδε-

20 2127 24 2130 ’
64 2114 155 2167 κοίτῃ
177 2115 229 2165 (p.
254 2115 347 2165 825)
362 2114 422 2152 καὶ
441 2114 520 2154 Ἑκ.
539 2113 612 2153 Ἀσ.

119 2235 172 2271 st.
194 2235 236 2270 B.
258 2231 378 2285 Μάρες
390 2261 400 2281 ,
421 2230 514 2275 ἔθνος
532 2231 702 2285 προσεχὲς
722 2237 794 2277 τοῖς
813 2233 1089 2282 Μοσσυνοίκοις,

65 2290 147 2330 Ἕκ.
165 2290 238 2329 Ἀσ.

105 2458 187 2500 0011,
206 2468 285 2500 gens
298 2460 392 2500 juxta
407 2408 693 2501 caucasiiiiiffilec.
710 2470 718 2492 :
738 2473 754 2490 ι
769 2463 848 2494 Imae
868 2463 1005 2496 caucasi
1017 2473 1092 2506 par-

65 2506 114 2539 tes
129 2508 288 2539 vocantur
303 2507 405 2539 Colici
423 2509 561 2540 montes.
579 2521 595 2536 ν)
630 2508 729 2549 Regio
745 2509 866 2541 Colica.

104 2603 183 2634 Hec.
199 2610 277 2633 vero
292 2603 421 2641 narrat,
445 2610 511 2633 non
526 2555 657 2634 <infigere
669 2602 704 2634 in
719 2612 808 2636 mare
826 2603 965 2645 Phasin,
984 2614 1091 2647 neque

63 2656 120 2689 per
134 2648 267 2681 Tanaim
285 2649 455 2689 navigasse
471 2648 739 2691 (Argonautas),
760 2650 816 2683 sed
831 2651 944 2684 eadem
960 2653 1014 2684 via
1028 2662 1092 2694 qua

64 2695 154 2736 prius
169 2719 178 2735 ‚
200 2697 238 2727 ut
250 2695 424 2736 Sophocles
439 2696 473 2727 in
487 2697 616 2737 Scythis
632 2700 751 2729 narrat.
769 2715 809 2720 —

1138 412 1193 436 κοι
1214 398 1453 452 ὁμουρέουσιν,
1470 403 1505 440 ἐν
1526 402 1555 440 δ’
1572 403 1707 442 αὐτοῖσι
1726 402 1895 456 Χοιράδες
1916 401 2028 446 πόλις.
2041 421 2057 437 »

1192 517 1248 553 St.
1265 518 1306 554 B.
1321 515 1459 570 Τείρια,
1473 517 1572 563 πόλις
1591 519 1833 574 Αευκοσύρων·
1853 521 1931 560 Ἑκ.
1951 520 2021 560 Ἀσ.
2040 521 2165 559 Aliam

1139 575 1450 624 Leucosyrorum
1468 577 1603 616 urbem
1622 580 1843 618 Chadisiam
1858 581 1896 618 iu
1912 579 2051 618 finibus
2068 580 2167 619 The-

1140 632 1315 683 miscyrae
1331 646 1613 675 memoraverat
1640 641 1841 677 Hecataeus
1863 639 1902 676 in
1923 639 2167 690 Genealogiis

1139 690 1202 742 (fr.
1250 691 1365 742 35o):
1386 693 1627 746 eandemque
1646 697 1686 734 in
1704 698 1797 735 Asia
1825 698 2051 736 recensitam
2085 712 2168 736 esse

1141 748 1343 801 probabile
1358 759 1429 798 est,
1447 752 1487 789 id
1507 754 1613 803 quod
1631 755 1791 794 fortasse
1811 757 2062 795 confirmatur
2081 757 2168 796 loco

1141 808 1409 859 epitomatoris
1431 812 1633 862 Stephani,
1651 814 1719 864 qui
1738 828 1822 865 quae
1842 816 2056 863 annotavit,
2075 817 2169 854 scri·

1141 875 1208 918 pta
1241 876 1330 905 sunt
1358 869 1398 906 in
1422 869 1557 908 codice
1577 871 1692 922 hujus
1715 875 1843 923 operis
1862 883 2017 912 servato
2047 875 2088 913 in
2115 874 2170 914 bi-

1141 925 1337 965 bliotheca
1369 928 1662 980 Rehdigerana:
1679 931 1846 979 Χαδισία,
1869 931 1968 976 πόλις
1993 933 2172 972 Λευκοσύ-

1145 1000 1226 1038 ρων·
1251 985 1329 1025 Ἕκ.
1350 986 1464 1041 Ἀσίᾳ.
1495 990 1542 1028 Οἱ
1567 990 1710 1027 πολῖται
1728 989 1892 1029 Χαδίσιοι
1918 991 1978 1030 καὶ
2006 992 2171 1032 Χαδισία.

1142 1047 1240 1084 Cum
1259 1058 1353 1084 vero
1373 1046 1455 1085 haec
1478 1048 1608 1086 omnia
1624 1049 1672 1086 ad
1686 1048 1849 1087 verbum
1864 1051 2066 1089 concinant
2086 1066 2173 1089 cum

1142 1105 1231 1143 loco
1255 1107 1380 1157 qualis
1403 1107 1442 1145 in
1464 1108 1624 1160 reliquis
1652 1109 1840 1160 Stephani
1869 1110 2102 1150 editionibus
2121 1113 2175 1150 le-

1144 1165 1259 1215 gitur,
1276 1167 1491 1216 praesertim
1508 1180 1595 1205 cum
1617 1168 1750 1206 ultima
1767 1167 1886 1206 verba
1905 1170 2107 1208 manifesto
2128 1184 2175 1209 ex

1144 1225 1230 1276 ipso
1243 1226 1310 1264 illo
1336 1227 1436 1274 1000,
1450 1221 1604 1266 'duobus
1629 1229 1785 1279 quidem
1807 1229 1970 1274 omissis,
1991 1232 2175 1268 transcri-

1146 1293 1211 1335 pta
1231 1285 1308 1323 sint
1330 1285 1376 1338 (οἱ
1395 1287 1537 1325 πολῖται
1563 1286 1730 1328 Χαδίσιοι
1745 1286 1805 1326 καὶ
1832 1286 1988 1327 Χαδισία
2006 1287 2045 1326 τὸ
2065 1290 2175 1336 θηλυ-

1146 1341 1220 1394 κόν)
1242 1358 1250 1380 :
1267 1353 1375 1383 recte
1406 1347 1602 1384 censuisse
1622 1347 1869 1385 Wellauerus
1897 1346 2051 1385 videtur
2070 1362 2090 1385 e
2110 1362 2177 1386 sua

1147 1403 1384 1441 mentionem
1417 1405 1519 1443 Asiae
1553 1405 1748 1444 addidisse
1786 1406 2083 1457 epitomatorem
2116 1407 2177 1445 vel

1147 1461 1370 1513 conjectura
1390 1464 1450 1502 vel
1471 1478 1616 1502 errore.

1620 1524 1706 1562 195.

1203 1582 1255 1618 St.
1277 1583 1320 1619 B.
1343 1578 1522 1628 Χάλυὸες,
1557 1581 1636 1635 περὶ
1665 1581 1724 1620 τὸν
1751 1581 1885 1621 Πόντον
1920 1582 2013 1626 ἔθνος
2045 1583 2103 1621 ἐπὶ
2129 1586 2180 1637 τῷ

1149 1637 1391 1693 Θερμώδοντι,
1410 1639 1492 1692 περὶ
1511 1633 1559 1678 ὧν
1576 1640 1724 1686 Εὔδοξος
1746 1643 1782 1680 ἐν
1800 1641 1930 1696 πρώτῳ
2010 1642 2084 1681 Καὶ
2104 1642 2180 1682 Χά-

1148 1697 1251 1736 λυὸοι
1272 1698 1357 1752 παρ’
1373 1697 1568 1752 Ἑκαταίῳ·
1590 1699 1812 1739 «Χαλύὸοισι
1830 1700 1917 1754 πρὸς
1934 1700 2031 1739 νότον
2052 1700 2180 1754 Ἀρμέ-

1150 1771 1240 1794 «νιοι
1258 1756 1502 1810 ὁμουρέουσι.»
1519 1760 1640 1797 Codd.
1655 1761 1743 1810 ὁμοῦ
1755 1758 1882 1813 ῥέουσι.
1900 1762 2181 1810 Themiscyram

1150 1829 1328 1867 campum
1366 1816 1433 1867 qui
1474 1831 1495 1854 a
1534 1818 1714 1856 Chadisia
1756 1819 1804 1857 ad
1851 1819 2179 1858 Thermodontem

1151 1876 1396 1926 pertinuerit,
1420 1876 1628 1928 descripsit
1651 1881 1851 1916 Hecataeus
1871 1879 1911 1916 in
1940 1878 2181 1929 Genealogiis

1151 1934 1197 1972 fr.
1218 1934 1308 1972 350.

1205 2055 1258 2091 St.
1282 2057 1324 2092 B.
1344 2053 1528 2106 Σταμένη,
1548 1996 1858 2104 πόλιιςῼξαλύὸων,
1874 2055 1951 2095 Ἑκ.
1973 2055 2047 2094 Ἀσ.

1205 2179 1257 2215 St.
1291 2181 1330 2215 B.
1367 2121 1795 2233 Ἑρμώνασσα,19χ7ώρίον
1845 2181 2120 2233 Τραπεζοῦντος.

1150 2234 1231 2275 Ἕκ.
1258 2235 1294 2274 δὲ
1314 2236 1373 2275 καὶ
1389 2236 1604 2289 Θεόπομπος
1622 2237 1724 2277 πόλιν
1745 2238 1852 2286 αὐτήν
1870 2254 1987 2293 φασιν,
2007 2238 2076 2276 ἀπὸ
2097 2238 2180 2292 ‘Ep—

1150 2294 1352 2346 μωνάσσης.

1191 2461 1360 2492 Macrones
1372 2484 1381 2500 ‚
1398 2461 1454 2502 qui
1469 2470 1557 2494 nunc
1573 2415 1699 2503 salini),1
1707 2440 1822 2495 {traho
1843 2462 1926 2494 libro
1940 2462 2130 2494 duodecimo
2146 2463 2178 2493 et

1149 2507 1331 2539 Hecataeus.

1623 2558 1637 2591 1
1647 2559 1710 2591 92.

1190 2603 1307 2643 MareS‚
1325 2611 1402 2643 gens
1415 2603 1520 2635 vicina
1534 2605 1568 2636 M
1571 2604 1760 2645 ossynoecis

1189 2695 1376 2736 Choerades,
1393 2697 1470 2729 urbs
1486 2653 1775 2739 Mossynieizcir‘um.
1794 2700 1871 2730 Hec.
1891 2696 2069 2738 [Europa]:
2100 2698 2174 2730 «Ti-

104 2742 275 2775 Hecaweus
290 2742 435 2775 Milesius
450 2745 653 2784 Argonautas
672 2744 752 2777 dicit
766 2754 784 2778 e
796 2745 933 2779 Phaside
948 2747 981 2779 in
995 2749 1092 2780 Ocea·
1147 2741 1233 2775 baris
1246 2752 1323 2776 vero
1337 2744 1378 2776 ad
1389 2744 1545 2777 orientem
1558 2745 1660 2777 solem
1673 2745 1771 2777 Vicini
1785 2747 1860 2776 sunt
1869 2744 2074 2785 MOSSYHOE01‚
2088 2745 2174 2786 apud

64 2797 157 2829 uum,
171 2789 246 2822 inde
261 2798 338 2822 vero
353 2790 386 2822 in
403 2790 511 2823 Nilum
525 2792 721 2831 pervenisse.

104 2883 252 2924 Moschi,
276 2883 473 2916 colchorum
489 2840 630 2926 pohfilgu's
644 2885 794 2919 Matienis
810 2886 950 2921 vicinus.

105 2978 230 3019 Hyope‚
250 2977 329 3009 urbs
344 2933 724 3019 Matienoruiiffsiiordiis
738 2980 887 3014 finitima.
904 2984 1001 3015 Hec.:
1019 2985 1091 3016 «In-

1147 2797 1203 2820 eos
1221 2791 1330 2823 autem
1346 2791 1521 2824 Choerades
1536 2792 1625 2824 urbs.
1642 2806 1657 2820 ι»

1190 2884 1277 2916 Tiria
1290 2908 1299 2924 ,
1323 2885 1401 2918 urbs
1414 2839 1712 2927 Leucosyronidii‘·

1189 2979 1350 3020 Chalybes
1365 3002 1374 3018 ‚
1393 2988 1471 3020 gens
1488 2980 1572 3011 circa
1591 2934 1731 3011 PciiiiiSim
1743 3002 1752 3018 ‚
1772 2979 1813 3012 ad
1829 2979 2099 3012 Thermodontem
2116 2980 2172 3013 ssu-

64 3023 114 3056 ter
133 3023 212 3056 alias
228 3033 305 3057 vero
326 3026 376 3057 est
396 3025 475 3057 urbs
501 3027 614 3068 Hyope
627 3050 637 3067 ,
665 3027 813 3061 homines
835 3031 944 3062 autem
965 3032 1091 3063 vestem
1118 3043 1122 3076 Ι
1146 3025 1249 3066 vium,
1264 3027 1304 3058 de
1320 3027 1439 3067 quibus
1455 3027 1612 3058 Eudoxus
1637 3027 1692 3058 lib.
1717 3030 1727 3058 1
1747 3036 1754 3058 :
1773 3036 1898 3059 necnon
1923 3027 2060 3068 chalybi
2085 3028 2171 3069 apud

65 3073 179 3111 gerunt
208 3071 337 3112 qualem
366 3072 598 3114 Paphlagones.
616 3087 632 3102 »
665 3075 794 3108 Gentile
825 3078 1002 3118 Hyopenus
1015 3102 1025 3118 ,
1049 3086 1092 3110 re-
1118 3077 1121 3095 ·
1146 3076 1349 3106 Hecataeum:
1371 3086 1386 3101 «ι
1403 3074 1559 3114 chalybis
1590 3074 1757 3106 meridiem
1779 3083 1892 3107 versus
1909 3075 2053 3107 Armenii
2078 3075 2169 3107 finiti-

65 3116 169 3157 gionis
194 3119 280 3159 typo.

539 3169 554 3200 1
563 3169 626 3202 90.

106 3209 167 3243 Chi
180 3233 190 3249 ,
216 3211 355 3253 populus
368 3213 463 3253 juxta
482 3214 643 3247 Bechires.
674 3217 771 3248 Hec.:
792 3229 808 3245 «
821 3219 894 3250 Huc
913 3227 1017 3259 usque
1035 3220 1092 3251 Be-

64 3257 195 3296 chii-ica,
213 3258 260 3290 eis
275 3267 352 3291 vero
364 3260 493 3292 finitimi
509 3263 585 3293 sunt
600 3262 673 3294 Chi.
689 3275 704 3291 υ
717 3265 759 3296 Et
771 3274 883 3297 rursus
898 3275 906 3296 z
933 3278 949 3293 ιι
966 3266 1016 3297 Ad
1032 3266 1092 3297 hos

13 3346 19 3351 .
66 3312 169 3344 usque
179 3304 251 3335 Chi.
263 3317 280 3332 »
307 3307 348 3337 Et
364 3306 498 3339 iterum:
519 3309 621 3340 «Chis
635 3318 712 3342 vero
725 3311 824 3343 vicini
841 3314 919 3344 sunt
934 3312 973 3344 ad
989 3312 1089 3344 orien-

66 3353 131 3382 tem
147 3350 246 3383 solem
259 3351 397 3385 Dizeres.
408 3366 424 3382 »

1147 3122 1191 3153 mi
1212 3123 1299 3154 sunt.
1316 3134 1331 3148 n

1622 3170 1706 3203 196.

1189 3217 1349 3254 Stamene,
1366 3215 1444 3247 urbs
1458 3214 1687 3297 Ghalemiliw

1189 3311 1424 3347 Hermonassa,
1454 3309 1540 3349 regio
1567 3310 1784 3351 Trapezuiitis.
1800 3335 1823 3342 ..
1848 3313 2016 3343 Hecataeus
2035 3317 2109 3341 vcro
2132 3306 2163 3336 et

1148 3356 1375 3397 Theopompus
1393 3356 1504 3389 urbem
1517 3366 1588 3390 eam
1601 3358 1714 3390 dicunt
1724 3383 1734 3400 ‚
1766 3360 1806 3393 ab
1819 3361 2044 3392 Hermonassa.
