<?xml version="1.0" encoding="UTF-8"?>
<!DOCTYPE html PUBLIC "-//W3C//DTD XHTML 1.0 Transitional//EN"
    "http://www.w3.org/TR/xhtml1/DTD/xhtml1-transitional.dtd">
<html xmlns="http://www.w3.org/1999/xhtml" xml:lang="en" lang="en">
 <head>
  <title>
</title>
<meta http-equiv="Content-Type" content="text/html;charset=utf-8" />
  <meta name='ocr-system' content='tesseract 3.04.00' />
  <meta name='ocr-capabilities' content='ocr_page ocr_carea ocr_par ocr_line ocrx_word'/>
</head>
<body>
  <div class='ocr_page' id='page_1' title='image "./fragmentahistori01mueluoft_0548.png"; bbox 0 0 2320 3684; ppageno 0'>
   <div class='ocr_carea' id='block_1_1' title="bbox 130 187 207 221">
    <p class='ocr_par' dir='ltr' id='par_1_1' title="bbox 130 187 207 221">
     <span class='ocr_line' id='line_1_1' title="bbox 130 187 207 221; baseline -0.013 0"><span class='ocrx_word' id='word_1_1' title='bbox 130 187 207 221; x_wconf 76' lang='lat'>446</span> 
     </span>
    </p>
   </div>
   <div class='ocr_carea' id='block_1_2' title="bbox 129 259 1159 548">
    <p class='ocr_par' dir='ltr' id='par_1_2' title="bbox 129 259 1159 548">
     <span class='ocr_line' id='line_1_2' title="bbox 129 259 1155 314; baseline -0.01 -9"><span class='ocrx_word' id='word_1_2' title='bbox 129 265 343 313; x_wconf 77' lang='lat' dir='ltr'>ximander,</span> <span class='ocrx_word' id='word_1_3' title='bbox 362 275 520 314; x_wconf 88' lang='lat' dir='ltr'>regnum</span> <span class='ocrx_word' id='word_1_4' title='bbox 540 261 701 311; x_wconf 85' lang='lat' dir='ltr'>adeptus</span> <span class='ocrx_word' id='word_1_5' title='bbox 730 260 779 297; x_wconf 94' lang='lat' dir='ltr'>sit</span> <span class='ocrx_word' id='word_1_6' title='bbox 792 260 852 298; x_wconf 92' lang='lat' dir='ltr'>Ol.</span> <span class='ocrx_word' id='word_1_7' title='bbox 869 260 934 305; x_wconf 81' lang='lat'>62,</span> <span class='ocrx_word' id='word_1_8' title='bbox 966 269 1001 307; x_wconf 86' lang='lat'>1,</span> <span class='ocrx_word' id='word_1_9' title='bbox 1027 259 1104 298; x_wconf 81' lang='lat'>532</span> <span class='ocrx_word' id='word_1_10' title='bbox 1121 273 1155 297; x_wconf 89' lang='lat' dir='ltr'>a.</span> 
     </span>
     <span class='ocr_line' id='line_1_3' title="bbox 131 318 1159 370; baseline -0.008 -7"><span class='ocrx_word' id='word_1_11' title='bbox 131 329 173 364; x_wconf 95' lang='lat' dir='ltr'>C.</span> <span class='ocrx_word' id='word_1_12' title='bbox 207 325 407 363; x_wconf 89' lang='lat' dir='ltr'>Clintonus</span> <span class='ocrx_word' id='word_1_13' title='bbox 441 321 504 359; x_wconf 88' lang='lat' dir='ltr'>hic</span> <span class='ocrx_word' id='word_1_14' title='bbox 532 320 572 357; x_wconf 90' lang='lat' dir='ltr'>in</span> <span class='ocrx_word' id='word_1_15' title='bbox 611 318 745 356; x_wconf 89' lang='lat' dir='ltr'>mortis</span> <span class='ocrx_word' id='word_1_16' title='bbox 773 326 946 370; x_wconf 86' lang='lat' dir='ltr'>tempore</span> <span class='ocrx_word' id='word_1_17' title='bbox 989 318 1159 356; x_wconf 88' lang='lat' dir='ltr'>notando</span> 
     </span>
     <span class='ocr_line' id='line_1_4' title="bbox 131 376 1158 436; baseline -0.008 -14"><span class='ocrx_word' id='word_1_18' title='bbox 131 383 223 436; x_wconf 83' lang='grc' dir='ltr'>(μετ’</span> <span class='ocrx_word' id='word_1_19' title='bbox 240 381 369 433; x_wconf 84' lang='grc' dir='ltr'>ὀλίγον)</span> <span class='ocrx_word' id='word_1_20' title='bbox 395 387 562 418; x_wconf 89' lang='lat' dir='ltr'>erratum</span> <span class='ocrx_word' id='word_1_21' title='bbox 595 377 826 427; x_wconf 88' lang='lat' dir='ltr'>suspicatur,</span> <span class='ocrx_word' id='word_1_22' title='bbox 857 377 930 414; x_wconf 88' lang='lat' dir='ltr'>nisi</span> <span class='ocrx_word' id='word_1_23' title='bbox 963 376 1061 414; x_wconf 86' lang='lat' dir='ltr'>forte</span> <span class='ocrx_word' id='word_1_24' title='bbox 1077 384 1158 415; x_wconf 84' lang='lat' dir='ltr'>sta-</span> 
     </span>
     <span class='ocr_line' id='line_1_5' title="bbox 130 436 1159 486; baseline -0.008 -6"><span class='ocrx_word' id='word_1_25' title='bbox 130 441 312 480; x_wconf 88' lang='lat' dir='ltr'>tuendum</span> <span class='ocrx_word' id='word_1_26' title='bbox 330 440 378 477; x_wconf 92' lang='lat' dir='ltr'>sit</span> <span class='ocrx_word' id='word_1_27' title='bbox 411 436 571 486; x_wconf 86' lang='lat' dir='ltr'>intelligi</span> <span class='ocrx_word' id='word_1_28' title='bbox 608 440 784 483; x_wconf 79' lang='lat' dir='ltr'>majorem</span> <span class='ocrx_word' id='word_1_29' title='bbox 824 437 1063 486; x_wconf 81' lang='lat' dir='ltr'><strong>Polycratem</strong></span> <span class='ocrx_word' id='word_1_30' title='bbox 1093 436 1159 486; x_wconf 90' lang='lat' dir='ltr'>qui</span> 
     </span>
     <span class='ocr_line' id='line_1_6' title="bbox 129 492 794 548; baseline -0.012 -9"><span class='ocrx_word' id='word_1_31' title='bbox 129 501 186 538; x_wconf 93' lang='lat' dir='ltr'>Ol.</span> <span class='ocrx_word' id='word_1_32' title='bbox 208 501 253 545; x_wconf 85' lang='grc'>54</span> <span class='ocrx_word' id='word_1_33' title='bbox 278 498 418 537; x_wconf 86' lang='lat' dir='ltr'>floruit.</span> <span class='ocrx_word' id='word_1_34' title='bbox 438 495 557 548; x_wconf 87' lang='lat' dir='ltr'>(Suid.</span> <span class='ocrx_word' id='word_1_35' title='bbox 575 508 611 535; x_wconf 91' lang='lat' dir='ltr'>v.</span> <span class='ocrx_word' id='word_1_36' title='bbox 631 492 794 545; x_wconf 72' lang='grc' dir='ltr'>Ἴὸυκος.)</span> 
     </span>
    </p>
   </div>
   <div class='ocr_carea' id='block_1_3' title="bbox 454 565 826 669">
    <p class='ocr_par' dir='ltr' id='par_1_3' title="bbox 454 565 826 669">
     <span class='ocr_line' id='line_1_7' title="bbox 616 565 680 606; baseline 0.063 -5"><span class='ocrx_word' id='word_1_37' title='bbox 616 565 680 606; x_wconf 88' lang='grc'>80.</span> 
     </span>
     <span class='ocr_line' id='line_1_8' title="bbox 454 631 826 669; baseline 0 -1"><span class='ocrx_word' id='word_1_38' title='bbox 454 631 514 668; x_wconf 93' lang='lat' dir='ltr'>Ol.</span> <span class='ocrx_word' id='word_1_39' title='bbox 537 632 598 669; x_wconf 85' lang='lat'>63.</span> <span class='ocrx_word' id='word_1_40' title='bbox 623 631 698 668; x_wconf 85' lang='lat'>528</span> <span class='ocrx_word' id='word_1_41' title='bbox 727 643 761 668; x_wconf 87' lang='lat' dir='ltr'>a.</span> <span class='ocrx_word' id='word_1_42' title='bbox 783 632 826 668; x_wconf 89' lang='lat' dir='ltr'>C.</span> 
     </span>
    </p>
   </div>
   <div class='ocr_carea' id='block_1_4' title="bbox 124 694 1163 1573">
    <p class='ocr_par' dir='ltr' id='par_1_4' title="bbox 127 694 1159 925">
     <span class='ocr_line' id='line_1_9' title="bbox 181 694 1159 746; baseline -0.002 -11"><span class='ocrx_word' id='word_1_43' title='bbox 181 697 341 746; x_wconf 85' lang='lat' dir='ltr'><strong>Diogen.</strong></span> <span class='ocrx_word' id='word_1_44' title='bbox 364 697 486 731; x_wconf 87' lang='lat' dir='ltr'>Laert.</span> <span class='ocrx_word' id='word_1_45' title='bbox 507 697 566 738; x_wconf 96' lang='lat' dir='ltr'>II,</span> <span class='ocrx_word' id='word_1_46' title='bbox 593 695 628 742; x_wconf 83' lang='lat'>3,</span> <span class='ocrx_word' id='word_1_47' title='bbox 655 694 702 731; x_wconf 91' lang='lat' dir='ltr'>de</span> <span class='ocrx_word' id='word_1_48' title='bbox 716 695 953 733; x_wconf 87' lang='lat' dir='ltr'>Anaximene</span> <span class='ocrx_word' id='word_1_49' title='bbox 988 695 1159 733; x_wconf 86' lang='lat' dir='ltr'>Milesio:</span> 
     </span>
     <span class='ocr_line' id='line_1_10' title="bbox 128 751 1158 808; baseline 0 -15"><span class='ocrx_word' id='word_1_50' title='bbox 128 755 200 795; x_wconf 86' lang='grc' dir='ltr'>Καὶ</span> <span class='ocrx_word' id='word_1_51' title='bbox 229 753 412 806; x_wconf 87' lang='grc' dir='ltr'>γεγένηται</span> <span class='ocrx_word' id='word_1_52' title='bbox 442 751 519 804; x_wconf 79' lang='grc' dir='ltr'>μὲν,</span> <span class='ocrx_word' id='word_1_53' title='bbox 546 754 638 791; x_wconf 90' lang='grc' dir='ltr'>καθά</span> <span class='ocrx_word' id='word_1_54' title='bbox 668 768 774 807; x_wconf 86' lang='grc' dir='ltr'>φησιν</span> <span class='ocrx_word' id='word_1_55' title='bbox 800 753 1058 808; x_wconf 83' lang='grc' dir='ltr'>Ἀπολλόδωρος</span> <span class='ocrx_word' id='word_1_56' title='bbox 1072 786 1082 803; x_wconf 94' lang='grc'>,</span> <span class='ocrx_word' id='word_1_57' title='bbox 1113 758 1158 806; x_wconf 77' lang='grc' dir='ltr'>τῇ</span> 
     </span>
     <span class='ocr_line' id='line_1_11' title="bbox 129 811 1155 868; baseline 0.001 -16"><span class='ocrx_word' id='word_1_58' title='bbox 129 814 298 863; x_wconf 76' lang='grc' dir='ltr'>ἑξηκοστῇ</span> <span class='ocrx_word' id='word_1_59' title='bbox 326 811 425 864; x_wconf 86' lang='grc' dir='ltr'>τρίτῃ</span> <span class='ocrx_word' id='word_1_60' title='bbox 454 811 687 863; x_wconf 84' lang='grc' dir='ltr'>Ὀλυμπιάδι,</span> <span class='ocrx_word' id='word_1_61' title='bbox 707 812 911 860; x_wconf 83' lang='grc' dir='ltr'>ἐτελεύτησε</span> <span class='ocrx_word' id='word_1_62' title='bbox 936 812 972 852; x_wconf 87' lang='grc' dir='ltr'>δὲ</span> <span class='ocrx_word' id='word_1_63' title='bbox 991 814 1071 868; x_wconf 86' lang='grc' dir='ltr'>περὶ</span> <span class='ocrx_word' id='word_1_64' title='bbox 1091 813 1155 862; x_wconf 66' lang='grc' dir='ltr'>τὴν</span> 
     </span>
     <span class='ocr_line' id='line_1_12' title="bbox 127 873 456 925; baseline -0.003 -13"><span class='ocrx_word' id='word_1_65' title='bbox 127 873 292 925; x_wconf 83' lang='grc' dir='ltr'>Σάρδεων</span> <span class='ocrx_word' id='word_1_66' title='bbox 311 873 456 911; x_wconf 86' lang='grc' dir='ltr'>ἅλωσιν.</span> 
     </span>
    </p>

    <p class='ocr_par' dir='ltr' id='par_1_5' title="bbox 124 930 1163 1573">
     <span class='ocr_line' id='line_1_13' title="bbox 179 930 1160 982; baseline 0 -12"><span class='ocrx_word' id='word_1_67' title='bbox 179 931 315 970; x_wconf 90' lang='lat' dir='ltr'>Sardes</span> <span class='ocrx_word' id='word_1_68' title='bbox 330 930 540 968; x_wconf 85' lang='lat' dir='ltr'>combustae</span> <span class='ocrx_word' id='word_1_69' title='bbox 559 938 650 968; x_wconf 88' lang='lat' dir='ltr'>sunt</span> <span class='ocrx_word' id='word_1_70' title='bbox 664 931 724 969; x_wconf 92' lang='lat' dir='ltr'>Ol.</span> <span class='ocrx_word' id='word_1_71' title='bbox 740 945 801 979; x_wconf 87' lang='lat'>70,</span> <span class='ocrx_word' id='word_1_72' title='bbox 821 945 857 980; x_wconf 83' lang='lat'>2,</span> <span class='ocrx_word' id='word_1_73' title='bbox 877 938 953 982; x_wconf 91' lang='grc'>499</span> <span class='ocrx_word' id='word_1_74' title='bbox 970 946 1003 970; x_wconf 87' lang='lat' dir='ltr'>a.</span> <span class='ocrx_word' id='word_1_75' title='bbox 1020 935 1062 970; x_wconf 89' lang='lat' dir='ltr'>C.</span> <span class='ocrx_word' id='word_1_76' title='bbox 1080 936 1160 970; x_wconf 88' lang='lat' dir='ltr'>Ita-</span> 
     </span>
     <span class='ocr_line' id='line_1_14' title="bbox 126 989 1159 1041; baseline 0 -12"><span class='ocrx_word' id='word_1_77' title='bbox 126 1005 202 1041; x_wconf 88' lang='lat' dir='ltr'>que</span> <span class='ocrx_word' id='word_1_78' title='bbox 220 990 405 1040; x_wconf 86' lang='lat' dir='ltr'>Diogenis</span> <span class='ocrx_word' id='word_1_79' title='bbox 425 990 532 1027; x_wconf 89' lang='lat' dir='ltr'>locus</span> <span class='ocrx_word' id='word_1_80' title='bbox 550 990 646 1028; x_wconf 90' lang='lat' dir='ltr'>vitio</span> <span class='ocrx_word' id='word_1_81' title='bbox 665 989 840 1029; x_wconf 84' lang='lat' dir='ltr'>laborare</span> <span class='ocrx_word' id='word_1_82' title='bbox 859 991 1023 1029; x_wconf 87' lang='lat' dir='ltr'>videtur.</span> <span class='ocrx_word' id='word_1_83' title='bbox 1039 995 1159 1029; x_wconf 88' lang='lat' dir='ltr'>Pseu-</span> 
     </span>
     <span class='ocr_line' id='line_1_15' title="bbox 126 1048 1163 1104; baseline 0.001 -17"><span class='ocrx_word' id='word_1_84' title='bbox 126 1050 308 1100; x_wconf 85' lang='lat' dir='ltr'>do—Orig.</span> <span class='ocrx_word' id='word_1_85' title='bbox 340 1049 481 1087; x_wconf 91' lang='lat' dir='ltr'>Philos.</span> <span class='ocrx_word' id='word_1_86' title='bbox 518 1063 550 1087; x_wconf 92' lang='lat' dir='ltr'>c.</span> <span class='ocrx_word' id='word_1_87' title='bbox 572 1063 607 1097; x_wconf 92' lang='lat'>7,</span> <span class='ocrx_word' id='word_1_88' title='bbox 639 1063 677 1100; x_wconf 90' lang='lat' dir='ltr'>p.</span> <span class='ocrx_word' id='word_1_89' title='bbox 696 1050 746 1086; x_wconf 89' lang='lat'>66</span> <span class='ocrx_word' id='word_1_90' title='bbox 763 1066 770 1087; x_wconf 91' lang='lat'>:</span> <span class='ocrx_word' id='word_1_91' title='bbox 787 1048 954 1101; x_wconf 88' lang='grc' dir='ltr'>Ἤκμασε</span> <span class='ocrx_word' id='word_1_92' title='bbox 980 1050 1060 1104; x_wconf 81' lang='grc' dir='ltr'>περὶ</span> <span class='ocrx_word' id='word_1_93' title='bbox 1090 1049 1163 1094; x_wconf 84' lang='grc' dir='ltr'>ἔτος</span> 
     </span>
     <span class='ocr_line' id='line_1_16' title="bbox 124 1107 1160 1163; baseline 0.001 -17"><span class='ocrx_word' id='word_1_94' title='bbox 124 1111 263 1163; x_wconf 83' lang='grc' dir='ltr'>πρῶτον</span> <span class='ocrx_word' id='word_1_95' title='bbox 277 1110 338 1155; x_wconf 75' lang='grc' dir='ltr'>τῆς</span> <span class='ocrx_word' id='word_1_96' title='bbox 351 1110 592 1155; x_wconf 76' lang='grc' dir='ltr'>πεντηκοστῆς</span> <span class='ocrx_word' id='word_1_97' title='bbox 605 1107 727 1160; x_wconf 82' lang='grc' dir='ltr'>ὀγδόης</span> <span class='ocrx_word' id='word_1_98' title='bbox 742 1108 991 1160; x_wconf 86' lang='grc' dir='ltr'>Ὀλυμπιάδος.</span> <span class='ocrx_word' id='word_1_99' title='bbox 1004 1110 1160 1148; x_wconf 85' lang='lat' dir='ltr'>Suidas:</span> 
     </span>
     <span class='ocr_line' id='line_1_17' title="bbox 124 1166 1161 1222; baseline 0.001 -17"><span class='ocrx_word' id='word_1_100' title='bbox 124 1166 271 1218; x_wconf 82' lang='grc' dir='ltr'>Γέγονεν</span> <span class='ocrx_word' id='word_1_101' title='bbox 285 1168 320 1204; x_wconf 81' lang='grc' dir='ltr'>ἐν</span> <span class='ocrx_word' id='word_1_102' title='bbox 339 1169 383 1219; x_wconf 79' lang='grc' dir='ltr'>τῇ</span> <span class='ocrx_word' id='word_1_103' title='bbox 397 1167 443 1205; x_wconf 90' lang='grc' dir='ltr'>νε’</span> <span class='ocrx_word' id='word_1_104' title='bbox 462 1167 548 1218; x_wconf 84' lang='lat' dir='ltr'>(leg.</span> <span class='ocrx_word' id='word_1_105' title='bbox 563 1167 628 1217; x_wconf 83' lang='grc' dir='ltr'>νη’)</span> <span class='ocrx_word' id='word_1_106' title='bbox 645 1167 864 1218; x_wconf 83' lang='grc' dir='ltr'>Ὀλυμπιάδι</span> <span class='ocrx_word' id='word_1_107' title='bbox 885 1170 923 1206; x_wconf 83' lang='grc' dir='ltr'>ἐν</span> <span class='ocrx_word' id='word_1_108' title='bbox 936 1171 980 1221; x_wconf 76' lang='grc' dir='ltr'>τῇ</span> <span class='ocrx_word' id='word_1_109' title='bbox 996 1168 1161 1222; x_wconf 84' lang='grc' dir='ltr'>Σάρδεων</span> 
     </span>
     <span class='ocr_line' id='line_1_18' title="bbox 125 1225 1160 1280; baseline 0.002 -17"><span class='ocrx_word' id='word_1_110' title='bbox 125 1225 278 1274; x_wconf 82' lang='grc' dir='ltr'>ἁλώσει,</span> <span class='ocrx_word' id='word_1_111' title='bbox 299 1225 356 1264; x_wconf 78' lang='grc' dir='ltr'>ὅτε</span> <span class='ocrx_word' id='word_1_112' title='bbox 376 1228 488 1277; x_wconf 78' lang='grc' dir='ltr'>Κῦρος</span> <span class='ocrx_word' id='word_1_113' title='bbox 505 1230 523 1264; x_wconf 87' lang='grc' dir='ltr'><strong><em>ὃ</em></strong></span> <span class='ocrx_word' id='word_1_114' title='bbox 545 1225 684 1279; x_wconf 84' lang='grc' dir='ltr'>Πέρσης</span> <span class='ocrx_word' id='word_1_115' title='bbox 698 1228 849 1280; x_wconf 88' lang='grc' dir='ltr'>Κροῖσον</span> <span class='ocrx_word' id='word_1_116' title='bbox 868 1229 1038 1265; x_wconf 84' lang='grc' dir='ltr'>καθεῖλεν.</span> <span class='ocrx_word' id='word_1_117' title='bbox 1064 1231 1160 1266; x_wconf 87' lang='lat' dir='ltr'>Cer-</span> 
     </span>
     <span class='ocr_line' id='line_1_19' title="bbox 128 1284 1159 1335; baseline 0.003 -13"><span class='ocrx_word' id='word_1_118' title='bbox 128 1285 237 1322; x_wconf 89' lang='lat' dir='ltr'>tioris</span> <span class='ocrx_word' id='word_1_119' title='bbox 271 1284 416 1335; x_wconf 88' lang='lat' dir='ltr'>aliquid</span> <span class='ocrx_word' id='word_1_120' title='bbox 449 1285 514 1322; x_wconf 89' lang='lat' dir='ltr'>vix</span> <span class='ocrx_word' id='word_1_121' title='bbox 545 1285 687 1335; x_wconf 89' lang='lat' dir='ltr'>poterit</span> <span class='ocrx_word' id='word_1_122' title='bbox 712 1286 917 1323; x_wconf 86' lang='lat' dir='ltr'>constitui:</span> <span class='ocrx_word' id='word_1_123' title='bbox 936 1300 973 1323; x_wconf 92' lang='lat' dir='ltr'>v.</span> <span class='ocrx_word' id='word_1_124' title='bbox 994 1286 1159 1325; x_wconf 87' lang='lat' dir='ltr'>Clinton.</span> 
     </span>
     <span class='ocr_line' id='line_1_20' title="bbox 125 1343 1159 1396; baseline 0.001 -15"><span class='ocrx_word' id='word_1_125' title='bbox 125 1343 175 1381; x_wconf 91' lang='lat' dir='ltr'>ad</span> <span class='ocrx_word' id='word_1_126' title='bbox 192 1344 253 1382; x_wconf 90' lang='lat'>01.</span> <span class='ocrx_word' id='word_1_127' title='bbox 275 1344 323 1381; x_wconf 83' lang='lat'>58</span> <span class='ocrx_word' id='word_1_128' title='bbox 338 1373 348 1391; x_wconf 93' lang='lat'>,</span> <span class='ocrx_word' id='word_1_129' title='bbox 375 1357 407 1391; x_wconf 78' lang='grc' dir='ltr'>ι,</span> <span class='ocrx_word' id='word_1_130' title='bbox 427 1351 464 1380; x_wconf 89' lang='lat' dir='ltr'>et</span> <span class='ocrx_word' id='word_1_131' title='bbox 483 1357 521 1394; x_wconf 77' lang='lat' dir='ltr'>p.</span> <span class='ocrx_word' id='word_1_132' title='bbox 547 1345 622 1390; x_wconf 79' lang='lat'>376</span> <span class='ocrx_word' id='word_1_133' title='bbox 643 1348 728 1391; x_wconf 88' lang='lat' dir='ltr'>Kr.,</span> <span class='ocrx_word' id='word_1_134' title='bbox 747 1344 884 1382; x_wconf 87' lang='lat' dir='ltr'>Ritter.</span> <span class='ocrx_word' id='word_1_135' title='bbox 903 1345 926 1382; x_wconf 92' lang='lat' dir='ltr'>l.</span> <span class='ocrx_word' id='word_1_136' title='bbox 948 1346 1017 1396; x_wconf 93' lang='lat' dir='ltr'>l.p.</span> <span class='ocrx_word' id='word_1_137' title='bbox 1040 1346 1087 1382; x_wconf 81' lang='lat'>23</span> <span class='ocrx_word' id='word_1_138' title='bbox 1104 1358 1159 1395; x_wconf 91' lang='lat' dir='ltr'>sq.</span> 
     </span>
     <span class='ocr_line' id='line_1_21' title="bbox 125 1401 1162 1454; baseline 0.002 -15"><span class='ocrx_word' id='word_1_139' title='bbox 125 1403 302 1453; x_wconf 82' lang='lat' dir='ltr'>Heynius</span> <span class='ocrx_word' id='word_1_140' title='bbox 323 1415 409 1440; x_wconf 90' lang='lat' dir='ltr'>cum</span> <span class='ocrx_word' id='word_1_141' title='bbox 424 1402 599 1440; x_wconf 91' lang='lat' dir='ltr'>Simsono</span> <span class='ocrx_word' id='word_1_142' title='bbox 613 1401 733 1440; x_wconf 85' lang='lat' dir='ltr'>verba</span> <span class='ocrx_word' id='word_1_143' title='bbox 749 1416 830 1441; x_wconf 91' lang='lat' dir='ltr'>esse</span> <span class='ocrx_word' id='word_1_144' title='bbox 848 1404 1076 1454; x_wconf 87' lang='lat' dir='ltr'>transposita</span> <span class='ocrx_word' id='word_1_145' title='bbox 1086 1417 1162 1454; x_wconf 93' lang='lat' dir='ltr'>pu-</span> 
     </span>
     <span class='ocr_line' id='line_1_22' title="bbox 126 1460 1160 1516; baseline 0.001 -18"><span class='ocrx_word' id='word_1_146' title='bbox 126 1469 181 1498; x_wconf 86' lang='lat' dir='ltr'>tat</span> <span class='ocrx_word' id='word_1_147' title='bbox 206 1469 245 1498; x_wconf 86' lang='lat' dir='ltr'>et</span> <span class='ocrx_word' id='word_1_148' title='bbox 273 1461 326 1498; x_wconf 89' lang='lat' dir='ltr'>sic</span> <span class='ocrx_word' id='word_1_149' title='bbox 353 1461 645 1499; x_wconf 86' lang='lat' dir='ltr'>constituenda:</span> <span class='ocrx_word' id='word_1_150' title='bbox 665 1461 847 1512; x_wconf 79' lang='grc' dir='ltr'>γεγένηται</span> <span class='ocrx_word' id='word_1_151' title='bbox 879 1460 1076 1516; x_wconf 78' lang='grc' dir='ltr'>μὲν...περὶ</span> <span class='ocrx_word' id='word_1_152' title='bbox 1097 1461 1160 1508; x_wconf 85' lang='grc' dir='ltr'>τὴν</span> 
     </span>
     <span class='ocr_line' id='line_1_23' title="bbox 126 1518 1106 1573; baseline -0.001 -14"><span class='ocrx_word' id='word_1_153' title='bbox 126 1519 291 1573; x_wconf 89' lang='grc' dir='ltr'>Σάρδεων</span> <span class='ocrx_word' id='word_1_154' title='bbox 309 1519 452 1568; x_wconf 82' lang='grc' dir='ltr'>ἅλωσιν,</span> <span class='ocrx_word' id='word_1_155' title='bbox 474 1518 678 1566; x_wconf 81' lang='grc' dir='ltr'>ἐτελεύτησε</span> <span class='ocrx_word' id='word_1_156' title='bbox 695 1519 731 1558; x_wconf 83' lang='grc' dir='ltr'>δὲ</span> <span class='ocrx_word' id='word_1_157' title='bbox 748 1522 791 1572; x_wconf 76' lang='grc' dir='ltr'>τῇ</span> <span class='ocrx_word' id='word_1_158' title='bbox 812 1518 858 1572; x_wconf 80' lang='grc' dir='ltr'>ξγ’</span> <span class='ocrx_word' id='word_1_159' title='bbox 877 1519 1106 1572; x_wconf 87' lang='grc' dir='ltr'>Ὀλυμπιάδι.</span> 
     </span>
    </p>
   </div>
   <div class='ocr_carea' id='block_1_5' title="bbox 421 1648 866 1695">
    <p class='ocr_par' dir='ltr' id='par_1_6' title="bbox 421 1648 866 1695">
     <span class='ocr_line' id='line_1_24' title="bbox 421 1648 866 1695; baseline 0 -9"><span class='ocrx_word' id='word_1_160' title='bbox 421 1648 483 1686; x_wconf 92' lang='lat' dir='ltr'>Ol.</span> <span class='ocrx_word' id='word_1_161' title='bbox 510 1662 572 1695; x_wconf 85' lang='lat'>71,</span> <span class='ocrx_word' id='word_1_162' title='bbox 602 1663 634 1685; x_wconf 93' lang='lat'>1.</span> <span class='ocrx_word' id='word_1_163' title='bbox 670 1650 745 1686; x_wconf 85' lang='lat'>500</span> <span class='ocrx_word' id='word_1_164' title='bbox 771 1662 803 1686; x_wconf 90' lang='lat' dir='ltr'>a.</span> <span class='ocrx_word' id='word_1_165' title='bbox 826 1652 866 1687; x_wconf 94' lang='lat' dir='ltr'>C.</span> 
     </span>
    </p>
   </div>
   <div class='ocr_carea' id='block_1_6' title="bbox 125 1716 1164 2362">
    <p class='ocr_par' dir='ltr' id='par_1_7' title="bbox 125 1716 1164 2362">
     <span class='ocr_line' id='line_1_25' title="bbox 178 1716 1162 1770; baseline 0.004 -16"><span class='ocrx_word' id='word_1_166' title='bbox 178 1716 341 1767; x_wconf 81' lang='lat' dir='ltr'>Diogen.</span> <span class='ocrx_word' id='word_1_167' title='bbox 379 1719 506 1755; x_wconf 87' lang='lat' dir='ltr'>Laert.</span> <span class='ocrx_word' id='word_1_168' title='bbox 529 1721 589 1762; x_wconf 87' lang='grc' dir='ltr'>ΙΙ,</span> <span class='ocrx_word' id='word_1_169' title='bbox 616 1732 652 1766; x_wconf 91' lang='grc'>7,</span> <span class='ocrx_word' id='word_1_170' title='bbox 671 1717 719 1756; x_wconf 91' lang='lat' dir='ltr'>de</span> <span class='ocrx_word' id='word_1_171' title='bbox 749 1723 998 1770; x_wconf 78' lang='lat' dir='ltr'>Anaxagora:</span> <span class='ocrx_word' id='word_1_172' title='bbox 1015 1719 1116 1767; x_wconf 83' lang='grc' dir='ltr'>Φησὶ</span> <span class='ocrx_word' id='word_1_173' title='bbox 1133 1720 1162 1757; x_wconf 90' lang='grc' dir='ltr'>δ’</span> 
     </span>
     <span class='ocr_line' id='line_1_26' title="bbox 125 1775 1161 1832; baseline 0.002 -18"><span class='ocrx_word' id='word_1_174' title='bbox 125 1775 386 1830; x_wconf 80' lang='grc' dir='ltr'>Ἀπολλόδωρος</span> <span class='ocrx_word' id='word_1_175' title='bbox 399 1777 434 1814; x_wconf 80' lang='grc' dir='ltr'>ἐν</span> <span class='ocrx_word' id='word_1_176' title='bbox 452 1782 524 1820; x_wconf 88' lang='grc' dir='ltr'>τοῖς</span> <span class='ocrx_word' id='word_1_177' title='bbox 540 1778 722 1830; x_wconf 88' lang='grc' dir='ltr'>Χρονικοῖς</span> <span class='ocrx_word' id='word_1_178' title='bbox 735 1809 745 1826; x_wconf 92' lang='grc'>,</span> <span class='ocrx_word' id='word_1_179' title='bbox 764 1781 971 1829; x_wconf 79' lang='grc' dir='ltr'>γεγενῆσθαι</span> <span class='ocrx_word' id='word_1_180' title='bbox 992 1778 1094 1817; x_wconf 80' lang='grc' dir='ltr'>αὐτὸν</span> <span class='ocrx_word' id='word_1_181' title='bbox 1118 1782 1161 1832; x_wconf 80' lang='grc' dir='ltr'>τῇ</span> 
     </span>
     <span class='ocr_line' id='line_1_27' title="bbox 127 1834 1162 1892; baseline 0.004 -20"><span class='ocrx_word' id='word_1_182' title='bbox 127 1834 374 1886; x_wconf 75' lang='grc' dir='ltr'>ἑὸδομηκοστῇ</span> <span class='ocrx_word' id='word_1_183' title='bbox 404 1835 642 1886; x_wconf 86' lang='grc' dir='ltr'>Ὀλυμπιάδι,</span> <span class='ocrx_word' id='word_1_184' title='bbox 664 1835 867 1884; x_wconf 86' lang='grc' dir='ltr'>τεθνηκέναι</span> <span class='ocrx_word' id='word_1_185' title='bbox 894 1836 930 1875; x_wconf 82' lang='grc' dir='ltr'>δὲ</span> <span class='ocrx_word' id='word_1_186' title='bbox 961 1840 1012 1891; x_wconf 82' lang='grc' dir='ltr'>τῷ</span> <span class='ocrx_word' id='word_1_187' title='bbox 1032 1838 1162 1892; x_wconf 83' lang='grc' dir='ltr'>πρώτῳ</span> 
     </span>
     <span class='ocr_line' id='line_1_28' title="bbox 129 1892 1161 1948; baseline 0.004 -17"><span class='ocrx_word' id='word_1_188' title='bbox 129 1892 199 1931; x_wconf 86' lang='grc' dir='ltr'>ἔτει</span> <span class='ocrx_word' id='word_1_189' title='bbox 229 1897 290 1940; x_wconf 77' lang='grc' dir='ltr'>τῆς</span> <span class='ocrx_word' id='word_1_190' title='bbox 323 1895 558 1945; x_wconf 78' lang='grc' dir='ltr'>ὀγδοηκοστῆς</span> <span class='ocrx_word' id='word_1_191' title='bbox 578 1894 713 1946; x_wconf 86' lang='grc' dir='ltr'>ὀγδόης.</span> <span class='ocrx_word' id='word_1_192' title='bbox 735 1897 796 1934; x_wconf 86' lang='lat' dir='ltr'>Sic</span> <span class='ocrx_word' id='word_1_193' title='bbox 816 1905 1012 1948; x_wconf 89' lang='lat' dir='ltr'>postrema</span> <span class='ocrx_word' id='word_1_194' title='bbox 1028 1911 1161 1935; x_wconf 89' lang='lat' dir='ltr'>corre—</span> 
     </span>
     <span class='ocr_line' id='line_1_29' title="bbox 130 1953 1163 2005; baseline 0.004 -16"><span class='ocrx_word' id='word_1_195' title='bbox 130 1961 272 1990; x_wconf 85' lang='lat' dir='ltr'>xerunt</span> <span class='ocrx_word' id='word_1_196' title='bbox 289 1954 363 1990; x_wconf 89' lang='lat' dir='ltr'>viri</span> <span class='ocrx_word' id='word_1_197' title='bbox 379 1953 503 2000; x_wconf 89' lang='lat' dir='ltr'>docti;</span> <span class='ocrx_word' id='word_1_198' title='bbox 520 1954 636 2004; x_wconf 85' lang='lat' dir='ltr'>vulgo</span> <span class='ocrx_word' id='word_1_199' title='bbox 657 1955 796 2005; x_wconf 83' lang='lat' dir='ltr'>legitur</span> <span class='ocrx_word' id='word_1_200' title='bbox 819 1957 882 2001; x_wconf 78' lang='grc' dir='ltr'>τῆς</span> <span class='ocrx_word' id='word_1_201' title='bbox 901 1955 1163 2005; x_wconf 73' lang='grc' dir='ltr'>ἑὸδομηκοστῆς</span> 
     </span>
     <span class='ocr_line' id='line_1_30' title="bbox 129 2010 1163 2066; baseline 0.003 -17"><span class='ocrx_word' id='word_1_202' title='bbox 129 2010 265 2062; x_wconf 88' lang='grc' dir='ltr'>ὀγδόης,</span> <span class='ocrx_word' id='word_1_203' title='bbox 281 2012 386 2063; x_wconf 86' lang='lat' dir='ltr'>quod</span> <span class='ocrx_word' id='word_1_204' title='bbox 400 2026 530 2050; x_wconf 86' lang='lat' dir='ltr'>errore</span> <span class='ocrx_word' id='word_1_205' title='bbox 544 2013 714 2064; x_wconf 90' lang='lat' dir='ltr'>positum</span> <span class='ocrx_word' id='word_1_206' title='bbox 730 2014 845 2052; x_wconf 87' lang='lat' dir='ltr'>fuisse</span> <span class='ocrx_word' id='word_1_207' title='bbox 859 2014 1028 2052; x_wconf 86' lang='lat' dir='ltr'>indicant</span> <span class='ocrx_word' id='word_1_208' title='bbox 1043 2016 1163 2066; x_wconf 73' lang='lat' dir='ltr'>ipsius</span> 
     </span>
     <span class='ocr_line' id='line_1_31' title="bbox 126 2070 1164 2126; baseline 0.002 -17"><span class='ocrx_word' id='word_1_209' title='bbox 126 2074 276 2109; x_wconf 83' lang='lat' dir='ltr'>Laertae</span> <span class='ocrx_word' id='word_1_210' title='bbox 312 2070 430 2108; x_wconf 89' lang='lat' dir='ltr'>verba</span> <span class='ocrx_word' id='word_1_211' title='bbox 446 2072 472 2108; x_wconf 93' lang='lat' dir='ltr'>l.</span> <span class='ocrx_word' id='word_1_212' title='bbox 491 2072 515 2109; x_wconf 94' lang='lat' dir='ltr'>l.</span> <span class='ocrx_word' id='word_1_213' title='bbox 533 2085 541 2108; x_wconf 94' lang='lat'><strong>:</strong></span> <span class='ocrx_word' id='word_1_214' title='bbox 564 2070 714 2123; x_wconf 83' lang='grc' dir='ltr'>Λέγεται</span> <span class='ocrx_word' id='word_1_215' title='bbox 746 2071 837 2111; x_wconf 83' lang='grc' dir='ltr'>κατὰ</span> <span class='ocrx_word' id='word_1_216' title='bbox 853 2072 917 2120; x_wconf 89' lang='grc' dir='ltr'>τὴν</span> <span class='ocrx_word' id='word_1_217' title='bbox 936 2072 1067 2126; x_wconf 84' lang='grc' dir='ltr'>Ξέρξου</span> <span class='ocrx_word' id='word_1_218' title='bbox 1090 2073 1164 2112; x_wconf 86' lang='grc' dir='ltr'>διά-</span> 
     </span>
     <span class='ocr_line' id='line_1_32' title="bbox 127 2124 1163 2184; baseline 0.004 -17"><span class='ocrx_word' id='word_1_219' title='bbox 127 2129 229 2168; x_wconf 65' lang='lat' dir='ltr'>Coto-w</span> <span class='ocrx_word' id='word_1_220' title='bbox 245 2130 374 2168; x_wconf 87' lang='grc' dir='ltr'>εἴκοσιν</span> <span class='ocrx_word' id='word_1_221' title='bbox 392 2132 478 2169; x_wconf 82' lang='grc' dir='ltr'>ἐτῶν</span> <span class='ocrx_word' id='word_1_222' title='bbox 499 2124 606 2180; x_wconf 64' lang='grc' dir='ltr'>εἶναι,</span> <span class='ocrx_word' id='word_1_223' title='bbox 627 2131 835 2184; x_wconf 73' lang='grc' dir='ltr'>βεὸιωκέναι</span> <span class='ocrx_word' id='word_1_224' title='bbox 861 2132 897 2171; x_wconf 84' lang='grc' dir='ltr'>δὲ</span> <span class='ocrx_word' id='word_1_225' title='bbox 921 2132 1163 2184; x_wconf 74' lang='grc' dir='ltr'>ἑὸδομήκοντα</span> 
     </span>
     <span class='ocr_line' id='line_1_33' title="bbox 128 2187 1163 2241; baseline 0.004 -15"><span class='ocrx_word' id='word_1_226' title='bbox 128 2187 199 2227; x_wconf 86' lang='grc' dir='ltr'>δύο.</span> <span class='ocrx_word' id='word_1_227' title='bbox 214 2193 311 2228; x_wconf 91' lang='lat' dir='ltr'>Cum</span> <span class='ocrx_word' id='word_1_228' title='bbox 337 2191 574 2241; x_wconf 83' lang='lat' dir='ltr'>Apollodoro</span> <span class='ocrx_word' id='word_1_229' title='bbox 589 2192 779 2229; x_wconf 84' lang='lat' dir='ltr'>consentit</span> <span class='ocrx_word' id='word_1_230' title='bbox 795 2192 1012 2230; x_wconf 89' lang='lat' dir='ltr'>Demetrius</span> <span class='ocrx_word' id='word_1_231' title='bbox 1029 2193 1163 2230; x_wconf 85' lang='lat' dir='ltr'>Phale-</span> 
     </span>
     <span class='ocr_line' id='line_1_34' title="bbox 129 2251 1160 2302; baseline 0.003 -16"><span class='ocrx_word' id='word_1_232' title='bbox 129 2261 215 2286; x_wconf 82' lang='lat' dir='ltr'>reus</span> <span class='ocrx_word' id='word_1_233' title='bbox 232 2263 294 2300; x_wconf 90' lang='lat' dir='ltr'>ap.</span> <span class='ocrx_word' id='word_1_234' title='bbox 314 2253 439 2288; x_wconf 86' lang='lat' dir='ltr'>Laert.</span> <span class='ocrx_word' id='word_1_235' title='bbox 463 2251 486 2288; x_wconf 95' lang='lat' dir='ltr'>l.</span> <span class='ocrx_word' id='word_1_236' title='bbox 505 2251 525 2289; x_wconf 93' lang='lat' dir='ltr'>l.</span> <span class='ocrx_word' id='word_1_237' title='bbox 549 2251 608 2288; x_wconf 84' lang='lat' dir='ltr'>Cf.</span> <span class='ocrx_word' id='word_1_238' title='bbox 639 2251 776 2289; x_wconf 86' lang='lat' dir='ltr'>Ritter.</span> <span class='ocrx_word' id='word_1_239' title='bbox 799 2252 942 2289; x_wconf 87' lang='lat' dir='ltr'>Histor.</span> <span class='ocrx_word' id='word_1_240' title='bbox 964 2252 1054 2302; x_wconf 85' lang='lat' dir='ltr'>phil.</span> <span class='ocrx_word' id='word_1_241' title='bbox 1077 2255 1160 2290; x_wconf 90' lang='lat' dir='ltr'>Ion.</span> 
     </span>
     <span class='ocr_line' id='line_1_35' title="bbox 127 2309 1161 2362; baseline 0.004 -18"><span class='ocrx_word' id='word_1_242' title='bbox 127 2320 164 2358; x_wconf 90' lang='lat' dir='ltr'>p.</span> <span class='ocrx_word' id='word_1_243' title='bbox 176 2310 265 2357; x_wconf 80' lang='lat'>203,</span> <span class='ocrx_word' id='word_1_244' title='bbox 283 2317 321 2346; x_wconf 91' lang='lat' dir='ltr'>et</span> <span class='ocrx_word' id='word_1_245' title='bbox 339 2309 580 2347; x_wconf 83' lang='lat' dir='ltr'>Schaubach.</span> <span class='ocrx_word' id='word_1_246' title='bbox 600 2313 770 2362; x_wconf 83' lang='lat' dir='ltr'>Anaxag.</span> <span class='ocrx_word' id='word_1_247' title='bbox 791 2310 964 2361; x_wconf 84' lang='lat' dir='ltr'>fragmm.</span> <span class='ocrx_word' id='word_1_248' title='bbox 983 2324 1020 2361; x_wconf 92' lang='lat' dir='ltr'>p.</span> <span class='ocrx_word' id='word_1_249' title='bbox 1037 2324 1059 2347; x_wconf 77' lang='lat'><strong>2</strong></span> <span class='ocrx_word' id='word_1_250' title='bbox 1079 2324 1161 2362; x_wconf 87' lang='lat' dir='ltr'><strong>sqq.</strong></span> 
     </span>
    </p>
   </div>
   <div class='ocr_carea' id='block_1_7' title="bbox 129 2438 1164 2676">
    <p class='ocr_par' dir='ltr' id='par_1_8' title="bbox 129 2438 1164 2676">
     <span class='ocr_line' id='line_1_36' title="bbox 448 2438 849 2488; baseline 0.007 -14"><span class='ocrx_word' id='word_1_251' title='bbox 448 2438 508 2475; x_wconf 93' lang='lat' dir='ltr'>Ol.</span> <span class='ocrx_word' id='word_1_252' title='bbox 529 2452 589 2485; x_wconf 92' lang='lat'>77,</span> <span class='ocrx_word' id='word_1_253' title='bbox 613 2445 648 2483; x_wconf 91' lang='grc'>4.</span> <span class='ocrx_word' id='word_1_254' title='bbox 669 2440 744 2488; x_wconf 88' lang='grc'>469</span> <span class='ocrx_word' id='word_1_255' title='bbox 761 2453 794 2476; x_wconf 84' lang='lat' dir='ltr'>a.</span> <span class='ocrx_word' id='word_1_256' title='bbox 811 2443 849 2478; x_wconf 91' lang='lat' dir='ltr'>C.</span> 
     </span>
     <span class='ocr_line' id='line_1_37' title="bbox 179 2501 1162 2554; baseline 0.005 -16"><span class='ocrx_word' id='word_1_257' title='bbox 179 2501 340 2552; x_wconf 79' lang='lat' dir='ltr'>Diogen.</span> <span class='ocrx_word' id='word_1_258' title='bbox 362 2505 488 2539; x_wconf 83' lang='lat' dir='ltr'>Laert.</span> <span class='ocrx_word' id='word_1_259' title='bbox 507 2505 562 2549; x_wconf 93' lang='grc' dir='ltr'>ΙΙ,</span> <span class='ocrx_word' id='word_1_260' title='bbox 585 2508 647 2550; x_wconf 92' lang='grc'>44,</span> <span class='ocrx_word' id='word_1_261' title='bbox 669 2502 716 2540; x_wconf 92' lang='lat' dir='ltr'>de</span> <span class='ocrx_word' id='word_1_262' title='bbox 743 2506 923 2542; x_wconf 88' lang='lat' dir='ltr'>Socrate:</span> <span class='ocrx_word' id='word_1_263' title='bbox 943 2504 1136 2554; x_wconf 83' lang='grc' dir='ltr'>Ἐγεννήθη</span> <span class='ocrx_word' id='word_1_264' title='bbox 1152 2535 1162 2551; x_wconf 91' lang='grc'>,</span> 
     </span>
     <span class='ocr_line' id='line_1_38' title="bbox 129 2560 1162 2617; baseline 0.004 -19"><span class='ocrx_word' id='word_1_265' title='bbox 129 2560 220 2599; x_wconf 86' lang='grc' dir='ltr'>καθά</span> <span class='ocrx_word' id='word_1_266' title='bbox 261 2576 365 2615; x_wconf 84' lang='grc' dir='ltr'>φησιν</span> <span class='ocrx_word' id='word_1_267' title='bbox 405 2561 661 2615; x_wconf 86' lang='grc' dir='ltr'>Ἀπολλόδωρος</span> <span class='ocrx_word' id='word_1_268' title='bbox 699 2564 734 2601; x_wconf 80' lang='grc' dir='ltr'>ἐν</span> <span class='ocrx_word' id='word_1_269' title='bbox 769 2569 840 2607; x_wconf 88' lang='grc' dir='ltr'>τοῖς</span> <span class='ocrx_word' id='word_1_270' title='bbox 865 2565 1067 2617; x_wconf 84' lang='grc' dir='ltr'>Χρονικοῖς,</span> <span class='ocrx_word' id='word_1_271' title='bbox 1106 2565 1162 2602; x_wconf 81' lang='grc' dir='ltr'>ἐπὶ</span> 
     </span>
     <span class='ocr_line' id='line_1_39' title="bbox 129 2619 1164 2676; baseline 0.002 -18"><span class='ocrx_word' id='word_1_272' title='bbox 129 2619 338 2672; x_wconf 78' lang='grc' dir='ltr'>Ἀψεφίωνος</span> <span class='ocrx_word' id='word_1_273' title='bbox 364 2621 447 2672; x_wconf 85' lang='lat' dir='ltr'>(leg.</span> <span class='ocrx_word' id='word_1_274' title='bbox 465 2620 694 2674; x_wconf 73' lang='grc' dir='ltr'>Ἀφηψίωνος)</span> <span class='ocrx_word' id='word_1_275' title='bbox 723 2622 757 2659; x_wconf 81' lang='grc' dir='ltr'>ἓν</span> <span class='ocrx_word' id='word_1_276' title='bbox 777 2624 827 2675; x_wconf 82' lang='grc' dir='ltr'>τῷ</span> <span class='ocrx_word' id='word_1_277' title='bbox 845 2622 1000 2676; x_wconf 81' lang='grc' dir='ltr'>τετάρτῳ</span> <span class='ocrx_word' id='word_1_278' title='bbox 1015 2622 1083 2661; x_wconf 87' lang='grc' dir='ltr'>ἔτει</span> <span class='ocrx_word' id='word_1_279' title='bbox 1102 2626 1164 2669; x_wconf 60' lang='grc' dir='ltr'>τῆς</span> 
     </span>
    </p>
   </div>
   <div class='ocr_carea' id='block_1_8' title="bbox 122 2784 1163 3342">
    <p class='ocr_par' dir='ltr' id='par_1_9' title="bbox 132 2784 1159 2919">
     <span class='ocr_line' id='line_1_40' title="bbox 172 2784 1158 2828; baseline 0.004 -13"><span class='ocrx_word' id='word_1_280' title='bbox 172 2784 388 2817; x_wconf 80' lang='lat' dir='ltr'>Anaximenes</span> <span class='ocrx_word' id='word_1_281' title='bbox 404 2785 550 2818; x_wconf 86' lang='lat' dir='ltr'>Milesius</span> <span class='ocrx_word' id='word_1_282' title='bbox 567 2787 664 2818; x_wconf 88' lang='lat' dir='ltr'>natus</span> <span class='ocrx_word' id='word_1_283' title='bbox 679 2789 729 2818; x_wconf 86' lang='lat' dir='ltr'>est</span> <span class='ocrx_word' id='word_1_284' title='bbox 740 2810 749 2826; x_wconf 95' lang='lat'>,</span> <span class='ocrx_word' id='word_1_285' title='bbox 766 2786 923 2819; x_wconf 80' lang='lat' dir='ltr'>referente</span> <span class='ocrx_word' id='word_1_286' title='bbox 938 2786 1137 2828; x_wconf 83' lang='lat' dir='ltr'>Apollodoro</span> <span class='ocrx_word' id='word_1_287' title='bbox 1148 2811 1158 2827; x_wconf 91' lang='lat'>,</span> 
     </span>
     <span class='ocr_line' id='line_1_41' title="bbox 132 2830 1159 2877; baseline 0.008 -17"><span class='ocrx_word' id='word_1_288' title='bbox 132 2830 322 2871; x_wconf 79' lang='lat' dir='ltr'>Olympiade</span> <span class='ocrx_word' id='word_1_289' title='bbox 337 2833 536 2872; x_wconf 84' lang='lat' dir='ltr'>sexagesima</span> <span class='ocrx_word' id='word_1_290' title='bbox 549 2834 646 2865; x_wconf 83' lang='lat' dir='ltr'>tertia</span> <span class='ocrx_word' id='word_1_291' title='bbox 657 2857 666 2873; x_wconf 92' lang='lat'>‚</span> <span class='ocrx_word' id='word_1_292' title='bbox 683 2834 784 2866; x_wconf 81' lang='lat' dir='ltr'>vitam</span> <span class='ocrx_word' id='word_1_293' title='bbox 800 2832 906 2866; x_wconf 83' lang='lat' dir='ltr'>finivit</span> <span class='ocrx_word' id='word_1_294' title='bbox 928 2843 994 2876; x_wconf 92' lang='lat' dir='ltr'>quo</span> <span class='ocrx_word' id='word_1_295' title='bbox 1012 2837 1159 2877; x_wconf 90' lang='lat' dir='ltr'>tempore</span> 
     </span>
     <span class='ocr_line' id='line_1_42' title="bbox 133 2877 468 2919; baseline 0.012 -12"><span class='ocrx_word' id='word_1_296' title='bbox 133 2877 247 2909; x_wconf 82' lang='lat' dir='ltr'>Sardes</span> <span class='ocrx_word' id='word_1_297' title='bbox 263 2880 364 2919; x_wconf 83' lang='lat' dir='ltr'>captae</span> <span class='ocrx_word' id='word_1_298' title='bbox 382 2882 468 2911; x_wconf 86' lang='lat' dir='ltr'>sunt.</span> 
     </span>
    </p>

    <p class='ocr_par' dir='ltr' id='par_1_10' title="bbox 136 2970 1163 3102">
     <span class='ocr_line' id='line_1_43' title="bbox 178 2970 1159 3016; baseline 0.008 -15"><span class='ocrx_word' id='word_1_299' title='bbox 178 2970 388 3010; x_wconf 78' lang='lat' dir='ltr'>Apollodorus</span> <span class='ocrx_word' id='word_1_300' title='bbox 400 2972 432 3003; x_wconf 94' lang='lat' dir='ltr'>in</span> <span class='ocrx_word' id='word_1_301' title='bbox 444 2973 612 3006; x_wconf 89' lang='lat' dir='ltr'>Chronicis</span> <span class='ocrx_word' id='word_1_302' title='bbox 621 2977 844 3016; x_wconf 78' lang='lat' dir='ltr'>Anaxagoram</span> <span class='ocrx_word' id='word_1_303' title='bbox 853 2975 1002 3009; x_wconf 87' lang='lat' dir='ltr'>floruisse</span> <span class='ocrx_word' id='word_1_304' title='bbox 1018 2976 1097 3009; x_wconf 90' lang='lat' dir='ltr'>dicit</span> <span class='ocrx_word' id='word_1_305' title='bbox 1112 2985 1159 3009; x_wconf 88' lang='lat' dir='ltr'>se-</span> 
     </span>
     <span class='ocr_line' id='line_1_44' title="bbox 136 3016 1163 3068; baseline 0.012 -23"><span class='ocrx_word' id='word_1_306' title='bbox 136 3016 333 3068; x_wconf 77' lang='lat' dir='ltr'>ptuagesima</span> <span class='ocrx_word' id='word_1_307' title='bbox 348 3017 531 3059; x_wconf 80' lang='lat' dir='ltr'>olympiade</span> <span class='ocrx_word' id='word_1_308' title='bbox 544 3044 553 3059; x_wconf 90' lang='lat'>,</span> <span class='ocrx_word' id='word_1_309' title='bbox 575 3020 696 3054; x_wconf 89' lang='lat' dir='ltr'>obiisse</span> <span class='ocrx_word' id='word_1_310' title='bbox 715 3030 793 3054; x_wconf 84' lang='lat' dir='ltr'>vero</span> <span class='ocrx_word' id='word_1_311' title='bbox 815 3024 1020 3064; x_wconf 74' lang='lat' dir='ltr'>octogesimae</span> <span class='ocrx_word' id='word_1_312' title='bbox 1036 3027 1163 3063; x_wconf 66' lang='lat' dir='ltr'>octavae,</span> 
     </span>
     <span class='ocr_line' id='line_1_45' title="bbox 137 3070 352 3102; baseline 0.014 -11"><span class='ocrx_word' id='word_1_313' title='bbox 137 3070 222 3093; x_wconf 89' lang='lat' dir='ltr'>anno</span> <span class='ocrx_word' id='word_1_314' title='bbox 238 3071 352 3102; x_wconf 79' lang='lat' dir='ltr'>primo.</span> 
     </span>
    </p>

    <p class='ocr_par' dir='ltr' id='par_1_11' title="bbox 614 3116 677 3149">
     <span class='ocr_line' id='line_1_46' title="bbox 614 3116 677 3149; baseline 0.016 -1"><span class='ocrx_word' id='word_1_315' title='bbox 614 3116 677 3149; x_wconf 85' lang='lat'>82.</span> 
     </span>
    </p>

    <p class='ocr_par' dir='ltr' id='par_1_12' title="bbox 122 3155 1162 3342">
     <span class='ocr_line' id='line_1_47' title="bbox 183 3155 1159 3204; baseline 0.012 -19"><span class='ocrx_word' id='word_1_316' title='bbox 183 3155 285 3186; x_wconf 88' lang='lat' dir='ltr'>Natus</span> <span class='ocrx_word' id='word_1_317' title='bbox 301 3158 351 3187; x_wconf 87' lang='lat' dir='ltr'>cst</span> <span class='ocrx_word' id='word_1_318' title='bbox 370 3158 514 3191; x_wconf 87' lang='lat' dir='ltr'>Socrates</span> <span class='ocrx_word' id='word_1_319' title='bbox 526 3183 535 3198; x_wconf 89' lang='lat'>‚</span> <span class='ocrx_word' id='word_1_320' title='bbox 550 3164 587 3192; x_wconf 91' lang='lat' dir='ltr'>ut</span> <span class='ocrx_word' id='word_1_321' title='bbox 607 3162 653 3193; x_wconf 86' lang='lat' dir='ltr'>ait</span> <span class='ocrx_word' id='word_1_322' title='bbox 671 3162 885 3203; x_wconf 83' lang='lat' dir='ltr'>Apollodorus</span> <span class='ocrx_word' id='word_1_323' title='bbox 910 3165 944 3196; x_wconf 90' lang='lat' dir='ltr'>in</span> <span class='ocrx_word' id='word_1_324' title='bbox 968 3165 1139 3198; x_wconf 84' lang='lat' dir='ltr'>chronicis</span> <span class='ocrx_word' id='word_1_325' title='bbox 1150 3189 1159 3204; x_wconf 94' lang='lat'>,</span> 
     </span>
     <span class='ocr_line' id='line_1_48' title="bbox 122 3201 1160 3253; baseline 0.013 -22"><span class='ocrx_word' id='word_1_326' title='bbox 122 3201 202 3232; x_wconf 77' lang='lat' dir='ltr'>&#39;sub</span> <span class='ocrx_word' id='word_1_327' title='bbox 219 3202 420 3242; x_wconf 83' lang='lat' dir='ltr'>Aphepsione</span> <span class='ocrx_word' id='word_1_328' title='bbox 434 3229 442 3243; x_wconf 93' lang='lat'>,</span> <span class='ocrx_word' id='word_1_329' title='bbox 467 3209 712 3247; x_wconf 78' lang='lat' dir='ltr'>septuagesimae</span> <span class='ocrx_word' id='word_1_330' title='bbox 737 3212 768 3241; x_wconf 89' lang='lat' dir='ltr'>et</span> <span class='ocrx_word' id='word_1_331' title='bbox 792 3211 940 3251; x_wconf 80' lang='lat' dir='ltr'>septimae</span> <span class='ocrx_word' id='word_1_332' title='bbox 965 3212 1160 3253; x_wconf 85' lang='lat' dir='ltr'>olympiadis</span> 
     </span>
     <span class='ocr_line' id='line_1_49' title="bbox 140 3250 1162 3299; baseline 0.015 -22"><span class='ocrx_word' id='word_1_333' title='bbox 140 3255 224 3278; x_wconf 84' lang='lat' dir='ltr'>anno</span> <span class='ocrx_word' id='word_1_334' title='bbox 240 3251 368 3288; x_wconf 77' lang='lat' dir='ltr'>quarm,</span> <span class='ocrx_word' id='word_1_335' title='bbox 383 3250 603 3290; x_wconf 82' lang='lat' dir='ltr'>Thargelionis</span> <span class='ocrx_word' id='word_1_336' title='bbox 617 3255 738 3287; x_wconf 82' lang='lat' dir='ltr'>mensis</span> <span class='ocrx_word' id='word_1_337' title='bbox 755 3259 859 3297; x_wconf 80' lang='lat' dir='ltr'>sexto,</span> <span class='ocrx_word' id='word_1_338' title='bbox 878 3267 943 3299; x_wconf 91' lang='lat' dir='ltr'>quo</span> <span class='ocrx_word' id='word_1_339' title='bbox 957 3258 1010 3291; x_wconf 90' lang='lat' dir='ltr'>die</span> <span class='ocrx_word' id='word_1_340' title='bbox 1023 3259 1162 3291; x_wconf 82' lang='lat' dir='ltr'>lustrant</span> 
     </span>
     <span class='ocr_line' id='line_1_50' title="bbox 140 3294 1159 3342; baseline 0.014 -18"><span class='ocrx_word' id='word_1_341' title='bbox 140 3294 348 3326; x_wconf 80' lang='lat' dir='ltr'>Athenienses</span> <span class='ocrx_word' id='word_1_342' title='bbox 370 3296 535 3329; x_wconf 80' lang='lat' dir='ltr'>civitatem</span> <span class='ocrx_word' id='word_1_343' title='bbox 558 3301 757 3342; x_wconf 79' lang='lat' dir='ltr'>Dianamque</span> <span class='ocrx_word' id='word_1_344' title='bbox 778 3306 887 3336; x_wconf 85' lang='lat' dir='ltr'>natam</span> <span class='ocrx_word' id='word_1_345' title='bbox 911 3305 994 3338; x_wconf 90' lang='lat' dir='ltr'>Delii</span> <span class='ocrx_word' id='word_1_346' title='bbox 1011 3306 1159 3339; x_wconf 74' lang='lat' dir='ltr'>tradunt.</span> 
     </span>
    </p>
   </div>
   <div class='ocr_carea' id='block_1_9' title="bbox 141 3340 1160 3428">
    <p class='ocr_par' dir='ltr' id='par_1_13' title="bbox 141 3340 1160 3428">
     <span class='ocr_line' id='line_1_51' title="bbox 141 3340 1160 3394; baseline 0.016 -24"><span class='ocrx_word' id='word_1_347' title='bbox 141 3340 281 3372; x_wconf 79' lang='lat' dir='ltr'>Moritur</span> <span class='ocrx_word' id='word_1_348' title='bbox 307 3341 411 3394; x_wconf 88' lang='lat' dir='ltr'>primo</span> <span class='ocrx_word' id='word_1_349' title='bbox 435 3351 519 3374; x_wconf 88' lang='lat' dir='ltr'>anno</span> <span class='ocrx_word' id='word_1_350' title='bbox 548 3348 766 3387; x_wconf 81' lang='lat' dir='ltr'>nonagesimae</span> <span class='ocrx_word' id='word_1_351' title='bbox 789 3351 913 3390; x_wconf 85' lang='lat' dir='ltr'>quintae</span> <span class='ocrx_word' id='word_1_352' title='bbox 940 3352 1160 3394; x_wconf 85' lang='lat' dir='ltr'>olympiadis,</span> 
     </span>
     <span class='ocr_line' id='line_1_52' title="bbox 141 3389 606 3428; baseline 0.011 -10"><span class='ocrx_word' id='word_1_353' title='bbox 141 3389 376 3428; x_wconf 81' lang='lat' dir='ltr'>septuagesimo</span> <span class='ocrx_word' id='word_1_354' title='bbox 391 3389 498 3422; x_wconf 75' lang='lat' dir='ltr'>aetatis</span> <span class='ocrx_word' id='word_1_355' title='bbox 512 3399 606 3423; x_wconf 82' lang='lat' dir='ltr'>anno.</span> 
     </span>
    </p>
   </div>
   <div class='ocr_carea' id='block_1_10' title="bbox 833 171 1525 216">
    <p class='ocr_par' dir='ltr' id='par_1_14' title="bbox 833 171 1525 216">
     <span class='ocr_line' id='line_1_53' title="bbox 833 171 1525 216; baseline 0.003 -5"><span class='ocrx_word' id='word_1_356' title='bbox 833 171 1167 212; x_wconf 89' lang='lat' dir='ltr'>APOLLODORI</span> <span class='ocrx_word' id='word_1_357' title='bbox 1194 171 1525 216; x_wconf 84' lang='lat' dir='ltr'><strong>FRAGMENTA.</strong></span> 
     </span>
    </p>
   </div>
   <div class='ocr_carea' id='block_1_11' title="bbox 1216 259 2256 1322">
    <p class='ocr_par' dir='ltr' id='par_1_15' title="bbox 1216 259 2245 318">
     <span class='ocr_line' id='line_1_54' title="bbox 1216 259 2245 318; baseline 0.005 -20"><span class='ocrx_word' id='word_1_358' title='bbox 1216 259 1477 313; x_wconf 72' lang='grc' dir='ltr'>ἑὸδομηκοστῆς</span> <span class='ocrx_word' id='word_1_359' title='bbox 1508 262 1659 314; x_wconf 75' lang='grc' dir='ltr'>ἑὸδόμης</span> <span class='ocrx_word' id='word_1_360' title='bbox 1701 262 1959 315; x_wconf 83' lang='grc' dir='ltr'>Ὀλυμπιάδος,</span> <span class='ocrx_word' id='word_1_361' title='bbox 1994 266 2245 318; x_wconf 83' lang='grc' dir='ltr'>Θαργηλιῶνος</span> 
     </span>
    </p>

    <p class='ocr_par' dir='ltr' id='par_1_16' title="bbox 1216 317 2244 374">
     <span class='ocr_line' id='line_1_55' title="bbox 1216 317 2244 374; baseline 0.005 -17"><span class='ocrx_word' id='word_1_362' title='bbox 1216 317 1300 372; x_wconf 79' lang='grc' dir='ltr'>ἕκτῃ</span> <span class='ocrx_word' id='word_1_363' title='bbox 1315 350 1324 367; x_wconf 94' lang='grc'>,</span> <span class='ocrx_word' id='word_1_364' title='bbox 1344 319 1401 359; x_wconf 84' lang='grc' dir='ltr'>ὅτε</span> <span class='ocrx_word' id='word_1_365' title='bbox 1413 320 1619 374; x_wconf 87' lang='grc' dir='ltr'>καθαίρουσι</span> <span class='ocrx_word' id='word_1_366' title='bbox 1637 320 1700 369; x_wconf 86' lang='grc' dir='ltr'>τὴν</span> <span class='ocrx_word' id='word_1_367' title='bbox 1719 321 1821 360; x_wconf 91' lang='grc' dir='ltr'>πόλιν</span> <span class='ocrx_word' id='word_1_368' title='bbox 1837 324 1869 360; x_wconf 83' lang='grc' dir='ltr'>οἱ</span> <span class='ocrx_word' id='word_1_369' title='bbox 1889 322 2081 372; x_wconf 84' lang='grc' dir='ltr'>Ἀθηναῖοι,</span> <span class='ocrx_word' id='word_1_370' title='bbox 2101 323 2160 362; x_wconf 80' lang='grc' dir='ltr'>καὶ</span> <span class='ocrx_word' id='word_1_371' title='bbox 2179 323 2244 371; x_wconf 75' lang='grc' dir='ltr'>τὴν</span> 
     </span>
    </p>

    <p class='ocr_par' dir='ltr' id='par_1_17' title="bbox 1216 377 2244 435">
     <span class='ocr_line' id='line_1_56' title="bbox 1216 377 2244 435; baseline 0.005 -19"><span class='ocrx_word' id='word_1_372' title='bbox 1216 377 1382 432; x_wconf 86' lang='grc' dir='ltr'>Ἄρτεμιν</span> <span class='ocrx_word' id='word_1_373' title='bbox 1406 378 1566 431; x_wconf 82' lang='grc' dir='ltr'>γενέσθαι</span> <span class='ocrx_word' id='word_1_374' title='bbox 1590 380 1715 428; x_wconf 87' lang='grc' dir='ltr'>Δήλιοι</span> <span class='ocrx_word' id='word_1_375' title='bbox 1745 380 1861 434; x_wconf 82' lang='grc' dir='ltr'>φασίν.</span> <span class='ocrx_word' id='word_1_376' title='bbox 1890 380 2123 429; x_wconf 81' lang='grc' dir='ltr'>Ἐτελεύτησε</span> <span class='ocrx_word' id='word_1_377' title='bbox 2137 381 2174 421; x_wconf 82' lang='grc' dir='ltr'>δὲ</span> <span class='ocrx_word' id='word_1_378' title='bbox 2193 384 2244 435; x_wconf 81' lang='grc' dir='ltr'>τῷ</span> 
     </span>
    </p>

    <p class='ocr_par' dir='ltr' id='par_1_18' title="bbox 1216 436 2246 491">
     <span class='ocr_line' id='line_1_57' title="bbox 1216 436 2246 491; baseline 0.004 -16"><span class='ocrx_word' id='word_1_379' title='bbox 1216 436 1346 491; x_wconf 75' lang='grc' dir='ltr'>πρώτῳ</span> <span class='ocrx_word' id='word_1_380' title='bbox 1366 437 1435 476; x_wconf 85' lang='grc' dir='ltr'>ἔτει</span> <span class='ocrx_word' id='word_1_381' title='bbox 1455 441 1517 486; x_wconf 80' lang='grc' dir='ltr'>τῆς</span> <span class='ocrx_word' id='word_1_382' title='bbox 1534 440 1780 486; x_wconf 80' lang='grc' dir='ltr'>ἐννενηκοστῆς</span> <span class='ocrx_word' id='word_1_383' title='bbox 1798 438 1965 490; x_wconf 83' lang='grc' dir='ltr'>πέμπτης</span> <span class='ocrx_word' id='word_1_384' title='bbox 1982 440 2221 491; x_wconf 86' lang='grc' dir='ltr'>Ὀλυμπιάδος</span> <span class='ocrx_word' id='word_1_385' title='bbox 2234 470 2246 490; x_wconf 88' lang='grc'>,</span> 
     </span>
    </p>

    <p class='ocr_par' dir='ltr' id='par_1_19' title="bbox 1216 494 2246 550">
     <span class='ocr_line' id='line_1_58' title="bbox 1216 494 2246 550; baseline 0.004 -17"><span class='ocrx_word' id='word_1_386' title='bbox 1216 494 1365 547; x_wconf 86' lang='grc' dir='ltr'>γεγονὼς</span> <span class='ocrx_word' id='word_1_387' title='bbox 1394 499 1480 536; x_wconf 80' lang='grc' dir='ltr'>ἐτῶν</span> <span class='ocrx_word' id='word_1_388' title='bbox 1519 497 1772 549; x_wconf 76' lang='grc' dir='ltr'>ἑὸδομήκοντα.</span> <span class='ocrx_word' id='word_1_389' title='bbox 1803 499 1860 538; x_wconf 87' lang='lat' dir='ltr'>Cf.</span> <span class='ocrx_word' id='word_1_390' title='bbox 1894 499 2084 536; x_wconf 83' lang='lat' dir='ltr'>Plutarch.</span> <span class='ocrx_word' id='word_1_391' title='bbox 2111 501 2246 550; x_wconf 85' lang='lat' dir='ltr'>Symp.</span> 
     </span>
    </p>

    <p class='ocr_par' dir='ltr' id='par_1_20' title="bbox 1216 556 2247 730">
     <span class='ocr_line' id='line_1_59' title="bbox 1216 556 2247 609; baseline 0.002 -15"><span class='ocrx_word' id='word_1_392' title='bbox 1216 557 1326 604; x_wconf 90' lang='lat' dir='ltr'>VIII,</span> <span class='ocrx_word' id='word_1_393' title='bbox 1349 570 1382 605; x_wconf 88' lang='lat'>1,</span> <span class='ocrx_word' id='word_1_394' title='bbox 1396 557 1584 595; x_wconf 78' lang='lat' dir='ltr'>AElian.V.</span> <span class='ocrx_word' id='word_1_395' title='bbox 1600 559 1646 595; x_wconf 93' lang='lat' dir='ltr'>H.</span> <span class='ocrx_word' id='word_1_396' title='bbox 1666 557 1729 605; x_wconf 80' lang='lat'>25,</span> <span class='ocrx_word' id='word_1_397' title='bbox 1743 556 1917 595; x_wconf 64' lang='lat' dir='ltr'>Clinton.&#39;</span> <span class='ocrx_word' id='word_1_398' title='bbox 1929 571 2085 608; x_wconf 84' lang='lat' dir='ltr'>prooem.</span> <span class='ocrx_word' id='word_1_399' title='bbox 2105 571 2142 609; x_wconf 89' lang='lat' dir='ltr'>p.</span> <span class='ocrx_word' id='word_1_400' title='bbox 2155 560 2247 597; x_wconf 85' lang='lat' dir='ltr'>XX.</span> 
     </span>
     <span class='ocr_line' id='line_1_60' title="bbox 1537 678 1928 730; baseline 0.003 -13"><span class='ocrx_word' id='word_1_401' title='bbox 1537 679 1614 730; x_wconf 92' lang='lat' dir='ltr'>(Ol.</span> <span class='ocrx_word' id='word_1_402' title='bbox 1637 693 1698 729; x_wconf 91' lang='lat'>79.</span> <span class='ocrx_word' id='word_1_403' title='bbox 1721 680 1796 725; x_wconf 90' lang='grc'>464</span> <span class='ocrx_word' id='word_1_404' title='bbox 1814 692 1845 716; x_wconf 85' lang='lat' dir='ltr'>a.</span> <span class='ocrx_word' id='word_1_405' title='bbox 1869 678 1928 730; x_wconf 92' lang='lat' dir='ltr'>C.)</span> 
     </span>
    </p>

    <p class='ocr_par' dir='ltr' id='par_1_21' title="bbox 1218 741 2253 1092">
     <span class='ocr_line' id='line_1_61' title="bbox 1271 741 2252 792; baseline 0.004 -14"><span class='ocrx_word' id='word_1_406' title='bbox 1271 741 1434 792; x_wconf 86' lang='lat' dir='ltr'>Diogen.</span> <span class='ocrx_word' id='word_1_407' title='bbox 1453 745 1578 781; x_wconf 87' lang='lat' dir='ltr'>Laert.</span> <span class='ocrx_word' id='word_1_408' title='bbox 1599 746 1674 791; x_wconf 89' lang='lat' dir='ltr'>IX,</span> <span class='ocrx_word' id='word_1_409' title='bbox 1705 745 1776 780; x_wconf 81' lang='lat'>25:</span> <span class='ocrx_word' id='word_1_410' title='bbox 1795 742 1919 789; x_wconf 80' lang='grc' dir='ltr'>Ζήνων</span> <span class='ocrx_word' id='word_1_411' title='bbox 1944 742 2128 790; x_wconf 88' lang='grc' dir='ltr'>Ἐλεάτης.</span> <span class='ocrx_word' id='word_1_412' title='bbox 2157 745 2252 784; x_wconf 78' lang='grc' dir='ltr'>Τοῦ-</span> 
     </span>
     <span class='ocr_line' id='line_1_62' title="bbox 1218 795 2250 856; baseline 0.004 -19"><span class='ocrx_word' id='word_1_413' title='bbox 1218 815 1277 838; x_wconf 92' lang='grc' dir='ltr'>τον</span> <span class='ocrx_word' id='word_1_414' title='bbox 1298 799 1554 854; x_wconf 84' lang='grc' dir='ltr'>Ἀπολλόδωρός</span> <span class='ocrx_word' id='word_1_415' title='bbox 1571 817 1675 854; x_wconf 82' lang='grc' dir='ltr'>φησιν</span> <span class='ocrx_word' id='word_1_416' title='bbox 1694 795 1783 840; x_wconf 66' lang='grc' dir='ltr'>εἶναι</span> <span class='ocrx_word' id='word_1_417' title='bbox 1806 803 1840 840; x_wconf 82' lang='grc' dir='ltr'>ἐν</span> <span class='ocrx_word' id='word_1_418' title='bbox 1865 803 2048 856; x_wconf 87' lang='grc' dir='ltr'>Χρονικοῖς</span> <span class='ocrx_word' id='word_1_419' title='bbox 2065 801 2167 856; x_wconf 82' lang='grc' dir='ltr'>φύσει</span> <span class='ocrx_word' id='word_1_420' title='bbox 2186 801 2250 855; x_wconf 81' lang='grc' dir='ltr'>μὲν</span> 
     </span>
     <span class='ocr_line' id='line_1_63' title="bbox 1221 858 2250 914; baseline 0.003 -17"><span class='ocrx_word' id='word_1_421' title='bbox 1221 858 1484 914; x_wconf 87' lang='grc' dir='ltr'>Τελευταγόρου</span> <span class='ocrx_word' id='word_1_422' title='bbox 1498 891 1508 908; x_wconf 95' lang='grc'>,</span> <span class='ocrx_word' id='word_1_423' title='bbox 1528 859 1620 899; x_wconf 84' lang='grc' dir='ltr'>θέσει</span> <span class='ocrx_word' id='word_1_424' title='bbox 1638 859 1674 898; x_wconf 82' lang='grc' dir='ltr'>δὲ</span> <span class='ocrx_word' id='word_1_425' title='bbox 1698 860 1934 914; x_wconf 88' lang='grc' dir='ltr'>Παρμενίδου.</span> <span class='ocrx_word' id='word_1_426' title='bbox 1963 862 2026 900; x_wconf 89' lang='lat' dir='ltr'>Sic</span> <span class='ocrx_word' id='word_1_427' title='bbox 2044 875 2131 900; x_wconf 84' lang='lat' dir='ltr'>cum</span> <span class='ocrx_word' id='word_1_428' title='bbox 2147 865 2250 900; x_wconf 84' lang='lat' dir='ltr'>Ros-</span> 
     </span>
     <span class='ocr_line' id='line_1_64' title="bbox 1219 918 2252 971; baseline 0.002 -15"><span class='ocrx_word' id='word_1_429' title='bbox 1219 919 1276 956; x_wconf 90' lang='lat' dir='ltr'>sio</span> <span class='ocrx_word' id='word_1_430' title='bbox 1292 918 1393 969; x_wconf 88' lang='lat' dir='ltr'>hunc</span> <span class='ocrx_word' id='word_1_431' title='bbox 1410 919 1538 956; x_wconf 90' lang='lat' dir='ltr'>locum</span> <span class='ocrx_word' id='word_1_432' title='bbox 1562 920 1761 957; x_wconf 89' lang='lat' dir='ltr'>constituit</span> <span class='ocrx_word' id='word_1_433' title='bbox 1784 919 2003 958; x_wconf 82' lang='lat' dir='ltr'>Hiibnerus.</span> <span class='ocrx_word' id='word_1_434' title='bbox 2017 920 2252 971; x_wconf 82' lang='lat' dir='ltr'>Legebamr:</span> 
     </span>
     <span class='ocr_line' id='line_1_65' title="bbox 1219 976 2253 1032; baseline -0.001 -15"><span class='ocrx_word' id='word_1_435' title='bbox 1219 979 1352 1017; x_wconf 79' lang='grc' dir='ltr'>Τοῦτον</span> <span class='ocrx_word' id='word_1_436' title='bbox 1367 976 1442 1015; x_wconf 88' lang='grc' dir='ltr'>Ἀπ.</span> <span class='ocrx_word' id='word_1_437' title='bbox 1455 993 1488 1029; x_wconf 84' lang='grc' dir='ltr'>φ.</span> <span class='ocrx_word' id='word_1_438' title='bbox 1508 993 1536 1015; x_wconf 92' lang='grc' dir='ltr'>ε.</span> <span class='ocrx_word' id='word_1_439' title='bbox 1551 978 1586 1016; x_wconf 81' lang='grc' dir='ltr'>ἐν</span> <span class='ocrx_word' id='word_1_440' title='bbox 1601 979 1667 1031; x_wconf 87' lang='grc' dir='ltr'>Χρ.</span> <span class='ocrx_word' id='word_1_441' title='bbox 1680 977 1864 1031; x_wconf 77' lang='grc' dir='ltr'>Πύῤῥητος</span> <span class='ocrx_word' id='word_1_442' title='bbox 1874 1009 1885 1027; x_wconf 89' lang='grc'>,</span> <span class='ocrx_word' id='word_1_443' title='bbox 1901 978 1960 1017; x_wconf 83' lang='grc' dir='ltr'>τὸν</span> <span class='ocrx_word' id='word_1_444' title='bbox 1976 977 2012 1016; x_wconf 86' lang='grc' dir='ltr'>δὲ</span> <span class='ocrx_word' id='word_1_445' title='bbox 2025 977 2253 1032; x_wconf 83' lang='grc' dir='ltr'>Παρμενίδην</span> 
     </span>
     <span class='ocr_line' id='line_1_66' title="bbox 1220 1034 2120 1092; baseline 0.004 -19"><span class='ocrx_word' id='word_1_446' title='bbox 1220 1035 1321 1090; x_wconf 83' lang='grc' dir='ltr'>φύσει</span> <span class='ocrx_word' id='word_1_447' title='bbox 1339 1034 1402 1086; x_wconf 81' lang='grc' dir='ltr'>μὲν</span> <span class='ocrx_word' id='word_1_448' title='bbox 1420 1035 1684 1090; x_wconf 85' lang='grc' dir='ltr'>Τελευταγόρου</span> <span class='ocrx_word' id='word_1_449' title='bbox 1695 1068 1706 1086; x_wconf 91' lang='grc'>,</span> <span class='ocrx_word' id='word_1_450' title='bbox 1723 1036 1812 1075; x_wconf 84' lang='grc' dir='ltr'>θέσει</span> <span class='ocrx_word' id='word_1_451' title='bbox 1831 1037 1867 1075; x_wconf 79' lang='grc' dir='ltr'>δὲ</span> <span class='ocrx_word' id='word_1_452' title='bbox 1882 1037 2120 1092; x_wconf 88' lang='grc' dir='ltr'>Παρμενίδου.</span> 
     </span>
    </p>

    <p class='ocr_par' dir='ltr' id='par_1_22' title="bbox 1219 1094 2256 1322">
     <span class='ocr_line' id='line_1_67' title="bbox 1273 1094 2255 1146; baseline 0.003 -14"><span class='ocrx_word' id='word_1_453' title='bbox 1273 1098 1377 1132; x_wconf 88' lang='lat' dir='ltr'>Zeno</span> <span class='ocrx_word' id='word_1_454' title='bbox 1397 1095 1545 1133; x_wconf 83' lang='lat' dir='ltr'>Eleates</span> <span class='ocrx_word' id='word_1_455' title='bbox 1564 1094 1701 1146; x_wconf 84' lang='grc' dir='ltr'>ἤκμαζε</span> <span class='ocrx_word' id='word_1_456' title='bbox 1723 1095 1816 1133; x_wconf 87' lang='grc' dir='ltr'>κατὰ</span> <span class='ocrx_word' id='word_1_457' title='bbox 1834 1094 1898 1143; x_wconf 83' lang='grc' dir='ltr'>τὴν</span> <span class='ocrx_word' id='word_1_458' title='bbox 1918 1096 2044 1144; x_wconf 86' lang='grc' dir='ltr'>ἐνάτην</span> <span class='ocrx_word' id='word_1_459' title='bbox 2070 1096 2129 1134; x_wconf 80' lang='grc' dir='ltr'>καὶ</span> <span class='ocrx_word' id='word_1_460' title='bbox 2150 1095 2255 1134; x_wconf 68' lang='lat'>{680-</span> 
     </span>
     <span class='ocr_line' id='line_1_68' title="bbox 1221 1152 2256 1206; baseline 0.003 -15"><span class='ocrx_word' id='word_1_461' title='bbox 1221 1152 1401 1204; x_wconf 88' lang='grc' dir='ltr'>μηκοστὴν</span> <span class='ocrx_word' id='word_1_462' title='bbox 1417 1153 1663 1204; x_wconf 85' lang='grc' dir='ltr'>Ὀλυμπιάδα,</span> <span class='ocrx_word' id='word_1_463' title='bbox 1689 1159 1814 1192; x_wconf 85' lang='lat' dir='ltr'>Laert.</span> <span class='ocrx_word' id='word_1_464' title='bbox 1844 1158 1921 1202; x_wconf 82' lang='lat' dir='ltr'>IX,</span> <span class='ocrx_word' id='word_1_465' title='bbox 1940 1169 2005 1206; x_wconf 82' lang='lat'>29,</span> <span class='ocrx_word' id='word_1_466' title='bbox 2037 1156 2118 1194; x_wconf 90' lang='lat' dir='ltr'>sine</span> <span class='ocrx_word' id='word_1_467' title='bbox 2135 1155 2256 1194; x_wconf 88' lang='lat' dir='ltr'>dubio</span> 
     </span>
     <span class='ocr_line' id='line_1_69' title="bbox 1219 1212 2256 1263; baseline 0.004 -14"><span class='ocrx_word' id='word_1_468' title='bbox 1219 1212 1430 1250; x_wconf 87' lang='lat' dir='ltr'>secundnm</span> <span class='ocrx_word' id='word_1_469' title='bbox 1446 1212 1736 1263; x_wconf 88' lang='lat' dir='ltr'>Apollodorum.</span> <span class='ocrx_word' id='word_1_470' title='bbox 1768 1214 1826 1252; x_wconf 87' lang='lat' dir='ltr'>De</span> <span class='ocrx_word' id='word_1_471' title='bbox 1841 1214 2070 1252; x_wconf 66' lang='lat' dir='ltr'>Pan-menide</span> <span class='ocrx_word' id='word_1_472' title='bbox 2088 1228 2125 1253; x_wconf 89' lang='lat' dir='ltr'>v.</span> <span class='ocrx_word' id='word_1_473' title='bbox 2148 1215 2256 1254; x_wconf 88' lang='lat' dir='ltr'>Clin-</span> 
     </span>
     <span class='ocr_line' id='line_1_70' title="bbox 1220 1271 1817 1322; baseline 0.005 -15"><span class='ocrx_word' id='word_1_474' title='bbox 1220 1277 1300 1307; x_wconf 89' lang='lat' dir='ltr'>ton.</span> <span class='ocrx_word' id='word_1_475' title='bbox 1313 1277 1352 1307; x_wconf 88' lang='lat' dir='ltr'>et</span> <span class='ocrx_word' id='word_1_476' title='bbox 1369 1271 1587 1322; x_wconf 79' lang='lat' dir='ltr'>Krijgernm</span> <span class='ocrx_word' id='word_1_477' title='bbox 1600 1271 1623 1308; x_wconf 92' lang='lat' dir='ltr'>l.</span> <span class='ocrx_word' id='word_1_478' title='bbox 1636 1271 1659 1309; x_wconf 94' lang='lat' dir='ltr'>l.</span> <span class='ocrx_word' id='word_1_479' title='bbox 1675 1284 1713 1322; x_wconf 85' lang='lat' dir='ltr'>p.</span> <span class='ocrx_word' id='word_1_480' title='bbox 1729 1272 1817 1319; x_wconf 81' lang='lat'>376.</span> 
     </span>
    </p>
   </div>
   <div class='ocr_carea' id='block_1_12' title="bbox 1534 1341 1922 1456">
    <p class='ocr_par' dir='ltr' id='par_1_23' title="bbox 1534 1341 1922 1456">
     <span class='ocr_line' id='line_1_71' title="bbox 1708 1341 1771 1379; baseline 0.016 -1"><span class='ocrx_word' id='word_1_481' title='bbox 1708 1341 1731 1378; x_wconf 92' lang='lat'>8</span> <span class='ocrx_word' id='word_1_482' title='bbox 1763 1371 1771 1379; x_wconf 94' lang='lat'>.</span> 
     </span>
     <span class='ocr_line' id='line_1_72' title="bbox 1534 1347 1922 1456; baseline 0.005 -8"><span class='ocrx_word' id='word_1_483' title='bbox 1534 1411 1616 1448; x_wconf 86' lang='lat' dir='ltr'>&#39;Ol.</span> <span class='ocrx_word' id='word_1_484' title='bbox 1637 1411 1699 1448; x_wconf 88' lang='lat'>80.</span> <span class='ocrx_word' id='word_1_485' title='bbox 1724 1347 1799 1456; x_wconf 62' lang='grc'>4460</span> <span class='ocrx_word' id='word_1_486' title='bbox 1828 1425 1860 1450; x_wconf 89' lang='lat' dir='ltr'>a.</span> <span class='ocrx_word' id='word_1_487' title='bbox 1881 1415 1922 1450; x_wconf 92' lang='lat' dir='ltr'>C.</span> 
     </span>
    </p>
   </div>
   <div class='ocr_carea' id='block_1_13' title="bbox 1220 1478 2260 2364">
    <p class='ocr_par' dir='ltr' id='par_1_24' title="bbox 1220 1478 2260 2238">
     <span class='ocr_line' id='line_1_73' title="bbox 1274 1478 2258 1534; baseline 0.007 -19"><span class='ocrx_word' id='word_1_488' title='bbox 1274 1478 1433 1529; x_wconf 86' lang='lat' dir='ltr'>Diogen.</span> <span class='ocrx_word' id='word_1_489' title='bbox 1455 1482 1579 1518; x_wconf 86' lang='lat' dir='ltr'>Laert.</span> <span class='ocrx_word' id='word_1_490' title='bbox 1606 1483 1684 1528; x_wconf 88' lang='lat' dir='ltr'>IX,</span> <span class='ocrx_word' id='word_1_491' title='bbox 1711 1487 1774 1529; x_wconf 77' lang='lat'>41,</span> <span class='ocrx_word' id='word_1_492' title='bbox 1795 1481 1843 1519; x_wconf 89' lang='lat' dir='ltr'>de</span> <span class='ocrx_word' id='word_1_493' title='bbox 1864 1482 2109 1520; x_wconf 84' lang='lat' dir='ltr'>Democrito:</span> <span class='ocrx_word' id='word_1_494' title='bbox 2129 1480 2258 1534; x_wconf 81' lang='grc' dir='ltr'>Γέγονε</span> 
     </span>
     <span class='ocr_line' id='line_1_74' title="bbox 1221 1535 2257 1594; baseline 0.006 -21"><span class='ocrx_word' id='word_1_495' title='bbox 1221 1535 1256 1573; x_wconf 78' lang='grc' dir='ltr'>δὲ</span> <span class='ocrx_word' id='word_1_496' title='bbox 1275 1542 1343 1579; x_wconf 88' lang='grc' dir='ltr'>τοῖς</span> <span class='ocrx_word' id='word_1_497' title='bbox 1363 1535 1520 1590; x_wconf 88' lang='grc' dir='ltr'>χρόνοις,</span> <span class='ocrx_word' id='word_1_498' title='bbox 1540 1539 1587 1582; x_wconf 80' lang='grc' dir='ltr'>ὡς</span> <span class='ocrx_word' id='word_1_499' title='bbox 1604 1538 1706 1583; x_wconf 82' lang='grc' dir='ltr'>αὐτός</span> <span class='ocrx_word' id='word_1_500' title='bbox 1725 1554 1829 1592; x_wconf 82' lang='grc' dir='ltr'>φησιν</span> <span class='ocrx_word' id='word_1_501' title='bbox 1848 1541 1883 1578; x_wconf 84' lang='grc' dir='ltr'>ἐν</span> <span class='ocrx_word' id='word_1_502' title='bbox 1903 1540 1956 1592; x_wconf 79' lang='grc' dir='ltr'>τῷ</span> <span class='ocrx_word' id='word_1_503' title='bbox 1980 1542 2096 1594; x_wconf 81' lang='grc' dir='ltr'>μικρῷ</span> <span class='ocrx_word' id='word_1_504' title='bbox 2119 1540 2257 1579; x_wconf 87' lang='grc' dir='ltr'>Διακό-</span> 
     </span>
     <span class='ocr_line' id='line_1_75' title="bbox 1221 1594 2256 1652; baseline 0.005 -19"><span class='ocrx_word' id='word_1_505' title='bbox 1221 1610 1321 1648; x_wconf 86' lang='grc' dir='ltr'>σμῳ,</span> <span class='ocrx_word' id='word_1_506' title='bbox 1342 1594 1415 1639; x_wconf 86' lang='grc' dir='ltr'>νέος</span> <span class='ocrx_word' id='word_1_507' title='bbox 1428 1596 1520 1635; x_wconf 87' lang='grc' dir='ltr'>κατὰ</span> <span class='ocrx_word' id='word_1_508' title='bbox 1539 1597 1738 1650; x_wconf 71' lang='grc' dir='ltr'>πρεσὸύτην</span> <span class='ocrx_word' id='word_1_509' title='bbox 1756 1598 2001 1652; x_wconf 81' lang='grc' dir='ltr'>Ἀναξαγόραν,</span> <span class='ocrx_word' id='word_1_510' title='bbox 2018 1597 2129 1638; x_wconf 86' lang='grc' dir='ltr'>ἔτεσιν</span> <span class='ocrx_word' id='word_1_511' title='bbox 2150 1600 2256 1638; x_wconf 75' lang='grc' dir='ltr'>αὐτοῦ</span> 
     </span>
     <span class='ocr_line' id='line_1_76' title="bbox 1221 1653 2258 1712; baseline 0.005 -20"><span class='ocrx_word' id='word_1_512' title='bbox 1221 1653 1385 1708; x_wconf 83' lang='grc' dir='ltr'>νεώτερος</span> <span class='ocrx_word' id='word_1_513' title='bbox 1402 1655 1671 1709; x_wconf 88' lang='grc' dir='ltr'>τετταράκοντα.</span> <span class='ocrx_word' id='word_1_514' title='bbox 1692 1657 1935 1710; x_wconf 84' lang='grc' dir='ltr'>Συντετάχθαι</span> <span class='ocrx_word' id='word_1_515' title='bbox 1953 1657 1991 1696; x_wconf 89' lang='grc' dir='ltr'>δέ</span> <span class='ocrx_word' id='word_1_516' title='bbox 2010 1674 2096 1712; x_wconf 83' lang='grc' dir='ltr'>φησι</span> <span class='ocrx_word' id='word_1_517' title='bbox 2114 1657 2172 1696; x_wconf 83' lang='grc' dir='ltr'>τὸν</span> <span class='ocrx_word' id='word_1_518' title='bbox 2193 1675 2258 1711; x_wconf 85' lang='grc' dir='ltr'>μι-</span> 
     </span>
     <span class='ocr_line' id='line_1_77' title="bbox 1221 1713 2257 1769; baseline 0.005 -18"><span class='ocrx_word' id='word_1_519' title='bbox 1221 1713 1302 1767; x_wconf 81' lang='grc' dir='ltr'>κρὸν</span> <span class='ocrx_word' id='word_1_520' title='bbox 1320 1713 1522 1766; x_wconf 86' lang='grc' dir='ltr'>Διάκοσμον</span> <span class='ocrx_word' id='word_1_521' title='bbox 1551 1716 1663 1754; x_wconf 87' lang='grc' dir='ltr'>ἔτεσιν</span> <span class='ocrx_word' id='word_1_522' title='bbox 1695 1715 1838 1769; x_wconf 79' lang='grc' dir='ltr'>ὕστερον</span> <span class='ocrx_word' id='word_1_523' title='bbox 1864 1719 1927 1763; x_wconf 78' lang='grc' dir='ltr'>τῆς</span> <span class='ocrx_word' id='word_1_524' title='bbox 1957 1715 2063 1755; x_wconf 87' lang='grc' dir='ltr'>Ἰλίου</span> <span class='ocrx_word' id='word_1_525' title='bbox 2092 1716 2257 1763; x_wconf 80' lang='grc' dir='ltr'>ἁλώσεως</span> 
     </span>
     <span class='ocr_line' id='line_1_78' title="bbox 1220 1773 2256 1829; baseline 0.006 -18"><span class='ocrx_word' id='word_1_526' title='bbox 1220 1773 1409 1827; x_wconf 87' lang='grc' dir='ltr'>τριάκοντα</span> <span class='ocrx_word' id='word_1_527' title='bbox 1443 1775 1504 1813; x_wconf 77' lang='grc' dir='ltr'>καὶ</span> <span class='ocrx_word' id='word_1_528' title='bbox 1532 1776 1771 1820; x_wconf 80' lang='grc' dir='ltr'>ἑπτακοσίοις·</span> <span class='ocrx_word' id='word_1_529' title='bbox 1804 1775 1940 1828; x_wconf 86' lang='grc' dir='ltr'>γεγόνοι</span> <span class='ocrx_word' id='word_1_530' title='bbox 1971 1777 2002 1815; x_wconf 86' lang='grc' dir='ltr'>δ’</span> <span class='ocrx_word' id='word_1_531' title='bbox 2032 1778 2087 1826; x_wconf 80' lang='grc' dir='ltr'>ἂν,</span> <span class='ocrx_word' id='word_1_532' title='bbox 2115 1779 2163 1822; x_wconf 83' lang='grc' dir='ltr'>ὣς</span> <span class='ocrx_word' id='word_1_533' title='bbox 2192 1777 2256 1829; x_wconf 84' lang='grc' dir='ltr'>μὲν</span> 
     </span>
     <span class='ocr_line' id='line_1_79' title="bbox 1221 1832 2257 1889; baseline 0.005 -19"><span class='ocrx_word' id='word_1_534' title='bbox 1221 1832 1478 1886; x_wconf 87' lang='grc' dir='ltr'>Ἀπολλόδωρος</span> <span class='ocrx_word' id='word_1_535' title='bbox 1489 1835 1523 1872; x_wconf 83' lang='grc' dir='ltr'>ἐν</span> <span class='ocrx_word' id='word_1_536' title='bbox 1541 1840 1611 1878; x_wconf 85' lang='grc' dir='ltr'>τοῖς</span> <span class='ocrx_word' id='word_1_537' title='bbox 1624 1837 1804 1889; x_wconf 88' lang='grc' dir='ltr'>Χρονικοῖς</span> <span class='ocrx_word' id='word_1_538' title='bbox 1813 1866 1824 1884; x_wconf 92' lang='grc'>,</span> <span class='ocrx_word' id='word_1_539' title='bbox 1833 1835 1927 1874; x_wconf 81' lang='grc' dir='ltr'>κατὰ</span> <span class='ocrx_word' id='word_1_540' title='bbox 1943 1835 2007 1883; x_wconf 82' lang='grc' dir='ltr'>τὴν</span> <span class='ocrx_word' id='word_1_541' title='bbox 2021 1836 2257 1888; x_wconf 82' lang='grc' dir='ltr'>ὀγδοηκοστὴν</span> 
     </span>
     <span class='ocr_line' id='line_1_80' title="bbox 1220 1891 2258 1948; baseline 0.004 -18"><span class='ocrx_word' id='word_1_542' title='bbox 1220 1891 1461 1943; x_wconf 83' lang='grc' dir='ltr'>Ὀλυμπιάδα.</span> <span class='ocrx_word' id='word_1_543' title='bbox 1473 1896 1606 1945; x_wconf 81' lang='lat' dir='ltr'>Itaque</span> <span class='ocrx_word' id='word_1_544' title='bbox 1614 1895 1845 1946; x_wconf 86' lang='lat' dir='ltr'>Apollodori</span> <span class='ocrx_word' id='word_1_545' title='bbox 1862 1897 2100 1947; x_wconf 85' lang='lat' dir='ltr'>computatio</span> <span class='ocrx_word' id='word_1_546' title='bbox 2115 1897 2258 1948; x_wconf 83' lang='lat' dir='ltr'>exipso</span> 
     </span>
     <span class='ocr_line' id='line_1_81' title="bbox 1220 1952 2257 2002; baseline 0.004 -14"><span class='ocrx_word' id='word_1_547' title='bbox 1220 1952 1443 1989; x_wconf 90' lang='lat' dir='ltr'>Democrito</span> <span class='ocrx_word' id='word_1_548' title='bbox 1458 1953 1718 1991; x_wconf 87' lang='lat' dir='ltr'>confirmatur.</span> <span class='ocrx_word' id='word_1_549' title='bbox 1736 1954 1808 1991; x_wconf 87' lang='lat' dir='ltr'>Alii</span> <span class='ocrx_word' id='word_1_550' title='bbox 1827 1954 1939 1992; x_wconf 84' lang='lat' dir='ltr'>aliter</span> <span class='ocrx_word' id='word_1_551' title='bbox 1957 1971 1967 2002; x_wconf 91' lang='lat'>;</span> <span class='ocrx_word' id='word_1_552' title='bbox 1986 1968 2024 1993; x_wconf 84' lang='lat' dir='ltr'>v.</span> <span class='ocrx_word' id='word_1_553' title='bbox 2042 1955 2212 1995; x_wconf 83' lang='lat' dir='ltr'>Clinton.</span> <span class='ocrx_word' id='word_1_554' title='bbox 2228 1969 2257 1994; x_wconf 85' lang='lat' dir='ltr'>s.</span> 
     </span>
     <span class='ocr_line' id='line_1_82' title="bbox 1221 2011 2258 2065; baseline 0.005 -18"><span class='ocrx_word' id='word_1_555' title='bbox 1221 2011 1277 2047; x_wconf 93' lang='lat' dir='ltr'>Ol.</span> <span class='ocrx_word' id='word_1_556' title='bbox 1306 2011 1368 2057; x_wconf 86' lang='lat'>80,</span> <span class='ocrx_word' id='word_1_557' title='bbox 1388 2025 1402 2047; x_wconf 92' lang='lat'>1</span> <span class='ocrx_word' id='word_1_558' title='bbox 1428 2019 1466 2048; x_wconf 90' lang='lat' dir='ltr'>et</span> <span class='ocrx_word' id='word_1_559' title='bbox 1480 2012 1704 2063; x_wconf 86' lang='lat' dir='ltr'>Wesseling.</span> <span class='ocrx_word' id='word_1_560' title='bbox 1725 2013 1772 2050; x_wconf 91' lang='lat' dir='ltr'>ad</span> <span class='ocrx_word' id='word_1_561' title='bbox 1792 2013 1956 2050; x_wconf 91' lang='lat' dir='ltr'>Diodor.</span> <span class='ocrx_word' id='word_1_562' title='bbox 1971 2016 2080 2062; x_wconf 86' lang='lat' dir='ltr'>XIV,</span> <span class='ocrx_word' id='word_1_563' title='bbox 2109 2027 2170 2060; x_wconf 82' lang='grc' dir='ltr'>ιι,</span> <span class='ocrx_word' id='word_1_564' title='bbox 2189 2014 2258 2065; x_wconf 90' lang='lat' dir='ltr'>qui</span> 
     </span>
     <span class='ocr_line' id='line_1_83' title="bbox 1221 2071 2260 2124; baseline 0.004 -17"><span class='ocrx_word' id='word_1_565' title='bbox 1221 2083 1362 2108; x_wconf 86' lang='lat' dir='ltr'>annum</span> <span class='ocrx_word' id='word_1_566' title='bbox 1389 2071 1486 2108; x_wconf 79' lang='lat'>1183</span> <span class='ocrx_word' id='word_1_567' title='bbox 1511 2084 1534 2108; x_wconf 89' lang='lat' dir='ltr'>a</span> <span class='ocrx_word' id='word_1_568' title='bbox 1552 2072 1776 2110; x_wconf 88' lang='lat' dir='ltr'>Democrito</span> <span class='ocrx_word' id='word_1_569' title='bbox 1794 2086 1867 2124; x_wconf 91' lang='lat' dir='ltr'>pro</span> <span class='ocrx_word' id='word_1_570' title='bbox 1891 2071 2060 2123; x_wconf 84' lang='lat' dir='ltr'>Trojana</span> <span class='ocrx_word' id='word_1_571' title='bbox 2093 2085 2168 2111; x_wconf 86' lang='lat' dir='ltr'>aera</span> <span class='ocrx_word' id='word_1_572' title='bbox 2192 2086 2260 2124; x_wconf 88' lang='lat' dir='ltr'>po-</span> 
     </span>
     <span class='ocr_line' id='line_1_84' title="bbox 1221 2129 2260 2181; baseline 0.004 -15"><span class='ocrx_word' id='word_1_573' title='bbox 1221 2130 1337 2166; x_wconf 88' lang='lat' dir='ltr'>situm</span> <span class='ocrx_word' id='word_1_574' title='bbox 1350 2142 1431 2166; x_wconf 86' lang='lat' dir='ltr'>esse</span> <span class='ocrx_word' id='word_1_575' title='bbox 1445 2129 1625 2181; x_wconf 88' lang='lat' dir='ltr'>opinatus</span> <span class='ocrx_word' id='word_1_576' title='bbox 1636 2131 1861 2181; x_wconf 89' lang='lat' dir='ltr'>Apollodori</span> <span class='ocrx_word' id='word_1_577' title='bbox 1871 2132 2098 2170; x_wconf 83' lang='lat' dir='ltr'>sententiam</span> <span class='ocrx_word' id='word_1_578' title='bbox 2111 2131 2260 2170; x_wconf 84' lang='lat' dir='ltr'>studuit.</span> 
     </span>
     <span class='ocr_line' id='line_1_85' title="bbox 1221 2187 1440 2238; baseline 0.005 -14"><span class='ocrx_word' id='word_1_579' title='bbox 1221 2187 1440 2238; x_wconf 84' lang='lat' dir='ltr'>infringere.</span> 
     </span>
    </p>

    <p class='ocr_par' dir='ltr' id='par_1_25' title="bbox 1560 2250 1921 2364">
     <span class='ocr_line' id='line_1_86' title="bbox 1705 2250 1771 2289; baseline 0.03 -2"><span class='ocrx_word' id='word_1_580' title='bbox 1705 2250 1771 2289; x_wconf 84' lang='lat'>85.</span> 
     </span>
     <span class='ocr_line' id='line_1_87' title="bbox 1560 2319 1921 2364; baseline -0.003 -7"><span class='ocrx_word' id='word_1_581' title='bbox 1560 2319 1620 2357; x_wconf 75' lang='grc' dir='ltr'>οι.</span> <span class='ocrx_word' id='word_1_582' title='bbox 1644 2320 1705 2364; x_wconf 78' lang='lat'>84·</span> <span class='ocrx_word' id='word_1_583' title='bbox 1728 2324 1802 2364; x_wconf 76' lang='lat'>444</span> <span class='ocrx_word' id='word_1_584' title='bbox 1821 2332 1853 2356; x_wconf 80' lang='lat' dir='ltr'>a.</span> <span class='ocrx_word' id='word_1_585' title='bbox 1881 2322 1921 2358; x_wconf 85' lang='lat' dir='ltr'>c.</span> 
     </span>
    </p>
   </div>
   <div class='ocr_carea' id='block_1_14' title="bbox 1221 2389 2258 2671">
    <p class='ocr_par' dir='ltr' id='par_1_26' title="bbox 1221 2389 2258 2671">
     <span class='ocr_line' id='line_1_88' title="bbox 1274 2389 2258 2440; baseline 0.001 -13"><span class='ocrx_word' id='word_1_586' title='bbox 1274 2390 1435 2440; x_wconf 81' lang='lat' dir='ltr'>Diogen.</span> <span class='ocrx_word' id='word_1_587' title='bbox 1454 2393 1580 2428; x_wconf 82' lang='lat' dir='ltr'>Laert.</span> <span class='ocrx_word' id='word_1_588' title='bbox 1599 2393 1675 2437; x_wconf 90' lang='lat' dir='ltr'>IX,</span> <span class='ocrx_word' id='word_1_589' title='bbox 1695 2396 1716 2435; x_wconf 77' lang='grc'>4</span> <span class='ocrx_word' id='word_1_590' title='bbox 1727 2404 1758 2438; x_wconf 83' lang='grc' dir='ltr'>ι,</span> <span class='ocrx_word' id='word_1_591' title='bbox 1773 2390 1822 2428; x_wconf 88' lang='lat' dir='ltr'>de</span> <span class='ocrx_word' id='word_1_592' title='bbox 1836 2390 2005 2436; x_wconf 77' lang='lat' dir='ltr'>Melissa,</span> <span class='ocrx_word' id='word_1_593' title='bbox 2019 2389 2258 2428; x_wconf 86' lang='lat' dir='ltr'>Parmenidis</span> 
     </span>
     <span class='ocr_line' id='line_1_89' title="bbox 1222 2447 2257 2501; baseline 0.001 -16"><span class='ocrx_word' id='word_1_594' title='bbox 1222 2457 1259 2485; x_wconf 89' lang='lat' dir='ltr'>et</span> <span class='ocrx_word' id='word_1_595' title='bbox 1273 2448 1454 2486; x_wconf 84' lang='lat' dir='ltr'>Heracliti</span> <span class='ocrx_word' id='word_1_596' title='bbox 1474 2449 1665 2500; x_wconf 90' lang='lat' dir='ltr'>discipulo</span> <span class='ocrx_word' id='word_1_597' title='bbox 1686 2464 1694 2487; x_wconf 89' lang='lat'>:</span> <span class='ocrx_word' id='word_1_598' title='bbox 1715 2447 1835 2496; x_wconf 81' lang='grc' dir='ltr'>Φησὶν</span> <span class='ocrx_word' id='word_1_599' title='bbox 1857 2447 2114 2501; x_wconf 70' lang='grc' dir='ltr'>Ἀπολλόδωρος</span> <span class='ocrx_word' id='word_1_600' title='bbox 2133 2449 2257 2499; x_wconf 83' lang='grc' dir='ltr'>ἠκμα-</span> 
     </span>
     <span class='ocr_line' id='line_1_90' title="bbox 1221 2505 2254 2561; baseline 0 -17"><span class='ocrx_word' id='word_1_601' title='bbox 1221 2505 1321 2544; x_wconf 87' lang='grc' dir='ltr'>κέναι</span> <span class='ocrx_word' id='word_1_602' title='bbox 1353 2507 1456 2546; x_wconf 81' lang='grc' dir='ltr'>αὖτὸν</span> <span class='ocrx_word' id='word_1_603' title='bbox 1497 2506 1587 2546; x_wconf 86' lang='grc' dir='ltr'>κατὰ</span> <span class='ocrx_word' id='word_1_604' title='bbox 1620 2506 1684 2554; x_wconf 84' lang='grc' dir='ltr'>τὴν</span> <span class='ocrx_word' id='word_1_605' title='bbox 1715 2506 1884 2561; x_wconf 85' lang='grc' dir='ltr'>τετάρτην</span> <span class='ocrx_word' id='word_1_606' title='bbox 1916 2507 1976 2545; x_wconf 80' lang='grc' dir='ltr'>καὶ</span> <span class='ocrx_word' id='word_1_607' title='bbox 2019 2505 2254 2558; x_wconf 77' lang='grc' dir='ltr'>ὀγδοηκοστὴν</span> 
     </span>
     <span class='ocr_line' id='line_1_91' title="bbox 1222 2565 2254 2620; baseline -0.002 -15"><span class='ocrx_word' id='word_1_608' title='bbox 1222 2565 1462 2616; x_wconf 84' lang='grc' dir='ltr'>Ὀλυμπιάδα.</span> <span class='ocrx_word' id='word_1_609' title='bbox 1480 2567 1535 2605; x_wconf 86' lang='lat' dir='ltr'>Cf.</span> <span class='ocrx_word' id='word_1_610' title='bbox 1547 2567 1684 2606; x_wconf 84' lang='lat' dir='ltr'>Suidas</span> <span class='ocrx_word' id='word_1_611' title='bbox 1697 2581 1732 2604; x_wconf 94' lang='lat' dir='ltr'>v.</span> <span class='ocrx_word' id='word_1_612' title='bbox 1745 2565 1897 2609; x_wconf 82' lang='grc' dir='ltr'>Μέλιτος</span> <span class='ocrx_word' id='word_1_613' title='bbox 1911 2565 2041 2620; x_wconf 88' lang='grc' dir='ltr'>Λάρου.</span> <span class='ocrx_word' id='word_1_614' title='bbox 2059 2565 2254 2604; x_wconf 87' lang='lat' dir='ltr'>Plutarch.</span> 
     </span>
     <span class='ocr_line' id='line_1_92' title="bbox 1221 2625 1777 2671; baseline 0.002 -9"><span class='ocrx_word' id='word_1_615' title='bbox 1221 2625 1356 2664; x_wconf 85' lang='lat' dir='ltr'>Pericl.</span> <span class='ocrx_word' id='word_1_616' title='bbox 1371 2626 1418 2662; x_wconf 83' lang='lat'>26</span> <span class='ocrx_word' id='word_1_617' title='bbox 1431 2639 1441 2671; x_wconf 82' lang='lat'>3</span> <span class='ocrx_word' id='word_1_618' title='bbox 1456 2625 1556 2664; x_wconf 81' lang='lat' dir='ltr'>Adv.</span> <span class='ocrx_word' id='word_1_619' title='bbox 1577 2626 1700 2664; x_wconf 92' lang='lat' dir='ltr'>Colot.</span> <span class='ocrx_word' id='word_1_620' title='bbox 1717 2626 1777 2663; x_wconf 84' lang='lat'>32.</span> 
     </span>
    </p>
   </div>
   <div class='ocr_carea' id='block_1_15' title="bbox 1706 2743 1770 2776">
    <p class='ocr_par' dir='ltr' id='par_1_27' title="bbox 1706 2743 1770 2776">
     <span class='ocr_line' id='line_1_93' title="bbox 1706 2743 1770 2776; baseline 0 -1"><span class='ocrx_word' id='word_1_621' title='bbox 1706 2743 1770 2776; x_wconf 87' lang='lat'>83.</span> 
     </span>
    </p>
   </div>
   <div class='ocr_carea' id='block_1_16' title="bbox 1220 2799 2252 3040">
    <p class='ocr_par' dir='ltr' id='par_1_28' title="bbox 1220 2799 2251 2975">
     <span class='ocr_line' id='line_1_94' title="bbox 1262 2799 2251 2841; baseline 0.002 -10"><span class='ocrx_word' id='word_1_622' title='bbox 1262 2801 1350 2831; x_wconf 90' lang='lat' dir='ltr'>Zeno</span> <span class='ocrx_word' id='word_1_623' title='bbox 1373 2799 1511 2832; x_wconf 88' lang='lat' dir='ltr'>Eleates.</span> <span class='ocrx_word' id='word_1_624' title='bbox 1530 2801 1626 2832; x_wconf 85' lang='lat' dir='ltr'>Hunc</span> <span class='ocrx_word' id='word_1_625' title='bbox 1646 2799 1862 2841; x_wconf 83' lang='lat' dir='ltr'>Apollodorus</span> <span class='ocrx_word' id='word_1_626' title='bbox 1887 2800 1933 2832; x_wconf 88' lang='lat' dir='ltr'>ait</span> <span class='ocrx_word' id='word_1_627' title='bbox 1954 2800 1987 2832; x_wconf 90' lang='lat' dir='ltr'>in</span> <span class='ocrx_word' id='word_1_628' title='bbox 2005 2800 2176 2834; x_wconf 83' lang='lat' dir='ltr'>chronicis</span> <span class='ocrx_word' id='word_1_629' title='bbox 2195 2809 2251 2833; x_wconf 84' lang='lat' dir='ltr'>na-</span> 
     </span>
     <span class='ocr_line' id='line_1_95' title="bbox 1220 2846 2251 2901; baseline 0.002 -23"><span class='ocrx_word' id='word_1_630' title='bbox 1220 2849 1293 2901; x_wconf 73' lang='lat' dir='ltr'>tura</span> <span class='ocrx_word' id='word_1_631' title='bbox 1306 2847 1437 2888; x_wconf 87' lang='lat' dir='ltr'>quidem</span> <span class='ocrx_word' id='word_1_632' title='bbox 1450 2847 1691 2888; x_wconf 83' lang='lat' dir='ltr'>Teleutagorae‚</span> <span class='ocrx_word' id='word_1_633' title='bbox 1715 2846 1892 2888; x_wconf 86' lang='lat' dir='ltr'>adoptione</span> <span class='ocrx_word' id='word_1_634' title='bbox 1913 2847 2024 2879; x_wconf 78' lang='lat' dir='ltr'>autem</span> <span class='ocrx_word' id='word_1_635' title='bbox 2046 2846 2251 2880; x_wconf 75' lang='lat' dir='ltr'>parmenidis</span> 
     </span>
     <span class='ocr_line' id='line_1_96' title="bbox 1220 2893 1767 2975; baseline 0.004 -50"><span class='ocrx_word' id='word_1_636' title='bbox 1220 2893 1334 2926; x_wconf 79' lang='lat' dir='ltr'>hlium.</span> <span class='ocrx_word' id='word_1_637' title='bbox 1703 2942 1767 2975; x_wconf 47' lang='grc'>84.</span> 
     </span>
    </p>

    <p class='ocr_par' dir='ltr' id='par_1_29' title="bbox 1261 2997 2252 3040">
     <span class='ocr_line' id='line_1_97' title="bbox 1261 2997 2252 3040; baseline -0.002 -7"><span class='ocrx_word' id='word_1_638' title='bbox 1261 3002 1341 3032; x_wconf 82' lang='lat' dir='ltr'>Erat</span> <span class='ocrx_word' id='word_1_639' title='bbox 1363 3000 1591 3039; x_wconf 73' lang='lat' dir='ltr'>Democritus,</span> <span class='ocrx_word' id='word_1_640' title='bbox 1620 3001 1657 3031; x_wconf 89' lang='lat' dir='ltr'>ut</span> <span class='ocrx_word' id='word_1_641' title='bbox 1683 2999 1802 3040; x_wconf 83' lang='lat' dir='ltr'>ipsein</span> <span class='ocrx_word' id='word_1_642' title='bbox 1827 3007 1928 3040; x_wconf 83' lang='lat' dir='ltr'>parvo</span> <span class='ocrx_word' id='word_1_643' title='bbox 1953 2997 2123 3030; x_wconf 83' lang='lat' dir='ltr'>Diacosmo</span> <span class='ocrx_word' id='word_1_644' title='bbox 2144 2997 2252 3038; x_wconf 77' lang='lat' dir='ltr'>refert,</span> 
     </span>
    </p>
   </div>
   <div class='ocr_carea' id='block_1_17' title="bbox 1216 3044 2248 3088">
    <p class='ocr_par' dir='ltr' id='par_1_30' title="bbox 1216 3044 2248 3088">
     <span class='ocr_line' id='line_1_98' title="bbox 1216 3044 2248 3088; baseline -0.003 -9"><span class='ocrx_word' id='word_1_645' title='bbox 1216 3047 1345 3087; x_wconf 78' lang='lat' dir='ltr'>Juvenis</span> <span class='ocrx_word' id='word_1_646' title='bbox 1377 3056 1442 3087; x_wconf 89' lang='lat' dir='ltr'>quo</span> <span class='ocrx_word' id='word_1_647' title='bbox 1475 3050 1618 3088; x_wconf 86' lang='lat' dir='ltr'>tempore</span> <span class='ocrx_word' id='word_1_648' title='bbox 1647 3046 1715 3086; x_wconf 79' lang='lat' dir='ltr'>jam</span> <span class='ocrx_word' id='word_1_649' title='bbox 1746 3045 1852 3078; x_wconf 88' lang='lat' dir='ltr'>senior</span> <span class='ocrx_word' id='word_1_650' title='bbox 1882 3044 2013 3076; x_wconf 86' lang='lat' dir='ltr'>vivebat</span> <span class='ocrx_word' id='word_1_651' title='bbox 2032 3046 2248 3084; x_wconf 70' lang='lat' dir='ltr'>Anaxagoras,</span> 
     </span>
    </p>
   </div>
   <div class='ocr_carea' id='block_1_18' title="bbox 1219 3091 2251 3133">
    <p class='ocr_par' dir='ltr' id='par_1_31' title="bbox 1219 3091 2251 3133">
     <span class='ocr_line' id='line_1_99' title="bbox 1219 3091 2251 3133; baseline -0.002 -9"><span class='ocrx_word' id='word_1_652' title='bbox 1219 3093 1275 3124; x_wconf 91' lang='lat' dir='ltr'>illo</span> <span class='ocrx_word' id='word_1_653' title='bbox 1308 3093 1414 3125; x_wconf 93' lang='lat' dir='ltr'>minor</span> <span class='ocrx_word' id='word_1_654' title='bbox 1442 3096 1518 3125; x_wconf 88' lang='lat' dir='ltr'>natu</span> <span class='ocrx_word' id='word_1_655' title='bbox 1549 3093 1643 3125; x_wconf 90' lang='lat' dir='ltr'>annis</span> <span class='ocrx_word' id='word_1_656' title='bbox 1677 3092 1900 3133; x_wconf 85' lang='lat' dir='ltr'>quadraginta.</span> <span class='ocrx_word' id='word_1_657' title='bbox 1935 3094 2075 3123; x_wconf 86' lang='lat' dir='ltr'>Parvum</span> <span class='ocrx_word' id='word_1_658' title='bbox 2104 3099 2181 3123; x_wconf 88' lang='lat' dir='ltr'>vero</span> <span class='ocrx_word' id='word_1_659' title='bbox 2211 3091 2251 3123; x_wconf 90' lang='lat' dir='ltr'>il-</span> 
     </span>
    </p>
   </div>
   <div class='ocr_carea' id='block_1_19' title="bbox 1219 3135 2313 3181">
    <p class='ocr_par' dir='ltr' id='par_1_32' title="bbox 1219 3135 2313 3181">
     <span class='ocr_line' id='line_1_100' title="bbox 1219 3135 2313 3181; baseline 0 -9"><span class='ocrx_word' id='word_1_660' title='bbox 1219 3141 1287 3172; x_wconf 91' lang='lat' dir='ltr'>lum</span> <span class='ocrx_word' id='word_1_661' title='bbox 1302 3141 1509 3173; x_wconf 89' lang='lat' dir='ltr'>Diacosmum</span> <span class='ocrx_word' id='word_1_662' title='bbox 1526 3149 1544 3172; x_wconf 88' lang='lat' dir='ltr'>a</span> <span class='ocrx_word' id='word_1_663' title='bbox 1559 3149 1593 3172; x_wconf 88' lang='lat' dir='ltr'>se</span> <span class='ocrx_word' id='word_1_664' title='bbox 1609 3139 1826 3181; x_wconf 87' lang='lat' dir='ltr'>compositum</span> <span class='ocrx_word' id='word_1_665' title='bbox 1846 3139 1941 3171; x_wconf 82' lang='lat' dir='ltr'>refert</span> <span class='ocrx_word' id='word_1_666' title='bbox 1953 3147 2039 3170; x_wconf 89' lang='lat' dir='ltr'>anno</span> <span class='ocrx_word' id='word_1_667' title='bbox 2057 3141 2132 3179; x_wconf 90' lang='lat' dir='ltr'>post</span> <span class='ocrx_word' id='word_1_668' title='bbox 2145 3139 2250 3180; x_wconf 83' lang='lat' dir='ltr'>Trojae</span> <span class='ocrx_word' id='word_1_669' title='bbox 2311 3135 2313 3138; x_wconf 51' lang='lat'><strong>⁴</strong></span> 
     </span>
    </p>
   </div>
   <div class='ocr_carea' id='block_1_20' title="bbox 1220 3186 2250 3276">
    <p class='ocr_par' dir='ltr' id='par_1_33' title="bbox 1220 3186 2250 3276">
     <span class='ocr_line' id='line_1_101' title="bbox 1220 3186 2250 3229; baseline -0.003 -9"><span class='ocrx_word' id='word_1_670' title='bbox 1220 3188 1383 3220; x_wconf 87' lang='lat' dir='ltr'>excidium</span> <span class='ocrx_word' id='word_1_671' title='bbox 1398 3187 1679 3229; x_wconf 85' lang='lat' dir='ltr'>septingentesimo</span> <span class='ocrx_word' id='word_1_672' title='bbox 1698 3186 1874 3227; x_wconf 86' lang='lat' dir='ltr'>trigesimo.</span> <span class='ocrx_word' id='word_1_673' title='bbox 1905 3187 2016 3218; x_wconf 88' lang='lat' dir='ltr'>Fuerit</span> <span class='ocrx_word' id='word_1_674' title='bbox 2029 3194 2107 3217; x_wconf 85' lang='lat' dir='ltr'>vero</span> <span class='ocrx_word' id='word_1_675' title='bbox 2119 3207 2128 3224; x_wconf 85' lang='lat'>,</span> <span class='ocrx_word' id='word_1_676' title='bbox 2150 3187 2188 3218; x_wconf 90' lang='lat' dir='ltr'>ut</span> <span class='ocrx_word' id='word_1_677' title='bbox 2204 3186 2250 3218; x_wconf 84' lang='lat' dir='ltr'>ait</span> 
     </span>
     <span class='ocr_line' id='line_1_102' title="bbox 1220 3232 2098 3276; baseline -0.003 -9"><span class='ocrx_word' id='word_1_678' title='bbox 1220 3235 1433 3276; x_wconf 83' lang='lat' dir='ltr'>Apollodorus</span> <span class='ocrx_word' id='word_1_679' title='bbox 1449 3234 1483 3267; x_wconf 90' lang='lat' dir='ltr'>in</span> <span class='ocrx_word' id='word_1_680' title='bbox 1499 3234 1681 3274; x_wconf 85' lang='lat' dir='ltr'>chronicis,</span> <span class='ocrx_word' id='word_1_681' title='bbox 1695 3232 1877 3274; x_wconf 85' lang='lat' dir='ltr'>olympiade</span> <span class='ocrx_word' id='word_1_682' title='bbox 1891 3233 2098 3273; x_wconf 83' lang='lat' dir='ltr'>octogesima.</span> 
     </span>
    </p>
   </div>
   <div class='ocr_carea' id='block_1_21' title="bbox 1704 3293 1766 3325">
    <p class='ocr_par' dir='ltr' id='par_1_34' title="bbox 1704 3293 1766 3325">
     <span class='ocr_line' id='line_1_103' title="bbox 1704 3293 1766 3325; baseline -0.032 0"><span class='ocrx_word' id='word_1_683' title='bbox 1704 3293 1766 3325; x_wconf 88' lang='grc'>85.</span> 
     </span>
    </p>
   </div>
   <div class='ocr_carea' id='block_1_22' title="bbox 1223 3347 2246 3439">
    <p class='ocr_par' dir='ltr' id='par_1_35' title="bbox 1223 3347 2246 3439">
     <span class='ocr_line' id='line_1_104' title="bbox 1265 3347 2246 3390; baseline -0.003 -7"><span class='ocrx_word' id='word_1_684' title='bbox 1265 3350 1429 3383; x_wconf 85' lang='lat' dir='ltr'>Floruisse</span> <span class='ocrx_word' id='word_1_685' title='bbox 1451 3350 1620 3382; x_wconf 84' lang='lat' dir='ltr'>Melissum</span> <span class='ocrx_word' id='word_1_686' title='bbox 1643 3352 1758 3390; x_wconf 86' lang='lat' dir='ltr'>quarta</span> <span class='ocrx_word' id='word_1_687' title='bbox 1782 3351 1814 3382; x_wconf 90' lang='lat' dir='ltr'>et</span> <span class='ocrx_word' id='word_1_688' title='bbox 1836 3349 2030 3390; x_wconf 84' lang='lat' dir='ltr'>octogesima</span> <span class='ocrx_word' id='word_1_689' title='bbox 2058 3347 2246 3390; x_wconf 84' lang='lat' dir='ltr'>Olympiade</span> 
     </span>
     <span class='ocr_line' id='line_1_105' title="bbox 1223 3397 1557 3439; baseline -0.003 -9"><span class='ocrx_word' id='word_1_690' title='bbox 1223 3398 1438 3439; x_wconf 81' lang='lat' dir='ltr'>Apollodorus</span> <span class='ocrx_word' id='word_1_691' title='bbox 1453 3397 1557 3430; x_wconf 79' lang='lat' dir='ltr'>refert.</span> 
     </span>
    </p>
   </div>
  </div>
 </body>
</html>
