<?xml version="1.0" encoding="UTF-8"?>
<!DOCTYPE html PUBLIC "-//W3C//DTD XHTML 1.0 Transitional//EN"
    "http://www.w3.org/TR/xhtml1/DTD/xhtml1-transitional.dtd">
<html xmlns="http://www.w3.org/1999/xhtml" xml:lang="en" lang="en">
 <head>
  <title>
</title>
<meta http-equiv="Content-Type" content="text/html;charset=utf-8" />
  <meta name='ocr-system' content='tesseract 3.04.00' />
  <meta name='ocr-capabilities' content='ocr_page ocr_carea ocr_par ocr_line ocrx_word'/>
</head>
<body>
  <div class='ocr_page' id='page_1' title='image "./fragmentahistori01mueluoft_0349.png"; bbox 0 0 2320 3684; ppageno 0'>
   <div class='ocr_carea' id='block_1_1' title="bbox 878 126 1432 170">
    <p class='ocr_par' dir='ltr' id='par_1_1' title="bbox 878 126 1432 170">
     <span class='ocr_line' id='line_1_1' title="bbox 878 126 1432 170; baseline 0.007 -6"><span class='ocrx_word' id='word_1_1' title='bbox 878 126 1070 166; x_wconf 87' lang='lat' dir='ltr'>EPHORI</span> <span class='ocrx_word' id='word_1_2' title='bbox 1098 127 1432 170; x_wconf 86' lang='lat' dir='ltr'><strong>FRAGMENTA.</strong></span> 
     </span>
    </p>
   </div>
   <div class='ocr_carea' id='block_1_2' title="bbox 97 191 1119 264">
    <p class='ocr_par' dir='ltr' id='par_1_2' title="bbox 97 191 1119 264">
     <span class='ocr_line' id='line_1_2' title="bbox 97 191 1119 264; baseline 0.003 -17"><span class='ocrx_word' id='word_1_3' title='bbox 97 207 177 252; x_wconf 75' lang='grc' dir='ltr'>τοὺς</span> <span class='ocrx_word' id='word_1_4' title='bbox 193 207 230 247; x_wconf 81' lang='grc' dir='ltr'><strong>δὲ</strong></span> <span class='ocrx_word' id='word_1_5' title='bbox 246 207 570 263; x_wconf 87' lang='grc' dir='ltr'>ΔωριέαςΜέγαρα,</span> <span class='ocrx_word' id='word_1_6' title='bbox 581 191 644 257; x_wconf 85' lang='grc' dir='ltr'><strong>τὴν</strong></span> <span class='ocrx_word' id='word_1_7' title='bbox 654 207 792 249; x_wconf 54' lang='grc' dir='ltr'>θΥὸλαν</span> <span class='ocrx_word' id='word_1_8' title='bbox 803 209 968 264; x_wconf 85' lang='grc' dir='ltr'>πρότερον</span> <span class='ocrx_word' id='word_1_9' title='bbox 987 213 1119 250; x_wconf 89' lang='grc' dir='ltr'>καλου-</span> 
     </span>
    </p>
   </div>
   <div class='ocr_carea' id='block_1_3' title="bbox 98 266 1119 378">
    <p class='ocr_par' dir='ltr' id='par_1_3' title="bbox 98 266 1119 378">
     <span class='ocr_line' id='line_1_3' title="bbox 127 266 219 305; baseline -0.011 0"><span class='ocrx_word' id='word_1_10' title='bbox 127 266 144 305; x_wconf 87' lang='grc' dir='ltr'><strong>έ</strong></span> <span class='ocrx_word' id='word_1_11' title='bbox 189 283 219 305; x_wconf 89' lang='grc' dir='ltr'><strong>ν.</strong></span> 
     </span>
     <span class='ocr_line' id='line_1_4' title="bbox 98 282 1119 378; baseline 0 -14"><span class='ocrx_word' id='word_1_12' title='bbox 98 282 125 318; x_wconf 73' lang='grc' dir='ltr'>μ</span> <span class='ocrx_word' id='word_1_13' title='bbox 144 283 454 378; x_wconf 56' lang='grc' dir='ltr'>Ἠεντεκαιδεκάτῃ</span> <span class='ocrx_word' id='word_1_14' title='bbox 490 340 524 376; x_wconf 89' lang='grc' dir='ltr'>γ.</span> <span class='ocrx_word' id='word_1_15' title='bbox 549 338 636 363; x_wconf 89' lang='lat' dir='ltr'><strong>cum</strong></span> <span class='ocrx_word' id='word_1_16' title='bbox 666 326 849 365; x_wconf 89' lang='lat' dir='ltr'><strong>Cluverio</strong></span> <span class='ocrx_word' id='word_1_17' title='bbox 875 328 949 366; x_wconf 88' lang='lat' dir='ltr'><strong>Sic.</strong></span> <span class='ocrx_word' id='word_1_18' title='bbox 969 332 1011 364; x_wconf 89' lang='lat' dir='ltr'><strong>A.</strong></span> <span class='ocrx_word' id='word_1_19' title='bbox 1029 331 1059 374; x_wconf 91' lang='lat' dir='ltr'><strong>I,</strong></span> <span class='ocrx_word' id='word_1_20' title='bbox 1083 341 1119 374; x_wconf 84' lang='lat'><strong>2,</strong></span> 
     </span>
    </p>
   </div>
   <div class='ocr_carea' id='block_1_4' title="bbox 96 384 1144 441">
    <p class='ocr_par' dir='ltr' id='par_1_4' title="bbox 96 384 1144 441">
     <span class='ocr_line' id='line_1_5' title="bbox 96 384 1144 441; baseline 0.001 -19"><span class='ocrx_word' id='word_1_21' title='bbox 96 385 398 435; x_wconf 86' lang='lat' dir='ltr'><strong>HeynioOpusc.</strong></span> <span class='ocrx_word' id='word_1_22' title='bbox 419 388 486 423; x_wconf 85' lang='lat' dir='ltr'><strong>Ac.</strong></span> <span class='ocrx_word' id='word_1_23' title='bbox 505 386 555 430; x_wconf 92' lang='grc' dir='ltr'><strong>Π,</strong></span> <span class='ocrx_word' id='word_1_24' title='bbox 572 397 610 435; x_wconf 87' lang='lat' dir='ltr'><strong>p.</strong></span> <span class='ocrx_word' id='word_1_25' title='bbox 632 385 708 435; x_wconf 86' lang='grc'><strong>259</strong></span> <span class='ocrx_word' id='word_1_26' title='bbox 725 392 764 422; x_wconf 90' lang='lat' dir='ltr'><strong>et</strong></span> <span class='ocrx_word' id='word_1_27' title='bbox 781 385 869 432; x_wconf 84' lang='lat'><strong>266,</strong></span> <span class='ocrx_word' id='word_1_28' title='bbox 892 384 1072 423; x_wconf 87' lang='lat' dir='ltr'><strong>Siebenk.</strong></span> <span class='ocrx_word' id='word_1_29' title='bbox 1095 393 1120 424; x_wconf 93' lang='lat' dir='ltr'><strong>t.</strong></span> <span class='ocrx_word' id='word_1_30' title='bbox 1141 437 1144 441; x_wconf 14' lang='grc' dir='ltr'><strong><em>ἦ</em></strong></span> 
     </span>
    </p>
   </div>
   <div class='ocr_carea' id='block_1_5' title="bbox 94 442 1120 670">
    <p class='ocr_par' dir='ltr' id='par_1_5' title="bbox 94 442 1120 670">
     <span class='ocr_line' id='line_1_6' title="bbox 95 442 1120 495; baseline 0.001 -15"><span class='ocrx_word' id='word_1_31' title='bbox 95 445 144 491; x_wconf 90' lang='grc' dir='ltr'><strong>ΙΙ,</strong></span> <span class='ocrx_word' id='word_1_32' title='bbox 162 456 200 494; x_wconf 93' lang='lat' dir='ltr'><strong>p.</strong></span> <span class='ocrx_word' id='word_1_33' title='bbox 224 443 312 491; x_wconf 83' lang='lat'><strong>256,</strong></span> <span class='ocrx_word' id='word_1_34' title='bbox 333 442 468 494; x_wconf 75' lang='lat' dir='ltr'><strong>scripsi</strong></span> <span class='ocrx_word' id='word_1_35' title='bbox 487 455 559 493; x_wconf 87' lang='lat' dir='ltr'><strong>pro</strong></span> <span class='ocrx_word' id='word_1_36' title='bbox 578 443 680 493; x_wconf 85' lang='lat' dir='ltr'><strong>vulg.</strong></span> <span class='ocrx_word' id='word_1_37' title='bbox 700 445 744 495; x_wconf 79' lang='grc' dir='ltr'><strong>τῇ</strong></span> <span class='ocrx_word' id='word_1_38' title='bbox 763 448 887 495; x_wconf 75' lang='grc' dir='ltr'>γενεᾷ,</span> <span class='ocrx_word' id='word_1_39' title='bbox 907 443 1001 493; x_wconf 81' lang='lat' dir='ltr'><strong>sive,</strong></span> <span class='ocrx_word' id='word_1_40' title='bbox 1016 444 1120 494; x_wconf 90' lang='lat' dir='ltr'><strong>quod</strong></span> 
     </span>
     <span class='ocr_line' id='line_1_7' title="bbox 95 499 1118 553; baseline 0 -14"><span class='ocrx_word' id='word_1_41' title='bbox 95 502 264 552; x_wconf 81' lang='lat' dir='ltr'>Scaliger</span> <span class='ocrx_word' id='word_1_42' title='bbox 282 501 405 539; x_wconf 90' lang='lat' dir='ltr'><strong>voluit</strong></span> <span class='ocrx_word' id='word_1_43' title='bbox 422 501 486 552; x_wconf 88' lang='lat' dir='ltr'><strong>(ad</strong></span> <span class='ocrx_word' id='word_1_44' title='bbox 514 500 655 541; x_wconf 88' lang='lat' dir='ltr'><strong>Euseb.</strong></span> <span class='ocrx_word' id='word_1_45' title='bbox 685 515 723 552; x_wconf 92' lang='lat' dir='ltr'><strong>p.</strong></span> <span class='ocrx_word' id='word_1_46' title='bbox 741 501 820 552; x_wconf 85' lang='lat'><strong>75),</strong></span> <span class='ocrx_word' id='word_1_47' title='bbox 836 503 879 552; x_wconf 82' lang='grc' dir='ltr'><strong>τῇ</strong></span> <span class='ocrx_word' id='word_1_48' title='bbox 900 499 1039 553; x_wconf 83' lang='grc' dir='ltr'>δεκάτῃ.</span> <span class='ocrx_word' id='word_1_49' title='bbox 1061 502 1118 540; x_wconf 87' lang='lat' dir='ltr'><strong>Cf.</strong></span> 
     </span>
     <span class='ocr_line' id='line_1_8' title="bbox 94 558 1119 610; baseline 0.002 -14"><span class='ocrx_word' id='word_1_50' title='bbox 94 559 269 609; x_wconf 87' lang='lat' dir='ltr'><strong>Thucyd.</strong></span> <span class='ocrx_word' id='word_1_51' title='bbox 280 561 346 607; x_wconf 87' lang='lat' dir='ltr'><strong>VI,</strong></span> <span class='ocrx_word' id='word_1_52' title='bbox 363 565 398 606; x_wconf 95' lang='grc'><strong>4,</strong></span> <span class='ocrx_word' id='word_1_53' title='bbox 411 558 503 610; x_wconf 89' lang='lat' dir='ltr'><strong>ibiq.</strong></span> <span class='ocrx_word' id='word_1_54' title='bbox 523 560 736 607; x_wconf 87' lang='lat' dir='ltr'><strong>Dukerum,</strong></span> <span class='ocrx_word' id='word_1_55' title='bbox 754 559 915 597; x_wconf 85' lang='lat' dir='ltr'><strong>Diodor.</strong></span> <span class='ocrx_word' id='word_1_56' title='bbox 933 563 1039 607; x_wconf 90' lang='lat' dir='ltr'>XIV,</span> <span class='ocrx_word' id='word_1_57' title='bbox 1055 560 1119 608; x_wconf 90' lang='lat'><strong>88,</strong></span> 
     </span>
     <span class='ocr_line' id='line_1_9' title="bbox 94 617 1119 670; baseline 0.002 -16"><span class='ocrx_word' id='word_1_58' title='bbox 94 617 142 655; x_wconf 86' lang='lat' dir='ltr'><strong>al.</strong></span> <span class='ocrx_word' id='word_1_59' title='bbox 161 619 346 667; x_wconf 89' lang='lat' dir='ltr'><strong>Scymnus</strong></span> <span class='ocrx_word' id='word_1_60' title='bbox 366 617 480 655; x_wconf 91' lang='lat' dir='ltr'><strong>Chius</strong></span> <span class='ocrx_word' id='word_1_61' title='bbox 497 630 554 654; x_wconf 90' lang='lat' dir='ltr'><strong>vs.</strong></span> <span class='ocrx_word' id='word_1_62' title='bbox 590 617 665 665; x_wconf 89' lang='grc'><strong>276</strong></span> <span class='ocrx_word' id='word_1_63' title='bbox 688 630 795 668; x_wconf 86' lang='lat' dir='ltr'><strong>seqq.</strong></span> <span class='ocrx_word' id='word_1_64' title='bbox 822 617 1021 668; x_wconf 89' lang='lat' dir='ltr'>Ephorum</span> <span class='ocrx_word' id='word_1_65' title='bbox 1048 631 1119 670; x_wconf 88' lang='lat' dir='ltr'><strong>pro</strong></span> 
     </span>
    </p>
   </div>
   <div class='ocr_carea' id='block_1_6' title="bbox 94 676 596 727">
    <p class='ocr_par' dir='ltr' id='par_1_6' title="bbox 94 676 596 727">
     <span class='ocr_line' id='line_1_10' title="bbox 94 676 596 727; baseline -0.004 -13"><span class='ocrx_word' id='word_1_66' title='bbox 94 688 200 714; x_wconf 90' lang='lat' dir='ltr'><strong>more</strong></span> <span class='ocrx_word' id='word_1_67' title='bbox 216 676 448 727; x_wconf 83' lang='lat' dir='ltr'>compilavit.</span> <span class='ocrx_word' id='word_1_68' title='bbox 463 678 596 713; x_wconf 72' lang='lat' dir='ltr'><strong>Mat-ac.</strong></span> 
     </span>
    </p>
   </div>
   <div class='ocr_carea' id='block_1_7' title="bbox 91 734 1120 899">
    <p class='ocr_par' dir='ltr' id='par_1_7' title="bbox 91 734 1120 899">
     <span class='ocr_line' id='line_1_11' title="bbox 145 734 1120 841; baseline 0.003 -18"><span class='ocrx_word' id='word_1_69' title='bbox 145 786 285 824; x_wconf 86' lang='lat' dir='ltr'><strong>strabo</strong></span> <span class='ocrx_word' id='word_1_70' title='bbox 297 789 362 835; x_wconf 90' lang='lat' dir='ltr'><strong>VI,</strong></span> <span class='ocrx_word' id='word_1_71' title='bbox 376 800 414 838; x_wconf 91' lang='lat' dir='ltr'><strong>p.</strong></span> <span class='ocrx_word' id='word_1_72' title='bbox 438 793 526 835; x_wconf 89' lang='grc'><strong>427,</strong></span> <span class='ocrx_word' id='word_1_73' title='bbox 538 734 787 825; x_wconf 46' lang='grc' dir='ltr'>ᾱὲὲθτεῐιῐοτ</span> <span class='ocrx_word' id='word_1_74' title='bbox 808 786 961 841; x_wconf 84' lang='grc' dir='ltr'>Ἔφορος</span> <span class='ocrx_word' id='word_1_75' title='bbox 981 788 1010 826; x_wconf 89' lang='grc' dir='ltr'><strong>δ’</strong></span> <span class='ocrx_word' id='word_1_76' title='bbox 1028 787 1120 827; x_wconf 79' lang='grc' dir='ltr'>οὕτω</span> 
     </span>
     <span class='ocr_line' id='line_1_12' title="bbox 91 841 1120 899; baseline 0.003 -17"><span class='ocrx_word' id='word_1_77' title='bbox 91 842 185 896; x_wconf 82' lang='grc' dir='ltr'>λέγει</span> <span class='ocrx_word' id='word_1_78' title='bbox 211 844 291 899; x_wconf 75' lang='grc' dir='ltr'>περὶ</span> <span class='ocrx_word' id='word_1_79' title='bbox 322 847 384 891; x_wconf 77' lang='grc' dir='ltr'>τῆς</span> <span class='ocrx_word' id='word_1_80' title='bbox 410 844 568 889; x_wconf 84' lang='grc' dir='ltr'><strong>κτίσεως.</strong></span> <span class='ocrx_word' id='word_1_81' title='bbox 600 841 1120 898; x_wconf 62' lang='grc' dir='ltr'>ἘπολέμουνΛακεδαιμόνιοι</span> 
     </span>
    </p>
   </div>
   <div class='ocr_carea' id='block_1_8' title="bbox 2122 143 2196 177">
    <p class='ocr_par' dir='ltr' id='par_1_8' title="bbox 2122 143 2196 177">
     <span class='ocr_line' id='line_1_13' title="bbox 2122 143 2196 177; baseline 0.027 -2"><span class='ocrx_word' id='word_1_82' title='bbox 2122 143 2196 177; x_wconf 81' lang='lat'><strong>247</strong></span> 
     </span>
    </p>
   </div>
   <div class='ocr_carea' id='block_1_9' title="bbox 1176 214 2204 899">
    <p class='ocr_par' dir='ltr' id='par_1_9' title="bbox 1176 214 2204 899">
     <span class='ocr_line' id='line_1_14' title="bbox 1178 214 2201 272; baseline 0.007 -20"><span class='ocrx_word' id='word_1_83' title='bbox 1178 214 1434 265; x_wconf 85' lang='grc' dir='ltr'>ὠνομάσθησαν</span> <span class='ocrx_word' id='word_1_84' title='bbox 1464 215 1665 269; x_wconf 80' lang='grc' dir='ltr'>Παρθενίαι·</span> <span class='ocrx_word' id='word_1_85' title='bbox 1687 216 1857 265; x_wconf 81' lang='grc' dir='ltr'>Μεσσήνη</span> <span class='ocrx_word' id='word_1_86' title='bbox 1872 217 1909 255; x_wconf 84' lang='grc' dir='ltr'><strong>δὲ</strong></span> <span class='ocrx_word' id='word_1_87' title='bbox 1927 218 2020 257; x_wconf 84' lang='grc' dir='ltr'>ἑάλω</span> <span class='ocrx_word' id='word_1_88' title='bbox 2039 221 2201 272; x_wconf 80' lang='grc' dir='ltr'>πολεμη-</span> 
     </span>
     <span class='ocr_line' id='line_1_15' title="bbox 1178 273 2200 331; baseline 0.007 -21"><span class='ocrx_word' id='word_1_89' title='bbox 1178 274 1275 311; x_wconf 88' lang='grc' dir='ltr'>θεῖσα</span> <span class='ocrx_word' id='word_1_90' title='bbox 1292 274 1536 313; x_wconf 81' lang='grc' dir='ltr'>ἐννεακαίδεκα</span> <span class='ocrx_word' id='word_1_91' title='bbox 1556 273 1630 324; x_wconf 86' lang='grc' dir='ltr'>ἔτη,</span> <span class='ocrx_word' id='word_1_92' title='bbox 1652 275 1808 329; x_wconf 89' lang='grc' dir='ltr'>καθάπερ</span> <span class='ocrx_word' id='word_1_93' title='bbox 1819 275 1878 314; x_wconf 80' lang='grc' dir='ltr'><strong>καὶ</strong></span> <span class='ocrx_word' id='word_1_94' title='bbox 1895 278 2066 330; x_wconf 85' lang='grc' dir='ltr'>Τυρταῖος</span> <span class='ocrx_word' id='word_1_95' title='bbox 2082 278 2200 331; x_wconf 81' lang='grc' dir='ltr'>φησίν·</span> 
     </span>
     <span class='ocr_line' id='line_1_16' title="bbox 1342 351 1972 393; baseline 0.003 -10"><span class='ocrx_word' id='word_1_96' title='bbox 1342 351 1448 393; x_wconf 82' lang='grc' dir='ltr'>Ἄμφω</span> <span class='ocrx_word' id='word_1_97' title='bbox 1462 352 1533 383; x_wconf 90' lang='grc' dir='ltr'>τώδ’</span> <span class='ocrx_word' id='word_1_98' title='bbox 1548 351 1690 393; x_wconf 80' lang='grc' dir='ltr'>ἐμάχοντ’</span> <span class='ocrx_word' id='word_1_99' title='bbox 1704 352 1906 384; x_wconf 84' lang='grc' dir='ltr'>ἐννεακαίδεκ’</span> <span class='ocrx_word' id='word_1_100' title='bbox 1920 352 1972 392; x_wconf 78' lang='grc' dir='ltr'><strong>ἔτη</strong></span> 
     </span>
     <span class='ocr_line' id='line_1_17' title="bbox 1260 398 1973 441; baseline 0.006 -13"><span class='ocrx_word' id='word_1_101' title='bbox 1260 398 1419 438; x_wconf 85' lang='grc' dir='ltr'>νωλεμέως</span> <span class='ocrx_word' id='word_1_102' title='bbox 1441 399 1500 430; x_wconf 84' lang='grc' dir='ltr'>αἰεὶ</span> <span class='ocrx_word' id='word_1_103' title='bbox 1513 399 1720 441; x_wconf 84' lang='grc' dir='ltr'>ταλασίφρονα</span> <span class='ocrx_word' id='word_1_104' title='bbox 1733 399 1827 440; x_wconf 84' lang='grc' dir='ltr'>θυμὸν</span> <span class='ocrx_word' id='word_1_105' title='bbox 1841 399 1973 441; x_wconf 81' lang='grc' dir='ltr'>ἔχοντες,</span> 
     </span>
     <span class='ocr_line' id='line_1_18' title="bbox 1343 444 1972 488; baseline 0.008 -14"><span class='ocrx_word' id='word_1_106' title='bbox 1343 444 1492 484; x_wconf 84' lang='grc' dir='ltr'>αἰχμηταὶ</span> <span class='ocrx_word' id='word_1_107' title='bbox 1514 445 1652 487; x_wconf 86' lang='grc' dir='ltr'>πατέρων</span> <span class='ocrx_word' id='word_1_108' title='bbox 1667 446 1821 488; x_wconf 85' lang='grc' dir='ltr'>ἡμετέρων</span> <span class='ocrx_word' id='word_1_109' title='bbox 1835 446 1972 488; x_wconf 85' lang='grc' dir='ltr'>πατέρες.</span> 
     </span>
     <span class='ocr_line' id='line_1_19' title="bbox 1260 490 2013 535; baseline 0.007 -15"><span class='ocrx_word' id='word_1_110' title='bbox 1260 490 1406 531; x_wconf 82' lang='grc' dir='ltr'>Εἰκοστῷ</span> <span class='ocrx_word' id='word_1_111' title='bbox 1421 492 1447 522; x_wconf 88' lang='grc' dir='ltr'><strong>δ’</strong></span> <span class='ocrx_word' id='word_1_112' title='bbox 1462 493 1490 522; x_wconf 83' lang='grc' dir='ltr'><strong>οἱ</strong></span> <span class='ocrx_word' id='word_1_113' title='bbox 1508 493 1561 532; x_wconf 83' lang='grc' dir='ltr'><strong>μὲν</strong></span> <span class='ocrx_word' id='word_1_114' title='bbox 1575 492 1656 523; x_wconf 85' lang='grc' dir='ltr'>κατὰ</span> <span class='ocrx_word' id='word_1_115' title='bbox 1669 492 1762 524; x_wconf 83' lang='grc' dir='ltr'>πίονα</span> <span class='ocrx_word' id='word_1_116' title='bbox 1776 492 1850 535; x_wconf 81' lang='grc' dir='ltr'>ἔργα</span> <span class='ocrx_word' id='word_1_117' title='bbox 1863 493 2013 534; x_wconf 82' lang='grc' dir='ltr'>λιπόντες,</span> 
     </span>
     <span class='ocr_line' id='line_1_20' title="bbox 1342 538 1973 583; baseline 0.006 -15"><span class='ocrx_word' id='word_1_118' title='bbox 1342 540 1451 578; x_wconf 76' lang='grc' dir='ltr'>φεῦγον</span> <span class='ocrx_word' id='word_1_119' title='bbox 1476 538 1647 578; x_wconf 86' lang='grc' dir='ltr'>Ἰθωμαίων</span> <span class='ocrx_word' id='word_1_120' title='bbox 1661 539 1697 571; x_wconf 85' lang='grc' dir='ltr'>ἐκ</span> <span class='ocrx_word' id='word_1_121' title='bbox 1711 539 1852 580; x_wconf 81' lang='grc' dir='ltr'>μεγάλων</span> <span class='ocrx_word' id='word_1_122' title='bbox 1867 540 1973 583; x_wconf 85' lang='grc' dir='ltr'>ὀρέων.</span> 
     </span>
     <span class='ocr_line' id='line_1_21' title="bbox 1178 598 2202 660; baseline 0.013 -20"><span class='ocrx_word' id='word_1_123' title='bbox 1178 601 1255 649; x_wconf 81' lang='grc' dir='ltr'><strong>Τὴν</strong></span> <span class='ocrx_word' id='word_1_124' title='bbox 1276 601 1338 653; x_wconf 77' lang='grc' dir='ltr'><strong>μὲν</strong></span> <span class='ocrx_word' id='word_1_125' title='bbox 1354 598 1412 642; x_wconf 60' lang='grc' dir='ltr'><strong>οὖν</strong></span> <span class='ocrx_word' id='word_1_126' title='bbox 1431 606 1634 653; x_wconf 86' lang='grc' dir='ltr'>Μεσσηνίαν</span> <span class='ocrx_word' id='word_1_127' title='bbox 1651 608 1910 660; x_wconf 83' lang='grc' dir='ltr'>κατενείμαντο.</span> <span class='ocrx_word' id='word_1_128' title='bbox 1933 610 2202 659; x_wconf 78' lang='grc' dir='ltr'>Ἐπανελθόντες</span> 
     </span>
     <span class='ocr_line' id='line_1_22' title="bbox 1178 660 2202 720; baseline 0.013 -21"><span class='ocrx_word' id='word_1_129' title='bbox 1178 660 1207 699; x_wconf 91' lang='grc' dir='ltr'><strong>δ’</strong></span> <span class='ocrx_word' id='word_1_130' title='bbox 1240 660 1358 700; x_wconf 85' lang='grc' dir='ltr'>οἴκαδε</span> <span class='ocrx_word' id='word_1_131' title='bbox 1386 662 1465 707; x_wconf 74' lang='grc' dir='ltr'>τοὺς</span> <span class='ocrx_word' id='word_1_132' title='bbox 1512 666 1706 718; x_wconf 85' lang='grc' dir='ltr'>Παρθενίας</span> <span class='ocrx_word' id='word_1_133' title='bbox 1740 671 1807 720; x_wconf 86' lang='grc' dir='ltr'><strong>οὐχ</strong></span> <span class='ocrx_word' id='word_1_134' title='bbox 1835 669 1962 720; x_wconf 78' lang='grc' dir='ltr'>ὁμοίως</span> <span class='ocrx_word' id='word_1_135' title='bbox 1984 676 2055 714; x_wconf 90' lang='grc' dir='ltr'>τοῖς</span> <span class='ocrx_word' id='word_1_136' title='bbox 2085 671 2202 717; x_wconf 78' lang='grc' dir='ltr'>ἄλλοις</span> 
     </span>
     <span class='ocr_line' id='line_1_23' title="bbox 1177 717 2203 780; baseline 0.012 -24"><span class='ocrx_word' id='word_1_137' title='bbox 1177 717 1320 770; x_wconf 82' lang='grc' dir='ltr'>ἐτίμων,</span> <span class='ocrx_word' id='word_1_138' title='bbox 1337 721 1384 763; x_wconf 86' lang='grc' dir='ltr'>ὡς</span> <span class='ocrx_word' id='word_1_139' title='bbox 1397 722 1460 759; x_wconf 81' lang='grc' dir='ltr'><strong>οὐκ</strong></span> <span class='ocrx_word' id='word_1_140' title='bbox 1483 723 1522 759; x_wconf 84' lang='grc' dir='ltr'>ἐκ</span> <span class='ocrx_word' id='word_1_141' title='bbox 1541 723 1656 773; x_wconf 85' lang='grc' dir='ltr'>γάμου</span> <span class='ocrx_word' id='word_1_142' title='bbox 1672 725 1871 775; x_wconf 87' lang='grc' dir='ltr'>γεγονότας·</span> <span class='ocrx_word' id='word_1_143' title='bbox 1898 727 1931 765; x_wconf 86' lang='grc' dir='ltr'><strong>οἳ</strong></span> <span class='ocrx_word' id='word_1_144' title='bbox 1957 729 2203 780; x_wconf 90' lang='grc' dir='ltr'>συνιστάμενοι</span> 
     </span>
     <span class='ocr_line' id='line_1_24' title="bbox 1178 776 2204 839; baseline 0.012 -24"><span class='ocrx_word' id='word_1_145' title='bbox 1178 776 1268 829; x_wconf 83' lang='grc' dir='ltr'>μετὰ</span> <span class='ocrx_word' id='word_1_146' title='bbox 1285 780 1355 816; x_wconf 81' lang='grc' dir='ltr'><strong>τῶν</strong></span> <span class='ocrx_word' id='word_1_147' title='bbox 1380 779 1563 828; x_wconf 86' lang='grc' dir='ltr'>Εἱλώτων,</span> <span class='ocrx_word' id='word_1_148' title='bbox 1586 781 1839 822; x_wconf 68' lang='grc' dir='ltr'>ἐπεὸούλευσαν</span> <span class='ocrx_word' id='word_1_149' title='bbox 1872 791 1943 829; x_wconf 87' lang='grc' dir='ltr'>τοῖς</span> <span class='ocrx_word' id='word_1_150' title='bbox 1977 788 2204 839; x_wconf 88' lang='grc' dir='ltr'>Λακεδαιμο-</span> 
     </span>
     <span class='ocr_line' id='line_1_25' title="bbox 1176 833 2203 899; baseline 0.013 -26"><span class='ocrx_word' id='word_1_151' title='bbox 1176 835 1279 885; x_wconf 86' lang='grc' dir='ltr'>νίοις,</span> <span class='ocrx_word' id='word_1_152' title='bbox 1303 836 1362 875; x_wconf 83' lang='grc' dir='ltr'><strong>καὶ</strong></span> <span class='ocrx_word' id='word_1_153' title='bbox 1381 837 1561 877; x_wconf 82' lang='grc' dir='ltr'>συνέθεντο</span> <span class='ocrx_word' id='word_1_154' title='bbox 1578 833 1659 892; x_wconf 67' lang='grc' dir='ltr'>ἆραι</span> <span class='ocrx_word' id='word_1_155' title='bbox 1680 839 1861 893; x_wconf 81' lang='grc' dir='ltr'>σύσσημον</span> <span class='ocrx_word' id='word_1_156' title='bbox 1882 845 1916 882; x_wconf 87' lang='grc' dir='ltr'><strong>ἐν</strong></span> <span class='ocrx_word' id='word_1_157' title='bbox 1938 847 1981 896; x_wconf 79' lang='grc' dir='ltr'><strong>τῇ</strong></span> <span class='ocrx_word' id='word_1_158' title='bbox 2003 847 2113 899; x_wconf 75' lang='grc' dir='ltr'>ἀγορᾷ</span> <span class='ocrx_word' id='word_1_159' title='bbox 2139 846 2203 885; x_wconf 90' lang='grc' dir='ltr'><strong>πί-</strong></span> 
     </span>
    </p>
   </div>
   <div class='ocr_carea' id='block_1_10' title="bbox 92 896 2202 956">
    <p class='ocr_par' dir='ltr' id='par_1_10' title="bbox 92 896 2202 956">
     <span class='ocr_line' id='line_1_26' title="bbox 92 896 2202 956; baseline 0.006 -24"><span class='ocrx_word' id='word_1_160' title='bbox 92 902 322 951; x_wconf 60' lang='grc' dir='ltr'>Μεσσηνίοῑς,</span> <span class='ocrx_word' id='word_1_161' title='bbox 348 903 574 942; x_wconf 68' lang='grc' dir='ltr'>ἀποκτείνασι</span> <span class='ocrx_word' id='word_1_162' title='bbox 604 903 662 942; x_wconf 68' lang='grc' dir='ltr'><strong>τὸν</strong></span> <span class='ocrx_word' id='word_1_163' title='bbox 694 903 842 956; x_wconf 64' lang='grc' dir='ltr'>βασιλέα</span> <span class='ocrx_word' id='word_1_164' title='bbox 872 905 1053 952; x_wconf 67' lang='grc' dir='ltr'>Τήλεκλον</span> <span class='ocrx_word' id='word_1_165' title='bbox 1073 907 1120 948; x_wconf 68' lang='grc' dir='ltr'>εἷς</span> <span class='ocrx_word' id='word_1_166' title='bbox 1147 916 1152 952; x_wconf 62' lang='lat'>5</span> <span class='ocrx_word' id='word_1_167' title='bbox 1176 896 1236 933; x_wconf 89' lang='grc' dir='ltr'><strong>λον</strong></span> <span class='ocrx_word' id='word_1_168' title='bbox 1263 896 1470 945; x_wconf 84' lang='grc' dir='ltr'>λακωνικὸν,</span> <span class='ocrx_word' id='word_1_169' title='bbox 1491 896 1629 936; x_wconf 81' lang='grc' dir='ltr'>ἐπειδὰν</span> <span class='ocrx_word' id='word_1_170' title='bbox 1656 899 1857 953; x_wconf 75' lang='grc' dir='ltr'>ἐγχειρῶσι·</span> <span class='ocrx_word' id='word_1_171' title='bbox 1876 905 1944 941; x_wconf 83' lang='grc' dir='ltr'><strong>τῶν</strong></span> <span class='ocrx_word' id='word_1_172' title='bbox 1973 902 2009 941; x_wconf 82' lang='grc' dir='ltr'><strong>δὲ</strong></span> <span class='ocrx_word' id='word_1_173' title='bbox 2034 904 2202 943; x_wconf 85' lang='grc' dir='ltr'>Εἱλώτων</span> 
     </span>
    </p>
   </div>
   <div class='ocr_carea' id='block_1_11' title="bbox 82 961 1120 2011">
    <p class='ocr_par' dir='ltr' id='par_1_11' title="bbox 82 961 1120 2011">
     <span class='ocr_line' id='line_1_27' title="bbox 91 961 1119 1017; baseline 0.003 -18"><span class='ocrx_word' id='word_1_174' title='bbox 91 961 282 1009; x_wconf 79' lang='grc' dir='ltr'>Μεσσήνην</span> <span class='ocrx_word' id='word_1_175' title='bbox 303 961 511 1015; x_wconf 80' lang='grc' dir='ltr'>ἀφικόμενον</span> <span class='ocrx_word' id='word_1_176' title='bbox 529 962 586 1001; x_wconf 80' lang='grc' dir='ltr'>ἐπὶ</span> <span class='ocrx_word' id='word_1_177' title='bbox 603 962 738 1006; x_wconf 85' lang='grc' dir='ltr'>θυσίαν,</span> <span class='ocrx_word' id='word_1_178' title='bbox 757 962 947 1012; x_wconf 81' lang='grc' dir='ltr'>ὀμόσαντες</span> <span class='ocrx_word' id='word_1_179' title='bbox 961 963 1009 1015; x_wconf 87' lang='grc' dir='ltr'><strong>μὴ</strong></span> <span class='ocrx_word' id='word_1_180' title='bbox 1026 963 1119 1017; x_wconf 85' lang='grc' dir='ltr'>πρό-</span> 
     </span>
     <span class='ocr_line' id='line_1_28' title="bbox 90 1019 1117 1073; baseline 0.004 -16"><span class='ocrx_word' id='word_1_181' title='bbox 90 1034 189 1072; x_wconf 87' lang='grc' dir='ltr'>τερον</span> <span class='ocrx_word' id='word_1_182' title='bbox 200 1019 383 1067; x_wconf 80' lang='grc' dir='ltr'>ἐπανήξειν</span> <span class='ocrx_word' id='word_1_183' title='bbox 403 1020 540 1069; x_wconf 85' lang='grc' dir='ltr'>οἴκαδε,</span> <span class='ocrx_word' id='word_1_184' title='bbox 557 1021 638 1073; x_wconf 76' lang='grc' dir='ltr'>πρὶν</span> <span class='ocrx_word' id='word_1_185' title='bbox 658 1020 681 1068; x_wconf 83' lang='grc' dir='ltr'>ἢ</span> <span class='ocrx_word' id='word_1_186' title='bbox 703 1020 894 1069; x_wconf 89' lang='grc' dir='ltr'>Μεσσήνην</span> <span class='ocrx_word' id='word_1_187' title='bbox 923 1024 1068 1069; x_wconf 86' lang='grc' dir='ltr'>ἀνελεῖν,</span> <span class='ocrx_word' id='word_1_188' title='bbox 1095 1023 1117 1071; x_wconf 82' lang='grc' dir='ltr'>ἢ</span> 
     </span>
     <span class='ocr_line' id='line_1_29' title="bbox 89 1077 1120 1133; baseline 0.004 -17"><span class='ocrx_word' id='word_1_189' title='bbox 89 1077 223 1122; x_wconf 86' lang='grc' dir='ltr'>πάντας</span> <span class='ocrx_word' id='word_1_190' title='bbox 242 1080 426 1117; x_wconf 85' lang='grc' dir='ltr'>ἀποθανεῖν</span> <span class='ocrx_word' id='word_1_191' title='bbox 439 1094 448 1103; x_wconf 87' lang='grc'>·</span> <span class='ocrx_word' id='word_1_192' title='bbox 463 1078 620 1133; x_wconf 86' lang='grc' dir='ltr'>φύλακας</span> <span class='ocrx_word' id='word_1_193' title='bbox 639 1078 675 1118; x_wconf 79' lang='grc' dir='ltr'><strong>δὲ</strong></span> <span class='ocrx_word' id='word_1_194' title='bbox 702 1079 890 1119; x_wconf 85' lang='grc' dir='ltr'>κατέλιπον</span> <span class='ocrx_word' id='word_1_195' title='bbox 908 1084 969 1128; x_wconf 75' lang='grc' dir='ltr'><strong>τῆς</strong></span> <span class='ocrx_word' id='word_1_196' title='bbox 985 1082 1120 1127; x_wconf 89' lang='grc' dir='ltr'>πόλεως</span> 
     </span>
     <span class='ocr_line' id='line_1_30' title="bbox 89 1137 1116 1192; baseline 0.004 -17"><span class='ocrx_word' id='word_1_197' title='bbox 89 1137 332 1189; x_wconf 79' lang='grc' dir='ltr'>στρατεύοντες</span> <span class='ocrx_word' id='word_1_198' title='bbox 346 1137 424 1181; x_wconf 87' lang='grc' dir='ltr'>τούς</span> <span class='ocrx_word' id='word_1_199' title='bbox 441 1154 480 1176; x_wconf 92' lang='grc' dir='ltr'><strong>τε</strong></span> <span class='ocrx_word' id='word_1_200' title='bbox 493 1138 685 1182; x_wconf 88' lang='grc' dir='ltr'>νεωτάτους</span> <span class='ocrx_word' id='word_1_201' title='bbox 700 1139 759 1177; x_wconf 80' lang='grc' dir='ltr'><strong>καὶ</strong></span> <span class='ocrx_word' id='word_1_202' title='bbox 773 1139 1032 1192; x_wconf 75' lang='grc' dir='ltr'>πρεσὸυτάτους</span> <span class='ocrx_word' id='word_1_203' title='bbox 1047 1144 1116 1180; x_wconf 83' lang='grc' dir='ltr'><strong>τῶν</strong></span> 
     </span>
     <span class='ocr_line' id='line_1_31' title="bbox 89 1196 1118 1250; baseline 0.006 -17"><span class='ocrx_word' id='word_1_204' title='bbox 89 1197 254 1234; x_wconf 87' lang='grc' dir='ltr'>πολιτῶν.</span> <span class='ocrx_word' id='word_1_205' title='bbox 278 1196 424 1249; x_wconf 81' lang='grc' dir='ltr'>Δεκάτῳ</span> <span class='ocrx_word' id='word_1_206' title='bbox 450 1197 480 1234; x_wconf 86' lang='grc' dir='ltr'><strong>δ’</strong></span> <span class='ocrx_word' id='word_1_207' title='bbox 501 1196 643 1250; x_wconf 82' lang='grc' dir='ltr'>ὕστερον</span> <span class='ocrx_word' id='word_1_208' title='bbox 670 1197 740 1236; x_wconf 88' lang='grc' dir='ltr'>ἔτει</span> <span class='ocrx_word' id='word_1_209' title='bbox 762 1202 825 1236; x_wconf 80' lang='grc' dir='ltr'><strong>τοῦ</strong></span> <span class='ocrx_word' id='word_1_210' title='bbox 851 1198 1028 1250; x_wconf 91' lang='grc' dir='ltr'>πολέμου,</span> <span class='ocrx_word' id='word_1_211' title='bbox 1056 1201 1118 1244; x_wconf 89' lang='grc' dir='ltr'><strong>τὰς</strong></span> 
     </span>
     <span class='ocr_line' id='line_1_32' title="bbox 89 1255 1116 1307; baseline 0.007 -16"><span class='ocrx_word' id='word_1_212' title='bbox 89 1259 255 1303; x_wconf 89' lang='grc' dir='ltr'>γυναῖκας</span> <span class='ocrx_word' id='word_1_213' title='bbox 271 1257 339 1293; x_wconf 84' lang='grc' dir='ltr'><strong>τῶν</strong></span> <span class='ocrx_word' id='word_1_214' title='bbox 357 1255 641 1307; x_wconf 87' lang='grc' dir='ltr'>Λακεδαιμονίων</span> <span class='ocrx_word' id='word_1_215' title='bbox 662 1256 892 1301; x_wconf 83' lang='grc' dir='ltr'>συνελθούσας</span> <span class='ocrx_word' id='word_1_216' title='bbox 905 1287 914 1304; x_wconf 93' lang='grc'><strong>,</strong></span> <span class='ocrx_word' id='word_1_217' title='bbox 937 1258 970 1303; x_wconf 82' lang='grc' dir='ltr'><strong>ἐξ</strong></span> <span class='ocrx_word' id='word_1_218' title='bbox 985 1261 1116 1298; x_wconf 84' lang='grc' dir='ltr'>ἑαυτῶν</span> 
     </span>
     <span class='ocr_line' id='line_1_33' title="bbox 89 1311 1115 1369; baseline 0.006 -19"><span class='ocrx_word' id='word_1_219' title='bbox 89 1311 229 1366; x_wconf 81' lang='grc' dir='ltr'>πέμψαι</span> <span class='ocrx_word' id='word_1_220' title='bbox 244 1312 339 1356; x_wconf 85' lang='grc' dir='ltr'>τινὰς</span> <span class='ocrx_word' id='word_1_221' title='bbox 356 1313 454 1367; x_wconf 82' lang='grc' dir='ltr'>παρὰ</span> <span class='ocrx_word' id='word_1_222' title='bbox 489 1313 567 1358; x_wconf 79' lang='grc' dir='ltr'>τοὺς</span> <span class='ocrx_word' id='word_1_223' title='bbox 597 1314 744 1368; x_wconf 87' lang='grc' dir='ltr'>ἄνδρας,</span> <span class='ocrx_word' id='word_1_224' title='bbox 775 1314 838 1359; x_wconf 79' lang='grc' dir='ltr'><strong>τὰς</strong></span> <span class='ocrx_word' id='word_1_225' title='bbox 865 1316 1115 1369; x_wconf 74' lang='grc' dir='ltr'>μεμψομένας,</span> 
     </span>
     <span class='ocr_line' id='line_1_34' title="bbox 88 1371 1117 1426; baseline 0.006 -18"><span class='ocrx_word' id='word_1_226' title='bbox 88 1372 136 1414; x_wconf 83' lang='grc' dir='ltr'>ὣς</span> <span class='ocrx_word' id='word_1_227' title='bbox 155 1372 217 1409; x_wconf 79' lang='grc' dir='ltr'><strong>οὐκ</strong></span> <span class='ocrx_word' id='word_1_228' title='bbox 241 1371 364 1419; x_wconf 83' lang='grc' dir='ltr'>ἐπίσης</span> <span class='ocrx_word' id='word_1_229' title='bbox 393 1373 577 1423; x_wconf 89' lang='grc' dir='ltr'>πολεμοῖεν</span> <span class='ocrx_word' id='word_1_230' title='bbox 602 1373 687 1426; x_wconf 88' lang='grc' dir='ltr'>πρὸς</span> <span class='ocrx_word' id='word_1_231' title='bbox 711 1373 790 1417; x_wconf 80' lang='grc' dir='ltr'>τοὺς</span> <span class='ocrx_word' id='word_1_232' title='bbox 816 1375 1054 1421; x_wconf 83' lang='grc' dir='ltr'>Μεσσηνίους·</span> <span class='ocrx_word' id='word_1_233' title='bbox 1085 1379 1117 1415; x_wconf 83' lang='grc' dir='ltr'><strong>οἱ</strong></span> 
     </span>
     <span class='ocr_line' id='line_1_35' title="bbox 89 1425 1116 1488; baseline 0.006 -22"><span class='ocrx_word' id='word_1_234' title='bbox 89 1425 153 1478; x_wconf 78' lang='grc' dir='ltr'><strong>μὲν</strong></span> <span class='ocrx_word' id='word_1_235' title='bbox 167 1427 236 1481; x_wconf 85' lang='grc' dir='ltr'><strong>γὰρ</strong></span> <span class='ocrx_word' id='word_1_236' title='bbox 258 1429 434 1481; x_wconf 87' lang='grc' dir='ltr'>μένοντες,</span> <span class='ocrx_word' id='word_1_237' title='bbox 452 1436 745 1471; x_wconf 77' lang='grc' dir='ltr'>τεκνοποιοῦνται·</span> <span class='ocrx_word' id='word_1_238' title='bbox 766 1434 797 1471; x_wconf 80' lang='grc' dir='ltr'><strong>οἳ</strong></span> <span class='ocrx_word' id='word_1_239' title='bbox 810 1432 860 1482; x_wconf 81' lang='grc' dir='ltr'><strong>δὲ,</strong></span> <span class='ocrx_word' id='word_1_240' title='bbox 880 1433 993 1488; x_wconf 87' lang='grc' dir='ltr'>χήρας</span> <span class='ocrx_word' id='word_1_241' title='bbox 1012 1434 1116 1487; x_wconf 80' lang='grc' dir='ltr'>ἀφέν-</span> 
     </span>
     <span class='ocr_line' id='line_1_36' title="bbox 86 1487 1113 1546; baseline 0.007 -22"><span class='ocrx_word' id='word_1_242' title='bbox 86 1502 143 1530; x_wconf 86' lang='grc' dir='ltr'><strong>τες</strong></span> <span class='ocrx_word' id='word_1_243' title='bbox 160 1487 223 1531; x_wconf 86' lang='grc' dir='ltr'><strong>τὰς</strong></span> <span class='ocrx_word' id='word_1_244' title='bbox 240 1495 426 1539; x_wconf 88' lang='grc' dir='ltr'>γυναῖκας,</span> <span class='ocrx_word' id='word_1_245' title='bbox 450 1491 485 1528; x_wconf 84' lang='grc' dir='ltr'><strong>ἐν</strong></span> <span class='ocrx_word' id='word_1_246' title='bbox 511 1493 556 1543; x_wconf 84' lang='grc' dir='ltr'><strong>τῇ</strong></span> <span class='ocrx_word' id='word_1_247' title='bbox 579 1491 730 1545; x_wconf 76' lang='grc' dir='ltr'>πολεμίᾳ</span> <span class='ocrx_word' id='word_1_248' title='bbox 756 1492 1087 1546; x_wconf 84' lang='grc' dir='ltr'>ἐστρατοπεδεύοντο</span> <span class='ocrx_word' id='word_1_249' title='bbox 1103 1523 1113 1541; x_wconf 94' lang='grc'>,</span> 
     </span>
     <span class='ocr_line' id='line_1_37' title="bbox 86 1544 1116 1603; baseline 0.007 -20"><span class='ocrx_word' id='word_1_250' title='bbox 86 1544 145 1583; x_wconf 82' lang='grc' dir='ltr'><strong>καὶ</strong></span> <span class='ocrx_word' id='word_1_251' title='bbox 164 1545 318 1592; x_wconf 86' lang='grc' dir='ltr'>κίνδυνος</span> <span class='ocrx_word' id='word_1_252' title='bbox 332 1547 385 1595; x_wconf 81' lang='grc' dir='ltr'><strong>εἴη</strong></span> <span class='ocrx_word' id='word_1_253' title='bbox 405 1549 658 1602; x_wconf 85' lang='grc' dir='ltr'>λειπανδρῆσαι</span> <span class='ocrx_word' id='word_1_254' title='bbox 671 1548 734 1596; x_wconf 81' lang='grc' dir='ltr'><strong>τὴν</strong></span> <span class='ocrx_word' id='word_1_255' title='bbox 749 1551 914 1603; x_wconf 85' lang='grc' dir='ltr'>πατρίδα.</span> <span class='ocrx_word' id='word_1_256' title='bbox 932 1553 978 1590; x_wconf 80' lang='grc' dir='ltr'><strong>Οἱ</strong></span> <span class='ocrx_word' id='word_1_257' title='bbox 996 1552 1025 1589; x_wconf 85' lang='grc' dir='ltr'><strong>δ’</strong></span> <span class='ocrx_word' id='word_1_258' title='bbox 1042 1551 1116 1603; x_wconf 86' lang='grc' dir='ltr'><strong>ἅμα</strong></span> 
     </span>
     <span class='ocr_line' id='line_1_38' title="bbox 85 1603 1113 1660; baseline 0.007 -19"><span class='ocrx_word' id='word_1_259' title='bbox 85 1603 145 1641; x_wconf 78' lang='grc' dir='ltr'><strong>καὶ</strong></span> <span class='ocrx_word' id='word_1_260' title='bbox 171 1604 230 1643; x_wconf 86' lang='grc' dir='ltr'><strong>τὸν</strong></span> <span class='ocrx_word' id='word_1_261' title='bbox 253 1603 355 1657; x_wconf 77' lang='grc' dir='ltr'>ὅρκον</span> <span class='ocrx_word' id='word_1_262' title='bbox 386 1606 617 1659; x_wconf 81' lang='grc' dir='ltr'>φυλάττοντες</span> <span class='ocrx_word' id='word_1_263' title='bbox 631 1637 642 1655; x_wconf 87' lang='grc'>,</span> <span class='ocrx_word' id='word_1_264' title='bbox 667 1607 727 1645; x_wconf 77' lang='grc' dir='ltr'><strong>καὶ</strong></span> <span class='ocrx_word' id='word_1_265' title='bbox 751 1607 810 1646; x_wconf 84' lang='grc' dir='ltr'><strong>τὸν</strong></span> <span class='ocrx_word' id='word_1_266' title='bbox 838 1611 906 1646; x_wconf 85' lang='grc' dir='ltr'><strong>τῶν</strong></span> <span class='ocrx_word' id='word_1_267' title='bbox 939 1613 1113 1660; x_wconf 84' lang='grc' dir='ltr'>γυναικῶν</span> 
     </span>
     <span class='ocr_line' id='line_1_39' title="bbox 85 1660 1115 1719; baseline 0.007 -19"><span class='ocrx_word' id='word_1_268' title='bbox 85 1660 187 1714; x_wconf 92' lang='grc' dir='ltr'>λόγον</span> <span class='ocrx_word' id='word_1_269' title='bbox 213 1664 249 1701; x_wconf 84' lang='grc' dir='ltr'><strong>ἐν</strong></span> <span class='ocrx_word' id='word_1_270' title='bbox 273 1665 323 1717; x_wconf 80' lang='grc' dir='ltr'><strong>νῷ</strong></span> <span class='ocrx_word' id='word_1_271' title='bbox 340 1664 495 1715; x_wconf 86' lang='grc' dir='ltr'>θέμενοι,</span> <span class='ocrx_word' id='word_1_272' title='bbox 523 1664 705 1716; x_wconf 89' lang='grc' dir='ltr'>πέμπουσι</span> <span class='ocrx_word' id='word_1_273' title='bbox 732 1669 794 1712; x_wconf 77' lang='grc' dir='ltr'><strong>τῆς</strong></span> <span class='ocrx_word' id='word_1_274' title='bbox 819 1666 1002 1719; x_wconf 75' lang='grc' dir='ltr'>στρατείας</span> <span class='ocrx_word' id='word_1_275' title='bbox 1035 1667 1115 1713; x_wconf 74' lang='grc' dir='ltr'>τοὺς</span> 
     </span>
     <span class='ocr_line' id='line_1_40' title="bbox 85 1721 1113 1778; baseline 0.006 -19"><span class='ocrx_word' id='word_1_276' title='bbox 85 1721 365 1775; x_wconf 81' lang='grc' dir='ltr'>εὐρωστοτάτους</span> <span class='ocrx_word' id='word_1_277' title='bbox 394 1723 488 1774; x_wconf 85' lang='grc' dir='ltr'>ἅμα,</span> <span class='ocrx_word' id='word_1_278' title='bbox 517 1723 576 1763; x_wconf 81' lang='grc' dir='ltr'><strong>καὶ</strong></span> <span class='ocrx_word' id='word_1_279' title='bbox 604 1724 815 1773; x_wconf 90' lang='grc' dir='ltr'>νεωτάτους,</span> <span class='ocrx_word' id='word_1_280' title='bbox 844 1724 901 1768; x_wconf 75' lang='grc' dir='ltr'><strong>οὒς</strong></span> <span class='ocrx_word' id='word_1_281' title='bbox 925 1725 1052 1778; x_wconf 84' lang='grc' dir='ltr'>ᾔδεσαν</span> <span class='ocrx_word' id='word_1_282' title='bbox 1074 1729 1113 1765; x_wconf 81' lang='grc' dir='ltr'><strong>οὗ</strong></span> 
     </span>
     <span class='ocr_line' id='line_1_41' title="bbox 85 1779 1113 1835; baseline 0.006 -18"><span class='ocrx_word' id='word_1_283' title='bbox 85 1779 326 1832; x_wconf 87' lang='grc' dir='ltr'>μετασχόντας</span> <span class='ocrx_word' id='word_1_284' title='bbox 341 1783 411 1819; x_wconf 83' lang='grc' dir='ltr'><strong>τῶν</strong></span> <span class='ocrx_word' id='word_1_285' title='bbox 429 1780 540 1835; x_wconf 75' lang='grc' dir='ltr'>ὅρκων</span> <span class='ocrx_word' id='word_1_286' title='bbox 561 1782 618 1821; x_wconf 84' lang='grc' dir='ltr'>διὰ</span> <span class='ocrx_word' id='word_1_287' title='bbox 640 1782 680 1821; x_wconf 84' lang='grc' dir='ltr'><strong>τὸ</strong></span> <span class='ocrx_word' id='word_1_288' title='bbox 697 1784 823 1828; x_wconf 88' lang='grc' dir='ltr'>παῖδας</span> <span class='ocrx_word' id='word_1_289' title='bbox 842 1782 894 1822; x_wconf 85' lang='grc' dir='ltr'><strong>ἔτι</strong></span> <span class='ocrx_word' id='word_1_290' title='bbox 911 1783 1012 1828; x_wconf 82' lang='grc' dir='ltr'>ὄντας</span> <span class='ocrx_word' id='word_1_291' title='bbox 1031 1800 1113 1823; x_wconf 88' lang='grc' dir='ltr'>συν-</span> 
     </span>
     <span class='ocr_line' id='line_1_42' title="bbox 83 1836 1111 1896; baseline 0.006 -20"><span class='ocrx_word' id='word_1_292' title='bbox 83 1836 229 1882; x_wconf 84' lang='grc' dir='ltr'>εξελθεῖν</span> <span class='ocrx_word' id='word_1_293' title='bbox 248 1845 320 1884; x_wconf 89' lang='grc' dir='ltr'>τοῖς</span> <span class='ocrx_word' id='word_1_294' title='bbox 339 1841 374 1878; x_wconf 83' lang='grc' dir='ltr'><strong>ἐν</strong></span> <span class='ocrx_word' id='word_1_295' title='bbox 403 1840 537 1894; x_wconf 80' lang='grc' dir='ltr'>ἡλικίᾳ·</span> <span class='ocrx_word' id='word_1_296' title='bbox 570 1841 788 1895; x_wconf 85' lang='grc' dir='ltr'>προσέταξαν</span> <span class='ocrx_word' id='word_1_297' title='bbox 822 1842 859 1882; x_wconf 83' lang='grc' dir='ltr'><strong>δὲ</strong></span> <span class='ocrx_word' id='word_1_298' title='bbox 884 1842 1111 1896; x_wconf 85' lang='grc' dir='ltr'>συγγενέσθαι</span> 
     </span>
     <span class='ocr_line' id='line_1_43' title="bbox 83 1896 1111 1952; baseline 0.007 -18"><span class='ocrx_word' id='word_1_299' title='bbox 83 1901 158 1940; x_wconf 88' lang='grc' dir='ltr'>ταῖς</span> <span class='ocrx_word' id='word_1_300' title='bbox 173 1896 354 1951; x_wconf 83' lang='grc' dir='ltr'>παρθένοις</span> <span class='ocrx_word' id='word_1_301' title='bbox 374 1898 525 1943; x_wconf 85' lang='grc' dir='ltr'>ἁπάσαις</span> <span class='ocrx_word' id='word_1_302' title='bbox 549 1898 727 1949; x_wconf 82' lang='grc' dir='ltr'>ἅπαντας,</span> <span class='ocrx_word' id='word_1_303' title='bbox 751 1900 940 1952; x_wconf 83' lang='grc' dir='ltr'>ἡγούμενοι</span> <span class='ocrx_word' id='word_1_304' title='bbox 959 1903 1111 1940; x_wconf 86' lang='grc' dir='ltr'>πολυτε-</span> 
     </span>
     <span class='ocr_line' id='line_1_44' title="bbox 82 1954 1111 2011; baseline 0.008 -19"><span class='ocrx_word' id='word_1_305' title='bbox 82 1954 221 2002; x_wconf 84' lang='grc' dir='ltr'>κνήσειν</span> <span class='ocrx_word' id='word_1_306' title='bbox 243 1957 376 2007; x_wconf 84' lang='grc' dir='ltr'>μᾶλλον</span> <span class='ocrx_word' id='word_1_307' title='bbox 390 1972 398 1981; x_wconf 95' lang='grc'>·</span> <span class='ocrx_word' id='word_1_308' title='bbox 417 1957 613 2009; x_wconf 85' lang='grc' dir='ltr'>γενομένων</span> <span class='ocrx_word' id='word_1_309' title='bbox 632 1959 668 1998; x_wconf 86' lang='grc' dir='ltr'><strong>δὲ</strong></span> <span class='ocrx_word' id='word_1_310' title='bbox 685 1959 831 2009; x_wconf 91' lang='grc' dir='ltr'>τούτων,</span> <span class='ocrx_word' id='word_1_311' title='bbox 856 1962 888 1998; x_wconf 84' lang='grc' dir='ltr'><strong>οἱ</strong></span> <span class='ocrx_word' id='word_1_312' title='bbox 909 1959 972 2011; x_wconf 83' lang='grc' dir='ltr'><strong>μὲν</strong></span> <span class='ocrx_word' id='word_1_313' title='bbox 990 1962 1111 2007; x_wconf 90' lang='grc' dir='ltr'>παῖδες</span> 
     </span>
    </p>
   </div>
   <div class='ocr_carea' id='block_1_12' title="bbox 100 2049 316 2058">
    <p class='ocr_par' dir='ltr' id='par_1_12' title="bbox 100 2049 316 2058">
     <span class='ocr_line' id='line_1_45' title="bbox 100 2049 316 2058; baseline 0 1626"><span class='ocrx_word' id='word_1_314' title='bbox 100 2049 316 2058; x_wconf 95' lang='lat' dir='ltr'><strong> </strong></span> 
     </span>
    </p>
   </div>
   <div class='ocr_carea' id='block_1_13' title="bbox 74 2098 1111 3264">
    <p class='ocr_par' dir='ltr' id='par_1_13' title="bbox 81 2098 1111 2191">
     <span class='ocr_line' id='line_1_46' title="bbox 81 2098 1111 2146; baseline 0.007 -15"><span class='ocrx_word' id='word_1_315' title='bbox 81 2098 196 2132; x_wconf 86' lang='lat' dir='ltr'><strong>denses</strong></span> <span class='ocrx_word' id='word_1_316' title='bbox 207 2100 337 2141; x_wconf 89' lang='lat' dir='ltr'><strong>quidem</strong></span> <span class='ocrx_word' id='word_1_317' title='bbox 351 2103 478 2134; x_wconf 89' lang='lat' dir='ltr'>Naxum</span> <span class='ocrx_word' id='word_1_318' title='bbox 490 2127 499 2143; x_wconf 93' lang='lat'><strong>,</strong></span> <span class='ocrx_word' id='word_1_319' title='bbox 515 2105 688 2136; x_wconf 82' lang='lat' dir='ltr'><strong>Dorienses</strong></span> <span class='ocrx_word' id='word_1_320' title='bbox 703 2106 831 2146; x_wconf 84' lang='lat' dir='ltr'><strong>Megara</strong></span> <span class='ocrx_word' id='word_1_321' title='bbox 843 2105 1041 2146; x_wconf 84' lang='lat' dir='ltr'><strong>condidisse,</strong></span> <span class='ocrx_word' id='word_1_322' title='bbox 1057 2106 1111 2138; x_wconf 84' lang='lat' dir='ltr'><strong>eui</strong></span> 
     </span>
     <span class='ocr_line' id='line_1_47' title="bbox 83 2146 663 2191; baseline 0.007 -13"><span class='ocrx_word' id='word_1_323' title='bbox 83 2146 156 2178; x_wconf 89' lang='lat' dir='ltr'><strong>urbi</strong></span> <span class='ocrx_word' id='word_1_324' title='bbox 172 2147 260 2187; x_wconf 90' lang='lat' dir='ltr'><strong>prius</strong></span> <span class='ocrx_word' id='word_1_325' title='bbox 280 2157 398 2180; x_wconf 91' lang='lat' dir='ltr'><strong>nomen</strong></span> <span class='ocrx_word' id='word_1_326' title='bbox 413 2149 519 2182; x_wconf 86' lang='lat' dir='ltr'><strong>fuerat</strong></span> <span class='ocrx_word' id='word_1_327' title='bbox 538 2150 663 2191; x_wconf 85' lang='lat' dir='ltr'><strong>Hyblae.</strong></span> 
     </span>
    </p>

    <p class='ocr_par' dir='ltr' id='par_1_14' title="bbox 74 2240 1110 3264">
     <span class='ocr_line' id='line_1_48' title="bbox 119 2240 1110 2285; baseline 0.01 -15"><span class='ocrx_word' id='word_1_328' title='bbox 119 2241 167 2272; x_wconf 93' lang='lat' dir='ltr'><strong>De</strong></span> <span class='ocrx_word' id='word_1_329' title='bbox 181 2240 303 2281; x_wconf 87' lang='lat' dir='ltr'><strong>origine</strong></span> <span class='ocrx_word' id='word_1_330' title='bbox 316 2242 444 2274; x_wconf 84' lang='lat' dir='ltr'><strong>Tarenti</strong></span> <span class='ocrx_word' id='word_1_331' title='bbox 458 2243 542 2283; x_wconf 85' lang='lat' dir='ltr'><strong>apud</strong></span> <span class='ocrx_word' id='word_1_332' title='bbox 556 2244 722 2285; x_wconf 87' lang='lat' dir='ltr'><strong>Ephorum</strong></span> <span class='ocrx_word' id='word_1_333' title='bbox 740 2245 810 2278; x_wconf 78' lang='lat' dir='ltr'><strong>haee</strong></span> <span class='ocrx_word' id='word_1_334' title='bbox 823 2247 874 2278; x_wconf 90' lang='lat' dir='ltr'><strong>est</strong></span> <span class='ocrx_word' id='word_1_335' title='bbox 886 2246 1031 2279; x_wconf 88' lang='lat' dir='ltr'><strong>historia.</strong></span> <span class='ocrx_word' id='word_1_336' title='bbox 1050 2250 1110 2280; x_wconf 87' lang='lat' dir='ltr'><strong>La·</strong></span> 
     </span>
     <span class='ocr_line' id='line_1_49' title="bbox 80 2285 1109 2333; baseline 0.009 -16"><span class='ocrx_word' id='word_1_337' title='bbox 80 2285 269 2318; x_wconf 84' lang='lat' dir='ltr'><strong>eedaemonii</strong></span> <span class='ocrx_word' id='word_1_338' title='bbox 284 2287 405 2319; x_wconf 86' lang='lat' dir='ltr'><strong>bellum</strong></span> <span class='ocrx_word' id='word_1_339' title='bbox 429 2288 608 2323; x_wconf 87' lang='lat' dir='ltr'><strong>intulerunt</strong></span> <span class='ocrx_word' id='word_1_340' title='bbox 620 2291 802 2329; x_wconf 83' lang='lat' dir='ltr'><strong>Messeniis,</strong></span> <span class='ocrx_word' id='word_1_341' title='bbox 817 2292 905 2333; x_wconf 91' lang='lat' dir='ltr'><strong>quod</strong></span> <span class='ocrx_word' id='word_1_342' title='bbox 926 2293 959 2325; x_wconf 92' lang='lat' dir='ltr'><strong>hi</strong></span> <span class='ocrx_word' id='word_1_343' title='bbox 980 2293 1109 2327; x_wconf 89' lang='lat' dir='ltr'><strong>illorum</strong></span> 
     </span>
     <span class='ocr_line' id='line_1_50' title="bbox 80 2332 1108 2381; baseline 0.012 -19"><span class='ocrx_word' id='word_1_344' title='bbox 80 2340 188 2372; x_wconf 83' lang='lat' dir='ltr'><strong>regem</strong></span> <span class='ocrx_word' id='word_1_345' title='bbox 204 2332 367 2365; x_wconf 87' lang='lat' dir='ltr'><strong>Teleclum</strong></span> <span class='ocrx_word' id='word_1_346' title='bbox 381 2335 562 2367; x_wconf 86' lang='lat' dir='ltr'><strong>Messenam</strong></span> <span class='ocrx_word' id='word_1_347' title='bbox 578 2337 782 2370; x_wconf 86' lang='lat' dir='ltr'><strong>sacrificandi</strong></span> <span class='ocrx_word' id='word_1_348' title='bbox 796 2348 913 2371; x_wconf 86' lang='lat' dir='ltr'><strong>caussa</strong></span> <span class='ocrx_word' id='word_1_349' title='bbox 927 2341 1108 2381; x_wconf 80' lang='lat' dir='ltr'><strong>profectum</strong></span> 
     </span>
     <span class='ocr_line' id='line_1_51' title="bbox 79 2377 1110 2425; baseline 0.011 -16"><span class='ocrx_word' id='word_1_350' title='bbox 79 2377 263 2411; x_wconf 84' lang='lat' dir='ltr'><strong>occiderant</strong></span> <span class='ocrx_word' id='word_1_351' title='bbox 272 2389 280 2411; x_wconf 71' lang='grc' dir='ltr'><strong>ε</strong></span> <span class='ocrx_word' id='word_1_352' title='bbox 289 2388 326 2411; x_wconf 87' lang='lat' dir='ltr'><strong>ac</strong></span> <span class='ocrx_word' id='word_1_353' title='bbox 333 2380 520 2425; x_wconf 67' lang='lat' dir='ltr'><strong>juramento</strong></span> <span class='ocrx_word' id='word_1_354' title='bbox 527 2391 561 2415; x_wconf 91' lang='lat' dir='ltr'><strong>se</strong></span> <span class='ocrx_word' id='word_1_355' title='bbox 573 2383 765 2425; x_wconf 82' lang='lat' dir='ltr'><strong>obligarunt,</strong></span> <span class='ocrx_word' id='word_1_356' title='bbox 775 2388 830 2417; x_wconf 87' lang='lat' dir='ltr'><strong>aut</strong></span> <span class='ocrx_word' id='word_1_357' title='bbox 844 2394 878 2418; x_wconf 91' lang='lat' dir='ltr'><strong>se</strong></span> <span class='ocrx_word' id='word_1_358' title='bbox 891 2396 956 2418; x_wconf 92' lang='lat' dir='ltr'><strong>non</strong></span> <span class='ocrx_word' id='word_1_359' title='bbox 970 2389 1044 2420; x_wconf 87' lang='lat' dir='ltr'><strong>ante</strong></span> <span class='ocrx_word' id='word_1_360' title='bbox 1056 2389 1110 2420; x_wconf 88' lang='lat' dir='ltr'><strong>do-</strong></span> 
     </span>
     <span class='ocr_line' id='line_1_52' title="bbox 79 2431 1108 2473; baseline 0.011 -18"><span class='ocrx_word' id='word_1_361' title='bbox 79 2433 172 2457; x_wconf 92' lang='lat' dir='ltr'><strong>mum</strong></span> <span class='ocrx_word' id='word_1_362' title='bbox 185 2434 385 2467; x_wconf 80' lang='lat' dir='ltr'><strong>reversuros,</strong></span> <span class='ocrx_word' id='word_1_363' title='bbox 404 2437 502 2468; x_wconf 89' lang='lat' dir='ltr'><strong>quam</strong></span> <span class='ocrx_word' id='word_1_364' title='bbox 517 2431 699 2463; x_wconf 85' lang='lat' dir='ltr'><strong>Messenam</strong></span> <span class='ocrx_word' id='word_1_365' title='bbox 721 2432 895 2473; x_wconf 87' lang='lat' dir='ltr'><strong>cepissent,</strong></span> <span class='ocrx_word' id='word_1_366' title='bbox 913 2435 969 2465; x_wconf 87' lang='lat' dir='ltr'><strong>aut</strong></span> <span class='ocrx_word' id='word_1_367' title='bbox 981 2434 1108 2467; x_wconf 86' lang='lat' dir='ltr'><strong>univer-</strong></span> 
     </span>
     <span class='ocr_line' id='line_1_53' title="bbox 78 2472 1108 2521; baseline 0.01 -18"><span class='ocrx_word' id='word_1_368' title='bbox 78 2480 132 2504; x_wconf 83' lang='lat' dir='ltr'><strong>sos</strong></span> <span class='ocrx_word' id='word_1_369' title='bbox 148 2472 182 2503; x_wconf 92' lang='lat' dir='ltr'><strong>in</strong></span> <span class='ocrx_word' id='word_1_370' title='bbox 201 2474 440 2514; x_wconf 78' lang='lat' dir='ltr'><strong>oppugnatione</strong></span> <span class='ocrx_word' id='word_1_371' title='bbox 454 2476 651 2509; x_wconf 87' lang='lat' dir='ltr'><strong>morituros:</strong></span> <span class='ocrx_word' id='word_1_372' title='bbox 672 2478 796 2518; x_wconf 87' lang='lat' dir='ltr'><strong>urbem,</strong></span> <span class='ocrx_word' id='word_1_373' title='bbox 816 2488 919 2519; x_wconf 87' lang='lat' dir='ltr'><strong>quum</strong></span> <span class='ocrx_word' id='word_1_374' title='bbox 933 2481 1108 2521; x_wconf 84' lang='lat' dir='ltr'><strong>proficisce-</strong></span> 
     </span>
     <span class='ocr_line' id='line_1_54' title="bbox 77 2517 1107 2566; baseline 0.01 -17"><span class='ocrx_word' id='word_1_375' title='bbox 77 2517 196 2551; x_wconf 83' lang='lat' dir='ltr'><strong>bantur</strong></span> <span class='ocrx_word' id='word_1_376' title='bbox 210 2519 251 2551; x_wconf 79' lang='lat' dir='ltr'><strong>ad</strong></span> <span class='ocrx_word' id='word_1_377' title='bbox 264 2519 393 2561; x_wconf 88' lang='lat' dir='ltr'><strong>bellum,</strong></span> <span class='ocrx_word' id='word_1_378' title='bbox 411 2522 532 2554; x_wconf 88' lang='lat' dir='ltr'><strong>civium</strong></span> <span class='ocrx_word' id='word_1_379' title='bbox 554 2523 698 2556; x_wconf 89' lang='lat' dir='ltr'><strong>minimis</strong></span> <span class='ocrx_word' id='word_1_380' title='bbox 712 2525 926 2566; x_wconf 77' lang='lat' dir='ltr'><strong>maximisque</strong></span> <span class='ocrx_word' id='word_1_381' title='bbox 955 2530 1033 2559; x_wconf 86' lang='lat' dir='ltr'><strong>natu</strong></span> <span class='ocrx_word' id='word_1_382' title='bbox 1055 2537 1107 2559; x_wconf 95' lang='lat' dir='ltr'><strong>cu-</strong></span> 
     </span>
     <span class='ocr_line' id='line_1_55' title="bbox 77 2565 1106 2608; baseline 0.012 -12"><span class='ocrx_word' id='word_1_383' title='bbox 77 2565 277 2598; x_wconf 85' lang='lat' dir='ltr'><strong>stodiendam</strong></span> <span class='ocrx_word' id='word_1_384' title='bbox 303 2567 513 2608; x_wconf 89' lang='lat' dir='ltr'><strong>reliquerunt.</strong></span> <span class='ocrx_word' id='word_1_385' title='bbox 536 2571 614 2602; x_wconf 82' lang='lat' dir='ltr'><strong>Post</strong></span> <span class='ocrx_word' id='word_1_386' title='bbox 633 2580 718 2604; x_wconf 88' lang='lat' dir='ltr'><strong>anno</strong></span> <span class='ocrx_word' id='word_1_387' title='bbox 747 2572 823 2605; x_wconf 91' lang='lat' dir='ltr'><strong>belli</strong></span> <span class='ocrx_word' id='word_1_388' title='bbox 846 2573 972 2606; x_wconf 87' lang='lat' dir='ltr'><strong>decimo</strong></span> <span class='ocrx_word' id='word_1_389' title='bbox 989 2584 1106 2608; x_wconf 88' lang='lat' dir='ltr'><strong>uxores</strong></span> 
     </span>
     <span class='ocr_line' id='line_1_56' title="bbox 77 2611 1106 2660; baseline 0.011 -17"><span class='ocrx_word' id='word_1_390' title='bbox 77 2611 408 2655; x_wconf 75' lang='lat' dir='ltr'><strong>Lacedaemoniorum,</strong></span> <span class='ocrx_word' id='word_1_391' title='bbox 426 2618 588 2648; x_wconf 86' lang='lat' dir='ltr'><strong>conventu</strong></span> <span class='ocrx_word' id='word_1_392' title='bbox 603 2617 726 2658; x_wconf 87' lang='lat' dir='ltr'><strong>habito,</strong></span> <span class='ocrx_word' id='word_1_393' title='bbox 740 2620 898 2660; x_wconf 87' lang='lat' dir='ltr'><strong>quasdam</strong></span> <span class='ocrx_word' id='word_1_394' title='bbox 916 2621 955 2653; x_wconf 91' lang='lat' dir='ltr'><strong>ad</strong></span> <span class='ocrx_word' id='word_1_395' title='bbox 973 2622 1106 2655; x_wconf 82' lang='lat' dir='ltr'><strong>maritos</strong></span> 
     </span>
     <span class='ocr_line' id='line_1_57' title="bbox 77 2658 1105 2709; baseline 0.014 -21"><span class='ocrx_word' id='word_1_396' title='bbox 77 2664 153 2690; x_wconf 84' lang='lat' dir='ltr'><strong>suos</strong></span> <span class='ocrx_word' id='word_1_397' title='bbox 167 2658 327 2692; x_wconf 85' lang='lat' dir='ltr'><strong>miserunt</strong></span> <span class='ocrx_word' id='word_1_398' title='bbox 342 2684 351 2701; x_wconf 95' lang='lat'><strong>,</strong></span> <span class='ocrx_word' id='word_1_399' title='bbox 378 2670 452 2700; x_wconf 85' lang='lat' dir='ltr'><strong>quae</strong></span> <span class='ocrx_word' id='word_1_400' title='bbox 478 2671 535 2694; x_wconf 88' lang='lat' dir='ltr'><strong>eos</strong></span> <span class='ocrx_word' id='word_1_401' title='bbox 550 2665 820 2705; x_wconf 85' lang='lat' dir='ltr'><strong>reprehenderent</strong></span> <span class='ocrx_word' id='word_1_402' title='bbox 834 2690 843 2706; x_wconf 91' lang='lat'>‚</span> <span class='ocrx_word' id='word_1_403' title='bbox 869 2668 906 2699; x_wconf 85' lang='lat' dir='ltr'><strong>ut</strong></span> <span class='ocrx_word' id='word_1_404' title='bbox 919 2676 984 2700; x_wconf 91' lang='lat' dir='ltr'><strong>non</strong></span> <span class='ocrx_word' id='word_1_405' title='bbox 1001 2670 1105 2709; x_wconf 82' lang='lat' dir='ltr'><strong>aequis</strong></span> 
     </span>
     <span class='ocr_line' id='line_1_58' title="bbox 79 2704 1105 2756; baseline 0.013 -21"><span class='ocrx_word' id='word_1_406' title='bbox 79 2704 321 2739; x_wconf 88' lang='lat' dir='ltr'><strong>conditionibus</strong></span> <span class='ocrx_word' id='word_1_407' title='bbox 343 2707 464 2740; x_wconf 91' lang='lat' dir='ltr'><strong>bellum</strong></span> <span class='ocrx_word' id='word_1_408' title='bbox 489 2711 657 2744; x_wconf 86' lang='lat' dir='ltr'><strong>Messeniis</strong></span> <span class='ocrx_word' id='word_1_409' title='bbox 680 2712 835 2745; x_wconf 80' lang='lat' dir='ltr'><strong>facientes</strong></span> <span class='ocrx_word' id='word_1_410' title='bbox 850 2724 857 2745; x_wconf 78' lang='grc' dir='ltr'><strong>ε</strong></span> <span class='ocrx_word' id='word_1_411' title='bbox 873 2715 992 2756; x_wconf 87' lang='lat' dir='ltr'><strong>quippe</strong></span> <span class='ocrx_word' id='word_1_412' title='bbox 1024 2718 1105 2749; x_wconf 89' lang='lat' dir='ltr'><strong>Mes-</strong></span> 
     </span>
     <span class='ocr_line' id='line_1_59' title="bbox 77 2750 1105 2801; baseline 0.014 -20"><span class='ocrx_word' id='word_1_413' title='bbox 77 2750 184 2782; x_wconf 82' lang='lat' dir='ltr'><strong>senios</strong></span> <span class='ocrx_word' id='word_1_414' title='bbox 196 2751 284 2783; x_wconf 88' lang='lat' dir='ltr'><strong>domi</strong></span> <span class='ocrx_word' id='word_1_415' title='bbox 299 2753 428 2785; x_wconf 85' lang='lat' dir='ltr'><strong>interim</strong></span> <span class='ocrx_word' id='word_1_416' title='bbox 447 2755 565 2788; x_wconf 89' lang='lat' dir='ltr'><strong>liberos</strong></span> <span class='ocrx_word' id='word_1_417' title='bbox 578 2766 760 2799; x_wconf 86' lang='lat' dir='ltr'><strong>procreare,</strong></span> <span class='ocrx_word' id='word_1_418' title='bbox 778 2759 867 2801; x_wconf 90' lang='lat' dir='ltr'><strong>ipsos</strong></span> <span class='ocrx_word' id='word_1_419' title='bbox 875 2762 1105 2795; x_wconf 75' lang='lat' dir='ltr'><strong>Lacedaemone</strong></span> 
     </span>
     <span class='ocr_line' id='line_1_60' title="bbox 79 2797 1105 2850; baseline 0.014 -22"><span class='ocrx_word' id='word_1_420' title='bbox 79 2797 201 2830; x_wconf 88' lang='lat' dir='ltr'><strong>relictis</strong></span> <span class='ocrx_word' id='word_1_421' title='bbox 216 2799 324 2832; x_wconf 91' lang='lat' dir='ltr'><strong>viduis</strong></span> <span class='ocrx_word' id='word_1_422' title='bbox 338 2801 496 2834; x_wconf 80' lang='lat' dir='ltr'><strong>uxoribus</strong></span> <span class='ocrx_word' id='word_1_423' title='bbox 518 2803 551 2835; x_wconf 91' lang='lat' dir='ltr'><strong>in</strong></span> <span class='ocrx_word' id='word_1_424' title='bbox 574 2804 699 2838; x_wconf 87' lang='lat' dir='ltr'><strong>hostico</strong></span> <span class='ocrx_word' id='word_1_425' title='bbox 714 2809 821 2839; x_wconf 89' lang='lat' dir='ltr'><strong>castra</strong></span> <span class='ocrx_word' id='word_1_426' title='bbox 836 2808 973 2848; x_wconf 85' lang='lat' dir='ltr'><strong>habere;</strong></span> <span class='ocrx_word' id='word_1_427' title='bbox 996 2809 1105 2850; x_wconf 90' lang='lat' dir='ltr'><strong>itaque</strong></span> 
     </span>
     <span class='ocr_line' id='line_1_61' title="bbox 76 2844 1105 2890; baseline 0.014 -15"><span class='ocrx_word' id='word_1_428' title='bbox 76 2844 253 2884; x_wconf 85' lang='lat' dir='ltr'><strong>periculum</strong></span> <span class='ocrx_word' id='word_1_429' title='bbox 278 2855 370 2886; x_wconf 86' lang='lat' dir='ltr'><strong>esse,</strong></span> <span class='ocrx_word' id='word_1_430' title='bbox 384 2857 424 2880; x_wconf 90' lang='lat' dir='ltr'><strong>ne</strong></span> <span class='ocrx_word' id='word_1_431' title='bbox 453 2850 557 2890; x_wconf 84' lang='lat' dir='ltr'><strong>patria</strong></span> <span class='ocrx_word' id='word_1_432' title='bbox 580 2852 724 2884; x_wconf 89' lang='lat' dir='ltr'><strong>virorum</strong></span> <span class='ocrx_word' id='word_1_433' title='bbox 744 2854 785 2886; x_wconf 87' lang='lat' dir='ltr'><strong>ad</strong></span> <span class='ocrx_word' id='word_1_434' title='bbox 799 2857 980 2887; x_wconf 87' lang='lat' dir='ltr'><strong>extremum</strong></span> <span class='ocrx_word' id='word_1_435' title='bbox 1001 2865 1105 2889; x_wconf 86' lang='lat' dir='ltr'><strong>vacua</strong></span> 
     </span>
     <span class='ocr_line' id='line_1_62' title="bbox 77 2890 1104 2940; baseline 0.014 -18"><span class='ocrx_word' id='word_1_436' title='bbox 77 2890 271 2924; x_wconf 80' lang='lat' dir='ltr'><strong>redderetur.</strong></span> <span class='ocrx_word' id='word_1_437' title='bbox 286 2895 526 2928; x_wconf 86' lang='lat' dir='ltr'><strong>Lacedaemonii</strong></span> <span class='ocrx_word' id='word_1_438' title='bbox 551 2900 583 2929; x_wconf 91' lang='lat' dir='ltr'><strong>et</strong></span> <span class='ocrx_word' id='word_1_439' title='bbox 595 2898 805 2940; x_wconf 73' lang='lat' dir='ltr'><strong>jurisjiirandi</strong></span> <span class='ocrx_word' id='word_1_440' title='bbox 816 2902 973 2934; x_wconf 88' lang='lat' dir='ltr'><strong>rationem</strong></span> <span class='ocrx_word' id='word_1_441' title='bbox 983 2905 1016 2935; x_wconf 91' lang='lat' dir='ltr'><strong>et</strong></span> <span class='ocrx_word' id='word_1_442' title='bbox 1030 2912 1104 2935; x_wconf 90' lang='lat' dir='ltr'><strong>con·</strong></span> 
     </span>
     <span class='ocr_line' id='line_1_63' title="bbox 77 2936 1105 2990; baseline 0.016 -23"><span class='ocrx_word' id='word_1_443' title='bbox 77 2936 140 2968; x_wconf 86' lang='lat' dir='ltr'><strong>silii</strong></span> <span class='ocrx_word' id='word_1_444' title='bbox 167 2947 307 2971; x_wconf 86' lang='lat' dir='ltr'><strong>uxorum</strong></span> <span class='ocrx_word' id='word_1_445' title='bbox 332 2941 498 2982; x_wconf 88' lang='lat' dir='ltr'><strong>habentes,</strong></span> <span class='ocrx_word' id='word_1_446' title='bbox 514 2943 758 2979; x_wconf 80' lang='lat' dir='ltr'><strong>robustissimos</strong></span> <span class='ocrx_word' id='word_1_447' title='bbox 788 2957 936 2990; x_wconf 88' lang='lat' dir='ltr'><strong>quosque</strong></span> <span class='ocrx_word' id='word_1_448' title='bbox 951 2951 982 2981; x_wconf 89' lang='lat' dir='ltr'><strong>et</strong></span> <span class='ocrx_word' id='word_1_449' title='bbox 1010 2951 1105 2983; x_wconf 79' lang='lat' dir='ltr'><strong>aetate</strong></span> 
     </span>
     <span class='ocr_line' id='line_1_64' title="bbox 75 2982 1103 3037; baseline 0.016 -23"><span class='ocrx_word' id='word_1_450' title='bbox 75 2982 158 3016; x_wconf 82' lang='lat' dir='ltr'><strong>inter</strong></span> <span class='ocrx_word' id='word_1_451' title='bbox 181 2985 301 3018; x_wconf 85' lang='lat' dir='ltr'><strong>milites</strong></span> <span class='ocrx_word' id='word_1_452' title='bbox 328 2988 478 3021; x_wconf 83' lang='lat' dir='ltr'><strong>minimos</strong></span> <span class='ocrx_word' id='word_1_453' title='bbox 507 2992 653 3031; x_wconf 80' lang='lat' dir='ltr'><strong>Spartam</strong></span> <span class='ocrx_word' id='word_1_454' title='bbox 681 2994 849 3035; x_wconf 88' lang='lat' dir='ltr'><strong>miserunt,</strong></span> <span class='ocrx_word' id='word_1_455' title='bbox 879 3005 974 3036; x_wconf 89' lang='lat' dir='ltr'><strong>quos,</strong></span> <span class='ocrx_word' id='word_1_456' title='bbox 1002 3005 1103 3037; x_wconf 89' lang='lat' dir='ltr'><strong>quum</strong></span> 
     </span>
     <span class='ocr_line' id='line_1_65' title="bbox 79 3030 1104 3082; baseline 0.013 -21"><span class='ocrx_word' id='word_1_457' title='bbox 79 3030 168 3069; x_wconf 88' lang='lat' dir='ltr'><strong>pueri</strong></span> <span class='ocrx_word' id='word_1_458' title='bbox 184 3039 260 3063; x_wconf 90' lang='lat' dir='ltr'><strong>cum</strong></span> <span class='ocrx_word' id='word_1_459' title='bbox 276 3033 396 3066; x_wconf 86' lang='lat' dir='ltr'><strong>adultis</strong></span> <span class='ocrx_word' id='word_1_460' title='bbox 412 3037 575 3076; x_wconf 91' lang='lat' dir='ltr'><strong>quondam</strong></span> <span class='ocrx_word' id='word_1_461' title='bbox 595 3040 732 3079; x_wconf 85' lang='lat' dir='ltr'><strong>profecti</strong></span> <span class='ocrx_word' id='word_1_462' title='bbox 751 3042 859 3073; x_wconf 84' lang='lat' dir='ltr'><strong>esseut</strong></span> <span class='ocrx_word' id='word_1_463' title='bbox 870 3065 878 3080; x_wconf 95' lang='lat'><strong><em>‚</em></strong></span> <span class='ocrx_word' id='word_1_464' title='bbox 892 3042 1104 3082; x_wconf 85' lang='lat' dir='ltr'><strong>jurisjurandi</strong></span> 
     </span>
     <span class='ocr_line' id='line_1_66' title="bbox 76 3075 1102 3127; baseline 0.014 -20"><span class='ocrx_word' id='word_1_465' title='bbox 76 3075 228 3116; x_wconf 81' lang='lat' dir='ltr'><strong>religione</strong></span> <span class='ocrx_word' id='word_1_466' title='bbox 239 3087 305 3110; x_wconf 93' lang='lat' dir='ltr'><strong>non</strong></span> <span class='ocrx_word' id='word_1_467' title='bbox 321 3081 420 3113; x_wconf 88' lang='lat' dir='ltr'><strong>teneri</strong></span> <span class='ocrx_word' id='word_1_468' title='bbox 435 3082 591 3124; x_wconf 85' lang='lat' dir='ltr'><strong>sciebant,</strong></span> <span class='ocrx_word' id='word_1_469' title='bbox 618 3085 723 3127; x_wconf 90' lang='lat' dir='ltr'><strong>iisque</strong></span> <span class='ocrx_word' id='word_1_470' title='bbox 747 3087 955 3127; x_wconf 87' lang='lat' dir='ltr'><strong>mandarunt,</strong></span> <span class='ocrx_word' id='word_1_471' title='bbox 974 3090 1011 3121; x_wconf 87' lang='lat' dir='ltr'><strong>ut</strong></span> <span class='ocrx_word' id='word_1_472' title='bbox 1028 3098 1102 3121; x_wconf 83' lang='lat' dir='ltr'><strong>curn</strong></span> 
     </span>
     <span class='ocr_line' id='line_1_67' title="bbox 76 3123 1102 3175; baseline 0.015 -22"><span class='ocrx_word' id='word_1_473' title='bbox 76 3123 227 3156; x_wconf 86' lang='lat' dir='ltr'><strong>omnibus</strong></span> <span class='ocrx_word' id='word_1_474' title='bbox 241 3134 353 3158; x_wconf 89' lang='lat' dir='ltr'><strong>omnes</strong></span> <span class='ocrx_word' id='word_1_475' title='bbox 370 3128 548 3169; x_wconf 89' lang='lat' dir='ltr'><strong>virginibus</strong></span> <span class='ocrx_word' id='word_1_476' title='bbox 564 3140 632 3163; x_wconf 91' lang='lat' dir='ltr'><strong>rem</strong></span> <span class='ocrx_word' id='word_1_477' title='bbox 653 3133 818 3173; x_wconf 88' lang='lat' dir='ltr'><strong>haberent,</strong></span> <span class='ocrx_word' id='word_1_478' title='bbox 834 3143 872 3166; x_wconf 90' lang='lat' dir='ltr'><strong>eo</strong></span> <span class='ocrx_word' id='word_1_479' title='bbox 888 3135 1102 3175; x_wconf 89' lang='lat' dir='ltr'><strong>copiosiorem</strong></span> 
     </span>
     <span class='ocr_line' id='line_1_68' title="bbox 74 3169 1103 3221; baseline 0.016 -22"><span class='ocrx_word' id='word_1_480' title='bbox 74 3169 135 3200; x_wconf 70' lang='lat' dir='ltr'><strong>reti</strong></span> <span class='ocrx_word' id='word_1_481' title='bbox 147 3169 223 3203; x_wconf 88' lang='lat' dir='ltr'><strong>inde</strong></span> <span class='ocrx_word' id='word_1_482' title='bbox 242 3172 384 3206; x_wconf 88' lang='lat' dir='ltr'><strong>sobolem</strong></span> <span class='ocrx_word' id='word_1_483' title='bbox 411 3177 624 3210; x_wconf 81' lang='lat' dir='ltr'><strong>exstituram:</strong></span> <span class='ocrx_word' id='word_1_484' title='bbox 644 3182 742 3220; x_wconf 87' lang='lat' dir='ltr'><strong>atque</strong></span> <span class='ocrx_word' id='word_1_485' title='bbox 766 3189 822 3212; x_wconf 90' lang='lat' dir='ltr'><strong>eos</strong></span> <span class='ocrx_word' id='word_1_486' title='bbox 847 3182 903 3221; x_wconf 92' lang='lat' dir='ltr'><strong>qui</strong></span> <span class='ocrx_word' id='word_1_487' title='bbox 923 3182 983 3213; x_wconf 89' lang='lat' dir='ltr'><strong>hoc</strong></span> <span class='ocrx_word' id='word_1_488' title='bbox 1005 3183 1103 3214; x_wconf 91' lang='lat' dir='ltr'><strong>modo</strong></span> 
     </span>
     <span class='ocr_line' id='line_1_69' title="bbox 74 3215 1104 3264; baseline 0.016 -19"><span class='ocrx_word' id='word_1_489' title='bbox 74 3215 141 3246; x_wconf 86' lang='lat' dir='ltr'><strong>nati</strong></span> <span class='ocrx_word' id='word_1_490' title='bbox 147 3221 264 3257; x_wconf 87' lang='lat' dir='ltr'><strong>essent,</strong></span> <span class='ocrx_word' id='word_1_491' title='bbox 273 3220 459 3254; x_wconf 84' lang='lat' dir='ltr'><strong>Parthenias</strong></span> <span class='ocrx_word' id='word_1_492' title='bbox 470 3224 645 3264; x_wconf 86' lang='lat' dir='ltr'><strong>appellatos</strong></span> <span class='ocrx_word' id='word_1_493' title='bbox 655 3235 724 3259; x_wconf 90' lang='lat' dir='ltr'><strong>esse</strong></span> <span class='ocrx_word' id='word_1_494' title='bbox 733 3227 825 3259; x_wconf 88' lang='lat' dir='ltr'><strong>dicit.</strong></span> <span class='ocrx_word' id='word_1_495' title='bbox 837 3229 868 3259; x_wconf 90' lang='lat' dir='ltr'>M</span> <span class='ocrx_word' id='word_1_496' title='bbox 872 3237 1017 3260; x_wconf 86' lang='lat' dir='ltr'><strong>essenam</strong></span> <span class='ocrx_word' id='word_1_497' title='bbox 1028 3237 1104 3260; x_wconf 90' lang='lat' dir='ltr'><strong>vero</strong></span> 
     </span>
    </p>
   </div>
   <div class='ocr_carea' id='block_1_14' title="bbox 74 3263 1095 3342">
    <p class='ocr_par' dir='ltr' id='par_1_15' title="bbox 74 3263 1095 3342">
     <span class='ocr_line' id='line_1_70' title="bbox 74 3263 1095 3342; baseline 0.018 -51"><span class='ocrx_word' id='word_1_498' title='bbox 74 3268 158 3339; x_wconf 57' lang='grc' dir='ltr'>ιιωιὲῃο</span> <span class='ocrx_word' id='word_1_499' title='bbox 172 3263 310 3342; x_wconf 52' lang='grc' dir='ltr'>(ρειιῑιωη</span> <span class='ocrx_word' id='word_1_500' title='bbox 330 3266 455 3300; x_wconf 87' lang='lat' dir='ltr'><strong>decimo</strong></span> <span class='ocrx_word' id='word_1_501' title='bbox 468 3278 506 3302; x_wconf 88' lang='lat' dir='ltr'><strong>ac</strong></span> <span class='ocrx_word' id='word_1_502' title='bbox 518 3280 603 3303; x_wconf 87' lang='lat' dir='ltr'><strong>nono</strong></span> <span class='ocrx_word' id='word_1_503' title='bbox 619 3271 703 3304; x_wconf 86' lang='lat' dir='ltr'><strong>bello</strong></span> <span class='ocrx_word' id='word_1_504' title='bbox 717 3276 855 3314; x_wconf 86' lang='lat' dir='ltr'><strong>captam,</strong></span> <span class='ocrx_word' id='word_1_505' title='bbox 874 3275 958 3306; x_wconf 89' lang='lat' dir='ltr'><strong>sicut</strong></span> <span class='ocrx_word' id='word_1_506' title='bbox 975 3277 1006 3306; x_wconf 90' lang='lat' dir='ltr'><strong>et</strong></span> <span class='ocrx_word' id='word_1_507' title='bbox 1020 3277 1095 3315; x_wconf 83' lang='lat' dir='ltr'><strong>Tyr-</strong></span> 
     </span>
     <span class='ocr_line' id='line_1_71' title="bbox 119 3316 272 3342; baseline 0.02 -3"><span class='ocrx_word' id='word_1_508' title='bbox 119 3316 156 3340; x_wconf 88' lang='lat' dir='ltr'><strong>us</strong></span> <span class='ocrx_word' id='word_1_509' title='bbox 193 3319 235 3341; x_wconf 79' lang='lat'><strong>101</strong></span> <span class='ocrx_word' id='word_1_510' title='bbox 264 3321 272 3342; x_wconf 68' lang='grc' dir='ltr'>ι</span> 
     </span>
    </p>
   </div>
   <div class='ocr_carea' id='block_1_15' title="bbox 1171 951 2204 2023">
    <p class='ocr_par' dir='ltr' id='par_1_16' title="bbox 1173 951 2204 1650">
     <span class='ocr_line' id='line_1_72' title="bbox 1176 951 2201 1013; baseline 0.011 -23"><span class='ocrx_word' id='word_1_511' title='bbox 1176 951 1265 996; x_wconf 80' lang='grc' dir='ltr'>τινὲς</span> <span class='ocrx_word' id='word_1_512' title='bbox 1303 952 1582 1005; x_wconf 84' lang='grc' dir='ltr'>ἐξαγγείλαντες,</span> <span class='ocrx_word' id='word_1_513' title='bbox 1601 955 1641 993; x_wconf 82' lang='grc' dir='ltr'><strong>τὸ</strong></span> <span class='ocrx_word' id='word_1_514' title='bbox 1659 955 1721 1006; x_wconf 80' lang='grc' dir='ltr'><strong>μὲν</strong></span> <span class='ocrx_word' id='word_1_515' title='bbox 1748 958 2023 998; x_wconf 88' lang='grc' dir='ltr'>ἀντεπιτίθεσθαι</span> <span class='ocrx_word' id='word_1_516' title='bbox 2048 962 2201 1013; x_wconf 82' lang='grc' dir='ltr'>χαλεπὸν</span> 
     </span>
     <span class='ocr_line' id='line_1_73' title="bbox 1177 1007 2202 1074; baseline 0.011 -25"><span class='ocrx_word' id='word_1_517' title='bbox 1177 1009 1344 1062; x_wconf 85' lang='grc' dir='ltr'>ἔγνωσαν·</span> <span class='ocrx_word' id='word_1_518' title='bbox 1357 1012 1416 1051; x_wconf 81' lang='grc' dir='ltr'><strong>καὶ</strong></span> <span class='ocrx_word' id='word_1_519' title='bbox 1427 1011 1494 1067; x_wconf 83' lang='grc' dir='ltr'><strong>γὰρ</strong></span> <span class='ocrx_word' id='word_1_520' title='bbox 1505 1013 1654 1057; x_wconf 75' lang='grc' dir='ltr'>πολλοὺς</span> <span class='ocrx_word' id='word_1_521' title='bbox 1662 1007 1762 1063; x_wconf 65' lang='grc' dir='ltr'>εἶναι,</span> <span class='ocrx_word' id='word_1_522' title='bbox 1774 1016 1833 1054; x_wconf 78' lang='grc' dir='ltr'><strong>καὶ</strong></span> <span class='ocrx_word' id='word_1_523' title='bbox 1847 1017 1979 1062; x_wconf 89' lang='grc' dir='ltr'>πάντας</span> <span class='ocrx_word' id='word_1_524' title='bbox 1990 1019 2183 1074; x_wconf 81' lang='grc' dir='ltr'>ὁμόφρονας</span> <span class='ocrx_word' id='word_1_525' title='bbox 2191 1052 2202 1070; x_wconf 90' lang='grc'>,</span> 
     </span>
     <span class='ocr_line' id='line_1_74' title="bbox 1177 1069 2203 1130; baseline 0.011 -23"><span class='ocrx_word' id='word_1_526' title='bbox 1177 1071 1223 1113; x_wconf 85' lang='grc' dir='ltr'>ὡς</span> <span class='ocrx_word' id='word_1_527' title='bbox 1242 1069 1282 1108; x_wconf 85' lang='grc' dir='ltr'><strong>ἂν</strong></span> <span class='ocrx_word' id='word_1_528' title='bbox 1301 1071 1465 1118; x_wconf 87' lang='grc' dir='ltr'>ἀλλήλων</span> <span class='ocrx_word' id='word_1_529' title='bbox 1487 1071 1654 1126; x_wconf 80' lang='grc' dir='ltr'>ἀδελφοὺς</span> <span class='ocrx_word' id='word_1_530' title='bbox 1672 1074 1918 1126; x_wconf 85' lang='grc' dir='ltr'>νομιζομένους</span> <span class='ocrx_word' id='word_1_531' title='bbox 1930 1092 1938 1100; x_wconf 86' lang='grc'>·</span> <span class='ocrx_word' id='word_1_532' title='bbox 1955 1076 2032 1121; x_wconf 70' lang='grc' dir='ltr'>τοὺς</span> <span class='ocrx_word' id='word_1_533' title='bbox 2052 1078 2203 1130; x_wconf 87' lang='grc' dir='ltr'>μέλλον-</span> 
     </span>
     <span class='ocr_line' id='line_1_75' title="bbox 1175 1128 2204 1191; baseline 0.011 -25"><span class='ocrx_word' id='word_1_534' title='bbox 1175 1144 1237 1172; x_wconf 93' lang='grc' dir='ltr'><strong>τας</strong></span> <span class='ocrx_word' id='word_1_535' title='bbox 1254 1129 1283 1166; x_wconf 87' lang='grc' dir='ltr'><strong>δ’</strong></span> <span class='ocrx_word' id='word_1_536' title='bbox 1295 1128 1402 1183; x_wconf 88' lang='grc' dir='ltr'>αἴρειν</span> <span class='ocrx_word' id='word_1_537' title='bbox 1416 1129 1456 1168; x_wconf 83' lang='grc' dir='ltr'><strong>τὸ</strong></span> <span class='ocrx_word' id='word_1_538' title='bbox 1474 1129 1654 1182; x_wconf 88' lang='grc' dir='ltr'>σύσσημον</span> <span class='ocrx_word' id='word_1_539' title='bbox 1667 1132 1706 1169; x_wconf 84' lang='grc' dir='ltr'>ἐκ</span> <span class='ocrx_word' id='word_1_540' title='bbox 1722 1135 1784 1179; x_wconf 67' lang='grc' dir='ltr'><strong>τῆς</strong></span> <span class='ocrx_word' id='word_1_541' title='bbox 1796 1135 1922 1188; x_wconf 82' lang='grc' dir='ltr'>ἀγορᾶς</span> <span class='ocrx_word' id='word_1_542' title='bbox 1939 1135 2078 1175; x_wconf 87' lang='grc' dir='ltr'>ἀπιέναι</span> <span class='ocrx_word' id='word_1_543' title='bbox 2095 1153 2204 1191; x_wconf 87' lang='grc' dir='ltr'>προσ-</span> 
     </span>
     <span class='ocr_line' id='line_1_76' title="bbox 1176 1186 2202 1249; baseline 0.01 -24"><span class='ocrx_word' id='word_1_544' title='bbox 1176 1186 1311 1232; x_wconf 80' lang='grc' dir='ltr'>έταξαν.</span> <span class='ocrx_word' id='word_1_545' title='bbox 1331 1190 1377 1227; x_wconf 81' lang='grc' dir='ltr'><strong>Οἱ</strong></span> <span class='ocrx_word' id='word_1_546' title='bbox 1389 1188 1452 1240; x_wconf 83' lang='grc' dir='ltr'><strong>μὲν</strong></span> <span class='ocrx_word' id='word_1_547' title='bbox 1469 1188 1524 1238; x_wconf 89' lang='grc' dir='ltr'><strong>δὴ,</strong></span> <span class='ocrx_word' id='word_1_548' title='bbox 1538 1189 1786 1241; x_wconf 86' lang='grc' dir='ltr'>μεμηνυμένην</span> <span class='ocrx_word' id='word_1_549' title='bbox 1808 1192 2005 1244; x_wconf 86' lang='grc' dir='ltr'>αἰσθόμενοι</span> <span class='ocrx_word' id='word_1_550' title='bbox 2024 1195 2087 1242; x_wconf 81' lang='grc' dir='ltr'><strong>τὴν</strong></span> <span class='ocrx_word' id='word_1_551' title='bbox 2107 1203 2202 1249; x_wconf 83' lang='grc' dir='ltr'>πρᾶ-</span> 
     </span>
     <span class='ocr_line' id='line_1_77' title="bbox 1178 1244 2203 1304; baseline 0.009 -20"><span class='ocrx_word' id='word_1_552' title='bbox 1178 1244 1227 1290; x_wconf 82' lang='grc' dir='ltr'><strong>ξιν</strong></span> <span class='ocrx_word' id='word_1_553' title='bbox 1248 1245 1413 1299; x_wconf 84' lang='grc' dir='ltr'>ἐπέσχον,</span> <span class='ocrx_word' id='word_1_554' title='bbox 1432 1250 1463 1286; x_wconf 84' lang='grc' dir='ltr'><strong>οἷ</strong></span> <span class='ocrx_word' id='word_1_555' title='bbox 1489 1247 1526 1286; x_wconf 83' lang='grc' dir='ltr'><strong>δὲ</strong></span> <span class='ocrx_word' id='word_1_556' title='bbox 1552 1248 1609 1287; x_wconf 82' lang='grc' dir='ltr'>διὰ</span> <span class='ocrx_word' id='word_1_557' title='bbox 1635 1252 1705 1287; x_wconf 81' lang='grc' dir='ltr'><strong>τῶν</strong></span> <span class='ocrx_word' id='word_1_558' title='bbox 1730 1250 1892 1304; x_wconf 85' lang='grc' dir='ltr'>πατέρων</span> <span class='ocrx_word' id='word_1_559' title='bbox 1918 1251 2058 1291; x_wconf 84' lang='grc' dir='ltr'>ἔπεισαν</span> <span class='ocrx_word' id='word_1_560' title='bbox 2081 1254 2203 1299; x_wconf 64' lang='grc' dir='ltr'>αὐτοὺς</span> 
     </span>
     <span class='ocr_line' id='line_1_78' title="bbox 1175 1306 2203 1366; baseline 0.01 -24"><span class='ocrx_word' id='word_1_561' title='bbox 1175 1306 1222 1348; x_wconf 87' lang='grc' dir='ltr'><strong>εἷς</strong></span> <span class='ocrx_word' id='word_1_562' title='bbox 1239 1306 1401 1344; x_wconf 84' lang='grc' dir='ltr'>ἀποικίαν</span> <span class='ocrx_word' id='word_1_563' title='bbox 1431 1306 1589 1351; x_wconf 81' lang='grc' dir='ltr'>ἐξελθεῖν·</span> <span class='ocrx_word' id='word_1_564' title='bbox 1626 1307 1691 1346; x_wconf 80' lang='grc' dir='ltr'><strong>κᾶν</strong></span> <span class='ocrx_word' id='word_1_565' title='bbox 1707 1308 1770 1360; x_wconf 79' lang='grc' dir='ltr'><strong>μὲν</strong></span> <span class='ocrx_word' id='word_1_566' title='bbox 1787 1310 2012 1363; x_wconf 87' lang='grc' dir='ltr'>κατάσχωσιν</span> <span class='ocrx_word' id='word_1_567' title='bbox 2032 1315 2203 1366; x_wconf 80' lang='grc' dir='ltr'>ἀρκοῦντα</span> 
     </span>
     <span class='ocr_line' id='line_1_79' title="bbox 1175 1363 2203 1423; baseline 0.009 -21"><span class='ocrx_word' id='word_1_568' title='bbox 1175 1363 1234 1402; x_wconf 83' lang='grc' dir='ltr'><strong>τὸν</strong></span> <span class='ocrx_word' id='word_1_569' title='bbox 1250 1363 1370 1415; x_wconf 85' lang='grc' dir='ltr'>τόπον,</span> <span class='ocrx_word' id='word_1_570' title='bbox 1393 1365 1507 1417; x_wconf 89' lang='grc' dir='ltr'>μένειν</span> <span class='ocrx_word' id='word_1_571' title='bbox 1524 1382 1532 1390; x_wconf 95' lang='grc'>·</span> <span class='ocrx_word' id='word_1_572' title='bbox 1555 1368 1585 1405; x_wconf 88' lang='grc' dir='ltr'><strong>εἷ</strong></span> <span class='ocrx_word' id='word_1_573' title='bbox 1603 1365 1638 1405; x_wconf 78' lang='grc' dir='ltr'><strong>δὲ</strong></span> <span class='ocrx_word' id='word_1_574' title='bbox 1656 1366 1729 1418; x_wconf 84' lang='grc' dir='ltr'><strong>μὴ,</strong></span> <span class='ocrx_word' id='word_1_575' title='bbox 1747 1371 1809 1415; x_wconf 73' lang='grc' dir='ltr'><strong>τῆς</strong></span> <span class='ocrx_word' id='word_1_576' title='bbox 1825 1370 2028 1418; x_wconf 89' lang='grc' dir='ltr'>Μεσσηνίας</span> <span class='ocrx_word' id='word_1_577' title='bbox 2050 1371 2089 1409; x_wconf 82' lang='grc' dir='ltr'><strong>τὸ</strong></span> <span class='ocrx_word' id='word_1_578' title='bbox 2106 1371 2203 1423; x_wconf 59' lang='grc' dir='ltr'>πέμ*</span> 
     </span>
     <span class='ocr_line' id='line_1_80' title="bbox 1174 1423 2203 1479; baseline 0.009 -18"><span class='ocrx_word' id='word_1_579' title='bbox 1174 1438 1261 1462; x_wconf 77' lang='grc' dir='ltr'>πτον</span> <span class='ocrx_word' id='word_1_580' title='bbox 1279 1423 1558 1475; x_wconf 81' lang='grc' dir='ltr'>κατανείμασθαι</span> <span class='ocrx_word' id='word_1_581' title='bbox 1576 1424 1680 1479; x_wconf 87' lang='grc' dir='ltr'>μέρος</span> <span class='ocrx_word' id='word_1_582' title='bbox 1699 1426 1914 1472; x_wconf 87' lang='grc' dir='ltr'>ἐπανιόντας.</span> <span class='ocrx_word' id='word_1_583' title='bbox 1935 1431 1982 1469; x_wconf 82' lang='grc' dir='ltr'><strong>Οἱ</strong></span> <span class='ocrx_word' id='word_1_584' title='bbox 1998 1429 2034 1468; x_wconf 82' lang='grc' dir='ltr'><strong>δὲ</strong></span> <span class='ocrx_word' id='word_1_585' title='bbox 2053 1430 2203 1469; x_wconf 90' lang='grc' dir='ltr'>σταλέν-</span> 
     </span>
     <span class='ocr_line' id='line_1_81' title="bbox 1173 1482 2204 1544; baseline 0.01 -25"><span class='ocrx_word' id='word_1_586' title='bbox 1173 1496 1229 1524; x_wconf 88' lang='grc' dir='ltr'><strong>τες</strong></span> <span class='ocrx_word' id='word_1_587' title='bbox 1248 1482 1483 1521; x_wconf 75' lang='grc' dir='ltr'>κατελάὸοντο</span> <span class='ocrx_word' id='word_1_588' title='bbox 1496 1482 1575 1527; x_wconf 75' lang='grc' dir='ltr'>τοὺς</span> <span class='ocrx_word' id='word_1_589' title='bbox 1592 1484 1767 1536; x_wconf 83' lang='grc' dir='ltr'>Ἀχαιοὺς,</span> <span class='ocrx_word' id='word_1_590' title='bbox 1782 1487 2020 1538; x_wconf 82' lang='grc' dir='ltr'>πολεμοῦντας</span> <span class='ocrx_word' id='word_1_591' title='bbox 2034 1495 2104 1533; x_wconf 88' lang='grc' dir='ltr'>τοῖς</span> <span class='ocrx_word' id='word_1_592' title='bbox 2120 1492 2204 1544; x_wconf 80' lang='grc' dir='ltr'><strong>βάρ-</strong></span> 
     </span>
     <span class='ocr_line' id='line_1_82' title="bbox 1175 1538 2202 1596; baseline 0.01 -18"><span class='ocrx_word' id='word_1_593' title='bbox 1175 1538 1311 1592; x_wconf 68' lang='grc' dir='ltr'>ὅάροις·</span> <span class='ocrx_word' id='word_1_594' title='bbox 1333 1541 1567 1594; x_wconf 89' lang='grc' dir='ltr'>μετασχόντες</span> <span class='ocrx_word' id='word_1_595' title='bbox 1597 1543 1633 1581; x_wconf 82' lang='grc' dir='ltr'><strong>δὲ</strong></span> <span class='ocrx_word' id='word_1_596' title='bbox 1653 1545 1723 1581; x_wconf 82' lang='grc' dir='ltr'><strong>τῶν</strong></span> <span class='ocrx_word' id='word_1_597' title='bbox 1751 1544 1933 1595; x_wconf 86' lang='grc' dir='ltr'>κινδύνων,</span> <span class='ocrx_word' id='word_1_598' title='bbox 1961 1547 2114 1592; x_wconf 87' lang='grc' dir='ltr'>κτίζουσι</span> <span class='ocrx_word' id='word_1_599' title='bbox 2139 1548 2202 1596; x_wconf 83' lang='grc' dir='ltr'><strong>τὴν</strong></span> 
     </span>
     <span class='ocr_line' id='line_1_83' title="bbox 1173 1598 1688 1650; baseline 0.012 -13"><span class='ocrx_word' id='word_1_600' title='bbox 1173 1598 1352 1650; x_wconf 88' lang='grc' dir='ltr'>Τάραντα.</span> <span class='ocrx_word' id='word_1_601' title='bbox 1684 1605 1688 1609; x_wconf 75' lang='grc'><strong>’</strong></span> 
     </span>
    </p>

    <p class='ocr_par' dir='ltr' id='par_1_17' title="bbox 1171 1658 2203 1884">
     <span class='ocr_line' id='line_1_84' title="bbox 1228 1658 2203 1715; baseline 0.011 -20"><span class='ocrx_word' id='word_1_602' title='bbox 1228 1658 1370 1696; x_wconf 85' lang='lat' dir='ltr'><strong>Eadem</strong></span> <span class='ocrx_word' id='word_1_603' title='bbox 1384 1673 1432 1696; x_wconf 88' lang='lat' dir='ltr'><strong>ex</strong></span> <span class='ocrx_word' id='word_1_604' title='bbox 1445 1668 1589 1706; x_wconf 84' lang='lat' dir='ltr'><strong>nostro,</strong></span> <span class='ocrx_word' id='word_1_605' title='bbox 1599 1669 1641 1697; x_wconf 85' lang='lat' dir='ltr'><strong>ut</strong></span> <span class='ocrx_word' id='word_1_606' title='bbox 1651 1661 1816 1711; x_wconf 87' lang='lat' dir='ltr'><strong>videtur,</strong></span> <span class='ocrx_word' id='word_1_607' title='bbox 1832 1664 2026 1702; x_wconf 82' lang='lat' dir='ltr'><strong>Diodorus</strong></span> <span class='ocrx_word' id='word_1_608' title='bbox 2035 1666 2107 1703; x_wconf 89' lang='lat' dir='ltr'><strong>Sic.</strong></span> <span class='ocrx_word' id='word_1_609' title='bbox 2119 1669 2203 1715; x_wconf 84' lang='lat' dir='ltr'><strong>XV,</strong></span> 
     </span>
     <span class='ocr_line' id='line_1_85' title="bbox 1174 1716 2202 1772; baseline 0.011 -20"><span class='ocrx_word' id='word_1_610' title='bbox 1174 1716 1222 1753; x_wconf 88' lang='lat'><strong>66</strong></span> <span class='ocrx_word' id='word_1_611' title='bbox 1240 1716 1340 1766; x_wconf 87' lang='lat' dir='ltr'><strong>(coll.</strong></span> <span class='ocrx_word' id='word_1_612' title='bbox 1352 1721 1534 1756; x_wconf 85' lang='lat' dir='ltr'><strong>Exc.Vat.</strong></span> <span class='ocrx_word' id='word_1_613' title='bbox 1551 1733 1588 1769; x_wconf 93' lang='lat' dir='ltr'><strong>p.</strong></span> <span class='ocrx_word' id='word_1_614' title='bbox 1613 1733 1673 1767; x_wconf 91' lang='lat'><strong>10,</strong></span> <span class='ocrx_word' id='word_1_615' title='bbox 1692 1721 1750 1758; x_wconf 87' lang='lat' dir='ltr'><strong>ed.</strong></span> <span class='ocrx_word' id='word_1_616' title='bbox 1765 1723 2054 1771; x_wconf 83' lang='lat' dir='ltr'><strong>Mai)‚Justinus</strong></span> <span class='ocrx_word' id='word_1_617' title='bbox 2079 1728 2151 1772; x_wconf 94' lang='grc' dir='ltr'><strong>ΙΙΙ,</strong></span> <span class='ocrx_word' id='word_1_618' title='bbox 2168 1732 2202 1770; x_wconf 90' lang='grc'><strong>4.</strong></span> 
     </span>
     <span class='ocr_line' id='line_1_86' title="bbox 1173 1774 2202 1831; baseline 0.009 -19"><span class='ocrx_word' id='word_1_619' title='bbox 1173 1774 1230 1812; x_wconf 85' lang='lat' dir='ltr'><strong>Cf.</strong></span> <span class='ocrx_word' id='word_1_620' title='bbox 1253 1777 1475 1814; x_wconf 88' lang='lat' dir='ltr'><strong>Eustathius</strong></span> <span class='ocrx_word' id='word_1_621' title='bbox 1499 1777 1546 1814; x_wconf 89' lang='lat' dir='ltr'><strong>ad</strong></span> <span class='ocrx_word' id='word_1_622' title='bbox 1568 1778 1727 1828; x_wconf 78' lang='lat' dir='ltr'><strong>Dionys.</strong></span> <span class='ocrx_word' id='word_1_623' title='bbox 1766 1780 1855 1828; x_wconf 80' lang='lat'><strong>376,</strong></span> <span class='ocrx_word' id='word_1_624' title='bbox 1883 1781 2022 1819; x_wconf 85' lang='lat' dir='ltr'><strong>Strabo</strong></span> <span class='ocrx_word' id='word_1_625' title='bbox 2045 1782 2068 1820; x_wconf 92' lang='lat' dir='ltr'><strong>l.</strong></span> <span class='ocrx_word' id='word_1_626' title='bbox 2086 1786 2202 1831; x_wconf 91' lang='lat' dir='ltr'>VIII,</span> 
     </span>
     <span class='ocr_line' id='line_1_87' title="bbox 1171 1834 1318 1884; baseline 0.007 -14"><span class='ocrx_word' id='word_1_627' title='bbox 1171 1846 1208 1884; x_wconf 94' lang='lat' dir='ltr'><strong>p.</strong></span> <span class='ocrx_word' id='word_1_628' title='bbox 1231 1834 1318 1880; x_wconf 83' lang='lat'><strong>557.</strong></span> 
     </span>
    </p>

    <p class='ocr_par' dir='ltr' id='par_1_18' title="bbox 1224 1901 2200 2023">
     <span class='ocr_line' id='line_1_88' title="bbox 1654 1901 1717 1939; baseline 0.016 -1"><span class='ocrx_word' id='word_1_629' title='bbox 1654 1901 1717 1939; x_wconf 80' lang='grc'><strong>54.</strong></span> 
     </span>
     <span class='ocr_line' id='line_1_89' title="bbox 1224 1962 2200 2023; baseline 0.008 -23"><span class='ocrx_word' id='word_1_630' title='bbox 1224 1962 1364 2002; x_wconf 83' lang='lat' dir='ltr'><strong>strabo</strong></span> <span class='ocrx_word' id='word_1_631' title='bbox 1372 1967 1458 2012; x_wconf 90' lang='lat' dir='ltr'><strong>VII,</strong></span> <span class='ocrx_word' id='word_1_632' title='bbox 1469 1979 1506 2016; x_wconf 89' lang='lat' dir='ltr'><strong>p.</strong></span> <span class='ocrx_word' id='word_1_633' title='bbox 1520 1965 1608 2014; x_wconf 83' lang='grc'><strong>504,</strong></span> <span class='ocrx_word' id='word_1_634' title='bbox 1619 1966 1666 2004; x_wconf 89' lang='lat' dir='ltr'><strong>de</strong></span> <span class='ocrx_word' id='word_1_635' title='bbox 1674 1967 1855 2005; x_wconf 87' lang='lat' dir='ltr'><strong>Dodona:</strong></span> <span class='ocrx_word' id='word_1_636' title='bbox 1868 1966 1974 2006; x_wconf 84' lang='grc' dir='ltr'>Ἔστι</span> <span class='ocrx_word' id='word_1_637' title='bbox 1995 1967 2087 2013; x_wconf 83' lang='grc' dir='ltr'>δὲῶς</span> <span class='ocrx_word' id='word_1_638' title='bbox 2096 1985 2200 2023; x_wconf 85' lang='grc' dir='ltr'>φησιν</span> 
     </span>
    </p>
   </div>
   <div class='ocr_carea' id='block_1_16' title="bbox 319 2053 2177 2071">
    <p class='ocr_par' dir='ltr' id='par_1_19' title="bbox 319 2053 2177 2071">
     <span class='ocr_line' id='line_1_90' title="bbox 319 2053 2177 2071; baseline 0 1613"><span class='ocrx_word' id='word_1_639' title='bbox 319 2053 2177 2071; x_wconf 95' lang='lat' dir='ltr'><strong> </strong></span> 
     </span>
    </p>
   </div>
   <div class='ocr_carea' id='block_1_17' title="bbox 1229 2109 2078 2331">
    <p class='ocr_par' dir='ltr' id='par_1_20' title="bbox 1233 2109 2078 2199">
     <span class='ocr_line' id='line_1_91' title="bbox 1292 2109 2078 2152; baseline 0.008 -15"><span class='ocrx_word' id='word_1_640' title='bbox 1292 2109 1389 2138; x_wconf 80' lang='lat' dir='ltr'><strong>Annis</strong></span> <span class='ocrx_word' id='word_1_641' title='bbox 1404 2116 1576 2149; x_wconf 87' lang='lat' dir='ltr'><strong>pugnatum</strong></span> <span class='ocrx_word' id='word_1_642' title='bbox 1594 2117 1639 2140; x_wconf 86' lang='lat' dir='ltr'><strong>est</strong></span> <span class='ocrx_word' id='word_1_643' title='bbox 1654 2117 1701 2140; x_wconf 90' lang='lat' dir='ltr'><strong>ter</strong></span> <span class='ocrx_word' id='word_1_644' title='bbox 1717 2111 1829 2151; x_wconf 83' lang='lat' dir='ltr'><strong>trihus,</strong></span> <span class='ocrx_word' id='word_1_645' title='bbox 1846 2120 1941 2152; x_wconf 84' lang='lat' dir='ltr'><strong>atque</strong></span> <span class='ocrx_word' id='word_1_646' title='bbox 1961 2113 2078 2146; x_wconf 84' lang='lat' dir='ltr'><strong>decem.</strong></span> 
     </span>
     <span class='ocr_line' id='line_1_92' title="bbox 1233 2156 2010 2199; baseline 0.009 -16"><span class='ocrx_word' id='word_1_647' title='bbox 1233 2156 1300 2184; x_wconf 85' lang='lat' dir='ltr'><strong>Hoc</strong></span> <span class='ocrx_word' id='word_1_648' title='bbox 1315 2156 1354 2185; x_wconf 82' lang='lat' dir='ltr'><strong>ab</strong></span> <span class='ocrx_word' id='word_1_649' title='bbox 1370 2157 1432 2184; x_wconf 87' lang='lat' dir='ltr'><strong>avis</strong></span> <span class='ocrx_word' id='word_1_650' title='bbox 1448 2156 1563 2186; x_wconf 78' lang='lat' dir='ltr'><strong>nostris</strong></span> <span class='ocrx_word' id='word_1_651' title='bbox 1578 2157 1712 2187; x_wconf 86' lang='lat' dir='ltr'><strong>infracto</strong></span> <span class='ocrx_word' id='word_1_652' title='bbox 1726 2165 1855 2197; x_wconf 87' lang='lat' dir='ltr'><strong>pectore</strong></span> <span class='ocrx_word' id='word_1_653' title='bbox 1869 2159 1985 2190; x_wconf 82' lang='lat' dir='ltr'><strong>bellum</strong></span> <span class='ocrx_word' id='word_1_654' title='bbox 2001 2183 2010 2199; x_wconf 87' lang='lat'><em>‚</em></span> 
     </span>
    </p>

    <p class='ocr_par' dir='ltr' id='par_1_21' title="bbox 1229 2204 1917 2292">
     <span class='ocr_line' id='line_1_93' title="bbox 1295 2204 1868 2244; baseline 0.009 -13"><span class='ocrx_word' id='word_1_655' title='bbox 1295 2209 1326 2232; x_wconf 89' lang='lat' dir='ltr'><strong>et</strong></span> <span class='ocrx_word' id='word_1_656' title='bbox 1340 2213 1388 2232; x_wconf 87' lang='lat' dir='ltr'><strong>res</strong></span> <span class='ocrx_word' id='word_1_657' title='bbox 1404 2204 1556 2233; x_wconf 83' lang='lat' dir='ltr'><strong>constanti</strong></span> <span class='ocrx_word' id='word_1_658' title='bbox 1572 2211 1656 2244; x_wconf 85' lang='lat' dir='ltr'><strong>gesta</strong></span> <span class='ocrx_word' id='word_1_659' title='bbox 1673 2205 1781 2235; x_wconf 87' lang='lat' dir='ltr'><strong>labore</strong></span> <span class='ocrx_word' id='word_1_660' title='bbox 1796 2205 1868 2237; x_wconf 81' lang='lat' dir='ltr'><strong>fuit.</strong></span> 
     </span>
     <span class='ocr_line' id='line_1_94' title="bbox 1229 2249 1917 2292; baseline 0.006 -14"><span class='ocrx_word' id='word_1_661' title='bbox 1229 2249 1280 2278; x_wconf 83' lang='lat' dir='ltr'><strong>Bis</strong></span> <span class='ocrx_word' id='word_1_662' title='bbox 1300 2249 1382 2279; x_wconf 88' lang='lat' dir='ltr'><strong>deuo</strong></span> <span class='ocrx_word' id='word_1_663' title='bbox 1398 2250 1522 2279; x_wconf 84' lang='lat' dir='ltr'><strong>tandem</strong></span> <span class='ocrx_word' id='word_1_664' title='bbox 1539 2252 1613 2280; x_wconf 79' lang='lat' dir='ltr'><strong>victi</strong></span> <span class='ocrx_word' id='word_1_665' title='bbox 1627 2252 1781 2281; x_wconf 82' lang='lat' dir='ltr'><strong>Messenia</strong></span> <span class='ocrx_word' id='word_1_666' title='bbox 1796 2253 1896 2292; x_wconf 87' lang='lat' dir='ltr'><strong>pubes</strong></span> <span class='ocrx_word' id='word_1_667' title='bbox 1908 2277 1917 2292; x_wconf 90' lang='lat'><strong>,</strong></span> 
     </span>
    </p>

    <p class='ocr_par' dir='ltr' id='par_1_22' title="bbox 1289 2297 1873 2331">
     <span class='ocr_line' id='line_1_95' title="bbox 1289 2297 1873 2331; baseline 0.009 -6"><span class='ocrx_word' id='word_1_668' title='bbox 1289 2299 1402 2326; x_wconf 87' lang='lat' dir='ltr'><strong>montis</strong></span> <span class='ocrx_word' id='word_1_669' title='bbox 1417 2297 1556 2327; x_wconf 82' lang='lat' dir='ltr'><strong>Ithomaei</strong></span> <span class='ocrx_word' id='word_1_670' title='bbox 1573 2297 1709 2327; x_wconf 83' lang='lat' dir='ltr'><strong>deseruit</strong></span> <span class='ocrx_word' id='word_1_671' title='bbox 1728 2300 1873 2331; x_wconf 78' lang='lat' dir='ltr'><strong>tumulos.</strong></span> 
     </span>
    </p>
   </div>
   <div class='ocr_carea' id='block_1_18' title="bbox 1159 2371 2197 3204">
    <p class='ocr_par' dir='ltr' id='par_1_23' title="bbox 1159 2371 2197 3204">
     <span class='ocr_line' id='line_1_96' title="bbox 1166 2371 2189 2414; baseline 0.005 -10"><span class='ocrx_word' id='word_1_672' title='bbox 1166 2371 1318 2404; x_wconf 87' lang='lat' dir='ltr'><strong>Ceterum</strong></span> <span class='ocrx_word' id='word_1_673' title='bbox 1332 2373 1517 2412; x_wconf 81' lang='lat' dir='ltr'><strong>Spartanos,</strong></span> <span class='ocrx_word' id='word_1_674' title='bbox 1535 2372 1642 2405; x_wconf 88' lang='lat' dir='ltr'><strong>diviso</strong></span> <span class='ocrx_word' id='word_1_675' title='bbox 1656 2382 1732 2414; x_wconf 83' lang='lat' dir='ltr'><strong>agro</strong></span> <span class='ocrx_word' id='word_1_676' title='bbox 1747 2375 1924 2414; x_wconf 86' lang='lat' dir='ltr'><strong>Messenio,</strong></span> <span class='ocrx_word' id='word_1_677' title='bbox 1940 2375 2075 2408; x_wconf 91' lang='lat' dir='ltr'><strong>domum</strong></span> <span class='ocrx_word' id='word_1_678' title='bbox 2088 2386 2189 2410; x_wconf 90' lang='lat' dir='ltr'><strong>rever-</strong></span> 
     </span>
     <span class='ocr_line' id='line_1_97' title="bbox 1165 2419 2197 2464; baseline 0.008 -15"><span class='ocrx_word' id='word_1_679' title='bbox 1165 2426 1229 2457; x_wconf 88' lang='lat' dir='ltr'><strong>sos,</strong></span> <span class='ocrx_word' id='word_1_680' title='bbox 1247 2419 1434 2451; x_wconf 87' lang='lat' dir='ltr'><strong>Parthenias</strong></span> <span class='ocrx_word' id='word_1_681' title='bbox 1449 2428 1515 2451; x_wconf 92' lang='lat' dir='ltr'><strong>non</strong></span> <span class='ocrx_word' id='word_1_682' title='bbox 1531 2428 1570 2451; x_wconf 91' lang='lat' dir='ltr'><strong>eo</strong></span> <span class='ocrx_word' id='word_1_683' title='bbox 1588 2429 1653 2460; x_wconf 91' lang='lat' dir='ltr'><strong>quo</strong></span> <span class='ocrx_word' id='word_1_684' title='bbox 1669 2421 1748 2453; x_wconf 88' lang='lat' dir='ltr'><strong>alios</strong></span> <span class='ocrx_word' id='word_1_685' title='bbox 1764 2422 1885 2454; x_wconf 87' lang='lat' dir='ltr'><strong>honore</strong></span> <span class='ocrx_word' id='word_1_686' title='bbox 1901 2423 2066 2463; x_wconf 85' lang='lat' dir='ltr'><strong>dignatos,</strong></span> <span class='ocrx_word' id='word_1_687' title='bbox 2085 2426 2197 2464; x_wconf 83' lang='lat' dir='ltr'><strong>utpote</strong></span> 
     </span>
     <span class='ocr_line' id='line_1_98' title="bbox 1164 2466 2195 2507; baseline 0.006 -11"><span class='ocrx_word' id='word_1_688' title='bbox 1164 2474 1228 2497; x_wconf 93' lang='lat' dir='ltr'><strong>non</strong></span> <span class='ocrx_word' id='word_1_689' title='bbox 1241 2474 1282 2497; x_wconf 88' lang='lat' dir='ltr'><strong>ex</strong></span> <span class='ocrx_word' id='word_1_690' title='bbox 1292 2466 1438 2506; x_wconf 86' lang='lat' dir='ltr'><strong>conjugio</strong></span> <span class='ocrx_word' id='word_1_691' title='bbox 1449 2468 1554 2498; x_wconf 91' lang='lat' dir='ltr'><strong>natos.</strong></span> <span class='ocrx_word' id='word_1_692' title='bbox 1563 2469 1675 2507; x_wconf 85' lang='lat' dir='ltr'><strong>Itaque</strong></span> <span class='ocrx_word' id='word_1_693' title='bbox 1688 2469 1887 2507; x_wconf 87' lang='lat' dir='ltr'><strong>Parthenias,</strong></span> <span class='ocrx_word' id='word_1_694' title='bbox 1898 2478 1932 2501; x_wconf 89' lang='lat' dir='ltr'><strong>re</strong></span> <span class='ocrx_word' id='word_1_695' title='bbox 1943 2478 2017 2501; x_wconf 84' lang='lat' dir='ltr'><strong>cum</strong></span> <span class='ocrx_word' id='word_1_696' title='bbox 2028 2471 2195 2503; x_wconf 86' lang='lat' dir='ltr'><strong>Helotibus</strong></span> 
     </span>
     <span class='ocr_line' id='line_1_99' title="bbox 1164 2512 2197 2556; baseline 0.006 -13"><span class='ocrx_word' id='word_1_697' title='bbox 1164 2512 1414 2553; x_wconf 82' lang='lat' dir='ltr'><strong>communicata,</strong></span> <span class='ocrx_word' id='word_1_698' title='bbox 1430 2513 1564 2546; x_wconf 85' lang='lat' dir='ltr'><strong>insidias</strong></span> <span class='ocrx_word' id='word_1_699' title='bbox 1573 2514 1732 2547; x_wconf 82' lang='lat' dir='ltr'><strong>struxisse</strong></span> <span class='ocrx_word' id='word_1_700' title='bbox 1740 2516 1915 2556; x_wconf 84' lang='lat' dir='ltr'><strong>Spartanis,</strong></span> <span class='ocrx_word' id='word_1_701' title='bbox 1933 2516 2008 2548; x_wconf 87' lang='lat' dir='ltr'><strong>data</strong></span> <span class='ocrx_word' id='word_1_702' title='bbox 2020 2519 2139 2548; x_wconf 83' lang='lat' dir='ltr'><strong>tessera</strong></span> <span class='ocrx_word' id='word_1_703' title='bbox 2154 2518 2197 2549; x_wconf 83' lang='lat' dir='ltr'><strong>sa.</strong></span> 
     </span>
     <span class='ocr_line' id='line_1_100' title="bbox 1163 2559 2195 2602; baseline 0.005 -12"><span class='ocrx_word' id='word_1_704' title='bbox 1163 2559 1267 2592; x_wconf 86' lang='lat' dir='ltr'><strong>ciendi</strong></span> <span class='ocrx_word' id='word_1_705' title='bbox 1283 2560 1434 2601; x_wconf 89' lang='lat' dir='ltr'><strong>impetus,</strong></span> <span class='ocrx_word' id='word_1_706' title='bbox 1446 2560 1623 2593; x_wconf 85' lang='lat' dir='ltr'><strong>elevatione</strong></span> <span class='ocrx_word' id='word_1_707' title='bbox 1632 2561 1706 2602; x_wconf 91' lang='lat' dir='ltr'><strong>pilei</strong></span> <span class='ocrx_word' id='word_1_708' title='bbox 1717 2562 1867 2594; x_wconf 89' lang='lat' dir='ltr'><strong>Laconici</strong></span> <span class='ocrx_word' id='word_1_709' title='bbox 1881 2563 1913 2594; x_wconf 93' lang='lat' dir='ltr'><strong>in</strong></span> <span class='ocrx_word' id='word_1_710' title='bbox 1927 2563 2006 2594; x_wconf 85' lang='lat' dir='ltr'><strong>foro.</strong></span> <span class='ocrx_word' id='word_1_711' title='bbox 2021 2563 2081 2595; x_wconf 90' lang='lat' dir='ltr'><strong>Sed</strong></span> <span class='ocrx_word' id='word_1_712' title='bbox 2094 2564 2137 2595; x_wconf 90' lang='lat' dir='ltr'><strong>rei</strong></span> <span class='ocrx_word' id='word_1_713' title='bbox 2149 2565 2195 2595; x_wconf 88' lang='lat' dir='ltr'><strong>in-</strong></span> 
     </span>
     <span class='ocr_line' id='line_1_101' title="bbox 1162 2605 2195 2650; baseline 0.004 -13"><span class='ocrx_word' id='word_1_714' title='bbox 1162 2605 1247 2638; x_wconf 88' lang='lat' dir='ltr'><strong>dicio</strong></span> <span class='ocrx_word' id='word_1_715' title='bbox 1263 2607 1304 2638; x_wconf 88' lang='lat' dir='ltr'><strong>ab</strong></span> <span class='ocrx_word' id='word_1_716' title='bbox 1319 2607 1488 2639; x_wconf 87' lang='lat' dir='ltr'><strong>Helotibus</strong></span> <span class='ocrx_word' id='word_1_717' title='bbox 1501 2608 1694 2648; x_wconf 83' lang='lat' dir='ltr'><strong>quibusdam</strong></span> <span class='ocrx_word' id='word_1_718' title='bbox 1709 2608 1825 2648; x_wconf 87' lang='lat' dir='ltr'><strong>delato,</strong></span> <span class='ocrx_word' id='word_1_719' title='bbox 1844 2611 2015 2650; x_wconf 82' lang='lat' dir='ltr'><strong>Spartanos</strong></span> <span class='ocrx_word' id='word_1_720' title='bbox 2026 2612 2137 2641; x_wconf 88' lang='lat' dir='ltr'><strong>contra</strong></span> <span class='ocrx_word' id='word_1_721' title='bbox 2149 2610 2195 2642; x_wconf 91' lang='lat' dir='ltr'><strong>in-</strong></span> 
     </span>
     <span class='ocr_line' id='line_1_102' title="bbox 1162 2653 2193 2698; baseline 0.004 -14"><span class='ocrx_word' id='word_1_722' title='bbox 1162 2653 1272 2685; x_wconf 90' lang='lat' dir='ltr'><strong>sidiari</strong></span> <span class='ocrx_word' id='word_1_723' title='bbox 1287 2654 1467 2686; x_wconf 83' lang='lat' dir='ltr'><strong>Partheniis</strong></span> <span class='ocrx_word' id='word_1_724' title='bbox 1479 2663 1545 2686; x_wconf 86' lang='lat' dir='ltr'><strong>rem</strong></span> <span class='ocrx_word' id='word_1_725' title='bbox 1557 2655 1690 2687; x_wconf 88' lang='lat' dir='ltr'><strong>duxisse</strong></span> <span class='ocrx_word' id='word_1_726' title='bbox 1704 2655 1879 2694; x_wconf 86' lang='lat' dir='ltr'><strong>difficilem,</strong></span> <span class='ocrx_word' id='word_1_727' title='bbox 1895 2655 1982 2696; x_wconf 89' lang='lat' dir='ltr'><strong>quod</strong></span> <span class='ocrx_word' id='word_1_728' title='bbox 1994 2656 2014 2687; x_wconf 91' lang='lat' dir='ltr'><strong>ii</strong></span> <span class='ocrx_word' id='word_1_729' title='bbox 2027 2658 2059 2687; x_wconf 85' lang='lat' dir='ltr'><strong>et</strong></span> <span class='ocrx_word' id='word_1_730' title='bbox 2076 2665 2193 2698; x_wconf 87' lang='lat' dir='ltr'><strong>magno</strong></span> 
     </span>
     <span class='ocr_line' id='line_1_103' title="bbox 1162 2701 2192 2745; baseline 0.004 -14"><span class='ocrx_word' id='word_1_731' title='bbox 1162 2702 1272 2731; x_wconf 84' lang='lat' dir='ltr'><strong>essent</strong></span> <span class='ocrx_word' id='word_1_732' title='bbox 1287 2709 1434 2740; x_wconf 88' lang='lat' dir='ltr'><strong>numero,</strong></span> <span class='ocrx_word' id='word_1_733' title='bbox 1445 2704 1477 2732; x_wconf 91' lang='lat' dir='ltr'><strong>et</strong></span> <span class='ocrx_word' id='word_1_734' title='bbox 1490 2701 1671 2741; x_wconf 82' lang='lat' dir='ltr'><strong>unanimes,</strong></span> <span class='ocrx_word' id='word_1_735' title='bbox 1684 2703 1802 2742; x_wconf 86' lang='lat' dir='ltr'><strong>quippe</strong></span> <span class='ocrx_word' id='word_1_736' title='bbox 1812 2702 1867 2745; x_wconf 86' lang='lat' dir='ltr'><strong>qui</strong></span> <span class='ocrx_word' id='word_1_737' title='bbox 1884 2711 1918 2733; x_wconf 93' lang='lat' dir='ltr'><strong>se</strong></span> <span class='ocrx_word' id='word_1_738' title='bbox 1934 2705 2046 2734; x_wconf 77' lang='lat' dir='ltr'><strong>mutuo</strong></span> <span class='ocrx_word' id='word_1_739' title='bbox 2056 2712 2115 2743; x_wconf 87' lang='lat' dir='ltr'><strong>pro</strong></span> <span class='ocrx_word' id='word_1_740' title='bbox 2133 2704 2192 2735; x_wconf 85' lang='lat' dir='ltr'><strong>sra-</strong></span> 
     </span>
     <span class='ocr_line' id='line_1_104' title="bbox 1164 2746 2193 2790; baseline 0.004 -12"><span class='ocrx_word' id='word_1_741' title='bbox 1164 2746 1273 2778; x_wconf 88' lang='lat' dir='ltr'><strong>tribus</strong></span> <span class='ocrx_word' id='word_1_742' title='bbox 1288 2747 1444 2779; x_wconf 84' lang='lat' dir='ltr'><strong>haberent</strong></span> <span class='ocrx_word' id='word_1_743' title='bbox 1462 2757 1469 2778; x_wconf 90' lang='lat'>:</span> <span class='ocrx_word' id='word_1_744' title='bbox 1487 2748 1627 2780; x_wconf 85' lang='lat' dir='ltr'><strong>edixisse</strong></span> <span class='ocrx_word' id='word_1_745' title='bbox 1658 2751 1777 2788; x_wconf 83' lang='lat' dir='ltr'><strong>tamen,</strong></span> <span class='ocrx_word' id='word_1_746' title='bbox 1793 2750 1830 2780; x_wconf 89' lang='lat' dir='ltr'><strong>ut</strong></span> <span class='ocrx_word' id='word_1_747' title='bbox 1845 2749 1950 2780; x_wconf 83' lang='lat' dir='ltr'><strong>sorum</strong></span> <span class='ocrx_word' id='word_1_748' title='bbox 1978 2749 2193 2790; x_wconf 86' lang='lat' dir='ltr'><strong>relinquerent</strong></span> 
     </span>
     <span class='ocr_line' id='line_1_105' title="bbox 1162 2793 2192 2838; baseline 0.004 -13"><span class='ocrx_word' id='word_1_749' title='bbox 1162 2793 1218 2833; x_wconf 91' lang='lat' dir='ltr'><strong>qui</strong></span> <span class='ocrx_word' id='word_1_750' title='bbox 1230 2794 1350 2834; x_wconf 88' lang='lat' dir='ltr'><strong>pileum</strong></span> <span class='ocrx_word' id='word_1_751' title='bbox 1366 2795 1495 2827; x_wconf 79' lang='lat' dir='ltr'><strong>fueraut</strong></span> <span class='ocrx_word' id='word_1_752' title='bbox 1506 2795 1539 2826; x_wconf 90' lang='lat' dir='ltr'><strong>in</strong></span> <span class='ocrx_word' id='word_1_753' title='bbox 1550 2795 1619 2826; x_wconf 85' lang='lat' dir='ltr'><strong>soro</strong></span> <span class='ocrx_word' id='word_1_754' title='bbox 1629 2795 1797 2827; x_wconf 87' lang='lat' dir='ltr'><strong>sublaturi.</strong></span> <span class='ocrx_word' id='word_1_755' title='bbox 1812 2798 1861 2827; x_wconf 89' lang='lat' dir='ltr'><strong>Ita</strong></span> <span class='ocrx_word' id='word_1_756' title='bbox 1874 2796 2073 2836; x_wconf 84' lang='lat' dir='ltr'><strong>Parthenias,</strong></span> <span class='ocrx_word' id='word_1_757' title='bbox 2089 2806 2192 2838; x_wconf 90' lang='lat' dir='ltr'><strong>quum</strong></span> 
     </span>
     <span class='ocr_line' id='line_1_106' title="bbox 1163 2841 2189 2883; baseline 0.004 -11"><span class='ocrx_word' id='word_1_758' title='bbox 1163 2841 1360 2881; x_wconf 81' lang='lat' dir='ltr'><strong>patefactum</strong></span> <span class='ocrx_word' id='word_1_759' title='bbox 1393 2850 1489 2873; x_wconf 90' lang='lat' dir='ltr'><strong>suum</strong></span> <span class='ocrx_word' id='word_1_760' title='bbox 1515 2841 1703 2874; x_wconf 88' lang='lat' dir='ltr'><strong>institutum</strong></span> <span class='ocrx_word' id='word_1_761' title='bbox 1730 2842 1963 2883; x_wconf 84' lang='lat' dir='ltr'><strong>intelligerent,</strong></span> <span class='ocrx_word' id='word_1_762' title='bbox 1991 2852 2062 2875; x_wconf 87' lang='lat' dir='ltr'><strong>sese</strong></span> <span class='ocrx_word' id='word_1_763' title='bbox 2090 2844 2189 2876; x_wconf 89' lang='lat' dir='ltr'><strong>conti-</strong></span> 
     </span>
     <span class='ocr_line' id='line_1_107' title="bbox 1161 2887 2188 2931; baseline 0.004 -13"><span class='ocrx_word' id='word_1_764' title='bbox 1161 2887 1284 2928; x_wconf 85' lang='lat' dir='ltr'><strong>nuisse,</strong></span> <span class='ocrx_word' id='word_1_765' title='bbox 1299 2890 1330 2919; x_wconf 88' lang='lat' dir='ltr'><strong>et</strong></span> <span class='ocrx_word' id='word_1_766' title='bbox 1347 2890 1521 2928; x_wconf 86' lang='lat' dir='ltr'><strong>Spartanos</strong></span> <span class='ocrx_word' id='word_1_767' title='bbox 1537 2888 1582 2919; x_wconf 89' lang='lat' dir='ltr'><strong>eis</strong></span> <span class='ocrx_word' id='word_1_768' title='bbox 1602 2897 1697 2928; x_wconf 87' lang='lat' dir='ltr'><strong>opera</strong></span> <span class='ocrx_word' id='word_1_769' title='bbox 1712 2891 1882 2928; x_wconf 88' lang='lat' dir='ltr'><strong>parentum</strong></span> <span class='ocrx_word' id='word_1_770' title='bbox 1895 2887 2038 2930; x_wconf 88' lang='lat' dir='ltr'><strong>ipsorum</strong></span> <span class='ocrx_word' id='word_1_771' title='bbox 2059 2899 2188 2931; x_wconf 86' lang='lat' dir='ltr'><strong>persua-</strong></span> 
     </span>
     <span class='ocr_line' id='line_1_108' title="bbox 1160 2934 2190 2976; baseline 0.003 -10"><span class='ocrx_word' id='word_1_772' title='bbox 1160 2935 1254 2973; x_wconf 82' lang='lat' dir='ltr'><strong>sisse,</strong></span> <span class='ocrx_word' id='word_1_773' title='bbox 1271 2937 1306 2965; x_wconf 88' lang='lat' dir='ltr'><strong>ut</strong></span> <span class='ocrx_word' id='word_1_774' title='bbox 1321 2934 1430 2974; x_wconf 84' lang='lat' dir='ltr'><strong>aliquo</strong></span> <span class='ocrx_word' id='word_1_775' title='bbox 1446 2934 1480 2964; x_wconf 92' lang='lat' dir='ltr'><strong>in</strong></span> <span class='ocrx_word' id='word_1_776' title='bbox 1497 2934 1656 2965; x_wconf 84' lang='lat' dir='ltr'><strong>coloniam</strong></span> <span class='ocrx_word' id='word_1_777' title='bbox 1673 2934 1807 2973; x_wconf 85' lang='lat' dir='ltr'><strong>abirent,</strong></span> <span class='ocrx_word' id='word_1_778' title='bbox 1824 2944 1861 2966; x_wconf 91' lang='lat' dir='ltr'><strong>ea</strong></span> <span class='ocrx_word' id='word_1_779' title='bbox 1877 2936 2079 2976; x_wconf 86' lang='lat' dir='ltr'><strong>conditione,</strong></span> <span class='ocrx_word' id='word_1_780' title='bbox 2096 2939 2133 2968; x_wconf 90' lang='lat' dir='ltr'><strong>ut</strong></span> <span class='ocrx_word' id='word_1_781' title='bbox 2147 2947 2190 2969; x_wconf 90' lang='lat' dir='ltr'><strong>ne</strong></span> 
     </span>
     <span class='ocr_line' id='line_1_109' title="bbox 1162 2980 2186 3020; baseline 0.003 -8"><span class='ocrx_word' id='word_1_782' title='bbox 1162 2982 1408 3020; x_wconf 84' lang='lat' dir='ltr'><strong>reverterentur,</strong></span> <span class='ocrx_word' id='word_1_783' title='bbox 1423 2980 1450 3012; x_wconf 86' lang='lat' dir='ltr'><strong>si</strong></span> <span class='ocrx_word' id='word_1_784' title='bbox 1464 2980 1622 3020; x_wconf 85' lang='lat' dir='ltr'><strong>regionem</strong></span> <span class='ocrx_word' id='word_1_785' title='bbox 1638 2980 1714 3020; x_wconf 91' lang='lat' dir='ltr'><strong>ipsis</strong></span> <span class='ocrx_word' id='word_1_786' title='bbox 1729 2981 1943 3014; x_wconf 83' lang='lat' dir='ltr'><strong>sufficientem</strong></span> <span class='ocrx_word' id='word_1_787' title='bbox 1955 2985 2064 3015; x_wconf 84' lang='lat' dir='ltr'><strong>essent</strong></span> <span class='ocrx_word' id='word_1_788' title='bbox 2079 2984 2163 3015; x_wconf 83' lang='lat' dir='ltr'><strong>nacti</strong></span> <span class='ocrx_word' id='word_1_789' title='bbox 2180 2994 2186 3015; x_wconf 94' lang='lat'>:</span> 
     </span>
     <span class='ocr_line' id='line_1_110' title="bbox 1161 3025 2188 3069; baseline 0.003 -10"><span class='ocrx_word' id='word_1_790' title='bbox 1161 3027 1210 3059; x_wconf 90' lang='lat' dir='ltr'><strong>sin</strong></span> <span class='ocrx_word' id='word_1_791' title='bbox 1234 3036 1327 3059; x_wconf 85' lang='lat' dir='ltr'><strong>secus</strong></span> <span class='ocrx_word' id='word_1_792' title='bbox 1338 3051 1347 3066; x_wconf 92' lang='lat'><strong>,</strong></span> <span class='ocrx_word' id='word_1_793' title='bbox 1365 3028 1400 3058; x_wconf 82' lang='lat' dir='ltr'><strong>ut</strong></span> <span class='ocrx_word' id='word_1_794' title='bbox 1417 3025 1535 3057; x_wconf 89' lang='lat' dir='ltr'><strong>reversi</strong></span> <span class='ocrx_word' id='word_1_795' title='bbox 1548 3026 1692 3065; x_wconf 88' lang='lat' dir='ltr'><strong>quintam</strong></span> <span class='ocrx_word' id='word_1_796' title='bbox 1709 3028 1834 3067; x_wconf 87' lang='lat' dir='ltr'><strong>partem</strong></span> <span class='ocrx_word' id='word_1_797' title='bbox 1855 3029 1922 3069; x_wconf 84' lang='lat' dir='ltr'><strong>agri</strong></span> <span class='ocrx_word' id='word_1_798' title='bbox 1939 3029 2092 3061; x_wconf 89' lang='lat' dir='ltr'><strong>Messenii</strong></span> <span class='ocrx_word' id='word_1_799' title='bbox 2107 3030 2188 3063; x_wconf 91' lang='lat' dir='ltr'><strong>obti-</strong></span> 
     </span>
     <span class='ocr_line' id='line_1_111' title="bbox 1162 3072 2186 3113; baseline 0.005 -9"><span class='ocrx_word' id='word_1_800' title='bbox 1162 3075 1283 3104; x_wconf 88' lang='lat' dir='ltr'><strong>nerent.</strong></span> <span class='ocrx_word' id='word_1_801' title='bbox 1302 3073 1353 3104; x_wconf 89' lang='lat' dir='ltr'><strong>Sie</strong></span> <span class='ocrx_word' id='word_1_802' title='bbox 1366 3072 1528 3113; x_wconf 77' lang='lat' dir='ltr'><strong>profectos</strong></span> <span class='ocrx_word' id='word_1_803' title='bbox 1543 3073 1733 3105; x_wconf 86' lang='lat' dir='ltr'><strong>Parthenias</strong></span> <span class='ocrx_word' id='word_1_804' title='bbox 1749 3073 1902 3107; x_wconf 91' lang='lat' dir='ltr'><strong>incidisse</strong></span> <span class='ocrx_word' id='word_1_805' title='bbox 1919 3076 1953 3107; x_wconf 91' lang='lat' dir='ltr'><strong>in</strong></span> <span class='ocrx_word' id='word_1_806' title='bbox 1968 3076 2109 3108; x_wconf 84' lang='lat' dir='ltr'><strong>Achivos</strong></span> <span class='ocrx_word' id='word_1_807' title='bbox 2122 3077 2186 3109; x_wconf 89' lang='lat' dir='ltr'><strong>bel-</strong></span> 
     </span>
     <span class='ocr_line' id='line_1_112' title="bbox 1161 3118 2185 3166; baseline 0.005 -15"><span class='ocrx_word' id='word_1_808' title='bbox 1161 3121 1226 3151; x_wconf 88' lang='lat' dir='ltr'><strong>lum</strong></span> <span class='ocrx_word' id='word_1_809' title='bbox 1245 3121 1389 3160; x_wconf 86' lang='lat' dir='ltr'><strong>gerentes</strong></span> <span class='ocrx_word' id='word_1_810' title='bbox 1405 3120 1518 3150; x_wconf 85' lang='lat' dir='ltr'><strong>contra</strong></span> <span class='ocrx_word' id='word_1_811' title='bbox 1532 3118 1685 3151; x_wconf 86' lang='lat' dir='ltr'><strong>barbaros</strong></span> <span class='ocrx_word' id='word_1_812' title='bbox 1701 3129 1709 3150; x_wconf 79' lang='grc' dir='ltr'><strong>ε</strong></span> <span class='ocrx_word' id='word_1_813' title='bbox 1728 3130 1893 3162; x_wconf 91' lang='lat' dir='ltr'><strong>quumque</strong></span> <span class='ocrx_word' id='word_1_814' title='bbox 1915 3123 2047 3155; x_wconf 88' lang='lat' dir='ltr'><strong>Achivis</strong></span> <span class='ocrx_word' id='word_1_815' title='bbox 2071 3132 2185 3166; x_wconf 87' lang='lat' dir='ltr'><strong>suppe-</strong></span> 
     </span>
     <span class='ocr_line' id='line_1_113' title="bbox 1159 3166 1807 3204; baseline 0.002 -6"><span class='ocrx_word' id='word_1_816' title='bbox 1159 3167 1221 3199; x_wconf 85' lang='lat' dir='ltr'><strong>tias</strong></span> <span class='ocrx_word' id='word_1_817' title='bbox 1240 3166 1403 3204; x_wconf 88' lang='lat' dir='ltr'><strong>tulissent,</strong></span> <span class='ocrx_word' id='word_1_818' title='bbox 1423 3166 1596 3197; x_wconf 83' lang='lat' dir='ltr'><strong>Tarentum</strong></span> <span class='ocrx_word' id='word_1_819' title='bbox 1613 3166 1807 3199; x_wconf 88' lang='lat' dir='ltr'><strong>condidisse.</strong></span> 
     </span>
    </p>
   </div>
   <div class='ocr_carea' id='block_1_19' title="bbox 1640 3244 1701 3276">
    <p class='ocr_par' dir='ltr' id='par_1_24' title="bbox 1640 3244 1701 3276">
     <span class='ocr_line' id='line_1_114' title="bbox 1640 3244 1701 3276; baseline -0.033 0"><span class='ocrx_word' id='word_1_820' title='bbox 1640 3244 1701 3276; x_wconf 79' lang='lat'><strong>54.</strong></span> 
     </span>
    </p>
   </div>
   <div class='ocr_carea' id='block_1_20' title="bbox 1202 3320 2179 3367">
    <p class='ocr_par' dir='ltr' id='par_1_25' title="bbox 1202 3320 2179 3367">
     <span class='ocr_line' id='line_1_115' title="bbox 1202 3320 2179 3367; baseline 0.009 -16"><span class='ocrx_word' id='word_1_821' title='bbox 1202 3320 1366 3352; x_wconf 85' lang='lat' dir='ltr'><strong>Dodonam</strong></span> <span class='ocrx_word' id='word_1_822' title='bbox 1412 3322 1560 3363; x_wconf 87' lang='lat' dir='ltr'><strong>Ephorus</strong></span> <span class='ocrx_word' id='word_1_823' title='bbox 1580 3323 1625 3356; x_wconf 89' lang='lat' dir='ltr'><strong>ait</strong></span> <span class='ocrx_word' id='word_1_824' title='bbox 1656 3333 1674 3356; x_wconf 89' lang='lat' dir='ltr'><strong>a</strong></span> <span class='ocrx_word' id='word_1_825' title='bbox 1692 3325 1833 3367; x_wconf 85' lang='lat' dir='ltr'><strong>Pelasgis</strong></span> <span class='ocrx_word' id='word_1_826' title='bbox 1858 3326 1957 3359; x_wconf 74' lang='lat' dir='ltr'><strong>fuisse</strong></span> <span class='ocrx_word' id='word_1_827' title='bbox 1984 3327 2179 3359; x_wconf 83' lang='lat' dir='ltr'><strong>fundatam:</strong></span> 
     </span>
    </p>
   </div>
  </div>
 </body>
</html>
