2320 3684
593 146 929 189 APOLLODORI
957 147 1316 187 BIBLIOTHECAE
1344 148 1423 199 III,
1456 154 1518 200 11,
1551 155 1612 189 12.

390 235 640 269 ΚΕΦΑΛΑῙΟΝ
660 232 726 266 IB‘.

98 298 155 351 (1)
173 295 370 351 Ἠλέκτρας
389 294 427 334 δὲ
452 296 516 341 τῆς
530 292 719 335 Ἄτλαντος
746 290 806 329 καὶ
824 289 905 334 Διὸς
932 289 1073 330 Ἰασίων

43 356 104 396 καὶΙ
124 356 302 410 Δάρδανος
321 352 490 406 ἐγένοντο.
520 351 537 376 ²
554 349 694 390 Ἰασίων
728 348 791 401 μὲν
829 344 903 399 οὗν,
920 349 1076 403 ἐρασθεὶς

44 415 253 469 Δήμητρος,
270 413 330 452 καὶ
347 410 456 450 θέλων
482 413 718 462 καταισχῦναι
741 407 806 456 τὴν
833 407 922 457 θεὸν,
945 423 1076 462 κεραυ-

44 477 176 512 νοῦται.
196 471 213 496 ³
225 471 403 526 Δάρδανος
419 469 455 508 δὲ
469 469 526 508 ἐπὶ
544 470 596 522 τῷ
614 467 753 521 θανάτῳ
767 470 829 506 τοῦ
850 467 999 521 ἀδελφοῦ
1015 468 1078 505 λυ-

45 531 235 584 πούμενος,
253 527 492 582 Σαμοθρᾴκην
521 526 719 576 ἀπολιπὼν,
740 527 788 570 εἷς
811 525 876 574 τὴν
908 525 1078 580 ἀντίπερα

42 581 187 646 ’ἤπειρον
203 583 299 636 ἦλθε.
313 589 328 615 ⁴
340 587 483 635 Ταύτης
500 585 537 625 δὲ
553 585 736 626 ἐὸασίλευε
751 587 907 639 Τεῦκρος
915 587 1077 636 ποταμοῦ

46 647 281 700 Σκαμάνδρου
298 645 358 684 καὶ
377 644 531 699 Νύμφης
551 643 700 693 Ἰδαίας,
721 642 782 697 ἀφ’
801 637 841 681 οἷ
867 643 926 682 καὶ
955 644 987 682 οἱ
1012 641 1077 690 τὴν

44 706 164 762 γώραν
182 704 368 758 νεμόμενοι
385 706 538 758 Τεῦκροι
555 701 869 758 προσηγορεύοντο.
893 704 910 729 ⁵
924 701 1080 742 Ὑποδε-

44 753 140 819 χθεὶς
158 763 196 804 δὲ
216 763 284 803 ὑπὸ
298 767 360 802 τοῦ
384 761 557 816 βασιλέως
581 761 640 800 καὶ
665 760 784 800 λαθὼν
806 759 910 816 μέρος
936 763 999 808 τῆς
1016 763 1081 813 γῆς

44 823 104 863 καὶ
120 823 184 872 τὴν
205 822 338 862 ἐκείνου
363 819 539 874 θυγατέρα
562 819 727 868 Βάτειαν,
752 818 934 873 Δάρδανον
964 818 1081 857 ἔκτισε

46 881 162 931 πόλιν,
179 879 452 928 τελευτήσαντος
469 878 506 917 δὲ
525 877 703 933 Τεύκρου,
720 877 784 925 τὴν
801 876 920 932 χώραν
939 878 1079 917 ἅπασαν

44 940 244 995 Δαρδανίαν
265 939 424 979 ἐκάλεσε.
443 938 499 991 (2)
524 937 728 990 Γενομένων
759 936 796 976 δὲ
829 940 924 991 αὐτῷ
943 937 1080 976 παίδων

43 997 140 1039 Ἴλου
156 998 216 1038 καὶ
237 997 460 1052 Ἐριχθονίου
473 1028 483 1046 ,
501 990 596 1041 ’Ἶλος
614 996 677 1049 μὲν
692 990 752 1035 οῦν
773 995 878 1040 ἄπαις
892 995 1062 1035 ἀπέθανεν
1072 1012 1081 1021 ·

45 1057 266 1112 Ἐριχθόνιος
303 1056 342 1095 δὲ
376 1054 623 1108 διαδεξάμενος
652 1054 717 1103 τὴν
751 1055 944 1108 βασιλείαν,
966 1054 1084 1107 γήμας

45 1116 237 1170 Ἀστυόχην
250 1115 314 1163 τὴν
329 1113 537 1167 Σιμόεντος,
548 1120 664 1154 τεκνοῖ
673 1116 794 1169 Τρῶα.
811 1115 828 1141 2
840 1109 953 1158 Οῧτος
968 1130 1084 1168 παρα-

44 1174 162 1215 λαὸὼν
193 1174 258 1222 τ-ὴν
282 1173 476 1227 βασιλείαν,
512 1172 576 1221 τὴν
614 1172 678 1225 μὲν
712 1172 834 1227 χώραν
873 1173 932 1227 ἀφ’
959 1175 1083 1212 ἑαυτοῦ

46 1233 179 1289 Τροίαν
189 1233 347 1273 ἐκάλεσε.
358 1232 431 1273 Καὶ
449 1231 567 1285 γήμας
581 1231 804 1286 Καλλιῤῥόην
824 1231 888 1279 τὴν
909 1232 1085 1284 Σκαμάν-

47 1295 150 1348 δρου,
174 1299 279 1346 γεννᾷ
306 1291 480 1346 θυγατέρα
515 1290 579 1343 μὲν
612 1291 863 1346 Κλεοπάτραν,
891 1293 1020 1335 παῖδας
1048 1289 1085 1329 δὲ

46 1345 144 1391 ’Ἶλον
170 1351 230 1391 καὶ
251 1350 468 1405 Ἀσσάρακον
482 1349 546 1389 καὶ
579 1352 608 1390 Γ
610 1349 805 1401 ανυμήδην.
825 1349 985 1388 3Τοῦτον
1021 1348 1085 1400 μὲν

47 1404 107 1450 οῦν
129 1410 188 1449 διὰ
206 1409 335 1454 κάλλος
355 1409 562 1463 ἀναρπάσας
580 1408 668 1454 Ζεὺς
687 1409 732 1448 δι’
751 1410 873 1458 ἀετοῦ,
891 1411 977 1447 θεῶν
998 1410 1088 1447 οἰνο-

47 1468 131 1523 χόον
148 1470 184 1508 ἐν
203 1469 338 1523 οὐρανῷ
364 1467 594 1516 κατέστησεν.
613 1473 631 1498 4
649 1467 869 1521 Ἀσσαράκου
889 1465 927 1506 δὲ
946 1466 1006 1505 καὶ
1024 1466 1089 1506 Ἱε-

51 1527 236 1583 ρομνήμης
251 1530 315 1574 τῆς
333 1526 524 1578 Σιμόεντος
541 1526 684 1571 Κάπυς·
707 1529 768 1564 τοῦ
794 1525 831 1564 δὲ
850 1525 910 1564 καὶ
935 1524 1090 1577 Θέμιδος

47 1591 111 1635 τῆς
126 1586 223 1626 Ἴλου
241 1579 426 1639 Ἀγχίσης·
445 1580 474 1640 ᾧ
489 1586 534 1624 δι’
554 1584 725 1640 ἐρωτικὴν
753 1584 940 1637 ἐπιθυμίαν
961 1585 1089 1640 Ἀφρο-

50 1645 128 1694 δίτη
161 1645 393 1694 συνελθοῦσα,
427 1644 570 1684 Αἰνείαν
603 1642 769 1696 ἐγέννησε
799 1643 859 1682 καὶ
890 1643 1022 1698 Λύρον,
1054 1643 1091 1688 ὃς

51 1704 156 1749 ἄπαις
171 1702 335 1743 ἀπέθανε.

103 1765 158 1817 (3)
173 1757 270 1808 Ἶλος
286 1765 324 1803 δε
340 1766 388 1808 εἷς
403 1763 564 1820 Φρυγίαν
587 1762 816 1819 ἀφικόμενος,
845 1764 906 1804 καὶ
933 1766 1090 1804 καταλα-

52 1823 123 1864 6ὼν
144 1822 211 1862 ὑπὸ
227 1827 288 1862 τοῦ
311 1822 484 1876 βασιλέως
500 1822 619 1862 αὐτόθι
636 1823 832 1876 τεθειμένον
851 1826 990 1877 ἀγῶνα,
1010 1830 1091 1878 νικᾷ

51 1883 169 1931 πάλην
183 1898 191 1906 ·
209 1883 226 1908 2
236 1882 296 1921 καὶ
311 1880 430 1921 λαὸὼν
449 1876 553 1921 ἆθλον
565 1881 786 1930 πεντήκοντα
804 1881 948 1937 κούρους
961 1882 1021 1921 καὶ
1031 1881 1092 1921 κό-

56 1957 116 1996 ρας
125 1941 188 1985 τὰς
204 1939 294 1989 ἴσας,
312 1939 430 1984 δόντος
445 1942 540 1994 αὐτῷ
556 1944 618 1980 τοῦ
632 1940 804 1994 βασιλέως
817 1941 908 1980 κατὰ
927 1941 1089 1996 χρησμὸν

4 2035 5 2038 ,
52 2000 111 2039 καὶ
133 2003 214 2053 βοῦν
233 1999 412 2049 ποικίλην,
432 1999 492 2039 καὶ
510 2000 727 2055 φράσαντος,
755 2002 790 2039 ἐν
817 1995 913 2055 ᾧπερ
932 2000 973 2039 ἂν
1002 2001 1089 2050 αὐτὴ

52 2060 153 2111 κλιθῇ
173 2057 289 2113 τόπῳ,
306 2057 407 2097 πόλιν
427 2058 569 2108 κτίζειν,
587 2057 704 2098 εἵπετο
723 2062 767 2112 τῇ
782 2056 848 2111 βοΐ.
867 2059 937 2099 ³‘H
955 2058 992 2098 δὲ
1012 2062 1093 2115 ἀφι-

53 2116 185 2170 κομένη
199 2117 335 2157 ἐπὶτὸν
353 2118 543 2169 λεγόμενον
565 2120 629 2165 τ’ἦς
658 2118 820 2172 Φρυγίας
845 2115 950 2166 Ἄτης
971 2118 1091 2173 λόφον,

52 2176 224 2216 κλίνεται·
243 2175 325 2215 ἔνθα
341 2176 442 2215 πόλιν
462 2176 583 2220 κτίσας
599 2170 714 2225 Ἶλος,
737 2176 869 2225 ταύτην
895 2175 958 2228 μὲν
982 2176 1091 2217 Ἴλιον

44 2235 209 2275 ἐκάλεσε·
224 2238 302 2288 4τῷ
320 2233 356 2273 δὲ
373 2234 430 2274 Διὶ
450 2241 596 2286 σημεῖον
615 2234 801 2287 εὐξάμενος
820 2237 915 2289 αὐτῷ
930 2252 965 2275 τι
976 2240 1093 2291 φανῆ-

53 2310 131 2343 ναι,
164 2294 239 2346 μεθ’
264 2293 401 2347 ἡμέραν
433 2292 473 2332 τὸ
508 2293 657 2338 διιπετὲς
698 2295 905 2334 Παλλάδιον
936 2296 1005 2349 πρὸ
1031 2299 1094 2344 τῆς

55 2356 187 2401 σκηνῆς
199 2352 358 2404 κείμενον
368 2351 547 2391 ἐθεάσατο.
557 2354 573 2379 5
584 2347 655 2392 ἢἮν
668 2351 706 2391 δὲ
717 2355 768 2407 τῷ
777 2352 1092 2408 μεγέθειτρίπηχυ,

9 2408 14 2411 “
54 2417 126 2456 τοῖς
152 2411 189 2450 δὲ
223 2411 307 2450 ποσὶ
333 2410 576 2462 συμὸεὸηκὸς,
611 2411 672 2450 καὶ
706 2414 750 2464 τῇ
780 2411 843 2463 μὲν
881 2411 977 2467 δεξιᾷ
1012 2413 1093 2468 δόρυ

57 2469 240 2525 διηρμένον
258 2469 354 2524 ἕχον,
370 2473 414 2523 τῇ
432 2469 469 2508 δὲ
485 2469 588 2524 ἑτέρᾳ
605 2469 790 2519 ἠλακάτην
809 2471 869 2510 καὶ
888 2470 1074 2526 ἄτρακτον.

111 2531 128 2556 ⁶
140 2529 293 2584 Ἱστορία
311 2528 349 2568 δὲ
366 2532 388 2576 ἡ
408 2529 487 2583 περὶ
506 2534 568 2568 τοῦ
581 2529 786 2569 Παλλαδίου
802 2530 920 2578 τοιήδε
939 2530 1092 2587 φέρεται.

59 2588 158 2628 Φασὶ
174 2591 398 2640 γεννηθεῖσαν
415 2588 480 2637 τὴν
499 2589 646 2636 Ἀθηνᾶν
665 2588 763 2644 παρὰ
784 2589 940 2643 Τρίτωνι
965 2590 1094 2645 τρέφε-

59 2641 191 2702 σθαι,ᾧ
209 2647 363 2702 θυγάτηρ
382 2642 425 2696 ἦν
447 2647 613 2692 Παλλάς·
634 2650 650 2675 7
669 2647 871 2703 ἀμφοτέρας
888 2648 944 2698 δὲ,
962 2651 1094 2689 ἀσκού-

27 2727 30 2728 ’
59 2721 122 2751 σας
137 2706 180 2745 τὰ
196 2706 288 2745 κατὰ
302 2705 471 2759 πόλεμον,
490 2709 537 2751 εἷς
556 2707 771 2761 φιλονεικίαν
792 2707 878 2746 ποτὲ
891 2711 1070 2763 προελθεῖν
1085 2725 1093 2733 ·

62 2765 255 2816 μελλούσης
275 2765 312 2805 δὲ
328 2766 494 2814 πλήττειν
514 2769 578 2814 τῆς
598 2767 808 2816 Παλλάδος,
839 2767 897 2806 τὸν
931 2768 1000 2807 Δία
1028 2784 1095 2823 φο-

61 2822 210 2872 ὅηθέντα
228 2824 292 2872 τὴν
319 2825 438 2877 αἰγίδα
457 2831 650 2879 προτεῖναι.
674 2825 752 2873 Τὴν
780 2825 816 2864 δὲ
843 2826 1094 2876 εὖλαὸηθεῖσαν

63 2881 276 2937 ἀναὸλέψαι,
305 2884 365 2922 καὶ
400 2883 508 2928 οὕτως
540 2883 607 2922 ὑπὸ
633 2887 696 2932 τῆς
722 2885 868 2933 Ἀθηνᾶς
902 2889 1094 2940 τρωθεῖσαν

63 2946 192 2980 πεσεῖν.
212 2942 230 2967 8
246 2942 392 2990 Ἀθηνᾶν
413 2942 472 2992 δὲ,
492 2942 683 2996 περίλυπον
704 2943 759 2982 ἐπ’
780 2947 868 2997 αὐτῇ
890 2944 1094 2996 γενομένην,

64 2996 181 3044 ξόανον
202 3001 335 3049 ἐκείνης
351 3000 470 3053 δ’μοιον
487 3001 818 3051 κατασκευάσασαν,
839 3003 930 3054 [καὶ]
947 3007 1098 3058 περιθεῖ-

64 3072 121 3098 ναι
135 3064 205 3102 τοῖς
223 3058 376 3114 στέρνοις
393 3060 435 3108 ἣν
455 3059 583 3099 ἔδεισεν
599 3060 737 3113 αἰγίδα,
755 3060 814 3100 καὶ
831 3068 937 3116 τιμᾷν
955 3063 1098 3117 ἱδρυσα-

64 3114 175 3168 μένην
186 3117 283 3172 παρὰ
292 3121 343 3173 τῷ
361 3119 430 3158 Διί.
451 3119 648 3173 9“Υστερον
668 3118 704 3158 δὲ
716 3118 912 3175 Ἠλέκτρας
922 3121 1013 3159 κατὰ
1031 3121 1095 3169 τὴν

67 3175 194 3229 φθορὰν
222 3177 336 3231 τούτῳ
365 3178 635 3232 προσφυγούσης
646 3210 656 3228 ,
686 3179 865 3233 διαρρῖψαι
885 3180 961 3231 μετ’
991 3181 1099 3227 αὐτῆς

64 3231 126 3270 καὶ
144 3233 184 3271 τὸ
205 3235 407 3274 Παλλάδιον
426 3238 473 3280 εἷς
491 3235 555 3283 τὴν
576 3236 711 3276 Ἰλιάδα
730 3237 850 3292 χώραν
862 3252 870 3260 ·
891 3239 923 3266 10
939 3232 1033 3277 ’Ἶλον
1061 3238 1098 3276 δὲ

2090 153 2163 188 169

1533 248 1672 281 CAPUT
1691 247 1764 280 XII.

1177 302 1224 343 (1)
1246 302 1374 337 Electra
1387 327 1397 345 ,
1421 305 1561 339 Atlantis
1578 305 1662 347 filia,
1684 315 1726 339 ex
1753 307 1837 339 Jove
1854 305 2015 339 Iasionem
2037 307 2070 339 et
2090 308 2167 339 Dar-

1134 365 1256 400 danum
1281 370 1416 410 peperit.
1435 377 1450 395 2
1461 373 1607 410 Quorum
1626 372 1735 405 Iasion
1765 371 1892 405 Cereris
1916 380 2026 404 amore
2051 373 2167 414 captus

1134 433 1232 472 atque
1238 431 1331 464 deam
1341 434 1465 467 tentare
1471 436 1584 469 volens
1594 436 1730 470 fulmine
1738 437 1824 470 ictus
1836 436 2001 469 occubuit.
2014 440 2028 460 ⁵
2038 438 2081 470 At
2092 438 2171 470 Dar-

1136 495 1242 528 danus
1261 496 1304 528 oh
1326 497 1436 531 fratris
1451 508 1564 532 necem
1580 510 1720 534 moerore
1742 501 1909 536 consectus
1924 527 1934 543 ,
1960 502 2170 535 samothrace

1136 558 1267 599 relicta,
1280 559 1315 591 in
1330 561 1550 594 continentem
1565 572 1603 596 ex
1621 564 1757 597 adverso
1773 565 1870 598 sitam
1884 565 2019 606 trajecit.
2036 568 2050 589 ⁴
2062 565 2170 606 Hujus

1137 632 1195 656 rex
1210 625 1279 657 erat
1293 625 1415 657 Teucer
1431 626 1617 659 Scamandri
1633 628 1725 660 fluvii
1743 630 1776 661 et
1792 629 1889 662 Idaeae
1904 629 2058 671 nymphae
2070 629 2171 670 filius,

1138 696 1157 720 a
1169 696 1236 729 quo
1257 688 1357 721 etiam
1372 689 1429 730 qui
1445 690 1609 731 regionem
1628 692 1717 724 illam
1732 694 1916 726 incolebant
1932 694 2048 727 Teucri
2063 693 2172 727 nomi·

1138 752 1310 785 nabantur.
1326 757 1340 777 ὕ
1352 753 1500 795 Hospitio
1517 763 1536 786 a
1549 763 1622 796 rege
1636 759 1790 798 exceptus
1801 759 1982 799 Dardanus,
1994 758 2069 791 data
2078 761 2173 792 terroe

1139 818 1230 858 parte
1245 819 1278 850 et
1291 818 1390 851 Batea
1403 818 1490 851 illius
1504 818 1570 852 filia
1591 820 1706 861 ducta,
1726 822 1916 854 Dardanum
1933 823 2048 856 urbem
2065 824 2174 857 condi·

1140 879 1189 912 dit
1202 880 1247 920 et,
1261 880 1415 913 defuncto
1431 883 1568 922 Teucro,
1581 883 1770 916 universam
1790 885 1955 926 regionem
1977 886 2174 919 Dardaniam

1140 945 1335 978 nominavit.
1355 946 1401 987 (2)
1417 946 1518 979 Filios
1535 947 1650 980 habuit
1664 948 1750 981 Ilum
1765 950 1798 982 et
1811 951 2078 992 Erichthonimn;
2097 960 2175 993 quo-

1141 1018 1216 1041 rum
1231 1009 1299 1042 Ilus
1312 1009 1412 1042 nullis
1429 1011 1590 1052 susceptis
1602 1011 1711 1044 liberis
1726 1021 1743 1045 e
1759 1013 1826 1045 vita
1843 1013 1992 1055 decessit,
2006 1014 2175 1049 Erichtho-

1141 1076 1217 1108 nius
1230 1078 1338 1109 autem
1353 1077 1389 1108 in
1401 1085 1499 1118 regno
1515 1078 1616 1119 patris
1630 1087 1797 1111 successor
1810 1088 1848 1112 ex
1864 1081 2023 1121 Astyoche
2037 1082 2179 1114 Simoen·

1141 1140 1185 1173 tis
1195 1140 1260 1173 lilia
1271 1141 1382 1183 genuit
1392 1144 1520 1175 Troem.
1533 1145 1547 1165 ⁹
1556 1143 1618 1175 Hic
1633 1145 1707 1184 post
1719 1148 1843 1184 patrem
1860 1146 2004 1186 regnavit
2014 1147 2046 1178 et
2058 1147 2178 1179 terram

1143 1212 1163 1235 a
1177 1212 1212 1236 se
1222 1203 1293 1246 ipso
1303 1206 1432 1247 Trojam
1447 1206 1645 1247 nominavit;
1661 1216 1699 1240 ac
1712 1207 1813 1240 ducta
1824 1207 2012 1250 Callirrhoe,
2030 1211 2179 1242 Scaman-

1145 1267 1214 1309 dri,
1229 1267 1327 1300 filiam
1348 1269 1460 1310 genuit
1481 1269 1688 1311 Cleopatram
1699 1293 1709 1310 ‚
1728 1271 1812 1304 filios
1836 1271 1921 1304 Ilum
1932 1296 1942 1313 ,
1965 1274 2179 1314 Assaracum,

1146 1332 1369 1373 Ganymeden.
1382 1337 1396 1357 ³
1407 1335 1504 1366 Hunc
1513 1334 1556 1367 ob
1570 1335 1714 1376 corporis
1730 1335 1868 1368 formam
1879 1339 2009 1378 raptum
2023 1346 2080 1378 per
2093 1337 2180 1378 aqui-

1146 1396 1212 1429 lam
1235 1397 1363 1439 Jupiter
1378 1398 1512 1431 deorum
1529 1399 1715 1441 pincernam
1729 1400 1762 1432 in
1779 1401 1860 1433 coelo
1869 1402 2048 1434 constituit.
2064 1406 2078 1424 ⁴
2088 1404 2182 1435 Assa·

1147 1462 1214 1493 raci
1230 1470 1270 1494 ex
1289 1461 1517 1495 Hieromneme
1531 1463 1705 1496 Simoentis
1718 1463 1783 1496 filia
1802 1465 1865 1497 suit
1883 1467 2008 1507 Capys;
2026 1466 2124 1507 hujus
2141 1475 2180 1499 ex

1147 1526 1305 1559 Themide
1314 1551 1324 1567 ,
1348 1526 1386 1558 lli
1422 1526 1488 1559 filia
1500 1551 1510 1568 ,
1540 1528 1698 1561 Anchises
1712 1551 1722 1568 ‚
1759 1538 1901 1570 quocum
1931 1532 2043 1562 Venus
2074 1539 2183 1564 amore

1149 1589 1287 1632 flagrans
1311 1599 1483 1632 congressa
1507 1593 1642 1624 AEneam
1667 1593 1791 1634 peperit
1811 1595 1844 1626 et
1858 1595 1982 1635 Lyrum
1995 1618 2005 1635 ,
2019 1594 2078 1636 qui
2096 1594 2182 1627 diem

1149 1654 1231 1687 obiit
1249 1654 1348 1687 nullis
1363 1655 1485 1688 relictis
1498 1655 1618 1688 liberis.

1193 1766 1239 1808 (3)
1254 1766 1321 1800 Ilus
1334 1776 1437 1809 quum
1451 1767 1486 1800 in
1492 1768 1667 1810 Phrygiam
1679 1769 1820 1801 venisset
1831 1778 1897 1811 quo
1907 1772 2052 1811 tempore
2066 1770 2134 1802 ludi
2143 1770 2185 1803 ab

1150 1825 1247 1866 hujus
1256 1826 1352 1859 terrae
1367 1835 1439 1867 rege
1454 1826 1718 1868 instituebantur,
1726 1827 1806 1860 vicit
1815 1828 1976 1870 palaestra,
1989 1833 2002 1852 ²
2012 1832 2044 1861 et
2058 1829 2186 1870 praemii

1150 1883 1222 1916 loco
1244 1893 1363 1926 pueros
1387 1885 1623 1926 quinquaginta
1647 1886 1851 1927 totidemque
1877 1887 1958 1919 filias
1981 1888 2117 1929 accepit.
2135 1888 2186 1921 Ad

1150 1944 1220 1976 baec
1232 1953 1272 1976 ex
1286 1943 1408 1976 oraculi
1421 1945 1580 1977 sententia
1594 1953 1650 1977 rex
1660 1945 1749 1977 dedit
1761 1945 1879 1978 bovem
1897 1946 2103 1988 discolorem,
2116 1949 2188 1989 Jus-

1151 2002 1257 2044 sitque
1272 2005 1309 2035 ut
1324 2002 1381 2034 ubi
1402 2002 1455 2035 illa
1472 2003 1682 2045 procubuerit
1698 2003 1812 2036 urbem
1834 2005 1998 2037 conderet.
2021 2006 2078 2038 Ille
2090 2007 2188 2047 igitur

1151 2065 1283 2094 secutus
1299 2064 1348 2094 est
1359 2061 1495 2102 bovem;
1513 2067 1527 2086 ³
1539 2071 1613 2103 quae
1624 2062 1681 2094 ubi
1692 2062 1725 2094 in
1744 2063 1885 2104 Phrygia
1900 2064 1941 2096 ad
1960 2067 2037 2096 Ates
2052 2065 2186 2108 collem,

1151 2130 1250 2162 quem
1263 2123 1393 2161 vocant,
1405 2122 1564 2163 pervenit,
1579 2122 1680 2153 humo
1693 2121 1879 2163 procubuit.
1896 2124 1970 2160 Quo
1986 2123 2020 2154 in
2033 2123 2104 2155 loco
2119 2124 2187 2156 Ilus

1152 2180 1267 2213 urbem
1284 2180 1449 2221 condidit,
1481 2189 1581 2221 quam
1600 2181 1782 2213 nominavit
1797 2181 1903 2213 Ilium.
1922 2187 1935 2206 ⁴
1952 2185 2058 2223 Atque
2071 2184 2187 2216 Jovem

1151 2242 1304 2282 precatus
1325 2243 1363 2273 ut
1384 2241 1514 2282 signum
1537 2241 1669 2282 aliquod
1692 2241 1754 2274 sibi
1776 2242 1973 2282 ostenderet,
1997 2243 2153 2284 postridie
2168 2252 2187 2275 a

1153 2299 1235 2332 coelo
1248 2299 1417 2341 delapsum
1433 2299 1616 2332 Palladium
1635 2301 1710 2333 ante
1726 2301 1903 2333 tentorium
1926 2302 2104 2342 conspexit.
2122 2307 2136 2325 ¹⁵
2150 2302 2187 2334 Id

1152 2361 1221 2391 erat
1232 2358 1455 2400 magnitudine
1467 2360 1568 2391 trium
1582 2359 1746 2400 cubitum,
1757 2360 1940 2401 conjunctis
1951 2361 2100 2402 pedibus,
2111 2361 2187 2393 dex-

1153 2420 1205 2451 tra
1220 2418 1338 2451 elatam
1354 2420 1468 2451 tenens
1480 2418 1620 2458 hastam,
1637 2418 1769 2451 sinistra
1783 2419 1892 2451 colum
1908 2428 1946 2452 ac
1964 2420 2087 2452 fusum.

1182 2538 1194 2557 ⁶
1219 2541 1267 2572 De
1281 2539 1424 2571 Palladio
1440 2539 1579 2571 narratio
1593 2539 1694 2572 fertur
1705 2539 1813 2571 haecce
1825 2549 1832 2571 :
1845 2539 1942 2580 Ajunt
1954 2542 2061 2571 natam
2071 2538 2187 2570 Miner-

1154 2607 1231 2630 vam
1248 2598 1335 2639 apud
1358 2598 1523 2630 Tritonem
1541 2598 1712 2631 educatam
1729 2606 1813 2634 esse,
1832 2598 1883 2630 cui
1903 2598 1968 2629 tilia
1983 2599 2052 2629 erat
2067 2597 2186 2630 Pallas.

1154 2660 1167 2680 ⁷
1183 2656 1305 2689 Ambas
1333 2659 1440 2688 autem
1466 2656 1511 2688 rei
1540 2656 1665 2689 bellicae
1691 2656 1854 2688 studiosas
1887 2656 1920 2686 in
1948 2655 2187 2688 contentionem

1154 2716 1330 2757 aliquando
1346 2715 1528 2748 devenisse.
1545 2718 1593 2748 Ac
1605 2724 1707 2756 quum
1721 2715 1825 2747 Pallas
1835 2714 1901 2755 jam
1916 2714 1949 2745 in
1966 2723 2004 2746 eo
2019 2714 2134 2746 suisset
2149 2717 2187 2747 ut

1154 2775 1275 2807 vulnus
1289 2775 1444 2808 Minervae
1457 2774 1623 2815 infligeret,
1634 2776 1762 2812 Jovem,
1775 2772 1849 2804 filiae
1860 2772 2037 2812 timentem,
2050 2773 2187 2814 aegidem

1155 2834 1312 2876 objecisse
1325 2859 1335 2876 ,
1350 2835 1383 2866 in
1398 2843 1497 2875 quam
1510 2833 1588 2865 dum
1601 2833 1705 2865 Pallas
1723 2831 1915 2864 mirabunda
1927 2832 2040 2864 oculos
2055 2841 2186 2865 conver-

1156 2896 1260 2934 tisset,
1276 2903 1295 2926 a
1309 2894 1455 2926 Minerva
1473 2893 1676 2925 vulneratam
1698 2890 1862 2923 cecidisse.
1879 2898 1892 2915 ο
1907 2891 2087 2923 Minervam
2111 2901 2188 2925 vero

1156 2963 1296 2986 moerore
1326 2953 1503 2985 confectam
1536 2951 1746 2983 simulacrum
1771 2949 1842 2990 eJ‘us
1868 2949 1972 2999 simile
1993 2949 2129 2991 fecisse,
2155 2952 2188 2983 et

1156 3013 1362 3054 circumJ‘ecta
1375 3012 1443 3052 ejus
1455 3010 1576 3052 pectori
1587 3018 1683 3050 quam
1693 3008 1799 3040 Pallas
1811 3008 1961 3041 timuerat
1971 3008 2084 3051 aegide,
2094 3009 2188 3050 juxta

1158 3075 1177 3105 J
1180 3081 1273 3105 ovem
1290 3072 1371 3103 hanc
1384 3070 1557 3110 imaginem
1572 3068 1704 3100 honoris
1716 3075 1832 3100 caussa
1843 3068 2028 3101 collocasse.
2046 3071 2061 3091 ⁹
2073 3070 2188 3102 Postea

1158 3134 1267 3164 tamen
1284 3138 1384 3171 quum
1398 3128 1524 3160 Electra
1540 3127 1657 3159 vitiata
1671 3127 1711 3159 ad
1734 3127 1824 3159 illam
1846 3127 2054 3169 confugisset,
2071 3128 2187 3160 Miner-

1159 3198 1234 3221 vam
1252 3186 1419 3229 (Jovem.³)
1443 3194 1518 3217 cum
1532 3185 1603 3226 ipsa
1623 3185 1720 3217 etiam
1736 3185 1916 3218 Palladium
1932 3186 1966 3217 in
1986 3187 2105 3218 terram
2120 3186 2188 3219 uia-

1157 3259 1229 3282 cam
1249 3247 1412 3289 deJecisse.
1433 3250 1459 3269 ¹⁰
1470 3247 1553 3279 Ilum
1578 3256 1656 3279 vero
1680 3246 1889 3279 simulacrum
1904 3246 1984 3279 illud
2001 3247 2139 3280 coluisse
2153 3248 2186 3280 in

69 3291 192 3332 τούτου
223 3294 304 3334 ναὸν
321 3297 635 3336 κατασκευάσαντα
660 3303 779 3351 τιμᾷν.
820 3298 890 3337 Καὶ
922 3299 1001 3352 περὶ
1034 3298 1097 3349 μὲν
1157 3307 1278 3348 templo
1294 3307 1323 3339 ei
1339 3309 1504 3340 exstructo
1527 3307 1713 3348 repositum.
1732 3307 1811 3339 Haec
1832 3308 1909 3339 sunt
1927 3314 2001 3347 quae
2016 3307 2188 3342 nar-‚rantur

73 3352 275 3391 Παλλαδίου
292 3358 403 3393 ταῦτα
418 3354 558 3407 λέγεται

1159 3365 1199 3397 ‹le
1214 3363 1368 3396 Palladio.
