2320 3684
1005 164 1021 177 Γ
1046 156 1121 186 QAEQ

748 191 777 208 ι
837 165 914 205 ιέγὲ,
941 185 1098 213 (vcra.)
1096 160 1131 201 &2²9

1130 144 2165 221 &QWWWWQQ

578 187 1654 477 PHILISTI

741 600 1488 684 FRAGMENTA.

995 795 1250 814 -Οθῠ-

445 925 710 969 ΙΣΤΟΡΙΑΙ.

382 1021 538 1060 LIBER
566 1019 775 1060 PRIMUS.

112 1155 259 1194 Theon.
277 1156 480 1205 Progymn.
493 1167 531 1205 p.
553 1155 611 1191 16.
633 1153 784 1191 Heins.:
802 1151 957 1205 Ἔχουσι
976 1151 1012 1190 δὲ
1031 1153 1091 1191 καὶ

59 1213 140 1268 περὶ
163 1213 339 1252 Δαιδάλου
362 1216 424 1260 τῆς
452 1212 598 1267 ἀφίξεως
622 1212 708 1267 πρὸς
736 1211 912 1251 Κωκαλὸν
930 1212 990 1251 τὸν
1022 1214 1091 1251 Σι-

60 1275 177 1311 κανῶν
201 1271 361 1325 βασιλέα,
378 1270 530 1326 ’Ἔφορος
546 1270 608 1323 μὲν
628 1273 663 1310 ἐν
681 1273 725 1325 τῇ
747 1272 787 1320 ζ’,
806 1270 977 1315 Φίλιστος
995 1269 1031 1309 δὲ
1057 1272 1092 1310 ἐν

61 1333 105 1379 τῆ
127 1330 265 1385 πρώτῃ.

113 1449 281 1499 Dionys.
317 1451 364 1486 H.
406 1452 452 1487 A.
490 1451 537 1487 R.
561 1452 580 1486 I
600 1478 611 1497 ,
644 1461 725 1486 22:
752 1447 805 1487 Τὸ
843 1446 906 1499 μὲν
939 1440 997 1485 οῦν
1025 1448 1093 1486 Σι-

64 1505 202 1545 κελικὸν
230 1505 328 1559 γένος
353 1505 462 1550 οὕτως
481 1505 635 1552 ἐξέλιπεν
655 1505 825 1558 Ἰταλίαν,
855 1507 902 1549 ὡς
924 1505 986 1556 μὲν
1008 1505 1094 1544 Ἑλ·-

10 1563 16 1567 '
62 1563 203 1609 λᾶνικός
232 1581 330 1619 φησι,
347 1565 447 1620 τρίτῃ
477 1571 580 1619 γενεᾷ
608 1564 774 1619 πρότερον
802 1567 871 1603 τῶν
906 1566 939 1603 Τ
942 1566 1093 1618 ρωϊκῶν,

62 1622 250 1672 Ἀλκυόνης
278 1622 471 1678 ἱερωμένης
502 1625 537 1662 ἐν
565 1622 684 1677 Ἄργει
717 1623 810 1662 κατὰ
838 1622 878 1661 τὸ
904 1621 1003 1661 ἕκτον
1033 1622 1093 1661 καὶ

63 1682 218 1722 εἰκοστὸν
235 1682 320 1727 ἔτος.
341 1682 417 1722 Δύο
440 1681 508 1737 γὰρ
530 1688 624 1721 ποιεῖ
648 1681 791 1726 στόλους
810 1681 1003 1726 Ἰταλικους
1020 1682 1094 1720 δια-

67 1741 197 1787 6άντας
210 1744 258 1787 εἷς
272 1741 474 1782 Σικελίαν.
492 1744 562 1786 ,ὡς
578 1741 616 1780 δὲ
631 1742 802 1786 Φίλιστος
820 1745 838 1781 ὁ
857 1740 1096 1796 Συρακούσιος

63 1800 204 1856 ἔγραψε,
222 1799 346 1855 χρόνος
365 1800 428 1854 μὲν
445 1803 507 1848 τῆς
536 1801 731 1846 διαδάσεως
753 1795 839 1849 ἦν’
820 1817 896 1845 ετος
924 1801 1095 1854 ὀγδοηκο-

63 1860 144 1900 στὸν
166 1860 233 1914 πρὸ
252 1864 315 1899 τοῦ
336 1862 499 1915 Τρωϊκοῦ
518 1859 687 1912 πολέμου·
707 1859 801 1905 ἔθνος
815 1859 910 1899 δὲτὸ
929 1861 1095 1912 διακομι-

64 1917 142 1958 σθὲν
162 1918 198 1965 ἐξ
218 1919 388 1969 Ἰταλίας,
408 1919 487 1959 οὔτε
506 1921 679 1969 Σικελῶν,
704 1919 784 1959 οὔτε
799 1918 988 1996 ΗΑὗσόνων,
1022 1919 1095 1958 οὔτ’

65 1976 245 2030 Ἐλύμων,
280 1977 372 2018 ἀλλὰ
409 1978 564 2031 Λιγύων,
594 1978 737 2032 ἄγοντος
771 1978 894 2024 αὐτους
925 1980 1093 2019 Σικελοῦ·

64 2040 185 2076 τοῦτον
200 2037 230 2076 δ’
247 2031 336 2076 εἷναί
348 2053 452 2092 φησιν
469 2037 540 2077 υἱὸν
559 2038 710 2088 Ἰταλοῦ,
729 2038 789 2077 καὶ
803 2037 880 2083 τους
895 2037 1097 2092 ἀνθρώπους

56 2096 122 2135 ἐπὶ
155 2095 278 2136 τούτου
311 2096 599 2147 δυναστεύοντος,
641 2100 881 2150 ὃνομασθηναι
918 2097 1094 2142 Σικελούς.

22 2150 24 2152 V
66 2153 325 2204 Ἐξαναστῆναι
345 2155 386 2195 δὲ
411 2158 451 2196 ἐκ
474 2160 538 2204 τῆς
565 2159 697 2196 ἑαυτῶν
720 2157 799 2202 τους
817 2158 986 2210 Λίγυαςε
972 2157 1039 2196 υπό
1057 2174 1095 2196 τε

66 2213 271 2311 ’5()μ6ρικῶν
291 2214 571 2269 καὶῠΠελασγῶν.
587 2220 632 2256 V.
653 2217 842 2256 Niebuhr.
862 2221 909 2256 H.
930 2222 974 2257 R.
996 2221 1034 2267 Ι,
1055 2231 1094 2268 p.

97 2288 112 2311 1
131 2287 188 2325 sq.

422 2388 732 2433 HISTORIAE.

387 2493 541 2532 LIBER
563 2492 770 2533 PRIMUS.

565 2585 600 2619 1.

108 2658 221 2690 Exstat
235 2658 267 2690 et
285 2657 424 2690 narratio
439 2657 479 2690 de
494 2657 637 2691 adventu
655 2658 779 2691 Daedali
793 2658 833 2690 ad
852 2656 1007 2692 Cocalum
1018 2682 1027 2699 ‚
1047 2667 1093 2692 re-

68 2713 138 2746 gem
154 2704 363 2745 Sicanorum,
381 2707 452 2737 tum
474 2705 561 2747 apud
584 2706 753 2748 Ephorum
782 2706 816 2739 in
843 2706 1001 2748 septimo,
1021 2707 1094 2740 tum

69 2752 154 2794 apud
170 2751 342 2785 Philistum
357 2752 390 2785 in
410 2753 528 2794 primo.

560 2825 597 2858 2.

109 2892 219 2925 Genus
237 2892 336 2934 igitur
363 2892 507 2926 Siculum
535 2893 662 2926 Italiam
690 2894 738 2926 sic
767 2894 913 2936 reliquit,
943 2899 980 2927 ut
998 2895 1094 2928 refert

73 2938 256 2971 Hellanicus
279 2939 434 2980 Lesbius,
451 2940 557 2973 tribus
576 2941 727 2974 aetatibus
749 2944 823 2974 ante
845 2941 966 2974 bellum
986 2943 1093 2983 Trojii-

70 2992 165 3025 num,
184 2995 269 3018 anno
284 2987 442 3028 vigesimo
464 2988 557 3020 sexto
573 2988 762 3028 sacerdotii,
778 2989 867 3029 quod
881 2989 1023 3030 Alcyone
1039 2993 1094 3022 Ar-

68 3030 116 3072 gis
127 3033 305 3065 exercebat.
322 3036 410 3066 Duas
435 3034 522 3067 enim
544 3035 664 3068 classes
685 3036 812 3068 Italicas
829 3036 862 3068 in
877 3036 1017 3069 Siciliam
1033 3039 1092 3069 tra-

69 3077 181 3119 jecisse
194 3080 332 3113 tradit...
338 3082 447 3121 .‚sed
464 3083 502 3114 ut
524 3082 681 3115 Philistus
697 3084 919 3124 Syracusanus
937 3084 1090 3125 scripsit,

69 3125 208 3167 tempus,
225 3136 290 3168 quo
305 3127 384 3160 isti
376 3138 411 3161 in
428 3105 569 3161 iiisulam
582 3130 788 3170 traJ’ecerunt,
807 3129 870 3162 suit
886 3139 990 3163 annus
1006 3132 1092 3163 octo-

69 3171 210 3210 gesimus
240 3176 314 3207 ante
331 3174 452 3207 bellum
478 3177 665 3218 Trojanum.
693 3179 830 3210 Gentem
846 3186 943 3217 vero,
961 3187 1034 3218 quae
1053 3187 1092 3210 ex

69 3217 161 3250 Italia
183 3228 221 3252 eo
242 3221 425 3254 transvecta
446 3224 515 3262 est,
530 3232 589 3256 nec
603 3224 796 3264 Siculorum,
810 3233 914 3265 neque
924 3228 1091 3256 Ausonum

69 3272 172 3305 neque
187 3266 398 3310 Elymorum‚
423 3270 480 3302 sed
493 3270 648 3311 Ligurum
665 3271 766 3304 fuisse
787 3272 881 3311 dicit,
908 3281 991 3312 quos
1005 3273 1091 3303 Sicu-

71 3309 120 3343 lus
131 3311 280 3346 ducebat
296 3316 390 3347 Hunc
405 3325 483 3348 vero
497 3317 570 3349 Itali
582 3317 684 3363 filium
698 3318 799 3351 suisse
813 3318 903 3357 dicit,
920 3321 1019 3359 atque
1031 3319 1092 3349 hoc

71 3361 220 3399 regnante
235 3361 393 3403 homines,
410 3364 465 3404 qui
481 3373 550 3404 eJus
563 3373 697 3406 imperio
716 3366 885 3407 parebunt,
901 3365 1026 3397 Sic-ulos
1041 3374 1091 3405 ap

1202 972 1319 1011 Diod.
1338 972 1410 1012 Sic.
1428 975 1474 1011 V.
1497 973 1541 1011 6:
1563 973 1653 1027 Περὶ
1680 972 1716 1012 δὲ
1743 976 1812 1013 τῶν
1833 976 2118 1024 κατοικησάντων
2142 977 2179 1016 ἐν

1149 1032 1238 1085 αὐτῇ
1271 1031 1430 1085 (Sicilia)
1460 1030 1610 1087 πρώτων
1641 1035 1826 1083 Σικανῶν,
1855 1036 1974 1083 ἐπειδή
2003 1052 2092 1081 τινες
2108 1040 2177 1076 τῶν

1149 1091 1378 1146 συγγραφέων
1398 1092 1642 1146 διαφωνοῦσιν,
1660 1093 1850 1144 ἀναγκαῖόν
1891 1095 1962 1133 ἔστι
2000 1095 2180 1147 συντόμως

1149 1153 1271 1190 εἰπεῖν.
1301 1151 1472 1195 Φίλιστος
1498 1149 1561 1203 μὲν
1589 1151 1657 1206 γὰρ
1686 1152 1804 1206 φησὶν,
1824 1152 1858 1198 ἐξ
1878 1153 2031 1207 Ἰὃηρίας
2059 1155 2180 1199 αὐτοὺς

1151 1209 1418 1254 ἀποικισθέντας
1437 1213 1647 1258 κατοικῆσαι
1664 1210 1728 1259 τὴν
1746 1215 1865 1261 νῆσον,
1884 1211 1953 1250 ἀπό
1965 1228 2056 1256 τινος
2072 1215 2182 1252 Σικα-

1149 1272 1209 1307 νοῦ
1233 1274 1393 1321 ποταμοῦ
1422 1270 1500 1308 κατ’
1520 1269 1679 1325 Ἰὸηρίαν
1709 1270 1805 1315 ὄντος
1829 1271 2035 1324 τετευχότας
2053 1272 2182 1319 ταύτης

1149 1330 1213 1375 τῆς
1235 1328 1482 1382 προσηγορίας.
1503 1329 1656 1381 Τίμαιος
1675 1329 1711 1368 δὲ
1732 1329 1840 1378 τὴν”
1818 1345 1958 1381 αγνοιαν
1981 1330 2104 1369 τούτου
2120 1335 2181 1370 τοῦ

1151 1403 1378 1459 συγγραφεως
1412 1387 1553 1440 ελέγξας
1587 1388 1719 1442 οἰκριὸιΝ
1703 1405 1740 1434 ις
1779 1389 2010 1444 ἀποφαίνεται
2043 1390 2184 1435 τούτους

1151 1445 1362 1498 αυτόχθονας
1393 1441 1492 1485 εἶναι.
1524 1446 1667 1491 Πολλὰς
1692 1447 1729 1486 δὲ
1756 1449 1861 1486 αὐτοῦ
1894 1448 2056 1513 φέροντος
2089 1451 2183 1488 ἀπο-

1153 1503 1270 1549 δείξεις
1286 1508 1348 1552 τῆς
1363 1505 1495 1544 τούτων
1514 1505 1757 1559 ἀρχαιότητος,
1779 1508 1842 1545 οὐκ
1860 1508 2050 1558 ἀναγκαῖον
2070 1507 2182 1559 ἡγού-

1153 1564 1327 1619 μεθαπερὶ
1335 1563 1466 1604 τούτων
1478 1563 1648 1610 διεξιέναι.
1659 1570 1706 1607 V.
1723 1566 1913 1605 Niebuhr.
1931 1567 1955 1605 l.
1970 1567 2029 1617 l.1‚
2042 1581 2080 1619 p.
2096 1569 2181 1606 106.

1649 1625 1685 1663 4.

1207 1683 1340 1734 Steph.
1361 1686 1449 1733 Byz.
1459 1697 1468 1720 :
1480 1683 1705 1738 Μακτώριον,
1713 1682 1813 1728 πόλις
1824 1684 1988 1729 Σικελίας
1996 1701 2004 1709 ·
2014 1684 2184 1730 Φίλιστος

1152 1741 1296 1797 πρώτῳ,
1327 1742 1370 1789 ἣν
1391 1741 1507 1781 ἔκτισε
1528 1742 1650 1794 μόνην.
1681 1742 1734 1782 Τὸ
1762 1744 1909 1793 ἓθνικὸν,
1940 1746 2182 1795 Μακτωρῖνος.

1154 1800 1276 1850 Μόνην
1291 1810 1519 1853 corruptum
1545 1816 1626 1841 esse
1646 1802 1799 1840 videtur
1818 1817 1865 1841 ex
1882 1803 2092 1842 conditoris
2109 1818 2184 1842 no-

1153 1862 1268 1912 mine,
1298 1862 1346 1900 de
1368 1875 1446 1913 quo
1467 1862 1562 1899 nihil
1581 1871 1822 1913 compertum
1844 1862 2040 1901 habemus.

1206 1979 1314 2018 Idem
1325 1978 1538 2032 εςΎκκαρον,
1566 1978 1666 2023 πόλις
1680 1979 1863 2029 Σικελίας,
1877 1981 1924 2024 ὥς
1940 1979 2112 2024 Φίλιστος
2122 1982 2185 2020 Σι-

1153 2039 1301 2076 κελικῶν
1321 2036 1463 2091 πρώτῳ.
1488 2037 1746 2092 Ἀπολλόδωρος
1772 2038 1802 2077 δ’
1824 2039 1860 2077 ἐν
1881 2037 2031 2092 δευτέρῳ
2051 2040 2184 2093 Χρονι-

1136 2094 1225 2135 ’κῶν
1249 2095 1351 2136 πόλιν
1375 2095 1471 2148 λέγει
1502 2096 1610 2145 αὐτὴν
1631 2097 1674 2135 τὰ
1698 2096 1878 2152 “ruam
1902 2096 2093 2149 Μέμνηται
2122 2100 2186 2145 τῆς

1153 2155 1278 2201 λέξεως
1295 2155 1354 2195 καὶ
1368 2155 1597 2204 Θουκυδίδης.
1617 2155 1786 2211 ε’Υκκαρα
1803 2156 1840 2196 δὲ
1858 2155 2017 2209 πόλισμά
2035 2159 2110 2196 ἐστι
2124 2160 2186 2204 τῆς

1155 2214 1339 2265 Σικελίας,
1362 2214 1456 2254 ἔνθεν
1488 2216 1574 2270 φασὶ
1593 2215 1753 2268 γενέσθαι
1779 2216 1839 2255 καὶ
1869 2213 1984 2256 Λαΐδα
2003 2215 2066 2264 τὴν
2086 2216 2185 2255 ἑταί-

1157 2291 1232 2328 ραν,
1251 2284 1323 2315 etc.

1152 2386 1287 2466 pellatos
1303 2395 1374 2419 esse
1390 2399 1398 2418 ε
1422 2386 1557 2428 Ligures
1573 2387 1682 2420 autem
1695 2386 1737 2419 ab
1753 2386 1885 2420 Umbris
1899 2390 1932 2420 et
1947 2387 2088 2428 Pelasgis
2107 2396 2184 2428 agro

1153 2443 1213 2467 suo
1228 2443 1271 2475 pu
1286 2443 1351 2467 sos.

1192 2543 1239 2574 De
1255 2541 1379 2573 Sicanis
1391 2549 1484 2578 vero,
1499 2540 1613 2582 primis
1626 2541 1744 2574 Siciliae
1756 2541 1881 2580 incolis,
1896 2549 1995 2581 quum
2011 2540 2182 2581 scriptores

1151 2588 1298 2621 nonnulli
1315 2588 1483 2621 sententiis
1499 2588 1636 2628 varient,
1648 2590 1684 2620 ut
1694 2588 1836 2621 breviter
1850 2587 1971 2628 aliquid
1984 2587 2181 2621 disseramus

1150 2636 1368 2668 necessarium
1376 2637 1435 2668 est.
1445 2635 1601 2668 Philistus
1608 2635 1752 2676 quidem,
1762 2645 1802 2667 ex
1812 2635 1913 2667 Iberia
1920 2643 1975 2666 eos
1985 2643 2042 2675 per
2048 2634 2182 2667 coloniae

1151 2683 1378 2716 deductionem
1394 2683 1564 2715 translatos
1579 2683 1613 2714 in
1629 2683 1866 2724 possessionem
1883 2684 1977 2714 terrae
1992 2681 2121 2714 venisse
2136 2682 2181 2714 af-

1150 2730 1280 2770 firmat,
1303 2739 1322 2762 a
1335 2731 1451 2763 Sicano
1466 2755 1475 2771 ‚
1502 2729 1616 2762 Iberiae
1631 2730 1764 2762 flumine
1777 2729 1917 2770 quodam
1932 2751 1941 2767 ‚
1964 2737 2083 2760 nomen
2099 2728 2180 2762 illud

1150 2779 1293 2810 sortitos.
1320 2778 1383 2810 Sed
1400 2777 1560 2817 Timaeus,
1578 2777 1794 2818 ignorantiam
1826 2775 1992 2816 scriptoris
2008 2775 2105 2817 huJus
2133 2785 2178 2809 re-

1151 2825 1278 2864 fellens,
1302 2825 1468 2866 indigenas
1490 2833 1545 2856 eos
1566 2832 1636 2856 esse
1667 2823 1791 2864 liquido
1833 2822 1986 2854 ostendit.
2013 2823 2077 2860 Qui
2101 2823 2180 2865 quia

1151 2873 1271 2904 multas
1287 2872 1327 2904 ad
1340 2870 1625 2903 demonstrandam
1651 2870 1768 2901 horum
1789 2869 2016 2910 antiquitatem
2038 2870 2179 2904 rationes

1150 2919 1263 2959 affert,
1280 2919 1321 2951 de
1333 2919 1386 2951 his
1401 2918 1559 2950 disserere
1574 2926 1640 2949 non
1653 2925 1735 2958 opus
1748 2925 1819 2949 esse
1834 2916 2031 2957 Judicamus.

1647 2971 1684 3004 4.

1192 3025 1397 3062 Mactorium,
1410 3023 1488 3055 urbs
1501 3023 1629 3061 Siciliae,
1644 3021 1685 3054 de
1699 3031 1763 3062 qua
1776 3022 1931 3054 Philistus
1944 3021 2028 3055 libro
2041 3023 2148 3065 primo
2165 3034 2176 3065 ;

1150 3081 1248 3114 quam
1262 3071 1407 3103 condidit
1419 3070 1521 3102 solam
1536 3070 1575 3111 (Ρ)
1607 3069 1746 3109 Gentile‚
1763 3070 1974 3103 Mactorinus.

1646 3133 1683 3157 ὅ).

1192 3179 1387 3217 Hyccamm,
1402 3175 1484 3207 urbs
1500 3175 1630 3215 Siciliae,
1647 3179 1684 3207 ut
1700 3175 1855 3207 Philistus
1872 3174 2051 3208 Sicularum
2067 3185 2175 3209 rerum

1150 3224 1264 3265 primo.
1280 3222 1496 3263 Apollodorus
1509 3223 1618 3254 autem
1634 3222 1667 3254 in
1682 3222 1826 3254 secundo
1841 3222 2089 3262 Chronicorum‚
2104 3232 2174 3255 eam

1150 3271 1263 3302 urbem
1281 3272 1375 3301 vocat
1397 3271 1554 3310 Hyccara.
1569 3269 1718 3302 Meminit
1736 3270 1833 3311 hujus
1848 3270 1988 3303 nominis
2004 3273 2036 3303 et
2051 3271 2175 3311 Thucy-

1148 3317 1250 3349 dides.
1267 3319 1413 3357 Hyccara
1440 3325 1517 3348 vero
1540 3316 1700 3357 oppidum
1718 3318 1769 3350 est
1805 3317 1921 3350 Siciliae
1933 3342 1944 3358 ‚
1962 3318 2048 3350 unde
2077 3318 2173 3350 ctiam

1150 3364 1349 3396 meretricem
1362 3363 1495 3396 Laidem
1512 3365 1614 3396 ortam
1629 3367 1768 3397 narrant.
