2320 3684
140 203 214 238 102

925 190 1169 234 ACU‘SILAI
1196 189 1529 233 FRAGMENTA.

138 285 235 338 μαίῳ
254 284 306 337 (p
333 297 397 333 22,
423 286 467 336 A)
498 281 804 327 κατακολουθησας
828 279 1045 333 Ακουσιλάῳ
1076 279 1169 334 γρά-
1227 296 1354 332 γοντο·
1373 283 1419 326 ὡς
1440 281 1475 320 δὲ
1499 279 1720 323 Ἀκουσίλαος
1741 278 1854 330 λέγει,
1876 276 1963 316 διότι
1984 277 2024 317 τὸ
2045 280 2108 326 τῆς
2136 277 2255 333 ἽῙρας

139 358 207 396 φει·
242 342 315 382 Καί
358 358 443 381 ποτε
465 345 678 393 προαγαγεῖν
717 337 897 391 βουληθεὶς
934 338 1058 382 αὒτους
1088 339 1170 393 περὶ
1229 338 1383 384 ξόανονε
1367 339 1602 388 ἐξηυτέλισαν.

138 403 208 440 τῶν
229 400 384 455 ἀρχαίων
405 402 452 444 εἷς
464 399 587 450 λόγους
604 400 673 436 τῶν
686 398 791 449 τῇδε,
805 395 889 436 ‘tat'
871 397 1092 451 αρχαιότατα
1109 397 1172 436 λέ-

149 475 213 511 γειν
229 461 415 512 ἐπιχειρεῖ,
433 474 513 512 περι
533 455 730 510 Φορωνέως
747 472 785 495 τε
802 459 862 495 τοῦ
876 455 1016 510 πρώτου
1036 458 1074 495 λε
1076 456 1174 510 χθεν

140 534 198 562 τος
213 517 272 556 καὶ
292 516 436 563 Νιόόης.

195 574 333 613 Euseb.
353 579 474 625 Praep.
498 587 556 612 ev.
584 576 648 620 X,
668 586 732 621 ιο,
758 587 796 624 p.
815 573 904 623 489,
923 576 957 611 Α
973 573 1038 624 (ex
1069 574 1174 612 Julio

142 634 365 685 African0):
377 633 462 672 Ἀπὸ
476 632 697 684 Ὠγύγουτου
709 633 793 687 παρ’
805 633 945 676 ἐκείνοις
959 633 1045 686 (τοῖς
1062 633 1175 673 Ἀττι-

143 693 228 745 κοῖς)
252 691 457 745 αὐτόχθονος
479 690 764 741 πιστευθέντος,’
749 693 801 747 εφ’
812 696 851 731 οὗ
870 692 1009 744 γέγονεν
1029 695 1047 731 ὃ
1064 692 1174 744 μέγας

142 752 203 790 καὶ
226 766 362 805 πρωτος
387 752 422 789 ἐν
447 753 491 804 τῇ
520 751 661 803 Ἀττικῇ
683 750 952 802 κατακλυσμὸς,
978 750 1174 805 Φορωνέως

146 809 307 863 Ἀργείων
333 808 626 861 βασιλεύοντος,ε
607 825 654 853 ως
670 809 891 853 Ἀκουσίλαος
909 812 1051 864 ἱστορεῖ,
1070 809 1174 863 μέχρι

144 867 287 921 πρώτης
307 867 556 920 Ὀλυμπιάδος.
633 866 694 917 ἔτη
715 867 902 920 συνάγεται
920 868 1019 920 χίλια
1034 867 1174 908 εἴκοσιν.

198 978 219 1012 J
225 974 357 1025 oseph.
373 975 559 1013 Archaeol.
591 988 624 1022 r,
649 980 683 1019 4,
703 982 814 1014 extr.:
831 973 991 1018 Ἡσίοδός
1010 989 1048 1012 τε
1064 973 1124 1013 καὶ

148 1032 370 1076 Ἀκουσίλαος
433 1035 612 1085 ἱστοροῦσι
634 1031 713 1076 τοὺς
733 1032 899 1086 ἀρχαίους
921 1032 1094 1080 ζήσαντας
1114 1031 1175 1079 ἔτη

147 1091 259 1143 χίλια.

639 1144 699 1183 16.

202 1200 365 1236 Pausan.
399 1200 448 1245 ΙΙ,
485 1198 545 1246 16,
560 1198 596 1246 3,
613 1211 650 1249 p.
678 1198 764 1244 146,
779 1197 828 1235 de
845 1198 1024 1247 Mycene:
1036 1195 1181 1244 Ταύτην

149 1249 238 1295 εἶναι
254 1255 428 1309 θυγατέρα
446 1255 598 1308 Ἰνάχου,
606 1261 756 1308 γυναῖκα
776 1255 812 1293 δὲ
827 1254 1038 1309 Ἀρέστορος,
1050 1254 1094 1293 τὰ
1111 1254 1180 1302 ἔπη

147 1314 265 1366 λέγει,
285 1314 307 1353 ἃ
331 1313 373 1362 δὴ
391 1313 566 1362 υΕλληνες
585 1315 751 1353 καλοῦσιν
774 1313 898 1357 Ἠοίας
919 1313 1090 1364 μεγάλας·
1112 1312 1182 1351 ἀπὸ

149 1373 280 1421 ταύτης
300 1368 358 1412 οῧν
378 1372 556 1425 γεγονέναι
576 1372 636 1411 καὶ
655 1372 695 1410 τὸ
722 1372 832 1424 ὄνομα
860 1374 903 1424 τῇ
923 1371 1038 1412 πόλει.
1058 1369 1128 1412 Ὃν
1145 1371 1183 1411 δὲ

151 1432 236 1485 φασὶ
255 1430 551 1486 προσποιούμενοι
573 1433 721 1469 ἀκοῦσαι
739 1429 842 1481 λόγον
867 1431 953 1482 (leg.
972 1444 1060 1469 cum
1085 1435 1182 1469 Por—

151 1505 247 1529 sono
263 1493 307 1542 τῇ
325 1489 427 1528 πόλει
445 1489 570 1543 φασίν·
591 1488 628 1527 ὃν
643 1488 680 1528 δὲ
698 1492 947 1542 προσποιοῦσιν
969 1489 1184 1543 Ἀκουσιλάῳ

150 1548 282 1601 λόγον),
306 1547 476 1596 Μυκηνέα
499 1548 571 1587 υἱὸν
594 1552 683 1587 εἶναι
711 1547 925 1601 Σπάρτωνος
939 1577 949 1596 ,
980 1549 1182 1602 Σπάρτωνα

153 1607 190 1646 δὲ
210 1606 405 1661 Φορωνέως
422 1636 431 1654 ,
448 1608 512 1646 οὐκ
531 1623 571 1645 αν
588 1606 698 1659 ἔγωγε
718 1606 970 1659 ἀποδεξαίμην,
989 1607 1075 1646 διότι
1094 1606 1184 1659 μηδὲ

154 1666 250 1705 αὐτοὶ
270 1665 554 1717 Λακεδαιμόνιοι.

206 1772 385 1824 Apollod.
405 1775 455 1819 11,
479 1784 512 1818 1,
534 1773 555 1809 3
572 1786 580 1809 :
598 1770 724 1825 Ἄργον
737 1770 795 1810 τὸν
815 1770 999 1819 πανόπτην

156 1829 276 1874 σίλαος
289 1833 420 1882 γηγενῆ
437 1829 543 1882 λέγει.

1069 1770 1187 1811 Ἀκου-

209 1941 386 1993 Apollod.
405 1944 455 1989 ΙΙ,
476 1955 508 1988 1,
523 1943 570 1980 3.
589 1883 749 1984 Ἧόίῗδος
771 1940 829 1979 καὶ
851 1941 1074 1986 Ἀκουσίλαος
1094 1945 1185 1982 Πει-

159 2015 258 2054 ρηνος
275 1999 338 2047 τὴν
362 1998 422 2038 Ἰώ
444 2015 548 2052 φασιν
572 2002 672 2038 εἶναι.

212 2112 395 2163 Apollod.
409 2115 459 2158 ΙΙ,
479 2125 514 2158 2,
537 2059 705 2163 2,Prr113i
724 2112 809 2150 filiae
833 2111 1036 2163 ἐμάνησαν·
1057 2115 1104 2156 ὡς
1122 2113 1185 2164 μὲν

159 2167 322 2227 Ἡσίοδός
341 2185 460 2224 φησιν,
477 2169 531 2208 ὅτι
549 2169 613 2214 τὰς
630 2169 797 2208 Διονύσου
816 2169 958 2215 τελετὰς
978 2173 1015 2209 οὗ
1036 2172 1186 2211 κατεδέ-

162 2304 205 2337 Et
219 2313 321 2344 quum
328 2303 423 2336 vellet
433 2313 488 2336 eos
501 2304 675 2345 aliquando
685 2304 836 2337 inducere
848 2307 884 2336 ut
891 2305 1034 2338 dicerent
1043 2306 1084 2339 de
1097 2307 1194 2340 rebus

168 2350 311 2391 antiquis
327 2350 396 2390 ejus
412 2350 565 2390 civitatis,
589 2351 772 2391 aggreditur
794 2351 901 2384 dicere
922 2361 996 2392 quae
1019 2356 1096 2384 sunt
1114 2354 1194 2385 anti-

165 2397 335 2438 quissima,
354 2397 394 2429 de
410 2397 591 2437 Phoroneo,
608 2398 663 2438 qui
678 2398 785 2430 dictus
801 2400 851 2430 est
865 2399 991 2439 primus
1009 2400 1194 2442 hominum,

165 2447 198 2478 et
213 2444 253 2476 de
269 2444 383 2476 Niobe.

209 2491 259 2523 Ab
274 2493 394 2532 Ogyge,
411 2499 509 2532 quem
523 2491 664 2523 indidem
679 2493 785 2523 satum
801 2500 872 2524 esse
887 2493 1033 2532 credunt,
1052 2493 1114 2526 sub
1131 2503 1196 2535 quo

168 2538 283 2580 ingens
296 2538 375 2570 illud
392 2538 599 2579 primumque
615 2537 788 2577 diluvium,
803 2542 954 2579 regnante
970 2540 1061 2580 Argis
1076 2541 1194 2573 Phoro-

168 2594 228 2617 neo
244 2608 253 2624 ‚
268 2585 407 2617 Atticam
422 2584 582 2617 invasisse
597 2584 765 2616 Acusilaus
782 2588 895 2617 auctor
908 2588 980 2624 est,
999 2587 1039 2618 ad
1055 2587 1194 2628 primam

168 2641 273 2674 usque
288 2632 506 2674 olympiadem
562 2631 639 2664 anni
651 2630 846 2673 colliguntur
856 2632 968 2673 viginti
981 2642 1080 2674 supra
1094 2634 1192 2667 mille.

655 2691 714 2725 15.

209 2742 371 2776 Hesiodus
385 2743 417 2776 et
429 2742 600 2775 Acusilaus
612 2745 744 2775 narrant
759 2742 1061 2784 antiquissimorum
1075 2746 1197 2786 tempo-

171 2798 242 2822 rum
258 2789 407 2821 homines
421 2787 462 2820 ad
474 2787 564 2820 mille
578 2796 682 2821 annos
697 2788 829 2821 vixisse.

212 2900 372 2941 Mycenen
405 2900 516 2932 Inachi
545 2899 645 2931 filiam
654 2923 663 2939 ,
682 2900 846 2932 Acestoris
867 2909 1000 2932 uxorem
1018 2900 1118 2933 fuisse
1140 2901 1195 2933 illo

175 2947 316 2978 carmine
328 2947 478 2978 narratur
488 2970 497 2984 ,
511 2955 592 2987 quas
605 2947 700 2978 Eoeas
713 2954 845 2987 magnas
858 2946 963 2978 Graeci
978 2946 1102 2985 dicunt,
1116 2955 1199 2978 eam-

174 3002 238 3034 que
252 2994 326 3026 urbi
342 3004 461 3027 nomen
474 2995 602 3027 dedisse
615 2996 716 3036 aJ'unt.
731 2996 836 3032 Quem
849 3003 927 3026 vero
945 2995 1097 3027 Acusilao
1113 2995 1199 3026 attri-

174 3042 279 3074 buunt
292 3052 484 3083 sermonem,
495 3046 686 3084 Myceneum
699 3043 863 3085 Spartonis
874 3043 973 3075 fuisse
985 3043 1098 3084 filium,
1109 3045 1199 3084 Spar-

174 3091 284 3120 tonem
305 3090 462 3122 Phoronei
478 3114 487 3128 ,
510 3090 590 3122 milri
612 3091 724 3131 utique
752 3099 817 3122 non
845 3090 1007 3131 probant,
1038 3089 1197 3130 siquidem

175 3144 280 3176 neque
298 3136 562 3168 Lacedaemoniis.

659 3191 718 3223 17.

218 3244 338 3280 Argum
354 3242 518 3281 Panopten
537 3242 658 3281 (omnia
685 3243 789 3275 oculis
804 3243 1000 3292 cernentem)
1032 3242 1200 3275 Acusilaus

179 3294 219 3317 ex
235 3288 320 3318 terra
333 3289 440 3317 ortum
454 3286 544 3318 dicit.

658 3342 671 3372 1
684 3341 719 3373 8.

220 3390 381 3422 Hesiodus
402 3393 433 3422 et
456 3391 624 3422 Acusilaus
647 3393 773 3424 Pirenis
796 3393 893 3425 filiam
923 3396 958 3426 10
980 3403 1051 3426 esse
1075 3393 1198 3425 dicunt.

1284 446 1467 498 Apollod.
1490 446 1541 494 ΙΙ,
1558 443 1596 497 5,
1611 459 1647 492 7,
1677 392 1830 482 tazssum
1854 447 2074 482 Cretensem
2097 441 2256 482 {Anouat-

1231 504 1314 548 λαος
1335 498 1424 543 εἶναι
1443 504 1528 558 φησὶ
1550 503 1608 542 τὸν
1639 501 1967 557 διαπορθμεύσαντα
1996 500 2172 555 Εὐρώπην
2186 500 2256 540 Διί.

1713 563 1775 600 21.

1285 615 1544 668 Apollod.111‚
1565 621 1603 663 4,
1614 621 1648 660 4:
1661 614 1828 654 Ἀκταίων
1847 618 1967 653 τοῦτον
1985 611 2189 660 ἐτελεύτησε
2200 611 2260 652 τὸν

1233 674 1376 726 τρόπον,
1390 677 1436 718 ὥς
1459 673 1679 717 Ἀκουσίλαος
1703 673 1820 726 λέγει,
1847 672 2057 724 μηνίσαντος
2071 674 2134 710 τοῦ
2157 670 2261 723 Διὸς,

1233 731 1286 771 ὅτι
1302 731 1561 784 ἐμνηστεύσατο
1579 731 1754 783 Σεμέλην.

1287 849 1440 888 Probus
1483 850 1531 888 ad
1570 796 1868 900 virgil-2133&-
1902 850 1953 895 ΙΙ,
1989 848 2262 893 482Naoer'ssus

1223 909 1314 957 flos,
1340 918 1383 945 ut
1412 910 1605 945 Acusilaus
1631 905 1759 957 refert,
1782 921 1806 944 a
1822 909 1992 944 Narcisso
2022 905 2262 951 Amarantlci,

1235 965 1386 1016 quisuit
1398 968 1623 1012 Erechtheis,
1643 980 1692 1003 ex
1711 969 1830 1003 insula
1846 965 2004 1011 Euboea,
2027 969 2266 1014 interemptus

1236 1025 1283 1062 ab
1305 1027 1447 1075 Epope.
1463 1028 1529 1062 Ex
1558 1039 1682 1062 encore
1700 1030 1778 1073 eJ'us
1787 1026 1914 1074 flores,
1945 1028 2008 1075 qui
2031 1036 2164 1060 nomen
2188 1026 2267 1070 eJ’us

1236 1093 1454 1134 aeceperunt
1463 1114 1474 1132 ,
1480 1088 1678 1134 procreati.

1291 1148 1366 1182 Pro
1388 1145 1613 1181 Amarantlzi
1637 1143 1880 1183 scribendum
1903 1153 1960 1182 est
1978 1142 2202 1192 Amarynthi
2215 1142 2266 1194 (v.

1239 1202 1371 1253 Steph.
1381 1205 1470 1252 Byz.
1481 1215 1561 1249 s.v.‚
1569 1203 1708 1240 Strabo
1717 1216 1756 1253 p,
1766 1209 1785 1247 4
1793 1201 1871 1252 48).
1879 1201 2271 1251 ΙιιιΕνεεΙιΐΙιεὺΙειῑενε

1240 1261 1398 1298 videtur
1418 1262 1652 1298 Eretn'ensis.
1672 1263 1766 1299 Nam
1782 1260 1922 1299 Strabo
1947 1275 1983 1312 p.
2004 1265 2076 1305 404
2102 1259 2270 1298 Narcissi

1242 1319 1472 1357 Eretriensis
1493 1328 1786 1357 monumentum
1806 1327 1996 1357 memorat
2014 1318 2062 1357 ad
2078 1322 2270 1369 Oropum.

1295 1429 1475 1481 Apollod.
1507 1433 1576 1478 III,
1599 1444 1658 1477 12,
1683 1431 1706 1467 6
1722 1377 1796 1470 :22²0
1815 1429 1968 1473 Ἀσωπὸς
2000 1428 2158 1481 ποταμὸς
2179 1430 2274 1473 ...ὡς

1243 1487 1468 1532 Ἀκουσίλαος
1485 1487 1581 1540 λέγει
1595 1518 1606 1536 ,
1623 1490 1766 1542 Πηροῦς
1781 1487 1840 1526 καὶ
1855 1489 2086 1533 Ποσειδῶνος.

1296 1594 1423 1632 Schol.
1441 1597 1597 1633 Homer.
1615 1542 1824 1644 Οόγεὲἒέ,
1849 1595 1923 1632 533
1938 1609 1946 1631 :
1963 1592 2150 1647 Ἐρεχθεὺς
2166 1596 2185 1633 ὃ
2203 1595 2272 1632 τῶν

1244 1652 1433 1699 Ἀθηναίων
1444 1652 1606 1705 βασιλεὺς
1618 1651 1713 1705 ἴσχει
1724 1651 1896 1706 θυγατέρα
1909 1654 2062 1704 τοῦνομα
2073 1653 2274 1706 Ὠρείθυιαν

1243 1710 1366 1749 κάλλει
1382 1710 1695 1764 διαπρεπεστάτην.
1711 1711 1908 1763 Κοσμήσας
1919 1710 2050 1758 ταύτην
2066 1711 2173 1760 ποτὲ,
2187 1709 2274 1762 πέμ-

1243 1783 1302 1806 πει
1322 1768 1518 1823 κανηφόρον
1533 1768 1705 1808 θύσουσαν
1722 1771 1768 1814 εἷς
1782 1769 1846 1817 τὴν
1866 1769 2054 1823 ἀκρόπολιν
2072 1771 2116 1821 τῇ
2138 1768 2274 1808 [lohd-

1245 1827 1278 1864 δι
1301 1827 1439 1881 Ἀθηνᾷ.
1462 1827 1604 1875 Ταύτης
1617 1827 1653 1866 δὲ
1673 1831 1691 1867 ὁ
1715 1827 1846 1882 Βορέας
1869 1827 1994 1879 ἄνεμος
2010 1827 2184 1882 ἐρασθεὶς,
2203 1829 2275 1867 λα-

1245 1884 1313 1923 θὼν
1330 1884 1408 1930 τοὺς
1429 1886 1622 1938 βλέποντας
1633 1887 1693 1925 καὶ
1707 1887 1947 1940 φυλάσσοντας
1961 1885 2024 1934 τὴν
2041 1886 2148 1941 κόρην
2159 1886 2276 1942 ἥρπα-

1246 1959 1316 1983 σεν.
1338 1944 1411 1983 Καὶ
1430 1945 1638 1996 διακομίσας
1671 1948 1719 1990 εἷς
1744 1946 1906 2000 Θράκην,
1936 1951 2088 1984 ποιεῖται
2113 1951 2272 1997 γυναῖκα.

1247 2003 1409 2042 Γίνονται
1428 2004 1464 2042 δὲ
1482 2006 1576 2042 αὖτω
1594 2005 1714 2049 παῖδες
1737 2004 1771 2049 ἐξ
1787 2007 1894 2052 αὐτῆς
1915 2004 2032 2052 Ζήτης
2051 2003 2112 2042 καὶ
2129 2004 2274 2048 Κάλαϊς.

1244 2055 1292 2095 Οἳ
1308 2055 1367 2094 καὶ
1384 2057 1430 2094 δι’
1457 2043 1583 2110 ἀρετὴν
1601 2057 1688 2108 μετὰ
1710 2060 1779 2096 τῶν
1800 2057 1956 2109 ἡμιθέων
1974 2059 2022 2102 εἷς
2039 2056 2198 2109 Κόλχους
2218 2056 2276 2096 ἐπὶ

1247 2114 1286 2153 τὸ
1310 2115 1413 2158 νάκος
1449 2115 1662 2155 ἔπλευσαν’
1646 2132 1681 2154 εν
1706 2119 1750 2169 τῇ
1777 2116 1902 2170 Ἀργοῖ.
1934 2115 1980 2156 Ἦ
2011 2116 2148 2170 ἱστορία
2178 2114 2274 2169 παρὰ

1249 2173 1476 2227 Ἀκουσιλάῳ.

1297 2362 1395 2394 Proeti
1408 2361 1519 2395 filiae...
1528 2363 1562 2395 in
1576 2363 1735 2395 insaniam
1751 2362 1946 2401 inciderunt,
1959 2361 2059 2403 quod,
2075 2363 2112 2393 ut
2118 2359 2279 2394 Hesiodus

1255 2408 1373 2449 inquit,
1401 2408 1537 2451 Dionysi
1548 2410 1642 2442 ferias
1664 2409 1798 2442 minime
1825 2411 2027 2450 receperant3
2045 2410 2082 2441 ut
2095 2407 2277 2446 Acusilaus‚

1257 2456 1346 2496 quod
1358 2456 1499 2488 sunonis
1514 2456 1725 2488 simulacrum
1743 2456 1836 2488 nihili
1851 2456 2004 2488 fecerant.

1297 2551 1440 2582 Taurum
1466 2551 1654 2584 Cretensem
1673 2550 1843 2582 Acusilaus
1865 2550 1911 2582 ait
1939 2551 2105 2590 Europam
2129 2547 2205 2581 Jovi
2223 2556 2280 2589 per

1257 2605 1345 2629 mare
1361 2599 1519 2638 portasse.

1298 2690 1384 2723 Talis
1398 2691 1473 2723 vitae
1486 2690 1560 2723 finis
1572 2691 1716 2723 Actaeoni
1731 2691 1770 2732 (a
1791 2689 1927 2723 canibus
1947 2689 2097 2730 lacerato)
2114 2689 2175 2721 fuit
2198 2690 2280 2721 Jove

1256 2737 1423 2777 irascente,
1439 2740 1476 2770 ut
1490 2738 1659 2770 Acusilaus
1675 2739 1794 2777 narrat,
1808 2737 1894 2778 quod
1910 2737 2050 2770 Semeles
2067 2736 2198 2777 nuptias
2211 2743 2278 2768 am·

1257 2784 1380 2816 biisset.

1736 2830 1798 2865 22.

1300 2880 1426 2918 Asopus
1450 2877 1589 2917 fluvius,
1608 2880 1646 2909 ut
1663 2878 1835 2910 Acusilaus
1850 2877 1946 2917 dicit,
1976 2877 2076 2909 Peras
2093 2878 2126 2909 et
2139 2877 2279 2917 Neptuni

1258 2924 1344 2955 lilius
1358 2925 1418 2955 est.

1739 2972 1803 3005 23.

1300 3017 1510 3055 Erechtheus,
1523 3025 1580 3049 rex
1591 3017 1848 3055 Atheniensium,
1860 3015 1958 3047 tiliam
1973 3015 2086 3046 hahuit
2097 3013 2279 3055 Orithyiam

1259 3073 1386 3096 summa
1395 3064 1601 3096 excellentem
1615 3066 1795 3095 venustate.
1813 3065 1916 3100 Quam
1930 3071 2030 3102 quum
2045 3062 2279 3102 canephoram‚

1259 3114 1296 3142 ut
1311 3111 1466 3143 sacrificia
1481 3110 1611 3142 offerret
1625 3110 1779 3142 Minervae
1794 3109 1927 3148 PoIiadi,
1947 3109 1980 3140 in
1993 3108 2165 3150 Acropolin
2180 3107 2282 3140 misis-

1260 3160 1309 3189 set
1325 3181 1334 3196 ‚
1351 3160 1440 3189 tanto
1462 3159 1579 3189 Boreas
1599 3159 1718 3188 ventus
1733 3156 1848 3197 puellae
1868 3164 1978 3187 amore
1993 3156 2114 3187 exarsit
2130 3178 2139 3193 ,
2165 3157 2202 3186 ut
2215 3161 2280 3186 non

1260 3205 1504 3236 animadversus
1521 3213 1540 3236 a
1554 3203 1768 3256 praesentibus
1782 3203 1987 3244 puellamque
1999 3202 2204 3234 servantibus
2216 3200 2279 3232 fur-

1262 3252 1323 3283 tim
1340 3260 1412 3283 eam
1427 3250 1608 3291 subriperet
1620 3252 1652 3282 et
1671 3250 1704 3281 in
1718 3249 1917 3282 Thessaliam
1935 3249 2122 3281 translatam
2135 3247 2197 3280 sibi
2208 3248 2280 3288 jun-

1261 3301 1350 3339 geret
1365 3297 1540 3330 connubio.
1561 3297 1661 3329 Filios
1674 3306 1714 3329 ex
1730 3305 1767 3329 ea
1782 3296 1896 3328 habuit
1916 3298 2011 3328 Zeten
2027 3298 2060 3328 et
2073 3295 2184 3328 Calain
2196 3317 2206 3334 ‚
2224 3292 2279 3335 qui

1260 3347 1406 3386 propter
1418 3344 1571 3377 virtutem
1597 3352 1688 3375 suam
1713 3352 1788 3376 cum
1807 3343 1958 3375 semideis
1975 3345 2059 3384 Argo
2090 3350 2174 3374 nave
2197 3338 2280 3372 vecti

1258 3392 1355 3426 sunt
1347 3401 1380 3424 ln
1395 3391 1595 3431 Colcllidem,
1614 3391 1700 3423 unde
1714 3400 1733 3423 ι
1736 3389 1817 3423 ellus
1833 3389 1911 3422 illud
1925 3391 2135 3431 reportarent.
