<?xml version="1.0" encoding="UTF-8"?>
<!DOCTYPE html PUBLIC "-//W3C//DTD XHTML 1.0 Transitional//EN"
    "http://www.w3.org/TR/xhtml1/DTD/xhtml1-transitional.dtd">
<html xmlns="http://www.w3.org/1999/xhtml" xml:lang="en" lang="en">
 <head>
  <title>
</title>
<meta http-equiv="Content-Type" content="text/html;charset=utf-8" />
  <meta name='ocr-system' content='tesseract 3.04.00' />
  <meta name='ocr-capabilities' content='ocr_page ocr_carea ocr_par ocr_line ocrx_word'/>
</head>
<body>
  <div class='ocr_page' id='page_1' title='image "./fragmentahistori01mueluoft_0689.png"; bbox 0 0 2320 3684; ppageno 0'>
   <div class='ocr_carea' id='block_1_1' title="bbox 882 146 1440 189">
    <p class='ocr_par' dir='ltr' id='par_1_1' title="bbox 882 146 1440 189">
     <span class='ocr_line' id='line_1_1' title="bbox 882 146 1440 189; baseline -0.007 0"><span class='ocrx_word' id='word_1_1' title='bbox 882 149 936 189; x_wconf 88' lang='lat' dir='ltr'><strong>1N</strong></span> <span class='ocrx_word' id='word_1_2' title='bbox 965 146 1195 188; x_wconf 86' lang='lat' dir='ltr'><strong>MARMOR</strong></span> <span class='ocrx_word' id='word_1_3' title='bbox 1225 146 1440 186; x_wconf 83' lang='lat' dir='ltr'><strong>PARIUM.</strong></span> 
     </span>
    </p>
   </div>
   <div class='ocr_carea' id='block_1_2' title="bbox 95 235 1122 464">
    <p class='ocr_par' dir='ltr' id='par_1_2' title="bbox 95 235 1122 464">
     <span class='ocr_line' id='line_1_2' title="bbox 95 235 1122 300; baseline -0.013 -13"><span class='ocrx_word' id='word_1_4' title='bbox 95 255 234 300; x_wconf 86' lang='lat' dir='ltr'><strong>quarto</strong></span> <span class='ocrx_word' id='word_1_5' title='bbox 247 243 538 285; x_wconf 87' lang='lat' dir='ltr'><strong>Boedromiouis</strong></span> <span class='ocrx_word' id='word_1_6' title='bbox 548 241 611 281; x_wconf 89' lang='lat' dir='ltr'><strong>die</strong></span> <span class='ocrx_word' id='word_1_7' title='bbox 623 249 707 280; x_wconf 89' lang='lat' dir='ltr'><strong>acta</strong></span> <span class='ocrx_word' id='word_1_8' title='bbox 717 239 878 279; x_wconf 88' lang='lat' dir='ltr'><strong>esse.Cf.</strong></span> <span class='ocrx_word' id='word_1_9' title='bbox 891 237 1059 276; x_wconf 91' lang='lat' dir='ltr'><strong>Clinton.</strong></span> <span class='ocrx_word' id='word_1_10' title='bbox 1074 235 1122 274; x_wconf 88' lang='lat' dir='ltr'><strong>ad</strong></span> 
     </span>
     <span class='ocr_line' id='line_1_3' title="bbox 95 295 1122 356; baseline -0.014 -10"><span class='ocrx_word' id='word_1_11' title='bbox 95 321 130 346; x_wconf 87' lang='lat' dir='ltr'><strong>a.</strong></span> <span class='ocrx_word' id='word_1_12' title='bbox 154 312 244 356; x_wconf 86' lang='lat'><strong>479.</strong></span> <span class='ocrx_word' id='word_1_13' title='bbox 266 326 318 333; x_wconf 96' lang='lat'><strong>—-</strong></span> <span class='ocrx_word' id='word_1_14' title='bbox 337 307 459 342; x_wconf 88' lang='lat' dir='ltr'><strong>AEtnae</strong></span> <span class='ocrx_word' id='word_1_15' title='bbox 483 302 636 353; x_wconf 84' lang='lat' dir='ltr'>eruptio</span> <span class='ocrx_word' id='word_1_16' title='bbox 663 299 870 338; x_wconf 89' lang='lat' dir='ltr'><strong>secundum</strong></span> <span class='ocrx_word' id='word_1_17' title='bbox 885 295 1122 346; x_wconf 87' lang='lat' dir='ltr'><strong>Thucydidis</strong></span> 
     </span>
     <span class='ocr_line' id='line_1_4' title="bbox 95 348 1122 405; baseline -0.013 -7"><span class='ocrx_word' id='word_1_18' title='bbox 95 360 261 398; x_wconf 87' lang='lat' dir='ltr'><strong>calculos</strong></span> <span class='ocrx_word' id='word_1_19' title='bbox 278 357 378 396; x_wconf 91' lang='lat' dir='ltr'><strong>cadit</strong></span> <span class='ocrx_word' id='word_1_20' title='bbox 393 357 432 394; x_wconf 92' lang='lat' dir='ltr'><strong>in</strong></span> <span class='ocrx_word' id='word_1_21' title='bbox 454 356 607 405; x_wconf 88' lang='lat' dir='ltr'><strong>Olymp.</strong></span> <span class='ocrx_word' id='word_1_22' title='bbox 629 355 677 401; x_wconf 89' lang='lat'><strong>76</strong></span> <span class='ocrx_word' id='word_1_23' title='bbox 689 356 723 405; x_wconf 52' lang='grc' dir='ltr'><strong>ᾗ,</strong></span> <span class='ocrx_word' id='word_1_24' title='bbox 740 352 844 403; x_wconf 86' lang='lat' dir='ltr'><strong>quod</strong></span> <span class='ocrx_word' id='word_1_25' title='bbox 864 364 940 388; x_wconf 94' lang='lat' dir='ltr'><strong>non</strong></span> <span class='ocrx_word' id='word_1_26' title='bbox 959 348 1122 400; x_wconf 82' lang='lat' dir='ltr'>quadrat</span> 
     </span>
     <span class='ocr_line' id='line_1_5' title="bbox 95 407 1122 464; baseline -0.013 -7"><span class='ocrx_word' id='word_1_27' title='bbox 95 432 181 457; x_wconf 91' lang='lat' dir='ltr'><strong>cum</strong></span> <span class='ocrx_word' id='word_1_28' title='bbox 213 420 379 455; x_wconf 88' lang='lat' dir='ltr'><strong>Nostro:</strong></span> <span class='ocrx_word' id='word_1_29' title='bbox 406 430 442 454; x_wconf 91' lang='lat' dir='ltr'><strong>v.</strong></span> <span class='ocrx_word' id='word_1_30' title='bbox 466 416 616 464; x_wconf 83' lang='lat' dir='ltr'><strong>Kriiger</strong></span> <span class='ocrx_word' id='word_1_31' title='bbox 645 413 686 450; x_wconf 92' lang='lat' dir='ltr'><strong>in</strong></span> <span class='ocrx_word' id='word_1_32' title='bbox 718 414 932 451; x_wconf 92' lang='lat' dir='ltr'><strong>Comment.</strong></span> <span class='ocrx_word' id='word_1_33' title='bbox 966 408 1014 447; x_wconf 88' lang='lat' dir='ltr'><strong>de</strong></span> <span class='ocrx_word' id='word_1_34' title='bbox 1041 407 1122 445; x_wconf 82' lang='lat' dir='ltr'><strong>vita</strong></span> 
     </span>
    </p>
   </div>
   <div class='ocr_carea' id='block_1_3' title="bbox 95 475 836 611">
    <p class='ocr_par' dir='ltr' id='par_1_3' title="bbox 95 475 836 611">
     <span class='ocr_line' id='line_1_6' title="bbox 95 475 413 528; baseline -0.013 -11"><span class='ocrx_word' id='word_1_35' title='bbox 95 477 268 528; x_wconf 86' lang='lat' dir='ltr'><strong>Thucyd.</strong></span> <span class='ocrx_word' id='word_1_36' title='bbox 294 490 331 527; x_wconf 89' lang='lat' dir='ltr'><strong>p.</strong></span> <span class='ocrx_word' id='word_1_37' title='bbox 350 475 413 513; x_wconf 82' lang='lat'><strong>65.</strong></span> 
     </span>
     <span class='ocr_line' id='line_1_7' title="bbox 378 558 836 611; baseline -0.009 -13"><span class='ocrx_word' id='word_1_38' title='bbox 378 561 516 611; x_wconf 77' lang='lat' dir='ltr'><strong>Epoch.</strong></span> <span class='ocrx_word' id='word_1_39' title='bbox 535 559 596 596; x_wconf 84' lang='lat'><strong>53.</strong></span> <span class='ocrx_word' id='word_1_40' title='bbox 624 571 680 596; x_wconf 62' lang='lat' dir='ltr'><strong>vs.</strong></span> <span class='ocrx_word' id='word_1_41' title='bbox 701 558 836 607; x_wconf 82' lang='lat'><strong>69-70.</strong></span> 
     </span>
    </p>
   </div>
   <div class='ocr_carea' id='block_1_4' title="bbox 92 640 1123 1466">
    <p class='ocr_par' dir='ltr' id='par_1_4' title="bbox 92 640 1123 1466">
     <span class='ocr_line' id='line_1_8' title="bbox 147 640 1119 703; baseline -0.012 -14"><span class='ocrx_word' id='word_1_42' title='bbox 147 649 382 703; x_wconf 83' lang='grc' dir='ltr'>Συρακουσῶν</span> <span class='ocrx_word' id='word_1_43' title='bbox 395 645 590 697; x_wconf 88' lang='lat' dir='ltr'><strong>supplevit</strong></span> <span class='ocrx_word' id='word_1_44' title='bbox 598 643 796 694; x_wconf 84' lang='lat' dir='ltr'><strong>Lydiatus3</strong></span> <span class='ocrx_word' id='word_1_45' title='bbox 807 643 968 698; x_wconf 74' lang='lat' dir='ltr'><strong>Palmer.</strong></span> <span class='ocrx_word' id='word_1_46' title='bbox 980 640 1119 679; x_wconf 91' lang='lat' dir='ltr'><strong>voluit:</strong></span> 
     </span>
     <span class='ocr_line' id='line_1_9' title="bbox 94 700 1121 761; baseline -0.011 -13"><span class='ocrx_word' id='word_1_47' title='bbox 94 710 129 748; x_wconf 81' lang='grc' dir='ltr'><strong>ἓν</strong></span> <span class='ocrx_word' id='word_1_48' title='bbox 146 707 252 761; x_wconf 71' lang='grc' dir='ltr'>Γέλᾳ,</span> <span class='ocrx_word' id='word_1_49' title='bbox 271 706 377 758; x_wconf 91' lang='lat' dir='ltr'><strong>quod</strong></span> <span class='ocrx_word' id='word_1_50' title='bbox 393 706 519 742; x_wconf 91' lang='lat' dir='ltr'><strong>minus</strong></span> <span class='ocrx_word' id='word_1_51' title='bbox 540 717 579 741; x_wconf 91' lang='lat' dir='ltr'><strong>se</strong></span> <span class='ocrx_word' id='word_1_52' title='bbox 602 702 855 740; x_wconf 82' lang='lat' dir='ltr'><strong>commendat.</strong></span> <span class='ocrx_word' id='word_1_53' title='bbox 876 705 972 740; x_wconf 89' lang='lat' dir='ltr'><strong>Nam</strong></span> <span class='ocrx_word' id='word_1_54' title='bbox 987 700 1080 739; x_wconf 87' lang='lat' dir='ltr'><strong>Gela</strong></span> <span class='ocrx_word' id='word_1_55' title='bbox 1098 712 1121 736; x_wconf 86' lang='lat' dir='ltr'><strong>a</strong></span> 
     </span>
     <span class='ocr_line' id='line_1_10' title="bbox 93 762 1121 815; baseline -0.011 -10"><span class='ocrx_word' id='word_1_56' title='bbox 93 767 242 805; x_wconf 88' lang='lat' dir='ltr'><strong>Gelone</strong></span> <span class='ocrx_word' id='word_1_57' title='bbox 269 772 459 815; x_wconf 86' lang='lat' dir='ltr'><strong>occupata</strong></span> <span class='ocrx_word' id='word_1_58' title='bbox 492 771 550 801; x_wconf 90' lang='lat' dir='ltr'><strong>est</strong></span> <span class='ocrx_word' id='word_1_59' title='bbox 576 762 735 812; x_wconf 86' lang='lat' dir='ltr'><strong>Olymp.</strong></span> <span class='ocrx_word' id='word_1_60' title='bbox 760 774 830 808; x_wconf 91' lang='grc'><strong>72,</strong></span> <span class='ocrx_word' id='word_1_61' title='bbox 856 762 898 808; x_wconf 89' lang='grc'><strong>3,</strong></span> <span class='ocrx_word' id='word_1_62' title='bbox 926 763 1121 810; x_wconf 82' lang='lat' dir='ltr'><strong>Syracusae</strong></span> 
     </span>
     <span class='ocr_line' id='line_1_11' title="bbox 93 819 1119 877; baseline -0.01 -13"><span class='ocrx_word' id='word_1_63' title='bbox 93 826 249 877; x_wconf 90' lang='lat' dir='ltr'><strong>Olymp.</strong></span> <span class='ocrx_word' id='word_1_64' title='bbox 272 826 334 872; x_wconf 91' lang='lat'><strong>73,</strong></span> <span class='ocrx_word' id='word_1_65' title='bbox 357 829 377 867; x_wconf 99' lang='lat'>4</span> <span class='ocrx_word' id='word_1_66' title='bbox 397 822 450 874; x_wconf 87' lang='lat' dir='ltr'><strong>(v.</strong></span> <span class='ocrx_word' id='word_1_67' title='bbox 463 821 613 859; x_wconf 85' lang='lat' dir='ltr'><strong>Boeckh.</strong></span> <span class='ocrx_word' id='word_1_68' title='bbox 630 820 819 870; x_wconf 81' lang='lat' dir='ltr'>Explicat.</span> <span class='ocrx_word' id='word_1_69' title='bbox 837 819 947 857; x_wconf 87' lang='lat' dir='ltr'><strong>Pind.</strong></span> <span class='ocrx_word' id='word_1_70' title='bbox 969 831 1006 868; x_wconf 90' lang='lat' dir='ltr'><strong>p.</strong></span> <span class='ocrx_word' id='word_1_71' title='bbox 1028 830 1119 863; x_wconf 82' lang='lat'><strong>1003</strong></span> 
     </span>
     <span class='ocr_line' id='line_1_12' title="bbox 94 875 1119 929; baseline -0.012 -6"><span class='ocrx_word' id='word_1_72' title='bbox 94 884 143 923; x_wconf 85' lang='lat' dir='ltr'><strong>cf.</strong></span> <span class='ocrx_word' id='word_1_73' title='bbox 158 885 324 923; x_wconf 91' lang='lat' dir='ltr'><strong>Clinton.</strong></span> <span class='ocrx_word' id='word_1_74' title='bbox 345 881 394 920; x_wconf 89' lang='lat' dir='ltr'><strong>ad</strong></span> <span class='ocrx_word' id='word_1_75' title='bbox 418 894 451 920; x_wconf 90' lang='lat' dir='ltr'><strong>a.</strong></span> <span class='ocrx_word' id='word_1_76' title='bbox 483 885 571 929; x_wconf 80' lang='lat'><strong>491,</strong></span> <span class='ocrx_word' id='word_1_77' title='bbox 596 879 684 926; x_wconf 88' lang='lat'><strong>485,</strong></span> <span class='ocrx_word' id='word_1_78' title='bbox 708 877 810 929; x_wconf 84' lang='lat'><strong>480).</strong></span> <span class='ocrx_word' id='word_1_79' title='bbox 832 879 970 917; x_wconf 86' lang='lat' dir='ltr'><strong>Noster</strong></span> <span class='ocrx_word' id='word_1_80' title='bbox 989 875 1119 926; x_wconf 86' lang='lat' dir='ltr'><strong>igitur,</strong></span> 
     </span>
     <span class='ocr_line' id='line_1_13' title="bbox 92 933 1120 994; baseline -0.012 -12"><span class='ocrx_word' id='word_1_81' title='bbox 92 943 160 994; x_wconf 91' lang='lat' dir='ltr'><strong>qui</strong></span> <span class='ocrx_word' id='word_1_82' title='bbox 174 943 250 980; x_wconf 91' lang='lat' dir='ltr'><strong>hoc</strong></span> <span class='ocrx_word' id='word_1_83' title='bbox 266 942 408 979; x_wconf 87' lang='lat' dir='ltr'><strong>factum</strong></span> <span class='ocrx_word' id='word_1_84' title='bbox 429 938 521 976; x_wconf 88' lang='lat' dir='ltr'><strong>dicit</strong></span> <span class='ocrx_word' id='word_1_85' title='bbox 542 937 695 986; x_wconf 87' lang='lat' dir='ltr'><strong>Olymp.</strong></span> <span class='ocrx_word' id='word_1_86' title='bbox 713 937 782 982; x_wconf 89' lang='lat'><strong>75,</strong></span> <span class='ocrx_word' id='word_1_87' title='bbox 799 936 819 972; x_wconf 90' lang='lat'><strong>3</strong></span> <span class='ocrx_word' id='word_1_88' title='bbox 831 964 841 983; x_wconf 93' lang='lat'><strong>,</strong></span> <span class='ocrx_word' id='word_1_89' title='bbox 858 944 994 984; x_wconf 82' lang='lat' dir='ltr'><em>septem</em></span> <span class='ocrx_word' id='word_1_90' title='bbox 1011 933 1120 971; x_wconf 89' lang='lat' dir='ltr'><strong>annis</strong></span> 
     </span>
     <span class='ocr_line' id='line_1_14' title="bbox 92 994 1119 1053; baseline -0.012 -12"><span class='ocrx_word' id='word_1_91' title='bbox 92 1016 175 1041; x_wconf 86' lang='lat' dir='ltr'><strong>rem</strong></span> <span class='ocrx_word' id='word_1_92' title='bbox 192 1001 298 1053; x_wconf 88' lang='lat' dir='ltr'><strong>justo</strong></span> <span class='ocrx_word' id='word_1_93' title='bbox 315 999 570 1051; x_wconf 83' lang='lat' dir='ltr'><strong>posteriorem</strong></span> <span class='ocrx_word' id='word_1_94' title='bbox 588 995 690 1041; x_wconf 87' lang='lat' dir='ltr'><strong>facit,</strong></span> <span class='ocrx_word' id='word_1_95' title='bbox 710 994 923 1045; x_wconf 89' lang='lat' dir='ltr'><strong>eodemque</strong></span> <span class='ocrx_word' id='word_1_96' title='bbox 942 1006 1043 1031; x_wconf 91' lang='lat' dir='ltr'><strong>anno</strong></span> <span class='ocrx_word' id='word_1_97' title='bbox 1058 1006 1119 1030; x_wconf 91' lang='lat' dir='ltr'><strong>as-</strong></span> 
     </span>
     <span class='ocr_line' id='line_1_15' title="bbox 93 1053 1121 1112; baseline -0.009 -13"><span class='ocrx_word' id='word_1_98' title='bbox 93 1061 239 1112; x_wconf 83' lang='lat' dir='ltr'><strong>signat,</strong></span> <span class='ocrx_word' id='word_1_99' title='bbox 274 1071 353 1110; x_wconf 92' lang='lat' dir='ltr'><strong>quo</strong></span> <span class='ocrx_word' id='word_1_100' title='bbox 379 1071 428 1096; x_wconf 86' lang='lat' dir='ltr'><strong>ex</strong></span> <span class='ocrx_word' id='word_1_101' title='bbox 458 1069 547 1094; x_wconf 85' lang='lat' dir='ltr'><strong>vera</strong></span> <span class='ocrx_word' id='word_1_102' title='bbox 582 1062 799 1105; x_wconf 89' lang='lat' dir='ltr'><strong>temporum</strong></span> <span class='ocrx_word' id='word_1_103' title='bbox 835 1053 1121 1105; x_wconf 88' lang='lat' dir='ltr'><strong>computatione</strong></span> 
     </span>
     <span class='ocr_line' id='line_1_16' title="bbox 93 1111 1121 1160; baseline -0.01 -2"><span class='ocrx_word' id='word_1_104' title='bbox 93 1120 231 1158; x_wconf 90' lang='lat' dir='ltr'><strong>Geloni</strong></span> <span class='ocrx_word' id='word_1_105' title='bbox 246 1117 429 1157; x_wconf 78' lang='lat' dir='ltr'><strong>successit</strong></span> <span class='ocrx_word' id='word_1_106' title='bbox 440 1116 573 1154; x_wconf 81' lang='lat' dir='ltr'><strong>Hiero.</strong></span> <span class='ocrx_word' id='word_1_107' title='bbox 594 1117 718 1160; x_wconf 89' lang='lat' dir='ltr'><strong>Quam</strong></span> <span class='ocrx_word' id='word_1_108' title='bbox 733 1113 992 1151; x_wconf 79' lang='lat' dir='ltr'><strong>differentiam</strong></span> <span class='ocrx_word' id='word_1_109' title='bbox 1006 1111 1121 1150; x_wconf 86' lang='lat' dir='ltr'><strong>variis</strong></span> 
     </span>
     <span class='ocr_line' id='line_1_17' title="bbox 92 1172 1122 1228; baseline -0.009 -11"><span class='ocrx_word' id='word_1_110' title='bbox 92 1179 218 1217; x_wconf 91' lang='lat' dir='ltr'><strong>modis</strong></span> <span class='ocrx_word' id='word_1_111' title='bbox 245 1177 440 1228; x_wconf 86' lang='lat' dir='ltr'><strong>explicare</strong></span> <span class='ocrx_word' id='word_1_112' title='bbox 477 1174 709 1212; x_wconf 89' lang='lat' dir='ltr'><strong>studuerunt</strong></span> <span class='ocrx_word' id='word_1_113' title='bbox 743 1172 820 1210; x_wconf 89' lang='lat' dir='ltr'><strong>viri</strong></span> <span class='ocrx_word' id='word_1_114' title='bbox 843 1172 965 1219; x_wconf 91' lang='lat' dir='ltr'><strong>docti,</strong></span> <span class='ocrx_word' id='word_1_115' title='bbox 997 1184 1122 1222; x_wconf 89' lang='lat' dir='ltr'><strong>neque</strong></span> 
     </span>
     <span class='ocr_line' id='line_1_18' title="bbox 94 1231 1122 1288; baseline -0.008 -12"><span class='ocrx_word' id='word_1_116' title='bbox 94 1246 220 1275; x_wconf 89' lang='lat' dir='ltr'><strong>tamen</strong></span> <span class='ocrx_word' id='word_1_117' title='bbox 237 1235 469 1288; x_wconf 84' lang='lat' dir='ltr'><strong>quidquam,</strong></span> <span class='ocrx_word' id='word_1_118' title='bbox 505 1241 615 1284; x_wconf 90' lang='lat' dir='ltr'><strong>puto,</strong></span> <span class='ocrx_word' id='word_1_119' title='bbox 639 1231 885 1283; x_wconf 87' lang='lat' dir='ltr'><strong>protulerunt</strong></span> <span class='ocrx_word' id='word_1_120' title='bbox 903 1231 1009 1282; x_wconf 92' lang='lat' dir='ltr'><strong>quod</strong></span> <span class='ocrx_word' id='word_1_121' title='bbox 1031 1231 1122 1269; x_wconf 87' lang='lat' dir='ltr'><strong>ferri</strong></span> 
     </span>
     <span class='ocr_line' id='line_1_19' title="bbox 92 1289 1122 1348; baseline -0.006 -15"><span class='ocrx_word' id='word_1_122' title='bbox 92 1296 226 1348; x_wconf 80' lang='lat' dir='ltr'><strong>possit.</strong></span> <span class='ocrx_word' id='word_1_123' title='bbox 289 1294 434 1334; x_wconf 89' lang='lat' dir='ltr'><strong>Eadem</strong></span> <span class='ocrx_word' id='word_1_124' title='bbox 485 1291 793 1330; x_wconf 84' lang='lat' dir='ltr'><strong>testimoniorum</strong></span> <span class='ocrx_word' id='word_1_125' title='bbox 843 1289 1043 1328; x_wconf 87' lang='lat' dir='ltr'><strong>diversitas</strong></span> <span class='ocrx_word' id='word_1_126' title='bbox 1082 1290 1122 1327; x_wconf 92' lang='lat' dir='ltr'><strong>in</strong></span> 
     </span>
     <span class='ocr_line' id='line_1_20' title="bbox 92 1351 1122 1404; baseline -0.008 -9"><span class='ocrx_word' id='word_1_127' title='bbox 92 1357 176 1395; x_wconf 88' lang='lat' dir='ltr'><strong>aliis</strong></span> <span class='ocrx_word' id='word_1_128' title='bbox 195 1355 325 1394; x_wconf 90' lang='lat' dir='ltr'><strong>multis</strong></span> <span class='ocrx_word' id='word_1_129' title='bbox 345 1353 459 1404; x_wconf 87' lang='lat' dir='ltr'><strong>hujus</strong></span> <span class='ocrx_word' id='word_1_130' title='bbox 487 1353 608 1391; x_wconf 87' lang='lat' dir='ltr'><strong>aetatis</strong></span> <span class='ocrx_word' id='word_1_131' title='bbox 634 1351 751 1388; x_wconf 89' lang='lat' dir='ltr'><strong>rebus</strong></span> <span class='ocrx_word' id='word_1_132' title='bbox 769 1351 982 1401; x_wconf 88' lang='lat' dir='ltr'><strong>reperitur,</strong></span> <span class='ocrx_word' id='word_1_133' title='bbox 1002 1364 1122 1401; x_wconf 85' lang='lat' dir='ltr'><strong>quare</strong></span> 
     </span>
     <span class='ocr_line' id='line_1_21' title="bbox 93 1409 1123 1466; baseline -0.006 -12"><span class='ocrx_word' id='word_1_134' title='bbox 93 1415 319 1466; x_wconf 88' lang='lat' dir='ltr'><strong>simpliciter</strong></span> <span class='ocrx_word' id='word_1_135' title='bbox 353 1427 402 1450; x_wconf 90' lang='lat' dir='ltr'><strong>ex</strong></span> <span class='ocrx_word' id='word_1_136' title='bbox 436 1412 645 1465; x_wconf 79' lang='grc' dir='ltr'>ἀναγραφῶν</span> <span class='ocrx_word' id='word_1_137' title='bbox 683 1410 777 1448; x_wconf 91' lang='lat' dir='ltr'><strong>vitio</strong></span> <span class='ocrx_word' id='word_1_138' title='bbox 807 1409 1035 1461; x_wconf 86' lang='lat' dir='ltr'><strong>explicanda</strong></span> <span class='ocrx_word' id='word_1_139' title='bbox 1066 1417 1123 1448; x_wconf 81' lang='lat' dir='ltr'><strong>est</strong></span> 
     </span>
    </p>
   </div>
   <div class='ocr_carea' id='block_1_5' title="bbox 93 1472 827 1602">
    <p class='ocr_par' dir='ltr' id='par_1_5' title="bbox 93 1472 827 1602">
     <span class='ocr_line' id='line_1_22' title="bbox 93 1472 400 1527; baseline -0.016 -14"><span class='ocrx_word' id='word_1_140' title='bbox 93 1474 157 1527; x_wconf 86' lang='lat' dir='ltr'><strong>(cf.</strong></span> <span class='ocrx_word' id='word_1_141' title='bbox 177 1473 226 1512; x_wconf 91' lang='lat' dir='ltr'><strong>ad</strong></span> <span class='ocrx_word' id='word_1_142' title='bbox 241 1487 303 1525; x_wconf 88' lang='lat' dir='ltr'><strong>ep.</strong></span> <span class='ocrx_word' id='word_1_143' title='bbox 323 1472 400 1524; x_wconf 91' lang='lat'>56).</span> 
     </span>
     <span class='ocr_line' id='line_1_23' title="bbox 385 1552 827 1602; baseline -0.007 -12"><span class='ocrx_word' id='word_1_144' title='bbox 385 1552 519 1602; x_wconf 77' lang='lat' dir='ltr'><strong>Epoclz.</strong></span> <span class='ocrx_word' id='word_1_145' title='bbox 537 1552 598 1595; x_wconf 85' lang='lat'><strong>54.</strong></span> <span class='ocrx_word' id='word_1_146' title='bbox 614 1563 671 1588; x_wconf 87' lang='lat' dir='ltr'><strong>vs.</strong></span> <span class='ocrx_word' id='word_1_147' title='bbox 689 1563 827 1599; x_wconf 80' lang='lat'><strong>70—71.</strong></span> 
     </span>
    </p>
   </div>
   <div class='ocr_carea' id='block_1_6' title="bbox 92 1636 1123 2046">
    <p class='ocr_par' dir='ltr' id='par_1_6' title="bbox 92 1636 1123 2046">
     <span class='ocr_line' id='line_1_24' title="bbox 146 1636 1120 1680; baseline -0.005 0"><span class='ocrx_word' id='word_1_148' title='bbox 146 1645 204 1680; x_wconf 91' lang='lat' dir='ltr'><strong>De</strong></span> <span class='ocrx_word' id='word_1_149' title='bbox 233 1649 314 1678; x_wconf 89' lang='lat' dir='ltr'><strong>arte</strong></span> <span class='ocrx_word' id='word_1_150' title='bbox 333 1637 527 1676; x_wconf 78' lang='lat' dir='ltr'><strong>memoriae</strong></span> <span class='ocrx_word' id='word_1_151' title='bbox 549 1650 572 1674; x_wconf 90' lang='lat' dir='ltr'><strong>a</strong></span> <span class='ocrx_word' id='word_1_152' title='bbox 592 1636 790 1675; x_wconf 87' lang='lat' dir='ltr'><strong>Simonide</strong></span> <span class='ocrx_word' id='word_1_153' title='bbox 806 1636 964 1674; x_wconf 88' lang='lat' dir='ltr'><strong>inventa</strong></span> <span class='ocrx_word' id='word_1_154' title='bbox 989 1649 1025 1674; x_wconf 83' lang='lat' dir='ltr'><strong>v.</strong></span> <span class='ocrx_word' id='word_1_155' title='bbox 1043 1637 1120 1675; x_wconf 89' lang='lat' dir='ltr'><strong>Cic.</strong></span> 
     </span>
     <span class='ocr_line' id='line_1_25' title="bbox 92 1695 1120 1748; baseline -0.006 -9"><span class='ocrx_word' id='word_1_156' title='bbox 92 1703 151 1739; x_wconf 92' lang='lat' dir='ltr'><strong>De</strong></span> <span class='ocrx_word' id='word_1_157' title='bbox 182 1708 280 1738; x_wconf 87' lang='lat' dir='ltr'><strong>orat.</strong></span> <span class='ocrx_word' id='word_1_158' title='bbox 301 1700 361 1746; x_wconf 91' lang='lat'><strong>11,</strong></span> <span class='ocrx_word' id='word_1_159' title='bbox 391 1702 456 1748; x_wconf 89' lang='lat'><strong>94,</strong></span> <span class='ocrx_word' id='word_1_160' title='bbox 477 1695 611 1742; x_wconf 86' lang='lat' dir='ltr'><strong>Quint.</strong></span> <span class='ocrx_word' id='word_1_161' title='bbox 634 1698 727 1732; x_wconf 89' lang='lat' dir='ltr'><strong>Inst.</strong></span> <span class='ocrx_word' id='word_1_162' title='bbox 749 1703 846 1732; x_wconf 89' lang='lat' dir='ltr'><strong>orat.</strong></span> <span class='ocrx_word' id='word_1_163' title='bbox 866 1697 947 1743; x_wconf 91' lang='lat' dir='ltr'><strong>XI,</strong></span> <span class='ocrx_word' id='word_1_164' title='bbox 972 1708 1009 1743; x_wconf 82' lang='lat'><strong>2,</strong></span> <span class='ocrx_word' id='word_1_165' title='bbox 1025 1695 1120 1734; x_wconf 88' lang='lat' dir='ltr'><strong>Plin.</strong></span> 
     </span>
     <span class='ocr_line' id='line_1_26' title="bbox 93 1753 1120 1805; baseline -0.007 -6"><span class='ocrx_word' id='word_1_166' title='bbox 93 1761 140 1798; x_wconf 93' lang='lat' dir='ltr'><strong>H.</strong></span> <span class='ocrx_word' id='word_1_167' title='bbox 158 1762 205 1800; x_wconf 92' lang='lat' dir='ltr'><strong>N.</strong></span> <span class='ocrx_word' id='word_1_168' title='bbox 220 1759 289 1798; x_wconf 91' lang='lat' dir='ltr'><strong>VII</strong></span> <span class='ocrx_word' id='word_1_169' title='bbox 300 1786 311 1805; x_wconf 93' lang='lat'><strong>,</strong></span> <span class='ocrx_word' id='word_1_170' title='bbox 333 1762 395 1801; x_wconf 90' lang='grc'><strong>24.</strong></span> <span class='ocrx_word' id='word_1_171' title='bbox 411 1758 470 1793; x_wconf 91' lang='lat' dir='ltr'><strong>De</strong></span> <span class='ocrx_word' id='word_1_172' title='bbox 484 1754 647 1792; x_wconf 87' lang='lat' dir='ltr'><strong>victoria</strong></span> <span class='ocrx_word' id='word_1_173' title='bbox 660 1783 670 1801; x_wconf 95' lang='lat'><strong>,</strong></span> <span class='ocrx_word' id='word_1_174' title='bbox 699 1766 814 1804; x_wconf 86' lang='lat' dir='ltr'><strong>quam</strong></span> <span class='ocrx_word' id='word_1_175' title='bbox 830 1753 1038 1791; x_wconf 87' lang='lat' dir='ltr'><strong>Adimanto</strong></span> <span class='ocrx_word' id='word_1_176' title='bbox 1054 1768 1120 1792; x_wconf 86' lang='lat' dir='ltr'><strong>ar-</strong></span> 
     </span>
     <span class='ocr_line' id='line_1_27' title="bbox 93 1813 1123 1865; baseline -0.006 -8"><span class='ocrx_word' id='word_1_177' title='bbox 93 1820 235 1858; x_wconf 83' lang='lat' dir='ltr'><strong>chonte</strong></span> <span class='ocrx_word' id='word_1_178' title='bbox 266 1815 428 1855; x_wconf 83' lang='lat' dir='ltr'><strong>Athenis</strong></span> <span class='ocrx_word' id='word_1_179' title='bbox 448 1813 616 1851; x_wconf 88' lang='lat' dir='ltr'><strong>obtinuit</strong></span> <span class='ocrx_word' id='word_1_180' title='bbox 637 1826 758 1850; x_wconf 91' lang='lat' dir='ltr'><strong>annos</strong></span> <span class='ocrx_word' id='word_1_181' title='bbox 785 1821 898 1850; x_wconf 91' lang='lat' dir='ltr'><strong>natus</strong></span> <span class='ocrx_word' id='word_1_182' title='bbox 926 1814 1123 1865; x_wconf 87' lang='lat' dir='ltr'><strong>octoginta</strong></span> 
     </span>
     <span class='ocr_line' id='line_1_28' title="bbox 92 1871 1118 1923; baseline -0.006 -7"><span class='ocrx_word' id='word_1_183' title='bbox 92 1891 130 1916; x_wconf 90' lang='lat' dir='ltr'><strong>v.</strong></span> <span class='ocrx_word' id='word_1_184' title='bbox 145 1875 337 1915; x_wconf 83' lang='lat' dir='ltr'><strong>Plutarch.</strong></span> <span class='ocrx_word' id='word_1_185' title='bbox 355 1873 507 1911; x_wconf 84' lang='lat' dir='ltr'><strong>Anseni</strong></span> <span class='ocrx_word' id='word_1_186' title='bbox 525 1873 574 1910; x_wconf 89' lang='lat' dir='ltr'><strong>sit</strong></span> <span class='ocrx_word' id='word_1_187' title='bbox 587 1885 665 1922; x_wconf 89' lang='lat' dir='ltr'><strong>ger.</strong></span> <span class='ocrx_word' id='word_1_188' title='bbox 687 1885 786 1922; x_wconf 84' lang='lat' dir='ltr'><strong>resp.</strong></span> <span class='ocrx_word' id='word_1_189' title='bbox 803 1879 895 1909; x_wconf 90' lang='lat' dir='ltr'><strong>tom.</strong></span> <span class='ocrx_word' id='word_1_190' title='bbox 911 1871 977 1920; x_wconf 90' lang='lat' dir='ltr'><strong>IX,</strong></span> <span class='ocrx_word' id='word_1_191' title='bbox 991 1885 1029 1923; x_wconf 92' lang='lat' dir='ltr'><strong>p.</strong></span> <span class='ocrx_word' id='word_1_192' title='bbox 1048 1887 1062 1910; x_wconf 91' lang='lat'><strong>1</strong></span> <span class='ocrx_word' id='word_1_193' title='bbox 1073 1874 1118 1920; x_wconf 91' lang='lat'><strong>37</strong></span> 
     </span>
     <span class='ocr_line' id='line_1_29' title="bbox 94 1929 1122 1984; baseline -0.004 -10"><span class='ocrx_word' id='word_1_194' title='bbox 94 1936 222 1975; x_wconf 82' lang='lat' dir='ltr'><strong>Reisk.</strong></span> <span class='ocrx_word' id='word_1_195' title='bbox 243 1949 252 1972; x_wconf 91' lang='lat'><strong>:</strong></span> <span class='ocrx_word' id='word_1_196' title='bbox 273 1932 321 1973; x_wconf 86' lang='grc' dir='ltr'><strong>Εἴ</strong></span> <span class='ocrx_word' id='word_1_197' title='bbox 336 1948 376 1984; x_wconf 88' lang='grc' dir='ltr'><strong>γε</strong></span> <span class='ocrx_word' id='word_1_198' title='bbox 393 1930 594 1983; x_wconf 84' lang='grc' dir='ltr'>Σιμωνίδης</span> <span class='ocrx_word' id='word_1_199' title='bbox 616 1929 678 1982; x_wconf 79' lang='grc' dir='ltr'><strong>μὲν</strong></span> <span class='ocrx_word' id='word_1_200' title='bbox 699 1932 733 1968; x_wconf 80' lang='grc' dir='ltr'><strong>ἓν</strong></span> <span class='ocrx_word' id='word_1_201' title='bbox 756 1929 850 1984; x_wconf 71' lang='grc' dir='ltr'>γήρᾳ</span> <span class='ocrx_word' id='word_1_202' title='bbox 873 1936 991 1983; x_wconf 88' lang='grc' dir='ltr'>χοροῖς</span> <span class='ocrx_word' id='word_1_203' title='bbox 1010 1930 1122 1981; x_wconf 81' lang='grc' dir='ltr'>ἐνίκα,</span> 
     </span>
     <span class='ocr_line' id='line_1_30' title="bbox 92 1987 1015 2046; baseline -0.007 -12"><span class='ocrx_word' id='word_1_204' title='bbox 92 1994 153 2034; x_wconf 74' lang='grc' dir='ltr'><strong>καὶ</strong></span> <span class='ocrx_word' id='word_1_205' title='bbox 171 1991 424 2046; x_wconf 77' lang='grc' dir='ltr'>τούπίγραμμα</span> <span class='ocrx_word' id='word_1_206' title='bbox 444 1990 543 2037; x_wconf 88' lang='grc' dir='ltr'>δηλοῖ</span> <span class='ocrx_word' id='word_1_207' title='bbox 563 1995 636 2033; x_wconf 87' lang='grc' dir='ltr'>τοῖς</span> <span class='ocrx_word' id='word_1_208' title='bbox 651 1988 860 2032; x_wconf 86' lang='grc' dir='ltr'>τελευταίοις</span> <span class='ocrx_word' id='word_1_209' title='bbox 876 1987 1015 2028; x_wconf 82' lang='grc' dir='ltr'>ἔπεσιν·</span> 
     </span>
    </p>
   </div>
   <div class='ocr_carea' id='block_1_7' title="bbox 44 2074 1126 2896">
    <p class='ocr_par' dir='ltr' id='par_1_7' title="bbox 93 2074 975 2240">
     <span class='ocr_line' id='line_1_31' title="bbox 222 2074 975 2120; baseline -0.004 -9"><span class='ocrx_word' id='word_1_210' title='bbox 222 2079 313 2120; x_wconf 83' lang='grc' dir='ltr'>Ἀμφὶ</span> <span class='ocrx_word' id='word_1_211' title='bbox 333 2076 516 2118; x_wconf 74' lang='grc' dir='ltr'>διδασκαλίῃ</span> <span class='ocrx_word' id='word_1_212' title='bbox 539 2076 572 2108; x_wconf 88' lang='grc' dir='ltr'><strong>δὲ</strong></span> <span class='ocrx_word' id='word_1_213' title='bbox 587 2075 743 2116; x_wconf 86' lang='grc' dir='ltr'>Σιμωνίδῃ</span> <span class='ocrx_word' id='word_1_214' title='bbox 757 2074 869 2107; x_wconf 82' lang='grc' dir='ltr'>ἕσπετο</span> <span class='ocrx_word' id='word_1_215' title='bbox 883 2075 975 2113; x_wconf 79' lang='grc' dir='ltr'>κῦδος</span> 
     </span>
     <span class='ocr_line' id='line_1_32' title="bbox 258 2122 838 2166; baseline -0.007 -9"><span class='ocrx_word' id='word_1_216' title='bbox 258 2124 498 2166; x_wconf 77' lang='grc' dir='ltr'>ὀγδωκονταέτει</span> <span class='ocrx_word' id='word_1_217' title='bbox 510 2146 520 2163; x_wconf 89' lang='grc'>,</span> <span class='ocrx_word' id='word_1_218' title='bbox 535 2123 621 2155; x_wconf 88' lang='grc' dir='ltr'>παιδὶ</span> <span class='ocrx_word' id='word_1_219' title='bbox 634 2122 838 2165; x_wconf 82' lang='grc' dir='ltr'>Λεωπρέπεος</span> 
     </span>
     <span class='ocr_line' id='line_1_33' title="bbox 93 2193 658 2240; baseline -0.011 -5"><span class='ocrx_word' id='word_1_220' title='bbox 93 2198 150 2235; x_wconf 80' lang='lat' dir='ltr'><strong>Ci.</strong></span> <span class='ocrx_word' id='word_1_221' title='bbox 174 2195 295 2233; x_wconf 89' lang='lat' dir='ltr'><strong>Valer.</strong></span> <span class='ocrx_word' id='word_1_222' title='bbox 316 2193 477 2231; x_wconf 89' lang='lat' dir='ltr'><strong>Maxim.</strong></span> <span class='ocrx_word' id='word_1_223' title='bbox 495 2195 604 2240; x_wconf 91' lang='lat' dir='ltr'><strong>VIII,</strong></span> <span class='ocrx_word' id='word_1_224' title='bbox 622 2205 658 2239; x_wconf 90' lang='lat'><strong>7.</strong></span> 
     </span>
    </p>

    <p class='ocr_par' dir='ltr' id='par_1_8' title="bbox 44 2250 1126 2896">
     <span class='ocr_line' id='line_1_34' title="bbox 145 2250 1122 2302; baseline -0.001 -10"><span class='ocrx_word' id='word_1_225' title='bbox 145 2252 358 2292; x_wconf 84' lang='lat' dir='ltr'><strong>Harmodio</strong></span> <span class='ocrx_word' id='word_1_226' title='bbox 369 2260 407 2290; x_wconf 91' lang='lat' dir='ltr'><strong>et</strong></span> <span class='ocrx_word' id='word_1_227' title='bbox 422 2251 676 2301; x_wconf 81' lang='lat' dir='ltr'><strong>Aristogitoni</strong></span> <span class='ocrx_word' id='word_1_228' title='bbox 689 2258 832 2297; x_wconf 63' lang='lat' dir='ltr'><strong>statute,</strong></span> <span class='ocrx_word' id='word_1_229' title='bbox 847 2250 896 2288; x_wconf 88' lang='lat' dir='ltr'><strong>ab</strong></span> <span class='ocrx_word' id='word_1_230' title='bbox 912 2253 1122 2302; x_wconf 85' lang='lat' dir='ltr'><strong>Antenore,</strong></span> 
     </span>
     <span class='ocr_line' id='line_1_35' title="bbox 91 2311 1123 2367; baseline -0.003 -12"><span class='ocrx_word' id='word_1_231' title='bbox 91 2313 358 2367; x_wconf 85' lang='lat' dir='ltr'><strong>Euphranoris</strong></span> <span class='ocrx_word' id='word_1_232' title='bbox 372 2313 465 2360; x_wconf 90' lang='lat' dir='ltr'><strong>filio,</strong></span> <span class='ocrx_word' id='word_1_233' title='bbox 481 2311 689 2357; x_wconf 80' lang='lat' dir='ltr'><strong>fabricatae,</strong></span> <span class='ocrx_word' id='word_1_234' title='bbox 708 2313 843 2362; x_wconf 79' lang='lat' dir='ltr'><strong>positae</strong></span> <span class='ocrx_word' id='word_1_235' title='bbox 861 2320 969 2350; x_wconf 87' lang='lat' dir='ltr'><strong>erant</strong></span> <span class='ocrx_word' id='word_1_236' title='bbox 985 2323 1123 2364; x_wconf 87' lang='lat' dir='ltr'><strong>quarto</strong></span> 
     </span>
     <span class='ocr_line' id='line_1_36' title="bbox 94 2371 1124 2425; baseline -0.001 -12"><span class='ocrx_word' id='word_1_237' title='bbox 94 2388 195 2414; x_wconf 89' lang='lat' dir='ltr'><strong>anno</strong></span> <span class='ocrx_word' id='word_1_238' title='bbox 219 2381 426 2425; x_wconf 86' lang='lat' dir='ltr'><strong>postquam</strong></span> <span class='ocrx_word' id='word_1_239' title='bbox 454 2371 619 2421; x_wconf 86' lang='lat' dir='ltr'><strong>Hippias</strong></span> <span class='ocrx_word' id='word_1_240' title='bbox 649 2371 809 2409; x_wconf 88' lang='lat' dir='ltr'><strong>Athenis</strong></span> <span class='ocrx_word' id='word_1_241' title='bbox 838 2380 919 2409; x_wconf 87' lang='lat' dir='ltr'><strong>erat</strong></span> <span class='ocrx_word' id='word_1_242' title='bbox 939 2374 1124 2424; x_wconf 86' lang='lat' dir='ltr'><strong>expulsus</strong></span> 
     </span>
     <span class='ocr_line' id='line_1_37' title="bbox 44 2431 1125 2487; baseline 0 -14"><span class='ocrx_word' id='word_1_243' title='bbox 44 2435 47 2439; x_wconf 79' lang='grc'><strong>’</strong></span> <span class='ocrx_word' id='word_1_244' title='bbox 94 2435 206 2487; x_wconf 89' lang='lat' dir='ltr'><strong>(Plin.</strong></span> <span class='ocrx_word' id='word_1_245' title='bbox 235 2436 284 2471; x_wconf 87' lang='lat' dir='ltr'><strong>H.</strong></span> <span class='ocrx_word' id='word_1_246' title='bbox 320 2435 367 2470; x_wconf 90' lang='lat' dir='ltr'><strong>N.</strong></span> <span class='ocrx_word' id='word_1_247' title='bbox 397 2433 593 2476; x_wconf 87' lang='lat' dir='ltr'><strong>XXXIV,</strong></span> <span class='ocrx_word' id='word_1_248' title='bbox 626 2431 675 2480; x_wconf 82' lang='lat'><strong>9).</strong></span> <span class='ocrx_word' id='word_1_249' title='bbox 706 2433 785 2469; x_wconf 86' lang='lat' dir='ltr'><strong>Has</strong></span> <span class='ocrx_word' id='word_1_250' title='bbox 815 2445 909 2469; x_wconf 88' lang='lat' dir='ltr'><strong>vero</strong></span> <span class='ocrx_word' id='word_1_251' title='bbox 931 2447 1051 2483; x_wconf 86' lang='lat' dir='ltr'><strong>quum</strong></span> <span class='ocrx_word' id='word_1_252' title='bbox 1084 2436 1125 2473; x_wconf 94' lang='lat' dir='ltr'><strong>in</strong></span> 
     </span>
     <span class='ocr_line' id='line_1_38' title="bbox 94 2490 1123 2543; baseline 0.001 -11"><span class='ocrx_word' id='word_1_253' title='bbox 94 2493 220 2532; x_wconf 82' lang='lat' dir='ltr'><strong>Asiam</strong></span> <span class='ocrx_word' id='word_1_254' title='bbox 251 2490 473 2529; x_wconf 87' lang='lat' dir='ltr'><strong>abstulisset</strong></span> <span class='ocrx_word' id='word_1_255' title='bbox 505 2492 658 2527; x_wconf 87' lang='lat' dir='ltr'><strong>Xerxes</strong></span> <span class='ocrx_word' id='word_1_256' title='bbox 687 2490 853 2535; x_wconf 88' lang='lat' dir='ltr'><strong>(Arrian.</strong></span> <span class='ocrx_word' id='word_1_257' title='bbox 886 2492 981 2543; x_wconf 87' lang='lat' dir='ltr'><strong>Exp.</strong></span> <span class='ocrx_word' id='word_1_258' title='bbox 1016 2495 1123 2533; x_wconf 86' lang='lat' dir='ltr'><strong>Alex.</strong></span> 
     </span>
     <span class='ocr_line' id='line_1_39' title="bbox 92 2549 1126 2602; baseline -0.005 -11"><span class='ocrx_word' id='word_1_259' title='bbox 92 2556 163 2599; x_wconf 91' lang='lat'><strong>111,</strong></span> <span class='ocrx_word' id='word_1_260' title='bbox 185 2552 243 2599; x_wconf 80' lang='lat'><strong>16,</strong></span> <span class='ocrx_word' id='word_1_261' title='bbox 259 2565 273 2588; x_wconf 91' lang='lat'><strong>1</strong></span> <span class='ocrx_word' id='word_1_262' title='bbox 284 2549 336 2601; x_wconf 91' lang='lat'><strong>3),</strong></span> <span class='ocrx_word' id='word_1_263' title='bbox 351 2563 460 2587; x_wconf 86' lang='lat' dir='ltr'><strong>novae</strong></span> <span class='ocrx_word' id='word_1_264' title='bbox 476 2549 584 2586; x_wconf 87' lang='lat' dir='ltr'><strong>factae</strong></span> <span class='ocrx_word' id='word_1_265' title='bbox 597 2556 685 2586; x_wconf 88' lang='lat' dir='ltr'><strong>sunt</strong></span> <span class='ocrx_word' id='word_1_266' title='bbox 701 2562 720 2586; x_wconf 89' lang='lat' dir='ltr'><strong>a</strong></span> <span class='ocrx_word' id='word_1_267' title='bbox 735 2550 971 2602; x_wconf 85' lang='lat' dir='ltr'><strong>Critia,quas</strong></span> <span class='ocrx_word' id='word_1_268' title='bbox 986 2554 1126 2593; x_wconf 71' lang='lat' dir='ltr'><strong>Noster</strong></span> 
     </span>
     <span class='ocr_line' id='line_1_40' title="bbox 93 2607 1126 2661; baseline 0.002 -12"><span class='ocrx_word' id='word_1_269' title='bbox 93 2610 284 2661; x_wconf 85' lang='lat' dir='ltr'><strong>intelligit.</strong></span> <span class='ocrx_word' id='word_1_270' title='bbox 302 2612 438 2646; x_wconf 86' lang='lat' dir='ltr'><strong>Postea</strong></span> <span class='ocrx_word' id='word_1_271' title='bbox 453 2607 632 2658; x_wconf 87' lang='lat' dir='ltr'><strong>antiquas</strong></span> <span class='ocrx_word' id='word_1_272' title='bbox 653 2607 737 2646; x_wconf 86' lang='lat' dir='ltr'><strong>illas</strong></span> <span class='ocrx_word' id='word_1_273' title='bbox 752 2610 1053 2651; x_wconf 81' lang='lat' dir='ltr'><strong>Atheniensibus</strong></span> <span class='ocrx_word' id='word_1_274' title='bbox 1066 2626 1126 2652; x_wconf 69' lang='lat' dir='ltr'><strong>re-</strong></span> 
     </span>
     <span class='ocr_line' id='line_1_41' title="bbox 93 2665 1124 2722; baseline 0 -13"><span class='ocrx_word' id='word_1_275' title='bbox 93 2669 217 2709; x_wconf 87' lang='lat' dir='ltr'><strong>stituit</strong></span> <span class='ocrx_word' id='word_1_276' title='bbox 238 2667 457 2706; x_wconf 83' lang='lat' dir='ltr'><strong>Alexander</strong></span> <span class='ocrx_word' id='word_1_277' title='bbox 486 2665 653 2718; x_wconf 87' lang='lat' dir='ltr'><strong>(Arrian.</strong></span> <span class='ocrx_word' id='word_1_278' title='bbox 678 2668 701 2705; x_wconf 92' lang='grc'><strong>1.</strong></span> <span class='ocrx_word' id='word_1_279' title='bbox 723 2668 747 2706; x_wconf 90' lang='lat' dir='ltr'><strong>l.</strong></span> <span class='ocrx_word' id='word_1_280' title='bbox 777 2678 816 2707; x_wconf 91' lang='lat' dir='ltr'><strong>et</strong></span> <span class='ocrx_word' id='word_1_281' title='bbox 835 2675 930 2718; x_wconf 89' lang='lat' dir='ltr'><strong>VII,</strong></span> <span class='ocrx_word' id='word_1_282' title='bbox 955 2671 1042 2722; x_wconf 88' lang='lat'><strong>19),</strong></span> <span class='ocrx_word' id='word_1_283' title='bbox 1063 2674 1124 2711; x_wconf 87' lang='lat' dir='ltr'><strong>vel</strong></span> 
     </span>
     <span class='ocr_line' id='line_1_42' title="bbox 93 2726 1122 2782; baseline 0.004 -16"><span class='ocrx_word' id='word_1_284' title='bbox 93 2727 305 2766; x_wconf 84' lang='lat' dir='ltr'><strong>Antiochus</strong></span> <span class='ocrx_word' id='word_1_285' title='bbox 325 2727 501 2776; x_wconf 87' lang='lat' dir='ltr'><strong>(Pausan.</strong></span> <span class='ocrx_word' id='word_1_286' title='bbox 517 2728 548 2773; x_wconf 93' lang='lat' dir='ltr'><strong>I,</strong></span> <span class='ocrx_word' id='word_1_287' title='bbox 571 2726 608 2773; x_wconf 89' lang='lat'><strong>8,</strong></span> <span class='ocrx_word' id='word_1_288' title='bbox 627 2726 681 2776; x_wconf 85' lang='lat'><strong>5),</strong></span> <span class='ocrx_word' id='word_1_289' title='bbox 703 2728 762 2765; x_wconf 90' lang='lat' dir='ltr'><strong>vel</strong></span> <span class='ocrx_word' id='word_1_290' title='bbox 782 2730 963 2768; x_wconf 90' lang='lat' dir='ltr'><strong>Seleucus</strong></span> <span class='ocrx_word' id='word_1_291' title='bbox 983 2733 1122 2782; x_wconf 91' lang='lat' dir='ltr'><strong>(Valer.</strong></span> 
     </span>
     <span class='ocr_line' id='line_1_43' title="bbox 92 2785 1124 2839; baseline 0.004 -14"><span class='ocrx_word' id='word_1_292' title='bbox 92 2790 196 2825; x_wconf 86' lang='lat' dir='ltr'><strong>Max.</strong></span> <span class='ocrx_word' id='word_1_293' title='bbox 220 2789 279 2833; x_wconf 90' lang='grc' dir='ltr'><strong>ΙΙ,</strong></span> <span class='ocrx_word' id='word_1_294' title='bbox 313 2785 388 2836; x_wconf 88' lang='lat'><strong>10).</strong></span> <span class='ocrx_word' id='word_1_295' title='bbox 410 2785 468 2823; x_wconf 87' lang='lat' dir='ltr'><strong>Cf.</strong></span> <span class='ocrx_word' id='word_1_296' title='bbox 499 2785 699 2824; x_wconf 87' lang='lat' dir='ltr'><strong>Thiersch.</strong></span> <span class='ocrx_word' id='word_1_297' title='bbox 721 2789 870 2839; x_wconf 81' lang='lat' dir='ltr'><strong>Epoch.</strong></span> <span class='ocrx_word' id='word_1_298' title='bbox 897 2789 1033 2828; x_wconf 89' lang='lat' dir='ltr'><strong>histor.</strong></span> <span class='ocrx_word' id='word_1_299' title='bbox 1054 2799 1124 2830; x_wconf 89' lang='lat' dir='ltr'><strong>art.</strong></span> 
     </span>
     <span class='ocr_line' id='line_1_44' title="bbox 93 2845 336 2896; baseline -0.004 -14"><span class='ocrx_word' id='word_1_300' title='bbox 93 2859 132 2896; x_wconf 88' lang='lat' dir='ltr'><strong>p.</strong></span> <span class='ocrx_word' id='word_1_301' title='bbox 158 2845 231 2882; x_wconf 81' lang='lat'><strong>128</strong></span> <span class='ocrx_word' id='word_1_302' title='bbox 251 2858 336 2895; x_wconf 82' lang='lat' dir='ltr'><strong>sqq.</strong></span> 
     </span>
    </p>
   </div>
   <div class='ocr_carea' id='block_1_8' title="bbox 416 2920 804 2970">
    <p class='ocr_par' dir='ltr' id='par_1_9' title="bbox 416 2920 804 2970">
     <span class='ocr_line' id='line_1_45' title="bbox 416 2920 804 2970; baseline 0.013 -14"><span class='ocrx_word' id='word_1_303' title='bbox 416 2921 554 2969; x_wconf 76' lang='lat' dir='ltr'><strong>Epoch.</strong></span> <span class='ocrx_word' id='word_1_304' title='bbox 579 2920 640 2958; x_wconf 83' lang='lat'><strong>55.</strong></span> <span class='ocrx_word' id='word_1_305' title='bbox 661 2934 717 2959; x_wconf 90' lang='lat' dir='ltr'><strong>vs.</strong></span> <span class='ocrx_word' id='word_1_306' title='bbox 741 2936 804 2970; x_wconf 92' lang='lat'><strong>71.</strong></span> 
     </span>
    </p>
   </div>
   <div class='ocr_carea' id='block_1_9' title="bbox 95 3008 1126 3181">
    <p class='ocr_par' dir='ltr' id='par_1_10' title="bbox 95 3008 1126 3181">
     <span class='ocr_line' id='line_1_46' title="bbox 147 3008 1126 3062; baseline 0.004 -15"><span class='ocrx_word' id='word_1_307' title='bbox 147 3012 193 3047; x_wconf 93' lang='lat' dir='ltr'><strong>In</strong></span> <span class='ocrx_word' id='word_1_308' title='bbox 212 3020 375 3045; x_wconf 87' lang='lat' dir='ltr'><strong>numero</strong></span> <span class='ocrx_word' id='word_1_309' title='bbox 388 3009 531 3045; x_wconf 86' lang='lat' dir='ltr'><strong>Noster</strong></span> <span class='ocrx_word' id='word_1_310' title='bbox 552 3008 718 3055; x_wconf 88' lang='lat' dir='ltr'><strong>erravit,</strong></span> <span class='ocrx_word' id='word_1_311' title='bbox 746 3018 787 3047; x_wconf 91' lang='lat' dir='ltr'><strong>ut</strong></span> <span class='ocrx_word' id='word_1_312' title='bbox 803 3009 882 3060; x_wconf 90' lang='lat' dir='ltr'><strong>jam</strong></span> <span class='ocrx_word' id='word_1_313' title='bbox 902 3025 962 3062; x_wconf 90' lang='lat' dir='ltr'><strong>ep.</strong></span> <span class='ocrx_word' id='word_1_314' title='bbox 981 3013 1028 3051; x_wconf 84' lang='lat'><strong>53</strong></span> <span class='ocrx_word' id='word_1_315' title='bbox 1048 3027 1126 3050; x_wconf 91' lang='lat' dir='ltr'><strong>mo-</strong></span> 
     </span>
     <span class='ocr_line' id='line_1_47' title="bbox 96 3065 1125 3117; baseline 0.004 -12"><span class='ocrx_word' id='word_1_316' title='bbox 96 3067 259 3105; x_wconf 91' lang='lat' dir='ltr'><strong>nuimus.</strong></span> <span class='ocrx_word' id='word_1_317' title='bbox 269 3066 540 3117; x_wconf 85' lang='lat' dir='ltr'><strong>Epicharmum</strong></span> <span class='ocrx_word' id='word_1_318' title='bbox 550 3065 622 3103; x_wconf 91' lang='lat' dir='ltr'><strong>sub</strong></span> <span class='ocrx_word' id='word_1_319' title='bbox 637 3079 757 3117; x_wconf 84' lang='lat' dir='ltr'><strong>regno</strong></span> <span class='ocrx_word' id='word_1_320' title='bbox 764 3069 943 3107; x_wconf 89' lang='lat' dir='ltr'><strong>Hieronis</strong></span> <span class='ocrx_word' id='word_1_321' title='bbox 952 3071 1125 3110; x_wconf 88' lang='lat' dir='ltr'><strong>floruisse</strong></span> 
     </span>
     <span class='ocr_line' id='line_1_48' title="bbox 95 3124 1125 3181; baseline 0.006 -18"><span class='ocrx_word' id='word_1_322' title='bbox 95 3134 234 3176; x_wconf 80' lang='lat' dir='ltr'><strong>praeter</strong></span> <span class='ocrx_word' id='word_1_323' title='bbox 253 3128 438 3163; x_wconf 88' lang='lat' dir='ltr'><strong>Nostrum</strong></span> <span class='ocrx_word' id='word_1_324' title='bbox 460 3124 577 3162; x_wconf 85' lang='lat' dir='ltr'><strong>refert</strong></span> <span class='ocrx_word' id='word_1_325' title='bbox 593 3125 786 3164; x_wconf 86' lang='lat' dir='ltr'><strong>Plutarch.</strong></span> <span class='ocrx_word' id='word_1_326' title='bbox 807 3129 947 3166; x_wconf 88' lang='lat' dir='ltr'><strong>Moral.</strong></span> <span class='ocrx_word' id='word_1_327' title='bbox 958 3143 996 3181; x_wconf 91' lang='lat' dir='ltr'><strong>p.</strong></span> <span class='ocrx_word' id='word_1_328' title='bbox 1008 3131 1073 3178; x_wconf 89' lang='lat'><strong>68,</strong></span> <span class='ocrx_word' id='word_1_329' title='bbox 1091 3133 1125 3169; x_wconf 92' lang='lat' dir='ltr'><strong>A</strong></span> 
     </span>
    </p>
   </div>
   <div class='ocr_carea' id='block_1_10' title="bbox 96 3184 802 3316">
    <p class='ocr_par' dir='ltr' id='par_1_11' title="bbox 96 3184 802 3316">
     <span class='ocr_line' id='line_1_49' title="bbox 96 3184 324 3236; baseline 0 -13"><span class='ocrx_word' id='word_1_330' title='bbox 96 3185 147 3236; x_wconf 90' lang='lat' dir='ltr'><strong>(p.</strong></span> <span class='ocrx_word' id='word_1_331' title='bbox 171 3184 324 3235; x_wconf 86' lang='lat' dir='ltr'><strong>175,C).</strong></span> 
     </span>
     <span class='ocr_line' id='line_1_50' title="bbox 200 3266 802 3316; baseline 0.008 -14"><span class='ocrx_word' id='word_1_332' title='bbox 200 3268 207 3277; x_wconf 80' lang='lat'><strong><em>¹</em></strong></span> <span class='ocrx_word' id='word_1_333' title='bbox 417 3267 554 3315; x_wconf 71' lang='lat' dir='ltr'><strong>Epoclz.</strong></span> <span class='ocrx_word' id='word_1_334' title='bbox 578 3266 637 3305; x_wconf 82' lang='grc'><strong>56.</strong></span> <span class='ocrx_word' id='word_1_335' title='bbox 660 3281 714 3305; x_wconf 87' lang='lat' dir='ltr'><strong>vs.</strong></span> <span class='ocrx_word' id='word_1_336' title='bbox 739 3282 802 3316; x_wconf 87' lang='grc'><strong>72.</strong></span> 
     </span>
    </p>
   </div>
   <div class='ocr_carea' id='block_1_11' title="bbox 151 3352 1122 3398">
    <p class='ocr_par' dir='ltr' id='par_1_12' title="bbox 151 3352 1122 3398">
     <span class='ocr_line' id='line_1_51' title="bbox 151 3352 1122 3398; baseline 0.006 -6"><span class='ocrx_word' id='word_1_337' title='bbox 151 3352 369 3392; x_wconf 81' lang='lat' dir='ltr'><strong>Secundum</strong></span> <span class='ocrx_word' id='word_1_338' title='bbox 387 3353 595 3392; x_wconf 84' lang='lat' dir='ltr'><strong>Marmoris</strong></span> <span class='ocrx_word' id='word_1_339' title='bbox 612 3363 808 3394; x_wconf 82' lang='lat' dir='ltr'><strong>auctorem</strong></span> <span class='ocrx_word' id='word_1_340' title='bbox 829 3358 1041 3398; x_wconf 79' lang='lat' dir='ltr'><strong>Souhoclcs</strong></span> <span class='ocrx_word' id='word_1_341' title='bbox 1058 3374 1122 3398; x_wconf 88' lang='lat' dir='ltr'><strong>na-</strong></span> 
     </span>
    </p>
   </div>
   <div class='ocr_carea' id='block_1_12' title="bbox 2127 154 2203 188">
    <p class='ocr_par' dir='ltr' id='par_1_13' title="bbox 2127 154 2203 188">
     <span class='ocr_line' id='line_1_52' title="bbox 2127 154 2203 188; baseline 0 0"><span class='ocrx_word' id='word_1_342' title='bbox 2127 154 2203 188; x_wconf 82' lang='lat'><strong>585</strong></span> 
     </span>
    </p>
   </div>
   <div class='ocr_carea' id='block_1_13' title="bbox 1179 232 2219 2763">
    <p class='ocr_par' dir='ltr' id='par_1_14' title="bbox 1179 232 2210 685">
     <span class='ocr_line' id='line_1_53' title="bbox 1182 232 2207 286; baseline 0.001 -14"><span class='ocrx_word' id='word_1_343' title='bbox 1182 242 1244 272; x_wconf 91' lang='lat' dir='ltr'><strong>tus</strong></span> <span class='ocrx_word' id='word_1_344' title='bbox 1265 242 1322 272; x_wconf 93' lang='lat' dir='ltr'><strong>est</strong></span> <span class='ocrx_word' id='word_1_345' title='bbox 1344 234 1497 285; x_wconf 87' lang='lat' dir='ltr'><strong>Olymp.</strong></span> <span class='ocrx_word' id='word_1_346' title='bbox 1514 247 1576 283; x_wconf 89' lang='lat'><strong>70,</strong></span> <span class='ocrx_word' id='word_1_347' title='bbox 1595 239 1615 280; x_wconf 89' lang='lat'>4</span> <span class='ocrx_word' id='word_1_348' title='bbox 1636 234 1699 286; x_wconf 85' lang='lat' dir='ltr'><strong>(cf.</strong></span> <span class='ocrx_word' id='word_1_349' title='bbox 1722 247 1782 286; x_wconf 90' lang='lat' dir='ltr'><strong>ep.</strong></span> <span class='ocrx_word' id='word_1_350' title='bbox 1805 232 1884 286; x_wconf 90' lang='lat'><strong>64).</strong></span> <span class='ocrx_word' id='word_1_351' title='bbox 1897 236 2054 273; x_wconf 73' lang='lat' dir='ltr'><strong>Rectius</strong></span> <span class='ocrx_word' id='word_1_352' title='bbox 2065 234 2105 271; x_wconf 91' lang='lat' dir='ltr'><strong>in</strong></span> <span class='ocrx_word' id='word_1_353' title='bbox 2118 235 2207 273; x_wconf 88' lang='lat' dir='ltr'><strong>Vita</strong></span> 
     </span>
     <span class='ocr_line' id='line_1_54' title="bbox 1180 292 2206 344; baseline -0.002 -12"><span class='ocrx_word' id='word_1_354' title='bbox 1180 294 1361 344; x_wconf 88' lang='lat' dir='ltr'><strong>Sophocl.</strong></span> <span class='ocrx_word' id='word_1_355' title='bbox 1381 295 1525 332; x_wconf 86' lang='lat' dir='ltr'><strong>natales</strong></span> <span class='ocrx_word' id='word_1_356' title='bbox 1537 302 1660 344; x_wconf 79' lang='lat' dir='ltr'><strong>poetae</strong></span> <span class='ocrx_word' id='word_1_357' title='bbox 1678 293 1900 332; x_wconf 84' lang='lat' dir='ltr'><strong>referuntur</strong></span> <span class='ocrx_word' id='word_1_358' title='bbox 1911 292 1959 330; x_wconf 88' lang='lat' dir='ltr'><strong>ad</strong></span> <span class='ocrx_word' id='word_1_359' title='bbox 1969 293 2125 344; x_wconf 87' lang='lat' dir='ltr'><strong>Olymp.</strong></span> <span class='ocrx_word' id='word_1_360' title='bbox 2143 308 2206 343; x_wconf 88' lang='lat'><strong>71,</strong></span> 
     </span>
     <span class='ocr_line' id='line_1_55' title="bbox 1185 353 2208 404; baseline 0 -16"><span class='ocrx_word' id='word_1_361' title='bbox 1185 366 1200 389; x_wconf 94' lang='lat'><strong>1</strong></span> <span class='ocrx_word' id='word_1_362' title='bbox 1225 353 1276 403; x_wconf 77' lang='lat' dir='ltr'><strong>(V.</strong></span> <span class='ocrx_word' id='word_1_363' title='bbox 1298 353 1450 391; x_wconf 83' lang='lat' dir='ltr'><strong>Boeckh.</strong></span> <span class='ocrx_word' id='word_1_364' title='bbox 1473 356 1538 390; x_wconf 87' lang='lat' dir='ltr'><strong>Gr.</strong></span> <span class='ocrx_word' id='word_1_365' title='bbox 1562 361 1656 403; x_wconf 83' lang='lat' dir='ltr'><strong>trag.</strong></span> <span class='ocrx_word' id='word_1_366' title='bbox 1683 353 1878 404; x_wconf 89' lang='lat' dir='ltr'><strong>principes</strong></span> <span class='ocrx_word' id='word_1_367' title='bbox 1908 364 1947 402; x_wconf 91' lang='lat' dir='ltr'><strong>p.</strong></span> <span class='ocrx_word' id='word_1_368' title='bbox 1974 357 2038 400; x_wconf 86' lang='lat'><strong>49,</strong></span> <span class='ocrx_word' id='word_1_369' title='bbox 2070 364 2141 388; x_wconf 81' lang='lat'><strong>102</strong></span> <span class='ocrx_word' id='word_1_370' title='bbox 2170 360 2208 389; x_wconf 92' lang='lat' dir='ltr'><strong>et</strong></span> 
     </span>
     <span class='ocr_line' id='line_1_56' title="bbox 1181 410 2209 462; baseline -0.001 -13"><span class='ocrx_word' id='word_1_371' title='bbox 1181 413 1392 449; x_wconf 89' lang='lat' dir='ltr'><strong>Comment.</strong></span> <span class='ocrx_word' id='word_1_372' title='bbox 1413 411 1461 449; x_wconf 91' lang='lat' dir='ltr'><strong>de</strong></span> <span class='ocrx_word' id='word_1_373' title='bbox 1480 412 1661 462; x_wconf 88' lang='lat' dir='ltr'><strong>Sophocl.</strong></span> <span class='ocrx_word' id='word_1_374' title='bbox 1684 412 1812 461; x_wconf 84' lang='lat' dir='ltr'><strong>Antig.</strong></span> <span class='ocrx_word' id='word_1_375' title='bbox 1835 425 1868 448; x_wconf 80' lang='lat' dir='ltr'><strong>e.</strong></span> <span class='ocrx_word' id='word_1_376' title='bbox 1893 425 1912 459; x_wconf 95' lang='lat'><strong>7</strong></span> <span class='ocrx_word' id='word_1_377' title='bbox 1934 411 1973 448; x_wconf 89' lang='lat' dir='ltr'><strong>in</strong></span> <span class='ocrx_word' id='word_1_378' title='bbox 1989 410 2094 448; x_wconf 91' lang='lat' dir='ltr'><strong>Actis</strong></span> <span class='ocrx_word' id='word_1_379' title='bbox 2113 414 2209 448; x_wconf 87' lang='lat' dir='ltr'><strong>Aca—</strong></span> 
     </span>
     <span class='ocr_line' id='line_1_57' title="bbox 1181 468 2207 519; baseline 0 -13"><span class='ocrx_word' id='word_1_380' title='bbox 1181 469 1279 508; x_wconf 87' lang='lat' dir='ltr'><strong>dem.</strong></span> <span class='ocrx_word' id='word_1_381' title='bbox 1297 470 1508 507; x_wconf 84' lang='lat' dir='ltr'><strong>Borussicae</strong></span> <span class='ocrx_word' id='word_1_382' title='bbox 1527 471 1644 517; x_wconf 85' lang='lat'>1824;</span> <span class='ocrx_word' id='word_1_383' title='bbox 1661 470 1826 508; x_wconf 89' lang='lat' dir='ltr'><strong>Clinton.</strong></span> <span class='ocrx_word' id='word_1_384' title='bbox 1839 473 1880 508; x_wconf 89' lang='lat' dir='ltr'><strong>F.</strong></span> <span class='ocrx_word' id='word_1_385' title='bbox 1894 472 1939 507; x_wconf 92' lang='lat' dir='ltr'><strong>H.</strong></span> <span class='ocrx_word' id='word_1_386' title='bbox 1955 468 2002 506; x_wconf 89' lang='lat' dir='ltr'><strong>ad</strong></span> <span class='ocrx_word' id='word_1_387' title='bbox 2012 469 2207 519; x_wconf 88' lang='lat' dir='ltr'><strong>a.Olymp.</strong></span> 
     </span>
     <span class='ocr_line' id='line_1_58' title="bbox 1183 526 2210 579; baseline 0.003 -16"><span class='ocrx_word' id='word_1_388' title='bbox 1183 541 1247 575; x_wconf 92' lang='lat'><strong>71,</strong></span> <span class='ocrx_word' id='word_1_389' title='bbox 1267 526 1330 578; x_wconf 79' lang='lat'><strong>2);</strong></span> <span class='ocrx_word' id='word_1_390' title='bbox 1350 527 1485 565; x_wconf 89' lang='lat' dir='ltr'><strong>Suidas</strong></span> <span class='ocrx_word' id='word_1_391' title='bbox 1503 529 1614 578; x_wconf 88' lang='lat' dir='ltr'><strong>ponit</strong></span> <span class='ocrx_word' id='word_1_392' title='bbox 1636 529 1792 579; x_wconf 87' lang='lat' dir='ltr'><strong>Olymp.</strong></span> <span class='ocrx_word' id='word_1_393' title='bbox 1815 530 1877 575; x_wconf 87' lang='lat'><strong>73.</strong></span> <span class='ocrx_word' id='word_1_394' title='bbox 1898 551 1952 557; x_wconf 88' lang='lat'><strong>--</strong></span> <span class='ocrx_word' id='word_1_395' title='bbox 1970 533 2025 566; x_wconf 91' lang='lat' dir='ltr'><strong>De</strong></span> <span class='ocrx_word' id='word_1_396' title='bbox 2046 528 2210 566; x_wconf 88' lang='lat' dir='ltr'><strong>victoria</strong></span> 
     </span>
     <span class='ocr_line' id='line_1_59' title="bbox 1181 586 2208 639; baseline 0.004 -17"><span class='ocrx_word' id='word_1_397' title='bbox 1181 586 1385 636; x_wconf 89' lang='lat' dir='ltr'><strong>Sophoclis</strong></span> <span class='ocrx_word' id='word_1_398' title='bbox 1392 587 1539 638; x_wconf 82' lang='lat' dir='ltr'><strong>Magnis</strong></span> <span class='ocrx_word' id='word_1_399' title='bbox 1547 588 1647 625; x_wconf 91' lang='lat' dir='ltr'><strong>Dion</strong></span> <span class='ocrx_word' id='word_1_400' title='bbox 1654 588 1745 638; x_wconf 84' lang='lat' dir='ltr'><strong>ysiis</strong></span> <span class='ocrx_word' id='word_1_401' title='bbox 1763 595 1961 639; x_wconf 89' lang='lat' dir='ltr'><strong>reportata</strong></span> <span class='ocrx_word' id='word_1_402' title='bbox 1972 602 2008 626; x_wconf 91' lang='lat' dir='ltr'><strong>v.</strong></span> <span class='ocrx_word' id='word_1_403' title='bbox 2017 588 2208 626; x_wconf 84' lang='lat' dir='ltr'><strong>Plutarch.</strong></span> 
     </span>
     <span class='ocr_line' id='line_1_60' title="bbox 1179 644 1383 685; baseline 0 -4"><span class='ocrx_word' id='word_1_404' title='bbox 1179 644 1275 682; x_wconf 88' lang='lat' dir='ltr'><strong>Cim.</strong></span> <span class='ocrx_word' id='word_1_405' title='bbox 1293 658 1325 685; x_wconf 80' lang='lat' dir='ltr'><strong>c.</strong></span> <span class='ocrx_word' id='word_1_406' title='bbox 1347 645 1383 682; x_wconf 90' lang='lat'><strong>8.</strong></span> 
     </span>
    </p>

    <p class='ocr_par' dir='ltr' id='par_1_15' title="bbox 1180 703 2216 1817">
     <span class='ocr_line' id='line_1_61' title="bbox 1233 703 2211 756; baseline 0.002 -16"><span class='ocrx_word' id='word_1_407' title='bbox 1233 703 1460 753; x_wconf 89' lang='lat' dir='ltr'><strong>Apsephion</strong></span> <span class='ocrx_word' id='word_1_408' title='bbox 1493 704 1636 742; x_wconf 87' lang='lat' dir='ltr'><strong>archon</strong></span> <span class='ocrx_word' id='word_1_409' title='bbox 1657 705 1808 756; x_wconf 87' lang='lat' dir='ltr'><strong>Olymp.</strong></span> <span class='ocrx_word' id='word_1_410' title='bbox 1829 718 1891 752; x_wconf 90' lang='lat'><strong>77,</strong></span> <span class='ocrx_word' id='word_1_411' title='bbox 1915 710 1936 750; x_wconf 88' lang='grc'>4</span> <span class='ocrx_word' id='word_1_412' title='bbox 1959 705 2122 742; x_wconf 87' lang='lat' dir='ltr'><strong>multum</strong></span> <span class='ocrx_word' id='word_1_413' title='bbox 2139 704 2211 742; x_wconf 85' lang='lat' dir='ltr'><strong>dif-</strong></span> 
     </span>
     <span class='ocr_line' id='line_1_62' title="bbox 1180 761 2209 815; baseline 0.004 -18"><span class='ocrx_word' id='word_1_414' title='bbox 1180 761 1360 798; x_wconf 85' lang='lat' dir='ltr'><strong>ficultatis</strong></span> <span class='ocrx_word' id='word_1_415' title='bbox 1376 763 1520 799; x_wconf 81' lang='lat' dir='ltr'><strong>creavit</strong></span> <span class='ocrx_word' id='word_1_416' title='bbox 1533 764 1626 800; x_wconf 87' lang='lat' dir='ltr'><strong>viris</strong></span> <span class='ocrx_word' id='word_1_417' title='bbox 1643 763 1777 801; x_wconf 89' lang='lat' dir='ltr'><strong>doctis.</strong></span> <span class='ocrx_word' id='word_1_418' title='bbox 1800 781 1815 797; x_wconf 88' lang='lat'>«</span> <span class='ocrx_word' id='word_1_419' title='bbox 1829 766 1924 802; x_wconf 88' lang='lat' dir='ltr'><strong>Nam</strong></span> <span class='ocrx_word' id='word_1_420' title='bbox 1941 772 2079 815; x_wconf 87' lang='lat' dir='ltr'><strong>praeter</strong></span> <span class='ocrx_word' id='word_1_421' title='bbox 2092 763 2209 810; x_wconf 88' lang='lat' dir='ltr'><strong>hunc,</strong></span> 
     </span>
     <span class='ocr_line' id='line_1_63' title="bbox 1180 820 2211 874; baseline 0.004 -18"><span class='ocrx_word' id='word_1_422' title='bbox 1180 820 1381 858; x_wconf 77' lang='lat' dir='ltr'><strong>Boeckhius</strong></span> <span class='ocrx_word' id='word_1_423' title='bbox 1417 822 1489 868; x_wconf 90' lang='lat' dir='ltr'><strong>ait,</strong></span> <span class='ocrx_word' id='word_1_424' title='bbox 1531 835 1644 872; x_wconf 84' lang='lat' dir='ltr'><strong>quem</strong></span> <span class='ocrx_word' id='word_1_425' title='bbox 1674 823 1772 874; x_wconf 85' lang='lat' dir='ltr'><strong>lapis</strong></span> <span class='ocrx_word' id='word_1_426' title='bbox 1801 823 1937 870; x_wconf 86' lang='lat' dir='ltr'><strong>offert,</strong></span> <span class='ocrx_word' id='word_1_427' title='bbox 1971 836 2018 860; x_wconf 88' lang='lat' dir='ltr'><strong>ex</strong></span> <span class='ocrx_word' id='word_1_428' title='bbox 2036 823 2211 873; x_wconf 84' lang='lat' dir='ltr'><strong>Diogene</strong></span> 
     </span>
     <span class='ocr_line' id='line_1_64' title="bbox 1180 879 2206 932; baseline 0.003 -16"><span class='ocrx_word' id='word_1_429' title='bbox 1180 879 1335 917; x_wconf 88' lang='lat' dir='ltr'><strong>Laertio</strong></span> <span class='ocrx_word' id='word_1_430' title='bbox 1353 880 1592 931; x_wconf 86' lang='lat' dir='ltr'><strong>potissimum</strong></span> <span class='ocrx_word' id='word_1_431' title='bbox 1611 894 1712 919; x_wconf 86' lang='lat' dir='ltr'><strong>anno</strong></span> <span class='ocrx_word' id='word_1_432' title='bbox 1727 883 1883 932; x_wconf 89' lang='lat' dir='ltr'><strong>Olymp.</strong></span> <span class='ocrx_word' id='word_1_433' title='bbox 1904 895 1967 929; x_wconf 93' lang='lat'><strong>77,</strong></span> <span class='ocrx_word' id='word_1_434' title='bbox 1984 881 2206 926; x_wconf 89' lang='lat' dir='ltr'><strong>4vindican-</strong></span> 
     </span>
     <span class='ocr_line' id='line_1_65' title="bbox 1182 938 2210 989; baseline 0.003 -14"><span class='ocrx_word' id='word_1_435' title='bbox 1182 938 1295 989; x_wconf 87' lang='lat' dir='ltr'><strong>dum,</strong></span> <span class='ocrx_word' id='word_1_436' title='bbox 1315 938 1422 976; x_wconf 89' lang='lat' dir='ltr'><strong>visus</strong></span> <span class='ocrx_word' id='word_1_437' title='bbox 1442 948 1498 976; x_wconf 85' lang='lat' dir='ltr'><strong>est</strong></span> <span class='ocrx_word' id='word_1_438' title='bbox 1523 939 1691 977; x_wconf 81' lang='lat' dir='ltr'><strong>Phaedon</strong></span> <span class='ocrx_word' id='word_1_439' title='bbox 1712 939 1835 978; x_wconf 90' lang='lat' dir='ltr'><strong>eidem</strong></span> <span class='ocrx_word' id='word_1_440' title='bbox 1859 940 2089 978; x_wconf 90' lang='lat' dir='ltr'><strong>tribuendus</strong></span> <span class='ocrx_word' id='word_1_441' title='bbox 2109 954 2210 979; x_wconf 90' lang='lat' dir='ltr'><strong>anno</strong></span> 
     </span>
     <span class='ocr_line' id='line_1_66' title="bbox 1180 996 2210 1049; baseline 0.003 -15"><span class='ocrx_word' id='word_1_442' title='bbox 1180 1010 1272 1035; x_wconf 92' lang='lat' dir='ltr'><strong>esse.</strong></span> <span class='ocrx_word' id='word_1_443' title='bbox 1294 996 1369 1035; x_wconf 90' lang='lat' dir='ltr'><strong>Sed</strong></span> <span class='ocrx_word' id='word_1_444' title='bbox 1397 997 1502 1034; x_wconf 88' lang='lat' dir='ltr'><strong>hunc</strong></span> <span class='ocrx_word' id='word_1_445' title='bbox 1538 998 1720 1049; x_wconf 83' lang='lat' dir='ltr'><strong>praeclare</strong></span> <span class='ocrx_word' id='word_1_446' title='bbox 1748 1000 1914 1036; x_wconf 90' lang='lat' dir='ltr'><strong>removit</strong></span> <span class='ocrx_word' id='word_1_447' title='bbox 1934 999 2102 1038; x_wconf 91' lang='lat' dir='ltr'><strong>Clinton.</strong></span> <span class='ocrx_word' id='word_1_448' title='bbox 2123 999 2210 1037; x_wconf 88' lang='lat' dir='ltr'><strong>Pri—</strong></span> 
     </span>
     <span class='ocr_line' id='line_1_67' title="bbox 1183 1056 2211 1103; baseline 0.003 -10"><span class='ocrx_word' id='word_1_449' title='bbox 1183 1069 1285 1094; x_wconf 90' lang='lat' dir='ltr'><strong>mum</strong></span> <span class='ocrx_word' id='word_1_450' title='bbox 1303 1069 1349 1094; x_wconf 86' lang='lat' dir='ltr'><strong>ex</strong></span> <span class='ocrx_word' id='word_1_451' title='bbox 1363 1056 1526 1094; x_wconf 89' lang='lat' dir='ltr'><strong>Diodor.</strong></span> <span class='ocrx_word' id='word_1_452' title='bbox 1546 1060 1625 1103; x_wconf 91' lang='lat' dir='ltr'><strong>XI,</strong></span> <span class='ocrx_word' id='word_1_453' title='bbox 1649 1058 1699 1095; x_wconf 84' lang='lat'><strong>63</strong></span> <span class='ocrx_word' id='word_1_454' title='bbox 1728 1057 1803 1094; x_wconf 91' lang='lat' dir='ltr'><strong>huc</strong></span> <span class='ocrx_word' id='word_1_455' title='bbox 1827 1057 2082 1096; x_wconf 84' lang='lat' dir='ltr'><strong>revocabatur</strong></span> <span class='ocrx_word' id='word_1_456' title='bbox 2096 1058 2211 1096; x_wconf 85' lang='lat' dir='ltr'><strong>Phae-</strong></span> 
     </span>
     <span class='ocr_line' id='line_1_68' title="bbox 1182 1115 2212 1167; baseline 0.002 -14"><span class='ocrx_word' id='word_1_457' title='bbox 1182 1116 1259 1153; x_wconf 92' lang='lat' dir='ltr'><strong>don</strong></span> <span class='ocrx_word' id='word_1_458' title='bbox 1283 1131 1292 1153; x_wconf 92' lang='lat'>:</span> <span class='ocrx_word' id='word_1_459' title='bbox 1315 1116 1381 1154; x_wconf 93' lang='lat' dir='ltr'><strong>sed</strong></span> <span class='ocrx_word' id='word_1_460' title='bbox 1405 1115 1460 1153; x_wconf 91' lang='lat' dir='ltr'><strong>ibi</strong></span> <span class='ocrx_word' id='word_1_461' title='bbox 1487 1116 1631 1167; x_wconf 87' lang='lat' dir='ltr'><strong>legitur</strong></span> <span class='ocrx_word' id='word_1_462' title='bbox 1652 1116 1691 1153; x_wconf 86' lang='lat' dir='ltr'><strong>in</strong></span> <span class='ocrx_word' id='word_1_463' title='bbox 1720 1115 1829 1153; x_wconf 86' lang='lat' dir='ltr'><strong>libris</strong></span> <span class='ocrx_word' id='word_1_464' title='bbox 1847 1115 2032 1164; x_wconf 88' lang='grc' dir='ltr'>Φαίωνος,</span> <span class='ocrx_word' id='word_1_465' title='bbox 2059 1117 2134 1154; x_wconf 89' lang='lat' dir='ltr'><strong>hoc</strong></span> <span class='ocrx_word' id='word_1_466' title='bbox 2154 1125 2212 1155; x_wconf 90' lang='lat' dir='ltr'><strong>est</strong></span> 
     </span>
     <span class='ocr_line' id='line_1_69' title="bbox 1181 1173 2212 1228; baseline 0.001 -15"><span class='ocrx_word' id='word_1_467' title='bbox 1181 1173 1420 1228; x_wconf 78' lang='grc' dir='ltr'>Ἀψε]φίωνος,</span> <span class='ocrx_word' id='word_1_468' title='bbox 1430 1183 1471 1212; x_wconf 90' lang='lat' dir='ltr'><strong>ut</strong></span> <span class='ocrx_word' id='word_1_469' title='bbox 1484 1188 1555 1226; x_wconf 83' lang='lat' dir='ltr'><strong>ego</strong></span> <span class='ocrx_word' id='word_1_470' title='bbox 1566 1183 1705 1213; x_wconf 90' lang='lat' dir='ltr'><strong>statuo.</strong></span> <span class='ocrx_word' id='word_1_471' title='bbox 1714 1175 1862 1212; x_wconf 89' lang='lat' dir='ltr'><strong>Deinde</strong></span> <span class='ocrx_word' id='word_1_472' title='bbox 1878 1175 2007 1213; x_wconf 92' lang='lat' dir='ltr'><strong>Schol.</strong></span> <span class='ocrx_word' id='word_1_473' title='bbox 2023 1176 2212 1214; x_wconf 89' lang='lat' dir='ltr'><strong>AEschinis</strong></span> 
     </span>
     <span class='ocr_line' id='line_1_70' title="bbox 1181 1234 2213 1286; baseline 0.002 -15"><span class='ocrx_word' id='word_1_474' title='bbox 1181 1237 1239 1272; x_wconf 94' lang='lat' dir='ltr'><strong>De</strong></span> <span class='ocrx_word' id='word_1_475' title='bbox 1259 1234 1341 1272; x_wconf 87' lang='lat' dir='ltr'><strong>fals.</strong></span> <span class='ocrx_word' id='word_1_476' title='bbox 1368 1235 1481 1286; x_wconf 88' lang='lat' dir='ltr'><strong>legat.</strong></span> <span class='ocrx_word' id='word_1_477' title='bbox 1510 1248 1550 1285; x_wconf 89' lang='lat' dir='ltr'><strong>p.</strong></span> <span class='ocrx_word' id='word_1_478' title='bbox 1580 1234 1654 1282; x_wconf 85' lang='lat'><strong>755</strong></span> <span class='ocrx_word' id='word_1_479' title='bbox 1682 1235 1811 1272; x_wconf 80' lang='lat' dir='ltr'><strong>Reisk.</strong></span> <span class='ocrx_word' id='word_1_480' title='bbox 1839 1234 2043 1272; x_wconf 84' lang='lat' dir='ltr'><strong>Phaedonis</strong></span> <span class='ocrx_word' id='word_1_481' title='bbox 2068 1249 2213 1274; x_wconf 85' lang='lat' dir='ltr'><strong>annum</strong></span> 
     </span>
     <span class='ocr_line' id='line_1_71' title="bbox 1182 1292 2214 1344; baseline 0.002 -14"><span class='ocrx_word' id='word_1_482' title='bbox 1182 1293 1355 1331; x_wconf 89' lang='lat' dir='ltr'><strong>nominat</strong></span> <span class='ocrx_word' id='word_1_483' title='bbox 1378 1294 1418 1330; x_wconf 92' lang='lat' dir='ltr'><strong>in</strong></span> <span class='ocrx_word' id='word_1_484' title='bbox 1438 1306 1498 1338; x_wconf 88' lang='lat' dir='ltr'><strong>re,</strong></span> <span class='ocrx_word' id='word_1_485' title='bbox 1520 1307 1604 1344; x_wconf 83' lang='lat' dir='ltr'><strong>quoe</strong></span> <span class='ocrx_word' id='word_1_486' title='bbox 1626 1292 1674 1330; x_wconf 90' lang='lat' dir='ltr'><strong>ad</strong></span> <span class='ocrx_word' id='word_1_487' title='bbox 1694 1293 1848 1344; x_wconf 86' lang='lat' dir='ltr'><strong>Olymp.</strong></span> <span class='ocrx_word' id='word_1_488' title='bbox 1870 1306 1938 1340; x_wconf 91' lang='lat'><strong>77,</strong></span> <span class='ocrx_word' id='word_1_489' title='bbox 1969 1299 1990 1338; x_wconf 92' lang='grc'>4</span> <span class='ocrx_word' id='word_1_490' title='bbox 2019 1295 2214 1344; x_wconf 83' lang='lat' dir='ltr'><strong>pertinere</strong></span> 
     </span>
     <span class='ocr_line' id='line_1_72' title="bbox 1181 1348 2214 1405; baseline 0.001 -14"><span class='ocrx_word' id='word_1_491' title='bbox 1181 1353 1403 1401; x_wconf 86' lang='lat' dir='ltr'><strong>videbatur,</strong></span> <span class='ocrx_word' id='word_1_492' title='bbox 1425 1352 1492 1390; x_wconf 91' lang='lat' dir='ltr'><strong>sed</strong></span> <span class='ocrx_word' id='word_1_493' title='bbox 1508 1366 1552 1390; x_wconf 88' lang='lat' dir='ltr'><strong>ea</strong></span> <span class='ocrx_word' id='word_1_494' title='bbox 1569 1348 1768 1390; x_wconf 83' lang='lat' dir='ltr'><strong>referenda</strong></span> <span class='ocrx_word' id='word_1_495' title='bbox 1783 1353 1823 1390; x_wconf 90' lang='lat' dir='ltr'><strong>in</strong></span> <span class='ocrx_word' id='word_1_496' title='bbox 1839 1353 1993 1404; x_wconf 87' lang='lat' dir='ltr'><strong>Olymp,</strong></span> <span class='ocrx_word' id='word_1_497' title='bbox 2009 1355 2072 1401; x_wconf 93' lang='lat'><strong>76,</strong></span> <span class='ocrx_word' id='word_1_498' title='bbox 2094 1368 2126 1402; x_wconf 87' lang='lat'><strong>1,</strong></span> <span class='ocrx_word' id='word_1_499' title='bbox 2147 1355 2214 1405; x_wconf 90' lang='lat' dir='ltr'><strong>qui</strong></span> 
     </span>
     <span class='ocr_line' id='line_1_73' title="bbox 1181 1412 2213 1465; baseline 0.001 -14"><span class='ocrx_word' id='word_1_500' title='bbox 1181 1414 1267 1451; x_wconf 83' lang='lat' dir='ltr'><strong>veri</strong></span> <span class='ocrx_word' id='word_1_501' title='bbox 1280 1412 1484 1451; x_wconf 90' lang='lat' dir='ltr'><strong>Phaedonis</strong></span> <span class='ocrx_word' id='word_1_502' title='bbox 1503 1426 1648 1450; x_wconf 90' lang='lat' dir='ltr'><strong>annus:</strong></span> <span class='ocrx_word' id='word_1_503' title='bbox 1669 1412 1717 1450; x_wconf 86' lang='lat' dir='ltr'><strong>cf.</strong></span> <span class='ocrx_word' id='word_1_504' title='bbox 1739 1412 1787 1450; x_wconf 91' lang='lat' dir='ltr'><strong>de</strong></span> <span class='ocrx_word' id='word_1_505' title='bbox 1802 1425 1847 1450; x_wconf 91' lang='lat' dir='ltr'><strong>ea</strong></span> <span class='ocrx_word' id='word_1_506' title='bbox 1863 1412 2032 1452; x_wconf 88' lang='lat' dir='ltr'><strong>Clinton.</strong></span> <span class='ocrx_word' id='word_1_507' title='bbox 2051 1416 2092 1452; x_wconf 91' lang='lat' dir='ltr'><strong>F.</strong></span> <span class='ocrx_word' id='word_1_508' title='bbox 2109 1416 2156 1452; x_wconf 90' lang='lat' dir='ltr'><strong>H.</strong></span> <span class='ocrx_word' id='word_1_509' title='bbox 2174 1428 2213 1465; x_wconf 91' lang='lat' dir='ltr'><strong>p.</strong></span> 
     </span>
     <span class='ocr_line' id='line_1_74' title="bbox 1183 1469 2216 1521; baseline 0.001 -12"><span class='ocrx_word' id='word_1_510' title='bbox 1183 1473 1258 1509; x_wconf 82' lang='lat'><strong>262</strong></span> <span class='ocrx_word' id='word_1_511' title='bbox 1279 1484 1335 1521; x_wconf 89' lang='lat' dir='ltr'><strong>sq.</strong></span> <span class='ocrx_word' id='word_1_512' title='bbox 1357 1470 1443 1508; x_wconf 91' lang='lat' dir='ltr'><strong>coll.</strong></span> <span class='ocrx_word' id='word_1_513' title='bbox 1463 1483 1501 1521; x_wconf 90' lang='lat' dir='ltr'><strong>p.</strong></span> <span class='ocrx_word' id='word_1_514' title='bbox 1524 1471 1585 1508; x_wconf 86' lang='grc'><strong>32.</strong></span> <span class='ocrx_word' id='word_1_515' title='bbox 1606 1469 1741 1517; x_wconf 88' lang='lat' dir='ltr'><strong>Addo,</strong></span> <span class='ocrx_word' id='word_1_516' title='bbox 1764 1484 1813 1508; x_wconf 90' lang='lat' dir='ltr'><strong>ne</strong></span> <span class='ocrx_word' id='word_1_517' title='bbox 1832 1483 1957 1518; x_wconf 87' lang='lat' dir='ltr'><strong>erres,</strong></span> <span class='ocrx_word' id='word_1_518' title='bbox 1982 1472 2096 1509; x_wconf 90' lang='lat' dir='ltr'><strong>etiam</strong></span> <span class='ocrx_word' id='word_1_519' title='bbox 2122 1472 2216 1510; x_wconf 90' lang='lat' dir='ltr'><strong>Plu-</strong></span> 
     </span>
     <span class='ocr_line' id='line_1_75' title="bbox 1183 1528 2216 1578; baseline 0.001 -10"><span class='ocrx_word' id='word_1_520' title='bbox 1183 1530 1361 1568; x_wconf 87' lang='lat' dir='ltr'><strong>tarchum</strong></span> <span class='ocrx_word' id='word_1_521' title='bbox 1375 1529 1490 1567; x_wconf 86' lang='lat' dir='ltr'><strong>Thes.</strong></span> <span class='ocrx_word' id='word_1_522' title='bbox 1512 1542 1544 1566; x_wconf 83' lang='lat' dir='ltr'><strong>e.</strong></span> <span class='ocrx_word' id='word_1_523' title='bbox 1564 1530 1611 1567; x_wconf 90' lang='lat'><strong>36</strong></span> <span class='ocrx_word' id='word_1_524' title='bbox 1625 1560 1635 1578; x_wconf 95' lang='lat'><strong>,</strong></span> <span class='ocrx_word' id='word_1_525' title='bbox 1651 1528 1719 1567; x_wconf 91' lang='lat' dir='ltr'><strong>ubi</strong></span> <span class='ocrx_word' id='word_1_526' title='bbox 1735 1529 1901 1568; x_wconf 78' lang='lat' dir='ltr'><strong>Phaedon</strong></span> <span class='ocrx_word' id='word_1_527' title='bbox 1921 1539 2158 1569; x_wconf 91' lang='lat' dir='ltr'><strong>memoratur</strong></span> <span class='ocrx_word' id='word_1_528' title='bbox 2174 1532 2216 1569; x_wconf 92' lang='lat' dir='ltr'><strong>in</strong></span> 
     </span>
     <span class='ocr_line' id='line_1_76' title="bbox 1183 1588 2214 1640; baseline 0.002 -13"><span class='ocrx_word' id='word_1_529' title='bbox 1183 1603 1248 1640; x_wconf 88' lang='lat' dir='ltr'><strong>re,</strong></span> <span class='ocrx_word' id='word_1_530' title='bbox 1270 1602 1384 1640; x_wconf 92' lang='lat' dir='ltr'><strong>quam</strong></span> <span class='ocrx_word' id='word_1_531' title='bbox 1406 1588 1603 1626; x_wconf 86' lang='lat' dir='ltr'><strong>Bentleius</strong></span> <span class='ocrx_word' id='word_1_532' title='bbox 1617 1589 1882 1640; x_wconf 86' lang='lat' dir='ltr'><strong>Apsephionis</strong></span> <span class='ocrx_word' id='word_1_533' title='bbox 1904 1588 1951 1627; x_wconf 90' lang='lat' dir='ltr'><strong>ad</strong></span> <span class='ocrx_word' id='word_1_534' title='bbox 1969 1603 2132 1638; x_wconf 90' lang='lat' dir='ltr'><strong>annum,</strong></span> <span class='ocrx_word' id='word_1_535' title='bbox 2153 1591 2214 1630; x_wconf 90' lang='lat' dir='ltr'><strong>Ol.</strong></span> 
     </span>
     <span class='ocr_line' id='line_1_77' title="bbox 1185 1647 2216 1699; baseline 0.002 -13"><span class='ocrx_word' id='word_1_536' title='bbox 1185 1662 1246 1696; x_wconf 92' lang='lat'><strong>77,</strong></span> <span class='ocrx_word' id='word_1_537' title='bbox 1261 1655 1281 1694; x_wconf 91' lang='grc'>4</span> <span class='ocrx_word' id='word_1_538' title='bbox 1303 1647 1508 1696; x_wconf 85' lang='lat' dir='ltr'><strong>referebat,</strong></span> <span class='ocrx_word' id='word_1_539' title='bbox 1526 1661 1604 1685; x_wconf 90' lang='lat' dir='ltr'><strong>non</strong></span> <span class='ocrx_word' id='word_1_540' title='bbox 1619 1647 1726 1685; x_wconf 90' lang='lat' dir='ltr'><strong>illu&#39;m</strong></span> <span class='ocrx_word' id='word_1_541' title='bbox 1742 1661 1887 1686; x_wconf 88' lang='lat' dir='ltr'><strong>annum</strong></span> <span class='ocrx_word' id='word_1_542' title='bbox 1903 1649 2132 1699; x_wconf 86' lang='lat' dir='ltr'><strong>significare,</strong></span> <span class='ocrx_word' id='word_1_543' title='bbox 2148 1650 2216 1688; x_wconf 90' lang='lat' dir='ltr'><strong>sed</strong></span> 
     </span>
     <span class='ocr_line' id='line_1_78' title="bbox 1182 1707 2212 1759; baseline 0.001 -14"><span class='ocrx_word' id='word_1_544' title='bbox 1182 1720 1323 1745; x_wconf 88' lang='lat' dir='ltr'><strong>annum</strong></span> <span class='ocrx_word' id='word_1_545' title='bbox 1349 1707 1504 1757; x_wconf 87' lang='lat' dir='ltr'><strong>Olymp.</strong></span> <span class='ocrx_word' id='word_1_546' title='bbox 1523 1707 1586 1754; x_wconf 87' lang='lat'><strong>76,</strong></span> <span class='ocrx_word' id='word_1_547' title='bbox 1612 1720 1627 1743; x_wconf 93' lang='lat'><strong>1</strong></span> <span class='ocrx_word' id='word_1_548' title='bbox 1651 1709 1810 1756; x_wconf 87' lang='lat' dir='ltr'><strong>(Corsin.</strong></span> <span class='ocrx_word' id='word_1_549' title='bbox 1837 1709 1879 1745; x_wconf 81' lang='lat' dir='ltr'><strong>F.</strong></span> <span class='ocrx_word' id='word_1_550' title='bbox 1899 1712 1942 1746; x_wconf 87' lang='lat' dir='ltr'><strong>A.</strong></span> <span class='ocrx_word' id='word_1_551' title='bbox 1965 1715 2058 1745; x_wconf 91' lang='lat' dir='ltr'><strong>tom.</strong></span> <span class='ocrx_word' id='word_1_552' title='bbox 2075 1710 2147 1755; x_wconf 92' lang='lat'><strong>111,</strong></span> <span class='ocrx_word' id='word_1_553' title='bbox 2172 1721 2212 1759; x_wconf 94' lang='lat' dir='ltr'><strong>p.</strong></span> 
     </span>
     <span class='ocr_line' id='line_1_79' title="bbox 1187 1766 2156 1817; baseline 0.002 -13"><span class='ocrx_word' id='word_1_554' title='bbox 1187 1772 1275 1815; x_wconf 90' lang='lat'><strong>174,</strong></span> <span class='ocrx_word' id='word_1_555' title='bbox 1294 1766 1446 1805; x_wconf 90' lang='lat' dir='ltr'><strong>Clinton</strong></span> <span class='ocrx_word' id='word_1_556' title='bbox 1464 1769 1507 1806; x_wconf 89' lang='lat' dir='ltr'><strong>F.</strong></span> <span class='ocrx_word' id='word_1_557' title='bbox 1528 1769 1578 1804; x_wconf 88' lang='lat' dir='ltr'><strong>H.</strong></span> <span class='ocrx_word' id='word_1_558' title='bbox 1602 1779 1641 1817; x_wconf 87' lang='lat' dir='ltr'><strong>p.</strong></span> <span class='ocrx_word' id='word_1_559' title='bbox 1659 1766 1739 1817; x_wconf 90' lang='lat'><strong>34).</strong></span> <span class='ocrx_word' id='word_1_560' title='bbox 1756 1783 1772 1800; x_wconf 83' lang='lat'>»</span> <span class='ocrx_word' id='word_1_561' title='bbox 1789 1769 1985 1804; x_wconf 84' lang='lat' dir='ltr'><strong>Hactenus</strong></span> <span class='ocrx_word' id='word_1_562' title='bbox 2002 1767 2156 1806; x_wconf 86' lang='lat' dir='ltr'><strong>Boeckh.</strong></span> 
     </span>
    </p>

    <p class='ocr_par' dir='ltr' id='par_1_16' title="bbox 1182 1824 2219 2763">
     <span class='ocr_line' id='line_1_80' title="bbox 1235 1824 2217 1875; baseline 0.001 -13"><span class='ocrx_word' id='word_1_563' title='bbox 1235 1828 1324 1863; x_wconf 89' lang='lat' dir='ltr'><strong>Duo</strong></span> <span class='ocrx_word' id='word_1_564' title='bbox 1341 1824 1380 1862; x_wconf 86' lang='lat' dir='ltr'><strong>hi</strong></span> <span class='ocrx_word' id='word_1_565' title='bbox 1401 1824 1607 1862; x_wconf 90' lang='lat' dir='ltr'><strong>archontes</strong></span> <span class='ocrx_word' id='word_1_566' title='bbox 1631 1833 1708 1862; x_wconf 90' lang='lat' dir='ltr'><strong>tam</strong></span> <span class='ocrx_word' id='word_1_567' title='bbox 1729 1837 1828 1875; x_wconf 88' lang='lat' dir='ltr'><strong>saepe</strong></span> <span class='ocrx_word' id='word_1_568' title='bbox 1846 1824 2151 1874; x_wconf 90' lang='lat' dir='ltr'><strong>confunduntur,</strong></span> <span class='ocrx_word' id='word_1_569' title='bbox 2171 1834 2217 1864; x_wconf 91' lang='lat' dir='ltr'><strong>ut</strong></span> 
     </span>
     <span class='ocr_line' id='line_1_81' title="bbox 1182 1883 2214 1935; baseline 0.002 -15"><span class='ocrx_word' id='word_1_570' title='bbox 1182 1883 1364 1922; x_wconf 88' lang='lat' dir='ltr'><strong>dubitare</strong></span> <span class='ocrx_word' id='word_1_571' title='bbox 1380 1884 1519 1935; x_wconf 87' lang='lat' dir='ltr'><strong>possis,</strong></span> <span class='ocrx_word' id='word_1_572' title='bbox 1533 1897 1627 1920; x_wconf 89' lang='lat' dir='ltr'><strong>num</strong></span> <span class='ocrx_word' id='word_1_573' title='bbox 1649 1884 1809 1922; x_wconf 91' lang='lat' dir='ltr'><strong>omnino</strong></span> <span class='ocrx_word' id='word_1_574' title='bbox 1838 1884 2032 1922; x_wconf 87' lang='lat' dir='ltr'><strong>exstiterit</strong></span> <span class='ocrx_word' id='word_1_575' title='bbox 2048 1884 2214 1922; x_wconf 78' lang='lat' dir='ltr'><strong>Phaedon</strong></span> 
     </span>
     <span class='ocr_line' id='line_1_82' title="bbox 1182 1942 2216 1991; baseline 0 -11"><span class='ocrx_word' id='word_1_576' title='bbox 1182 1943 1327 1981; x_wconf 90' lang='lat' dir='ltr'><strong>archon</strong></span> <span class='ocrx_word' id='word_1_577' title='bbox 1343 1944 1402 1981; x_wconf 92' lang='lat' dir='ltr'><strong>Ol.</strong></span> <span class='ocrx_word' id='word_1_578' title='bbox 1417 1944 1479 1991; x_wconf 88' lang='lat'><strong>76,</strong></span> <span class='ocrx_word' id='word_1_579' title='bbox 1497 1957 1511 1980; x_wconf 94' lang='lat'><strong>1</strong></span> <span class='ocrx_word' id='word_1_580' title='bbox 1521 1943 1615 1990; x_wconf 91' lang='lat' dir='ltr'><strong>‚nisi</strong></span> <span class='ocrx_word' id='word_1_581' title='bbox 1627 1942 1911 1981; x_wconf 88' lang='lat' dir='ltr'><strong>dubitationem</strong></span> <span class='ocrx_word' id='word_1_582' title='bbox 1923 1943 2110 1981; x_wconf 90' lang='lat' dir='ltr'><strong>recideret</strong></span> <span class='ocrx_word' id='word_1_583' title='bbox 2124 1943 2216 1982; x_wconf 91' lang='lat' dir='ltr'><strong>Dio-</strong></span> 
     </span>
     <span class='ocr_line' id='line_1_83' title="bbox 1183 2001 2217 2050; baseline 0 -11"><span class='ocrx_word' id='word_1_584' title='bbox 1183 2002 1266 2040; x_wconf 87' lang='lat' dir='ltr'><strong>dor.</strong></span> <span class='ocrx_word' id='word_1_585' title='bbox 1281 2004 1359 2047; x_wconf 88' lang='lat' dir='ltr'><strong>XI,</strong></span> <span class='ocrx_word' id='word_1_586' title='bbox 1379 2003 1440 2046; x_wconf 89' lang='lat'><strong>48.</strong></span> <span class='ocrx_word' id='word_1_587' title='bbox 1461 2005 1557 2040; x_wconf 89' lang='lat' dir='ltr'><strong>Nam</strong></span> <span class='ocrx_word' id='word_1_588' title='bbox 1574 2002 1712 2040; x_wconf 87' lang='lat' dir='ltr'><strong>ceteris</strong></span> <span class='ocrx_word' id='word_1_589' title='bbox 1734 2003 1849 2050; x_wconf 89' lang='lat' dir='ltr'><strong>locis,</strong></span> <span class='ocrx_word' id='word_1_590' title='bbox 1870 2001 1937 2040; x_wconf 90' lang='lat' dir='ltr'><strong>ubi</strong></span> <span class='ocrx_word' id='word_1_591' title='bbox 1961 2002 2132 2041; x_wconf 78' lang='lat' dir='ltr'><strong>Phaedon</strong></span> <span class='ocrx_word' id='word_1_592' title='bbox 2150 2015 2217 2040; x_wconf 86' lang='lat' dir='ltr'><strong>ar—</strong></span> 
     </span>
     <span class='ocr_line' id='line_1_84' title="bbox 1183 2061 2218 2107; baseline -0.001 -9"><span class='ocrx_word' id='word_1_593' title='bbox 1183 2061 1284 2099; x_wconf 89' lang='lat' dir='ltr'><strong>chon</strong></span> <span class='ocrx_word' id='word_1_594' title='bbox 1304 2069 1554 2107; x_wconf 89' lang='lat' dir='ltr'><strong>memoratur,</strong></span> <span class='ocrx_word' id='word_1_595' title='bbox 1573 2074 1653 2098; x_wconf 91' lang='lat' dir='ltr'><strong>non</strong></span> <span class='ocrx_word' id='word_1_596' title='bbox 1674 2074 1764 2099; x_wconf 87' lang='lat' dir='ltr'><strong>cum</strong></span> <span class='ocrx_word' id='word_1_597' title='bbox 1787 2061 1968 2100; x_wconf 88' lang='lat' dir='ltr'><strong>Clintone</strong></span> <span class='ocrx_word' id='word_1_598' title='bbox 1983 2069 2021 2098; x_wconf 89' lang='lat' dir='ltr'><strong>et</strong></span> <span class='ocrx_word' id='word_1_599' title='bbox 2035 2061 2218 2099; x_wconf 89' lang='lat' dir='ltr'><strong>Boeckhio</strong></span> 
     </span>
     <span class='ocr_line' id='line_1_85' title="bbox 1184 2120 2218 2171; baseline 0 -13"><span class='ocrx_word' id='word_1_600' title='bbox 1184 2120 1430 2171; x_wconf 88' lang='lat' dir='ltr'><strong>cogitandum</strong></span> <span class='ocrx_word' id='word_1_601' title='bbox 1440 2129 1498 2159; x_wconf 89' lang='lat' dir='ltr'><strong>est</strong></span> <span class='ocrx_word' id='word_1_602' title='bbox 1513 2121 1560 2158; x_wconf 91' lang='lat' dir='ltr'><strong>de</strong></span> <span class='ocrx_word' id='word_1_603' title='bbox 1574 2134 1677 2159; x_wconf 90' lang='lat' dir='ltr'><strong>anno</strong></span> <span class='ocrx_word' id='word_1_604' title='bbox 1687 2121 1748 2160; x_wconf 91' lang='lat' dir='ltr'><strong>Ol.</strong></span> <span class='ocrx_word' id='word_1_605' title='bbox 1760 2122 1828 2168; x_wconf 91' lang='lat'><strong>76,</strong></span> <span class='ocrx_word' id='word_1_606' title='bbox 1845 2121 1956 2169; x_wconf 86' lang='lat' dir='ltr'><strong>1,sed</strong></span> <span class='ocrx_word' id='word_1_607' title='bbox 1974 2135 2037 2169; x_wconf 92' lang='lat'><strong>77,</strong></span> <span class='ocrx_word' id='word_1_608' title='bbox 2050 2125 2218 2171; x_wconf 86' lang='lat' dir='ltr'><strong>4.Atque</strong></span> 
     </span>
     <span class='ocr_line' id='line_1_86' title="bbox 1183 2179 2216 2231; baseline 0.001 -14"><span class='ocrx_word' id='word_1_609' title='bbox 1183 2180 1303 2217; x_wconf 89' lang='lat' dir='ltr'><strong>altero</strong></span> <span class='ocrx_word' id='word_1_610' title='bbox 1322 2179 1484 2217; x_wconf 91' lang='lat' dir='ltr'><strong>Diodori</strong></span> <span class='ocrx_word' id='word_1_611' title='bbox 1515 2179 1603 2218; x_wconf 93' lang='lat' dir='ltr'><strong>loco</strong></span> <span class='ocrx_word' id='word_1_612' title='bbox 1624 2179 1712 2231; x_wconf 91' lang='lat' dir='ltr'><strong>(XI,</strong></span> <span class='ocrx_word' id='word_1_613' title='bbox 1733 2179 1814 2230; x_wconf 91' lang='lat'><strong>63),</strong></span> <span class='ocrx_word' id='word_1_614' title='bbox 1845 2179 1914 2217; x_wconf 90' lang='lat' dir='ltr'><strong>ubi</strong></span> <span class='ocrx_word' id='word_1_615' title='bbox 1951 2179 2000 2217; x_wconf 91' lang='lat' dir='ltr'><strong>de</strong></span> <span class='ocrx_word' id='word_1_616' title='bbox 2017 2193 2051 2216; x_wconf 83' lang='lat' dir='ltr'><strong>a-</strong></span> <span class='ocrx_word' id='word_1_617' title='bbox 2070 2180 2132 2219; x_wconf 92' lang='lat' dir='ltr'><strong>Ol.</strong></span> <span class='ocrx_word' id='word_1_618' title='bbox 2152 2193 2216 2227; x_wconf 88' lang='lat'><strong>77,</strong></span> 
     </span>
     <span class='ocr_line' id='line_1_87' title="bbox 1185 2236 2215 2289; baseline 0.001 -14"><span class='ocrx_word' id='word_1_619' title='bbox 1185 2243 1206 2282; x_wconf 93' lang='grc'>4</span> <span class='ocrx_word' id='word_1_620' title='bbox 1228 2238 1368 2288; x_wconf 87' lang='lat' dir='ltr'><strong>agitur,</strong></span> <span class='ocrx_word' id='word_1_621' title='bbox 1389 2238 1511 2275; x_wconf 88' lang='lat' dir='ltr'><strong>multo</strong></span> <span class='ocrx_word' id='word_1_622' title='bbox 1530 2236 1772 2288; x_wconf 87' lang='lat' dir='ltr'><strong>probabilius</strong></span> <span class='ocrx_word' id='word_1_623' title='bbox 1784 2251 1858 2289; x_wconf 90' lang='lat' dir='ltr'><strong>pro</strong></span> <span class='ocrx_word' id='word_1_624' title='bbox 1873 2236 2037 2281; x_wconf 87' lang='grc' dir='ltr'>Φαίωνος</span> <span class='ocrx_word' id='word_1_625' title='bbox 2058 2251 2104 2275; x_wconf 84' lang='lat' dir='ltr'><strong>ex</strong></span> <span class='ocrx_word' id='word_1_626' title='bbox 2122 2247 2215 2277; x_wconf 79' lang='lat' dir='ltr'><strong>vett.</strong></span> 
     </span>
     <span class='ocr_line' id='line_1_88' title="bbox 1183 2296 2218 2348; baseline 0.001 -14"><span class='ocrx_word' id='word_1_627' title='bbox 1183 2297 1400 2347; x_wconf 83' lang='lat' dir='ltr'><strong>interprett.</strong></span> <span class='ocrx_word' id='word_1_628' title='bbox 1411 2296 1587 2334; x_wconf 85' lang='lat' dir='ltr'><strong>Dindorf.</strong></span> <span class='ocrx_word' id='word_1_629' title='bbox 1602 2297 1777 2347; x_wconf 85' lang='lat' dir='ltr'><strong>reposuit</strong></span> <span class='ocrx_word' id='word_1_630' title='bbox 1791 2296 1989 2345; x_wconf 84' lang='grc' dir='ltr'>Φαίδωνος,</span> <span class='ocrx_word' id='word_1_631' title='bbox 2003 2310 2116 2348; x_wconf 91' lang='lat' dir='ltr'><strong>quam</strong></span> <span class='ocrx_word' id='word_1_632' title='bbox 2130 2311 2218 2335; x_wconf 88' lang='lat' dir='ltr'><strong>cum</strong></span> 
     </span>
     <span class='ocr_line' id='line_1_89' title="bbox 1183 2354 2218 2409; baseline 0.001 -15"><span class='ocrx_word' id='word_1_633' title='bbox 1183 2355 1366 2394; x_wconf 82' lang='lat' dir='ltr'><strong>Boeckhio</strong></span> <span class='ocrx_word' id='word_1_634' title='bbox 1390 2356 1590 2407; x_wconf 90' lang='lat' dir='ltr'><strong>scripseris</strong></span> <span class='ocrx_word' id='word_1_635' title='bbox 1605 2354 1834 2409; x_wconf 74' lang='grc' dir='ltr'>Ἀψεφίωνος.</span> <span class='ocrx_word' id='word_1_636' title='bbox 1858 2359 1916 2394; x_wconf 89' lang='lat' dir='ltr'><strong>De</strong></span> <span class='ocrx_word' id='word_1_637' title='bbox 1934 2355 2074 2407; x_wconf 89' lang='lat' dir='ltr'><strong>quibus</strong></span> <span class='ocrx_word' id='word_1_638' title='bbox 2090 2357 2218 2395; x_wconf 91' lang='lat' dir='ltr'><strong>omni-</strong></span> 
     </span>
     <span class='ocr_line' id='line_1_90' title="bbox 1184 2413 2217 2466; baseline 0.002 -14"><span class='ocrx_word' id='word_1_639' title='bbox 1184 2414 1258 2453; x_wconf 91' lang='lat' dir='ltr'><strong>bus</strong></span> <span class='ocrx_word' id='word_1_640' title='bbox 1305 2413 1463 2452; x_wconf 89' lang='lat' dir='ltr'><strong>uberius</strong></span> <span class='ocrx_word' id='word_1_641' title='bbox 1497 2415 1557 2465; x_wconf 89' lang='lat' dir='ltr'><strong>egi</strong></span> <span class='ocrx_word' id='word_1_642' title='bbox 1592 2414 1633 2452; x_wconf 92' lang='lat' dir='ltr'><strong>in</strong></span> <span class='ocrx_word' id='word_1_643' title='bbox 1664 2417 1919 2453; x_wconf 87' lang='lat' dir='ltr'><strong>Commentat.</strong></span> <span class='ocrx_word' id='word_1_644' title='bbox 1958 2420 2012 2453; x_wconf 91' lang='lat' dir='ltr'><strong>De</strong></span> <span class='ocrx_word' id='word_1_645' title='bbox 2044 2416 2217 2466; x_wconf 84' lang='lat' dir='ltr'><strong>AEschyli</strong></span> 
     </span>
     <span class='ocr_line' id='line_1_91' title="bbox 1185 2473 2215 2526; baseline 0.003 -16"><span class='ocrx_word' id='word_1_646' title='bbox 1185 2477 1338 2525; x_wconf 86' lang='lat' dir='ltr'><strong>Septem</strong></span> <span class='ocrx_word' id='word_1_647' title='bbox 1350 2481 1487 2511; x_wconf 89' lang='lat' dir='ltr'><strong>contra</strong></span> <span class='ocrx_word' id='word_1_648' title='bbox 1502 2473 1657 2512; x_wconf 87' lang='lat' dir='ltr'><strong>Thebas</strong></span> <span class='ocrx_word' id='word_1_649' title='bbox 1668 2474 1856 2526; x_wconf 70' lang='lat' dir='ltr'><strong>(Gtitting.</strong></span> <span class='ocrx_word' id='word_1_650' title='bbox 1877 2475 2005 2522; x_wconf 88' lang='lat'><strong>1836),</strong></span> <span class='ocrx_word' id='word_1_651' title='bbox 2023 2487 2061 2525; x_wconf 90' lang='lat' dir='ltr'><strong>p.</strong></span> <span class='ocrx_word' id='word_1_652' title='bbox 2081 2489 2094 2511; x_wconf 92' lang='lat'><strong>1</strong></span> <span class='ocrx_word' id='word_1_653' title='bbox 2108 2475 2215 2513; x_wconf 85' lang='lat'><strong>1-35.</strong></span> 
     </span>
     <span class='ocr_line' id='line_1_92' title="bbox 1185 2532 2217 2571; baseline 0.001 -1"><span class='ocrx_word' id='word_1_654' title='bbox 1185 2535 1326 2571; x_wconf 87' lang='lat' dir='ltr'><strong>Caussa</strong></span> <span class='ocrx_word' id='word_1_655' title='bbox 1339 2532 1580 2570; x_wconf 80' lang='lat' dir='ltr'><strong>confusionis</strong></span> <span class='ocrx_word' id='word_1_656' title='bbox 1599 2545 1682 2570; x_wconf 89' lang='lat' dir='ltr'><strong>esse</strong></span> <span class='ocrx_word' id='word_1_657' title='bbox 1695 2533 1850 2571; x_wconf 89' lang='lat' dir='ltr'><strong>videtur</strong></span> <span class='ocrx_word' id='word_1_658' title='bbox 1866 2534 2065 2571; x_wconf 90' lang='lat' dir='ltr'><strong>nominum</strong></span> <span class='ocrx_word' id='word_1_659' title='bbox 2080 2533 2217 2571; x_wconf 89' lang='lat' dir='ltr'><strong>simili-</strong></span> 
     </span>
     <span class='ocr_line' id='line_1_93' title="bbox 1186 2591 2216 2643; baseline 0.002 -14"><span class='ocrx_word' id='word_1_660' title='bbox 1186 2591 1278 2631; x_wconf 90' lang='lat' dir='ltr'><strong>tudo</strong></span> <span class='ocrx_word' id='word_1_661' title='bbox 1287 2608 1297 2640; x_wconf 92' lang='lat'>;</span> <span class='ocrx_word' id='word_1_662' title='bbox 1308 2605 1432 2643; x_wconf 86' lang='lat' dir='ltr'><strong>neque</strong></span> <span class='ocrx_word' id='word_1_663' title='bbox 1445 2599 1571 2630; x_wconf 90' lang='lat' dir='ltr'><strong>tamen</strong></span> <span class='ocrx_word' id='word_1_664' title='bbox 1586 2591 1669 2630; x_wconf 89' lang='lat' dir='ltr'><strong>haec</strong></span> <span class='ocrx_word' id='word_1_665' title='bbox 1680 2593 1760 2630; x_wconf 87' lang='lat' dir='ltr'><strong>sola</strong></span> <span class='ocrx_word' id='word_1_666' title='bbox 1772 2608 1782 2639; x_wconf 90' lang='lat'>;</span> <span class='ocrx_word' id='word_1_667' title='bbox 1793 2606 1880 2630; x_wconf 88' lang='lat' dir='ltr'><strong>nam</strong></span> <span class='ocrx_word' id='word_1_668' title='bbox 1895 2592 2216 2631; x_wconf 89' lang='lat' dir='ltr'><strong>considerandum</strong></span> 
     </span>
     <span class='ocr_line' id='line_1_94' title="bbox 1185 2651 2219 2702; baseline 0.002 -14"><span class='ocrx_word' id='word_1_669' title='bbox 1185 2659 1243 2689; x_wconf 90' lang='lat' dir='ltr'><strong>est</strong></span> <span class='ocrx_word' id='word_1_670' title='bbox 1259 2651 1356 2689; x_wconf 89' lang='lat' dir='ltr'><strong>duos</strong></span> <span class='ocrx_word' id='word_1_671' title='bbox 1375 2651 1446 2689; x_wconf 91' lang='lat' dir='ltr'><strong>hos</strong></span> <span class='ocrx_word' id='word_1_672' title='bbox 1465 2651 1668 2689; x_wconf 88' lang='lat' dir='ltr'><strong>archontes</strong></span> <span class='ocrx_word' id='word_1_673' title='bbox 1685 2659 1832 2702; x_wconf 89' lang='lat' dir='ltr'><strong>septem</strong></span> <span class='ocrx_word' id='word_1_674' title='bbox 1851 2651 1991 2689; x_wconf 90' lang='lat' dir='ltr'><strong>distare</strong></span> <span class='ocrx_word' id='word_1_675' title='bbox 2004 2651 2124 2689; x_wconf 90' lang='lat' dir='ltr'><strong>annis.</strong></span> <span class='ocrx_word' id='word_1_676' title='bbox 2136 2655 2219 2690; x_wconf 85' lang='lat' dir='ltr'><strong>Ita-</strong></span> 
     </span>
     <span class='ocr_line' id='line_1_95' title="bbox 1185 2711 1950 2763; baseline -0.001 -14"><span class='ocrx_word' id='word_1_677' title='bbox 1185 2724 1260 2762; x_wconf 90' lang='lat' dir='ltr'><strong>que</strong></span> <span class='ocrx_word' id='word_1_678' title='bbox 1279 2711 1415 2749; x_wconf 90' lang='lat' dir='ltr'><strong>vitium</strong></span> <span class='ocrx_word' id='word_1_679' title='bbox 1438 2711 1700 2749; x_wconf 88' lang='lat' dir='ltr'><strong>eritveterum</strong></span> <span class='ocrx_word' id='word_1_680' title='bbox 1721 2712 1950 2763; x_wconf 73' lang='grc' dir='ltr'>ἀναγραφῶν.</span> 
     </span>
    </p>
   </div>
   <div class='ocr_carea' id='block_1_14' title="bbox 1470 2792 1928 2842">
    <p class='ocr_par' dir='ltr' id='par_1_17' title="bbox 1470 2792 1928 2842">
     <span class='ocr_line' id='line_1_96' title="bbox 1470 2792 1928 2842; baseline 0 -12"><span class='ocrx_word' id='word_1_681' title='bbox 1470 2793 1610 2842; x_wconf 81' lang='lat' dir='ltr'><strong>Epoch.</strong></span> <span class='ocrx_word' id='word_1_682' title='bbox 1637 2793 1699 2840; x_wconf 87' lang='lat'><strong>57.</strong></span> <span class='ocrx_word' id='word_1_683' title='bbox 1719 2806 1774 2830; x_wconf 91' lang='lat' dir='ltr'><strong>vs.</strong></span> <span class='ocrx_word' id='word_1_684' title='bbox 1795 2792 1928 2840; x_wconf 83' lang='grc'><strong>72-73.</strong></span> 
     </span>
    </p>
   </div>
   <div class='ocr_carea' id='block_1_15' title="bbox 1184 2887 2214 3411">
    <p class='ocr_par' dir='ltr' id='par_1_18' title="bbox 1184 2887 2214 3411">
     <span class='ocr_line' id='line_1_97' title="bbox 1237 2887 2214 2939; baseline 0.002 -14"><span class='ocrx_word' id='word_1_685' title='bbox 1237 2890 1296 2925; x_wconf 91' lang='lat' dir='ltr'><strong>De</strong></span> <span class='ocrx_word' id='word_1_686' title='bbox 1318 2887 1447 2939; x_wconf 87' lang='lat' dir='ltr'><strong>lapide</strong></span> <span class='ocrx_word' id='word_1_687' title='bbox 1463 2888 1556 2925; x_wconf 85' lang='lat' dir='ltr'><strong>coelo</strong></span> <span class='ocrx_word' id='word_1_688' title='bbox 1585 2887 1743 2938; x_wconf 86' lang='lat' dir='ltr'><strong>delapso</strong></span> <span class='ocrx_word' id='word_1_689' title='bbox 1760 2887 1922 2925; x_wconf 90' lang='lat' dir='ltr'><strong>Aristot.</strong></span> <span class='ocrx_word' id='word_1_690' title='bbox 1937 2890 2100 2926; x_wconf 90' lang='lat' dir='ltr'><strong>Meteor.</strong></span> <span class='ocrx_word' id='word_1_691' title='bbox 2118 2890 2149 2938; x_wconf 93' lang='lat' dir='ltr'><strong>I,</strong></span> <span class='ocrx_word' id='word_1_692' title='bbox 2172 2904 2214 2937; x_wconf 90' lang='lat'><strong>7:</strong></span> 
     </span>
     <span class='ocr_line' id='line_1_98' title="bbox 1184 2945 2213 3002; baseline 0.002 -18"><span class='ocrx_word' id='word_1_693' title='bbox 1184 2945 1272 2985; x_wconf 85' lang='grc' dir='ltr'><strong>Ὅτε</strong></span> <span class='ocrx_word' id='word_1_694' title='bbox 1297 2949 1315 2985; x_wconf 84' lang='grc' dir='ltr'>ὁ</span> <span class='ocrx_word' id='word_1_695' title='bbox 1344 2948 1379 2984; x_wconf 79' lang='grc' dir='ltr'><strong>ἐν</strong></span> <span class='ocrx_word' id='word_1_696' title='bbox 1403 2945 1509 2997; x_wconf 81' lang='grc' dir='ltr'>Αἰγὸς</span> <span class='ocrx_word' id='word_1_697' title='bbox 1531 2951 1703 2997; x_wconf 87' lang='grc' dir='ltr'>ποταμοῖς</span> <span class='ocrx_word' id='word_1_698' title='bbox 1726 2945 1827 2984; x_wconf 85' lang='grc' dir='ltr'>ἔπεσε</span> <span class='ocrx_word' id='word_1_699' title='bbox 1846 2945 1938 2990; x_wconf 82' lang='grc' dir='ltr'>λίθος</span> <span class='ocrx_word' id='word_1_700' title='bbox 1958 2947 1998 2984; x_wconf 81' lang='grc' dir='ltr'><strong>ἐκ</strong></span> <span class='ocrx_word' id='word_1_701' title='bbox 2016 2950 2077 2986; x_wconf 78' lang='grc' dir='ltr'><strong>τοῦ</strong></span> <span class='ocrx_word' id='word_1_702' title='bbox 2099 2947 2213 3002; x_wconf 82' lang='grc' dir='ltr'>ἀέρος,</span> 
     </span>
     <span class='ocr_line' id='line_1_99' title="bbox 1185 3003 2212 3060; baseline 0.003 -18"><span class='ocrx_word' id='word_1_703' title='bbox 1185 3004 1253 3043; x_wconf 80' lang='grc' dir='ltr'><strong>ὑπὸ</strong></span> <span class='ocrx_word' id='word_1_704' title='bbox 1280 3004 1479 3056; x_wconf 81' lang='grc' dir='ltr'>πνεύματος</span> <span class='ocrx_word' id='word_1_705' title='bbox 1507 3003 1620 3058; x_wconf 79' lang='grc' dir='ltr'>ἀρθεὶς</span> <span class='ocrx_word' id='word_1_706' title='bbox 1651 3004 1810 3049; x_wconf 81' lang='grc' dir='ltr'>ἐξέπεσεν</span> <span class='ocrx_word' id='word_1_707' title='bbox 1841 3005 1916 3056; x_wconf 84' lang='grc' dir='ltr'>μεθ’</span> <span class='ocrx_word' id='word_1_708' title='bbox 1939 3004 2087 3060; x_wconf 79' lang='grc' dir='ltr'>ἡμέραν.</span> <span class='ocrx_word' id='word_1_709' title='bbox 2115 3007 2212 3046; x_wconf 89' lang='lat' dir='ltr'><strong>Plin.</strong></span> 
     </span>
     <span class='ocr_line' id='line_1_100' title="bbox 1184 3064 2213 3116; baseline 0.002 -14"><span class='ocrx_word' id='word_1_710' title='bbox 1184 3068 1231 3102; x_wconf 92' lang='lat' dir='ltr'><strong>H.</strong></span> <span class='ocrx_word' id='word_1_711' title='bbox 1264 3067 1312 3102; x_wconf 87' lang='grc' dir='ltr'><strong>Ν.</strong></span> <span class='ocrx_word' id='word_1_712' title='bbox 1343 3068 1402 3112; x_wconf 88' lang='lat' dir='ltr'><strong>II,</strong></span> <span class='ocrx_word' id='word_1_713' title='bbox 1432 3064 1480 3101; x_wconf 88' lang='lat'><strong>58</strong></span> <span class='ocrx_word' id='word_1_714' title='bbox 1501 3078 1509 3100; x_wconf 95' lang='lat'><strong>:</strong></span> <span class='ocrx_word' id='word_1_715' title='bbox 1531 3081 1546 3097; x_wconf 92' lang='lat'>«</span> <span class='ocrx_word' id='word_1_716' title='bbox 1568 3064 1771 3102; x_wconf 86' lang='lat' dir='ltr'><strong>Celebrant</strong></span> <span class='ocrx_word' id='word_1_717' title='bbox 1799 3064 1924 3102; x_wconf 86' lang='lat' dir='ltr'><strong>Graeci</strong></span> <span class='ocrx_word' id='word_1_718' title='bbox 1949 3070 2213 3116; x_wconf 84' lang='lat' dir='ltr'><strong>Anaxagoram</strong></span> 
     </span>
     <span class='ocr_line' id='line_1_101' title="bbox 1184 3123 2211 3174; baseline 0.002 -13"><span class='ocrx_word' id='word_1_719' title='bbox 1184 3124 1491 3171; x_wconf 89' lang='lat' dir='ltr'><strong>Clazomenium,</strong></span> <span class='ocrx_word' id='word_1_720' title='bbox 1529 3123 1770 3174; x_wconf 87' lang='lat' dir='ltr'><strong>Olympiadis</strong></span> <span class='ocrx_word' id='word_1_721' title='bbox 1815 3127 2018 3163; x_wconf 89' lang='lat' dir='ltr'><strong>LXXVIII</strong></span> <span class='ocrx_word' id='word_1_722' title='bbox 2047 3137 2148 3163; x_wconf 86' lang='lat' dir='ltr'><strong>anno</strong></span> <span class='ocrx_word' id='word_1_723' title='bbox 2190 3138 2211 3163; x_wconf 90' lang='grc'><strong>2</strong></span> 
     </span>
     <span class='ocr_line' id='line_1_102' title="bbox 1186 3182 2212 3235; baseline 0.001 -13"><span class='ocrx_word' id='word_1_724' title='bbox 1186 3183 1344 3235; x_wconf 79' lang='lat' dir='ltr'><strong>(Nostro</strong></span> <span class='ocrx_word' id='word_1_725' title='bbox 1385 3183 1541 3234; x_wconf 82' lang='lat' dir='ltr'><strong>Olymp.</strong></span> <span class='ocrx_word' id='word_1_726' title='bbox 1575 3183 1646 3230; x_wconf 91' lang='lat'><strong>78,</strong></span> <span class='ocrx_word' id='word_1_727' title='bbox 1680 3182 1727 3231; x_wconf 82' lang='grc' dir='ltr'><strong>ι),</strong></span> <span class='ocrx_word' id='word_1_728' title='bbox 1752 3183 1975 3235; x_wconf 77' lang='lat' dir='ltr'><strong>praedixisse</strong></span> <span class='ocrx_word' id='word_1_729' title='bbox 2005 3184 2212 3223; x_wconf 89' lang='lat' dir='ltr'><strong>coelestium</strong></span> 
     </span>
     <span class='ocr_line' id='line_1_103' title="bbox 1185 3240 2214 3291; baseline 0.003 -12"><span class='ocrx_word' id='word_1_730' title='bbox 1185 3242 1382 3280; x_wconf 89' lang='lat' dir='ltr'><strong>literarum</strong></span> <span class='ocrx_word' id='word_1_731' title='bbox 1404 3241 1582 3285; x_wconf 85' lang='lat' dir='ltr'><strong>scientia,</strong></span> <span class='ocrx_word' id='word_1_732' title='bbox 1607 3240 1747 3291; x_wconf 90' lang='lat' dir='ltr'><strong>quibus</strong></span> <span class='ocrx_word' id='word_1_733' title='bbox 1780 3241 1917 3280; x_wconf 90' lang='lat' dir='ltr'><strong>diebus</strong></span> <span class='ocrx_word' id='word_1_734' title='bbox 1945 3255 2082 3282; x_wconf 83' lang='lat' dir='ltr'><strong>saxum</strong></span> <span class='ocrx_word' id='word_1_735' title='bbox 2103 3257 2214 3282; x_wconf 91' lang='lat' dir='ltr'><strong>casu-</strong></span> 
     </span>
     <span class='ocr_line' id='line_1_104' title="bbox 1184 3299 2214 3350; baseline 0.002 -13"><span class='ocrx_word' id='word_1_736' title='bbox 1184 3313 1269 3338; x_wconf 90' lang='lat' dir='ltr'><strong>rum</strong></span> <span class='ocrx_word' id='word_1_737' title='bbox 1289 3308 1387 3338; x_wconf 90' lang='lat' dir='ltr'><strong>esset</strong></span> <span class='ocrx_word' id='word_1_738' title='bbox 1402 3313 1424 3337; x_wconf 94' lang='lat' dir='ltr'><strong>a</strong></span> <span class='ocrx_word' id='word_1_739' title='bbox 1440 3299 1530 3338; x_wconf 91' lang='lat' dir='ltr'><strong>sole.</strong></span> <span class='ocrx_word' id='word_1_740' title='bbox 1547 3300 1669 3350; x_wconf 91' lang='lat' dir='ltr'><strong>quue</strong></span> <span class='ocrx_word' id='word_1_741' title='bbox 1690 3300 1831 3338; x_wconf 78' lang='lat' dir='ltr'><strong>factum</strong></span> <span class='ocrx_word' id='word_1_742' title='bbox 1846 3301 2017 3341; x_wconf 90' lang='lat' dir='ltr'><strong>interdiu</strong></span> <span class='ocrx_word' id='word_1_743' title='bbox 2037 3302 2078 3340; x_wconf 92' lang='lat' dir='ltr'><strong>in</strong></span> <span class='ocrx_word' id='word_1_744' title='bbox 2092 3302 2214 3340; x_wconf 87' lang='lat' dir='ltr'><strong>Thra-</strong></span> 
     </span>
     <span class='ocr_line' id='line_1_105' title="bbox 1186 3358 2211 3411; baseline 0.002 -16"><span class='ocrx_word' id='word_1_745' title='bbox 1186 3359 1254 3396; x_wconf 84' lang='lat' dir='ltr'><strong>ciae</strong></span> <span class='ocrx_word' id='word_1_746' title='bbox 1274 3367 1382 3410; x_wconf 86' lang='lat' dir='ltr'><strong>parte</strong></span> <span class='ocrx_word' id='word_1_747' title='bbox 1397 3358 1443 3396; x_wconf 89' lang='lat' dir='ltr'><strong>ad</strong></span> <span class='ocrx_word' id='word_1_748' title='bbox 1459 3361 1574 3409; x_wconf 87' lang='lat' dir='ltr'><strong>AEgos</strong></span> <span class='ocrx_word' id='word_1_749' title='bbox 1589 3358 1743 3397; x_wconf 87' lang='lat' dir='ltr'><strong>flumen.</strong></span> <span class='ocrx_word' id='word_1_750' title='bbox 1763 3360 1840 3407; x_wconf 88' lang='lat' dir='ltr'><strong>Qui</strong></span> <span class='ocrx_word' id='word_1_751' title='bbox 1860 3360 1956 3411; x_wconf 87' lang='lat' dir='ltr'><strong>lapis</strong></span> <span class='ocrx_word' id='word_1_752' title='bbox 1975 3361 2088 3399; x_wconf 90' lang='lat' dir='ltr'><strong>etiam</strong></span> <span class='ocrx_word' id='word_1_753' title='bbox 2110 3375 2211 3398; x_wconf 85' lang='lat' dir='ltr'><strong>nuuc</strong></span> 
     </span>
    </p>
   </div>
  </div>
 </body>
</html>
