2320 3684
873 151 1061 191 EPHORI
1090 151 1422 190 FRAGMENTA.

88 242 158 295 οὐκ
181 241 299 287 Ἴωνες
337 241 454 293 μόνον,
475 240 566 280 ἀλλὰ
600 238 660 279 καὶ
678 238 872 285 Ἀθηναῖοι,
891 235 1048 290 καθάπερ
1081 237 1116 275 ἐν

93 306 164 344 τοῖς
202 301 281 340 καθ’
304 300 436 343 ἕκαστα
466 298 671 346 δεδήλωται.
697 296 887 347 Anonymi
910 296 1051 346 Peripl.
1077 296 1118 333 in

93 363 255 411 Geogrr.
284 361 380 398 Min.
417 368 443 397 t.
468 362 507 397 II
527 387 539 408 ,
559 370 599 409 p.
624 369 699 403 272
725 356 786 394 ed.
809 355 946 393 Vienn.
971 354 1118 405 Ephori

93 419 405 459 distributionem
418 418 608 470 respicere
620 416 787 464 videtur,
800 415 974 466 quamvis
987 427 1118 465 popu-

92 478 218 517 lorum
246 479 403 518 nomina
416 477 630 530 paullulum
655 474 767 513 aliter
779 474 969 513 exhibeat.
983 475 1116 510 Marx.

145 595 272 635 Schol.
298 595 481 647 Apollon.
507 593 697 642 Rhod.11‚
728 594 850 630 1030:
877 589 968 643 Περὶ
993 588 1029 627 δὲ
1049 591 1118 630 τῶν

91 653 319 693 Μοσυνοίκων
345 650 497 710 ’Ἔφορος
516 652 574 691 κοι)ι
600 649 839 705 Νυμφόδωρος
853 648 970 702 φασὶν,
991 646 1044 686 ὅτι
1060 647 1118 686 τὸν

93 710 239 764 βασιλέα
255 713 382 761 αὐτῶν,
409 712 469 750 ἐάν
491 727 526 750 τι
556 710 674 750 ἄδικον
700 709 816 764 κρίνῃ,
840 707 1034 760 ἐγκλείουσι
1058 705 1119 746 καὶ

90 771 359 823 λιμαγχονοῦσι.

145 829 288 867 Eadem
313 843 361 867 ex
385 829 544 882 Ephoro
569 836 728 867 narrant
753 830 942 877 Scymnus
966 840 1004 863 v.
1027 839 1119 875 907,

91 889 268 927 Nicolaus
310 892 486 928 Damasc.
520 901 559 939 p.
590 888 664 933 148
685 887 788 925 etin
821 885 957 927 Orellii
981 884 1117 939 Suppl.

91 961 129 1002 p.
158 954 206 996 74
231 961 310 999 seq.

573 1004 636 1042 8⁶2.

144 1065 362 1116 Stephanus
388 1062 617 1117 εΤιὸαρηνία
639 1061 741 1117 χώρα
779 1061 866 1117 πρὸς
894 1063 945 1115 τῷ
977 1060 1119 1113 Πόντῳ,

89 1122 274 1178 πρόσοικος
307 1122 451 1177 Χάλυψι
485 1123 547 1161 καὶ
588 1121 852 1165 Μοσσυνοίκοις.
965 1118 1121 1174 ’Ἔφορος

89 1183 124 1221 ἐν
152 1181 305 1236 πέμπτῳ
325 1182 429 1236 φησὶν
459 1180 511 1220 ὅτι
537 1180 732 1235 Τιὸαρηνοὶ
758 1180 818 1219 καὶ
844 1179 884 1219 τὸ
905 1178 1040 1223 παίζειν
1060 1178 1120 1216 καὶ

89 1241 130 1280 τὸ
147 1243 252 1295 γελᾷν
273 1243 358 1280 εἰσιν
379 1238 603 1289 ἐζηλωκότες,
622 1240 682 1278 καὶ
701 1239 868 1291 μεγίστην
898 1236 1119 1288 εὐδαιμονίαν

89 1303 192 1340 τοῦτο
205 1300 417 1352 νομίζουσιν.
435 1298 591 1353 “Ομοροι
613 1299 648 1339 δὲ
664 1298 798 1343 τούτοις
817 1297 990 1346 Χάλυὸες,
1008 1295 1120 1334 καὶτὸ

88 1361 158 1398 τῶν
178 1359 408 1414 Λευκοσύρων
429 1359 534 1402 ἔθνος.

143 1419 461 1471 CffPomponius
485 1419 588 1458 Mela
618 1422 649 1460 Ι,
681 1432 740 1469 19,
765 1426 803 1456 et
828 1422 1016 1467 Anonym.
1043 1416 1068 1453 l.
1094 1415 1119 1452 l.

91 1491 130 1529 p.
159 1479 248 1526 273.
1061 1500 1064 1503 -

584 1535 646 1572 83.

142 1595 270 1634 Schol.
320 1595 502 1646 Apollon.
538 1594 666 1633 Rhod.
708 1597 746 1632 11
766 1623 776 1641 ,
813 1593 889 1637 845
911 1607 919 1629 :
965 1591 1053 1630 ‘'Ox-t
1084 1590 1121 1629 δὲ

90 1654 237 1692 Βοιωτοὶ
265 1653 325 1691 καὶ
354 1655 528 1706 Μεγαρεῖς
544 1651 684 1691 ἔκτισαν
712 1652 776 1699 τὴν
798 1652 834 1690 ἐν
860 1650 988 1702 Πόντῳ
1006 1649 1121 1704 εΗροί-

87 1714 207 1751 κλειαν
227 1712 286 1751 καὶ
306 1711 458 1766 Ἔφορος
481 1713 515 1751 ἐν
538 1711 691 1765 πέμπτῳ
711 1711 770 1750 καὶ
787 1711 888 1750 ἄλλοι
911 1713 1118 1763 ἱστοροῦσιν.

89 1771 145 1810 Cf.
171 1775 376 1809 Pausanias
399 1775 445 1819 V,
466 1773 527 1810 26.
546 1771 653 1810 Idem
675 1772 803 1812 Schol.
820 1770 950 1822 Apoll.
966 1770 1039 1809 Rh.
1066 1774 1119 1818 ΙΙ,

92 1830 188 1867 351:
222 1828 299 1876 Τὴν
320 1829 356 1868 δὲ
380 1830 635 1882 Μαριανδυνῶν
663 1833 728 1882 γῆν
758 1828 820 1868 σὺν
850 1826 1039 1882 Γνησιόχῳ
1069 1830 1119 1882 τῷ

89 1889 244 1942 Μεγαρεῖ
263 1888 411 1929 Βοιωτοὶ
437 1887 625 1942 κατέσχον,
644 1891 692 1934 ὡς
717 1886 869 1943 Ἔφορος
893 1889 1022 1940 (vulgo
1044 1888 1119 1926 Εὐ-

90 1947 234 2001 φορίων)
250 1949 391 2001 ἱστορεῖ.

576 2007 641 2045 84.

143 2065 269 2103 Schol.
285 2066 413 2117 Apoll.
428 2065 500 2104 Rh.
514 2068 566 2114 II,
581 2067 656 2104 360
669 2081 677 2103 :
690 2063 778 2104 “Ort
788 2067 810 2112 ἡ
824 2063 1011 2119 Καράμὸις
1028 2063 1119 2118 ἄκρα

89 2123 205 2176 ὑψηλή
233 2139 271 2162 τε
298 2124 358 2163 καὶ
390 2123 602 2178 καταντρικὺ
621 2127 683 2171 τῆς
706 2124 957 2178 Παφλαγονίας
982 2123 1042 2162 καὶ
1073 2125 1120 2167 εἷς

87 2182 128 2221 τὸ
143 2182 293 2234 πέλαγος
311 2182 414 2222 τείνει
430 2183 516 2236 πρὸς
533 2182 674 2237 ἄρκτον,
695 2182 907 2234 μνημονεύει
926 2183 986 2222 καὶ
1005 2182 1120 2237 Ἔφο-

89 2256 156 2292 ρος.
175 2242 324 2280 «Miror
341 2242 529 2281 editorem
553 2256 633 2281 non
657 2242 794 2281 vidisse
830 2243 1010 2281 mutilum
1035 2255 1116 2281 esse

91 2349 281 2398 tinctionem
299 2351 477 2392 sequimur,
494 2359 560 2382 non
582 2353 678 2383 Iones
693 2351 871 2391 duntaxat,
887 2360 1004 2383 verum
1020 2351 1119 2384 etiam

88 2397 299 2430 Athenienses
316 2407 324 2429 :
341 2398 426 2430 sicut
440 2398 473 2430 in
489 2398 691 2440 singulorum
708 2399 911 2433 enarratione
923 2399 1120 2432 demonstra-

84 2452 159 2483 tum
176 2450 247 2483 suit.

570 2500 636 2532 81.

131 2546 337 2586 Mosynoecos
349 2545 499 2586 Ephorus
515 2547 547 2578 et
566 2545 817 2587 Nymphodorus
838 2545 973 2579 tradunt
989 2554 1096 2587 regem
1108 2570 1117 2586 ‚

89 2590 115 2623 si
129 2591 288 2633 injustum
303 2592 415 2624 fecerit
425 2592 599 2633 judicium,
626 2592 659 2624 in
678 2593 862 2625 custodiam
883 2594 1050 2627 includere
1073 2594 1117 2626 sa-

90 2645 205 2679 meque
220 2646 362 2672 enecare.

131 2737 320 2777 Tibarenia‚
337 2739 424 2779 regio
438 2739 532 2780 Juxta
555 2740 714 2779 Pontum,
738 2738 845 2773 vicina
866 2740 1066 2780 Chalybibus
1086 2742 1119 2773 et

90 2784 316 2825 Mossynoecis.
383 2786 535 2827 Ephorus
558 2786 592 2818 in
613 2786 728 2827 quinto
754 2786 883 2827 inquit,
909 2800 925 2815 «
940 2788 1118 2820 Tibarenos

39 2860 42 2861 ⁷
90 2831 197 2863 studio
218 2832 348 2864 ludendi
376 2835 410 2865 et
441 2833 569 2865 ridendi
597 2833 717 2872 teneri,
740 2835 773 2865 et
789 2833 966 2866 maximam
986 2834 1119 2867 felicita-

89 2878 155 2910 tem
168 2878 231 2911 hoc
240 2879 394 2920 Judicare.
424 2880 483 2912 His
500 2889 575 2912 vero
587 2879 714 2912 finitimi
736 2880 896 2922 Chalybes
912 2883 946 2914 et
960 2883 1118 2923 Leucosy-

90 2933 200 2958 rorum
215 2927 316 2959 natio.
341 2939 358 2955 »

130 3020 260 3053 Boeotos
275 3023 308 3053 et
320 3022 521 3062 Megarenses
536 3022 723 3054 Heracleam
749 3022 918 3055 Ponticam
932 3023 1118 3056 condidisse

90 3066 162 3098 tum
174 3067 325 3108 Ephorus
342 3067 426 3100 libro
441 3068 567 3109 quinto,
581 3070 652 3101 tum
667 3069 723 3102 alii
739 3070 882 3102 tradunt.

131 3113 417 3155 Mariandynorum
456 3118 574 3148 terram
614 3125 690 3148 cum
724 3117 908 3149 Gnesiocho
940 3118 1117 3158 Megarensi

91 3159 194 3192 Boeoti
209 3160 410 3201 obtinebant,
425 3163 461 3194 ut
472 3165 583 3195 narrat
597 3164 761 3204 Ephorus.

570 3217 634 3250 84.

133 3263 312 3304 carambis,
323 3267 426 3298 altum
440 3269 696 3308 promontorium
710 3270 949 3312 Paphlagoniae,
960 3280 978 3303 e
990 3271 1117 3311 regione

91 3309 160 3343 crii
176 3312 296 3344 montis
318 3313 418 3345 situm
430 3337 439 3353 ,
455 3317 719 3356 septemtrionem
742 3326 858 3350 versus
881 3318 914 3350 in
942 3326 1030 3350 mare
1043 3326 1116 3358 pro-

91 3356 202 3389 currit.
220 3358 300 3399 Ejus
314 3359 411 3392 etiam
425 3362 577 3402 Ephorus
595 3363 670 3395 facit
685 3365 895 3396 mentionem.

2127 156 2202 188 259

1175 238 1317 276 locum.
1344 236 1422 286 Qui
1451 237 1555 276 enim
1580 235 1789 286 Carambis,
1813 236 1919 287 quod
1940 237 2205 288 Paphlagonize

1177 297 1489 347 promontorium
1515 305 1596 344 est,
1622 296 1657 333 ei
1682 295 1756 334 dici
1781 303 1910 347 potest
1923 295 2109 334 adversa?
2127 298 2206 335 Sci·-

1177 355 1266 391 licet
1291 354 1537 392 scribendum
1558 352 1769 407 καταντικρὺ
1798 356 1859 391 τοῦ
1886 354 1996 407 Κριοῦ
2027 353 2202 405 μετώπου.

1177 416 1369 462 Anonym.
1414 414 1553 464 Peripl.
1611 425 1697 464 pag.
1734 413 1811 462 269
1843 426 1852 449 ι
1883 412 2126 466 Καταντικρὺς
2169 413 2206 452 δὲ

1179 470 1400 523 Καράμὸεως
1420 472 1454 509 ἐν
1471 474 1514 522 τῇ
1537 470 1691 525 Εὐρώπῃ
1716 476 1828 509 κεῖται
1848 469 2010 522 μέγιστον
2041 472 2206 526 ἀκρωτή-

1179 543 1264 581 ριον,
1284 528 1460 579 ἀπότομον
1483 531 1528 573 εἷς
1548 530 1727 568 θάλασσαν
1747 529 1879 584 ὑψηλὸν
1900 530 1989 584 ὅρος,
2009 530 2048 569 τὸ
2061 531 2206 583 λεγόμε-

1178 601 1235 624 νον
1254 589 1364 641 Κριοῦ
1383 587 1557 637 μέτωπον.
1578 606 1592 622 »
1609 591 1741 627 Marx.

1657 649 1720 689 85.

1232 704 1371 743 Strabo
1396 707 1488 752 XII,
1515 718 1554 756 p.
1582 707 1658 742 820
1677 720 1685 742 ε
1702 705 1756 745 Τὸ
1776 704 1811 744 δὲ
1834 705 1999 760 Κύτωρον
2021 701 2204 762 ἔμπορεῖον

1178 757 1221 811 ἧν
1241 762 1326 802 πότε
1343 761 1553 803 Σινωπέων·
1573 763 1777 815 ὠνόμασται
1797 765 1829 803 δ’
1850 765 1919 804 ἀπὸ
1948 765 2117 820 Κυτώρου
2145 771 2207 805 τοῦ

1181 821 1315 877 Φρίξου
1335 821 1470 871 παιδὸς,
1490 823 1536 866 ὥς
1558 821 1711 879 Ἔφορός
1737 839 1832 877 φησι.

1662 882 1724 919 86.

1233 945 1476 996 Stephanus:
1497 943 1682 998 Βρύλλιον,
1710 944 1810 989 πόλις
1843 947 1877 984 ἐν
1910 949 1953 998 τῇ
1973 948 2206 1009 Προποντίδι·

1179 1001 1331 1058 Ἔφορος
1350 1004 1386 1042 δὲ
1404 1005 1439 1042 ἐν
1460 1002 1605 1055 πέμπτῃ
1630 1005 1730 1042 Κεῖον
1748 1004 1856 1052 αὐτήν
1878 1021 1981 1059 φησιν
2001 1010 2100 1045 εἶναι.

1234 1063 1366 1101 Idem:
1388 1061 1536 1111 Σηστὸς,
1558 1060 1658 1105 πόλις
1671 1062 1755 1113 πρὸς
1779 1066 1824 1116 τῇ
1840 1065 2064 1118 Προποντίδι.
2094 1065 2209 1118 Λέγε-

1179 1138 1238 1160 ται
1262 1120 1299 1160 δὲ
1329 1123 1526 1175 ἀρσηνικῶς
1543 1121 1629 1175 παρῖ
1661 1121 1813 1176 Ἐφόρῳ.
1839 1124 1886 1162 Οἱ
1907 1122 1943 1160 δὲ
1973 1124 2144 1172 Ἀθηναῖοι
2173 1126 2208 1163 ἐν

1182 1183 1223 1234 τῇ
1242 1182 1372 1234 Σηστῷ
1393 1196 1491 1235 φασι.

1234 1240 1341 1278 Idem
1360 1255 1368 1277 :
1385 1238 1517 1278 Ἀναία.
1592 1235 1699 1277 Ἔστι
1724 1238 1761 1277 δὲ
1790 1239 1937 1293 Καρίας,
1971 1241 2111 1294 ἀντικρὺ
2131 1241 2210 1281 Σά-

1182 1314 1261 1350 μου,
1281 1297 1452 1345 κέκληται
1475 1297 1545 1336 ἀπὸ
1563 1297 1700 1342 Ἀναίας
1717 1297 1904 1350 Ἀμαζόνος
1926 1300 1997 1337 ἐκεῖ
2026 1300 2210 1354 ταφείσης,

1180 1360 1227 1402 ὡς
1247 1355 1409 1412 Ἔφορος.
2006 1368 2008 1370 ’

1661 1417 1723 1454 87.

1234 1474 1378 1514 Strabo
1402 1479 1494 1525 XII,
1520 1490 1559 1527 p.
1591 1476 1682 1523 827,
1708 1476 1750 1513 in
1774 1476 1935 1514 Homeri
1960 1477 2004 1514 Il.
2031 1479 2083 1524 II,
2110 1477 2211 1523 856,

1263 1546 1365 1588 Αὐτὰρ
1379 1547 1546 1584 Ἁλιζώνων
1562 1546 1664 1583 Ὀδίος
1680 1547 1732 1578 καὶ
1748 1546 1951 1588 Ἐπίστροφος
1963 1546 2071 1589 ἦρχον,

1263 1594 1387 1631 τηλόθεν
1403 1594 1432 1630 ἐξ
1446 1595 1583 1633 Ἆλύὸης,
1599 1594 1667 1625 ὅθεν
1682 1593 1814 1636 ἀργύρου
1829 1594 1895 1625 ἐστὶ
1912 1595 2048 1634 γενέθλη,

1181 1650 1370 1700 Chalybes
1394 1651 1475 1689 sive
1511 1651 1709 1689 Chaldaeos
1745 1652 1942 1702 intelligit,
1979 1653 2100 1690 multa
2135 1666 2212 1690 suae

1181 1710 1380 1748 sententiae
1405 1717 1556 1748 struens
1581 1709 1820 1760 adjumenta,
1845 1710 2087 1761 aliorumque
2101 1710 2148 1748 de
2166 1711 2213 1750 iis

1181 1770 1404 1820 opiniones,
1430 1769 1470 1806 in
1494 1769 1553 1806 his
1578 1769 1694 1806 etiam
1719 1769 1886 1820 Ephori,
1912 1770 1979 1820 qui
2005 1769 2211 1819 Ἁλιζῶνας,

1181 1825 1372 1878 Ἀμαζόνας
1391 1828 1606 1878 putaverit,
1638 1827 1803 1865 subinde
1835 1828 2050 1865 examinat:
2085 1827 2160 1872 Τὰς
2183 1828 2212 1866 δ’

1181 1884 1373 1936 Ἀμαζόνας
1391 1884 1520 1936 μεταξὺ
1539 1885 1678 1929 Μυσίας
1688 1885 1747 1924 καὶ
1766 1885 1900 1939 Καρίας
1918 1885 1978 1924 καὶ
1992 1885 2135 1935 Λυδίας,
2153 1902 2213 1925 κα-

1181 1944 1290 1998 θάπερ
1317 1943 1469 1998 Ἔφορος
1488 1944 1634 1996 νομίζει,
1651 1944 1801 1992 πλησίον
1822 1944 1947 1996 Κύμης
1968 1948 2030 1992 τῆς
2049 1946 2214 1999 πατρίδος

1181 2006 1287 2042 αὐτοῦ
1301 2019 1309 2027 ·
1330 2003 1390 2041 καὶ
1410 2007 1512 2041 τοῦτο
1533 2002 1595 2054 μὲν
1617 2003 1736 2056 ἔχεται
1757 2002 1848 2047 τινὸς
1869 2002 1973 2053 λόγου
1986 2004 2091 2056 τυχὸν
2111 2004 2211 2048 ἴσως·

1180 2062 1233 2110 εἴη
1255 2062 1323 2116 γὰρ
1349 2061 1389 2100 ἂν
1406 2061 1519 2114 λέγων
1535 2061 1599 2109 τὴν
1621 2063 1684 2114 (sc.
1704 2061 1847 2114 Κύμην)
1868 2062 1934 2101 ὑπὸ
1961 2065 2029 2101 τῶν
2055 2065 2211 2102 Αἰολέων

1180 2122 1239 2160 καὶ
1274 2120 1402 2160 Ἰώνων
1439 2123 1649 2160 οἷκισθεῖσαν
1682 2120 1837 2175 ὕστερον,
1876 2120 2042 2176 πρότερον
2081 2123 2111 2161 δ’
2145 2122 2212 2160 ὑπὸ

1181 2180 1378 2232 Ἀμαζόνων
1393 2196 1401 2204 ·
1420 2180 1479 2218 καὶ
1506 2180 1712 2230 ἐπωνύμους
1730 2180 1848 2224 πόλεις
1866 2179 1961 2224 τινὰς
1988 2174 2077 2220 εἷναί
2106 2197 2210 2235 φασι,

1179 2241 1238 2279 καὶ
1254 2239 1321 2294 γὰρ
1339 2239 1495 2294 Ἔφεσον
1513 2239 1572 2278 καὶ
1592 2239 1759 2294 Σμύρναν
1784 2240 1844 2278 καὶ
1867 2239 1994 2295 Κύμην
2012 2240 2071 2282 καὶ
2091 2240 2211 2294 Μύρι-

1221 2403 1380 2443 Cytorum
1408 2402 1590 2443 emporium
1614 2357 1786 2443 aliti3u5aiido
1802 2402 1865 2435 fuit
1887 2403 2113 2443 Sinopensium
2132 2411 2211 2433 :no-

1179 2458 1254 2481 men
1269 2448 1387 2481 habere
1399 2457 1418 2481 a
1433 2451 1568 2490 Cytoro,
1584 2449 1697 2483 Phrixi
1713 2449 1790 2490 filio,
1807 2450 1958 2490 Ephorus
1974 2450 2026 2480 ait.

1220 2548 1380 2590 Bryllium
1393 2573 1402 2589 ,
1428 2548 1507 2581 urbs
1533 2549 1567 2581 in
1598 2504 1807 2590 Progciiitide.
1837 2548 1987 2588 Ephorus
2019 2557 2095 2579 vero
2127 2547 2210 2580 libro

1178 2596 1297 2638 quinto
1309 2605 1379 2629 eam
1398 2595 1494 2628 Cium
1510 2605 1582 2629 esse
1594 2596 1751 2638 perhibet.

1222 2646 1347 2683 Sestus,
1363 2643 1442 2676 urbs
1457 2644 1498 2676 ad
1513 2643 1755 2685 Propontidem.
1768 2643 1949 2682 Usurpatur
1965 2644 2072 2673 autem
2087 2650 2210 2673 mascu-

1178 2692 1241 2724 line
1257 2692 1343 2733 apud
1367 2692 1547 2733 Ephorum.
1564 2691 1774 2724 Athenienses
1796 2699 1873 2722 vero
1898 2691 1935 2720 in
1962 2690 2028 2721 illa
2054 2692 2144 2722 sesto
2161 2691 2206 2722 di·

1178 2740 1336 2823 cufiiiaea,
1403 2785 1463 2816 Est
1487 2787 1595 2816 autem
1612 2784 1716 2816 Cariae
1741 2782 1897 2824 oppidum
1917 2791 1935 2814 e
1952 2783 2078 2823 regione
2095 2785 2180 2817 Sami
2200 2795 2207 2816 z

1178 2832 1223 2863 ita
1238 2832 1364 2864 dictum
1379 2831 1420 2862 ab
1433 2833 1530 2862 Anaea
1546 2835 1705 2863 Amazone
1719 2829 1764 2861 ibi
1778 2829 1915 2870 sepulta,
1931 2831 2207 2870 quemadmodum

1177 2879 1327 2920 Ephorus
1343 2880 1455 2910 auctor
1469 2879 1528 2909 est.
1688 2925 1706 2955 7

1239 2978 1336 3007 Duxit
1351 2978 1494 3006 Alizoncs
1510 2926 1692 3014 Odiusques,
1708 2981 1739 3004 et
1755 2975 1960 3015 Epistrophus
1975 2986 2035 3006 una
2046 2998 2057 3012 ,

1246 3036 1284 3055 ex
1301 3025 1400 3063 Alyba
1417 3024 1545 3063 procul,
1561 3023 1682 3062 argenti
1697 3033 1758 3062 qua
1773 3034 1849 3053 vena
1865 3030 1997 3054 secatur.

1272 3088 1451 3115 Amazonas
1467 3084 1574 3114 autem
1590 3082 1672 3114 inter
1690 3083 1843 3123 Mysiam,
1866 3083 1993 3116 Cariam
2011 3087 2043 3116 et
2057 3086 2207 3128 Lydiam,

1176 3140 1258 3171 quas
1274 3131 1423 3171 Ephorus
1440 3132 1553 3162 Cumae
1567 3153 1576 3169 ,
1594 3129 1706 3170 patriae
1728 3138 1797 3162 suae
1807 3154 1818 3171 ‚
1836 3131 1961 3163 vicinas
1983 3131 2069 3164 facit.
2101 3135 2208 3175 Atque

1178 3177 1212 3209 id
1223 3177 1330 3217 aliqua
1346 3176 1492 3208 fortassis
1522 3175 1650 3208 defendi
1680 3178 1788 3217 potest
1804 3178 1938 3209 ratione.
1954 3179 2092 3212 Videtur
2119 3183 2205 3215 enim

1176 3223 1265 3264 loqui
1281 3223 1322 3254 de
1335 3222 1427 3260 urbe,
1441 3231 1514 3262 quae
1529 3222 1606 3254 olim
1626 3222 1666 3254 ab
1683 3225 1901 3257 Amazonibus
1917 3226 2047 3259 condita
2057 3249 2068 3264 ,
2089 3229 2207 3262 deinde

1178 3270 1220 3301 ab
1236 3269 1443 3302 AEolensibus
1458 3270 1491 3301 et
1512 3269 1645 3302 Ionibus
1661 3272 1712 3303 est
1735 3271 1913 3305 instaurata
1930 3283 1938 3304 z
1955 3274 1987 3305 et
2003 3274 2094 3307 aiunt
2109 3277 2206 3309 urbes

1179 3316 1337 3356 quasdam
1351 3318 1551 3348 Amazonum
1565 3326 1636 3349 esse
1658 3319 1881 3359 cognomines,
1904 3321 2080 3361 Ephesum,
2098 3325 2205 3364 Smyr·

1178 3371 1265 3402 nam,
1295 3364 1447 3397 cumam.
1486 3364 1647 3405 Myrinam
1662 3375 1671 3405 ;
1697 3365 1799 3406 Alybe
1827 3367 1948 3406 autem,
1974 3370 2042 3408 aut,
2085 3372 2122 3401 ut
2150 3371 2205 3406 alii

2009 3426 2055 3459 17.
