2320 3684
809 131 974 170 TIMAEI
1003 131 1335 174 FRAGMENTA.

2054 144 2127 177 195

28 220 97 271 τὸν,
112 219 268 266 Μηδείας
284 219 419 272 πρῶτον
436 216 585 264 θυσάσης
600 217 634 254 ἐν
648 218 697 269 τῷ
715 213 931 261 ’Λπόλλωνος
948 218 1043 269 ἱερῷ.
1074 216 1078 254 Ι
1105 218 1261 270 χρόνους.
1292 217 1385 264 Τοὺς
1413 219 1442 257 δ’
1466 213 1523 258 οῧν
1546 219 1717 272 Γίγαντας
1743 218 1958 270 πυθομένους
1985 221 2048 268 τὴν
2068 227 2129 260 τοῦ

27 277 98 317 Καὶ
119 276 257 330 βωμοὺς
276 275 313 315 δέ
328 291 414 330 φησι
434 279 586 327 μνημεῖα
600 276 669 312 τῶν
685 272 808 326 γάμων
825 273 1045 327 ἱδρύσασθαι,

27 336 192 389 σύνεγγυς
211 334 274 388 μὲν
300 337 362 382 τῆς
391 332 587 382 Θαλάσσης,
611 333 651 370 οὒ
676 331 814 386 μακρὰν
838 330 874 370 δὲ
897 334 959 379 τῆς
977 332 1047 370 πό-

24 397 122 439 λεως.
145 392 378 446 Ὀνομάζουσι
397 390 433 430 δὲ
447 390 506 430 τὸν
520 390 597 443 μὲν,
617 391 795 444 Νυμφῶν·
814 389 872 428 τὸν
893 388 929 428 δὲ
941 420 952 438 ,
972 391 1049 436 Νη-

13 450 167 507 ρηίδων.
187 452 238 493 “O
256 468 296 505 γε
310 450 378 502 μὴν
394 449 622 494 Ἀπολλώνιος
639 448 696 488 τὸν
715 447 778 500 μέν
790 463 875 502 φησι
887 450 1047 501 Νυμφῶν

25 506 114 551 εἶναι
129 512 187 551 τὸν
208 509 342 564 βωμόν·
360 508 419 548 τὸν
440 509 496 557 δὲ,
510 511 580 599 τ8ῶν
600 510 755 562 Μοιρῶν.

76 618 183 656 Idem
197 620 263 662 lv,
286 631 300 653 1
314 617 405 655 153:
427 613 556 654 Ἰστέον
577 613 630 652 ὅτι
665 612 820 665 Τιμαίου
832 612 992 664 λέγοντος
1012 614 1046 651 ἐν

25 674 188 731 Κερκύρᾳ
210 672 290 718 τοὺς
307 673 439 726 γάμους
457 675 523 723 (se.
541 672 716 724 Μηδείας)
735 674 899 724 ἀχθῆναι,
919 670 1046 710 Διονύ-

23 749 95 778 σιος
113 737 132 773 δ
155 733 328 780 Μιλήσιος
354 734 389 771 ἐν
410 731 559 786 δευτέρῳ
585 733 654 769 τῶν
685 730 972 784 Ἀργοναυτικῶν,
1011 731 1047 768 ἐν

24 791 202 844 Βυζαντίῳ
230 790 346 846 φησίν.
366 789 575 842 Ἀντίμαχος
603 790 638 827 ἐν
663 789 783 841 Λυδῇ,
810 786 959 834 πλησίον
986 792 1046 826 τοῦ

22 855 181 903 ποταμοῦ
195 853 339 902 μιγῆναι
356 850 444 902 αὐτῇ
459 864 544 903 φησι
560 847 618 887 τὸν
632 846 781 887 Ἰάσονα.
800 847 900 886 Fieri
921 855 1047 885 tamen

23 918 175 961 potest,
194 918 238 947 ut
264 910 345 947 haec
365 908 567 960 depromta
599 907 676 945 sint
708 920 757 944 ex
787 905 1046 957 descriptione

23 972 210 1020 Corcyrae.
226 973 273 1008 V.
295 970 340 1008 fr.
362 970 422 1013 54.
513 1022 538 1059 9

73 1076 179 1116 idem
199 1078 235 1113 ΙΙ
249 1105 259 1123 ,
278 1081 374 1120 400:
393 1073 563 1128 Κίρκαιον
581 1071 617 1111 δὲ
635 1071 741 1116 τόπος
758 1071 833 1110 ἐστὶ
854 1074 916 1118 τῆς
945 1074 1045 1112 Κολ-

20 1133 136 1188 χίδος,
151 1133 220 1172 ἀπὸ
239 1132 374 1186 Κίρκης
384 1135 448 1179 τῆς
467 1131 597 1179 Αἰήτου
610 1131 760 1183 ἀδελφῆς
772 1160 782 1177 ,
800 1129 823 1177 ἢ
840 1130 971 1169 πεδίον.
991 1133 1045 1171 Οὐ

21 1192 165 1232 δύναται
185 1190 220 1230 δὲ
241 1191 311 1230 ἀπὸ
325 1194 387 1238 τῆς
405 1190 523 1244 ἑτέρας
543 1189 592 1230 Κί
615 1205 679 1237 κης
702 1189 916 1240 ὠνομάσθαι.
936 1189 1045 1241 Ἐγέ-

4 1267 119 1291 νοντο
138 1251 204 1305 γὰρ
225 1250 357 1305 Κίρκαι
377 1249 435 1288 δύο
450 1281 460 1299 ,
478 1249 559 1303 περὶ
609 1265 626 1286 ν
644 1250 679 1287 ἐν
695 1254 766 1292 τοῖς
789 1247 864 1295 ἑξῆς
887 1250 1046 1302 ἐροῦμεν.

20 1310 171 1362 Τίμαιος
203 1308 240 1348 δέ
277 1324 383 1361 φησι,
419 1308 536 1347 πεδίον
574 1308 609 1346 ἓν
643 1306 796 1359 Κόλχοις
833 1300 922 1346 εἶναι
958 1307 1048 1362 Κίρ-

20 1385 132 1408 καιον.

505 1420 564 1459 10.

72 1478 213 1513 Praeter
236 1476 546 1526 Argonautarum
569 1473 855 1524 expeditionem
883 1473 1047 1512 Timaeus

17 1534 59 1575 in
76 1534 207 1585 primis
230 1533 444 1572 Siculorum
463 1531 569 1570 libris
586 1531 660 1570 iter
673 1531 848 1569 Herculis
864 1545 912 1569 ex
925 1530 1051 1571 Iberia

18 1592 58 1631 in
82 1592 282 1639 celticam,
303 1591 393 1630 inde
426 1603 498 1642 per
523 1591 642 1641 Alpes
666 1590 707 1627 in
729 1589 879 1627 Italiam
898 1598 935 1627 et
952 1590 1051 1628 Sici-

19 1650 111 1689 liam
130 1649 332 1688 enarravit.

73 1708 231 1748 Diodor.
259 1711 338 1754 IV,
373 1721 419 1745 21
437 1721 446 1744 ε
464 1706 509 1746 Ὁ
538 1706 568 1744 δ’
599 1700 657 1745 οῧν
683 1705 863 1760 Ἡρακλῆς
888 1706 958 1745 ἀπὸ
988 1710 1049 1745 τοῦ

18 1766 196 1821 mptum
210 1763 416 1814 ἀναζεύξας,
433 1764 493 1804 καὶ
507 1762 640 1809 διεξιὼν
654 1764 717 1812 τὴν
731 1764 902 1818 παράλιον
917 1767 980 1812 τῆς
988 1768 1048 1804 νῦν

21 1825 172 1870 Ἰταλίας
191 1823 469 1876 ὀνομαζομένης,
494 1823 712 1871 κατήντησεν
742 1825 791 1868 εἷς
815 1823 856 1862 τὸ
886 1826 1047 1876 Κυμαῖον

20 1883 151 1933 πεδίον,
170 1885 206 1922 ἐν
230 1877 259 1938 ᾧ
283 1884 532 1935 μυθολογοῦσιν
570 1882 697 1936 ἄνδρας
723 1881 883 1933 γενέσθαι
915 1876 990 1926 ταῖς
1011 1899 1049 1922 τε

23 1941 156 1996 ῥώμαις
176 1941 394 1996 προέχοντας
412 1939 473 1980 καὶ
491 1940 549 1980 ἐπὶ
571 1940 776 1996 παρανομίᾳ
799 1940 1048 1992 διωνομασμέ-

20 2015 109 2049 νους,
128 2000 184 2045 οὒς
194 1999 421 2051 ὀνομάζεσθαι
437 1999 623 2051 Γίγαντας.
642 1998 864 2051 Ὠνομάσθαι
880 1999 916 2038 δὲ
931 2000 993 2039 καὶ
1008 2000 1048 2039 τὸ

21 2058 136 2099 πεδίον
155 2062 258 2098 τοῦτο
270 2059 468 2112 Φλεγραῖον
483 2058 552 2097 ἀπὸ
565 2062 626 2097 τοῦ
641 2057 750 2112 λόφου
769 2062 830 2097 τοῦ
844 2058 884 2098 τὸ
896 2059 1047 2098 παλαιὸν

23 2116 176 2157 ἄπλατον
201 2120 272 2170 πῦρ
297 2118 515 2169 ἐκφυσῶντος
534 2116 790 2170 παραπλησίως
808 2120 852 2170 τῆ
876 2116 967 2156 κατὰ
984 2117 1046 2165 τὴν

22 2175 185 2216 Σικελίαν
209 2174 316 2227 Αἴτνῃ
327 2190 335 2199 ·
353 2176 512 2213 καλεῖται
530 2173 566 2213 δὲ
589 2178 649 2213 νῦν
665 2178 684 2214 ὁ
698 2174 803 2219 τόπος
821 2175 1046 2224 Οὔεσούὸιος,

22 2233 111 2288 ἔχων
124 2234 238 2272 πολλὰ
252 2239 381 2284 σημεῖα
393 2237 454 2272 τοῦ
468 2236 658 2272 κεκαῦσθαι
674 2233 765 2273 κατὰ
784 2233 863 2278 τοὺς
880 2234 1046 2288 ἀρχαίους

22 2343 63 2378 de
86 2344 242 2376 sacrificio
267 2345 387 2383 narrat,
403 2343 511 2384 quod,
528 2346 701 2384 postquam
721 2345 863 2385 primum
881 2345 993 2376 Medea
1011 2345 1045 2376 in

22 2391 181 2433 Apollinis
204 2391 326 2431 templo
344 2390 485 2430 fecisset,
513 2390 610 2423 etiam
624 2399 711 2423 nunc
722 2391 899 2432 quotannis
915 2392 1045 2424 institui

22 2437 111 2471 dicit.
126 2438 235 2470 Etiam
247 2445 318 2470 aras
330 2437 377 2470 ait
397 2437 432 2469 in
447 2437 636 2478 nuptiarum
652 2438 842 2471 memoriam
855 2441 1045 2471 exstructas

24 2492 95 2519 use
118 2494 219 2527 prope
234 2493 335 2524 mare,
361 2493 428 2516 non
442 2485 555 2525 procul
581 2485 622 2517 ab
642 2485 731 2517 urbe.
751 2487 897 2523 Quarum
913 2486 1045 2518 alteram

26 2533 247 2574 Nympharum
263 2534 381 2564 vocant
392 2554 402 2571 ‚
418 2532 551 2564 alteram
563 2532 746 2565 Nereidum.
763 2533 954 2574 Apollonius
968 2541 1046 2566 vero

24 2579 71 2613 ait
80 2579 213 2612 alteram
228 2578 399 2620 Nymphis,
416 2579 551 2612 alteram
564 2580 674 2613 Parcis
687 2589 759 2613 esse
774 2583 946 2613 sacratam.

66 2673 187 2706 ‘rimaeo
210 2675 341 2705 auctore
357 2673 479 2706 Medeae
503 2674 627 2715 nuptiae
653 2674 687 2707 in
708 2677 851 2717 corcyra
878 2675 1046 2707 celebratae

26 2721 113 2753 sunt.
127 2719 301 2762 Dionysius
315 2728 393 2752 vero
405 2720 551 2754 Milesius
565 2721 649 2754 libro
660 2723 803 2755 secundo
817 2722 1046 2763 Argonautico-

27 2774 99 2800 ιιι
111 2766 266 2808 Byzantii,
279 2767 491 2801 Antimachus
508 2770 543 2800 in
558 2769 648 2810 Lyde
665 2778 766 2811 prope
790 2769 930 2802 fluvium
946 2770 1041 2811 (Pha-

29 2812 93 2854 sin)
103 2813 149 2846 ait
161 2816 310 2846 Iasonem
325 2822 403 2846 cum
417 2824 455 2847 ea
465 2816 693 2849 concubuisse.

68 2905 226 2939 Oircaeum
239 2907 328 2939 locus
344 2910 393 2940 est
407 2909 459 2940 vel
471 2918 607 2951 campus
623 2909 787 2943 Colchidis
804 2919 823 2942 a
838 2910 930 2943 Circe
945 2912 1047 2942 AEetae

28 2954 136 2991 tumre
146 2953 341 2986 nominatus.
362 2956 434 2986 Non
452 2957 559 2996 potest
575 2956 616 2988 ab
628 2956 726 2988 altera
743 2957 837 2989 Circe
852 2965 970 2988 nomen
993 2957 1046 2988 ha-

30 2997 114 3032 here.
128 3001 231 3032 Erant
247 3000 335 3032 enim
350 3000 425 3033 duae
441 3002 561 3042 Circae,
575 3003 615 3035 de
628 3003 746 3043 quibus
762 3006 874 3044 postea
889 3003 1045 3036 dicemus.

29 3043 168 3086 'Zimoeus
182 3046 229 3079 ait
240 3046 274 3079 in
288 3047 442 3080 Colchide
456 3048 555 3082 ruisse
567 3059 719 3091 campum
734 3051 906 3084 Circaeum.

38 3150 42 3152 ’
70 3139 224 3173 Hercules
241 3150 260 3173 a
280 3141 386 3174 Tiberi
405 3142 570 3183 profectus
582 3145 615 3176 et
630 3144 812 3177 maritimos
826 3144 929 3177 Italiae
940 3168 948 3183 ‚
972 3153 1047 3185 quac

31 3190 116 3218 nunc
130 3187 259 3227 quidem
279 3189 415 3221 vocatur
427 3212 436 3228 ,
460 3191 582 3222 tractus
597 3200 785 3232 percurrens
799 3215 808 3230 ,
827 3192 861 3223 in
879 3194 1045 3223 Cumaeam

31 3229 196 3265 descendit
219 3234 404 3275 planitiem,
420 3236 477 3268 ubi
491 3237 636 3270 homines
655 3239 781 3270 roboris
799 3238 998 3270 immanitate
1015 3240 1047 3268 et

32 3275 184 3311 violentia
202 3279 382 3312 facinorum
407 3282 563 3323 infames,
583 3294 665 3325 quos
686 3287 838 3325 Gigantes
857 3285 1045 3322 nominant,

1105 275 1317 330 ἹΙρακλέους
1334 277 1538 331 παρουσίαν,
1556 280 1777 332 ἀθροισθῆναι
1795 278 1928 321 πάντας
1940 279 1998 317 καὶ
2012 295 2130 333 παρα-

1106 333 1274 379 τάξασθαι
1292 338 1342 389 τῷ
1361 336 1616 390 προειρημένῳ.
1641 338 1860 389 Θαυμαστῆς
1887 336 1923 376 δὲ
1944 337 2130 390 γενομένης

1077 423 1079 447 ;
1107 393 1225 445 μάχης
1244 395 1335 433 κατά
1359 411 1396 434 τε
1414 395 1478 443 τὴν
1498 395 1618 449 ῥώμην
1644 395 1704 435 καὶ
1730 395 1793 443 τὴν
1836 395 1948 444 ἀλκὴν
1974 399 2043 435 τῶν
2063 399 2130 436 Γι-

1077 455 1079 480 ²
1106 451 1256 502 γάντων,
1289 453 1373 506 φασὶ
1405 453 1463 493 τὸν
1488 453 1690 508 Ἡρακλέα,
1725 454 2006 507 συμμαχούντων
2036 457 2131 509 αὐτῷ

1107 512 1175 547 τῶν
1199 513 1297 559 θεῶν,
1330 516 1503 564 κρατῆσαι
1532 516 1576 565 τῇ
1608 513 1729 566 μάχῃ,
1757 514 1816 552 καὶ
1846 512 1923 556 τοὺς
1949 514 2132 559 πλείστους

1108 567 1296 618 ἀνελόντα,
1319 569 1382 617 τὴν
1405 570 1524 623 χώραν
1545 571 1775 625 ἐξημερῶσαι.
1797 574 2082 624 Μυθολογοῦνται
2100 574 2131 612 δ’

1107 627 1139 664 οἱ
1168 626 1333 678 Γίγαντες
1357 636 1514 679 γηγενεῖς
1537 630 1732 682 γεγονέναι,
1766 631 1823 670 διὰ
1841 630 1904 678 τὴν
1934 631 2130 685 ὑπερὸολὴν

1106 687 1167 722 τοῦ
1195 684 1287 723 κατὰ
1305 685 1345 724 τὸ
1367 689 1471 736 σῶμα
1506 687 1683 738 μεγέθους.
1705 690 1777 728 Καὶ
1802 689 1881 743 περὶ
1906 689 1968 740 μὲν
1997 692 2067 728 τῶν
2093 692 2130 730 ἐν

1108 742 1265 805 Φλέγραις
1277 744 1506 797 φονευθέντων
1535 745 1713 798 Γιγάντων
1733 752 1878 786 τοιαῦτα
1899 749 2132 800 μυθολογοῦσί

1106 817 1208 850 τινες,
1229 806 1278 846 οἷς
1294 803 1354 841 καὶ
1365 803 1518 855 Τίμαιος
1540 807 1557 842 ὁ
1582 805 1798 858 συγγραφεὺς
1817 807 2060 854 ἠκολούθησεν.
2074 810 2130 847 Cf.

1107 861 1268 900 Diodor.
1288 867 1334 910 V,
1356 876 1416 910 71.

1157 925 1163 931 ·
1487 938 1496 955 x
1594 915 1606 952 l
1621 917 1654 953 l.

1160 968 1322 1005 Diodor.
1336 970 1400 1015 IV,
1421 981 1491 1004 22:
1513 967 1557 1007 ‘O
1580 968 1611 1005 δ’
1637 962 1693 1006 οὖν
1711 967 1889 1020 “Ηρακλῆς
1911 970 2131 1017 καταντήσας

1108 1024 1166 1064 ἐπὶ
1186 1025 1246 1064 τὸν
1267 1025 1424 1079 πορθμὸν
1445 1024 1537 1064 κατὰ
1562 1026 1602 1064 τὸ
1633 1026 1836 1064 στενότατον
1854 1031 1916 1074 τῆς
1937 1028 2130 1076 θαλάττης,

1105 1083 1168 1128 τὰς
1188 1082 1250 1135 μὲν
1273 1087 1353 1137 βοῦς
1371 1083 1584 1137 ἐπεραίωσεν
1619 1086 1665 1129 εἷς
1689 1083 1752 1131 τὴν
1774 1086 1952 1133 Σικελίαν,
1974 1087 2076 1131 αὐτὸς
2096 1086 2132 1124 δὲ

1106 1142 1234 1197 ταύρου
1258 1142 1368 1196 κέρως
1393 1142 1585 1193 λαὸόμενος
1607 1142 1784 1189 διενήξατο
1809 1142 1867 1180 τὸν
1898 1142 2017 1195 πόρον,
2037 1144 2133 1187 ὄντος

1107 1206 1167 1240 τοῦ
1182 1202 1420 1253 διαστήματος
1439 1201 1588 1240 σταδίων
1607 1203 1711 1254 τριῶν
1727 1201 1788 1240 καὶ
1800 1200 1883 1239 δέκα
1895 1233 1904 1249 ,
1923 1204 1971 1247 ὡς
1984 1202 2133 1252 Τίμαιός

1108 1276 1207 1315 φησι.
1226 1262 1283 1300 Cf.
1304 1261 1399 1299 Plin.
1418 1263 1465 1299 N.
1484 1264 1529 1299 H.
1544 1263 1620 1306 ΙΙΙ,
1646 1261 1681 1297 8.

1163 1371 1209 1405 A.
1233 1367 1328 1405 Geli.
1349 1369 1477 1404 Noctt.
1498 1369 1577 1403 Att.
1594 1312 1665 1413 l121,
1690 1379 1704 1403 ι
1722 1381 1730 1402 :
1763 1368 1926 1403 Timoeus
1953 1370 1989 1402 in
2010 1370 2135 1403 Histo-

1109 1430 1184 1472 riis,
1202 1439 1296 1476 quas
1314 1429 1476 1462 oratione
1491 1438 1618 1474 groeca
1637 1426 1682 1461 de
1708 1425 1815 1461 rebus
1824 1428 1958 1474 populi
1978 1428 2137 1462 Romam·

1109 1489 1318 1535 composuit,
1350 1494 1388 1521 et
1414 1486 1473 1521 M.
1494 1486 1614 1520 Varro
1640 1488 1676 1520 in
1706 1483 1995 1533 Antiquitaa'bus
2014 1498 2134 1521 rerum

1109 1546 1359 1582 humanarum
1379 1551 1514 1579 terram
1548 1544 1702 1579 Italiam
1741 1544 1787 1578 de
1816 1557 1939 1592 grceco
1957 1543 2136 1580 vocabulo

1109 1605 1340 1653 appellatam
1359 1605 1601 1650 scripserunss
1622 1603 1796 1650 quoniam
1813 1600 1914 1638 boves
1930 1615 2057 1651 groeca
2073 1616 2137 1639 ve—

1110 1672 1185 1699 tere
1211 1665 1339 1711 lingua
1359 1657 1473 1698 ἷταλοὶ
1491 1664 1642 1697 vocitati
1664 1669 1760 1705 sunt,
1784 1674 1936 1709 quorum
1963 1664 2000 1696 in
2019 1664 2136 1697 Italia

1109 1734 1250 1770 magna
1277 1718 1535 1768 copia‘suerit:
1556 1718 1755 1767 bucetaque
1785 1723 1821 1755 in
1841 1732 1886 1755 ea
1916 1728 2013 1756 terra
2033 1724 2138 1770 gigni

1103 1783 1281 1828 pascique
1294 1781 1399 1814 solita
1411 1782 1486 1814 Sint
1498 1780 1749 1826 complurima.
1774 1780 1818 1815 V.
1834 1776 2021 1814 Niebuhr.
2036 1778 2133 1815 Hist.

1107 1841 1220 1876 Rom.
1241 1845 1332 1874 tom.
1352 1839 1381 1883 Ι,
1396 1849 1432 1886 p.
1456 1838 1500 1874 31
1522 1849 1577 1887 sq.

1592 1890 1604 1925 l
1616 1889 1651 1926 3.

1161 1947 1314 1980 Tzetzes
1336 1941 1384 1979 ad
1405 1941 1599 1992 Lycophr.
1613 1942 1713 1979 615:
1735 1940 1902 1988 Ἁλούσης
1922 1945 1985 1988 τῆς
2008 1941 2137 1994 Τροίας

1108 2000 1286 2053 Διομήδης
1298 1999 1374 2038 ἀντὶ
1393 2000 1519 2052 βάρους
1532 1999 1647 2044 λίθους
1662 2000 1701 2037 ἐκ
1719 2002 1778 2036 τοῦ
1790 1998 1924 2051 τείχους
1935 2002 1996 2046 τῆς
2008 1999 2136 2052 Τροίας

1109 2061 1157 2103 εἷς
1177 2058 1240 2106 τὴν
1262 2061 1387 2097 ἑαυτοῦΙ
1404 2061 1488 2096 ναῦν
1514 2056 1631 2095 ἔδαλε.
1654 2056 1945 2109 Παραγενόμενος
1973 2054 2009 2094 δὲ
2029 2058 2075 2100 εἷς
2096 2057 2136 2095 τὸ

1107 2117 1249 2171 Ἄργος,
1271 2117 1331 2155 καὶ
1358 2115 1456 2168 μόλις
1481 2114 1598 2170 φυγὼν
1624 2115 1682 2154 τὸν
1709 2117 1749 2154 ἐκ
1770 2118 1833 2162 τῆς
1855 2118 2010 2167 γαμετῆς
2031 2116 2135 2153 αὐτοῦ

1108 2176 1269 2225 θάνατον,
1283 2174 1493 2229 παρεγένετο
1511 2176 1559 2219 εἷς
1574 2174 1741 2222 Ἰταλίαν,
1758 2173 1866 2228 εὑρὼν
1886 2172 1922 2211 δὲ
1941 2177 2135 2220 τηνικαῦτα

1106 2234 1164 2273 τὸν
1184 2234 1360 2287 Κολχικὸν
1389 2233 1561 2288 δράκοντα
1582 2231 1837 2284 λυμαινόμενον
1855 2231 1918 2279 τὴν
1930 2232 2111 2271 Φαιακίδα
2123 2258 2133 2275 ,

1105 2344 1261 2386 pellatur,
1275 2353 1295 2376 a
1312 2343 1393 2376 colle
1417 2343 1587 2382 nimirum,
1611 2342 1668 2383 qui
1682 2342 1759 2374 olim
1774 2343 1880 2374 AEtnae
1898 2341 2002 2373 instar
2016 2341 2131 2373 Siculae

1104 2400 1256 2432 magnam
1268 2391 1337 2431 vim
1351 2390 1433 2431 ignis
1442 2390 1630 2430 eructabat;
1645 2398 1732 2421 nunc
1739 2389 1902 2421 Vesuvius
1919 2388 2104 2419 nominatur
2118 2410 2126 2424 ,

1104 2439 1207 2470 multa
1219 2437 1481 2470 inflammationis
1497 2436 1643 2478 pristinae
1656 2435 1791 2476 vestigia
1806 2443 1948 2466 servans.
1967 2434 2130 2473 GiganteS,

1105 2486 1233 2527 cognito
1244 2484 1392 2518 Herculis
1407 2484 1561 2523 adventu,
1573 2482 1756 2524 conjunctis
1771 2481 1896 2513 viribus
1909 2490 1983 2512 cum
2012 2480 2131 2511 instru-

1105 2535 1156 2565 cta
1169 2532 1216 2565 illi
1231 2532 1299 2564 acie
1313 2531 1444 2564 obviam
1454 2530 1634 2572 procedunt
1643 2537 1766 2568 omnes,
1781 2529 1813 2560 et
1826 2528 1997 2559 commissa
2011 2535 2069 2567 pro
2083 2527 2130 2556 vi-

1106 2579 1196 2611 ribus
1219 2581 1252 2611 et
1275 2578 1396 2611 ferocia
1413 2578 1587 2618 Gigantum
1612 2584 1719 2616 pugna
1744 2573 1939 2613 vehementi,
1961 2572 2130 2605 Herculem

1106 2625 1221 2658 dicunt
1239 2624 1373 2656 deorum
1387 2624 1540 2656 societate
1554 2622 1702 2662 adjutum
1713 2620 1882 2652 victoriam
1894 2618 2085 2657 obtinuisse,
2098 2621 2128 2649 ct

1106 2672 1267 2714 plerisque
1279 2671 1396 2703 occisis
1409 2670 1571 2710 regionem
1587 2669 1674 2700 illam
1686 2666 1860 2708 pacavisse.
1876 2665 1925 2696 Ob
1935 2664 2128 2704 stupendam

1105 2728 1183 2752 vero
1193 2727 1365 2759 corporum
1375 2717 1597 2758 proceritatem
1608 2714 1759 2754 Gigantes
1769 2713 1801 2744 hi
1808 2712 1975 2751 terrigenae
1984 2710 2130 2742 diceban-

1106 2768 1172 2798 tur.
1186 2767 1234 2798 De
1246 2765 1422 2806 Gigantum
1435 2763 1530 2804 igitur
1546 2762 1587 2794 ad
1607 2761 1775 2800 Phlegram
1805 2757 2024 2790 internecione
2049 2766 2128 2789 non-

1107 2813 1201 2853 nulli,
1218 2821 1300 2853 quos
1315 2813 1347 2844 et
1362 2812 1502 2844 Timaeus
1517 2808 1675 2849 sequitur,
1691 2806 1752 2837 ista
1768 2804 1963 2836 fabulantur.

1589 2873 1648 2904 11.

1149 2935 1302 2967 Hercules
1315 2942 1378 2974 qua
1387 2931 1604 2964 arctissimum
1615 2931 1663 2961 est
1673 2936 1760 2960 mare
1777 2927 1902 2959 delatus
1914 2926 2015 2959 boves
2029 2929 2128 2958 trans-

1105 2983 1182 3024 jecit
1207 2982 1241 3013 in
1258 2981 1411 3018 Siciliam,
1424 2979 1491 3019 ipse
1502 2986 1578 3009 vero
1593 2977 1792 3017 apprehenso
1805 2974 1890 3006 tauri
1903 2982 2005 3006 cornu
2017 2982 2126 3015 perna-

1106 3028 1190 3061 tavit
1202 3027 1420 3064 intervallum,
1437 3027 1474 3056 ut
1491 3024 1633 3056 Timaeus
1648 3022 1705 3061 ait,
1719 3021 1871 3053 tredecim
1885 3020 2073 3053 stadiorum.

1149 3143 1325 3182 Postquam
1339 3141 1436 3181 Troja
1451 3141 1544 3180 capta
1564 3140 1650 3178 erat,
1667 3137 1840 3171 Diomedes
1860 3136 1983 3178 lapides
1999 3145 2017 3168 e
2035 3146 2129 3169 muro

1107 3191 1210 3231 TroJae
1222 3189 1256 3220 in
1268 3197 1382 3220 navem
1397 3195 1490 3219 suam
1507 3185 1641 3225 conjecit
1652 3185 1691 3217 ad
1709 3185 1837 3226 pondus
1851 3185 1920 3225 ejus
1934 3184 2127 3225 augendum.

1107 3239 1216 3274 Quum
1234 3244 1311 3267 vcro
1327 3238 1430 3275 Argos
1444 3232 1643 3274 pervenisset
1665 3231 1788 3272 vixque
1814 3241 1928 3264 necem
1943 3231 2128 3271 effugisset,

1107 3292 1204 3324 quam
1221 3283 1249 3314 ei
1266 3282 1449 3313 machinata
1462 3281 1530 3312 erat
1539 3287 1633 3317 uxor,
1644 3279 1684 3310 ad
1701 3279 1825 3311 ltaliam
1839 3287 1874 3311 se
1886 3278 2060 3316 convertit,
2073 3277 2130 3309 ubi

33 3321 132 3358 misse
145 3325 338 3360 fabulantur.
354 3328 536 3370 Phlegraeus
550 3340 677 3372 quoque
692 3341 825 3373 campus
845 3332 872 3363 is
888 3332 978 3363 locus
994 3340 1047 3372 ap·
1107 3330 1295 3362 dracontem
1309 3328 1509 3367 colchicum,
1524 3326 1580 3367 qui
1598 3326 1801 3359 Pliaeacidem
1815 3325 1983 3364 vastabat,
2000 3324 2130 3356 interse-

1997 3377 2046 3406 13.
