2320 3684
178 205 252 239 438

212 337 344 389 Steph.
363 352 370 374 :
386 331 641 387 Χαλκητόριον,
671 330 770 374 πόλις
806 328 960 383 Κρήτης.
981 329 1026 369 Ὁ
1043 327 1190 376 πολίτης

158 394 416 447 Χαλκητορεύς.
437 391 696 443 Ἀπολλόδωρος
711 388 868 443 τετάρτῳ
889 390 1081 442 Χρονικῶν·

244 467 258 481 «
278 454 353 485 Μεθ’
367 452 403 484 οὗ
417 451 592 494 Χαρίδημος
607 450 645 490 ἦν
660 449 756 490 φυγὰς
771 448 997 490 Χαλκητορεῦς-
1019 461 1034 475 ”

213 560 302 598 Sine
322 557 410 595 libri
432 565 524 594 nota
551 555 674 594 idem:
693 554 854 608 Πάρθος,
883 553 982 598 πόλις
1000 551 1189 608 Ἰλλυρική.

157 615 417 669 Ἀπολλόδωρος
431 617 466 654 ἓν
483 617 677 669 Χρονικοῖς.

643 673 707 711 67.

212 739 302 772 Post
335 735 414 772 haec
452 733 711 785 geographica
743 733 889 783 reliqua
915 733 1191 771 Chronicorum

161 796 372 845 fragmenta
392 806 440 831 ex
466 800 686 843 temporum
716 793 1030 843 populorumque
1056 791 1191 829 ordine

159 866 411 906 apponemus.
428 852 587 890 Initium
605 851 763 888 facimus
780 864 802 888 a
823 851 1046 889 Chaldaicis.

214 912 356 951 Euseb.
379 917 531 948 Arinen.
550 923 589 960 p.
612 925 636 960 9
667 909 724 948 ed.
746 914 843 960 Ang.
861 910 950 947 Mai.
969 909 1192 948 Mediolan:

160 975 219 1009 De
228 970 429 1010 Chaldaica
439 968 686 1020 improbabili
700 968 947 1018 chronologia
964 981 1012 1005 ex
1031 969 1195 1006 Alexan—

161 1031 232 1068 dro
258 1029 499 1079 Polyhistore
518 1030 663 1078 :Atque
672 1031 795 1077 primo
809 1040 908 1063 anno
924 1041 944 1064 e
963 1027 1082 1064 Rubro
1100 1035 1196 1067 mari

161 1093 348 1126 emersisse
378 1091 434 1124 ait
444 1088 510 1136 (sc.
528 1087 705 1136 Berosus)
735 1091 832 1123 intra
857 1088 1000 1123 eosdem
1025 1093 1196 1126 terminos

165 1148 451 1196 Babyloniorum
481 1150 680 1183 immanem
710 1147 897 1195 quandam
935 1145 1107 1192 belluam,
1140 1154 1198 1185 cui

163 1221 294 1244 nomen
334 1207 471 1251 Oanni,
510 1207 610 1254 quod
640 1215 679 1242 et
707 1206 949 1254 Apollodorus
978 1208 1015 1240 in
1049 1206 1197 1243 historia

163 1274 310 1310 narrat,
335 1278 492 1313 eamque
507 1274 577 1301 toto
591 1266 736 1314 quidem
757 1277 903 1312 corpore
912 1267 1052 1312 piscem
1059 1262 1192 1312 fuisse,

163 1337 292 1360 verum
321 1322 387 1360 sub
401 1327 520 1372 cupite
534 1327 648 1373 piscis
674 1323 780 1358 aliud
802 1331 912 1370 caput
925 1327 1146 1371 appositum,
1163 1333 1202 1360 et

163 1387 200 1419 in
220 1384 339 1419 cauda
348 1384 466 1431 pedes
482 1384 536 1418 ad
548 1386 667 1418 instar
677 1382 844 1424 hominis,
869 1389 908 1417 et
925 1384 1106 1430 loquelam
1123 1383 1195 1419 liu-

164 1456 290 1479 manoe
309 1444 463 1477 similem
479 1455 490 1476 :
509 1446 661 1490 ejusque
679 1444 876 1490 imaginem
898 1441 951 1475 ad
967 1441 1064 1476 lzunc
1084 1455 1198 1490 usque

163 1503 259 1538 diem
279 1503 504 1537 delineatam
519 1513 719 1550 superesse.
742 1501 852 1535 Hanc
870 1498 1044 1546 belluam,
1067 1505 1194 1550 inquit,

165 1561 325 1596 interdiu
338 1573 418 1595 cum
434 1558 637 1595 hominibus
649 1562 796 1595 versari
807 1560 968 1604 solitam,
986 1562 1199 1609 nullumque

165 1619 286 1655 cibum
312 1631 463 1668 capere:
481 1619 643 1654 docuisse
681 1618 844 1654 homines
871 1620 994 1654 literas
1027 1627 1066 1655 et
1089 1624 1199 1656 varia

161 1691 299 1728 genera
318 1681 470 1722 artium,
497 1679 754 1726 descriptiones
784 1676 940 1722 urbium,
982 1681 1198 1727 templorum

163 1746 380 1782 structuras,
423 1739 545 1786 legum
579 1739 765 1781 lationem,
791 1738 931 1785 finium
957 1739 1199 1787 regundorum

165 1798 370 1832 doctrinam
387 1810 399 1831 .·
415 1800 557 1832 semina
570 1805 759 1844 praeterea
776 1805 814 1832 et
816 1795 1011 1843 fructuum
1030 1799 1202 1834 collectio-

167 1869 250 1891 nem
280 1857 598 1899 demonstravisse,
629 1864 738 1903 atque
768 1859 892 1891 omnia
917 1869 1080 1904 prorsuS,
1114 1870 1201 1905 quoe

166 1916 371 1950 mundante
383 1918 548 1951 societati
558 1916 766 1951 conducunt
776 1916 857 1951 hom
862 1915 980 1952 inibus
990 1918 1199 1953 tradidisse:

168 1977 219 2009 ita
236 1982 277 2009 ut
286 1986 334 2009 ex
347 1987 388 2009 eo
402 1982 560 2022 tempore
576 1987 681 2010 nemo
692 1983 879 2023 praeterea
893 1977 1037 2024 ah'quid
1050 1979 1199 2012 invene-

168 2035 226 2067 rit.
249 2034 337 2067 Tum
355 2031 420 2067 sub
436 2035 520 2068 solis
542 2045 708 2068 occasum
735 2046 818 2068 eant
850 2032 1009 2070 belluam
1030 2036 1199 2072 Oannem

166 2091 285 2125 denuo
299 2093 417 2138 mergi
429 2092 575 2126 solitam
608 2094 719 2135 mari,
752 2100 929 2140 noctuque
960 2095 997 2127 in
1026 2096 1200 2130 immenso

167 2150 301 2197 pelago
331 2151 500 2185 collocari
510 2163 524 2193 ;
556 2159 668 2198 atque
697 2153 748 2186 ita
781 2154 977 2200 ancipitem
1008 2154 1198 2202 quandam

167 2209 285 2242 vitam
302 2208 445 2256 degere.

223 2265 389 2314 Syncelli
419 2265 711 2317 Chronograph,
747 2280 784 2318 p.
817 2268 878 2313 28,
901 2270 929 2307 C
950 2268 1005 2319 (p.
1032 2268 1076 2307 51
1105 2271 1202 2310 Din—

170 2322 302 2371 dorf.):
319 2327 482 2362 Berosus
501 2325 593 2362 dicit
614 2324 676 2363 Ἔν
694 2327 736 2377 τῇ
756 2325 941 2366 Βαὸυλῶνι
959 2329 1049 2367 πολὺ
1069 2330 1201 2376 πλῆθος

171 2381 363 2435 ἀνθρώπων
393 2381 552 2433 γενέσθαι
587 2384 781 2422 ἀλλοεθνῶν
816 2387 1104 2434 κατοικησάντων
1135 2387 1199 2435 τὴν

656 2518 719 2551 65.

216 2568 468 2608 Clialcetorium,
485 2568 565 2601 urbs
582 2571 700 2602 Cretae.
726 2571 829 2611 Civis,
847 2573 1087 2607 Clialcetoreus.
1110 2576 1202 2616 Apol-

175 2615 307 2647 lodorus
321 2616 437 2656 quarto
448 2616 683 2648 Chronicorum
698 2626 706 2647 ε
723 2630 738 2644 «
755 2618 894 2655 Quicum
909 2620 1121 2654 Charidemus
1135 2625 1204 2654 erat

173 2663 248 2695 exul
269 2663 510 2696 Clialcetoreus.
536 2677 552 2692 »ι

872 175 1206 223 APOLLODORI
1235 175 1568 218 FRAGMENTA.

1252 264 1450 303 Χαλδαίαν·
1474 266 1535 311 ζῆν
1557 262 1593 302 δὲ
1610 261 1733 308 αὐτοὺς
1764 261 1923 306 ἀτάκτως
1948 259 2066 315 ὥσπερ
2093 261 2137 299 τὰ
2163 260 2280 314 θηρία.

1250 321 1314 360 Ἐν
1339 322 1374 361 δὲ
1389 325 1439 378 τῷ
1458 323 1587 377 πρώτῳ
1601 324 1747 375 ἐνιαυτῷ
1761 323 1911 374 φανῆναι
1927 321 1966 358 ἐκ
1982 322 2044 367 τῆς
2062 321 2206 374 ἐρυθρᾶς
2220 323 2281 358 θα-

1249 381 1384 428 λάσσης
1401 383 1491 421 κατὰ
1503 383 1561 421 τὸν
1576 385 1768 435 ὁμοροῦντα
1783 380 1887 418 τόπον
1906 383 1950 433 τῇ
1967 377 2178 432 Βαὸυλωνία
2193 380 2278 423 ζῶον

1252 439 1396 494 ἄφρενον
1423 441 1568 492 ὀνόματι
1601 440 1769 487 Ὠάννην,
1797 439 1910 483 καθὼς
1938 442 1998 477 καὶ
2024 437 2281 490 Ἀπολλόδωρος

1250 500 1433 553 ἱστόρησε,
1455 499 1496 538 τὸ
1515 500 1577 552 μὲν
1597 499 1676 537 ὅλον
1698 501 1802 549 σῶμα
1820 497 1899 550 ἔχον
1917 496 2052 551 ἰχθύος,
2075 494 2142 534 ὑπὸ
2163 494 2199 535 δὲ
2218 494 2282 543 τὴν

1251 558 1406 612 κεφαλὴν
1426 564 1717 613 παραπεφυκυῖαν
1733 558 1842 604 ἄλλην
1860 556 2014 610 κεφαλὴν
2037 555 2201 594 ὅποκάτω
2219 557 2283 601 τῆς

1251 621 1312 656 τοῦ
1330 617 1446 671 ἷχθύος
1475 619 1646 672 κεφαλῆς,
1687 617 1746 656 καὶ
1777 616 1887 659 πόδας
1919 614 2047 666 ὁμοίως
2078 613 2259 667 ἀνθρώπου
2273 643 2284 663 ,

1230 715 1236 722 ,
1251 675 1545 730 παραπεφυκότας
1566 676 1601 715 δὲ
1620 678 1659 715 ἐκ
1675 679 1736 722 τῆς
1752 677 1851 729 οὐρᾶς
1869 678 1930 712 τοῦ
1952 672 2080 726 ἰχθύος.
2099 688 2133 711 κ.
2148 687 2180 710 τ.
2197 673 2231 710 λ,

1306 738 1350 772 In
1369 736 1619 786 sequentibus
1636 748 1790 786 quoque
1807 733 2069 785 Apollodorus
2082 731 2286 782 aliquoties

1254 793 1442 832 laudatur.
1457 796 1519 832 Sic
1531 809 1568 846 p.
1591 797 1652 842 34,
1669 798 1719 843 D,
1734 807 1771 845 p.
1795 794 1844 830 62
1862 791 2037 830 Dindorf.
2050 805 2059 828 :
2074 789 2284 829 Alexandri

1254 855 1421 894 Anniani
1441 853 1709 904 Panodorique
1729 852 1956 890 testimoniis
1972 851 2019 888 de
2034 850 2180 887 diluvio
2198 861 2287 902 pro-

1254 914 1340 952 latis
1376 914 1488 952 fidem
1526 926 1603 950 non
1628 912 1844 950 habendam
1875 923 1978 958 esse,
1998 907 2075 946 οὔτε
2103 907 2193 959 ἄλλῃ
2217 906 2286 945 τινὶ

1255 971 1489 1024 δαιμωνιώδει
1509 973 1623 1010 αὐτῶν
1647 970 1795 1024 ἱστορία.
1819 968 1952 1022 Σχεδὸν
1971 967 2040 1020 γὰρ
2067 966 2138 1005 ἀπὸ
2157 964 2287 1013 ταύτης

1254 1035 1316 1078 τ’ῆς
1335 1034 1538 1085 συγγραφῆς
1556 1030 1715 1082 καθάπερ
1733 1028 1773 1067 ἔκ
1794 1044 1884 1072 τινος
1909 1030 2026 1078 πηγῆς
2053 1023 2289 1079 βορὸορώδους

1255 1090 1313 1129 καὶ
1331 1093 1399 1129 τῶν
1419 1088 1677 1143 παραπλησίων
1697 1091 1783 1140 αὐτῇ
1803 1094 1899 1126 πᾶσα
1919 1086 2080 1138 μυθώδης
2094 1084 2288 1131 Ἑλληνικὴ

1255 1150 1316 1188 καὶ
1352 1147 1559 1201 Μανιχαϊκὴ
1580 1145 1767 1191 κακοδοξία
1791 1145 1973 1184 ἀνέὸλυσε.
2002 1144 2075 1183 Καὶ
2112 1145 2181 1182 τῶν
2209 1137 2289 1181 καθ’

1255 1212 1350 1259 ἡμᾶς
1370 1207 1406 1246 δὲ
1425 1206 1590 1261 αἱρέσεων
1617 1207 1680 1244 οὔκ
1715 1204 1830 1255 ὀλίγαι
1853 1202 1914 1247 τὰς
1938 1202 2049 1256 ἀρχὰς
2068 1203 2108 1240 ἐκ
2122 1200 2289 1240 τοιούτων

1257 1268 1447 1314 ἀπατηλῶν
1457 1265 1631 1318 ἐσχήκασι
1639 1263 1700 1307 τὰς
1707 1262 1877 1316 ἀφορμάς.
1889 1264 1944 1301 Οὓ
1951 1261 2054 1314 χάριν
2061 1259 2290 1314 προήχθημεν

1259 1325 1451 1380 ἀσφαλείας
1467 1324 1569 1363 ἕνεκα
1597 1325 1666 1361 τῶν
1690 1321 1735 1361 τὰ
1753 1325 1899 1360 τοιαῦτα
1930 1319 2082 1373 μυθάρια
2101 1321 2146 1362 ὡς
2171 1318 2292 1372 καίρια

1257 1383 1490 1437 λογιζομένων
1508 1381 1568 1426 τὰς
1584 1379 1842 1436 προγραφείσας
1863 1378 2053 1433 μαρτυρίας
2067 1375 2291 1431 Ἀλεξάνδρου

1258 1444 1407 1482 καὶτῶν
1436 1440 1702 1496 προειρημένων
1726 1439 1787 1478 δύο
1809 1437 2027 1490 μοναζόντων
2054 1437 2230 1475 Ἀννιανοῧ
2254 1451 2292 1474 τε

1258 1503 1319 1542 καὶ
1338 1501 1552 1555 Πανοδώρου
1575 1503 1642 1539 τῶν
1663 1499 1866 1553 ὃμοχρόνων
1888 1497 1944 1536 ἐπὶ
1965 1495 2139 1549 Θεοφίλου
2154 1498 2216 1533 τοῦ
2239 1497 2293 1534 εἶ-

1259 1566 1384 1601 κοστοῧ
1410 1561 1569 1614 δευτέρου
1596 1557 1873 1614 ἀρχιεπισκόπου
1896 1554 2150 1609 Ἀλεξανδρείας
2175 1556 2293 1604 ἀκμα-

1260 1622 1395 1660 σάντων
1421 1621 1480 1660 καὶ
1510 1618 1626 1659 πολλὰ
1654 1618 1815 1673 χρήσιμα
1844 1617 2019 1671 κεφάλαια
2047 1614 2207 1668 ἱστορικὰ
2229 1630 2292 1652 πε-

1259 1679 1463 1728 πονηκότων
1477 1677 1711 1733 παραθέσθαι.

1314 1742 1359 1779 Εἰ
1375 1739 1434 1778 καὶ
1452 1741 1486 1777 ἐν
1506 1739 1595 1791 τῷδε
1626 1740 1677 1790 τῷ
1713 1735 1810 1789 μέρει
1827 1733 2005 1776 δοκοῦντές
2031 1748 2066 1771 τι
2098 1735 2288 1786 κατορθοῦν

1259 1799 1356 1838 οὐδὲν
1379 1801 1422 1851 τῇ
1447 1797 1593 1850 ἀληθείᾳ
1612 1796 1729 1850 κέρδος
1757 1794 1994 1848 προσήγαγον,
2023 1791 2203 1843 δεξάμενοι
2230 1791 2293 1834 τὰς

1261 1858 1487 1911 Ἀλεξάνδρου
1507 1860 1566 1894 τοῦ
1585 1853 1836 1909 προῤῥηθέντος
1848 1852 1928 1905 περὶ
1943 1855 2006 1898 τῆς
2017 1853 2086 1890 τῶν
2100 1850 2291 1890 Χαλδαίων

1262 1916 1433 1970 βασιλέων
1454 1915 1569 1962 δόξας,
1597 1913 1650 1953 ὅτι
1670 1913 1738 1967 πρὸ
1759 1917 1819 1951 τοῦ
1839 1913 2088 1963 κατακλυσμοῦ
2112 1911 2147 1948 ἐν
2169 1909 2292 1948 Βαὸυ-

1259 1978 1344 2015 λῶνι
1358 1975 1601 2022 ἐδασίλευσαν,
1615 1973 1676 2012 καὶ
1695 1973 1752 2011 τὸν
1773 1974 1843 2010 τῶν
1864 1973 1949 2009 ἐτῶν
1971 1970 2204 2024 μυριαδισμὸν
2220 1971 2289 2008 ἀλ-

1258 2035 1542 2090 ληγορησάντων,
1563 2033 1648 2087 πρὸς
1673 2030 1810 2071 ’τούτοις
1842 2029 1875 2069 δὲ
1912 2031 1972 2069 καὶ
2007 2029 2196 2076 Ἀὃυδηνοῧ
2235 2031 2295 2069 καὶ

1260 2094 1521 2148 Ἀπολλοδώρου
1537 2093 1616 2147 περὶ
1641 2094 1710 2130 τῶν
1725 2093 1851 2138 αὐτῶν,
1870 2090 1927 2128 καὶ
1948 2088 1999 2127 ἔτι
2024 2090 2175 2127 Memfi-1,
2213 2090 2292 2142 περὶ

1259 2158 1320 2202 τῆς
1341 2153 1539 2204 Αἰγυπτίων
1563 2150 1765 2194 δυναστείας
1783 2150 1851 2202 πρὸ
1868 2152 1928 2186 τοῦ
1951 2149 2201 2198 κατακλυσμοῦ
2218 2162 2293 2184 πα-

1264 2212 1388 2266 ρόμοια
1419 2213 1711 2263 μυθολογοῦντας,
1731 2203 1779 2247 ὧν
1810 2207 1871 2251 τὰς
1903 2206 2071 2261 χρήσεις,
2100 2205 2290 2250 Ἀὅυδηνοῧ

1259 2272 1352 2324 λέγω
1378 2271 1437 2310 καὶ
1467 2268 1730 2322 Ἀπολλοδώρου
1765 2267 1825 2306 καὶ
1864 2268 2032 2312 Μανεθῶ,
2061 2267 2295 2318 προστεθῆναι

1259 2329 1388 2377 ταύτης
1405 2332 1559 2381 ἡγοῦμαι
1575 2331 1636 2374 τῆς
1653 2325 1866 2380 προθέσεως,
1885 2327 1931 2368 ὡς
1946 2324 1988 2363 ἂν
2007 2326 2068 2362 καὶ
2084 2322 2119 2368 ἐξ
2132 2322 2292 2368 ἀλλήλων

1226 2428 1232 2436 ,
1261 2390 1377 2432 αὐτοῖς
1398 2388 1437 2427 τὸ
1454 2387 1664 2441 ἀσύμφωνον
1686 2387 1842 2438 συναχθῇ
1863 2389 1921 2422 καὶ
1947 2386 2001 2437 ‘uqa‘
2019 2385 2143 2422 ἑαυτοῦ
2165 2387 2206 2420 τὸ
2225 2395 2293 2419 κα-

1261 2517 1367 2559 pturis
1394 2516 1550 2559 principia
1580 2515 1853 2554 fundamentaque
1877 2513 2061 2554 posuerunt.
2092 2513 2292 2553 Quapropter

1264 2564 1389 2596 animos
1405 2573 1529 2602 eorum,
1565 2563 1619 2604 qui
1654 2561 1777 2594 sabellis
1812 2559 1996 2601 liujiismodi
2027 2561 2181 2599 tanquam
2215 2559 2294 2591 veri·

1264 2611 1322 2642 tati
1338 2610 1489 2642 consonis
1516 2610 1612 2642 iidem
1642 2607 1875 2650 praebuerunt,
1895 2607 1935 2638 ab
1961 2615 2067 2638 errore
2098 2606 2291 2638 vindicaturi

1267 2660 1364 2698 atque
1381 2658 1411 2688 in
1428 2659 1502 2689 tuto
1518 2656 1664 2697 posituri,
1683 2664 1781 2696 supra
1805 2654 1923 2695 scripta
1943 2654 2126 2692 Alexandri,
2148 2662 2204 2686 nec
2225 2661 2290 2685 non

660 2718 722 2753 66·
1267 2704 1405 2735 Anniani
1422 2703 1662 2743 Panodorique,
1679 2701 1824 2742 ejusdem
1838 2700 1944 2732 aetatis
1966 2700 2218 2738 monachorum,
2236 2701 2290 2741 qui
2315 2700 2320 2743 J

218 2771 371 2809 Parthus,
387 2770 465 2802 urbs
479 2770 619 2811 Illyrica.
641 2771 853 2812 Apollodorus
871 2772 902 2804 in
919 2773 1098 2806 Clironicis.
1267 2751 1328 2804 sui)
1341 2750 1519 2791 T¹¹e⁰p¹¹u⁰
1534 2774 1542 2788 ’
1562 2749 1718 2801 VigeSimf‘
1733 2747 1876 2800 ⁸⁶9¹¹nd⁰
1896 2747 2137 2787 ammepisoep‘*
2158 2746 2308 2786 Alexam-

660 2835 722 2868 67.
1266 2797 1356 2836 driae,
1377 2797 1524 2829 florentes
1541 2796 1649 2837 plures
1667 2795 1836 2826 historicos
1854 2795 2011 2826 tractatus
2030 2800 2050 2823 a
2066 2801 2101 2824 se
2116 2792 2320 2836 elaboratoss

1266 2843 1447 2881 ediderunt,
1462 2842 1644 2875 testimonia
1658 2842 1834 2882 producere
1847 2849 1961 2872 sumus
1976 2841 2147 2881 compulsi.
2166 2839 2293 2872 Praefati
2307 2846 2320 2870 3—

219 2886 382 2926 Babylone
398 2886 567 2918 hominum
592 2887 842 2928 alienigenarum
863 2887 1047 2920 Clialoaeam
1069 2889 1206 2922 incolen·
1236 2896 1239 2941 γ
1267 2890 1427 2931 siquidem
1444 2889 1616 2922 Alexandri
1640 2889 1680 2921 de
1703 2887 1830 2928 regibus
1852 2890 1926 2919 ante
1943 2887 2104 2919 dilnvium
2131 2888 2317 2935 Babylone-4

178 2933 510 2965 tiummultitudinem
521 2933 712 2966 immensam
724 2934 1025 2975 numerari,eosque
1037 2934 1205 2968 brutorum
1267 2936 1474 2977 regnantibus
1494 2938 1620 2976 recepta
1636 2935 1806 2972 sententia,
1834 2934 1967 2974 probata
1981 2943 2112 2975 quoque¹
2133 2935 2270 2967 aliorum
2282 2957 2293 2974 ‚

180 2988 270 3011 more
283 2980 352 3011 sine
367 2979 435 3018 iege
450 2980 584 3012 liberam
606 2980 707 3012 vitam
721 2981 848 3013 ducere.
868 2982 977 3013 Primo
991 2990 1077 3014 auno
1091 2991 1109 3014 e
1126 2984 1205 3014 inari
1236 2945 1240 3032 ἱ
1265 2984 1320 3024 qui
1330 2991 1486 3014 annorum
1501 2982 1661 3022 myriadas
1674 2981 1841 3022 allegorice
1854 2981 2028 3013 sumendas
2037 2991 2106 3014 esse
2117 2985 2240 3023 putant,
2257 2991 2299 3019 ac,
2310 2976 2317 2985 ⁹

179 3027 288 3058 Rubro
302 3026 340 3058 ad
358 3027 499 3058 vicinum
516 3028 608 3060 littus
622 3028 776 3069 Babyloni
789 3028 989 3070 contiguum,
1001 3030 1146 3062 animans
1161 3039 1207 3062 ra·
1236 3038 1240 3099 Ι
1266 3030 1396 3062 demum
1415 3029 1566 3061 admissis
1583 3028 1727 3069 Abydeni
1745 3029 1778 3060 et
1792 3027 1977 3069 Apollodori
1999 3029 2038 3060 de
2064 3029 2191 3070 iisdem,
2211 3030 2292 3062 adde
2304 3033 2320 3066 ²5

179 3075 267 3105 tione
282 3074 475 3106 destitutum
492 3076 673 3115 emersisse,
697 3078 845 3108 oannem
862 3077 1003 3116 nomine,
1023 3078 1060 3109 ut
1082 3077 1206 3118 Apollo·
1237 3100 1241 3132 Ι
1266 3079 1298 3110 et
1322 3076 1525 3109 Manetlionis
1543 3076 1584 3107 de
1603 3075 1768 3116 Dynastiis
1793 3075 2018 3116 AEgyptiorum
2038 3079 2112 3108 ante
2133 3075 2320 3108 diluvium

181 3120 281 3151 dorus
298 3129 428 3160 quoquc
455 3121 583 3160 retulit,
603 3124 672 3154 toto
689 3131 824 3163 corpore
839 3123 959 3163 piscem
972 3147 980 3162 ‚
1005 3123 1087 3155 inl'ra
1111 3123 1207 3164 piscis
1267 3124 1387 3156 similia
1401 3123 1574 3155 fabulantis
1592 3121 1853 3161 auctoritatibus,
1869 3131 1993 3162 magnae
2010 3122 2082 3154 licet
2097 3131 2166 3154 sese
2179 3124 2320 3164 pute-nto.

181 3167 278 3206 caput
303 3166 388 3198 aliud
415 3170 513 3208 caput
539 3170 670 3201 enatum
709 3178 837 3209 gerere;
877 3169 974 3210 pedes
999 3170 1157 3202 humanos
1175 3170 1207 3201 in
1267 3170 1433 3202 historica>
1449 3170 1492 3202 rei
1519 3169 1667 3201 utilitatis
1683 3172 1829 3200 auctores
1845 3169 2020 3207 exstitisse,
2040 3169 2164 3200 nullum
2184 3169 2306 3199 tamen*-

181 3216 250 3253 ejus
263 3222 396 3265 corpore
408 3216 506 3254 cerni,
523 3219 555 3247 at
569 3216 667 3257 piscis
679 3217 792 3248 caudae
805 3226 962 3256 annexos,
979 3219 1041 3249 etc.
1267 3217 1342 3250 inde
1358 3217 1486 3249 veritati
1502 3217 1757 3249 emolumentum
1772 3217 1916 3248 accessit.
1935 3219 2082 3254 Quorum
2098 3216 2193 3255 dicta,
2212 3215 2305 3258 Λὶψ*ῚΛ

224 3261 338 3312 Οιιιιὶιε
382 3260 481 3292 ferme
519 3263 694 3294 Gentilium
731 3263 1048 3304 Manicliaeorumque
1086 3264 1209 3297 falsitas
1267 3265 1354 3303 deni,
1367 3266 1511 3305 inquam,
1525 3263 1751 3304 etApollodori
1767 3265 1799 3295 et
1815 3263 2018 3295 Manethonis
2034 3263 2172 3302 proferre
2186 3262 2304 3304 oper&t>

183 3315 221 3337 ex
243 3306 427 3346 hujusmodi
445 3309 603 3349 scriptura
615 3333 623 3348 ‚
641 3310 732 3342 velut
757 3319 794 3342 ex
821 3310 928 3351 aliquo
956 3311 1042 3343 sonte
1057 3320 1206 3351 carnoso,
1238 3337 1242 3367 Ι
1268 3312 1407 3354 pretium
1423 3311 1519 3350 duco,
1533 3320 1597 3352 quo
1614 3311 1757 3352 ipsorum
1775 3311 1857 3343 inter
1872 3319 1906 3342 se
1922 3311 2088 3342 dissensus
2109 3310 2288 3351 colligatur,

183 3354 235 3386 vel
257 3363 298 3386 ex
320 3355 442 3395 origine
464 3357 561 3388 simili
584 3358 753 3389 scaturivit
777 3368 784 3388 :
809 3367 868 3390 nec
889 3368 998 3399 pauc-:n
1022 3360 1184 3392 iimreseon
1200 3382 1209 3399 ,
1269 3359 1456 3400 malumque
1477 3359 1579 3390 ruinae
1601 3358 1731 3390 sibimet
1753 3358 1796 3390 sit
1816 3367 1948 3397 caussa,
1970 3361 2066 3399 atque
2089 3358 2131 3389 ita
2157 3355 2306 3398 siugulis

183 3410 257 3443 quae
269 3402 412 3434 nostram
427 3402 586 3435 sti-darunt
604 3404 711 3441 iidem,
733 3405 763 3436 iii
782 3405 946 3437 fallacibus
962 3407 1119 3446 ejusmodi
1135 3407 1209 3439 scri·
1238 3368 1244 3442 ί
1269 3406 1448 3448 quibusque
1462 3407 1533 3447 post
1542 3405 1700 3438 diluvium
1710 3406 1815 3444 annis,
1834 3414 1903 3444 quae
1918 3405 2047 3437 divisim
2063 3410 2095 3437 et
2111 3404 2290 3437 successivo
