2320 3684
907 122 1150 162 HEGATAEI
1178 123 1515 165 FRAGMENTA.
2127 151 2176 185 29

120 267 191 304 AEl.
209 264 415 303 Herodian.
435 262 515 318 περὶ
538 261 663 316 μονήρ.
687 260 811 305 λέξεως
831 264 862 309 1,
882 275 919 313 p.
945 264 980 310 8,
1003 275 1031 299 s.
1054 276 1094 302 v.

71 326 237 372 Αθηνᾶς..
260 323 332 362 Καὶ
349 325 373 369 ἡ
392 325 492 362 Δανᾶ
510 321 619 365 οὕτως
637 319 774 374 εἴρηται
789 320 874 375 παρ’
890 319 1074 374 Ἑκαταίῳ
1085 336 1093 345 ·

66 401 82 419 α
99 387 144 437 τῇ
160 386 260 436 Δανᾷ
280 381 444 434 μίσγεται
461 379 560 424 Ζεύς.
584 398 599 414 ι)

119 503 259 542 Pollux
275 503 306 548 Ι,
330 500 365 548 5,
385 500 433 536 50
448 514 456 537 :
470 497 523 538 Τὸ
545 497 582 536 δὲ
598 497 879 552 Χειρογάστορες
903 497 1095 541 <Εκαταῑος

66 559 209 612 λεγέτω.
226 557 431 597 Probabile
442 566 513 608 est,
528 558 633 608 quod
650 560 862 596 Creuzerus
882 558 934 610 (p.
955 571 1000 605 71
1019 559 1096 608 sq.)

64 618 308 661 existimavit,
325 617 374 655 ad
390 617 466 654 hoc
484 617 729 655 referendum
746 630 827 655 esse
847 617 974 655 locum
989 617 1095 655 Stra-

63 678 176 717 bonis
192 680 307 728 VIII,
318 689 355 727 p.
377 676 452 723 572
464 689 472 712 :
484 678 551 729 «τῇ
571 673 636 727 μὲν
653 669 712 715 οῧν
726 675 874 730 Τίρυνθι
889 674 1095 730 ὁρμητηρίῳ

63 735 265 792 χρήσασθαι
279 736 372 773 δοκεῖ
389 735 538 788 Προῖτος
548 734 608 773 καὶ
623 735 775 787 τειχίσαι
795 734 853 774 διὰ
867 734 1094 773 Κυκλώπων·

64 795 122 839 οὒς
138 793 228 834 ἕπτα
244 793 307 846 μὲν
328 787 434 842 εἶναι,
450 795 635 833 καλεῖσθαι
652 793 688 833 δὲ
708 793 994 849 γαστερόχειρας,
1017 809 1097 848 τρε-

64 853 233 910 φομένους
256 855 296 892 ἐκ
319 855 382 900 τῆς
403 851 550 906 τέχνης·
571 853 669 901 ἥκειν
698 851 735 892 δὲ
761 852 1038 905 μεταπέμπτους
1057 855 1096 892 ἐκ

0 927 4 930 ’
64 913 198 958 Λυκίας
217 912 277 951 καὶ
296 911 381 956 ἴσως
399 911 445 951 τὰ
470 910 630 959 σπήλαια
657 911 702 951 τὰ
722 912 805 967 περὶ
822 911 886 960 τὴν
906 912 1094 952 Ναυπλίαν

64 972 123 1012 καὶ
141 971 186 1012 τὰ
201 972 236 1010 ἐν
251 973 366 1015 αὐτοῖς
381 970 466 1025 ἔργα
481 970 613 1010 τούτων
633 970 802 1024 ἐπώνυμοί
821 973 926 1011 ἐστιν.
946 990 961 1006 »

533 1030 622 1068 360.

116 1090 245 1130 Schol.
265 1092 400 1128 Venet.
418 1093 533 1129 Hom.
549 1090 658 1130 Iliad.
680 1093 729 1138 Ο,
748 1091 822 1128 302
838 1104 847 1127 ε
865 1088 911 1129 Ὁ
928 1088 965 1128 δὲ
984 1090 1096 1144 Σοφο-

60 1150 149 1196 κλῆς
166 1147 418 1191 ἰσοσυλλάὸως·
438 1146 559 1187 Μύνου
574 1148 606 1187 τ’
623 1148 863 1202 Ἐπιστρόφου
886 1164 939 1201 γε.
964 1147 1097 1195 Μύκη-

63 1207 107 1248 τά
123 1225 161 1247 τε
173 1208 234 1247 καὶ
250 1207 392 1255 Μύκην,
409 1209 439 1246 εἷ
455 1208 515 1247 καὶ
536 1209 652 1248 πολλὰ
668 1209 835 1261 σημαίνει
853 1212 877 1257 ἡ
897 1207 1006 1254 λέξις·
1030 1210 1092 1247 καὶ

63 1266 116 1307 ὅτι
138 1270 176 1306 οὗ
197 1266 238 1305 τὸ
260 1266 386 1320 μέτρον
411 1266 520 1307 αἴτιόν
540 1270 632 1315 ἐστι,
661 1268 764 1316 δῆλός
791 1270 887 1307 ἐστιν
905 1268 1096 1310 Ἑκαταῖος

64 1325 154 1365 Ιιιῦτω
175 1325 308 1374 κλίνας,
320 1326 405 1379 φησὶ
414 1327 500 1381 γάρ·
520 1345 535 1362 «
549 1326 609 1366 καὶ
620 1327 804 1382 ἓπαφήσας
825 1327 883 1366 τὸν
898 1325 1018 1366 κολεὸν
1034 1329 1096 1365 τοῦ

63 1383 175 1439 ξίφεος
190 1415 201 1436 ,
227 1383 287 1424 τὸν
316 1388 430 1437 μυκῆν
458 1379 553 1439 εῧρεν
581 1385 878 1426 ἀποπεπτωκότα.
891 1405 906 1420 »
926 1388 1096 1436 Mycenae

64 1443 168 1498 jussu
194 1445 375 1483 Mercurii
408 1458 549 1482 nomen
578 1455 810 1498 acceperunt
838 1443 909 1484 ἀπὸ
939 1443 1096 1497 μύκητας

64 1507 123 1542 τοῦ
144 1502 271 1557 ξίφους,
288 1502 307 1542 ὃ
328 1501 445 1557 ἐφόρει
461 1503 631 1558 Περσεύς.

537 1564 627 1603 361.

115 1622 275 1661 Bekker.
299 1622 442 1661 Anecd.
461 1624 492 1669 I,
512 1636 550 1673 p.
573 1624 670 1671 783:
693 1642 708 1658 ιι
725 1624 808 1663 Τῶν
826 1621 1010 1674 στοιχείων
1035 1622 1096 1658 εὑ-

65 1678 168 1733 ρέτην
186 1697 201 1714 »
224 1679 325 1718 ἄλλοι
338 1695 377 1718 τε
395 1679 456 1719 καὶ
475 1679 627 1736 Ἔφορος
644 1681 793 1734 Κάδμον
811 1680 967 1733 λέγουσι.
989 1679 1096 1719 Ἔπι-

64 1742 279 1793 μαρτυροῦσι
307 1738 445 1784 τούτοις
472 1740 534 1779 καὶ
570 1743 602 1779 οἱ
632 1740 851 1789 Μιλησιακοὶ
885 1744 1098 1793 συγγραφεῖς

62 1796 331 1852 Ἀναξίμανδρος
352 1798 413 1837 καὶ
429 1798 610 1844 Διονύσιος
630 1800 692 1839 καὶ
710 1800 920 1848 Ἑκαταῖος,
947 1798 1004 1843 οὒς
1034 1797 1096 1836 καὶ

63 1856 321 1912 Ἀπολλόδωρος
347 1859 383 1896 ἐν
406 1860 492 1897 νεῶν
518 1859 706 1914 καταλόγῳ
732 1859 979 1914 παρατίθεται.
1000 1860 1097 1897 Cum

63 1917 199 1955 tertius
225 1918 548 1968 Genealogiarum
579 1919 680 1957 liber
709 1933 788 1958 uno
817 1927 969 1958 tantum
991 1918 1095 1965 loco,

61 1975 101 2013 in
126 1975 242 2014 rebus
273 1976 492 2026 Arcadicis,
520 1977 672 2025 citetur,
704 1978 896 2017 incertum
924 1985 981 2015 est
999 1987 1093 2013 num

61 2043 166 2073 recte
178 2035 214 2072 ei
231 2035 312 2073 haec
326 2035 538 2087 fragmenta
550 2036 765 2076 tribuerim.
781 2040 880 2076 Cum
894 2049 989 2075 vero
1006 2046 1094 2085 quae

61 2093 110 2132 de
129 2095 415 2133 Deucalionidis
431 2095 595 2134 dicenda
609 2105 738 2145 erant,
760 2110 851 2136 sane
867 2093 1094 2135 suffecerint

63 2157 257 2208 explendo
284 2158 387 2196 libro
415 2160 564 2210 prim0,
584 2173 710 2211 neque
729 2160 806 2198 hoc
835 2159 956 2211 magis
977 2168 1094 2209 quam

61 2217 237 2254 Herculis
251 2225 290 2254 et
301 2218 595 2256 Heraclidarum
608 2232 669 2257 res
680 2219 781 2258 libro
799 2220 986 2267 secunde,
1003 2231 1095 2269 pro-

61 2273 191 2313 babile
208 2275 378 2322 videtur,
400 2290 462 2315 res
477 2278 825 2330 Peloponnesiacas
847 2282 960 2320 tertio
975 2283 1093 2323 fuisse

62 2335 282 2385 assignatas.
316 2338 492 2382 Quorum
519 2337 755 2388 principium
787 2340 933 2390 optime
960 2350 1093 2382 tenent

63 2406 122 2431 res
137 2393 350 2444 Arcadum,
370 2408 464 2446 quas
491 2395 548 2433 ibi
568 2403 745 2435 tractatas
764 2412 846 2437 esse
866 2400 1007 2440 scimus
1029 2403 1090 2455 (fr.

529 2508 621 2548 358.

101 2564 192 2595 Dana
208 2571 274 2604 pro
290 2566 410 2597 Danae
423 2565 542 2598 dicitur
557 2567 643 2608 apud
656 2569 860 2602 Hecataeum:
875 2583 892 2598 «
904 2573 989 2604 Cum
1002 2574 1092 2605 Dana

63 2610 250 2656 concumbit
265 2610 403 2652 Jupiter.
420 2625 437 2641 »
530 2656 608 2694 359

101 2710 185 2743 Illud
211 2711 443 2755 χειρογάστορες
462 2714 634 2748 Hecataeus
659 2716 807 2749 dicat.-
819 2719 1026 2760 Receptaculi
1045 2721 1090 2753 at-

64 2765 125 2799 que
138 2758 220 2791 arcis
241 2758 313 2790 loco
333 2759 522 2801 Tirynthem
547 2763 699 2801 habuisse
720 2764 823 2797 fertur
849 2767 993 2808 Proetus,
1017 2776 1091 2808 ope-

64 2814 160 2847 raque
174 2806 355 2848 cyclopum
382 2808 562 2843 munivisse
579 2820 587 2842 :
608 2820 691 2852 quos
715 2812 807 2845 aiunt
832 2822 970 2845 numero
991 2814 1091 2847 fuisse

63 2855 201 2895 septem,
214 2853 455 2895 Chirogasteres
470 2858 659 2899 appellatos,
686 2860 782 2899 quasi
807 2860 835 2892 si
856 2862 1090 2894 Manuventres

65 2898 195 2941 diceres,
215 2900 303 2941 quod
324 2910 384 2933 sua
393 2903 461 2934 arte
470 2904 595 2936 victum
613 2905 674 2937 sibi
690 2908 881 2946 quaererent,
892 2907 1021 2940 venisse
1034 2916 1089 2939 au·

62 2947 127 2979 tem
141 2948 261 2980 accitos
276 2957 295 2980 e
315 2949 413 2990 Lycia
426 2959 434 2981 :
447 2958 485 2982 ac
499 2951 566 2983 fieri
583 2952 705 2993 potuit,
729 2954 786 2994 ut,
806 2962 881 2994 quae
902 2955 989 2995 apud
1005 2957 1090 2987 Nau-

62 2993 159 3035 pliam
180 2997 256 3027 sunt
271 2996 437 3037 speluncae·
453 3000 484 3030 et
500 3007 596 3040 opera
620 2999 654 3031 in
675 3000 728 3041 iis,
744 3000 877 3032 nomina
893 3001 934 3033 ab
956 3002 1006 3034 his
1027 3004 1089 3043 Gy-

61 3040 207 3083 clopibus
233 3042 384 3075 habeant.

99 3142 269 3174 Hecataeus
284 3142 364 3176 dicit
384 3153 391 3175 :
413 3157 429 3172 «
443 3145 550 3186 Atque
571 3146 659 3179 ensis
674 3146 799 3187 vaginae
821 3156 954 3180 manum
977 3148 1088 3180 admo-

62 3194 150 3226 vens,
159 3189 379 3230 uuxfivoeapuli
395 3192 616 3233 capitulum,i‚
631 3202 660 3225 e.
669 3193 750 3226 illud
764 3194 852 3235 quod
861 3196 895 3226 in
910 3195 975 3227 ima
982 3195 1088 3236 capuli

62 3236 149 3274 parte
163 3234 253 3276 fungi
265 3236 369 3270 simile
384 3239 685 3325 vaginam3tgpiebat)
702 3241 863 3275 excidisse
875 3242 1003 3283 reperit.

100 3332 295 3367 Litterarum
310 3337 512 3371 inventorem
527 3341 560 3373 et
575 3340 629 3372 alii
642 3343 674 3373 et
689 3341 837 3382 Ephorus
854 3341 1017 3375 Cadmum
1041 3341 1086 3373 di-

1153 211 1245 264 355)
1261 228 1269 249 :
1288 221 1472 263 praeterea
1492 213 1541 251 de
1563 212 1745 251 omnibus
1768 213 2026 264 Peloponnesi
2046 214 2182 255 incolis

1151 270 1298 309 dictum
1320 285 1401 310 csse
1430 271 1634 323 probabile
1654 281 1712 311 est
1732 271 1794 325 (fr.
1829 272 1945 323 356):
1977 272 2116 312 deinde
2135 275 2183 313 de

1151 330 1256 379 regia
1290 331 1408 382 stirpe
1443 332 1692 382 Argivorum,
1725 345 1811 382 quae
1834 330 1883 369 ab
1916 335 2035 370 Inaco
2072 341 2111 370 et
2137 337 2183 372 Io

1152 388 1316 425 oriunda
1331 397 1431 439 erat,
1449 398 1486 428 et
1501 390 1539 428 in
1558 390 1631 428 hac
1650 391 1697 428 de
1710 394 1883 442 AEgypto
1902 399 1940 428 et
1953 394 2090 430 Danao
2107 391 2184 443 (fr.)

1154 445 1259 498 357),
1280 447 1328 485 de
1345 451 1478 486 Danae
1501 448 1561 500 (fr.
1583 448 1688 501 358),
1711 449 1759 488 de
1779 453 1907 487 Proeto
1925 450 1989 500 (fr.
2009 449 2115 502 359),
2135 450 2183 488 de

1151 507 1290 542 Perseo
1308 504 1372 557 (fr.
1394 506 1499 558 360).
1518 507 1577 545 Ab
1597 511 1641 546 Io
1661 509 1787 559 puella
1807 509 1923 547 etiam
1941 509 2122 557 Cadmus,
2140 510 2182 547 fi-

1151 563 1226 600 lius
1249 565 1459 614 Agenoris,
1479 579 1595 616 quem
1610 570 1815 617 Neptunus
1833 581 1854 606 e
1871 567 2011 618 Libya,
2027 568 2181 619 Epaphi

1152 622 1242 670 fllia,
1265 623 1416 673 genuit,
1445 624 1632 674 originem
1652 626 1852 677 repetebat
1870 641 1879 664 ε
1898 627 2031 677 itaque
2055 634 2181 664 trans-

1153 681 1326 719 eundum
1345 690 1426 719 erat
1446 682 1494 719 ad
1509 682 1613 720 hunc
1636 683 1794 735 ejusque
1813 699 1874 723 res
1897 685 1937 722 in
1954 686 2101 723 Boeotia
2114 698 2182 735 ge-

1153 749 1242 779 stas.
1258 739 1394 791 Ibique
1410 754 1498 778 eum
1515 750 1680 792 propter
1699 743 1875 782 viciniam
1897 757 1956 782 res
1973 743 2185 782 Athenien·

1153 799 1251 837 sium
1292 799 1521 837 tractavisse
1565 803 1902 852 Tyrsenorumque
1938 803 2180 853 Pelasgorum

1153 859 1388 896 mentionem
1407 857 1555 903 fecisse,
1578 860 1708 909 putari
1727 869 1854 911 potest
1869 861 1930 913 (fr.
1947 861 2186 911 362)quam·

1153 930 1271 968 quam
1295 917 1444 955 nullum
1473 930 1544 968 ego
1564 917 1704 965 habeo,
1723 932 1801 969 quo
1821 920 1896 957 hoc
1914 919 2092 971 probem,
2117 934 2184 958 ar-

1153 984 1395 1028 gumentum.

1630 1029 1718 1067 362.

1207 1088 1398 1128 Herodot.
1419 1091 1484 1135 VI,
1509 1088 1578 1136 137
1598 1103 1606 1126 :
1625 1087 1820 1139 Πελασγοὶ,
1841 1088 1917 1126 ἐπεί
1936 1104 1974 1127 τε
1992 1088 2088 1134 ἐκτὸς
2110 1091 2187 1129 Ἀτ-

1152 1149 1251 1193 τικῆς
1267 1146 1334 1185 ὑπὸ
1353 1145 1544 1194 Ἀθηναίων
1566 1145 1794 1198 ἐξελάθησαν,
1812 1145 1880 1185 εἴτε
1903 1140 1950 1185 ὧν
1977 1147 2020 1195 δὴ
2045 1149 2187 1193 δικαίως

1153 1206 1223 1245 εἴτε
1246 1205 1387 1254 ἀδίκως,
1406 1210 1509 1244 τοῦτο
1522 1204 1589 1259 γὰρ
1609 1207 1673 1244 οὐκ
1692 1204 1767 1259 ἔχω
1786 1205 1932 1260 φράσαι,
1954 1205 2047 1253 πλὴν
2064 1208 2108 1245 τὰ
2124 1209 2185 1246 λε-

1152 1265 1299 1317 γόμενα,
1322 1264 1375 1303 ὅτι
1396 1264 1589 1308 Ἑκαταῖος
1611 1263 1674 1316 μὲν
1702 1268 1721 1304 ὃ
1743 1263 1991 1318 ζΗγησοίνδρου
2020 1264 2128 1319 ἔφησε
2152 1268 2186 1304 ἐν

1152 1323 1388 1375 τοῖσιλόγοισι
1397 1322 1509 1375 λέγων
1522 1323 1649 1370 ἀδίκως
1660 1339 1668 1347 ·
1680 1323 1826 1362 «ἐπείτε
1835 1323 1903 1377 γὰρ
1912 1324 1996 1361 ἰδεῖν
2004 1327 2084 1366 τοῦς
2095 1323 2187 1371 Ἀθη·

1153 1381 1268 1426 ναίους
1280 1381 1345 1429 τὴν
1360 1381 1496 1435 χὼρην,
1510 1382 1574 1430 τήν
1595 1397 1693 1436 σφισι
1712 1381 1779 1420 ὑπὸ
1791 1380 1850 1420 τὸν
1862 1381 2047 1433 Ὑμησσὸν
2063 1383 2187 1420 ἐοῦσαν

1154 1441 1277 1480 ἔδοσαν
1295 1442 1451 1491 οἰκῆσαι,
1469 1441 1592 1494 μισθὸν
1606 1446 1667 1480 τοῦ
1686 1441 1819 1493 τείχεος
1834 1444 1896 1480 τοῦ
1912 1440 1994 1494 περὶ
2006 1439 2070 1488 τὴν
2089 1440 2189 1494 ἀκρό-

1153 1501 1254 1540 πολίν
1274 1517 1355 1540 κοτε
1367 1501 1598 1553 ἐληλαμένου·
1608 1499 1738 1548 ταύτην
1750 1502 1797 1544 ὡς
1806 1501 1890 1539 ἰδεῖν
1900 1499 1980 1544 τοὺς
1988 1498 2189 1547 Ἀθηναίους

1155 1559 1411 1614 ἐξεργασμένην
1427 1554 1478 1605 εῧ,
1495 1559 1559 1608 τὴν
1575 1558 1743 1616 πρότερον
1759 1553 1849 1598 εἶναι
1866 1558 1979 1606 κακήν
1996 1575 2033 1597 τε
2050 1558 2109 1597 καὶ
2126 1562 2189 1597 τοῦ

1156 1620 1303 1671 μηδενὸς
1322 1619 1435 1666 ἀζίην,
1452 1618 1574 1658 λαὸεῖν
1595 1618 1718 1672 φθόνον
1743 1633 1781 1656 τε
1801 1616 1861 1656 καὶ
1881 1616 2003 1671 ἵμερον
2029 1620 2093 1664 τ’ἧς
2113 1619 2188 1669 γῆς,

1155 1678 1216 1717 καὶ
1235 1678 1327 1718 οὕτω
1343 1676 1537 1724 ἐξελαύνειν
1556 1677 1682 1722 αὐτοὺς
1701 1676 1867 1728 οὐδεμίην
1886 1676 1996 1724 ἄλλην
2012 1675 2187 1730 πρόφασιν

1155 1737 1436 1792 προϊσχομένους
1448 1736 1526 1780 τοὺς
1541 1736 1775 1784 Ἀθηναίους.»
1790 1738 1837 1780 ὡς
1854 1735 1891 1774 δὲ
1905 1735 2003 1774 αὐτοὶ
2015 1736 2188 1782 Ἀθηναῖοι

1155 1797 1310 1850 λέγουσι,
1345 1795 1487 1840 δικαίως
1521 1795 1693 1841 ἐξελάσαι.
1724 1796 1908 1847 Sequitur
1938 1796 2110 1833 narratio
2143 1796 2189 1834 de

1157 1858 1411 1909 protervitate
1426 1855 1696 1907 Pelasgorum,
1716 1855 1784 1906 qui
1800 1854 1849 1892 ad
1873 1857 2101 1905 Hymettum
2119 1854 2189 1892 ha-

1155 1917 1324 1956 bitantes
1341 1917 1381 1954 vi
1399 1915 1546 1967 puellas
1567 1916 1716 1953 Atticas
1741 1914 1918 1965 quotidie
1935 1923 2117 1964 aquatum
2141 1914 2189 1952 ad

1154 1981 1454 2015 Enneacrunum
1476 1975 1623 2012 fontem
1648 1974 1850 2012 venientes
1866 1973 2188 2024 compresserint,

1154 2036 1295 2088 quibus
1309 2035 1495 2086 expositis
1516 2034 1569 2072 ita
1583 2034 1697 2071 finem
1715 2033 1806 2070 facit
1816 2032 2038 2070 Herodotus
2052 2048 2059 2070 :
2073 2033 2187 2070 ἐκεῖνα

1158 2094 1221 2147 μὲν
1237 2094 1278 2143 δὴ
1294 2094 1483 2137 Ἑκαταῖος
1496 2091 1606 2143 ἔλεξε,
1626 2095 1740 2131 ταῦτα
1758 2089 1794 2129 δὲ
1815 2090 1991 2138 Ἀθηναῖοι
2004 2089 2158 2142 λέγουσι,

1555 2178 1776 2192 -οθοθμ

1451 2218 1605 2258 LIBER
1638 2215 1893 2265 QUARTUS.

1209 2346 1265 2382 St.
1288 2346 1330 2382 B.
1349 2341 1517 2395 Μύγισοι,
1539 2281 1807 2392 πόλιῗ-ῗέοίρίας·
1829 2338 2018 2382 Ἑκαταῖος
2039 2337 2187 2393 τετάρτῃ

1154 2403 1399 2454 γενεαλογιῶν.

1153 2516 1241 2546 cunt.
1266 2512 1362 2552 Quod
1380 2510 1575 2544 testimoniis
1599 2510 1669 2542 suis
1685 2508 1877 2542 confirmant
1899 2507 1996 2540 etiam
2013 2507 2186 2547 scriptores

1150 2561 1279 2600 Milesii,
1295 2559 1548 2594 Anaximander,
1570 2556 1761 2598 Dionysius,
1778 2556 1961 2591 Hecataeus,
1983 2562 2066 2595 quos
2084 2553 2183 2603 etiam

1151 2609 1366 2650 Apollodorus
1381 2608 1416 2639 in
1436 2606 1569 2638 navium
1583 2613 1720 2637 recensu
1735 2602 1881 2645 apponit.

1629 2652 1717 2690 362.

1191 2713 1316 2754 Pelasgi
1332 2715 1543 2754 posteaquam
1559 2720 1598 2744 ex
1622 2710 1728 2743 Attica
1750 2707 1790 2740 ab
1806 2704 2058 2739 Atheniensibus
2077 2705 2184 2739 exacti

1151 2763 1239 2800 sunt,
1268 2761 1340 2793 sive
1360 2763 1444 2801 jure,
1464 2760 1535 2791 sive
1560 2757 1677 2799 injuria
1700 2766 1708 2788 :
1729 2763 1805 2787 nam
1824 2754 1947 2793 dehoc
1977 2751 2182 2804 nihil-habeo

1150 2809 1266 2847 praeter
1279 2807 1390 2844 relata,
1406 2807 1484 2848 quia
1497 2806 1668 2837 Hecataeus
1679 2799 1874 2842 Hegesandri
1886 2798 1970 2830 filius
1987 2798 2020 2829 in
2035 2798 2180 2851 historiis

1149 2854 1194 2886 ait
1210 2854 1327 2895 inJuria
1342 2866 1349 2884 ε
1367 2853 1584 2886 Athenienses
1600 2851 1686 2883 enim
1714 2856 1815 2889 quum
1832 2845 1980 2878 viderent
1999 2854 2161 2885 regionem
2173 2869 2183 2885 ‚

1148 2910 1246 2942 quam
1260 2901 1324 2933 iliis
1341 2901 1403 2933 sub
1417 2901 1570 2940 Hymetto
1587 2895 1797 2929 habitandam
1815 2892 1980 2932 dederant,
1996 2892 2179 2924 mercedem

1148 2948 1233 2980 muri
1249 2949 1336 2980 circa
1350 2956 1455 2980 arcem
1472 2947 1574 2985 ducti,
1592 2945 1673 2976 bene
1685 2941 1862 2979 excultam,
1873 2948 1976 2980 quum
1992 2939 2081 2981 prius
2097 2940 2181 2972 mala

1149 2996 1265 3028 fuisset
1288 2998 1320 3027 et
1349 2994 1471 3026 nullius
1499 2992 1611 3034 pretii,
1637 2991 1738 3022 livore
1759 2989 1871 3029 captos
1886 2986 1988 3019 fuisse
2012 2987 2046 3019 et
2070 2995 2180 3019 amore

1148 3045 1243 3075 terrae
1269 3042 1443 3080 habendae3
1469 3042 1501 3072 et
1523 3039 1567 3071 ita
1583 3038 1727 3078 exegisse
1748 3036 1834 3074 illos,
1856 3034 1980 3066 nullam
1995 3033 2091 3065 aliam
2111 3043 2180 3075 spe-

1148 3089 1231 3120 ciem
1259 3088 1473 3129 praetexentes
1501 3084 1724 3117 Athenienses.
1742 3096 1759 3111 u
1789 3082 1856 3123 Ipsi
1875 3089 1954 3113 vero
1968 3080 2179 3113 Athenienses

1146 3136 1218 3176 jure
1231 3145 1266 3168 se
1282 3135 1355 3167 illos
1371 3133 1536 3175 expulisse
1551 3131 1764 3164 contendunt.

1445 3226 1600 3266 LIBER
1629 3223 1885 3273 QUARTUS.

1624 3284 1713 3322 363.

1191 3339 1306 3379 Mygisi
1315 3362 1323 3377 ,
1342 3338 1419 3370 urbs
1437 3337 1542 3370 Cariae
1550 3361 1557 3368 .
