2294 3704
936 131 1004 169 DE
1030 130 1134 168 XAN
1141 130 1260 170 ΤΗΟ.

49 242 97 266 an
130 224 306 276 Dionysii
353 218 691 273 Scytobrachiouis
704 245 715 265 ‚
748 217 837 268 qui,
878 225 922 255 ut
961 219 1072 254 Artea

50 299 140 325 mon
181 282 400 329 contendit,
433 278 503 318 sub
530 276 680 316 Xanthi
719 275 877 314 nomine
904 274 1074 325 Lydiaca

50 341 326 395 composuerit.
340 339 491 378 Etenim
508 336 714 375 Athenaeus
731 335 792 387 (fr.
813 333 887 384 19),
901 333 968 371 ubi
983 333 1075 370 dicit

51 402 168 453 Lydis
185 399 317 439 deberi
339 396 500 435 feminas
521 393 715 432 castrandi
732 394 953 437 inventum,
975 390 1073 429 sub-

47 461 134 513 jicit
152 474 162 500 ε
185 461 233 502 ὡς
253 459 381 510 ἱστορεῖ
403 453 550 500 Ξάνθος,
567 451 591 499 ἢ
613 455 632 492 ὁ
648 453 695 496 εἷς
713 451 817 490 αὐτὸν
831 450 892 494 τὰς
907 452 1076 503 ἀναφερο-

52 518 159 571 μένας
177 514 328 569 iti-topia<
347 509 608 566 συγγεγραφὼς,
627 509 804 553 Διονύσιος
823 511 842 548 ὁ
861 507 1074 561 Σκυτοὸρα-

52 585 160 631 χιων,
187 576 234 618 ὡς
259 571 435 626 Ἀρτέμων
455 570 560 625 φησὶν
581 572 600 609 ὁ
618 567 843 623 Κασανδρεὺς
870 569 905 606 ἐν
929 569 980 621 τῷ
995 565 1075 619 περὶ

53 634 256 686 συναγωγῆς
292 629 449 684 βιὸλίων.
499 631 713 667 Creuzerus
726 657 736 675 ,
773 626 951 679 quamvis
982 625 1078 663 certi

52 692 264 744 quidquam
287 690 335 728 de
358 689 431 727 hac
456 701 499 726 re
520 687 638 726 statui
659 699 773 738 posse
788 693 924 736 neget,
950 692 1078 722 tamen

52 758 214 803 propter
237 748 466 787 Athenaeum
488 759 597 784 suam
618 744 667 783 ab
679 744 901 783 Artemonis
914 742 1079 782 auctori-

53 817 131 848 tate
152 807 376 859 opinionem
393 805 680 856 sejungentem,
704 803 842 842 deinde
861 815 954 840 vero
985 814 1080 853 pro-

53 875 140 920 pter
147 865 319 916 Dionysii
327 862 669 903 Halicarnassensis
677 862 724 900 de
731 862 905 913 Xantho]
910 861 1086 899 udicium.

53 925 172 979 (quod
191 938 237 964 eo
257 923 414 975 majoris
435 922 654 961 faciendum
673 935 755 960 esse
773 922 978 967 existimat,
1000 932 1079 971 quo

54 985 180 1024 minus
191 984 256 1022 ille
272 983 412 1035 spuriis
426 982 536 1021 libris
555 981 704 1033 imponi
717 981 792 1019 sibi
817 994 951 1032 passus
966 979 1079 1030 esset)

55 1045 217 1098 pronior
236 1052 293 1082 est
306 1044 346 1081 in
356 1056 441 1081 eam
454 1041 698 1088 sententiam,
715 1049 759 1079 ut
770 1040 938 1091 Lydiaca
951 1048 1080 1078 nostra

55 1105 219 1158 genuina
240 1112 371 1155 putet,
398 1117 470 1141 nec
491 1116 513 1141 a
533 1102 689 1141 serioris
716 1102 786 1140 aevi
806 1102 963 1139 homine
984 1114 1079 1151 pro-

55 1164 165 1201 secta.
191 1164 359 1201 Alteram
379 1162 604 1201 sententiam
622 1160 788 1212 probare
807 1161 954 1199 studuit
969 1159 1079 1200 Wel-

57 1223 191 1262 ckerus
209 1223 248 1263 in
265 1222 447 1262 Seebodii
468 1223 614 1260 Archiv.
641 1221 754 1269 1830,
776 1234 814 1272 p.
833 1235 881 1269 70
900 1234 983 1272 sqq.
1002 1223 1083 1258 Nec

55 1295 230 1334 possum,
251 1281 344 1333 quin
366 1294 414 1319 ex
428 1281 557 1319 animo
574 1281 609 1319 ei
625 1281 821 1319 assentiar.
854 1283 953 1318 Nam
978 1278 1083 1330 quod

57 1341 265 1379 Athenaeus
275 1340 474 1378 Artemoni
489 1341 652 1391 opponit
665 1340 806 1377 nullius
819 1346 875 1376 est
885 1337 1084 1376 momenti.

57 1399 252 1438 Nimirum
301 1407 389 1449 post
432 1397 553 1436 verba
594 1398 710 1436 modo
747 1396 901 1435 laudata
939 1396 1083 1447 pergit:

58 1458 191 1509 ἀγνοῶν
205 1457 271 1508 (sc.
287 1455 480 1510 Ἀρτέμων)
491 1455 544 1494 ὅτι
559 1455 710 1510 Ἔφορος
723 1458 740 1494 ὃ
754 1453 971 1509 συγγραφεὺς
990 1469 1085 1505 μνη-

59 1514 197 1567 μονεύει
235 1516 340 1553 αὐτοῦ
370 1517 418 1558 ὣς
446 1515 678 1570 παλαιοτέρου
706 1513 802 1558 ὄντος
827 1512 887 1552 καὶ
907 1510 1085 1566 Ἡροδότῳ

58 1573 121 1618 τὰς
148 1572 309 1627 ἀφορμὰς
334 1571 532 1617 δεδωκότος.
572 1574 750 1612 Profecto
781 1586 895 1610 nemo
928 1571 1086 1622 negabit

60 1633 248 1672 exstitisse
274 1633 475 1670 Xanthum
495 1633 696 1683 antiquum
718 1631 1085 1683 historiographum,

60 1704 292 1742 quamquam
302 1691 399 1729 illud
414 1691 518 1742 quod
530 1691 714 1742 Ephorus
728 1691 822 1728 dicit
837 1690 885 1728 de
898 1690 952 1737 vi,
970 1703 1085 1741 quam

59 1750 100 1788 in
129 1749 372 1788 Herodotum
401 1749 546 1788 Xanthi
569 1763 668 1802 opus
693 1749 925 1796 exercuerit,
956 1749 1087 1787 nescio

61 1821 110 1846 an
133 1816 254 1857 recte,
282 1808 322 1846 in
355 1808 517 1847 dubium
547 1810 698 1847 vocavit
727 1809 1002 1848 Dahlmannus.
1014 1808 1088 1860 (De

61 1866 262 1906 Herodoto
285 1880 325 1918 p.
351 1868 450 1919 121).
471 1866 576 1916 Quid
593 1880 684 1906 vero
703 1868 778 1906 hoc
799 1866 976 1918 impedit,
993 1866 1087 1918 quin

63 1934 197 1977 postea
206 1926 412 1977 Dionysius
423 1926 745 1978 Scytobrachion,
756 1939 834 1963 non
846 1938 924 1966 uno
933 1925 1088 1963 nomine

62 1985 136 2022 ille·
154 1985 441 2037 suspectus(1),
478 1994 549 2023 aut>
571 1998 715 2023 novum
745 1985 859 2036 plane
895 1997 993 2035 opus
1015 1982 1087 2022 sub

62 2043 212 2083 Xanthi
238 2044 394 2082 nomine
414 2044 569 2091 ederet,
593 2052 661 2083 aut
689 2053 800 2082 vetus
823 2043 920 2082 illud
940 2043 1089 2082 Xanthi

64 2110 266 2153 tantopere
282 2102 555 2154 interpolaret,
574 2112 615 2141 ut
631 2103 834 2154 pristinam
855 2103 935 2153 ejus
954 2102 1089 2142 faciem

64 2174 142 2198 non
165 2161 329 2212 amplius
351 2175 482 2212 posses
501 2164 736 2213 agnoscere?
765 2161 974 2212 Complura
997 2162 1087 2211 qui-

65 2220 152 2259 dem
162 2221 263 2259 inter
270 2221 481 2272 fragmenta
499 2230 720 2269 occurrunt,
731 2234 817 2273 quae
826 2221 1032 2272 quominus
1042 2235 1090 2259 ex

64 2293 156 2317 vero
175 2279 332 2318 Xantho
354 2280 586 2332 deprompta
605 2289 785 2332 putemus
804 2293 882 2317 non
897 2279 1015 2318 modo
1034 2280 1089 2318 nil

66 2337 213 2385 obstat,
241 2339 309 2377 sed
327 2347 529 2390 tantopere
555 2339 677 2390 sigillo
697 2339 776 2377 veri
795 2347 834 2377 et
851 2339 1090 2390 antiquitatis

66 2397 213 2448 signata
231 2405 339 2445 sunt,
358 2406 400 2435 ut
425 2397 591 2435 libenter
626 2410 674 2435 eas
688 2398 796 2447 Lydo
813 2406 946 2436 nostro
962 2397 1091 2436 vindi-

67 2455 212 2493 caveris
230 2470 238 2492 :
258 2456 325 2493 illa
345 2456 433 2494 dico
450 2470 532 2507 quae
548 2457 761 2507 fragmento
781 2457 918 2502 tertio,
937 2465 1090 2507 quarto,

68 2513 224 2564 quinto,
259 2523 395 2552 octavo
417 2529 467 2552 ex
490 2514 679 2554 Strabone
700 2515 984 2566 exscripsimus.
1016 2516 1091 2554 Sed

68 2585 186 2622 quum
210 2572 255 2610 fr.
284 2574 305 2610 3
327 2574 466 2612 Strabo
482 2574 632 2613 disertis
651 2574 781 2612 verbis
797 2574 1091 2613 Eratosthenem

71 2640 262 2683 tamquam
293 2633 439 2672 sontem
467 2647 578 2672 suum
601 2634 751 2683 laudet,
782 2634 887 2673 haud
914 2647 1011 2673 vana
1035 2645 1093 2674 est

72 2692 257 2730 Welckeri
279 2693 460 2744 suspicio,
479 2702 605 2731 cetera
621 2707 789 2744 quoque,
808 2707 894 2745 quae
913 2694 1052 2732 Strabo
1072 2708 1093 2733 e

73 2751 225 2789 Xantho
242 2761 535 2799 commemorat,
557 2766 605 2790 ex
628 2753 762 2791 eodem
779 2753 933 2791 fluxisse
949 2756 1092 2792 Erato-

71 2809 217 2858 sthene,
241 2811 308 2861 qui
324 2811 663 2862 Scytobrachione,
681 2812 819 2864 aequali
836 2812 915 2851 fere
930 2814 1093 2865 Apollo-

76 2869 167 2916 lori,
189 2871 318 2920 paullo
338 2871 534 2921 antiquior
554 2871 638 2909 suit.

124 2928 253 2966 Restat
268 2929 476 2979 Dionysius
490 2929 850 2980 Halicarnassensis‚
865 2942 886 2967 a
902 2942 979 2980 quo
991 2933 1095 2968 Xan-

73 2985 160 3023 thus
186 2986 413 3036 praedicatur
436 2986 589 3041 ἱστορίας
615 2988 769 3031 παλαιᾶς
793 2988 823 3025 εἷ
842 2986 903 3026 καί
913 3004 972 3032 ιτις
991 2987 1096 3033 ἄλλος

72 3041 231 3097 ἔμπειρος
248 3044 308 3093 ὢν,
325 3048 387 3091 τῆς
403 3044 440 3084 δὲ
456 3045 606 3100 πατρίου
619 3045 678 3084 καὶ
695 3045 891 3098 βεὸαιωτὴς
905 3045 946 3085 ἂν
961 3047 1096 3091 οὐδενὸς

73 3100 313 3157 ὑποδεέστερος
331 3104 517 3155 νομισθείς.
547 3109 648 3143 Laus
662 3105 883 3156 magnifica,
909 3119 997 3157 quae
1016 3121 1094 3144 non

73 3159 209 3199 cadere
225 3162 402 3217 videatur
420 3164 460 3200 in
474 3163 741 3214 impostorem.
772 3165 823 3202 At
849 3164 974 3202 eidem
1002 3165 1095 3202 Dio-

75 3219 185 3268 nysio
198 3220 244 3272 (I,
258 3227 321 3271 49,
341 3221 406 3272 72)
424 3222 620 3273 Cephalon
637 3222 861 3274 Gergithius
879 3224 1023 3275 ἀρχαῖος
1038 3232 1094 3261 est

115 3304 161 3345 (1)
178 3307 220 3338 V.
233 3307 426 3340 Welcker.l.
437 3306 473 3348 l.,
485 3307 541 3340 ubi
550 3308 680 3341 disserit
695 3308 872 3341 admodum
888 3309 1042 3349 sagaciter
1056 3309 1095 3341 de

77 3350 221 3393 Dionysii
235 3354 441 3395 cognomine,
455 3356 489 3387 et
501 3355 535 3387 in
549 3355 632 3387 libro
642 3355 682 3388 de
691 3356 791 3396 Cyclo
801 3357 896 3388 Hom.
909 3365 939 3396 p.
959 3359 1010 3395 82,
1022 3365 1092 3397 sqq.

2084 139 2156 167 xxt

1133 215 1192 254 καὶ
1214 215 1318 268 λόγου
1342 214 1434 261 ἄξιος
1454 213 1681 269 συγγραφεύς.
1711 214 1833 265 Igitur
1852 213 1915 252 hic
1934 226 2088 264 quoque
2101 228 2159 253 re-

1133 275 1372 325 pudiandum
1387 275 1459 313 erit
1468 274 1729 313 testimonium
1737 273 1912 313 Athenaei
1923 274 2006 323 (IX,
2011 286 2053 326 p.
2069 274 2158 325 393,

1133 337 1199 386 D),
1214 338 1281 388 qui
1293 339 1446 384 Troica,
1459 351 1541 389 quae
1553 337 1956 389 Cephalionismomen
1973 337 2013 375 in
2033 338 2160 376 fronte

1134 396 1327 434 habebant
1339 426 1349 445 ,
1384 396 1433 434 ab
1465 398 1741 448 Hegesianacte
1773 411 1819 436 ex
1851 396 2083 435 Alexandria
2120 398 2161 435 in

1135 455 1304 504 Troade,
1324 455 1510 494 histrione
1530 458 1636 504 olim,
1658 465 1795 508 postea
1807 465 1923 507 poeta
1939 455 2027 509 (III,
2042 470 2080 508 p.
2097 457 2161 500 80,

1135 518 1184 562 D;
1199 517 1264 560 IV,
1274 528 1312 565 p.
1328 528 1341 551 1
1353 514 1415 561 55,
1431 514 1488 565 B),
1504 516 1677 554 confecta
1691 530 1774 555 esse
1790 515 1962 554 affirmat.
1972 518 2021 553 Et
2034 523 2162 553 tamen

1134 573 1377 611 verissimum
1391 580 1460 620 est,
1480 574 1585 623 quod
1600 585 1730 614 monet
1747 575 1984 623 Welckerus,
2002 573 2160 612 dubita-

1137 632 1283 671 tionem
1307 631 1355 669 de
1372 629 1577 682 γνησιότητι
1596 634 1723 683 operis
1740 634 1900 683 alicujus
1914 633 1963 672 ab
1983 647 2062 671 uno
2077 641 2164 671 tan-

1139 699 1219 728 tum
1237 690 1409 728 alterove
1427 690 1613 740 prolatam
1628 691 1667 728 in
1689 692 1764 730 hoc
1786 705 1905 743 genus
1925 692 2164 742 disquisitio-

1137 748 1251 787 nibus
1278 749 1402 787 multo
1414 747 1570 798 majoris
1585 762 1666 787 esse
1679 750 1904 798 faciendam,
1917 764 2032 801 quam
2048 751 2164 789 silen-

1139 809 1235 847 tium
1254 807 1513 846 multitudinis
1531 808 1572 845 in
1596 808 1797 846 titulorum
1813 811 2041 848 auctoritate
2059 810 2165 849 bona

1139 868 1213 906 fide
1235 865 1525 918 acquiescentis.
1556 866 1670 913 Quod
1694 867 1725 904 si
1744 868 1784 905 in
1805 869 2028 906 universum
2052 870 2165 920 valet,

1139 939 1267 964 nonne
1277 934 1383 964 tanto
1396 924 1521 963 acrius
1531 924 1785 963 insistendum
1801 935 1870 973 est,
1885 926 1950 964 ubi
1963 927 2164 966 falsitatem

1140 985 1230 1023 libri
1251 983 1412 1035 alicujus
1448 984 1657 1021 asseverari
1675 984 1848 1022 videmus
1872 998 1894 1022 a
1911 986 2008 1033 viro,
2031 988 2099 1037 qui
2125 995 2166 1024 ut

1139 1045 1322 1082 Artemon
1356 1056 1474 1094 opere
1499 1056 1569 1081 suo
1599 1041 1679 1095 περὶ
1711 1042 1854 1095 βιὸλίων
1885 1047 2090 1095 συναγωγῆς
2120 1058 2167 1083 ex

1141 1102 1315 1153 professo
1338 1102 1376 1139 in
1399 1102 1496 1140 hanc
1521 1115 1602 1139 rem
1626 1101 1868 1152 inquisivisse
1884 1102 2077 1152 putandus
2095 1106 2168 1141 est?

1140 1164 1194 1198 At
1205 1173 1328 1210 neque
1338 1161 1560 1211 Dionysius,
1581 1159 1736 1207 dixeris,
1754 1172 1887 1210 passus
1903 1168 1959 1198 est
1978 1160 2051 1198 sibi
2067 1161 2169 1199 falsis

1140 1218 1248 1257 libris
1264 1220 1423 1270 imponi.
1447 1219 1563 1268 Quod
1575 1218 1704 1256 nescio
1721 1218 1916 1269 quomodo
1934 1218 2169 1270 probaturus

1142 1279 1204 1316 sis.
1230 1279 1328 1317 Nolo
1361 1278 1489 1317 denuo
1512 1278 1680 1317 excitare
1703 1277 2000 1328 Cephalionem3
2031 1292 2171 1318 verum

1142 1350 1222 1374 non
1276 1337 1388 1374 anxie
1427 1336 1659 1387 Dionysium
1701 1344 1877 1374 veterum
1937 1337 2171 1387 scriptorum

1144 1396 1256 1434 fidem
1279 1405 1317 1434 et
1331 1396 1532 1436 veritatem
1551 1397 1589 1434 in
1613 1409 1774 1434 examen
1790 1409 1965 1442 vocasse,
1993 1396 2059 1433 sed
2080 1396 2171 1433 satis

1143 1454 1323 1493 habuisse
1343 1455 1382 1493 in
1408 1456 1570 1494 aliorum
1593 1454 1742 1506 judicio
1772 1455 2034 1505 acquiescere,
2065 1455 2173 1492 locus

1143 1514 1267 1565 arguit
1280 1515 1514 1552 aWelckero
1528 1515 1663 1552 allatus
1677 1526 1724 1550 ex
1739 1513 1841 1551 libro
1853 1513 1900 1551 de
1911 1513 2030 1551 Thuc.
2043 1527 2079 1564 p.
2096 1514 2172 1558 864

1144 1574 1272 1621 Reisk.
1295 1588 1303 1611 :
1327 1572 1421 1613 Οὐδὲ
1439 1572 1507 1627 γὰρ
1522 1571 1751 1618 διασώζονται
1771 1574 1841 1610 τῶν
1855 1571 2025 1610 πλειόνων
2038 1574 2073 1610 αἱ
2087 1587 2174 1627 γρα-

1145 1631 1207 1686 <poti
1225 1631 1331 1686 μέχρι
1348 1634 1418 1670 τῶν
1438 1632 1516 1671 καθ’
1536 1636 1634 1684 ἡμᾶς
1646 1630 1796 1685 χρόνων,
1813 1630 1884 1669 οὔθ’
1904 1632 1939 1668 αἱ
1955 1629 2174 1682 διασωζόμε-

1144 1706 1203 1730 ναι
1219 1690 1316 1745 παρὰ
1334 1697 1441 1730 πᾶσιν
1455 1693 1502 1736 ὡς
1517 1691 1657 1729 ἐκείνων
1672 1685 1772 1729 οῧσαι
1787 1692 1857 1728 τῶν
1880 1690 2012 1743 ἀνδρῶν
2026 1689 2172 1728 πιστεύυ

1146 1764 1254 1788 ονται·
1284 1750 1320 1788 ἐν
1346 1743 1401 1793 αῖς
1429 1751 1514 1788 εἰσιν
1542 1748 1582 1788 αἵ
1604 1765 1642 1788 τε
1667 1749 1816 1801 Κάδμου
1832 1752 1893 1787 τοῦ
1917 1748 2095 1795 Μιλησίου
2115 1749 2174 1787 καὶ

1146 1807 1323 1862 Ἀριστέου
1351 1812 1412 1847 τοῦ
1443 1807 1707 1863 Προκοννησίου
1733 1807 1794 1847 καὶ
1818 1809 1888 1846 τῶν
1915 1806 2174 1860 παραπλησίων

1146 1866 1292 1906 τούτων.
1317 1871 1439 1907 Nemo
1463 1869 1639 1919 profecto
1660 1881 1708 1905 ex
1736 1867 1841 1905 hisce
1866 1865 1996 1905 verbis
2019 1875 2177 1904 contra-

1147 1927 1244 1965 riam
1273 1928 1500 1966 sententiam
1528 1941 1663 1966 eruere
1687 1926 1868 1964 voluerit.
1904 1926 2042 1976 Itaque
2068 1925 2175 1976 quod

1146 1986 1329 2024 Xanthus
1354 1987 1586 2037 praedicatur
1611 1985 1764 2039 ἱστορίας
1789 1985 1819 2022 εἷ
1843 1983 1903 2022 καί
1919 1999 1971 2027 τις
1989 1983 2092 2028 ἄλλος
2108 1982 2177 2035 ἔμ-

1146 2059 1277 2099 πειρος,
1294 2045 1335 2082 id
1358 2046 1411 2083 ita
1425 2045 1695 2096 explicandum
1711 2057 1793 2082 esse
1806 2044 1971 2091 videtur,
1990 2052 2033 2081 ut
2048 2057 2177 2081 rerum

1149 2104 1406 2155 mythicarum
1441 2105 1725 2155 expositionem
1738 2132 1748 2151 ,
1784 2103 1935 2153 qualem
1969 2102 2176 2152 Dionysius

1148 2164 1451 2214 Scytobrachion
1471 2163 1699 2209 sectabatur,
1712 2163 1816 2200 haud
1833 2162 2044 2200 absimilem
2063 2162 2178 2200 fuisse

1148 2224 1203 2262 illi
1218 2224 1430 2271 credamus,
1451 2223 1559 2274 cujus
1580 2224 1663 2274 ipse
1680 2222 2027 2261 Halicarnassensis
2042 2222 2082 2259 in
2102 2224 2178 2260 An-

1150 2282 1391 2334 tiquitatibus
1412 2283 1595 2321 Romanis
1609 2282 1803 2320 luculenta
1819 2281 1940 2319 edidit
1953 2281 2175 2332 specimina.

1149 2346 1335 2380 Praeterea
1355 2342 1620 2392 Mytilenensis
1642 2341 1731 2379 satis
1748 2341 1865 2379 multa
1885 2349 2060 2378 veterum
2079 2340 2176 2378 scri-

1150 2409 1306 2452 ptorum
1334 2400 1506 2438 subsidia
1532 2401 1581 2438 ad
1603 2400 1745 2438 librum
1762 2413 1874 2438 suum
1893 2398 2177 2437 contexendum

1150 2459 1372 2498 adhibuisse
1398 2468 1542 2511 potest,
1573 2468 1616 2497 ut
1641 2458 1869 2497 eruditionis
1898 2458 2012 2496 laude
2039 2457 2176 2507 dignus

1150 2519 1347 2558 videretur
1365 2534 1373 2556 ε
1395 2519 1500 2569 quod
1533 2527 1639 2556 tanto
1667 2517 1907 2570 probabilius
1931 2525 2007 2566 est,
2029 2523 2176 2566 quanto

1151 2579 1270 2630 magis
1285 2578 1630 2617 Halicarnassensis
1651 2591 1729 2614 non
1746 2585 1823 2614 tam
1843 2589 1969 2614 veram
1985 2574 2175 2624 Lydiam-—

1152 2651 1237 2676 rum
1266 2637 1538 2688 antiquitatum
1559 2636 1820 2688 cognitionem
1839 2642 2026 2685 spectasse
2041 2633 2176 2670 existi--

1152 2696 1314 2735 mandus
1334 2705 1391 2734 est
1409 2709 1524 2747 quam
1544 2709 1673 2733 rerum
1693 2702 1933 2732 narratarum
1954 2690 2174 2729 multitudi-

1152 2769 1252 2794 nem.
1265 2755 1375 2792 Adde
1386 2755 1485 2805 Lydi
1516 2754 1682 2792 auctoris
1695 2766 1833 2790 nomen
1846 2751 2046 2788 oculorum
2057 2749 2178 2788 aciem

1153 2815 1450 2865 praestrinxisse,
1479 2823 1593 2864 atque
1620 2813 1867 2850 historiarum
1900 2810 2178 2850 obscuritatem

1153 2887 1288 2911 verum
1311 2873 1359 2911 de
1377 2887 1509 2912 earum
1531 2872 1604 2910 fide
1623 2870 1814 2922 judicium
1839 2868 2049 2907 reddidisse
2073 2869 2179 2907 disfi-

1153 2933 1349 2971 cillimum.

1208 2991 1357 3040 Quodsi
1370 2991 1486 3041 igitur
1495 3003 1542 3026 ex
1554 2989 1623 3025 hac
1636 2995 1746 3039 parte
1754 2986 1977 3025 Artemonis
1989 2987 2179 3025 sententia

1155 3063 1233 3087 non
1264 3050 1387 3100 possit
1410 3047 1588 3098 infringi,
1622 3047 1714 3098 ipsis
1744 3046 1965 3097 fragmentis
1995 3059 2039 3084 ea
2063 3059 2179 3097 quam

1155 3110 1318 3150 maxime
1351 3106 1620 3146 consolidatur.
1660 3106 1828 3144 Plurima
1861 3119 1947 3157 quae
1988 3105 2036 3143 de
2063 3118 2109 3143 ea
2136 3118 2179 3142 re

1154 3170 1376 3207 Welckerus
1389 3168 1428 3204 in
1443 3166 1608 3203 medium
1627 3166 1787 3217 protulit
1797 3166 1843 3203 ad
1856 3166 2067 3217 fragmenta
2077 3177 2177 3215 pau-

1152 3228 1207 3266 cis
1222 3226 1300 3277 jam
1318 3225 1500 3263 indicavi.
1531 3228 1661 3271 Quare
1683 3224 1746 3261 hic
1767 3223 1920 3261 nonnisi
1942 3223 2096 3274 potiora
2117 3230 2178 3259 at-

1156 3286 1310 3336 tingam.
1332 3287 1438 3322 Inter
1452 3296 1496 3321 ea
1511 3282 1788 3320 numerandum
1807 3290 1879 3329 est,
1894 3281 2000 3332 quod
2013 3280 2176 3320 Lesches

1154 3344 1353 3383 Arctinum
1392 3342 1525 3380 vicisse
1555 3348 1735 3379 narratur
1765 3340 1998 3391 Olympiade
2029 3339 2175 3377 dec-ima
