2320 3684
669 136 992 178 APOLLODORI
1022 136 1373 177 BIBLIOTHECAE
1401 139 1446 185 A,
1479 144 1558 177 1-3.

403 226 651 259 ΚΕΦΑΛΑΙΟΝ
671 226 710 257 Β.

100 293 152 346 (1)
187 291 335 340 Ἐπειδὴ
370 291 407 330 δὲ
439 290 526 334 Ζεὺς
557 288 703 342 ἐγενήθη
728 287 879 337 τέλειος,
904 287 1079 339 λαμὸάνει

45 354 183 401 Μῆτιν,
216 351 280 399 τὴν
307 351 500 399 Ὠκεανοῦ,
527 363 607 387 συνε
629 346 710 399 γόν·
734 346 757 394 ἣ
792 346 914 385 δίδωσι
951 345 1079 400 Κρόνῳ

45 415 228 449 καταπιεῖν
265 408 468 463 φάρμακον,
501 406 558 460 ὑφ’
586 421 625 444 ου
657 407 785 449 ἐκεῖνος
821 404 1051 457 ἀναγκασθεὶς
1067 434 1078 454 ,

45 470 184 523 πρῶτον
221 467 284 520 μὲν
316 467 430 518 ἐξεμεῖ
455 465 514 504 τὸν
541 464 656 514 λίθον,
688 463 810 503 ἔπειτα
834 463 913 508 τοὺς
938 464 1077 517 παῖδας,

46 527 104 572 οὒς
122 526 284 566 κατέπιε·
303 525 378 578 μεθ’
394 518 442 564 ὧν
461 523 548 568 zebe
563 523 622 563 τὸν
638 523 725 578 πρὸς
741 522 873 577 Κρόνον
888 522 947 561 καὶ
964 525 1079 563 Tma-

45 602 107 630 νας
116 585 277 638 ἐξήνεγκε
285 583 451 635 πόλεμον.
465 583 482 608 ²
491 581 717 635 Μαχομένων
727 581 764 621 δὲ
775 582 890 620 αὐτῶν
905 579 1080 624 ἐνιαυτοὺς

47 645 151 695 δέκα,
170 648 193 693 ἡ
208 645 261 692 Γῆ
276 645 328 697 τῷ
335 642 392 682 Διὶ
401 641 532 696 ἔχρησε
549 641 613 689 τὴν
633 640 834 691 νίκην,τοὺς
852 656 1080 695 καταταρτα-

48 703 220 758 ρωθέντας
241 701 282 741 ἂν
307 700 373 754 ἔχῃ
399 700 628 754 συμμάχους·
649 702 668 739 ὃ
695 699 751 750 δὲ,
779 698 841 747 τὴν
862 703 1078 754 φρουροῦσαν

47 764 161 802 αὐτῶν
174 763 220 801 τὰ
230 759 343 812 δεσμὰ
355 759 513 812 Κάμπην
532 758 752 808 ἀποκτείνας,
764 757 879 799 ἔλυσε.
895 759 912 785 ³
921 757 992 797 Καὶ
1007 757 1082 798 Κύ-

46 822 184 865 κλωπες
210 819 290 859 τότε
308 818 366 859 Διὶ
392 818 456 871 μὲν
475 817 610 857 διδόασι
637 817 784 873 βροντὴν
809 817 869 856 καὶ
895 815 1079 872 ἀστραπὴν

47 879 108 919 καὶ
138 878 325 934 κεραυνὸν,
358 877 546 917 Πλούτωνι
579 876 616 916 δὲ
643 876 792 927 κυνέην,
823 877 1020 916 Ποσειδῶνι
1044 875 1081 915 δὲ

46 937 216 992 τρίαιναν.
239 938 311 977 4οἱ
323 935 359 975 δὲ
377 935 512 980 τούτοις
535 935 756 980 ὁπλισθέντες
775 938 944 990 κρατοῦσι
964 937 997 974 Τ
1002 935 1081 975 ιτά-

45 1012 134 1046 νων,
153 996 213 1035 καὶ
237 994 475 1050 καθείρξαντες
498 994 622 1039 αὐτοὺς
649 996 684 1034 ἐν
708 997 760 1049 τῷ
777 993 976 1048 Ταρτάρῳ,
1001 993 1082 1039 τοὺς

46 1054 321 1109 Ἑκατόγχειρας
339 1054 555 1094 καθίστασαν
576 1053 744 1109 φύλακας·
765 1053 864 1092 αὐτοὶ
875 1052 912 1092 δὲ
929 1055 1081 1101 διακλη-

44 1119 188 1170 ροῦνται
207 1114 287 1169 περὶ
304 1117 367 1162 τῆς
390 1115 522 1169 ἀρχῆς,
542 1114 602 1153 καὶ
625 1113 798 1167 λαγχάνει
821 1112 909 1157 Ζεὺς
935 1111 998 1165 μὲν
1017 1113 1080 1162 τὴν

47 1175 83 1213 ἐν
103 1175 239 1228 οὐρανῷ
257 1172 482 1222 δυναστείαν,
500 1173 682 1213 Ποσειδῶν
701 1171 738 1211 δὲ
754 1171 818 1220 τὴν
839 1173 874 1211 ἐν
899 1171 1059 1226 θαλάσσῃ
1070 1203 1081 1222 ,

47 1231 219 1273 Πλούτων
243 1231 279 1272 δὲ
297 1231 361 1280 τὴν
379 1233 414 1271 ἐν
432 1230 510 1286 ᾅδῃ.

102 1293 154 1344 (2)
183 1290 373 1343 Ἐγένοντο
399 1290 436 1329 δὲ
464 1290 627 1330 Τιτάνων
654 1289 792 1342 ἔκγονοι
810 1290 984 1330 Ὠκεανοῦ
1019 1288 1082 1341 μὲν

48 1350 108 1389 καὶ
137 1348 276 1398 Τηθύος
304 1349 529 1403 [τρισχίλιαι]
564 1348 786 1398 Ὠκεανίδες,
818 1348 935 1398 Ἀσία,
971 1347 1083 1399 Στὺξ,

49 1407 248 1462 Ἠλέκτρα,
269 1406 403 1462 Δωρὶς,
428 1405 639 1461 Εὐρυνόμη,
663 1406 889 1461 [Ἀμφιτρίτη
900 1407 927 1458 ,]
949 1409 1082 1454 Μῆτις·

49 1467 158 1507 Κοίου
179 1467 217 1506 δὲ
234 1467 296 1506 καὶ
313 1466 452 1515 Φοίὸης
470 1465 635 1520 Ἀστερία
655 1465 715 1504 καὶ
735 1465 862 1514 Λητώ·
881 1465 1085 1520 εΥπερίονος

49 1524 87 1564 δὲ
111 1525 171 1565 καὶ
197 1525 306 1569 Θείας
339 1524 453 1574 Ἠὼς,
473 1523 618 1574 “Ήλιος,
644 1523 807 1572 Σελήνη·
833 1524 944 1579 Κρίου
967 1524 1004 1563 δὲ
1022 1524 1084 1563 καὶ

50 1585 227 1640 Εὖρυὸίας
250 1587 314 1632 τῆς
345 1585 482 1624 Πόντου
512 1584 710 1638 Ἀστραῖος,
738 1583 904 1632 Πάλλας,
928 1582 1082 1637 Πέρσης.

50 1644 105 1696 (3)
136 1644 297 1684 Ἰαπετοῦ
318 1641 354 1681 δὲ
373 1642 433 1681 καὶ
454 1642 571 1687 Ἀσίας
597 1645 660 1690 τῆς
686 1642 858 1682 Ὠκεανοῦ
881 1641 1025 1692 Ἄτλας,
1049 1643 1084 1687 ὃς

50 1700 124 1756 ἔχει
139 1707 210 1746 τοῖς
222 1700 331 1753 ὤμοις
346 1699 405 1739 τὸν
420 1699 578 1755 οὐρανὸν,
590 1700 650 1739 καὶ
665 1699 891 1755 Προμηθεὺς,
905 1701 965 1739 καὶ
981 1701 1085 1740 Ἐπι-

49 1761 196 1814 μηθεὺς,
215 1760 276 1799 καὶ
296 1759 495 1809 Μενοίτιος,
515 1759 552 1799 ὃν
572 1759 795 1814 κεραυνώσας
815 1761 850 1799 ἓν
866 1763 911 1813 τῇ
928 1762 1084 1800 Τιτανο-

51 1819 165 1873 μαχίᾳ
197 1816 283 1862 Ζεὺς
313 1818 636 1873 κατεταρτάρωσεν.
667 1818 723 1871 (4)
752 1818 918 1870 Ἐγένετο
958 1819 995 1858 δὲ
1023 1820 1082 1859 καὶ

50 1877 185 1932 Κρόνου
200 1877 260 1917 καὶ
275 1876 437 1931 Φιλύρας
453 1877 590 1932 Χείρων
608 1876 731 1931 διφυὴς
744 1876 961 1932 Κένταυρος·
977 1878 1084 1923 Ἠοῦς

50 1935 87 1976 δὲ
106 1937 165 1976 καὶ
183 1935 366 1991 Ἀστραίου
387 1935 529 1988 Ἄνεμοι
548 1936 608 1975 καὶ
628 1936 760 1990 Ἄστρα
772 1952 781 1961 ·
803 1936 943 1990 Πέρσου
964 1935 1000 1975 δὲ
1022 1937 1082 1976 καὶ

50 1995 230 2049 Ἀστερίας
261 1995 419 2043 Ἑκάτη·
453 1995 663 2039 Πάλλαντος
695 1995 732 2034 δὲ
766 1995 826 2034 καὶ
860 1995 995 2048 Στυγὸς
1021 2000 1084 2045 τῆς

39 2054 222 2094 ·Ὠκεανοῦ
236 2054 345 2103 Νίκη,
363 2053 519 2108 Κράτος,
536 2056 673 2104 Ζῆλος,
692 2054 773 2094 Βία.
794 2055 848 2107 (5)
882 2054 936 2094 Τὸ
964 2055 998 2094 δὲ
1020 2059 1084 2104 τῆς

49 2112 182 2165 Στυγὸς
202 2111 295 2166 ὕδωρ
316 2114 356 2151 ἐκ
378 2111 508 2166 πέτρας
530 2113 565 2151 ἐν
586 2111 692 2169 ᾍδου
717 2111 793 2167 ῥέον
815 2112 902 2157 Ζεὺς
918 2113 1080 2162 ἐποίησεν

49 2171 170 2226 ὅρκον,
189 2170 320 2219 ταύτην
341 2173 429 2225 αὐτῆ
445 2170 551 2223 τιμὴν
570 2170 699 2222 διδοὺς,
717 2172 791 2211 ἀνθ’
809 2166 858 2212 ὧν
879 2174 974 2226 αὐτῷ
991 2173 1083 2213 κατὰ

48 2231 212 2271 Τιτάνων
234 2229 324 2282 μετὰ
338 2233 408 2270 τῶν
427 2230 562 2269 παίδων
578 2230 815 2284 συνεμάχησε.

102 2291 158 2343 (6)
190 2288 329 2329 Πόντου
349 2288 386 2328 δὲ
418 2290 478 2328 καὶ
498 2292 571 2337 Γῆς
599 2289 764 2343 Φόρκος,
795 2290 969 2342 Θαύμας,
1000 2294 1082 2341 Νη-

36 2348 146 2403 Ἴρεὺς,
163 2348 340 2403 Εὒρυὸία,
358 2347 481 2396 Κητώ.
501 2347 715 2400 Θαύμαντος
732 2348 796 2401 μὲν
814 2344 874 2388 οῧν
896 2350 956 2389 καὶ
978 2351 1083 2391 Ἠλέ-

49 2423 154 2462 κτρας
183 2409 246 2454 τῆς
281 2407 455 2446 Ὠκεανοῦ
493 2400 576 2461 Ἶρις
610 2407 669 2446 καὶ
706 2407 893 2462 Ἅρπυιαι,
932 2410 1081 2460 Ἀελλὼ,

50 2464 253 2512 Ὠκυπέτη·
279 2463 423 2519 Φόρκου
458 2465 495 2504 δὲ
529 2465 589 2504 καὶ
619 2468 758 2514 Κητοῦς
787 2467 961 2521 Φορκίδες
989 2469 1081 2522 (καὶ)

49 2522 236 2577 Γοργόνες,
261 2523 341 2577 περὶ
364 2518 412 2562 ὧν
442 2525 607 2578 ἐροῦμεν,
637 2523 720 2563 ὅταν
748 2524 793 2563 τὰ
822 2524 914 2564 κατὰ
939 2526 1082 2580 Περσέα

49 2581 220 2634 λέγωμεν.
243 2583 297 2634 (7)
318 2582 464 2636 Νηρέως
496 2582 534 2621 δὲ
557 2583 618 2622 καὶ
639 2583 792 2638 Δωρίδος
821 2587 883 2632 τῆς
906 2585 1081 2626 Ὠκεανοῦ

50 2637 243 2695 Νηρηίδες,
261 2635 309 2680 ὧν
331 2641 375 2680 τὰ
394 2641 569 2693 ὀνόματα·
590 2642 779 2695 Κυμοθόη,
800 2643 940 2694 Σπειὼ,
960 2646 1080 2684 Γλαυ-

49 2696 172 2747 κοθόη,
187 2697 382 2748 Ναυσιθόη,
405 2699 522 2749 Ἁλίη,
548 2700 703 2755 Ἐρατὼ,
731 2701 830 2750 Σαὼ,
858 2702 1080 2757 Ἀμφιτρίτη,

51 2756 202 2807 Εὒνίκη,
226 2757 350 2806 Θέτις,
369 2757 568 2810 Εὐλιμένη,
587 2759 736 2811 Ἀγαυὴ,
754 2759 926 2814 Εὐδώρη,
947 2761 1080 2812 Δωτὼ,

51 2814 234 2870 Φέρουσα,
254 2815 449 2866 Γαλάτεια,
464 2818 606 2865 Ἀκταίη
617 2849 627 2867 ,
642 2818 937 2872 Ποντομέδουσα,
955 2819 1080 2860 Ἱππο-

51 2872 132 2922 θόη,
151 2874 404 2924 Λυσιάνασσα,
421 2875 556 2928 Κυμὼ,
573 2876 687 2924 Πιόνη
709 2877 850 2928 (Ἠϊόνη
861 2879 911 2932 Ρ),
932 2879 1081 2932 Ἁλιμή-

52 2931 107 2981 δη,
123 2933 331 2987 Πληξαύρη,
350 2935 532 2990 Εὖκράτη.
552 2935 706 2991 Πρωτὼ,
724 2937 897 2991 Καλυψὼ,
914 2938 1078 2988 Πανόπη,

51 2990 218 3043 Κραντὼ,
236 2990 432 3046 Νεόμηρις,
448 2993 635 3042 Ἱππονόη,
656 2994 850 3050 Δηϊάνειρα
862 3026 873 3044 ,
892 2997 1054 3045 Πολυνόη
1068 3029 1078 3048 ,

50 3048 206 3097 Αὐτονόη
216 3080 226 3098 ,
243 3050 381 3098 Μελίτη
392 3082 402 3100 ,
419 3051 536 3100 Διώνη
547 3084 557 3102 ,
573 3053 737 3102 Νησαίη,
751 3052 859 3108 Δηρὼ
872 3085 882 3104 ,
898 3056 1078 3110 Εὐαγόρη,

51 3106 229 3158 Ψαμάθη,
244 3109 431 3160 Εὐμόλπη,
451 3110 556 3159 Ἰόνη,
574 3114 775 3164 Δυναμένη,
793 3112 914 3163 Κητὼ,
934 3115 1079 3166 Λιμνώ-

51 3178 136 3217 ρεια.

525 3241 585 3251 ι-

406 3273 652 3305 ΚΕΦΑΛΑῙΟΝ
675 3275 709 3306 Γ.

102 3325 154 3379 (l)
172 3326 258 3372 Ζεὺς
287 3328 323 3367 δὲ
341 3337 446 3382 γαμεῖ
478 3331 540 3382 μὲν
557 3332 695 3387 “Ἠραν,
719 3334 777 3372 καὶ
796 3340 910 3373 τεκνοῖ
933 3333 1071 3383 ζἨίῧην,

2084 142 2159 179 105

1546 226 1684 259 CAPUT
1705 226 1748 258 11.

1175 299 1221 341 (1)
1246 299 1309 333 Ubi
1330 301 1457 342 Jupiter
1476 301 1519 335 ad
1532 301 1659 335 virilem
1676 301 1806 335 aetatem
1828 301 2035 344 pervenerat,
2058 303 2161 336 Metin

1133 366 1252 396 Oceani
1267 364 1367 397 filiam
1388 366 1516 399 consilii
1538 367 1660 400 sociam
1683 366 1784 400 sumit
1801 367 1836 400 et
1855 366 2069 409 adjutricem3
2086 376 2162 410 quaa

1133 427 1272 459 Saturno
1284 428 1495 469 pharmacum
1515 429 1693 463 bibendum
1708 429 1785 470 dat,
1801 429 1895 471 cuius
1909 429 1962 464 ille
1976 430 2012 462 vi
2027 431 2162 463 coactus

1132 491 1423 534 pn'mumlapidem
1436 494 1549 535 istum,
1562 495 1677 528 deinde
1689 504 1772 537 quos
1780 494 1963 528 anteafilios
1976 495 2160 537 devorarat,

1132 559 1266 592 evomit.
1282 559 1331 592 Ab
1348 560 1398 592 his
1413 560 1543 601 adjutus
1559 563 1686 603 Jupiter
1703 562 1860 596 adversus
1877 562 2054 596 Saturnum
2066 563 2099 596 et
2113 562 2162 596 Ti·

1133 625 1227 657 tanas
1241 623 1364 657 bellum
1379 624 1488 665 gessit.
1507 627 1650 658 2verum
1666 627 1793 660 decimo
1811 628 1886 669 post
1897 627 1996 669 huJus
2011 627 2094 661 inter
2105 636 2162 660 eos

1133 687 1209 719 belli
1222 696 1321 727 anno,
1337 689 1436 720 Terra
1450 687 1622 721 victoriam
1643 690 1729 731 Jovi,
1745 690 1821 723 siin
1837 691 2008 724 Tartarum
2021 691 2163 732 deiectos

1134 751 1197 784 sibi
1221 752 1253 783 in
1277 751 1465 784 societatem
1488 752 1703 795 adscisceret,
1726 754 1904 788 vaticinata
1925 756 1987 789 est.
2007 757 2093 788 Tum
2110 755 2140 788 is
2153 778 2163 795 ,

1134 819 1257 858 Campe
1268 817 1402 850 custode
1415 817 1596 859 interfecta,
1604 827 1622 850 e
1631 819 1770 852 vinculis
1785 828 1841 852 eos
1858 819 2026 860 liberavit;
2043 825 2057 844 ³
2064 820 2164 861 atque

1135 882 1294 924 Cyclopes
1311 884 1428 915 Jovem
1440 882 1566 916 tonitru
1581 884 1614 916 et
1628 883 1764 924 fulgetra
1777 884 1810 917 et
1822 884 1974 926 fulmine,
1991 885 2165 918 Plutonem

1134 948 1234 990 galea,
1257 949 1446 991 Neptunum
1459 947 1599 981 tridente
1613 947 1787 981 donarunt.
1809 949 1888 981 ⁴His
1903 949 1949 981 illi
1964 949 2035 982 telis
2051 950 2167 982 armati

1136 1014 1269 1047 Titanes
1283 1013 1441 1055 subigunt
1463 1013 1497 1046 et
1512 1014 1647 1056 Tartaro
1669 1012 1814 1045 inclusos
1836 1014 2037 1047 Centimanis
2061 1016 2167 1047 custo·

1135 1079 1271 1112 diendos
1287 1078 1461 1112 tradidere.
1480 1079 1554 1116 Quo
1566 1077 1666 1117 facto,
1682 1077 1745 1119 ipsi
1763 1078 1878 1110 mundi
1892 1078 2065 1120 imperium
2080 1080 2168 1112 sorte

1135 1145 1220 1178 inter
1232 1153 1267 1178 se
1279 1143 1466 1186 partiuntur
1482 1153 1491 1175 :
1508 1152 1547 1176 ac
1558 1143 1636 1176 Jovi
1649 1142 1782 1184 quidem
1795 1142 1879 1183 coeli,
1890 1144 2041 1184 Neptuno
2054 1144 2166 1185 maris,

1136 1209 1269 1245 Plutoni
1282 1210 1393 1243 autem
1405 1208 1584 1242 inferorum
1599 1216 1735 1249 regnum
1748 1207 1900 1249 obtingit.

1180 1303 1226 1346 (2)
1249 1304 1405 1337 Titanum
1425 1303 1593 1345 progenies
1624 1303 1694 1336 erat
1721 1303 1793 1336 haec
1814 1312 1823 1334 :
1847 1303 1969 1335 Oceani
1993 1312 2034 1337 ex
2048 1305 2169 1346 Tethye

1138 1374 1338 1408 Oceanidum
1354 1373 1430 1416 [tria
1442 1373 1556 1415 millia]
1570 1396 1580 1414 ,
1595 1372 1691 1415 Asia,
1706 1373 1806 1414 Styx,
1822 1372 1970 1414 Electra,
1986 1373 2094 1413 Doris,
2106 1376 2169 1406 Eu·

1138 1455 1289 1489 rynome,
1309 1445 1520 1488 [Amphitrite
1530 1445 1556 1487 ,]
1572 1445 1689 1485 Metis3
1714 1445 1785 1478 Coei
1797 1453 1839 1477 ex
1853 1444 1974 1477 Phoebe
1989 1445 2116 1477 Asteria
2137 1445 2171 1477 et

1138 1518 1263 1550 Latona
1271 1527 1281 1558 ;
1295 1515 1492 1558 Hyperionis
1506 1524 1548 1548 ex
1562 1515 1643 1548 Thia
1658 1517 1784 1547 Aurora
1797 1537 1808 1554 ,
1830 1514 1902 1554 Sol,
1918 1516 2028 1555 Luna;
2047 1514 2115 1547 Crii
2129 1523 2170 1547 ex

1138 1586 1293 1628 Eurybia,
1313 1585 1411 1618 Ponti
1432 1584 1519 1625 filia,
1534 1586 1694 1624 Astraeus,
1714 1583 1833 1624 Pallas,
1853 1585 1979 1616 Perses.
1998 1583 2043 1624 (3)
2068 1583 2170 1624 Iapeti

1136 1667 1178 1691 ex
1192 1657 1281 1697 Asia,
1297 1655 1418 1689 Oceani
1431 1655 1510 1694 filia,
1526 1655 1604 1687 sunt
1618 1654 1720 1694 Atlas,
1735 1654 1793 1695 qui
1810 1654 1929 1686 coelum
1942 1652 2087 1686 humeris
2100 1662 2170 1685 sus-

1137 1727 1230 1767 tinet,
1245 1727 1471 1766 Prometheus,
1487 1724 1710 1767 Epimetheus,
1730 1723 1915 1763 Menoetius,
1929 1732 2027 1764 quem
2041 1723 2073 1755 in
2088 1723 2171 1755 Tita-

1137 1797 1308 1831 nomachia
1339 1797 1549 1830 fulminatum
1591 1795 1719 1837 Jupiter
1748 1794 1783 1827 in
1813 1795 1986 1828 Tartarum
2018 1793 2168 1827 detrusit.

1139 1869 1186 1911 (4)
1198 1868 1330 1902 Saturni
1349 1876 1390 1901 ex
1403 1867 1534 1909 Philyra
1546 1867 1597 1899 est
1609 1866 1730 1899 Chiron
1743 1864 1891 1906 geminus
1900 1866 2095 1905 Centaurus3
2109 1867 2171 1898 Au-

1138 1950 1221 1974 rorae
1234 1941 1268 1974 et
1282 1939 1400 1973 Astraei
1415 1941 1492 1972 sunt
1506 1939 1604 1972 Venti
1617 1939 1650 1971 et
1665 1938 1781 1977 Astra;
1796 1939 1904 1970 Persae
1914 1937 1947 1969 et
1959 1937 2094 1969 Asteriae
2109 1939 2169 1970 He-

1138 2014 1228 2054 cate;
1248 2012 1406 2046 Pallantis
1423 2012 1456 2045 et
1472 2011 1581 2053 Stygis
1592 2035 1603 2052 ,
1620 2009 1741 2044 Oceani
1754 2009 1842 2050 filiae,
1858 2009 1946 2050 Nice,
1962 2010 2092 2049 Gratos,
2117 2011 2169 2041 Ze-

1136 2086 1202 2127 lus,
1217 2085 1287 2118 Bia.
1303 2085 1350 2126 (5)
1367 2084 1474 2126 Stygis
1486 2092 1564 2116 vero
1577 2091 1707 2124 aquam,
1716 2082 1757 2115 de
1769 2082 1904 2123 scopulo
1917 2090 1974 2123 per
1991 2081 2167 2113 inferorum

1136 2155 1208 2187 loca
1234 2154 1402 2194 fluentem,
1429 2153 1560 2195 Jupiter
1579 2150 1791 2194 J'urisjurandi
1814 2151 1966 2192 religione
1988 2149 2166 2190 decoravit,

1136 2226 1225 2269 quod
1241 2226 1304 2268 ipsi
1318 2226 1433 2258 contra
1448 2225 1582 2257 Titanas
1595 2232 1662 2256 una
1674 2231 1751 2255 cum
1766 2221 1840 2254 filiis
1854 2230 1948 2264 opem
1963 2221 2103 2253 tulisset.

1179 2297 1225 2339 (6)
1238 2296 1333 2330 Ponti
1345 2305 1386 2328 ex
1395 2298 1494 2328 Terra
1503 2294 1560 2326 filii
1571 2294 1649 2326 sunt
1661 2303 1669 2325 :
1683 2293 1839 2332 Phorcus,
1849 2292 2024 2327 Thaumas,
2034 2292 2167 2328 Nereus,

1135 2362 1290 2405 Eurybia‚
1304 2362 1403 2402 Ceto;
1418 2359 1634 2393 Thaumantis
1650 2367 1692 2391 ex
1704 2358 1844 2397 Electra,
1856 2355 1976 2389 Oceani
1992 2355 2068 2395 filia,
2081 2354 2141 2386 Iris
2152 2374 2164 2390 ‚

1135 2426 1299 2468 Harpyiae,
1315 2425 1405 2459 Aello
1420 2426 1453 2458 et
1466 2424 1627 2465 Ocypete3
1650 2422 1767 2455 Phorci
1791 2430 1833 2454 ex
1849 2424 1930 2455 Ceto
1943 2419 2117 2452 Phorcidas
2134 2418 2167 2450 et

1135 2494 1315 2533 Gorgones,
1332 2491 1373 2523 de
1389 2489 1511 2532 quibus
1526 2488 1702 2521 dicendum
1721 2487 1795 2528 erit,
1819 2486 1874 2518 ubi
1890 2486 1930 2518 de
1945 2484 2053 2517 Persei
2069 2483 2166 2515 rebus

1135 2564 1278 2598 agemus.
1296 2555 1341 2596 (7)
1357 2554 1451 2587 Nerei
1466 2562 1507 2586 ex
1522 2552 1652 2591 Doride,
1669 2550 1790 2584 Oceani
1804 2550 1880 2588 filia,
1898 2549 1975 2581 sunt
1986 2546 2137 2580 Nereides
2152 2569 2162 2586 ,

1135 2629 1275 2663 quarum
1290 2619 1425 2652 nomina
1442 2628 1450 2650 ε
1468 2617 1660 2659 Cymothoe,
1680 2615 1768 2657 Spio,
1783 2613 1985 2647 Glaucothoe
2004 2611 2084 2652 (nisi
2101 2619 2165 2652 po-

1137 2688 1230 2718 tius:
1248 2683 1495 2724 Glauconome),
1519 2682 1709 2721 Nausithoe,
1731 2680 1836 2719 Halia,
1859 2679 1967 2717 Erato,
1992 2678 2066 2717 Sao,
2090 2678 2164 2708 Am-

1134 2751 1277 2793 phitn'te,
1287 2750 1423 2791 Eunice,
1436 2749 1561 2790 Thetis,
1577 2748 1760 2786 Eulimene,
1777 2748 1896 2785 Agave,
1912 2743 2053 2783 Eudora,
2066 2743 2164 2782 Doto,

1134 2816 1290 2856 Pherusa,
1308 2815 1454 2854 Galatea,
1470 2814 1592 2852 Actaea,
1611 2810 1863 2848 Pontomedusa,
1886 2808 2082 2849 Hippothoe,
2104 2808 2164 2848 Ly·

1135 2883 1301 2920 sianassa,
1321 2882 1443 2921 Cymo,
1459 2878 1578 2917 Eione,
1597 2875 1784 2913 Halimede‚
1808 2873 1983 2913 Plexaure,
2004 2874 2161 2912 Eucrate,

1135 2947 1247 2985 Proto,
1261 2945 1412 2986 Calypso,
1428 2945 1568 2983 Panope,
1585 2941 1718 2979 Cranto,
1734 2938 1901 2970 Neomeris
1913 2938 2100 2979 (Nemertes
2114 2937 2161 2977 Ρ),

1133 3012 1315 3053 Hipponoe,
1329 3008 1479 3041 Deianira
1496 3007 1631 3047 (Ianira
1639 3006 1681 3044 Ρ),
1699 3003 1853 3045 Polynoe,
1867 3003 2026 3042 Autonoe,
2039 3002 2160 3043 Melite,

1133 3077 1246 3115 Dione,
1258 3077 1381 3113 Nesaea,
1396 3074 1492 3110 Dero,
1506 3073 1667 3111 Evagore,
1681 3069 1873 3109 Psamatbe,
1887 3067 2058 3109 Eumolpe,
2071 3069 2160 3107 Ione,

1132 3143 1331 3182 Dynamene,
1346 3138 1438 3175 Ceto,
1455 3135 1638 3168 Limnorea.

1602 3229 1691 3236 -.

1537 3262 1676 3293 CAPUT
1698 3262 1756 3293 III.

1174 3344 1219 3384 (1)
1243 3343 1370 3384 Jupiter
1390 3351 1525 3374 uxorem
1541 3341 1632 3374 ducit
1650 3343 1826 3381 Junonem,
1841 3349 1880 3373 ex
1894 3347 1996 3380 eaque
2012 3345 2158 3380 procrea·
