2320 3684
135 217 211 251 362

132 298 293 337 stathius
319 298 426 336 addit
455 306 544 350 post
567 297 733 350 κρίσεως;
755 296 828 336 Καὶ
861 296 903 335 τὸ
935 295 1160 351 δικαστήριον

131 356 315 409 ἐπώνυμον
350 359 395 410 τῇ
436 356 601 396 Παλλάδι
619 355 813 453 1γ3ενέσθαι..

184 469 374 508 Plutarch.
385 469 568 507 Themist.
578 482 609 506 c.
626 482 686 516 10,
698 467 745 506 de
759 467 922 519 pecunia
937 468 978 506 in
993 468 1162 508 classem:

132 527 329 578 Κλείδημος
338 527 373 566 δὲ
383 527 442 567 καὶ
455 530 558 565 τοῦτο
566 526 847 578 Θεμιστοκλέους
856 532 1008 566 ποιεῖται
1018 527 1164 581 στρατή·

130 603 229 639 γημα
241 603 250 612 ·
261 587 543 626 καταὸαινόντων
562 586 629 641 γὰρ
649 588 695 630 εἷς
706 588 858 641 Πειραιᾶ
873 588 943 626 τῶν
958 585 1162 638 Ἀθηναίων,

130 647 233 701 φησὶν
245 646 437 686 ἀπολέσθαι
453 646 493 685 τὸ
503 645 705 701 Γοργόνειον
723 645 795 685 ἀπὸ
809 649 872 694 τῆς
888 649 966 686 θεοῦ
975 651 1036 686 τοῦ
1053 647 1164 700 ἀγάλ-

130 722 248 757 ματος.
256 706 327 746 Τὸν
337 700 396 744 οὖν
403 704 651 757 Θεμιστοκλέα
660 705 959 760 προσποιούμενον
968 708 1095 756 ζητεῖν,
1101 706 1162 746 καὶ

129 764 394 819 διερευνώμενον
422 764 562 803 ἅπαντα
573 795 583 814 ,
611 765 807 819 χρημάτων
834 764 1005 820 εὑρίσκειν
1031 768 1162 814 πλῆθος

129 825 163 862 ἐν
182 829 258 868 ταῖς
285 825 495 868 ἀποσκευαῖς
525 823 836 878 ἀποκεκρυμμένον
859 841 868 850 ·
900 818 948 864 ὧν
972 828 1020 870 εἷς
1053 825 1160 877 μέσον

127 882 379 933 κομισθέντων,
394 883 588 937 εὐπορῆσαι
603 882 682 928 τοὺς
696 883 926 935 ε’μὸαίνοντας
939 886 986 929 εἷς
1003 883 1064 930 τὰς
1080 888 1162 929 ναῦς

126 941 284 996 ἐφοδίων.

612 997 671 1035 14.

178 1050 373 1088 Plutarch.
389 1049 549 1090 Aristid.
571 1063 653 1102 cap.
679 1064 726 1101 19
745 1063 754 1087 z
774 1053 829 1090 Ex
848 1051 909 1100 iis,
927 1052 995 1103 qui
1013 1051 1059 1089 ad
1079 1052 1161 1090 Pla—

128 1117 215 1147 taeas
234 1123 306 1161 pro
324 1109 472 1148 Graecia
490 1109 734 1159 dimicarunt,
753 1123 832 1148 non
850 1111 936 1162 plus
955 1112 1162 1150 MCCCLX

125 1168 329 1207 desiderati
346 1177 435 1207 sunt
450 1182 459 1206 ε
479 1167 625 1208 Τούτων
643 1168 817 1216 Ἀθηναῖοι
831 1167 894 1222 μὲν
913 1163 1003 1217 ἦσαν
1027 1170 1087 1210 δύο
1102 1169 1161 1209 καὶ

124 1226 364 1277 πεντήκοντα,
382 1227 512 1272 πάντες
530 1228 570 1266 ἐκ
585 1230 648 1275 τῆς
666 1227 850 1272 Αἰαντίδος
866 1230 976 1283 φυλῆς
988 1259 998 1278 ,
1016 1229 1064 1272 ὥς
1076 1243 1162 1283 φησι

127 1286 342 1338 Κλείδημος,
360 1286 626 1339 ἀγωνισαμένης
644 1286 787 1341 ἄριστα·
803 1286 855 1325 διὸ
870 1286 930 1325 καὶ
943 1293 1020 1331 ταῖς
1038 1290 1160 1342 Σφρα-

125 1345 234 1396 γίτισι
267 1344 418 1400 νύμφαις
455 1347 553 1384 ἔθυον
588 1345 774 1386 Αἰαντίδαι
814 1344 879 1393 τὴν
916 1344 1160 1400 πυθόχρηστον

123 1404 245 1443 θυσίαν
284 1403 372 1459 ὑπὲρ
401 1407 464 1452 τῆς
495 1404 612 1453 νίκης,
645 1406 686 1443 ἐκ
720 1404 890 1455 δημοσίου
921 1403 961 1443 τὸ
988 1406 1161 1456 ἀνάλωμα

123 1462 373 1514 λαμὸάνοντες.

178 1523 235 1562 Cf.
252 1523 443 1561 Plutarch.
464 1524 630 1573 Συμποσ.
647 1520 828 1575 προὸλημ.
839 1521 906 1560 lib.
924 1524 955 1571 1,
968 1522 1158 1574 problem.

128 1595 188 1629 10,
211 1582 341 1620 Vitam
370 1582 529 1620 Aristid.
547 1595 572 1631 9
586 1611 598 1630 ,
627 1582 791 1620 Pausan.
813 1583 872 1619 IX
889 1611 901 1630 ,
934 1583 975 1629 3,
1007 1584 1158 1623 Miiller.

121 1642 307 1680 Orchom.
333 1655 371 1692 p.
395 1641 482 1686 145.
613 1693 659 1732 15

173 1747 379 1786 Pausanias
416 1750 467 1793 X,
502 1747 563 1795 15,
597 1756 805 1798 postquam
824 1746 924 1785 dixit
957 1761 1010 1796 se,
1037 1762 1157 1800 quum

120 1807 273 1858 signum
290 1808 476 1845 Minervae
490 1837 500 1855 ‚
524 1807 564 1844 in
591 1807 733 1858 templo
753 1806 942 1858 Delphico
962 1808 1133 1859 positum
1145 1840 1156 1858 ,

120 1867 250 1904 multis
270 1880 318 1904 ex
342 1866 519 1917 partibus
535 1879 631 1903 auro
655 1866 849 1917 privatum
874 1865 1042 1914 vidisset,
1071 1881 1158 1906 cre-

122 1925 263 1963 didisse
281 1925 355 1963 hoc
381 1924 430 1963 ab
448 1925 670 1963 hominibus
688 1925 883 1976 sacrilegis
909 1926 1154 1964 commissum

121 1998 215 2030 esse,
231 1984 339 2022 addit
351 1984 452 2022 haec:
470 1983 709 2036 Κλειτόδημος
723 1982 759 2021 δὲ
770 1982 893 2022 ὁπόσοι
908 1981 953 2021 τὰ
966 1983 1155 2031 Ἀθηναίων

120 2041 294 2096 ἐπιχώρια
313 2042 469 2096 ἔγραψαν
487 2046 506 2082 ὃ
526 2043 757 2098 ἀρχαιότατος
771 2073 783 2092 ,
803 2037 902 2087 οὗτος
931 2043 966 2080 ἓν
991 2045 1042 2096 τῷ
1061 2043 1156 2097 λόγῳ

120 2102 206 2156 φησὶ
232 2104 283 2156 τῷ
305 2102 474 2155 Ἀττικῷ,
497 2102 553 2141 ὅτε
576 2102 750 2150 Ἀθηναῖοι
772 2101 1074 2155 παρεσκευάζοντο
1097 2103 1155 2142 ἐπὶ

120 2160 286 2199 Σικελίαν
324 2160 382 2200 τὸν
403 2160 544 2210 στόλον,
561 2163 608 2205 ὥς
635 2160 730 2205 ἔθνος
760 2177 795 2199 τι
821 2160 963 2213 ἄπειρον
994 2161 1154 2212 κοράκων

119 2222 251 2274 κατῆρε
292 2218 373 2258 τότε
399 2220 434 2263 ἐς
479 2218 652 2274 Δελφοὺς,
683 2219 743 2258 καὶ
773 2218 1002 2273 περιέκοπτόν
1029 2235 1068 2259 τε
1092 2224 1155 2259 τοῦ

118 2279 323 2330 ἀγάλματος
349 2277 493 2328 τούτου,
530 2278 592 2317 καὶ
626 2277 850 2332 ἀπέῤῥησσον
887 2284 958 2323 τοῖς
982 2278 1153 2333 ῥάμφεσιν

117 2337 180 2377 ἀπ’
199 2338 305 2377 αὐτοῦ
321 2337 380 2376 τὸν
395 2336 540 2392 χρυσόν·
555 2337 649 2390 λέγει
667 2337 702 2376 δὲ
719 2338 778 2377 καὶ
789 2340 837 2383 ὡς
853 2338 894 2377 τὸ
913 2338 994 2392 δόρυ
1013 2338 1074 2377 καὶ
1092 2338 1154 2383 τὰς

116 2397 294 2448 γλαῦκας,
312 2396 373 2435 καὶ
395 2397 474 2440 ὅσος
504 2408 637 2450 καρπος
652 2397 710 2435 ἐπὶ
729 2400 780 2451 τῷ
803 2396 931 2451 φοίνικι
965 2397 1153 2445 ἐπεποίητο

121 2461 155 2499 ἐς
175 2455 324 2506 μίμησιν
341 2458 403 2503 τῆς
421 2455 558 2510 ὀπώρας
570 2485 580 2502 ,
611 2456 872 2495 κατακλάσαιεν
902 2456 962 2494 καὶ
988 2459 1100 2495 ταῦτα
1120 2457 1152 2494 οἱ

118 2515 277 2568 κόρακες.
297 2514 487 2563 Ἀθηναίοις
511 2516 575 2566 μὲν
593 2514 634 2562 δὴ
668 2515 728 2554 καὶ
755 2515 846 2554 ἅλλα
871 2521 1000 2567 σημεῖα
1019 2514 1069 2567 μὴ
1089 2516 1152 2554 ἐκ-

165 2682 332 2716 Clidemus
359 2679 610 2714 Themistoclem
630 2680 741 2712 narrat
764 2680 936 2720 pecuniam
956 2679 990 2711 in
1015 2680 1152 2712 classem

118 2735 191 2765 astu
210 2739 352 2773 parasse.
379 2729 659 2762 Descendentibus
675 2728 708 2760 in
726 2729 884 2761 Piraeeum
901 2729 1152 2762 Atheniensibus

120 2780 152 2811 in
175 2778 352 2811 simulacro
377 2777 534 2809 Minervae
561 2776 778 2808 desideratam
804 2776 850 2808 ait
876 2776 978 2808 tuisse
1002 2775 1150 2816 aegidem.

120 2826 372 2859 Themistoclem
396 2825 512 2866 igitur,
532 2832 635 2865 quum
658 2823 766 2865 specie
786 2822 962 2864 quaerentis
986 2824 1152 2856 excuteret

121 2874 243 2913 omnia,
261 2874 455 2905 immensam
471 2872 539 2904 vim
555 2871 702 2913 pecuniae
717 2871 878 2903 invenisse
897 2871 930 2902 in
943 2869 1151 2911 impedimen-

119 2920 161 2952 tis
177 2920 320 2953 abditam
335 2931 343 2952 ε
357 2919 461 2960 quain
474 2918 617 2951 medium
633 2917 759 2959 prolata
773 2917 956 2950 abundasse
970 2917 1151 2950 classiarios

122 2968 241 3000 milites
257 2968 389 3000 viatico.
436 3003 439 3006 ¹

168 3064 203 3092 ln
229 3060 351 3102 quibus
379 3060 598 3102 (desideratis)
619 3060 756 3093 suerunt
786 3058 998 3092 Athenienses
1022 3057 1088 3091 duo
1117 3059 1152 3091 et

122 3108 367 3149 quinquaginta,
383 3117 496 3140 omnes
509 3117 550 3140 ex
563 3107 653 3140 tribu
668 3106 829 3146 AEantide,
839 3115 924 3148 quae,
937 3107 974 3138 ut
984 3105 1151 3140 Clidemus

122 3154 180 3192 ait,
197 3155 355 3196 pugnavit
375 3155 563 3187 fortissime.
589 3154 807 3193 Quamobrem
829 3152 984 3195 nymphis
1006 3151 1152 3194 sphragi-

123 3200 244 3234 tidibus
261 3202 417 3235 AEantidae
429 3202 574 3234 victoriae
589 3210 723 3240 caussa,
740 3209 830 3233 sacra
849 3209 888 3233 ex
913 3198 1067 3241 Apollinis
1081 3207 1151 3231 ora-

122 3249 196 3281 culo
213 3249 398 3291 praescripta
414 3252 546 3290 sumptu
562 3249 692 3290 publico
710 3247 880 3280 faciebant.

166 3342 367 3375 Clitodemus
381 3366 389 3381 ,
406 3351 516 3375 eorum
533 3342 589 3383 qui
611 3342 711 3375 literis
730 3350 779 3374 res
806 3342 928 3374 Atticas
956 3340 1151 3373 mandarunt

126 3389 366 3422 vetustissimus
379 3392 503 3430 auctor,
524 3389 602 3421 dicit
621 3390 653 3421 in
671 3397 777 3421 rerum
795 3389 975 3420 Atticarum
990 3396 1150 3420 commcn-

125 3437 218 3477 tario‚
236 3439 419 3477 comparata
437 3437 477 3468 ab
498 3436 746 3469 Atheniensibus
761 3435 863 3467 classe
887 3435 925 3467 ad
949 3435 1146 3467 Siciliensem

875 210 1163 251 CLITODEMl
1190 210 1522 254 FRAGMENTA.

1220 298 1371 337 πλεῦσαι
1399 306 1487 353 σφᾶς
1506 302 1768 356 ἀπαγορεύοντα
1787 305 1821 349 ἐς
1839 306 2004 346 Σικελίαν
2026 308 2219 361 διηγήσατο
2232 313 2253 350 δ

1222 356 1474 410 Κλειτόδημος.

1277 417 1335 457 Cf.
1353 421 1460 458 Paus.
1477 423 1553 468 III,
1572 426 1636 469 24,
1655 435 1692 470 7,
1706 423 1846 462 AElian.
1866 427 1912 463 V.
1927 428 1975 463 H.
1994 427 2057 476 lv,
2081 434 2141 475 14,
2157 428 2248 468 Plu-

1223 476 1346 515 tarch.
1359 478 1493 517 Them.
1513 492 1575 518 20.
1591 481 1700 520 Alex.
1718 483 1781 520 26.

1275 601 1460 650 Hesych.:
1477 603 1566 647 Βοῦς
1583 601 1746 656 ἔδδομος·
1775 605 1987 657 μνημονεύει
2009 607 2046 646 δὲ
2065 611 2126 648 τοῦ
2146 608 2253 648 {686-

1223 672 1291 708 μου
1308 658 1401 710 βοός·
1423 658 1478 698 ὅτι
1500 660 1538 699 δὲ
1554 661 1682 714 πέμμα
1699 664 1774 703 ἐστὶ
1799 664 1859 703 καὶ
1878 669 1941 714 τῆς
1965 665 2125 714 Σελήνης
2147 666 2253 720 ἱερὸν,

1222 716 1463 769 Κλειτόδημος
1480 721 1515 758 ἐν
1535 719 1662 759 Ἀτθίδι
1673 723 1771 775 φησί.

1274 776 1480 816 Probabile
1510 788 1579 828 est,
1604 789 1692 831 post
1726 780 1804 832 βοός
1829 782 2014 820 nonnulla
2051 782 2253 830 excidisse,

1224 842 1266 872 ut
1299 844 1411 887 putat
1455 838 1635 880 Heinsius
1652 868 1663 887 ‚
1704 848 1771 878 aut
1811 841 2040 891 particulam
2083 840 2122 880 δὲ
2163 850 2255 893 post

1221 891 1275 932 ὅτι
1314 898 1610 948 expungendam
1649 912 1742 938 esse.
1790 903 1975 951 Pergerus
2024 902 2154 939 locum
2198 901 2255 940 ita

1221 953 1422 993 restituere
1451 964 1609 995 conatus
1634 966 1710 996 est:
1735 958 1958 1010 Μνημονεύει
1991 958 2028 998 δὲ
2061 963 2121 998 τοῦ
2150 959 2254 998 §.686-

1222 1026 1290 1061 μου
1332 1011 1410 1065 βοὸς
1447 1013 1689 1067 Κλειτόδημος
1718 1017 1755 1054 ἓν
1793 1016 1931 1056 Ἀτθίδι.
1970 1017 2072 1066 Φησὶ
2110 1016 2167 1067 δὲ,
2198 1017 2253 1057 ὅτι

1221 1069 1349 1122 πέμμα
1387 1072 1462 1111 ἐστὶ
1500 1073 1559 1112 καὶ
1591 1077 1654 1121 τῆς
1699 1074 1858 1123 Σελήνης
1902 1075 2008 1130 ἱερόν.
2064 1077 2120 1115 Cf.
2170 1079 2253 1115 He-

1222 1130 1326 1179 sych.
1364 1144 1401 1171 v,
1442 1130 1626 1184 ‘'EGSouog
1650 1135 1749 1185 βοῧςε
1772 1128 1877 1177 Εἶδος
1909 1134 2117 1186 πέμματος,
2143 1133 2252 1187 κέρα-

1222 1204 1266 1226 τα
1285 1189 1426 1242 ἔχοντος
1440 1206 1448 1214 ·
1468 1199 1506 1229 et
1531 1205 1568 1230 v.
1598 1193 1709 1236 Βοῦςε
1737 1191 1905 1232 Πόπανόν
1929 1209 1965 1232 τι
1983 1195 2053 1232 τῶν
2073 1193 2250 1243 θυομένων

1222 1248 1332 1293 οὕτως
1367 1251 1403 1288 ἐν
1432 1256 1509 1294 ταῖς
1533 1250 1744 1302 ἁγιωτάταις
1770 1250 1936 1298 Ἀθήνησι
1970 1251 2122 1295 θυσίαις·
2152 1244 2196 1299 ’ἦν
2214 1249 2251 1289 δὲ

1224 1303 1280 1359 βοῒ
1291 1307 1551 1362 παραπλήσιον.
1574 1309 1829 1361 Intelligenda
1845 1323 1927 1348 esse
1945 1308 2076 1348 Διάσια
2087 1339 2098 1358 ,
2116 1309 2156 1347 in
2173 1322 2252 1360 quo

1223 1368 1334 1416 festo,
1357 1377 1400 1406 ut
1417 1369 1664 1420 Thucydides
1687 1371 1718 1417 l,
1739 1370 1812 1407 126
1829 1369 1937 1421 dicit,
1957 1368 2096 1420 θύματα
2115 1367 2252 1420 ἐπιχώ-

1222 1442 1280 1480 ρια
1296 1426 1484 1479 (πέμματα
1502 1429 1550 1471 εἷς
1572 1427 1672 1482 ζῴων
1700 1427 1835 1482 μορφὰς
1853 1426 2094 1479 τετυπωμένα,
2111 1427 2248 1478 schol.)

1221 1486 1354 1524 offerri
1394 1487 1582 1536 solebant,
1602 1488 1865 1526 verisimiliter
1898 1487 2032 1525 statuit
2068 1485 2249 1534 Siebelis,

1220 1546 1286 1596 qui
1302 1554 1484 1596 praeterea
1502 1545 1631 1584 laudat
1652 1546 1856 1584 Phavorin.
1872 1559 1909 1583 v.
1931 1547 2021 1588 Βοῦς
2033 1558 2073 1597 p.
2088 1545 2179 1592 384,
2199 1552 2249 1590 αἱ.

1220 1619 1318 1656 sqq„
1329 1620 1364 1643 v.
1384 1604 1630 1657 Ἑὸδομευομ.
1648 1619 1687 1657 p.
1703 1606 1777 1651 545
1793 1615 1830 1643 et
1844 1605 1982 1644 Suidas
1994 1618 2030 1642 v.
2043 1605 2134 1648 Βοῦς
2146 1602 2249 1642 &630-

1220 1679 1296 1714 μος.
1313 1664 1440 1702 Photii
1453 1667 1561 1703 Lex.:
1575 1664 1728 1713 Σελήνη,
1745 1663 1901 1702 πόπανον
1921 1661 2042 1715 ὅμοιον
2055 1664 2106 1715 τῷ
2117 1661 2247 1716 ἀστέρι.

1219 1721 1272 1760 Τὸ
1295 1721 1331 1761 δὲ
1354 1722 1439 1761 αὐτὸ
1463 1723 1522 1761 καὶ
1550 1723 1699 1770 Σεληνὶς
1717 1723 1777 1761 καὶ
1811 1721 2056 1769 Ἑπισελήνιον
2075 1721 2134 1759 καὶ
2153 1720 2248 1775 Ἀρε-

1218 1779 1306 1833 στὴρ
1339 1781 1400 1819 καὶ
1436 1784 1516 1834 βοῦς
1545 1782 1715 1820 καλεῖται.
1749 1782 1923 1820 Eustath.
1945 1781 1995 1819 ad
2028 1782 2185 1818 Homer.
2207 1793 2246 1831 p.

1222 1853 1237 1877 1
1251 1840 1320 1878 165
1339 1843 1466 1889 Rom.‚
1482 1841 1632 1879 Erasmi
1645 1840 1765 1891 Adag.
1778 1840 1874 1878 Chil.
1899 1843 1930 1889 Ι,
1943 1849 2042 1879 cent.
2060 1853 2121 1891 10,
2133 1853 2164 1878 c.
2181 1839 2246 1878 63.

1561 1976 1899 2015 ΠΡΩΤΟΓΟΝΙΑ.

1707 2045 1765 2083 17.

1269 2103 1407 2142 Athen.
1424 2107 1533 2154 XIV,
1552 2105 1615 2148 23,
1629 2117 1667 2155 p.
1682 2104 1774 2152 660,
1791 2106 1843 2142 A:
1861 2102 1947 2143 Ὅτι
1966 2101 2002 2142 δὲ
2024 2102 2150 2155 σεμνὸν
2162 2097 2206 2151 ἦν
2222 2107 2245 2152 ἡ

1216 2161 1426 2216 μαγειρικὴ,
1449 2165 1570 2214 μαθεῖν
1590 2163 1683 2201 ἐστιν
1704 2163 1744 2201 ἐκ
1765 2164 1834 2201 τῶν
1860 2162 2025 2210 Ἀθήνησι
2050 2161 2244 2216 Κηρύκων·

1214 2219 1285 2259 οἵδε
1309 2224 1376 2274 γὰρ
1405 2220 1580 2275 μαγείρων
1600 2221 1659 2260 καὶ
1688 2221 1870 2274 βουτύπων
1902 2222 2042 2274 ἐπεῖχον
2069 2220 2181 2271 τάξιν,
2198 2219 2247 2266 ὥς

1215 2294 1301 2333 φησι
1322 2279 1523 2332 Κλείδημος
1543 2281 1578 2318 ἐν
1595 2279 1843 2334 Πρωτογονίας
1861 2279 2004 2334 πρώτῳ.

1267 2339 1480 2391 Schweigh.
1500 2353 1549 2378 ex
1561 2343 1632 2378 Ms.
1657 2339 1777 2378 edidit
1797 2338 1922 2390 σεμνὸν
1942 2332 1984 2387 ἧν
1997 2341 2020 2386 ἡ
2036 2354 2121 2390 μαγ.
2139 2337 2244 2377 Idem

1215 2398 1377 2437 Clidemi
1399 2412 1482 2437 esse
1508 2407 1637 2437 censet
1656 2412 1742 2450 quae
1767 2407 1982 2450 sequuntur
2005 2398 2111 2449 apud
2126 2398 2244 2436 Athe—

1212 2471 1338 2495 naeum
1350 2472 1359 2495 :
1373 2456 1536 2510 εὈμηρός
1548 2473 1587 2496 τε
1603 2456 1642 2496 τὸ
1663 2456 1769 2510 ῥέζειν
1784 2457 1841 2496 ἐπὶ
1854 2459 1915 2495 τοῦ
1928 2456 2020 2495 θύειν
2038 2456 2179 2496 τάσσει·
2203 2454 2244 2493 τὸ

1213 2514 1251 2554 δὲ
1264 2515 1355 2554 θύειν
1380 2514 1439 2554 ἐπὶ
1467 2519 1529 2555 τοῦ
1561 2516 1695 2570 ψαιστὰ
1715 2515 1933 2569 μεταδόρπια
1950 2518 2089 2567 θυμιᾶν.
2122 2515 2194 2554 Καὶ
2210 2514 2243 2552 οἷ

1213 2627 1465 2668 expeditionem,
1481 2636 1634 2668 magnum
1646 2635 1820 2659 corvorum
1830 2635 2002 2659 numerum
2014 2626 2158 2667 Delphos
2169 2635 2243 2658 con-

1212 2674 1354 2715 volasse,
1366 2674 1590 2715 irruentesque
1602 2674 1635 2706 in
1651 2674 1731 2706 illud
1742 2674 1884 2714 signum,
1897 2682 2014 2706 aurum
2030 2673 2145 2705 rostris
2161 2673 2243 2706 avel-

1212 2721 1300 2753 lisse.
1315 2721 1471 2753 Additum
1495 2723 1528 2753 et
1545 2720 1679 2760 ibidem,
1697 2721 1834 2761 hastam,
1851 2722 2001 2758 noctuas,
2024 2721 2058 2752 et
2070 2721 2218 2760 caryotas
2229 2742 2239 2759 ‚

1211 2776 1286 2808 quac
1302 2768 1334 2800 in
1351 2768 1459 2809 palma
1470 2768 1525 2800 illa
1541 2768 1580 2800 ad
1597 2767 1813 2808 palmularum
1836 2766 2081 2799 similitudinem
2100 2775 2140 2798 ex
2156 2775 2237 2799 auro

1212 2815 1305 2846 sactae
1320 2814 1457 2854 fuerant,
1474 2815 1606 2847 eosdem
1625 2813 1697 2845 illos
1711 2822 1827 2846 corvos
1843 2813 2022 2854 abrupisse.
2047 2813 2110 2845 Sed
2128 2815 2162 2845 et
2177 2812 2241 2845 aha

1210 2863 1355 2905 prodigia
1367 2865 1600 2896 commemorat
1610 2862 1826 2902 Clitodemus„
1842 2871 1917 2903 quae
1929 2862 1971 2894 ab
1981 2870 2019 2894 ea
2033 2862 2239 2903 navigatione

1211 2910 1417 2952 suscipienda
1431 2911 1642 2943 Athenienses
1657 2909 1817 2942 deterrere
1832 2909 2022 2942 debuerant..

1252 3018 1317 3049 Bos
1327 3017 1493 3057 septimus
1504 3027 1513 3056 ;
1526 3016 1644 3048 bovem
1657 2962 1831 3056 seiiiimum
1845 3014 2048 3047 Clitodemus
2060 3013 2093 3046 in
2103 3012 2239 3047 Atthide

1210 3063 1290 3096 dicit
1304 3072 1376 3096 esse
1390 3063 1570 3106 placentam
1585 3063 1686 3095 Lunae
1700 3070 1838 3095 sacram.

1547 3137 1896 3209 ΡΒοῙΓοεοΝΙΑ.

1251 3289 1366 3322 Fuisse
1407 3288 1439 3319 in
1481 3287 1603 3318 honore
1644 3292 1823 3325 coquorum
1884 3283 1986 3315 artem
2006 3305 2015 3320 ,
2059 3280 2235 3322 intelligere

1211 3337 1284 3369 licet
1302 3345 1343 3368 ex
1362 3333 1541 3375 Cerycibus
1557 3332 1642 3374 apud
1660 3331 1881 3364 Athenienses.
1894 3329 1934 3362 Hi
1954 3329 2040 3362 enim
2056 3335 2232 3368 coquorum

1210 3386 1242 3417 ct
1257 3390 1414 3424 poparum
1432 3380 1584 3412 victimas
1609 3377 1819 3411 mactantium
1845 3375 2058 3417 fungebantur
2081 3381 2232 3411 munere,

1211 3435 1245 3462 ut
1259 3431 1302 3462 ait
1327 3428 1492 3462 Clidemus
1507 3427 1589 3460 libro
1611 3426 1715 3467 primo
1729 3423 1945 3464 Protogoniae.
