2320 3684
793 189 1123 234 APOLLODORI
1153 190 1486 234 FRAGMENTA.

107 332 256 375 Talem:
273 335 445 386 Ὠκαλέα,
480 335 580 380 πόλις
608 337 790 382 Βοιωτίας.
875 338 1046 395 “Ὀμηρος.

75 395 233 434 ἐκαλεῖτο
250 393 287 434 δὲ
307 395 500 445 Ὠκάλεια,
517 397 564 439 ὡς
581 394 852 450 Ἀπολλόδωρος.

549 454 635 492 145.

127 506 234 544 Idem
251 521 260 544 :
276 506 430 561 Ὠρικός.
487 505 674 552 Ἑκαταῖος
687 507 814 559 λιμένα
828 509 928 547 καλεῖ
943 508 1110 564 Ἠπείρου

73 562 133 603 τὸν
149 563 294 617 Ὠρικὸν
361 564 620 620 Ἀπολλόδωρος
639 565 675 605 δὲ
694 569 713 605 ὃ
732 567 1021 619 θαυμασιώτατος
1040 568 1109 607 πό-

74 625 127 662 λιν
142 622 250 671 αὔτὴν
264 617 347 663 οἶδε.

551 678 637 718 146.

125 730 253 769 Idem:
266 729 404 783 Ὠρεὸς,
419 729 520 775 πόλις
533 731 697 776 Εὗὸοίας.
763 732 922 786 Ὠρείτης
988 734 1110 773 Ἀπολ-

71 785 224 841 λόδωρος
245 789 281 827 δὲ
309 789 599 843 τετρασυλλάὸως
618 790 737 845 φησὶν,
766 792 805 830 οὗ
831 791 888 830 διὰ
907 794 970 839 τ’ἥς
1000 808 1030 831 ει
1052 794 1108 832 δι-

71 845 223 899 φθόγγου
234 877 245 896 ,
265 846 358 886 ἀλλὰ
375 847 430 886 διὰ
448 851 509 887 τοῦ
526 864 543 887 ε
559 849 619 888 καὶ
635 865 667 897 ι,
687 848 846 904 Ὠρείτας
862 865 869 872 ·
891 851 1025 891 «Οὕτω
1043 851 1108 900 τὴν

70 906 140 943 τῶν
154 904 325 959 Ὡρεϊτῶν
346 906 468 951 νυκτὸς
485 909 621 960 αἱροῦσι
634 907 747 948 πόλιν.
759 927 774 944 u
790 911 964 960 Heynius
984 920 1107 951 metro

71 963 379 1003 subveniendum
404 974 516 1018 putat
541 967 595 1004 sic
615 982 623 1005 :
646 969 716 1006 τῶν
746 967 919 1022 Ὠρεῖτῶν
952 971 1106 1025 αἱροῦσιν

70 1021 162 1062 οὕτω
179 1022 244 1072 τὴν
267 1023 381 1064 πόλιν.
574 1079 623 1117 47

124 1136 249 1174 Schol.
273 1137 470 1187 Apollonii
493 1138 524 1185 1,
557 1153 570 1175 1
584 1153 598 1175 1
612 1140 656 1177 16
673 1153 681 1176 :
698 1139 825 1178 Πεδίον
855 1141 1013 1188 Νηπείας
1033 1142 1107 1181 ἐστὶ

69 1191 150 1248 περὶ
162 1193 361 1239 Κύζικον....
379 1193 638 1250 Ἀπολλόδωρος
656 1196 694 1235 δέ
710 1213 796 1251 φησι
810 1198 969 1245 Νηπείας
987 1200 1106 1240 πεδίον

70 1252 106 1290 ἐν
123 1252 277 1307 Φρυγίᾳ.

550 1308 636 1347 148.

123 1364 251 1402 801101.
276 1365 383 1404 Pind.
423 1366 485 1406 Ol.
518 1369 554 1414 Ι,
590 1368 655 1420 35,
690 1369 736 1406 ad
769 1369 888 1407 verba
899 1400 910 1418 ‚
924 1370 1106 1410 Δεσπόταν

68 1422 286 1477 Συρακόσιον
303 1424 535 1479 ἱπποχάρμαν
557 1428 710 1478 βασιλῆα
723 1443 732 1466 :
747 1430 903 1479 Ineptos
924 1429 1016 1467 dicit
1033 1431 1106 1468 Di-

69 1482 207 1531 dymus
220 1495 306 1530 eos,
325 1484 391 1533 qui
405 1485 612 1522 Hieronem
630 1499 708 1522 non
723 1489 1020 1537 Syracusanum,
1041 1489 1108 1527 sed

69 1543 262 1579 AEtnaeum
282 1542 398 1580 fuisse
422 1543 606 1591 dicentes,
628 1545 855 1598 Συρακοσίων
876 1547 1106 1602 ἱπποχαρμᾶν

69 1599 239 1638 scribere
250 1601 443 1638 voluerint
456 1617 464 1639 :
475 1601 568 1640 Τότε
581 1601 647 1657 γὰρ
661 1602 780 1656 Ἱέρων
795 1598 837 1651 ἦν
854 1605 1105 1659 Συρακούσιος,

69 1657 130 1697 καὶ
148 1658 226 1697 οὐδὲ
242 1652 285 1706 ἧν
305 1660 468 1703 Αἰτναῖος
482 1689 493 1708 ,
519 1659 565 1705 ὥς
580 1676 684 1712 φησιν
701 1661 970 1717 Ἀπολλόδωρος.

121 1776 247 1815 801101.
266 1777 423 1815 Pindari
437 1778 498 1818 Ol.
526 1781 602 1826 IX,
630 1780 702 1817 63:
719 1780 983 1834 Πρωτογενείας
1006 1780 1105 1821 ἄστει

116 1839 161 1890 τῇ
177 1836 347 1877 Ὀποῦντι
379 1837 494 1889 λέγει·
522 1839 592 1877 ἐκεῖ
617 1838 685 1892 γάρ
701 1855 786 1893 φησι
799 1841 1028 1879 Δευκαλίωνα
1044 1840 1105 1880 καὶ

68 1894 214 1949 Πύρῤαν
231 1897 391 1945 οἰκῆσαι,
411 1890 458 1935 ὧν
477 1897 630 1951 θυγάτηρ
651 1898 908 1951 Πρωτογένεια.
930 1900 1102 1938 Ἀπολλό-

68 1955 176 2008 δωρος
197 1953 262 2006 (δὲ)
285 1955 403 2009 φησὶν,
418 1956 481 1994 οὐκ
501 1957 535 1994 ἐν
558 1955 727 1996 Ὀποῦντι
739 1988 749 2007 ,
771 1958 848 1996 ἀλλ’
866 1960 901 1996 ἐν
920 1957 1028 2012 Κύνῳ
1045 1958 1103 1997 τὸν

67 2013 294 2052 Δευκαλίωνα
308 2013 366 2052 καὶ
380 2013 444 2061 τὴν
460 2014 603 2069 Πύῤῥαν
617 2016 770 2063 οἰκῆσαι.
802 2017 859 2056 Cf.
875 2017 1013 2057 Strabo
1031 2021 1103 2069 lx,

68 2085 106 2123 p.
131 2073 222 2122 651,
239 2076 273 2112 A
291 2075 343 2124 (p.
360 2073 464 2125 425).

120 2190 288 2240 Etymol.
315 2193 385 2229 M.:
404 2190 671 2240 Ἑλληνόπολις.
693 2192 974 2247 Ἀπολλόδωρος·
997 2213 1011 2228 ιι
1025 2195 1102 2233 Ἀτ-

2121 198 2197 232 453

1169 280 1272 327 ταλὸς
1289 284 1328 320 ἐκ
1340 284 1410 321 τῶν
1426 281 1643 331 Ἑλληνίδων
1676 282 1811 321 πόλεων
1839 281 2021 336 οἰκήτορας
2047 296 2203 334 συναγα-

1169 339 1258 392 γὼν,
1282 340 1397 380 ἔκτισε
1415 341 1537 391 πόλιν,
1567 341 1626 381 καὶ
1645 340 1827 394 ὠνόμασεν
1846 340 1954 388 αὐτὴν
1974 340 2200 389 Ἑλληνᾶπο-

1168 399 1263 437 λιν.»
1283 400 1383 438 Add.
1396 401 1579 452 stephan.
1607 402 1646 439 in
1676 401 1714 439 h.
1741 415 1766 439 v
1781 400 1913 444 εΠόλις
1930 399 2091 444 Βιθυνίας
2111 398 2202 452 μετὰ

1167 457 1225 496 τὸν
1244 458 1443 511 ἀνῳκισμὸν
1461 459 1648 507 Βιθάλὸης.

1532 589 1653 627 ΠΕΡΙ
1681 589 1835 637 ΝΕΩΝ,

1658 655 1680 678 V

1366 700 1467 731 ΠΕΡΙ
1488 700 1570 732 ΤΟΥ
1596 647 1711 732 ΝΕΩῩἿΙ
1733 700 1930 733 ΚΑΤΑΛΟΓ
1932 700 1996 731 ΟΥ.

1580 764 1736 805 LIBER
1765 765 1795 804 Ι.

1221 886 1350 937 steph.
1369 889 1459 935 Byz.
1481 901 1488 923 :
1505 886 1706 937 Πλαταιαὶ,
1724 885 1824 930 πόλις
1837 885 2008 931 Βοιωτίας
2073 884 2201 933 κέκλη-

1165 961 1224 984 ται
1243 943 1278 983 δὲ
1297 943 1366 982 ἀπὸ
1391 947 1453 991 τ’ἧς
1466 944 1603 992 πλάτης
1620 947 1682 992 τῆς
1710 944 1851 994 κώπης,
1871 947 1918 989 ὡς
1940 943 2200 998 Ἀπολλόδωρος

1165 1002 1295 1058 πρώτῳ
1308 1006 1369 1042 τοῦ
1385 1002 1594 1054 Καταλόγου
1607 1018 1615 1027 ·
1633 1002 1933 1054 Ἐκλιμνωθείσης
1945 1006 2006 1050 τῆς
2017 1002 2200 1051 Βοιωτίας,

1165 1062 1245 1107 τοὺς
1260 1066 1513 1117 παροικοῦντας
1527 1067 1602 1105 ταῖς
1615 1061 1754 1113 λίμναις
1774 1061 1948 1105 Βοιωτοὺς
1963 1063 2042 1115 πλῷ
2058 1060 2202 1116 πορεύε-

1167 1126 1249 1162 σθαι
1269 1123 1323 1161 ἐπ’
1343 1121 1518 1169 ἀλλήλων.
1539 1121 1649 1161 ”Οθεν
1670 1121 1768 1174 παρὰ
1791 1120 1855 1169 τὴν
1875 1120 2012 1168 πλάτην
2045 1120 2104 1158 καὶ
2135 1120 2199 1167 τὴν

1165 1183 1288 1232 κώπην
1302 1183 1364 1227 τὰς
1382 1182 1499 1226 πόλεις
1512 1184 1694 1230 κληθῆναι.

1220 1244 1275 1283 Cf.
1294 1243 1466 1281 Eustath.
1486 1243 1534 1281 ad
1553 1244 1597 1280 ΙΙ.
1623 1245 1675 1291 Β,
1703 1242 1795 1291 502,
1815 1256 1855 1294 p.
1881 1242 1954 1288 267
1977 1256 1986 1278 ε
2007 1240 2124 1278 Φασὶν
2148 1238 2202 1278 ὅτι

1167 1305 1298 1342 Κῶπαι
1331 1302 1390 1341 καὶ
1418 1298 1567 1345 Κωπαῒς
1594 1300 1792 1348 ἐκλήθησαν
1820 1299 1877 1338 διὰ
1892 1297 1953 1342 τὰς
1978 1297 2117 1345 κώπας,
2151 1292 2203 1341 αἶς

1167 1362 1322 1414 ἐχρῶντο
1340 1362 1372 1398 οἱ
1386 1359 1551 1413 ἐγχώριοι
1570 1357 1656 1413 πρὸς
1676 1358 1849 1407 ἀλλήλους
1867 1357 2048 1405 πλέοντες,
2077 1355 2135 1394 διὰ
2162 1356 2202 1394 τὸ

1169 1421 1483 1471 ἀπολιμνωθῆναι,
1511 1418 1619 1472 φασὶ,
1648 1418 1694 1457 τὰ
1715 1420 1798 1457 ἐκεῖ.
1818 1417 1927 1457 οὈθεν
1953 1416 2012 1455 καὶ
2038 1419 2060 1464 ἡ
2090 1414 2203 1453 ἓκεῑσέ

1165 1495 1233 1518 που
1263 1478 1430 1518 Πλάταια
1461 1477 1562 1521 πόλις
1586 1477 1683 1532 παρὰ
1708 1476 1772 1525 τὴν
1799 1476 1953 1524 πλάτην,
1979 1474 1998 1514 ὃ
2024 1475 2123 1522 δηλοῖ
2136 1472 2200 1521 τὴν

1166 1538 1301 1585 κώπην.
1318 1537 1457 1578 Strabo
1477 1540 1514 1575 X
1529 1566 1543 1585 ,γ
1562 1550 1598 1587 p.
1620 1537 1708 1589 406.

1645 1601 1731 1639 152.

1218 1663 1327 1701 Idem
1358 1679 1366 1701 :
1402 1661 1439 1700 Ἄ
1448 1675 1575 1715 ργουρα
1587 1690 1596 1708 ,
1621 1659 1720 1702 πόλις
1752 1657 1953 1701 Θεσσαλίας
1986 1660 2008 1704 ἡ
2035 1658 2200 1713 πρότερον

1163 1719 1201 1760 Ἄ
1208 1736 1334 1775 ργισσα
1398 1719 1452 1759 Τὸ
1466 1718 1597 1758 ἐθνικὸν
1607 1718 1675 1757 ἔδει
1685 1718 1917 1771 Ἀργουραῖος,
1931 1718 1977 1759 ὡς
1987 1716 2048 1754 καὶ
2063 1717 2200 1757 Φίλων·

1165 1779 1421 1834 Ἀπολλόδωρος
1441 1777 1478 1816 δέ
1491 1793 1596 1828 φησιν
1614 1779 1649 1815 ἐν
1667 1775 1797 1829 πρώτῳ
1808 1776 1908 1814 Νεῶν
1923 1774 2201 1830 καταλόγῳἈρ-

1162 1838 1274 1890 γείους
1293 1837 1537 1889 ὀνομάζεσθαι·
1558 1835 1581 1883 ἢ
1597 1839 1659 1883 τῆς
1671 1833 1906 1889 προσηγορίας
1921 1834 2201 1885 μεταπεσούσης,

1164 1896 1187 1944 ἢ
1206 1896 1263 1935 διὰ
1277 1896 1318 1935 τὸ
1331 1899 1549 1950 προσκυροῦν
1569 1894 1614 1933 τὰ
1627 1894 1730 1933 πεδία
1761 1896 1824 1940 τῆς
1840 1892 2051 1942 Θετταλίας,
2086 1893 2130 1940 ἣν
2157 1892 2199 1940 δὴ

1164 1955 1387 2008 Πελασγικὸν
1406 1954 1529 2008 Ἄργος
1543 1947 1637 1992 εἶπεν
1658 1952 1834 2006 ’Όμηρος
1855 1952 1911 1991 Cf.
1939 1953 2114 1990 Eustath.
2151 1953 2200 1991 ad

1162 2016 1207 2053 Il.
1223 2019 1252 2053 B
1266 2045 1276 2064 ,
1300 2015 1389 2063 738,
1410 2028 1447 2065 p.
1472 2014 1561 2061 333,
1577 2013 1644 2063 qui
1660 2012 1719 2051 τὸν
1743 2010 1999 2062 ἀναλεξάμενον
2020 2009 2064 2049 τὰ
2082 2010 2201 2050 ἐθνικὰ

1162 2083 1339 2122 secutus,
1358 2082 1448 2125 post
1473 2072 1548 2110 alia
1569 2072 1685 2109 dicit:
1705 2069 1877 2122 Ἄργισσα
1903 2068 1940 2107 δὲ
1968 2069 2156 2120 ὠνομάσθη
2176 2069 2198 2116 ἢ

1163 2133 1232 2172 ἀπὸ
1252 2132 1415 2187 Ἀργείων
1438 2130 1461 2178 ἢ
1484 2130 1541 2170 διὰ
1557 2130 1596 2169 τὸ
1615 2130 1852 2184 1*προσ-κυροῦν
1878 2134 1950 2172 τοῖς
1984 2128 2115 2172 πεδίοις
2139 2131 2201 2175 τῆς

1162 2192 1380 2241 Θεσσαλίας,
1398 2192 1440 2239 ἣν
1461 2200 1531 2230 010.
1551 2195 1680 2238 Quare
1699 2190 1844 2228 Berkel.
1861 2188 2045 2239 Stephani
2061 2189 2199 2234 locum,

1154 2305 1285 2337 colonos
1304 2304 1475 2344 postquam
1491 2302 1675 2343 collegerat,
1693 2300 1806 2333 urbem
1823 2299 1970 2333 condidit
1983 2307 2122 2340 eamque
2143 2309 2199 2332 no-

110 2352 238 2392 Ocalea,
253 2352 332 2385 urbs
345 2354 518 2387 Boeotiae...
537 2310 807 2389 ὲ111411011101115...
821 2358 1008 2391 Vocabatur
1019 2367 1098 2391 vero
1154 2352 1292 2384 minavit
1305 2350 1539 2391 Helleuopolin.
1563 2363 1578 2378 »

67 2400 176 2434 ocalia
185 2424 195 2441 ,
208 2401 291 2433 teste
305 2401 511 2442 Apollodoro.

544 2456 629 2490 145.

111 2499 266 2531 0110115...
296 2501 471 2532 Hecataeus
495 2504 626 2542 portum
659 2503 749 2544 Epiri
774 2507 869 2536 vocat
897 2504 1042 2537 Oricum.

67 2546 284 2588 Apollodorus
302 2548 412 2579 autem
432 2547 734 2583 admirabilissimus
749 2551 863 2584 urbem
879 2561 952 2584 eam
965 2552 1069 2584 novit.

60 2690 63 2693 ‚
109 2648 224 2686 Oreus,
241 2646 318 2678 urbs
333 2647 478 2680 Euboeae.
496 2603 677 2682 ..feffiiue
689 2650 868 2694 Ὠρείτης...
883 2652 1100 2693 Α1101101101115

70 2695 179 2725 autem
195 2693 466 2734 quadrisyllabiee
485 2696 610 2736 inquit,
627 2705 691 2728 non
711 2706 769 2738 per
788 2710 814 2730 ει
836 2699 1074 2740 diphthongum
1090 2724 1100 2741 ,

69 2740 124 2793 sed
142 2749 199 2781 per
212 2751 227 2772 ε
243 2742 276 2773 01
289 2752 317 2780 ι,
332 2742 471 2784 Ὠρεΐτας
489 2752 496 2774 :
517 2755 534 2771 «
547 2743 600 2776 sic
616 2745 712 2777 00010
725 2746 909 2778 0101101001
921 2746 1035 2779 urbem
1052 2756 1101 2779 00-

75 2788 180 2828 11111111.
206 2799 222 2815 »
545 2838 632 2872 ¹47·

111 2881 255 2921 Campus
267 2883 382 2922 Nepeae
398 2891 498 2924 prope
511 2884 666 2924 cyzicum
682 2889 769 2919 est...
788 2888 1006 2929 Apollodorus
1020 2898 1101 2921 vero

70 2927 185 2968 Nepeae
198 2936 349 2969 0010111101
364 2929 397 2961 10
415 2931 554 2971 Phrygia
568 2932 658 2967 dicit.

113 3026 210 3059 Hiero
224 3029 292 3060 erat
309 2985 631 3072 syracusanus,11;¹0{1'
639 3042 716 3066 vero
733 3035 879 3068 AEtnaeus
887 3058 896 3076 ‚
912 3036 997 3068 sicut
1011 3037 1103 3078 Apol·

71 3072 206 3106 lodorus
219 3074 310 3108 dicit.

114 3168 330 3209 Protoqeniae
343 3170 464 3202 urbi...
481 3128 645 3213 0111101210
652 3174 731 3207 dicit
736 3186 745 3215 ;
763 3175 830 3208 illic
842 3177 927 3208 enim
940 3176 1104 3209 habitasse

75 3211 122 3244 ait
133 3215 361 3248 Deucalionem
384 3218 418 3248 et
441 3219 598 3258 Pyrrham
612 3243 621 3259 ‚
645 3229 784 3261 quorum
808 3222 875 3254 filia
899 3223 1101 3263 Protogenia.

80 3260 293 3299 Apollodorus
313 3272 390 3295 vero
406 3264 502 3297 refert
520 3275 585 3298 non
602 3270 731 3309 Opunte
744 3292 753 3309 ‚
770 3269 824 3301 sed
841 3270 924 3310 Cyni
942 3270 1105 3303 Deucalio-

78 3313 151 3338 nem
168 3307 201 3340 et
214 3309 372 3349 Pyrrham
388 3310 561 3346 habitasse.

116 3400 342 3443 Hellenopolis.
357 3417 371 3432 α
388 3362 764 3446 Apollodoffisoslxttalus
776 3419 814 3442 ex
831 3410 952 3443 Graecis
969 3410 1102 3443 urbibus

1522 2458 1590 2497 DE
1619 2458 1844 2498 NAVIBUS

1639 2539 1706 2563 Slve

1419 2591 1475 2622 DE
1498 2591 1662 2622 NAVIUM
1683 2591 1922 2624 cATALOGoz

1568 2659 1723 2698 LIBER
1753 2661 1782 2698 I.

1635 2735 1724 2768 151.

1199 2791 1344 2832 Plataeae,
1359 2793 1438 2824 urbs
1453 2793 1587 2825 Boeotiae
1599 2816 1646 2831 ‚...
1664 2794 1781 2825 vocata
1794 2790 1855 2823 suit
1871 2799 1890 2821 a
1906 2788 2076 2831 palmula
2088 2791 2191 2829 remi,

1159 2840 1196 2871 ut
1224 2839 1441 2880 Apollodorus
1468 2839 1573 2880 primo
1600 2839 1769 2879 catalogi:
1789 2851 1804 2866 «
1820 2840 1929 2875 Quum
1959 2837 2000 2868 ab
2016 2835 2190 2877 paludibus

1158 2886 1309 2918 inundari
1327 2886 1444 2918 soleret
1457 2887 1590 2925 Boeotia,
1605 2886 1660 2926 qui
1672 2887 1765 2926 juxta
1781 2884 1915 2926 paludes
1930 2883 2089 2923 habitant,
2103 2885 2191 2916 Boeo-

1159 2932 1226 2964 tios
1239 2932 1380 2964 navibus
1393 2933 1545 2965 vehentes
1559 2933 1598 2964 ad
1612 2933 1751 2964 invicem
1764 2931 1935 2973 proficisci.
1949 2931 2000 2963 Sic
2014 2939 2032 2962 a
2045 2930 2190 2973 palmula

1158 2979 1239 3011 remi
1257 2979 1384 3019 (πλάτη)
1397 2981 1528 3012 vocatas
1545 2988 1615 3012 esse
1632 2980 1780 3019 Ρ1010005,
1797 2979 1829 3011 01
1843 2988 1863 3011 0
1879 2987 1968 3010 remo
1984 2978 2114 3019 (κώπη)
2130 2981 2190 3012 Co-

1159 3034 1218 3066 pas
1232 3025 1357 3058 urbem.
1375 3040 1390 3054 »

1200 3133 1342 3171 Argura,
1363 3131 1441 3164 urbs
1466 3132 1641 3164 Thessaliae
1663 3132 1714 3172 (ad
1739 3130 2075 3172 Ρο11001111111ν111111),
2097 3133 2190 3163 antea

1161 3178 1291 3219 Argissa
1303 3178 1429 3210 dicta...
1440 3178 1568 3211 Gentile
1582 3180 1750 3220 oportebat
1762 3188 1835 3212 esse
1845 3182 2019 3220 Argureus‚
2034 3179 2189 3220 quemad-

1161 3225 1295 3257 modum
1320 3225 1418 3257 0110111
1441 3224 1534 3257 Philo
1562 3226 1711 3267 perhibet
1727 3237 1735 3258 :
1765 3235 1881 3259 verum
1909 3225 2124 3267 Apollodorus
2158 3225 2189 3258 in

1162 3272 1268 3312 primo
1284 3266 1367 3304 libro
1386 3272 1426 3304 de
1444 3273 1584 3304 Navium
1607 3272 1761 3315 catalogo
1775 3274 1897 3314 tradit,
1913 3273 2035 3306 incolas
2052 3274 2189 3313 Argivos

1162 3318 1326 3358 appellari,
1343 3319 1394 3351 vel
1407 3320 1538 3352 nomine
1554 3323 1690 3360 mutato,
1705 3322 1756 3354 vel
1773 3322 1862 3362 quod
1880 3321 2071 3362 campestria
2091 3322 2190 3353 Thes-

1164 3365 1251 3397 saliae
1265 3364 1346 3404 loca,
1362 3375 1459 3406 quam
1476 3367 1636 3400 Homerus
1652 3368 1852 3410 Pelasgicum
1877 3371 1979 3410 Argos
1997 3368 2189 3406 nominavit,

1164 3411 1224 3443 sibi
1240 3412 1487 3445 vindicaverint.
