2294 3704
933 116 1002 157 DE
1027 117 1340 159 HELLANICO.

61 235 68 239 -
85 213 160 267 (01.
181 213 245 261 75,
268 225 301 259 1,
321 211 395 256 480
414 222 447 247 a.
462 206 580 258 Chr.).
597 204 893 250 Accuratissime
912 204 994 243 haec
1009 205 1112 243 dicta

85 287 167 312 esse
198 272 263 310 vix
292 267 578 314 contenderim,
615 278 736 316 quum
768 264 881 302 valde
908 263 1113 315 probabile

86 332 134 370 sit
155 331 303 370 huncce
323 339 466 365 annum
496 324 674 374 diemque
699 323 866 360 natalem
894 322 943 360 ad
971 335 1112 359 nomen

85 388 274 428 Hellanici
305 383 615 423 accommodatos
638 395 732 420 esse.
763 385 892 430 Quare
923 380 954 418 si
979 388 1115 417 contra

86 459 264 499 expressa
290 443 406 482 verba
429 441 635 480 testimonii
659 440 889 491 conjecturae
914 438 1115 489 indulgere

87 507 241 551 liceret,
268 502 432 541 natalem
459 513 603 539 annum
636 498 825 537 Hellanici
854 498 894 536 in
916 496 1116 536 veteribus

87 564 266 615 catalogis
284 563 453 615 positum
469 568 646 613 putarem
660 559 722 598 01.
738 564 800 607 74,
820 560 856 606 3,
871 559 945 603 482
961 572 995 596 a.
1011 559 1115 607 Chr.,

86 625 140 663 ita
160 631 203 662 ut
226 635 339 660 verus
364 621 532 659 calculus
562 617 611 657 ab
630 618 699 656 illo
721 618 934 669 Pamphilae
960 617 1117 655 differat

87 682 147 721 bis
174 689 321 733 septem
343 679 474 724 annis,
502 690 618 729 quam
645 676 806 714 eandem
833 676 1052 714 distantiam
1075 676 1116 714 in

86 741 170 780 aliis
185 738 380 778 nonnullis
393 751 478 789 quae
495 736 543 775 ad
565 736 665 774 hanc
684 741 836 773 aetatem
854 743 1030 786 spectant
1045 734 1117 772 de-

87 798 287 852 prehendi.
312 797 460 835 Vixerit
487 795 605 847 igitur
637 793 859 834 Hellanicus
885 793 935 832 ab
959 794 1022 833 Ol.
1045 798 1116 842 74,

90 857 232 906 3-95,
249 862 294 902 4;
313 856 486 904 482-397
505 867 539 891 a.
561 853 652 892 Chr.

139 919 225 954 Jam
245 927 363 966 quum
388 912 599 964 Pamphilae
615 911 846 959 auctoritas,
869 924 985 962 quam
1008 910 1118 948 multi

89 974 294 1025 adstupere
313 973 455 1019 solent,
482 971 611 1023 quoad
625 971 869 1009 Hellanicum
891 969 1120 1008 labefactata

92 1033 155 1080 sit,
181 1041 297 1084 atque
327 1031 587 1070 verisimiliter
618 1044 663 1068 ea
690 1042 776 1081 quae
794 1029 843 1067 de
870 1027 1058 1067 Herodoti
1080 1036 1119 1065 et

88 1090 327 1141 Thucydidis
354 1098 465 1128 aetate
501 1089 619 1127 habet
657 1102 705 1127 ex
735 1088 871 1127 iisdem
903 1088 1121 1141 ἀναγραφαῖς

89 1151 289 1198 fluxerint,
308 1163 394 1200 quae
416 1162 535 1200 quum
559 1148 607 1186 ad
632 1148 817 1199 majorem
841 1148 902 1185 vel
930 1147 1120 1186 minorem

88 1210 221 1249 omnia
240 1210 509 1260 antiquitatem
537 1208 798 1255 adducerent,
818 1221 946 1246 rerum
971 1207 1121 1245 distan-

91 1270 162 1308 tias
179 1277 303 1307 tamen
324 1267 564 1319 aequabiliter
586 1266 863 1305 observabant:
892 1266 940 1304 de
962 1266 1036 1304 fide
1056 1279 1122 1304 eo-

89 1342 189 1376 rum,
199 1341 314 1378 quam
330 1341 352 1365 a
365 1326 563 1364 nonnullis
576 1327 840 1378 impugnatam
855 1326 1013 1377 plurimi
1030 1335 1124 1364 stre-

89 1401 166 1425 nue
195 1386 453 1424 defenderunt
470 1414 480 1433 ,
510 1398 625 1435 quam
656 1385 821 1423 maxime
851 1393 908 1423 est
935 1384 1123 1423 dubitan-

91 1446 260 1484 dum.—
276 1448 334 1482 De
354 1444 544 1483 Herodoti
580 1452 691 1482 aetate
717 1443 861 1481 eaedem
882 1443 1123 1482 diversitates

93 1505 340 1556 reperiuntur
375 1516 469 1554 quas
499 1503 547 1540 de
578 1502 782 1541 Hellanico
809 1502 986 1541 vidimus.
1022 1504 1121 1541 Nam

91 1563 197 1614 quod
228 1562 366 1601 Suidas
394 1575 482 1599 eum
508 1574 584 1599 una
619 1574 707 1599 cum
738 1560 940 1599 Hellanico
967 1561 1008 1598 in
1036 1562 1123 1599 aula

90 1627 268 1673 Amyntae
297 1628 577 1659 commoratum
605 1620 718 1667 dicit,
737 1620 902 1671 quadrat
926 1634 1014 1658 cum
1041 1622 1124 1659 cal-

91 1682 179 1719 culo
220 1678 378 1718 Eusebii
414 1687 530 1730 atque
559 1679 753 1730 syncelli,
777 1679 845 1730 qui
878 1679 1123 1719 Herodotum

92 1740 359 1794 (provectiore
384 1739 538 1777 demum
565 1747 676 1777 aetate
698 1753 798 1790 opus
821 1752 933 1777 suum
964 1753 1123 1792 compo-

92 1799 261 1850 nentem)
275 1798 450 1836 floruisse
464 1798 598 1836 dicunt
610 1798 673 1837 ol.
690 1800 752 1846 78.
766 1801 901 1849 Neque
916 1798 1124 1838 defuerunt

91 1857 159 1908 qui
176 1870 264 1895 eum
284 1864 373 1907 post
392 1856 455 1894 Ol.
477 1861 540 1904 74,
560 1869 573 1893 ι
598 1864 734 1895 natum
756 1869 839 1895 esse
855 1857 1042 1896 dicerent.
1060 1858 1123 1897 sic

92 1919 252 1955 Tz'etzes
271 1929 358 1953 eum
373 1915 559 1966 Euripide
571 1915 767 1965 juniorem
789 1916 898 1965 facit,
917 1916 1010 1955 levis
1034 1931 1124 1956 sane

92 1974 334 2013 auctoritatis
354 1974 478 2020 testis,
496 1974 614 2012 sedin
642 1988 689 2013 eo
712 1975 780 2025 qui
798 1988 902 2013 nunc
917 1983 974 2014 est
993 1989 1123 2015 rerum

92 2042 200 2071 statu
224 2032 523 2084 haudquaquam
554 2034 878 2082 contemnendus,
910 2037 1123 2086 praesertim

92 2106 210 2143 quum
226 2100 282 2130 tot
300 2092 382 2129 aliis
406 2093 594 2130 Herodoti
610 2094 695 2131 vitae
715 2094 968 2145 chronologia
989 2095 1036 2133 sit
1052 2096 1126 2133 im-

93 2151 224 2202 pedita
239 2151 539 2189 difficultatibus.
558 2152 674 2199 Quod
699 2152 837 2190 deinde
855 2153 1124 2204 Thucydidem

93 2210 244 2256 attinet,
265 2210 475 2261 Pamphilae
492 2211 754 2248 testimonium
766 2220 969 2263 tantopere
987 2213 1127 2251 adver-

94 2276 200 2306 satur
213 2269 461 2316 Marcellino,
481 2270 549 2319 qui
569 2270 795 2308 historicum
813 2281 1008 2310 mortuum
1032 2272 1126 2310 dicit

94 2339 212 2377 super
231 2341 354 2365 annos
385 2336 516 2365 natum
542 2328 835 2380 quinquaginta,
862 2338 978 2381 atque
1005 2331 1126 2382 ipsius

93 2386 332 2436 Thucydidis
355 2387 440 2424 loco
462 2387 523 2438 (V,
542 2388 628 2438 26),
647 2396 691 2425 ut
708 2401 932 2439 persuasum
950 2389 1044 2427 mihi
1059 2390 1126 2439 sit,

93 2445 360 2495 Thucydidem
378 2459 456 2483 non
473 2447 536 2486 Ol.
558 2461 620 2495 77,
639 2461 674 2493 2,
687 2453 759 2494 471
783 2461 817 2488 a.
830 2449 934 2496 Chr.,
950 2449 1016 2487 sed
1031 2463 1127 2500 qua·-

96 2504 308 2542 tuordecim
322 2505 431 2543 annis
441 2506 610 2557 post,Ol.
626 2506 689 2553 80,
707 2512 743 2554 4,
757 2506 830 2555 457
844 2521 878 2545 a.
889 2508 993 2556 Chr.,
1004 2509 1124 2546 lucem

96 2565 340 2615 conspexisse
359 2564 437 2616 (2);
457 2566 563 2616 quod
590 2565 694 2604 idem
720 2567 752 2604 si
774 2567 822 2604 de
841 2567 1042 2606 Herodoto
1061 2582 1128 2607 ac-

96 2623 250 2673 cipitur,
279 2624 326 2661 de
355 2624 483 2662 multis
513 2625 648 2662 melius
681 2633 720 2663 et
745 2625 987 2676 probabilius
1014 2629 1126 2666 statui

97 2682 224 2727 potuit
250 2696 365 2733 quam
391 2684 591 2734 hucusque
623 2685 768 2723 factum
791 2693 859 2723 est.
888 2686 964 2724 Sed
988 2687 1127 2726 limites

95 2739 376 2792 circumscripti
406 2742 522 2793 hujus
554 2743 674 2781 libelli
700 2757 778 2781 non
809 2744 1018 2787 admittunt
1046 2746 1126 2797 jam

95 2801 240 2838 dmtius
254 2813 315 2838 me
332 2801 391 2838 his
410 2802 620 2841 immorari.
633 2805 687 2841 Ut
705 2804 858 2841 redeam
887 2804 935 2842 ad
954 2805 1127 2843 Hellani—

96 2860 331 2911 cumpotuit
343 2860 375 2898 is
393 2874 478 2897 cum
497 2861 698 2900 Herodoto
713 2876 783 2914 per
796 2863 954 2914 aliquod
976 2873 1127 2915 tempus

95 2917 135 2953 in
157 2922 243 2955 aula
257 2919 508 2956 Macedonica
522 2919 661 2971 degere
674 2930 742 2959 aut
755 2931 940 2973 regnante
961 2924 1127 2962 Alexan-

97 2973 186 3021 ‹ln-o,
209 2985 416 3027 antequam
437 2978 606 3018 Thurios
630 2981 852 3020 Herodotus
866 2982 1041 3031 abiisset,
1062 2992 1129 3022 aut

95 3041 184 3082 post
212 3034 295 3084 ejus
327 3036 494 3075 reditum
525 3037 597 3076 sub
633 3052 752 3091 regno
776 3041 967 3080 Archelai.
996 3044 1128 3081 Innuit

97 3091 172 3129 hoc
188 3093 327 3132 Suidas
343 3091 398 3146 (3)
415 3110 423 3132 :
447 3096 479 3134 is
498 3110 589 3135 vero
606 3111 724 3149 quum
754 3099 994 3140 Hellanicum
1017 3115 1129 3139 sexa-

139 3164 182 3205 (2)
201 3166 424 3208 Thucydidem
444 3178 473 3202 a.
490 3173 552 3203 403
561 3172 726 3204 mortuum
745 3181 818 3206 essc
832 3176 1002 3216 propterea
1014 3176 1128 3210 dubito

97 3211 184 3251 quod
213 3213 267 3245 lib.
285 3216 313 3255 1,
331 3224 360 3247 c.
374 3219 412 3249 97
430 3221 664 3252 commemorat
686 3220 853 3253 Atthidem
869 3221 1043 3263 Hellanici,
1055 3233 1129 3264 quae

96 3259 183 3289 cea-te
203 3267 267 3291 non
303 3264 378 3294 ante
400 3262 496 3296 finem
516 3265 592 3298 belli
615 3266 881 3308 Peloponnesiaci
907 3269 939 3301 in
962 3270 1128 3310 publicum

97 3303 184 3335 edita
196 3313 266 3338 esse
283 3309 399 3348 potuit.

143 3350 189 3392 (3)
212 3353 265 3386 Cl'.
281 3355 385 3387 Seliol.
401 3357 498 3398 Sopli.
516 3359 688 3394 Philoctet.
708 3364 763 3394 201
784 3372 791 3393 :
807 3362 944 3404 Εὔστομ]
956 3363 1009 3405 ἔχε
1022 3387 1030 3403 ,
1054 3365 1128 3406 παῖ]

2117 134 2204 163 XXV

1173 206 1278 256 ginta
1298 206 1421 245 tribus
1439 207 1594 246 circiter
1607 208 1717 247 annis
1729 209 1834 260 justo
1854 210 2036 262 majorem
2057 212 2203 258 fecerit,

1173 278 1300 315 neque
1312 266 1576 304 Alexandrum
1594 280 1722 318 regem
1740 282 1867 320 neque
1882 270 2114 308 Archelaum
2132 284 2204 309 no-

1174 324 1321 362 minare
1341 325 1488 376 potuit3
1510 326 1575 363 sed
1599 340 1673 377 pro
1695 340 1766 366 suo
1795 329 1944 366 calculo
1963 330 2204 368 Hellanicum

1174 382 1277 432 apud
1300 387 1507 433 Amyntam
1525 398 1611 422 cum
1631 387 1830 424 Herodoto
1851 387 1966 425 fuisse
1990 388 2118 427 dicere
2135 389 2206 427 de-

1174 439 1281 484 buit3
1307 454 1356 478 ne
1379 449 1504 480 tamen
1531 443 1689 482 nimium
1720 445 1933 484 tribuamus
1954 446 2043 484 huic
2074 447 2204 494 famae,

1174 506 1308 536 monet
1342 500 1446 549 quod
1479 501 1579 539 idem
1614 503 1751 542 Suidas
1777 504 2016 543 Hellanicum
2051 504 2206 543 obviam

1176 556 1318 594 factum
1339 570 1421 595 esse
1443 558 1536 595 dicit
1552 562 1751 611 Hecataeo,
1768 563 1835 614 qui
1853 563 1989 602 eodem
2010 564 2090 602 fere
2111 572 2207 604 tem-

1176 627 1272 665 pore
1291 627 1312 652 e
1332 614 1611 664 vitadecessit,
1636 632 1715 669 quo
1738 622 1836 659 alter
1849 622 1957 660 estin
1980 622 2103 660 lucem
2124 622 2209 661 edi-

1178 681 1249 711 tus.
1272 676 1326 712 Ut
1349 682 1512 724 propter
1531 689 1659 714 veram
1682 686 1900 731 temporum
1924 681 2112 720 rationem
2132 681 2208 720 hoc

1176 744 1198 768 a
1217 745 1310 769 vero
1328 731 1533 781 abhorret,
1553 734 1607 771 sic
1621 734 1711 786 jure
1725 739 1894 787 quodam
1908 740 2063 778 mentiri
2080 740 2210 792 potuit

1176 789 1227 838 is,
1256 790 1324 841 qui
1348 791 1588 829 Hellanicum
1614 796 1792 844 Amyntae
1823 806 1935 836 aetate
1963 798 2102 837 vixisse
2128 807 2210 836 sta-

1177 856 1314 887 tueret.
1348 852 1527 887 Ceterum
1561 850 1610 889 de
1640 852 1721 890 vita
1751 856 1872 892 nostri
1905 858 2071 895 auctoris
2114 858 2210 895 nihil

1178 916 1419 959 compertum
1446 908 1635 947 habemus
1664 910 1736 948 nisi
1760 911 1879 964 illud,
1906 915 2011 964 quod
2043 929 2064 953 a
2093 916 2211 954 Suida

1177 969 1424 1016 Perperenae,
1442 980 1529 1017 quae
1549 966 1640 1005 urbs
1654 969 1724 1006 sita
1745 979 1801 1007 est
1817 984 1838 1008 e
1861 973 2014 1023 regione
2034 974 2146 1012 Lesbi
2161 975 2210 1012 ad

1179 1024 1306 1062 sinum
1328 1025 1675 1076 Adramyttenum‚
1697 1028 1776 1066 fato
1800 1029 2001 1068 defunctus
2024 1045 2105 1070 csse
2125 1047 2211 1070 nar-

1179 1094 1299 1123 ratur.

1233 1145 1472 1196 Conscripsit
1497 1146 1719 1185 Hellanicus
1747 1148 1915 1198 plurima
1939 1158 2018 1187 tum
2041 1153 2213 1201 prosaria

1180 1203 1356 1242 oratione
1373 1213 1451 1241 tum
1473 1205 1637 1256 poetica.
1654 1209 1745 1244 Haec
1766 1217 1854 1245 sunt
1868 1223 1953 1259 quae
1970 1209 2017 1247 de
2031 1210 2214 1261 operibus

1180 1262 1371 1300 Hellanici
1400 1263 1519 1301 tradit
1540 1264 1698 1310 Suidas,
1727 1279 1771 1303 ac
1797 1280 1847 1304 ne
1873 1268 2110 1317 paucissima
2127 1269 2214 1319 qui-

1180 1320 1206 1358 d
1230 1334 1268 1358 m
1285 1321 1366 1359 haec
1383 1335 1660 1374 usquequaque
1677 1337 1768 1362 vera
1782 1339 1864 1363 esse
1877 1326 2070 1364 videntur.
2094 1332 2216 1365 Accu-

1182 1379 1327 1417 ratiora
1359 1392 1407 1417 ex
1441 1379 1533 1431 ipsis
1566 1390 1655 1419 sunt
1685 1383 1855 1421 eruenda
1889 1385 2132 1435 fragmentis,
2169 1398 2216 1422 ex

1182 1437 1324 1488 quibus
1347 1451 1439 1476 sane
1459 1449 1622 1490 apparet
1639 1441 1968 1481 foecundissimum
1988 1457 2075 1482 eum
2100 1443 2217 1482 fuisse

1181 1497 1423 1548 scriptorem.
1440 1498 1480 1537 Si
1495 1512 1542 1536 ex
1558 1499 1678 1538 titulis
1693 1514 1714 1538 a
1728 1501 1922 1540 veteribus
1942 1502 2105 1540 laudatis
2118 1515 2217 1540 con-

1181 1555 1392 1593 clusionem
1418 1557 1544 1595 facere
1561 1558 1712 1606 liceret,
1737 1573 1858 1611 opera
1881 1561 2095 1612 scripsisset
2115 1561 2216 1598 circa

1184 1611 1351 1665 triginta.
1363 1618 1510 1654 Verum
1533 1618 1623 1655 satis
1641 1613 1823 1657 convenit
1842 1619 1943 1658 inter
1961 1621 2066 1658 viros
2083 1620 2218 1658 doctos

1182 1672 1328 1710 hancce
1347 1687 1433 1724 quae
1453 1675 1608 1713 videtur
1624 1676 1815 1716 duntaxat
1831 1678 2020 1716 librorum
2041 1679 2218 1717 multitu-

1183 1732 1312 1770 dinem
1342 1746 1390 1771 ex
1418 1733 1492 1772 isto
1511 1744 1666 1773 enatam
1692 1750 1774 1775 esse
1798 1751 1906 1776 more
1925 1747 2097 1776 veterum
2121 1738 2215 1776 scri-

1184 1799 1360 1842 ptorum,
1380 1806 1460 1843 quo
1480 1794 1649 1844 singulas
1678 1796 1872 1847 majorum
1904 1811 2068 1848 operum
2090 1806 2219 1848 partes

1185 1850 1445 1900 peculiaribus
1480 1852 1600 1890 titulis
1630 1854 1678 1892 ab
1705 1855 1798 1906 ipsis
1824 1857 2052 1907 plerumque
2080 1857 2218 1895 effictis

1183 1909 1342 1947 laudare
1372 1910 1556 1950 solerent.
1587 1913 1869 1962 Nihilominus,
1896 1929 1982 1966 quae
2001 1924 2059 1953 est
2078 1916 2219 1953 horum

1184 1969 1385 2007 titulorum
1408 1979 1524 2021 atque
1547 1973 1850 2024 fragmentorum
1875 1985 2013 2013 natura
2035 1985 2074 2014 et
2103 1977 2220 2014 indo-

1183 2029 1254 2076 les,
1277 2042 1338 2067 res
1355 2030 1580 2069 difficillima
1600 2041 1656 2070 est
1678 2041 1718 2070 et
1738 2033 1889 2072 lubrica
1917 2034 2127 2072 admodum
2151 2034 2220 2072 has

1187 2096 1313 2138 partes
1342 2088 1396 2126 ita
1426 2103 1662 2140 componere
1694 2100 1733 2129 et
1761 2094 2046 2144 conglutinare,
2080 2102 2123 2130 ut
2153 2094 2219 2144 qui

1185 2145 1303 2184 fuerit
1330 2146 1520 2197 majorum
1552 2163 1715 2200 operum
1746 2165 1954 2196 numerus,
1982 2153 2149 2190 ambitus
2181 2162 2216 2191 et

1186 2205 1390 2244 adornatio
1419 2207 1512 2246 inde
1545 2209 1794 2261 intelligatur.
1818 2214 1950 2258 Quare
1975 2212 2148 2250 Sturzius
2172 2212 2220 2249 de

1183 2277 1276 2302 vera
1302 2279 1435 2303 earum
1457 2267 1710 2318 dispositione
1733 2271 1972 2309 restituenda
1989 2272 2218 2322 desperans,

1185 2336 1249 2360 eas
1269 2325 1463 2362 recensuit
1485 2339 1532 2363 ex
1555 2326 1694 2366 ordine
1715 2328 1914 2366 literarum
1935 2343 1956 2367 a
1980 2330 2122 2381 quibus
2153 2330 2218 2366 in·—

1185 2382 1279 2433 cipit
1299 2383 1487 2434 cujusque
1510 2385 1724 2437 inscriptio.
1745 2391 1822 2426 Nos
1842 2388 1880 2425 in
1910 2389 2134 2426 ordinandis
2153 2401 2218 2425 re-

1186 2441 1315 2491 liquiis
1335 2442 1388 2480 ita
1411 2443 1555 2481 versati
1571 2458 1721 2494 sumus,
1742 2455 1785 2484 ut
1802 2447 1928 2498 primo
1948 2447 2033 2484 loco
2051 2460 2216 2497 ponere-

1186 2507 1269 2532 mus
1300 2495 1511 2547 fragmenta
1544 2497 1616 2535 sub
1647 2499 1760 2537 titulo
1793 2500 1967 2544 laudata,
1999 2501 2066 2550 qui
2099 2499 2217 2537 totius

1186 2553 1346 2604 alicujus
1361 2555 1490 2605 operis
1505 2556 1708 2608 inscriptio
1728 2558 1862 2596 haberi
1883 2559 2022 2609 possit,
2040 2558 2099 2595 his
2114 2558 2220 2595 dein-

1186 2625 1276 2664 ceps
1303 2612 1599 2664 adjungeremus
1623 2630 1688 2654 eos
1713 2617 1867 2662 titulos,
1889 2617 2029 2667 quibus
2049 2626 2114 2654 aut
2137 2630 2218 2655 ma—

1181 2672 1279 2724 joris
1302 2674 1431 2724 operis
1451 2688 1542 2725 pars
1565 2685 1633 2714 aut
1656 2687 1860 2727 cognatum
1885 2677 2018 2715 saltem
2043 2677 2077 2714 ei
2100 2690 2219 2728 argu-

1188 2742 1358 2772 mentum
1373 2734 1622 2774 indicaretur.
1632 2738 1700 2773 ,Ita
1713 2736 2015 2787 fragmentorum
2028 2737 2218 2775 Hellanici

1187 2793 1389 2844 dispositio
1412 2794 1462 2832 ad
1490 2807 1575 2832 eam
1605 2795 1810 2841 rationem,
1840 2807 1956 2844 quam
1987 2794 2027 2831 in
2061 2795 2219 2846 reliquis

1187 2852 1410 2891 auctoribus
1435 2853 1556 2892 secuti
1581 2866 1734 2901 sumus,
1762 2853 1928 2901 accedit,
1955 2866 2084 2904 neque
2113 2855 2216 2892 disfi-

1187 2912 1367 2950 cultatem
1381 2912 1824 2962 creavimus,quominus
1837 2925 1907 2950 suo
1921 2912 2083 2963 quisque
2099 2913 2218 2964 ipsius

1187 2970 1342 3021 ingenio
1364 2971 1403 3008 in
1433 2970 1662 3020 refingendis
1683 2970 1853 3008 historici
1873 2971 2058 3022 operibus
2086 2972 2218 3010 indul-

1187 3037 1284 3080 geat.
1312 3034 1356 3066 In
1384 3029 1430 3067 iis
1460 3029 1614 3066 demum
1641 3028 1913 3080 fragminibus,
1945 3029 2087 3081 quibus
2112 3032 2215 3069 nulla

1187 3089 1277 3127 libri
1304 3090 1443 3127 notitia
1466 3089 1648 3140 adspersa
1681 3098 1757 3138 est,
1789 3103 1878 3128 raro
1907 3099 2077 3140 tantum,
2109 3092 2217 3143 quod

1186 3227 1343 3259 Εἰώθασιν
1356 3227 1438 3258 οὕτω
1448 3227 1546 3269 λέγειν
1556 3228 1623 3261 ἀντὶ
1635 3231 1689 3261 τοῦ
1699 3229 1816 3262 σιώπα·
1825 3229 1863 3262 τὸ
1871 3230 1903 3262 δὲ
1909 3233 2030 3263 τοιοῦτο
2039 3230 2214 3272 κεχίασται,

1187 3274 1234 3305 ὅτι
1242 3273 1417 3311 Ἑλλάνικός
1427 3285 1502 3307 ποτε
1509 3274 1753 3317 ἀναγιγνώσκων
1759 3276 1798 3308 τά
1807 3277 1988 3320 Ἡροδότου,
2002 3277 2098 3319 ἔλεγε·
2115 3290 2130 3305 ·‹
2139 3277 2215 3319 Περὶ

1187 3321 1220 3352 δὲ
1233 3320 1330 3351 τῶνδέ
1343 3331 1394 3360 μοι
1405 3321 1543 3362 εὔστομα
1555 3323 1684 3355 κείσθω·
1695 3336 1710 3351 »
1726 3324 1763 3355 οὐ
1778 3325 1904 3367 διαιρῶν
1915 3326 1957 3361 εἰς
1967 3325 2022 3357 δύο
2032 3325 2135 3364 λέξεις,
2149 3323 2216 3355 ἀλλ’

1189 3368 1229 3403 ὡς
1240 3366 1276 3397 ἄν
1287 3377 1331 3404 τις
1342 3367 1437 3408 εἴποι,
1446 3371 1544 3400 ταῦτα
1561 3359 1710 3412 εὔστδμα.
