2320 3684
180 163 255 197 576

1078 150 1184 190 ANN
1191 149 1387 190 OTATIO

177 249 314 286 verint.
333 246 562 296 Conjectura
577 243 659 279 haec
674 241 854 278 nituntur
866 268 877 287 ,
900 237 967 276 sed
985 237 1194 276 admodum
1257 237 1440 275 tuendum
1459 246 1596 288 putat,
1613 247 1656 277 ut
1670 243 1809 279 Noster
1827 243 2075 294 assumpserit
2093 256 2274 283 numeros

175 307 241 344 illa
267 303 484 357 probabili,
503 302 535 339 si
557 299 712 351 quidem
741 298 975 336 concesseris
993 310 1086 335 vera
1115 309 1195 334 esse

177 378 262 416 quae
281 363 327 400 de
343 361 550 413 ἀναγραφῶν
573 356 790 396 rationibus
807 355 1020 393 statuimus.

229 426 281 461 Ut
311 421 468 458 ulterius
495 416 812 469 progrediamur;
844 415 1025 465 quoniam
1054 414 1196 452 Ionicae

178 481 339 520 coloniae
382 478 507 529 primo
554 476 749 514 Medontis
786 487 885 512 anno
934 473 1106 511 deductae
1147 473 1196 511 ab

177 541 328 589 Olymp.
368 552 382 574 1
425 550 472 573 ex
506 543 677 573 veterum
728 533 979 584 chronologia
1021 533 1042 570 5
1080 533 1196 582 cyclis

178 599 343 644 distant,
364 590 540 645 sequitur
555 594 664 642 inde,
694 602 736 630 ut
760 606 781 630 a
803 592 987 630 Medonte
1012 605 1131 642 usque
1150 591 1198 629 ad

178 655 347 705 AEschyli
364 668 397 692 a.
423 668 439 691 1
466 654 528 691 vel
548 667 590 701 2,
614 653 676 690 cui
701 653 857 702 Olymp.
897 666 911 688 1
940 651 1196 697 adscribitur,

176 715 264 752 anni
283 714 358 751 sint
376 714 450 752 315
472 713 631 764 (5÷63).
647 715 745 750 Ecce
759 710 984 748 laterculum
1000 725 1009 747 τ

384 793 461 821 Can.
479 788 592 820 Euseb.
637 791 710 820 Eus.
727 791 814 819 Arm.
828 796 861 828 p.
879 789 948 819 136.
1014 790 1090 819 Eae.
1103 786 1194 819 Barb.

207 870 243 903 1,
261 855 404 893 Medon
531 867 581 891 2ο
664 855 687 891 8
706 859 757 892 vel
782 868 806 903 9
1149 866 1198 889 2ο

204 927 243 964 2,
263 918 428 952 Acastus
529 914 577 950 36
635 915 684 951 36
707 914 894 956 (35’chron.
914 920 947 952 p.
962 910 1014 951 35)
1149 913 1198 961 39

205 975 242 1024 3,
263 973 482 1023 Archippus
530 986 576 1022 19
637 987 684 1023 19
1150 977 1198 1015 40

205 1038 242 1080 4,
262 1032 504 1082 Thersippus
526 1037 570 1075 41
632 1038 678 1076 4ι
1150 1031 1197 1066 23

205 1091 245 1139 5„
261 1090 432 1128 Phorbas
522 1091 542 1127 3
552 1103 567 1126 Ι
629 1091 678 1128 3ο
1150 1089 1170 1126 3
1178 1090 1197 1125 3

204 1150 241 1196 6,
261 1149 452 1199 Megacles
521 1149 570 1185 30
628 1150 675 1185 3ο
1150 1148 1198 1184 28

206 1221 244 1258 7,
262 1207 478 1258 Diognetus
517 1207 566 1243 28
623 1208 672 1244 28
692 1206 831 1246 (25Eus.
847 1207 964 1239 chron.
1149 1205 1198 1243 28

205 1311 243 1358 8,
261 1311 460 1349 Pherecles
520 1325 566 1361 19
626 1312 671 1348 16
774 1274 805 1305 p.
822 1265 875 1305 35)
1152 1310 1200 1347 15

205 1383 244 1420 9,
263 1371 462 1421 Ariphron
518 1381 568 1408 2ο
623 1383 672 1408 2ο
694 1368 741 1410 (31
758 1375 830 1402 Eus.
843 1370 962 1402 chron.
1151 1371 1200 1407 30

182 1490 241 1526 xo,
259 1476 471 1526 Thespieus
513 1491 559 1522 27
620 1490 667 1524 27
795 1437 828 1468 p.
843 1428 895 1468 37)
1151 1483 1200 1521 40

182 1548 244 1586 11,
261 1538 486 1585 Agamestor
516 1549 563 1572 20
623 1549 666 1582 17
1151 1536 1200 1572 26

487 1630 558 1666 291
1125 1619 1197 1655 322

177 1696 236 1730 Ex
265 1693 326 1730 his
358 1693 406 1731 ad
435 1702 586 1731 nostras
617 1694 787 1731 rationes
811 1695 988 1745 proxime
1014 1695 1202 1733 accedunt

177 1755 367 1802 Excerpta
392 1752 577 1797 Barbara,
598 1766 764 1802 quorum
796 1766 931 1803 magna
953 1763 1009 1791 est
1036 1755 1200 1791 auctori-

179 1818 235 1848 tas
246 1826 257 1858 ;
276 1810 492 1848 differentia
506 1820 562 1848 est
580 1820 728 1861 septem
749 1826 950 1850 annorum.
962 1817 1103 1850 Verum
1123 1827 1200 1850 non

177 1869 217 1906 id
241 1869 318 1920 egit
346 1872 627 1919 Excerptorum
655 1879 790 1907 auctor
806 1898 814 1914 ‚
836 1879 878 1907 ut
898 1885 919 1908 a
944 1872 1123 1909 Medonte
1154 1872 1201 1910 ad

178 1928 333 1978 Olymp.
357 1942 371 1964 1
399 1936 523 1965 certus
542 1930 736 1978 cyclorum
756 1943 939 1967 numerus
967 1931 1198 1980 expleretur,

178 1987 244 2024 sed
258 1987 306 2023 ad
321 1986 359 2023 id
374 1987 542 2023 animum
558 1988 734 2031 attendit,
754 1996 863 2038 puto,
883 1996 925 2024 ut
943 1991 1106 2038 posteris
1123 1994 1201 2028 Me-

178 2045 320 2095 dontis,
341 2045 407 2095 qui
423 2058 543 2094 usque
559 2045 607 2082 ad
628 2046 814 2083 Clidicum
834 2048 986 2098 βασιλεῖς
999 2049 1200 2100 appellan—

179 2111 243 2141 tur
271 2103 347 2155 (cf.
376 2107 537 2140 Pausan.
554 2107 592 2152 I,
619 2105 660 2152 3,
680 2118 701 2141 2
720 2119 728 2141 :
747 2105 792 2142 Εἰ
825 2104 862 2142 δέ
896 2120 956 2155 μοι
984 2108 1199 2158 γενεαλογεῖν

177 2160 304 2215 ἤρεσκε
339 2159 403 2199 καὶ
432 2159 510 2204 τοὺς
545 2161 614 2200 ἀπὸ
649 2162 833 2200 Μελάνθου
866 2163 1136 2215 βασιλεύσαντος
1169 2166 1202 2208 ἐς

180 2219 364 2258 Κλείδικον
397 2219 455 2258 τὸν
478 2221 675 2271 Αἰσιμίδου,
698 2221 757 2259 καὶ
776 2221 918 2265 τούτους
937 2222 977 2261 ἂν
994 2225 1199 2277 ἀπηριθμη-

179 2278 318 2328 σάμην,
337 2279 383 2316 cf.
402 2282 608 2318 Hermann.
629 2284 696 2318 Gr.
711 2281 899 2331 Antiquit.
919 2286 937 2328 5
964 2285 1032 2320 103
1050 2292 1088 2320 et
1104 2297 1201 2334 quos

178 2337 341 2387 laudat),
363 2339 586 2385 rotundum,
609 2353 724 2390 quem
745 2340 872 2378 dicere
890 2342 993 2390 licet,
1011 2356 1200 2380 annorum

179 2415 376 2438 numerum
399 2403 620 2453 assignaret.
636 2408 717 2441 Jam
744 2405 793 2442 ab
811 2406 990 2455 AEschylo
1013 2421 1136 2457 usque
1154 2409 1201 2445 ad

179 2461 366 2498 Clidicum
379 2471 629 2499 numerantur
643 2464 732 2499 anni
746 2464 808 2510 56;
822 2464 963 2514 quibus
973 2465 1003 2501 si
1012 2466 1201 2504 addideris

179 2533 213 2557 a.
234 2521 322 2567 322,
341 2534 361 2557 a
382 2521 565 2557 Medonte
581 2520 627 2557 ad
644 2522 832 2558 Clidicum
852 2533 1106 2560 numerantur
1124 2526 1198 2571 378

179 2580 241 2616 vel
268 2580 410 2622 6><63.
438 2580 561 2630 Igitur
590 2594 773 2617 summam
809 2595 997 2619 annorum
1015 2612 1025 2630 ,
1059 2583 1200 2632 quibus

178 2638 417 2676 Medontidae
447 2648 656 2689 regnarunt
674 2666 683 2684 ‚
715 2640 755 2676 in
776 2641 994 2677 universum
1019 2655 1066 2678 ex
1087 2656 1199 2680 sensu

179 2706 352 2735 veterum
383 2699 644 2748 catalogorum
677 2700 931 2748 computavit3
960 2713 1093 2736 verum
1121 2714 1198 2738 non

179 2755 317 2792 dubito
333 2785 343 2802 ,
378 2757 471 2806 quin
519 2756 740 2806 primitivus
777 2770 965 2795 annorum
1017 2773 1199 2798 numerus

182 2827 299 2864 usque
324 2815 372 2852 ad
394 2815 615 2864 AEschylum
646 2817 706 2853 vel
727 2817 880 2867 Olymp.
914 2831 928 2854 1
965 2818 1080 2855 fuerit
1099 2819 1173 2855 315
1189 2847 1198 2865 ,

178 2872 268 2910 inde
284 2887 404 2923 usque
421 2874 468 2910 ad
487 2874 674 2912 Clidicum
698 2876 759 2912 63.

235 2935 301 2969 Hae
319 2933 350 2969 si
382 2933 524 2969 fuerint
555 2935 723 2972 rationes
752 2935 1025 2985 antiquissimae
1043 2936 1200 2974 chrono-

180 2991 303 3039 logiae,
318 2991 399 3040 jam
419 2993 615 3041 quaeritur,
633 3007 816 3044 quasnam
843 2996 1012 3033 rationes
1031 2999 1200 3034 Marmor

181 3049 331 3086 Parium
349 3079 359 3097 ,
391 3051 494 3100 quod
519 3051 597 3100 jam
629 3053 740 3103 longe
769 3053 878 3090 abest
904 3067 926 3091 a
945 3055 1198 3093 vetustiorum

181 3108 437 3157 simplicitate,
464 3119 637 3147 secutum
664 3112 723 3149 sit.
742 3112 844 3158 Quid
874 3113 922 3149 de
949 3114 1074 3164 spatio
1098 3115 1199 3152 inter

180 3165 322 3202 bellum
346 3167 549 3216 Trojanum
570 3179 607 3206 et
630 3171 799 3208 colonias
818 3172 968 3209 Ionicas
998 3173 1199 3223 interjecto

182 3226 425 3262 statuendum
441 3241 522 3264 csse
543 3237 686 3277 putem,
699 3243 815 3280 supra
832 3230 907 3280 J'am
927 3232 1103 3270 indicavi.
1118 3234 1198 3270 Ali-

182 3292 238 3321 ter
252 3285 384 3322 statuit
402 3287 598 3324 ssoeekhius
610 3317 620 3334 ,
639 3289 703 3337 qui
729 3290 934 3327 Marmoris
964 3293 1156 3329 (janonem
1177 3306 1198 3329 a

182 3341 298 3393 Troja
318 3352 429 3394 capta
445 3358 564 3395 usque
586 3349 632 3386 ad
650 3350 785 3385 Ionum
804 3349 972 3386 colonias
988 3349 1039 3387 ita
1058 3352 1197 3389 cousti-

1254 297 1537 346 Excerptorum
1569 298 1682 337 Barb.
1715 298 1799 351 (qui
1831 301 2003 352 quinque
2033 315 2156 340 annos
2186 303 2274 354 plus

1256 354 1432 404 praebent
1453 369 1567 406 quam
1598 360 1732 395 Canon
1760 359 1958 411 Eusebii);
1990 368 2105 411 atque
2132 374 2274 400 annum

1256 413 1384 462 Trojae
1413 424 1537 464 captae
1580 429 1628 453 ex
1664 425 1847 467 computo
1874 419 1904 454 B
1937 420 2165 459 sumendum
2195 433 2276 459 esse

1256 480 1396 509 censet.
1415 473 1509 510 Ideo
1523 477 1717 512 Canonem
1735 477 1938 514 Mai-moris
1952 477 2154 516 adornavit
2173 479 2276 517 hunc

1256 530 1295 568 in
1312 531 1468 568 modum
1485 546 1493 569 τ

1309 595 1413 628 Α.Μ.
1444 591 1551 641 (944)
1570 593 1789 631 Menesthei
1819 606 1851 631 a.
1874 607 1922 631 2-2
1952 597 1991 632 Ρ.
2014 598 2047 632 .·Ῐ.
2079 595 2180 633 3506

1459 652 1533 700 943
1668 677 1710 685 --
1878 655 1925 691 23
1981 684 2023 691 -
2079 655 2179 704 3507

1457 716 1533 759 942
1667 741 1710 748 -
1906 726 1921 749 1
1980 743 2022 750 .-
2078 714 2180 752 3508

1458 768 1533 817 908
1666 799 1708 806 -.
1878 770 1926 807 35
1980 799 2023 806 -
2079 772 2180 817 3542

1457 839 1532 875 907
1555 829 1719 876 Oxyntae
1909 842 1926 866 ι
1982 859 2025 866 -
2078 829 2181 875 3543

1459 884 1535 934 894
1670 916 1712 922 -
1878 901 1893 923 ι
1902 894 1924 932 4
1979 918 2022 925 -.
2078 889 2181 926 3556

1459 944 1534 993 893
1554 943 1785 994 Aphidantis
1906 960 1920 982 1
1981 976 2023 982 .-
2078 946 2179 995 3557

1463 1002 1538 1051 892
1560 1003 1771 1052 Thymoetae
1905 1018 1921 1041 1
1980 1035 2022 1041 .-
2077 1005 2180 1044 3558

1460 1061 1534 1103 884
1675 1092 1714 1098 ..
1903 1075 1927 1111 9
1982 1095 2023 1100 --
2080 1064 2183 1102 3566

1458 1119 1534 1155 883
1555 1119 1744 1157 Melanthi
1908 1134 1924 1156 1
1982 1151 2024 1158 .-.
2080 1122 2182 1170 3567

1461 1176 1508 1221 84
1517 1189 1536 1223 7
1671 1206 1714 1214 ...
1883 1178 1929 1225 37
1985 1208 2028 1216 -.
2083 1181 2184 1218 3603

1462 1236 1538 1278 840
1602 1234 1722 1272 Codri
1911 1249 1927 1272 1
1985 1267 2026 1274 -
2083 1239 2182 1285 3604

1463 1293 1538 1329 826
1674 1322 1715 1330 ..-
1879 1306 1900 1330 2
1909 1309 1923 1331 ι
1981 1324 2025 1332 ...
2081 1297 2183 1341 3624

1463 1351 1538 1388 825
1595 1351 1790 1388 Medontis
1907 1366 1924 1389 1
1983 1383 2024 1389 ..
2080 1355 2183 1393 3625

1460 1410 1482 1446 8
1492 1424 1505 1446 1
1514 1411 1535 1447 3
1671 1438 1713 1445 .-.
1884 1425 1898 1447 ι
1907 1411 1928 1448 3
1984 1442 2027 1448 -.
2081 1413 2182 1461 3637

1461 1469 1536 1505 806
1885 1482 1932 1506 20
1986 1498 2028 1503 —
2084 1471 2184 1516 3644

1313 1527 1462 1575 Quibus
1482 1525 1635 1576 subjicit
1657 1527 1739 1564 haec
1763 1542 1770 1564 :
1790 1528 2048 1565 «Melanthum
2065 1531 2282 1569 consentie-

1261 1585 1354 1623 bant
1371 1599 1501 1623 omnes
1521 1599 1602 1623 esse
1621 1599 1669 1622 ex
1690 1586 1876 1623 Messenia
1895 1586 1943 1623 ab
1963 1586 2174 1626 Heraclidis
2193 1589 2275 1640 pul-

1260 1659 1342 1683 sum
1373 1654 1409 1682 et
1443 1644 1623 1696 deinceps
1659 1646 1791 1682 Atticae
1820 1658 1947 1696 regem
1977 1655 2165 1694 creatum;
2196 1657 2233 1686 et
2260 1662 2280 1687 a

1260 1705 1377 1756 Troja
1389 1714 1500 1755 capta
1515 1719 1635 1755 usque
1650 1705 1695 1742 ad
1710 1705 1822 1742 finem
1834 1705 2052 1755 Thymoetae,
2063 1708 2125 1744 cui
2141 1708 2284 1745 Melan—

1261 1767 1348 1803 thus
1368 1766 1567 1815 successit,
1587 1766 1676 1803 anni
1689 1774 1785 1822 Rsunt
1812 1766 2024 1816 sexaginta:
2042 1775 2147 1817 patet
2167 1768 2284 1819 igitur

1260 1829 1441 1863 Nostrum
1460 1824 1568 1861 annis
1594 1824 1788 1874 sexaginta
1808 1833 1895 1873 post
1915 1825 1975 1861 Ilii
2002 1825 2194 1863 excidium
2218 1840 2283 1864 re-

1261 1884 1381 1921 ditum
1413 1882 1702 1920 Heraclidarum
1732 1881 1958 1930 collocasse,
1985 1883 2091 1933 quod
2119 1897 2280 1923 consen·

1263 1943 1333 1979 tire
1356 1954 1443 1978 cum
1474 1940 1746 1977 nonnullorum
1777 1939 1965 1976 sententia
1987 1941 2091 1991 apud
2121 1941 2283 1980 Strabo-

1261 2014 1346 2038 nem
1367 2000 1498 2050 (XIII,
1514 2012 1552 2049 p.
1570 1999 1659 2045 582)
1688 1998 1836 2035 notavit
1849 1997 2085 2038 Dodvvellus.
2104 2002 2282 2038 Ceterum

1261 2058 1366 2109 quod
1386 2058 1554 2098 Ionicam
1576 2056 1765 2094 coloniam
1787 2056 1968 2094 Medonte
1994 2057 2179 2095 archonte
2211 2058 2282 2096 de·-

1262 2117 1416 2154 ductam
1434 2116 1570 2153 Parius
1588 2115 1776 2161 statuerit,
1790 2115 1970 2152 convenit
1990 2116 2025 2152 ei
2036 2129 2122 2154 cum
2136 2124 2281 2154 vetusta

1263 2175 1375 2223 fama,
1390 2187 1475 2225 quae
1486 2173 1678 2212 Medontis
1689 2180 1726 2210 et
1741 2173 1847 2210 Nelei
1863 2172 2060 2210 dissidium
2075 2174 2111 2211 ei
2125 2174 2284 2212 coloniae

1262 2234 1497 2272 deducendae
1517 2233 1702 2283 originem
1726 2232 1841 2269 fuisse
1865 2232 2089 2280 tradiderat3
2110 2246 2186 2271 rem
2215 2234 2283 2284 qui

1260 2294 1300 2330 in
1317 2297 1497 2331 Acastum
1520 2292 1766 2338 distulerant,
1784 2304 1861 2328 non
1886 2291 2036 2328 initium
2053 2292 2170 2329 Ioniae
2190 2305 2284 2330 con-

1262 2352 1368 2399 ditae,
1395 2351 1460 2388 sed
1489 2350 1692 2387 stabilitam
1711 2349 1791 2400 jam
1821 2357 1858 2387 et
1882 2349 2168 2399 quodammodo
2190 2363 2284 2400 per-

1261 2412 1397 2448 fectam
1409 2422 1547 2446 novam
1561 2407 1838 2458 rempublicam
1850 2407 2108 2457 spectabant.»
2131 2409 2281 2446 Etenim

1261 2469 1399 2508 Euseb.
1415 2469 1565 2506 Ionicas
1575 2468 1743 2505 colonias
1755 2466 1936 2504 deductas
1954 2467 2006 2503 ait
2019 2479 2052 2503 a.
2072 2468 2117 2504 13
2134 2467 2280 2518 Acasti,

1262 2528 1364 2579 quod
1383 2541 1404 2565 a
1420 2527 1549 2565 Nostri
1567 2525 1779 2563 rationibus
1808 2525 1922 2562 distat
1940 2538 1988 2562 2ο
2007 2525 2135 2572 annis3
2155 2538 2279 2576 neque

1263 2598 1386 2626 tamen
1403 2588 1502 2625 hanc
1523 2586 1779 2623 differentiam
1801 2586 1853 2622 ita
1873 2585 2137 2635 explicandam
2161 2594 2278 2636 puto,

1262 2656 1301 2684 ut
1325 2647 1526 2684 Boeckhius
1560 2645 1660 2692 vult,
1689 2644 1755 2681 sed
1788 2644 1931 2694 pendet
1962 2643 2026 2682 illa
2051 2651 2094 2680 ut
2129 2643 2282 2682 videtur

1259 2720 1306 2743 ex
1337 2706 1486 2743 diversa
1523 2704 1797 2754 chronologia,
1824 2703 1871 2740 de
1899 2715 1973 2753 qua
2015 2702 2113 2739 infra
2145 2716 2279 2741 mone-

1264 2764 1402 2801 bimus.

1313 2822 1426 2868 Quod
1452 2821 1590 2858 deinde
1619 2820 1854 2869 reliquorum
1885 2818 2111 2857 archontum
2135 2830 2279 2869 perpe-

1261 2889 1414 2918 tuorum
1446 2893 1565 2917 annos
1587 2878 1747 2922 attinet,
1775 2880 1947 2914 Marmor
1965 2877 2118 2914 Parium
2146 2890 2169 2914 a
2191 2880 2278 2914 Me-

1260 2940 1387 2977 dontis
1410 2951 1510 2976 anno
1543 2950 1592 2974 20
1624 2949 1744 2986 usque
1775 2936 1823 2973 ad
1853 2937 2056 2973 Creontem
2075 2963 2085 2981 ‚
2111 2935 2278 2985 primum

1259 2998 1482 3035 archontem
1501 3009 1670 3034 annuum
1694 2995 1771 3047 (01.
1807 3000 1868 3042 24,
1890 2998 1940 3041 2),
1961 3003 2136 3031 numerat
2159 3006 2280 3030 annos

1262 3058 1333 3102 387
1359 3056 1451 3108 (vid.
1472 3059 1603 3093 Marm.
1626 3068 1658 3092 a.
1687 3053 1801 3103 419),
1819 3052 2006 3091 Eusebius
2033 3053 2120 3099 367.
2148 3050 2276 3088 Diffe-

1260 3116 1383 3152 rentia
1423 3123 1480 3151 est
1510 3113 1644 3164 viginti
1687 3124 1886 3149 annorum.
1923 3109 2110 3148 Eusebius
2149 3117 2276 3146 autem

1259 3173 1462 3223 Charopis,
1497 3172 1610 3222 primi
1638 3170 1831 3207 archontis
1866 3168 2103 3217 decennalis,
2122 3168 2276 3204 'annum

1260 3233 1424 3283 primum
1459 3231 1624 3281 assignat
1653 3229 1806 3279 Olymp.
1827 3229 1871 3275 6,
1896 3233 1939 3274 4,
1965 3234 2096 3263 contra
2118 3226 2275 3275 Dionys.
2294 3230 2320 3254 'v‘

1258 3293 1341 3330 Hal.
1364 3291 1515 3340 Olymp⁴
1539 3303 1574 3336 7,
1596 3302 1626 3325 1.
1658 3291 1770 3326 Hunc
1795 3299 1913 3336 quum
1939 3284 2175 3335 sequendum
2197 3297 2276 3322 esse

1259 3357 1409 3388 censeat
1431 3347 1631 3386 Boeckhius
1648 3376 1658 3395 ,
1682 3358 1864 3383 canonem
1890 3343 2042 3382 Eusebii
2072 3342 2123 3379 ita
2143 3354 2274 3379 emen-
