2320 3684
868 129 1035 168 TIMAEI
1063 131 1399 173 FRAGMENTA.

546 215 630 254 147.

129 287 244 327 Diod.
261 290 352 336 XX,
371 287 444 338 89:
465 286 711 338 Agathocles,
725 285 827 324 bello
857 286 900 323 in
923 286 1109 324 Dinocra-

78 355 154 385 tem
170 355 369 395 renovato,
383 347 513 384 hostes
533 345 581 383 ad
605 346 790 396 Torgium
807 345 945 393 vincit,
963 345 1107 393 victos,

77 406 144 456 qui
161 420 248 444 cum
267 419 314 444 eo
332 418 465 457 pacem
481 405 670 453 fecerant,
686 405 801 442 armis
824 405 947 452 exuit,
963 404 1108 455 copiis-

77 478 154 515 que
177 465 452 515 circumseptos
471 463 520 501 ad
538 477 656 501 unum
684 476 816 502 omnes
829 462 966 513 jaculis
983 463 1106 501 confi—

77 524 154 574 git,
171 522 272 566 ὄντας
298 522 377 574 περὶ
398 522 702 575 ἑπτακισχιλίους,
729 523 777 565 ὣς
805 521 959 573 Τίμαιός
987 537 1106 576 φησιν,

76 583 124 625 ὡς
151 582 181 620 δ’
203 580 288 620 ἔνιοι
310 579 514 642 γράφουσιν,
537 582 584 626 εἷς
615 580 927 634 τετρακισχιλίους.
954 580 1021 620 Ἀεὶ
1038 579 1107 633 γὰρ

76 643 96 679 ὁ
112 639 278 694 τύραννος
302 643 400 682 οὗτος
419 637 570 683 πίστεως
589 638 653 691 μὲν
675 639 735 678 καὶ
768 641 838 678 τῶν
861 641 974 693 ὅρκων
1001 639 1109 678 κατέ-

77 698 214 752 φρόνει,
233 696 298 745 τὴν
313 697 342 735 δ’
358 697 447 736 ἰδίαν
467 696 569 750 ἰσχὺν
593 699 710 736 οὐκέκ
727 701 791 746 τῆς
805 698 885 752 περὶ
912 697 1016 737 αὐτὸν
1052 699 1108 736 δυ-

76 757 238 809 νάμεως,
262 756 340 795 ἀλλ’
365 757 405 795 ἐκ
433 759 496 804 τῆς
519 759 589 796 τῶν
616 756 909 809 ὑποτεταγμένων
932 757 1109 801 ἀσθενείας

76 821 307 870 περιεποιεῖτο
319 846 329 865 ,
352 817 470 854 πλεῖον
490 815 651 860 δεδοικὼς
666 815 746 860 τοὺς
760 816 970 869 συμμάχους
987 815 1010 863 ἢ
1030 815 1109 860 τοὺς

75 874 274 927 πολεμίους.

555 945 641 984 148.

130 1009 238 1047 Idem
259 1009 304 1046 fr.
323 1009 349 1046 l.
366 1012 477 1058 XXI,
498 1017 522 1046 t.
541 1012 618 1059 IX,
637 1023 676 1062 p.
698 1011 773 1058 377
795 1023 882 1061 δεμ.
898 1010 1110 1061 Ἀγαθοκλῆς

77 1066 140 1120 μὲν
159 1067 345 1111 πλείστους
372 1067 432 1106 καὶ
465 1067 742 1122 ποικιλωτάτους
766 1067 889 1122 φόνους
908 1069 1111 1108 ἐπιτελεσά-

77 1141 179 1178 μενος
194 1124 286 1165 κατὰ
303 1125 367 1173 τὴν
385 1125 605 1175 δυναστείαν,
623 1126 685 1165 καὶ
706 1129 751 1180 τῇ
775 1126 868 1166 κατὰ
887 1130 957 1166 τῶν
979 1126 1112 1179 ὁμοφύ-

75 1186 146 1224 λων
179 1184 339 1236 ὠμότητι
357 1185 519 1238 προσθεὶς
552 1185 613 1224 καὶ
646 1184 710 1233 τὴν
730 1188 777 1231 εἷς
812 1186 906 1231 θεοὺς
934 1186 1112 1237 ἀσέὸειαν,

75 1244 279 1299 πρέπουσαν
296 1244 456 1299 παρέσχε
471 1248 514 1297 τῇ
540 1245 745 1300 παρανομίᾳ
769 1246 833 1294 τὴν
855 1250 916 1285 τοῦ
944 1246 1019 1299 βίου
1042 1262 1112 1285 κα-

75 1302 292 1358 ταστροφὴν,
322 1304 556 1348 δυναστεύσας
580 1304 642 1356 μὲν
664 1305 725 1352 ἔτη
751 1305 810 1344 δύο
832 1309 902 1344 τῶν
922 1305 1112 1360 τριάκοντα

76 1363 243 1402 λείποντα
255 1395 265 1412 ,
282 1362 413 1416 βιώσας
432 1362 469 1402 δὲ
486 1363 546 1402 δύο
564 1363 649 1419 πρὸς
674 1371 745 1409 τοῖς
765 1365 1009 1417 ἑὸδομήκοντα
1028 1366 1088 1413 ἔτη
1102 1397 1112 1414 ,

76 1422 192 1468 καθὼς
208 1422 361 1475 Τίμαιος
385 1427 403 1463 ὁ
430 1422 668 1478 Συρακούσιος
687 1425 901 1479 συγγράφει,
924 1425 982 1464 καὶ
1006 1427 1112 1465 Καλ-

75 1483 154 1526 λίας
176 1482 236 1521 καὶ
258 1482 361 1526 αὐτὸς
381 1483 618 1538 Συρακούσιος
647 1483 759 1524 εἴκοσι
779 1485 840 1524 δύο
861 1484 1000 1532 βίὸλους
1026 1501 1114 1538 συγ-

77 1541 233 1595 γράψας,
251 1541 312 1580 καὶ
337 1541 545 1597 Ἄντανδρος
564 1546 582 1582 ὁ
606 1544 753 1598 ἀδελφὸς
782 1543 1030 1597 Ἀγαθοκλέους
1053 1545 1112 1584 καὶ

79 1601 183 1644 αὐτὸς
206 1602 435 1656 συγγραφεύς.

132 1660 252 1713 Apud
283 1662 443 1700 Lucian.
477 1661 648 1700 Macrob.
679 1677 712 1702 c.
750 1677 795 1701 ιο
823 1663 1012 1715 scriptum
1044 1671 1114 1712 est,

78 1719 327 1772 Agathoclem
345 1734 487 1759 annum
508 1723 798 1773 nonagesimum
823 1724 1001 1775 quintum
1023 1732 1115 1761 atti-

78 1779 197 1830 gisse,
215 1779 351 1818 eodem
367 1780 511 1819 Timaeo
528 1789 696 1820 auctore.

557 1855 644 1895 149.

131 1919 295 1970 Longin.
313 1922 372 1958 De
388 1918 485 1958 subl.
505 1922 573 1968 IV,
594 1934 626 1969 1,
645 1934 684 1972 p.
707 1934 721 1957 1
735 1935 748 1958 1
768 1934 824 1971 sq.
848 1923 990 1969 Oxon.‚
1007 1935 1045 1972 p.
1067 1927 1112 1965 14

78 1992 135 2029 sq.
151 1979 305 2026 Weisk.,
323 1987 528 2030 postquam
547 1980 709 2031 puerilis
729 1980 864 2018 Timaei
895 1980 1114 2018 affectatio-

78 2038 139 2076 nis
153 2038 329 2089 exempla
342 2038 387 2076 fr.
410 2040 482 2076 103
500 2039 695 2091 adscripta
711 2040 839 2078 attulit
851 2070 861 2087 ,
879 2039 1025 2087 Καίτοι,
1043 2041 1115 2088 ait,

79 2095 113 2133 τί
131 2095 181 2133 δεῖ
202 2095 280 2148 περὶ
299 2095 454 2147 Τιμαίου
466 2095 594 2148 λέγειν,
608 2095 695 2135 ὅπου
712 2112 752 2148 γε
773 2096 834 2135 καὶ
851 2099 883 2135 οἱ
898 2097 1009 2152 ἥρωες
1027 2099 1117 2136 ἐκεῖ-

79 2169 153 2202 νοι,
171 2154 385 2208 Ξενοφῶντα
399 2154 493 2207 λέγω
508 2155 568 2194 καὶ
586 2156 767 2196 Πλάτωνα
779 2187 790 2205 ,
813 2156 930 2195 καίτοι
947 2157 982 2208 γ’
1001 2159 1042 2196 ἐκ
1053 2160 1116 2204 τῆς

80 2212 291 2267 Σωκράτους
311 2213 406 2258 ὄντες
435 2213 655 2268 παλαίστρας
666 2245 675 2261 ,
693 2213 789 2267 ὅμως
804 2214 862 2253 διὰ
878 2214 923 2254 τὰ
940 2214 1031 2254 οὕτω
1053 2232 1117 2268 μι-

80 2275 239 2327 κροχαρῆ
263 2274 396 2311 ἑαυτῶν
416 2288 502 2311 ποτε
526 2274 839 2324 ἐπιλανθάνονται,
859 2274 906 2314 ‘0
934 2274 997 2326 μέν
1019 2291 1059 2326 γε
1080 2277 1115 2314 ἐν

80 2334 124 2384 τῇ
153 2331 440 2383 Λακεδαιμονίων
467 2332 593 2387 γράφει
627 2334 810 2388 Πολιτείᾳ·
844 2334 1014 2373 Ἔκείνων
1033 2339 1116 2387 γοῦν

81 2386 185 2439 ἧττον
205 2390 267 2442 μὲν
287 2390 328 2429 ἂν
349 2390 467 2444 φωνὴν
489 2391 654 2437 ἀκούσαις
667 2425 676 2442 ,
696 2392 718 2440 ἢ
738 2396 808 2432 τῶν
833 2394 986 2444 λιθίνων,
1012 2388 1116 2442 ἧττον

82 2449 119 2488 δὲ
138 2449 179 2488 ἂν
197 2450 343 2502 ὄμματα
366 2450 550 2504 στρέψαις,
570 2451 593 2498 ἢ
611 2454 680 2491 τῶν
697 2453 856 2505 χαλκῶν,
871 2453 1117 2504 αἰδημονεστέ-

558 2569 645 2602 147.

123 2620 265 2654 Timaeus
279 2621 324 2654 ait
340 2644 349 2661 ,
379 2622 503 2663 septem
518 2622 630 2662 millia,
657 2631 727 2663 seu,
741 2625 779 2655 ut
793 2623 848 2655 alii
862 2623 966 2657 literis
978 2624 1116 2657 tradide-

84 2669 172 2707 runt,
185 2668 315 2701 circiter
328 2670 469 2710 quatuor
487 2669 598 2702 millia.
613 2672 676 2702 Hic
693 2670 780 2702 enim
798 2673 954 2711 tyrannus
969 2672 1066 2704 fidem
1083 2675 1115 2705 et

80 2714 307 2755 jusjurandum
320 2717 477 2757 perpetuo
492 2715 586 2748 flocci
601 2716 782 2758 pendebat,
793 2717 945 2759 viresque
964 2718 1027 2751 sibi
1050 2728 1116 2751 non

82 2771 122 2794 ex
137 2762 335 2804 stipantibus
355 2773 430 2796 eum
441 2763 545 2805 copiis
556 2787 564 2803 ‚
585 2764 639 2796 sed
656 2773 695 2797 ex
709 2764 896 2798 infirmitate
909 2765 1116 2799 subditorum

83 2809 302 2852 comparabat,
314 2810 416 2852 magis
429 2811 534 2843 socios
547 2820 646 2852 quam
659 2812 769 2845 hostes
783 2813 1009 2846 reformidans.

120 2915 328 2956 Agathocles,
354 2924 457 2957 quum
486 2916 644 2957 plurimas
674 2917 978 2959 diversissimasque
1011 2918 1116 2951 caedes

85 2961 214 3003 imperii
226 2963 278 2995 sui
293 2965 437 3005 tempore
449 2963 616 3003 edidisset,
632 2966 664 2996 et
676 2965 861 2997 crudelitati
874 2965 907 2997 in
924 2974 993 2998 suae
1010 2965 1116 3007 gentis

86 3010 233 3042 homines
246 3010 444 3052 impietatem
457 3010 491 3043 in
504 3011 582 3044 deos
597 3011 695 3044 etiam
710 3013 960 3054 accumulasset,
980 3014 1116 3055 dignum

86 3056 262 3089 sceleribus
275 3057 399 3090 exitum
413 3058 492 3090 vitae
508 3058 669 3098 exhibuit,
686 3062 861 3100 postquam
877 3060 1117 3102 duodetriginta

85 3112 192 3136 annos
210 3104 244 3136 in
263 3104 461 3147 principatu,
479 3105 545 3138 duo
559 3108 592 3138 et
606 3107 810 3148 septuaginta
825 3108 858 3139 in
872 3108 940 3140 vita
955 3111 1114 3150 exegerat,

86 3153 125 3181 ut
142 3151 286 3183 Timaeus
304 3154 527 3192 Syracusanus
541 3152 648 3192 refert,
664 3156 696 3186 et
709 3154 840 3193 Callias,
863 3155 933 3196 ipse
947 3156 1044 3188 etiam
1062 3159 1115 3197 Sy-

87 3205 276 3237 racusanus,
289 3198 428 3230 duorum
445 3201 478 3232 et
499 3200 615 3240 viginti
630 3200 787 3233 librorum
806 3204 930 3241 auctor,
952 3203 1116 3236 Antauder

90 3246 256 3284 praeterea,
277 3245 460 3285 Agathoclis
475 3245 584 3286 frater,
608 3247 666 3288 qui
682 3249 781 3280 etiam
799 3248 952 3281 historias
972 3250 1113 3291 scripsit.

129 3342 216 3381 Quid
233 3352 311 3376 vero
326 3353 410 3385 opus
426 3348 475 3377 est
492 3346 532 3378 de
553 3346 677 3379 Timaeo
698 3348 806 3388 loqui,
830 3358 932 3389 quum
949 3349 1044 3381 etiam
1068 3349 1113 3381 illi

1140 3336 1146 3393 l

2120 141 2191 175 231

1169 234 1246 273 ρους
1270 221 1299 260 δ’
1330 221 1371 261 ἂν
1394 222 1518 267 αὐτοὺς
1546 222 1698 275 ἡγήσαιο
1728 222 1789 261 καὶ
1821 224 1934 261 αὐτῶν
1956 225 2026 262 τῶν
2061 225 2097 262 ἐν
2126 231 2196 269 τοῖς

1168 280 1359 332 ὀφθαλμοῖς
1374 280 1569 335 παρθένων.
1589 281 1821 336 Ἀμφικράτει
1846 281 1907 320 καὶ
1931 283 1971 321 οὗ
1994 282 2196 337 Ξενοφῶντι

1168 336 1317 390 ἔπρεπε,
1344 339 1406 384 τὰς
1433 343 1467 380 ἐν
1496 348 1567 385 τοῖς
1591 342 1780 394 ὀφθαλμοῖς
1815 343 1916 393 ἡμῶν
1948 340 2053 396 κόρας
2083 340 2196 393 λέγειν

1167 397 1359 450 παρθένους
1388 399 1599 452 αἰδήμονας,
1631 410 1703 439 etc.
1735 401 1777 441 ‘O
1807 400 1926 453 μέντοι
1946 402 2123 454 Τίμαιος,
2151 403 2198 445 ὡς

1168 456 1300 509 φωρίου
1315 457 1406 502 τινὸς
1425 459 1685 512 ἐφαπτόμενος,
1706 459 1785 499 οὐδὲ
1801 463 1906 500 τοῦτο
1938 461 2142 516 Ξενοφῶντι
2158 462 2198 500 τὸ

1168 515 1301 569 ψυχρὸν
1325 517 1524 557 κατέλιπεν.
1547 519 1648 566 Φησὶ
1669 524 1752 571 γοῦν
1778 519 1837 558 ἐπὶ
1870 523 1932 559 τοῦ
1948 519 2200 573 Ἀγαθοκλέους

1167 573 1228 613 καὶ
1242 573 1304 621 τὸ,
1323 573 1386 622 τὴν
1404 575 1562 628 ἀνεψιὰν,
1581 577 1687 632 ἑτέρῳ
1704 578 1905 630 δεδομένην,
1922 580 1963 618 ἐκ
1978 581 2047 619 τῶν
2068 581 2201 619 ἀνακα-

1167 633 1368 685 λυπτηρίων
1389 634 1598 688 ἁρπάσαντα
1619 638 1799 676 ἀπελθεῖν·
1828 637 1846 677 ὃ
1863 637 1915 683 τίς
1939 637 1980 677 ἂν
2022 637 2199 690 ἐποίησεν,

1168 692 1203 728 ἐν
1219 693 1411 745 ὀφθαλμοῖς
1427 692 1550 748 κόρας,
1566 693 1614 745 μὴ
1636 695 1765 749 πόρνας
1780 695 1871 749 ἔχων
1887 714 1897 745 ;

1222 754 1309 789 Non
1324 753 1470 791 Timaeo
1486 782 1496 800 ,
1511 754 1579 792 sed
1598 755 1744 793 rhetori
1758 757 1910 794 cuidam
1943 756 2123 808 frigidum
2137 758 2200 795 di-

1169 819 1274 850 ctum
1307 811 1445 850 tribuit
1479 813 1703 851 Plutarchus
1747 818 1805 852 De
1839 816 1983 854 vitioso
2038 817 2202 868 pudore,

1170 885 1208 922 p.
1229 871 1322 908 528:
1337 869 1446 910 ‘'OOev
1466 873 1484 909 ὁ
1506 870 1569 923 μὲν
1591 871 1706 925 ῥήτωρ
1728 872 1786 910 τὸν
1804 873 2033 927 ἀναίσχυντον
2053 879 2117 915 οὐκ
2136 875 2201 929 ἔφη

1169 928 1274 982 κόρας
1287 930 1322 967 ἐν
1337 935 1408 975 τοῖς
1424 930 1580 982 ὄμμασιν
1598 930 1704 982 ἔχειν,
1719 931 1810 970 ἀλλὰ
1820 931 1959 986 πόρνας.
1975 935 2203 986 «Equidem,

1170 991 1374 1029 Ruhnken.
1393 990 1442 1028 ad
1454 994 1573 1041 Long.
1596 991 1620 1027 l.
1639 991 1662 1027 l.
1678 991 1752 1037 ait,
1766 991 1974 1042 intelligam
1992 995 2203 1044 Hegesiam,

1170 1063 1286 1101 quem
1305 1049 1369 1087 alii
1389 1062 1543 1100 quoque
1567 1048 1618 1086 ob
1642 1049 1764 1087 simile
1779 1049 2009 1100 ineptiarum
2036 1053 2204 1091 studium

1171 1123 1259 1147 cum
1273 1110 1416 1148 Timaeo
1436 1107 1705 1146 confuderunt.
1722 1108 1822 1146 Vide
1840 1123 1922 1160 quae
1939 1112 2205 1150 annotavimus

1171 1168 1220 1206 ad
1236 1168 1354 1206 Rutil.
1373 1171 1472 1219 Lup.
1493 1170 1523 1216 Ι,
1540 1180 1577 1218 p.
1600 1168 1663 1205 26.
1679 1184 1694 1200 >2

1647 1231 1733 1270 150.

1227 1298 1429 1336 Athenaeus
1446 1300 1534 1346 XV,
1556 1311 1592 1348 p.
1612 1298 1703 1348 698,
1718 1302 1751 1337 A
1764 1309 1772 1332 Ξ
1785 1295 1960 1349 Πολέμων
1976 1298 2005 1336 δ’
2025 1300 2060 1337 ἐν
2076 1302 2127 1353 τῷ
2145 1300 2214 1338 δω-

1175 1356 1311 1410 δεκάτῳ
1325 1357 1411 1411 πρὸς
1427 1355 1486 1395 τὸν
1505 1355 1657 1407 Τίμαιον
1676 1356 1756 1410 περὶ
1779 1358 1849 1394 τῶν
1867 1355 1928 1401 τὰς
1949 1358 2130 1412 παρῳδίας
2158 1375 2209 1408 γε-

1172 1416 1358 1470 γραφότων
1378 1418 1525 1469 ἱστορῶν
1546 1415 1630 1454 τάδε
1654 1415 1799 1469 γράφει·
1825 1433 1840 1449 «
1851 1416 1923 1454 Καὶ
1957 1415 2016 1455 τὸν
2052 1417 2207 1456 Βοιωτὸν

1176 1475 1212 1514 δὲ
1229 1476 1290 1515 καὶ
1309 1477 1368 1515 τὸν
1400 1474 1548 1514 Εὔὸοιον
1582 1473 1663 1519 τοὺς
1698 1474 1760 1518 τὰς
1795 1474 1976 1531 παρῳδίας
2007 1476 2208 1530 γράψαντας

1174 1537 1309 1588 λογίους
1330 1535 1371 1574 ἂν
1396 1534 1550 1590 φήσαιμι
1577 1533 1634 1572 διὰ
1667 1533 1707 1573 τὸ
1731 1533 1866 1579 παίζειν
1901 1534 2112 1589 ἀμφιδεξίων
2150 1536 2208 1576 καὶ

1174 1599 1244 1634 τῶν
1262 1594 1544 1650 προγενεστέρων
1563 1597 1720 1642 ποιητῶν
1737 1593 1920 1648 ὑπερέχειν
1946 1594 2209 1647 ἐπιγεγονότας,

1175 1655 1316 1711 εὑρέτην
1333 1654 1396 1707 μὲν
1415 1649 1474 1694 οῧν
1491 1656 1610 1704 γένους
1629 1654 1856 1695 Ἱππώνακτα
1870 1654 1995 1708 φατέον
2011 1655 2070 1694 τὸν
2083 1656 2210 1706 ἶαμῧο-

1174 1714 1288 1764 ποιόν,
1314 1723 1386 1753 etc.

1230 1776 1368 1813 Procul
1388 1773 1509 1812 dubio
1537 1775 1577 1811 in
1604 1782 1800 1825 postrema
1827 1774 2073 1812 historiarum
2102 1782 2212 1825 parte

1175 1835 1314 1872 horum
1346 1842 1571 1885 poetarum,
1602 1834 1811 1884 praesertim
1831 1833 1979 1882 Boeoti,
1998 1833 2097 1870 sicut
2128 1833 2211 1885 ipse

1176 1893 1225 1932 ab
1241 1894 1449 1944 Agathocle
1463 1893 1587 1944 patria
1602 1893 1722 1944 pulsi,
1740 1893 1973 1930 mentionem
1998 1892 2098 1931 fecit.
2118 1896 2212 1930 «Αἰν-

1175 1968 1253 2006 que
1270 1954 1460 2005 suspicor,
1475 1953 1529 1990 ait
1542 1953 1699 1991 Preller.
1721 1952 1769 1990 ad
1803 1953 2048 1991 Polemonem
2080 1966 2117 2003 p.
2148 1966 2208 2002 79,

1177 2015 1360 2052 Timaeum
1386 2014 1442 2051 ita
1469 2012 1517 2051 de
1543 2013 1602 2050 his
1617 2012 1873 2064 scriptoribus
1906 2012 2068 2060 dixisse,
2102 2013 2207 2063 quasi

1176 2075 1290 2127 primi
1304 2073 1549 2112 condiderint
1560 2073 1774 2124 parodiam,
1792 2073 1957 2124 ideoque
1970 2072 2212 2111 Polemonem

1178 2134 1340 2172 maxime
1362 2133 1435 2171 hoc
1461 2146 1621 2183 urgere,
1641 2132 1758 2171 fuisse
1786 2133 1902 2170 etiam
1930 2140 2018 2170 ante
2043 2145 2123 2182 eos,
2144 2130 2209 2183 qui

1178 2193 1378 2245 parodiam
1396 2192 1632 2244 scripserint.
1651 2209 1666 2226 ι,

1652 2278 1756 2289 ⁴00-—

1532 2317 1601 2355 DE
1631 2315 1856 2355 PYRRHO.

1658 2387 1740 2424 151.

1231 2453 1365 2503 Polyb.
1381 2456 1470 2501 XII,
1491 2459 1528 2501 4,
1546 2453 1587 2492 6:
1606 2451 1678 2491 Καὶ
1699 2450 1768 2503 μὴν
1790 2452 1825 2489 ἐν
1844 2456 1914 2495 τοῖς
1933 2450 2011 2504 περὶ
2028 2453 2087 2492 τοῦ
2105 2447 2207 2501 1165-

1175 2564 1289 2597 heroes
1312 2563 1573 2604 (Xenophontem
1593 2562 1665 2594 dico
1690 2562 1731 2594 et'
1746 2561 1947 2601 Platonem),
1964 2567 2149 2600 quanquam
2168 2567 2206 2590 ex

1175 2612 1338 2645 Socratica
1349 2614 1441 2644 erant
1454 2611 1616 2652 palaestra,
1640 2612 1761 2647 tamen,
1779 2609 1821 2640 ob
1837 2617 1952 2640 sensus
1970 2610 2036 2638 tam
2053 2606 2208 2646 abjectos,

1174 2659 1227 2691 sui
1240 2659 1384 2700 ipsorum
1402 2657 1577 2699 aliquando
1591 2656 1851 2688 obliviscuntur?
1868 2654 1924 2686 Ille
1939 2653 2069 2694 quidem
2083 2653 2141 2693 (sc.
2152 2654 2208 2684 Xe-

1174 2707 1318 2746 nophon)
1332 2705 1364 2737 in
1379 2705 1463 2737 libro
1478 2705 1518 2736 de
1539 2703 1714 2745 Republica
1731 2700 2049 2734 Lacedaemoniorum
2069 2699 2183 2731 scribit
2199 2709 2207 2730 ε

1176 2765 1192 2781 «
1207 2753 1341 2785 lllorum
1357 2761 1434 2785 sane
1446 2761 1560 2784 vocem
1574 2751 1681 2783 minus
1696 2758 1806 2791 posses
1820 2748 1942 2787 audire,
1961 2755 2059 2788 quam
2073 2746 2210 2788 lapidea·r

1176 2809 1248 2832 rum
1263 2802 1467 2839 statuarum,
1485 2799 1598 2831 oculos
1618 2798 1727 2830 minus
1754 2796 1881 2827 nectere
1904 2803 2002 2835 quam
2021 2802 2178 2830 aerearum
2199 2804 2206 2826 :

1178 2847 1426 2880 verecundiores
1449 2849 1557 2878 autem
1583 2845 1656 2876 illos
1678 2845 1808 2884 putares
1833 2841 1932 2873 etiam
1954 2841 2056 2882 ipsis,
2075 2849 2150 2882 quae
2173 2841 2209 2873 in

1174 2894 1277 2926 oculis
1294 2895 1382 2933 sunt,
1397 2892 1613 2933 virginibus,»
1627 2893 1688 2922 etc.
1707 2890 1850 2921 Timaeus
1864 2888 2006 2930 quidem,
2020 2889 2056 2920 ut
2071 2887 2129 2928 qui
2145 2887 2209 2920 fur-

1175 2941 1278 2973 tivum
1302 2940 1437 2981 aliquod
1454 2938 1612 2979 attigerit,
1630 2945 1671 2968 ne
1687 2937 1749 2968 hoc
1766 2935 1898 2977 quidem
1915 2935 2068 2976 frigidum
2084 2935 2208 2967 dictum

1176 2987 1382 3029 Xenophonti
1403 2986 1549 3026 reliquit:
1565 2993 1680 3024 nempe
1694 2982 1774 3015 dicit
1786 2982 1826 3014 de
1835 2982 2008 3023 Agathocle
2024 2981 2121 3014 etiam
2133 2982 2208 3022 hoc,

1176 3035 1294 3066 «illum
1312 3033 1540 3065 consobrinam
1557 3031 1648 3063 alteri
1663 3030 1696 3062 in
1714 3029 1863 3071 conjugio
1880 3029 1989 3061 datam
1998 3028 2125 3070 abipsis
2142 3038 2209 3061 mu-

1173 3082 1306 3114 neribus
1322 3080 1520 3121 nuptialibus
1537 3077 1730 3119 abripuisse,
1746 3079 1779 3109 et
1798 3076 1917 3109 abiisse
1935 3086 1943 3108 :
1960 3076 2057 3114 Quod
2072 3077 2146 3117 quis
2162 3076 2206 3108 se-

1173 3129 1280 3168 cisset,
1291 3127 1386 3168 quiin
1393 3126 1496 3158 oculis
1503 3125 1646 3166 virgines
1655 3123 1853 3165 (pupillas),
1861 3132 1926 3156 non
1938 3125 2056 3163 scorta,
2062 3122 2209 3156 baberet?

1523 3239 1592 3276 DE
1626 3236 1856 3280 PYRRHO.

1216 3352 1341 3382 Rursus
1355 3349 1389 3382 in
1403 3349 1517 3390 Pyrrhi
1534 3303 1733 3381 liistorila5ait
1741 3350 1906 3382 Romanos
1920 3356 1980 3380 sua
1992 3346 2099 3380 adhuc
2110 3348 2211 3383 aetate,
