2320 3684
853 188 1047 228 EPHORI
1074 189 1408 230 FRAGMENTA.

80 283 192 317 etiam
208 280 264 315 ad
277 282 431 324 vicinos,
449 292 516 315 nec
531 290 678 327 semper
686 279 762 312 illis
778 277 886 313 heroo
923 285 991 313 aut
999 289 1112 325 poeo—

81 351 128 375 ne
152 351 229 383 su0,
259 352 381 387 quem,
399 341 488 387 quia
513 350 643 374 versus
669 350 755 373 raro
771 335 913 383 faciat,
948 339 1114 372 maxime

83 399 251 442 laudant,
270 401 323 434 uti
336 395 470 433 licebit.

478 492 696 506 4000*-

294 532 569 571 ΣΥΝΤΑΓΜΑ
601 530 899 570 ΕΠΙΧΩΡΙΟΝ.

131 650 359 690 Plutarchus
374 652 432 688 De
449 649 530 687 vita
554 657 591 686 et
629 649 738 699 poesi
764 647 924 686 Homeri
949 659 1034 697 cap.
1051 649 1112 684 11:

78 706 230 764 Ἔφορος
243 710 305 762 μὲν
321 704 380 748 οῧν
397 711 416 747 ὁ
432 710 591 758 Κυμαῖος
609 708 643 746 ἐν
660 705 881 758 συντάγματι
899 707 950 758 τῷ
970 706 1116 759 ἐπιγρα-

78 767 219 822 φομένῳ
240 767 460 822 Ἐπιχωρίῳ,
481 770 642 818 Κυμαῖον
660 765 762 804 αὐτὸν
779 763 1026 804 ἀποδεικνύναι
1043 779 1116 802 πει·

78 825 243 881 ρώμενος,
251 828 356 883 φησὶν
368 826 422 866 ὅτι
434 827 602 873 Ἀπελλῆς
614 826 685 878 (sic
696 825 813 864 scribi
825 825 910 863 vult
922 825 1111 863 Welcker.

77 888 180 937 Cycl.
216 892 331 927 Hom.
370 900 408 938 p.
444 887 530 934 148,
551 885 657 936 quod
696 886 928 922 confirmant
961 883 1114 922 codices

77 946 214 996 optimi
235 951 265 984 A
281 955 319 985 et
332 950 383 994 E;
401 945 516 996 vulgo
534 943 712 993 Ἀτελλῆς)
733 943 793 981 καὶ
811 942 936 981 Μαίων
954 942 1015 981 καὶ
1033 944 1114 986 Δῖος

78 1003 220 1056 ἀδελφοὶ
241 1007 398 1056 Κυμαῖοι
414 1002 453 1042 τὸ
471 1002 579 1055 γε’νος.
597 996 663 1042 Ὧν
684 1003 765 1046 Δῖος
784 1001 846 1054 μὲν
867 1000 924 1040 διὰ
942 1000 1032 1055 χρέα
1047 1017 1113 1052 με-

76 1060 234 1116 τῴκησεν
255 1065 302 1107 εἷς
318 1062 471 1117 Ἄσκρην
489 1060 614 1113 κώμην
634 1063 698 1108 τῆς
717 1060 909 1110 Βοιωτίας,
929 1063 1030 1099 κάκεῖ
1047 1060 1113 1112 γή-

78 1137 146 1170 μας
181 1121 410 1173 Πυκιμήδην,
440 1120 623 1173 ἐγέννησεν
659 1119 822 1158 Ἡσίοδον
837 1135 845 1144 ·
868 1119 1039 1167 Ἀπελλῆς
1074 1118 1110 1158 δὲ

76 1179 288 1228 τελευτήσας
308 1182 342 1219 ἐν
363 1182 406 1233 τῇ
431 1178 576 1234 πατρίδι
596 1178 704 1231 Κύμῃ
721 1210 731 1228 ,
748 1178 918 1218 κατέλιπε
940 1177 1113 1233 θυγατέρα

78 1236 252 1292 Κριθηΐδα
270 1240 446 1290 τοῦνομα,
465 1237 752 1292 προστησάμενος
777 1240 864 1290 αὐτῇ
885 1237 944 1277 τὸν
965 1239 1112 1291 ἀδελφὸν

77 1298 240 1337 Μαίονα·
266 1298 301 1342 ὃς
318 1297 546 1352 διακορεύσας
563 1297 628 1344 τὴν
655 1296 927 1351 προειρημένην,
958 1295 1017 1335 καὶ
1048 1296 1113 1344 τὴν

77 1356 148 1395 ἀπὸ
164 1360 232 1396 τῶν
251 1359 404 1396 πολιτῶν
427 1357 484 1396 ἐπὶ
504 1359 555 1411 τῷ
574 1355 730 1409 γεγονότι
750 1356 864 1400 δείσας
877 1355 1113 1408 κατάγνωσιν,

78 1414 207 1454 ἔδωκεν
229 1415 338 1464 αὐτὴν
355 1415 441 1470 πρὸς
465 1415 578 1468 γάμον
603 1414 740 1469 Φημίῳ
770 1417 821 1469 τῷ
840 1415 1045 1469 Σμυρναίῳ,
1060 1417 1115 1455 δι-

78 1474 246 1528 δασκάλῳ
278 1474 511 1528 γραμμάτων.
553 1476 725 1514 Φοιτῶσα
761 1472 798 1512 δὲ
830 1474 916 1521 αὐτὴ
947 1474 1005 1512 ἐπὶ
1037 1474 1115 1519 τοὺς

77 1532 227 1578 πλυνοὺς
253 1533 287 1572 οἳ
312 1527 403 1581 ἦσαν
436 1535 536 1587 παρὰ
562 1535 614 1586 τῷ
639 1532 800 1582 Μέλητι,
836 1532 1014 1580 ἀπεκύησε
1054 1533 1113 1572 τὸν

75 1590 241 1646 ’Όμηρον
259 1591 316 1630 ἐπὶ
329 1594 381 1646 τῷ
400 1593 572 1644 ποταμῷ,
595 1591 656 1630 καὶ
676 1590 733 1629 διὰ
750 1595 853 1631 τοῦτο
870 1591 1114 1643 Μελησιγενὴς

77 1649 227 1698 ἐκλήθη·
247 1648 505 1701 μετωνομάσθη
528 1648 564 1687 δὲ
581 1648 766 1704 (Όμηρος,
788 1649 907 1697 ἐπειδὴ
930 1650 993 1694 τὰς
1017 1650 1114 1703 ὄψεις

77 1707 242 1763 ἐπηρώθη
259 1725 267 1733 ·
282 1707 374 1748 οὕτω
389 1709 425 1747 δὲ
439 1708 585 1748 ἐκάλουν
606 1707 642 1747 οἵ
662 1725 700 1747 τε
724 1711 880 1760 Κυμαῖοι
899 1708 960 1748 καὶ
975 1712 1006 1748 οἳ
1027 1708 1112 1748 Ἴω-

76 1783 130 1811 νες
150 1767 229 1811 τοὺς
239 1767 299 1812 τὰς
319 1767 413 1821 ὄψεις
428 1768 707 1822 πεπηρωμένους
715 1768 814 1821 παρὰ
829 1768 869 1807 τὸ
888 1768 1022 1806 δεῖσθαι
1042 1771 1111 1806 τῶν

76 1826 354 1880 ὁμηρευόντων,ὃ’
363 1828 439 1866 ἐστι
446 1830 515 1865 τῶν
523 1826 867 1879 ἡγουμένων.Τα’ὗτα
876 1826 938 1879 μὲν
949 1826 1112 1881 Ἔφορος.

237 1944 391 1983 LIBER
426 1945 494 1983 DE
530 1945 694 1984 REBUS
728 1944 948 1984 PATRIIS.

116 2060 267 2102 Ephorus
277 2060 377 2102 igitur
386 2062 552 2101 Gumaeus,
561 2062 595 2094 in
605 2061 688 2093 libro
704 2062 756 2093 eui
772 2061 904 2094 titulum
923 2061 998 2095 fecit
1013 2061 1055 2094 de
1063 2070 1114 2093 re-

75 2107 138 2141 bus
147 2111 294 2150 patrm,
310 2109 344 2141 id
357 2118 455 2149 agens
468 2110 506 2142 ut
518 2111 696 2142 Homerum
710 2112 882 2143 cumaeum
896 2109 996 2141 fuisse
1011 2110 1114 2141 osten-

74 2155 141 2195 dat,
153 2156 273 2197 prodit,
285 2156 618 2198 Apellem,Maeonem,
629 2159 660 2189 et
669 2157 780 2194 Dium,
793 2157 907 2189 fratres
923 2165 1037 2198 genere
1051 2159 1114 2190 Cu-

75 2212 175 2236 maeos
202 2204 304 2237 fuisse
320 2215 328 2236 :
345 2214 486 2246 quorum
501 2205 597 2237 Dium
611 2205 686 2238 aeris
703 2205 799 2237 alieni
816 2214 944 2244 caussa,
962 2209 1109 2246 Ascram‚

74 2252 208 2283 Boeotiae
229 2261 346 2293 pagum
362 2276 371 2293 ,
395 2253 627 2293 commigrasse
642 2277 651 2293 ‚
671 2252 781 2293 ibique
807 2252 982 2293 Pycimede
1012 2262 1113 2285 uxore

74 2298 173 2330 ducta
207 2299 385 2331 Hesiodum
413 2308 600 2340 procreasse
619 2309 627 2330 ε
644 2299 789 2340 Apellem
815 2300 849 2331 in
877 2300 983 2341 patria
1007 2301 1113 2332 Cuma

75 2347 241 2377 mortuum
258 2355 339 2381 esse,
357 2346 468 2378 relicta
480 2346 545 2379 filia
561 2347 737 2386 Critheide,
754 2347 888 2388 eJusque
902 2347 1004 2379 tutela
1017 2347 1108 2380 fratri

75 2392 196 2424 Maeoni
223 2393 460 2425 commendata.
480 2396 523 2425 At
541 2394 629 2426 hunc
653 2394 768 2435 puellae
794 2394 1017 2434 virginitatem
1044 2394 1110 2426 vio-

75 2438 171 2479 lasse,
186 2439 326 2480 indeque
347 2440 490 2472 veritum
505 2449 548 2473 ne
569 2441 658 2473 cives
677 2441 829 2473 facinoris
851 2441 892 2473 ah
908 2440 979 2482 ipso
995 2450 1108 2483 poenas

75 2486 251 2527 exigerent,
266 2496 338 2519 eam
354 2487 490 2519 Phemio
515 2490 684 2528 Smyrnaeo
702 2488 929 2529 ludimagistro
942 2488 976 2520 in
998 2489 1109 2521 matri-

76 2534 222 2565 monium
245 2534 384 2566 dedisse.
413 2535 506 2567 lllam
538 2538 773 2568 commeantem
796 2536 837 2567 ad
859 2535 988 2568 lavacra
1015 2537 1110 2577 Juxta

75 2581 223 2614 Meletem
246 2581 384 2614 fluvium
400 2583 474 2622 sita,
491 2583 535 2614 ibi
553 2592 653 2624 prope
669 2583 807 2615 fluvium
818 2583 981 2624 peperisse
990 2586 1108 2616 Home-

75 2637 160 2668 rum,
174 2627 250 2661 inde
260 2629 487 2670 Melesigenem
498 2630 692 2671 appellatum
709 2640 716 2661 ε
733 2634 845 2672 postea
859 2626 968 2663 autem
981 2635 1108 2663 mutato

76 2673 207 2707 nomine
221 2676 399 2708 Homerum
414 2679 586 2715 vocatum,
609 2676 699 2717 quod
726 2677 896 2710 oculorum
919 2677 1042 2711 lumine
1060 2687 1108 2710 ca·

2130 199 2204 231 277

1225 276 1314 314 Vita
1338 277 1456 315 altera
1480 276 1638 315 Homeri
1660 276 1868 315 Plutarcho
1890 275 2035 314 tributa
2054 290 2140 328 cap.
2157 282 2205 319 II.

1171 331 1325 387 Ἔφορος
1349 332 1386 371 δὲ
1404 336 1422 372 ὃ
1437 334 1610 387 ἱστορικὸς
1633 333 1798 388 ’Όμηρον
1825 332 1891 388 ἔφη
1919 335 2081 385 Κυμαῖον
2111 336 2208 387 γενέ-

1173 394 1264 430 σθαι.
1280 397 1473 443 Anonym.
1494 394 1534 431 in
1559 396 1637 432 Vit.
1653 397 1766 432 Hom.
1791 407 1853 446 ap.
1883 394 2067 432 Allatium
2095 398 2142 433 D.
2163 400 2204 436 P.

1172 453 1218 487 H.
1234 466 1241 487 :
1255 448 1358 488 Κατὰ
1396 450 1431 489 δὲ
1464 450 1618 505 Ἔφορον
1633 451 1692 490 καὶ
1710 450 1789 495 τοὺς
1817 450 2012 505 ἱστορικοὺς
2031 453 2204 504 Κυμαῖος.

1174 509 1357 547 Tatianus
1382 513 1421 549 C.
1441 512 1594 548 Graecos
1615 515 1634 558 §
1657 512 1718 559 48,
1741 525 1779 562 p.
1806 512 1881 549 285
1917 511 2048 564 (quem
2077 512 2205 550 locum

1173 568 1329 618 repetiit
1346 569 1487 607 Euseb.
1507 573 1568 607 Pr.
1590 573 1632 608 E.
1651 573 1703 619 X,
1721 584 1734 607 1
1747 570 1782 622 1)
1800 585 1807 607 :
1826 568 1916 623 Περὶ
1934 568 2002 624 γὰρ
2019 573 2081 618 τῆς
2097 571 2206 619 ποιή-

1174 641 1261 668 σεως
1277 630 1339 664 τοῦ
1359 626 1543 681 Ὁμήρου,
1561 626 1681 679 γένους
1705 644 1742 666 τε
1767 630 1873 667 αὐτοῦ
1900 628 1959 667 καὶ
1984 628 2110 683 χρόνου
2127 630 2206 668 καθ’

1172 684 1208 724 ὃν
1229 684 1383 736 ἤκμασε,
1402 685 1666 739 προηρεύνησαν
1688 689 1719 726 οἱ
1743 687 2000 741 πρεσὸύτατοι,
2027 689 2206 741 Θεαγένης

1172 747 1190 783 ὁ
1206 743 1369 796 Ῥηγῖνος
1390 775 1398 783 .
1417 773 1427 782 .
1445 773 1454 783 .
1486 745 1575 796 μετὰ
1592 745 1628 784 δὲ
1655 746 1804 791 ἐκείνους
1822 746 1976 801 Ἔφορος
1992 750 2010 787 ὁ
2031 750 2204 799 Κυμαῖος.

1226 808 1271 842 G.
1297 804 1496 854 Syneellus
1518 804 1661 843 Chron.
1685 818 1723 855 p.
1752 807 1823 854 173
1844 806 1902 843 ed.
1914 807 2031 844 Paris.
2051 822 2059 844 ε
2087 805 2206 846 Ἡσίο-

1172 861 1227 906 δός
1243 878 1281 900 τε
1302 862 1526 917 ἐγνωρίζετο,
1555 861 1591 901 ὃν
1619 861 1773 916 Ἔφορος
1796 863 1935 917 ἀνεψιὸν
1962 865 2022 904 καὶ
2051 864 2207 919 σύγχρο-

1170 937 1225 960 νον
1241 921 1401 976 Ὁμήρου
1420 922 1517 976 φησί.

1226 985 1274 1021 Α.
1300 982 1448 1020 Gellius
1480 985 1528 1020 N.
1556 985 1598 1019 A.
1633 984 1704 1029 III,
1737 996 1803 1019 11:
1831 983 2012 1032 Ephorus,
2046 984 2207 1021 historice

1170 1045 1333 1090 scriptor,
1351 1044 1552 1078 Homerum
1573 1053 1687 1089 quam
1704 1043 1903 1078 Hesiodum
1918 1046 2095 1079 minorem
2116 1052 2207 1080 natu

1167 1099 1284 1144 fuisse
1297 1103 1455 1149 scripsit.

1224 1161 1384 1199 Proclus
1409 1160 1458 1199 ad
1476 1159 1636 1198 Hesiodi
1661 1162 1786 1211 Opera
1809 1168 1847 1198 et
1873 1160 1965 1198 Dies
1985 1163 2042 1208 ΙΙ,
2062 1175 2099 1212 p.
2132 1168 2204 1207 142

1170 1220 1301 1258 Heius.
1328 1217 1511 1272 ε”Εφορος
1546 1216 1584 1256 δέ
1626 1234 1713 1272 φησι
1742 1222 1864 1257 τοῦτον
1914 1223 1995 1266 (sc.
2046 1219 2207 1258 Hesiodi

1172 1278 1336 1330 patrem)
1365 1280 1412 1322 εἷς
1441 1277 1595 1332 Ἄσκρην
1622 1279 1732 1318 ἐλθεῖν
1757 1279 1794 1316 οὔ
1826 1277 1870 1315 δι’
1899 1277 2084 1331 ἐμπορίαν,
2117 1277 2207 1317 ἀλλὰ

1172 1336 1274 1391 φόνον
1289 1336 1456 1391 ἐμφύλιον
1471 1335 1723 1391 ἐργασάμενον.

1647 1401 1733 1439 165.

1225 1472 1462 1523 Stephanus:
1485 1470 1675 1518 Βολισσὸς,
1695 1470 1795 1514 πόλις
1825 1469 1978 1518 Αἷολικὴ
1995 1470 2051 1509 ἐπ’
2084 1469 2205 1525 ἄκρου,

1171 1531 1260 1570 Χίου
1280 1530 1442 1578 πλησίον.
1524 1529 1598 1570 Καί
1628 1546 1734 1584 φασιν
1760 1528 1813 1568 ὅτι
1840 1529 2003 1583 εΌμηρος
2030 1531 2065 1568 ἐν
2093 1529 2207 1583 τούτῳ

1170 1593 1221 1644 τῷ
1234 1590 1428 1641 πολίσματι
1445 1588 1507 1633 τὰς
1519 1588 1698 1644 διατριὸὰς
1717 1591 1880 1637 ἐποιεῖτο,
1897 1591 1944 1632 ὥς
1958 1588 2125 1643 ἼΞφορος.

1226 1653 1319 1689 Cum
1336 1650 1397 1687 his
1422 1650 1555 1687 confer
1568 1649 1927 1688 Pseudo-Herodot.
1942 1649 2019 1687 vit.
2037 1652 2151 1687 Hom.
2174 1662 2205 1686 c.

1172 1715 1233 1757 24,
1258 1722 1343 1760 quae
1363 1721 1411 1746 ex
1433 1708 1592 1759 Ephoro
1616 1708 1771 1745 fluxisse
1791 1706 2012 1758 conjectura
2031 1715 2088 1745 est
2105 1709 2209 1758 Hey-

1171 1769 1226 1806 nii
1250 1769 1303 1819 (in
1318 1770 1479 1805 Excurs.
1498 1767 1547 1805 ad
1575 1767 1605 1804 Il
1633 1767 1686 1814 Ω,
1706 1775 1796 1804 tom.
1827 1770 1932 1814 VIII,
1948 1780 1986 1817 p.
2006 1765 2113 1818 823),
2127 1780 2207 1804 non

1174 1826 1339 1878 probata
1361 1835 1490 1864 tamen
1506 1825 1712 1865 Welckero
1727 1826 1775 1864 de
1794 1826 1910 1876 Cyclo
1924 1829 2037 1864 Hom.
2058 1840 2095 1877 p.
2118 1827 2205 1870 146.

1173 1941 1251 1980 ptus
1268 1941 1355 1970 esset
1370 1947 1377 1969 :
1395 1937 1440 1969 ita
1458 1937 1544 1969 enim
1561 1945 1580 1968 a
1594 1936 1738 1970 cumaeis
1755 1938 1787 1968 et
1803 1935 1938 1968 Ionibus
1954 1936 2078 1968 lumine
2093 1935 2206 1968 oculo-

1173 1995 1247 2018 rum
1261 1987 1373 2026 captos
1387 1985 1520 2027 ὁμήρους
1535 1983 1600 2015 diei
1617 1983 1731 2015 solitos
1746 1983 1858 2023 fuisse,
1874 1983 1963 2023 quod
1979 1982 2206 2025 ὁμηρευόντων,

1172 2032 1205 2065 id
1222 2034 1282 2071 est,
1299 2031 1495 2070 ductorum,
1517 2030 1709 2070 indigerent.
1728 2031 1808 2062 Haec
1823 2030 1986 2071 Ephorus.

1216 2080 1368 2121 Ephorus
1387 2078 1566 2110 historicus
1583 2079 1763 2110 Homerum
1779 2078 1878 2110 tradit
1891 2078 1991 2110 fuisse
2005 2080 2204 2111 cumanum.

1217 2130 1261 2159 Ac
1274 2127 1315 2159 de
1328 2127 1458 2158 Homeri
1474 2125 1609 2166 quidem
1625 2125 1715 2166 poesi
1730 2148 1739 2161 ,
1755 2133 1936 2166 genereque
1961 2125 2059 2157 simul
2076 2134 2114 2157 ac
2132 2127 2208 2157 tem-

1172 2183 1252 2215 pore
1273 2182 1339 2215 quo
1352 2172 1509 2213 floruerit,
1522 2171 1764 2212 inquisiverunt
1787 2171 1991 2214 antiquissim
2043 2172 2207 2212 Rheginus

1171 2221 1224 2254 ille
1257 2222 1442 2261 Theagenes
1447 2243 1535 2252 .......
1562 2219 1683 2261 quibus
1711 2220 1824 2252 eadem
1854 2220 1889 2252 in
1915 2207 2011 2261 opera
2049 2220 2207 2252 successit

1171 2267 1323 2308 Ephorus
1345 2268 1512 2298 eumaeus.

1213 2314 1376 2347 Hesiodus
1403 2313 1554 2353 florebat,
1577 2321 1674 2354 quem
1692 2313 1845 2354 Ephorus
1857 2313 2009 2354 nepotem
2025 2312 2158 2345 Homeri
2173 2312 2205 2344 et

1171 2370 1319 2394 coaevum
1335 2360 1423 2393 dicit.

1213 2409 1364 2450 Ephorus
1377 2407 1455 2440 dicit
1468 2407 1602 2440 Hesiodi
1613 2407 1740 2448 patrem
1753 2409 1888 2443 Ascram
1898 2407 2039 2445 venisse,
2047 2415 2112 2438 non
2126 2414 2204 2437 mer-

1170 2458 1292 2489 caturae
1318 2455 1476 2487 faciendae
1502 2463 1636 2495 caussa,
1654 2454 1712 2487 sed
1728 2454 1813 2496 quod
1834 2454 2022 2497 popularem
2039 2453 2202 2485 hominem

1169 2503 1396 2537 interfecisset.

1648 2569 1664 2601 1
1672 2563 1733 2604 65.

1213 2629 1372 2668 Bolissus‚
1389 2627 1468 2660 urbs
1484 2629 1608 2660 AEolica
1620 2649 1631 2664 ‚
1648 2628 1680 2659 in
1696 2628 1936 2669 promontorio,
1950 2634 2049 2667 prope
2067 2625 2200 2658 Chium.

1170 2678 1290 2711 Dicunt
1300 2685 1391 2715 vero,
1402 2679 1439 2708 ut
1450 2676 1613 2717 Ephorus,
1627 2677 1807 2708 Homerum
1821 2674 1855 2706 in
1866 2674 1927 2706 hoc
1933 2673 2052 2715 oppido
2063 2673 2198 2714 degisse.
