2294 3704
963 134 1028 172 DE
1058 133 1307 175 PHILISTO.

93 222 377 273 compendiaria
390 221 470 272 jam
491 221 666 272 exposita
678 227 803 258 essent
817 219 857 257 in
867 220 1025 257 metrico
1038 220 1112 257 isto

94 280 323 331 compendio
359 292 486 318 rerum
517 278 794 328 mythicarum,
836 277 942 327 quod
971 290 1042 314 nos
1075 278 1114 314 in

95 351 248 389 prosam
261 337 472 375 orationem
483 337 650 374 solutum
662 334 846 373 habemus
854 336 1113 385 superstitem.

147 396 311 447 Reliqua
333 394 562 445 Apollodori
576 407 694 445 opera
711 394 803 432 satis
817 392 970 431 habebo
983 394 1115 443 paucis

95 454 224 493 verbis
241 453 486 491 recensuisse.
506 453 668 504 Scripsit
685 453 788 491 enim
806 461 943 503 praeter
959 465 1016 499 ea,
1031 465 1116 502 quae

89 512 169 563 jam
194 511 416 550 attulimus:
442 511 475 561 ι)
503 514 610 561 opus
631 511 720 565 Περὶ
737 513 822 550 θεῶν
845 511 892 549 ad
915 511 1115 548 minimum

94 571 228 622 viginti
262 578 446 621 quattuor
477 570 662 608 librorum
676 600 687 619 ,
717 571 757 608 iu
784 583 862 621 quo
893 569 1052 607 deorum
1079 577 1116 607 et

93 629 254 667 heroum
275 637 454 666 naturam
476 636 514 665 et
531 629 598 679 qui
619 629 667 666 de
685 628 732 667 iis
747 626 1116 666 circumferebantur

94 687 246 737 mythos
260 700 308 725 ex
323 687 541 725 Stoicorum
555 687 704 738 placitis
720 687 836 725 modo
848 686 1115 737 allegoriarum

95 745 210 783 modo
232 746 549 796 etymologiarum
569 759 642 797 ope
657 747 852 797 explicare
868 754 1029 783 conatus
1046 752 1114 783 est.

94 804 219 841 Multa
241 804 280 840 in
303 817 349 841 eo
369 804 594 854 legebantur
606 804 652 842 de
667 818 862 843 sacrorum
881 813 920 842 et
933 804 1116 842 festorum

94 861 319 913 originibus,
330 861 378 899 de
391 861 554 900 deorum
567 863 749 913 epithetis
759 875 917 914 quaeque
934 862 1010 900 huc
1025 875 1117 912 spe-

94 928 200 958 ctant
221 920 307 958 alia.
321 946 372 954 —
386 920 426 972 2)
448 920 538 974 Περὶ
560 923 644 959 νεῶν
670 922 729 959 vel
754 920 834 976 περὶ
855 923 941 959 νεῶν
962 918 1117 959 καταλό-

94 993 176 1029 γου,
201 978 224 1016 i.
249 991 282 1016 e.
309 981 627 1017 commentarium
645 979 846 1018 duodecim
866 979 1056 1018 librorum
1078 980 1117 1016 in

96 1046 243 1088 partem
255 1036 346 1074 libri
355 1038 512 1075 secundi
522 1038 664 1087 Iliadis,
678 1038 745 1076 ubi
755 1043 977 1077 Graecorum
985 1037 1120 1088 Troja-

96 1108 312 1146 uorumque
334 1096 456 1146 copiae
471 1097 801 1148 recensentur(4).
827 1101 874 1135 In
897 1111 975 1148 quo
1001 1111 1118 1148 opere

96 1154 261 1204 plurima
278 1167 345 1192 sua
357 1157 499 1192 Noster
514 1155 686 1194 hausisse
702 1155 845 1193 dicitur
861 1170 909 1194 ex
923 1156 1119 1194 Demetrio

97 1212 254 1263 Scepsio
275 1211 429 1263 (Strabo
447 1217 562 1258 VIII,
582 1228 619 1265 p.
642 1215 732 1263 522,
752 1218 786 1253 A
806 1229 815 1252 z
843 1228 878 1252 v.
906 1215 940 1253 fr
966 1214 1054 1266 169)
1083 1222 1121 1252 et

96 1271 347 1309 Eratosthene
365 1271 520 1323 (Strabo
542 1276 639 1320 VII,
658 1287 695 1324 p.
712 1273 802 1322 457,
821 1277 869 1312 B:
891 1288 927 1311 v.
947 1275 994 1312 fr.
1017 1273 1119 1326 159).

96 1330 192 1380 —3)
206 1328 296 1382 Περὶ
310 1327 505 1382 Σώφρονος,
512 1331 536 1369 i.
551 1345 584 1370 e.
602 1333 918 1370 commentarium
933 1333 970 1370 in
986 1334 1122 1371 mimos

98 1388 325 1438 Sophronis.
347 1389 462 1436 Quod
479 1403 577 1441 opus
597 1390 763 1429 divisum
782 1400 863 1429 erat
884 1392 923 1429 in
940 1391 980 1430 τὸ
999 1393 1045 1435 εἷς
1061 1394 1124 1430 ἀν-

99 1444 229 1498 δρείους
238 1444 299 1484 καὶ
314 1445 354 1484 τὸ
368 1447 415 1490 εἷς
431 1446 509 1490 τοὺς
523 1448 739 1499 γυναικείους
758 1448 896 1500 μίμους.
923 1473 960 1478 -
976 1450 1015 1500 4)
1033 1450 1122 1503 Περὶ

98 1501 328 1558 Ἐπιχάρμου
352 1504 470 1544 libros
497 1507 629 1545 decem
648 1507 771 1559 (5).—-
781 1507 818 1558 5)
842 1507 930 1561 Περὶ
950 1509 1122 1559 ἐτυμολο-

97 1563 194 1612 γιῶν.
213 1583 262 1590 -——
283 1562 322 1613 6)
344 1562 432 1615 Περὶ
453 1566 522 1601 τῶν
548 1563 729 1611 Ἀθήνησιν
742 1567 901 1619 ἑταιρῶν.
928 1566 1124 1604 Laudatur

99 1619 266 1672 denique
288 1621 550 1672 Apollodorus
573 1622 662 1676 Περὶ
682 1625 854 1676 κρατῆρος
876 1625 1011 1675 fragm.
1034 1628 1123 1674 243,

99 1679 167 1717 ubi
203 1687 329 1717 tamen
361 1680 514 1718 nonnisi
548 1694 638 1732 pars
682 1683 1012 1735 Etymologiarum
1058 1684 1119 1721 iu-

100 1737 218 1775 dicari
235 1736 387 1776 videtur
402 1738 471 1789 (6).

542 1825 688 1836 -QD—

369 1875 471 1932 AN
477 1875 852 1934 TIOCHUS.

154 1983 379 2034 Antiochus,
389 1986 641 2037 Xenophanis
657 1987 770 2034 filius,
784 1991 1043 2038 Syracusanus
1056 1988 1124 2040 (7),

102 2042 319 2099 συγγραφεὺς
338 2043 430 2082 πάνυ
451 2046 618 2098 ἀρχαῖος,
639 2054 683 2083 ut
709 2046 913 2097 Dionysius
941 2047 1033 2085 dicit
1059 2050 1122 2099 (A.

102 2104 145 2143 R.
170 2117 207 2154 p.
238 2103 314 2153 ιο),
344 2117 467 2154 neque
495 2106 564 2141 τῶν
585 2103 820 2156 ἐπιτυχόντων
841 2121 892 2148 τις
921 2104 997 2144 οὐδὲ
1024 2105 1124 2152 νέων,

101 2162 329 2213 Thucydide
338 2162 467 2213 paullo
478 2163 672 2214 antiquior
683 2164 812 2201 floruit
822 2165 923 2202 circa
932 2166 989 2203 Ol.
1003 2165 1122 2216 9o(8).

102 2225 204 2262 Miro
253 2238 384 2262 errore
426 2233 577 2263 tenetur
622 2226 760 2264 Strabo
793 2229 867 2278 (X,
898 2242 931 2265 c.
967 2227 1028 2280 1),
1059 2229 1125 2279 qui

102 2296 189 2321 eum
217 2284 423 2321 Aristotele
442 2285 551 2322 annis
582 2298 705 2336 prope
747 2286 921 2325 ducentis
949 2289 1126 2339 superio-

103 2355 182 2379 rem
202 2342 304 2381 facit.

156 2401 338 2440 Condidit
382 2402 598 2440 Antiochus
638 2410 719 2440 tum
762 2404 883 2442 Italiae
927 2405 1125 2444 historiam

145 2486 191 2527 (4)
206 2487 354 2520 Eustath.
372 2487 412 2519 ad
432 2487 568 2529 princip.
593 2489 650 2521 lib.
664 2491 695 2521 II
711 2489 801 2522 Iliad.
821 2500 829 2521 :
846 2491 938 2532 Λέγει
952 2493 984 2525 δὲ
1002 2495 1053 2526 καὶ
1066 2494 1124 2535 (sc.

105 2534 314 2574 Porphyrius)
338 2534 384 2566 ὅτι
406 2536 481 2577 πρὸς
494 2536 603 2573 ἄλλους
623 2538 676 2568 καὶ
690 2537 913 2581 Ἀπολλόδωρος
936 2541 952 2571 ὁ
974 2541 1126 2579 Ἀθηναῖος

105 2580 378 2623 ἐπραγματεύσατο
392 2582 432 2612 τὰ
452 2583 521 2624 περὶ
545 2586 601 2614 τοῦ
622 2583 796 2624 καταλόγου
817 2585 930 2627 ἄριστα
954 2587 985 2618 ἐν
1007 2589 1127 2621 δώδεκα

106 2628 250 2669 βιὸλίοις,
268 2629 446 2669 Μηνογένης
465 2629 497 2661 δὲ
513 2630 544 2661 ἐν
559 2631 640 2671 τρισὶ
655 2632 708 2662 καὶ
719 2631 834 2663 εἴκοσι.

147 2674 192 2715 (5)
212 2675 370 2716 Porphyr.
399 2675 434 2707 in
460 2676 536 2708 Vita
559 2677 679 2709 Plotini
704 2687 737 2710 c.
755 2680 794 2710 24
819 2688 826 2709 :
855 2681 1077 2722 Μιμησάμενος
1095 2684 1127 2716 δὲ

106 2721 329 2764 Ἀπολλόδωρον
351 2722 402 2754 τὸν
428 2723 583 2761 Ἀθηναῖον
669 2724 712 2755 ὧν
737 2725 754 2756 ὁ
777 2726 831 2766 μὲν
857 2726 1049 2771 Ἐπίχαρμον
1075 2731 1127 2762 τὸν

106 2769 354 2811 κωμῳδογράφον
373 2771 416 2807 εἰς
432 2771 506 2802 δέκα
526 2770 639 2812 τόμους
659 2772 756 2814 φέρων
779 2774 959 2814 συνήγαγεν-

150 2820 194 2860 (6)
218 2820 266 2852 Ad
294 2821 406 2862 fragm.
431 2825 470 2854 74
493 2822 599 2855 adde:
618 2823 805 2865 Hieronym.
832 2826 952 2859 chron.
979 2837 1011 2869 p.
1042 2834 1099 2863 106
1120 2842 1128 2863 :

110 2879 126 2896 «ι
143 2868 281 2910 Agrippa
307 2869 393 2910 apud
414 2871 546 2903 Latinos
568 2872 734 2912 regnante,
759 2874 918 2907 Homerus
945 2875 978 2907 in
1006 2878 1129 2911 Graecia

109 2915 235 2956 floruit,
257 2918 293 2948 ut
309 2919 445 2949 testatur
460 2919 675 2959 Apollodorus
697 2922 925 2960 grammaticus
939 2926 970 2956 et
986 2927 1129 2967 Euphor-

109 2963 170 2996 bus
190 2965 381 3006 (Ephorus?)
412 2967 600 3008 historicus3
622 2972 697 3000 ante
718 2969 830 3002 urbem
849 2973 1011 3005 conditam
1038 2977 1129 3008 annis

110 3012 237 3051 CXXII,
251 3014 294 3051 et,
308 3014 345 3045 ut
353 3014 523 3047 Cornelius
535 3017 639 3056 Nepos
651 3016 706 3055 ait,
721 3019 795 3048 ante
817 3018 945 3060 Olymp.
961 3022 1054 3054 annis
1070 3025 1127 3055 C.»

112 3059 327 3099 Hieronymus
342 3061 375 3091 in
387 3061 532 3094 numeris
553 3071 675 3095 errasse
687 3063 823 3095 videtur.

153 3107 198 3146 (7)
217 3108 403 3139 Ceterorum
420 3110 650 3142 Antiochorum
665 3120 832 3143 recensum
843 3113 898 3146 dat
906 3115 1031 3148 Fabric.
1048 3117 1128 3149 Bibl.

111 3156 163 3184 Gr.
181 3155 218 3185 T.
232 3155 278 3193 11,
302 3163 334 3194 p.
355 3158 427 3194 354,
444 3159 476 3189 et
500 3159 549 3198 X,
570 3167 602 3198 p.
625 3160 685 3190 504
709 3167 779 3199 sqq.
800 3160 851 3192 Cf.
870 3163 966 3194 Voss.
992 3164 1031 3195 de
1045 3166 1128 3197 Hist.

111 3203 178 3239 Gn,
191 3199 247 3232 ubi
262 3210 294 3233 v.
309 3201 460 3235 Iudicem.

154 3249 199 3288 (8)
214 3251 253 3282 V.
270 3252 373 3293 Heyn.
401 3255 448 3285 De
476 3254 589 3286 fontib.
618 3255 750 3287 Diodor.
772 3265 804 3298 p.
827 3261 875 3290 85.
900 3259 1000 3292 Ukert
1015 3263 1129 3301 Geogr.

113 3295 169 3326 Gr.
189 3298 322 3329 etRom.
346 3299 411 3331 vol.
428 3302 455 3339 1,
475 3302 565 3341 part;
580 3303 607 3342 1,
625 3311 657 3343 p.
675 3305 734 3343 843
758 3303 911 3336 Niebuhr.
930 3307 970 3337 Η.
990 3309 1029 3338 R.
1053 3309 1079 3346 Ι,
1099 3317 1128 3347 p.

114 3341 307 3380 27;Goener.
320 3346 514 3378 Prooeminm
526 3348 566 3380 de
583 3349 735 3390 scriptor.
756 3359 864 3382 rerum
876 3352 972 3383 Sicul.
992 3361 1023 3393 p.
1042 3355 1129 3385 Vlll.

2113 151 2188 179 XLV

1175 219 1341 271 (Ἰταλίας
1358 221 1516 273 οἰκισμόν
1535 223 1693 273 Dionys.
1710 226 1758 262 H.
1778 223 1802 261 l.
1822 223 1846 261 l.
1861 223 1950 278 Περὶ
1965 226 2026 271 τῆς
2042 224 2192 270 Ἰταλίας

1175 277 1390 331 σύγγραμμα
1421 280 1560 319 Strabo
1600 285 1678 327 VI,
1708 295 1747 333 p.
1783 282 1900 334 391),
1941 291 2022 321 tum
2057 284 2194 323 Siciliae

1176 335 1428 386 (Σικελιώτιδα
1476 338 1678 393 συγγραφήν
1719 340 1859 378 Strabo
1906 344 1967 392 X,
2014 355 2049 379 c.
2105 356 2120 379 1
2133 357 2148 379 1
2168 343 2194 391 ).

1174 395 1370 433 Posterior
1403 410 1542 435 novem
1570 397 1679 436 libris
1710 400 1986 450 comprehensa
2012 413 2036 437 a
2067 402 2195 439 Cocali

1176 454 1416 503 temporibus
1436 469 1557 506 usque
1575 456 1624 494 ad
1639 458 1807 508 primum
1827 471 1969 496 annum
1984 459 2092 497 Darii
2111 462 2195 497 No-

1176 510 1231 547 thi
1249 510 1330 560 (Ol.
1348 513 1410 561 89,
1431 512 1489 563 1),
1507 514 1679 565 adeoque
1697 516 1747 553 ad
1764 516 1931 555 medium
1946 517 2122 568 Dionysii
2142 531 2196 555 se-

1176 568 1294 605 nioris
1313 582 1471 619 regnum
1492 571 1686 610 descendit
1703 573 1772 626 (9).

1229 629 1562 675 Quemadmodum
1584 634 1795 672 Antiochus
1814 648 1948 673 eorum
1967 635 2034 686 qui
2051 648 2112 674 res
2131 636 2196 674 Si-

1176 686 1280 723 culas
1307 687 1547 737 scripserunt
1571 690 1644 727 fuit
1669 693 1974 744 antiquissimus,
2004 695 2057 732 sic
2085 695 2197 733 etiam

1177 743 1288 781 facile
1319 745 1502 795 princeps
1538 746 1672 786 haberi
1707 752 1861 800 poterit.
1900 755 2031 803 Opera
2062 752 2145 803 ejus
2177 766 2199 790 a

1177 802 1400 853 Thucydide
1432 811 1546 854 atque
1577 804 1626 842 ab
1645 808 1848 847 Aristotele
1876 811 1915 848 in
1955 810 2070 849 rebus
2096 812 2201 850 Sicu-

1179 862 1223 898 lis
1257 862 1431 899 cousulta
1467 875 1549 900 esse
1568 877 1640 914 pro
1672 876 1776 904 certo
1803 869 1882 906 fere
1904 869 2091 907 affirmare
2112 870 2201 908 licet

1177 921 1234 971 (V.
1248 919 1434 958 Niebuhr.
1446 923 1491 959 H.
1510 924 1555 959 R.
1577 925 1655 973 1‚p.
1675 937 1738 973 27,
1753 930 1800 968 40
1814 933 1904 971 et41
1917 957 1927 973 ‚
1946 929 1989 965 13
2000 928 2201 976 1).Diod0-

1181 992 1265 1016 rum
1283 979 1382 1016 haud
1395 992 1517 1030 pauca
1527 993 1575 1018 ex
1586 995 1631 1018 eo
1645 991 1857 1021 mutuatum
1870 998 1951 1022 esse
1963 986 2200 1036 satisliquet,

1178 1038 1248 1075 etsi
1271 1051 1445 1088 quaenam
1474 1039 1538 1076 illa
1556 1039 1714 1089 fuerint,
1733 1055 1851 1092 quum
1878 1043 2076 1081 Philistum
2098 1058 2200 1095 quo-

1179 1110 1253 1146 que
1270 1105 1308 1134 et
1330 1097 1514 1134 Timaeum
1532 1107 1619 1136 ante
1636 1100 1768 1137 oculos
1784 1100 1956 1148 haberet,
1977 1102 2202 1153 plerumque

1180 1169 1256 1193 non
1275 1163 1404 1207 potest
1423 1155 1623 1206 dijudicari
1640 1158 1731 1209 (10).

1588 1266 1798 1281 ⁴00...-

1467 1327 1874 1385 PHILISTUS

1235 1447 1413 1486 Philistus
1430 1449 1704 1499 Syracusanus,
1724 1449 1998 1487 Archimenidae
2015 1451 2125 1489 filius.
2146 1452 2206 1490 Sic

1182 1509 1340 1544 Pausan.
1360 1509 1415 1553 X,
1443 1507 1491 1543 23
1516 1514 1554 1543 et
1574 1507 1763 1544 Plutarch.
1789 1507 1873 1544 Nic.
1897 1521 1955 1558 19.
1979 1508 2093 1559 Apud
2113 1510 2206 1547 Sui—-

1185 1564 1271 1601 dam
1294 1565 1434 1615 legitur
1457 1564 1628 1608 Φίλιστος
1652 1564 1933 1619 Ναυκρατίτηςῆ
1955 1565 2206 1619 Συρακούσιος,

1184 1621 1391 1674 Ἀρχωνίδου
1414 1622 1495 1665 υἱός.
1519 1623 1593 1661 Sed
1616 1637 1735 1674 quum
1763 1624 1911 1673 omnia,
1941 1638 2023 1675 quae
2042 1625 2089 1664 de
2115 1627 2208 1664 Phi-

1183 1680 1271 1718 listo
1292 1682 1354 1719 ille
1374 1681 1502 1730 tradit,
1524 1682 1634 1720 valde
1650 1682 1800 1720 turbata
1820 1684 1906 1730 sint,
1925 1697 2003 1721 non
2022 1684 2114 1722 dubi
2122 1694 2206 1722 tan—

1185 1739 1275 1777 dum
1292 1748 1360 1786 est,
1381 1741 1494 1777 etiam
1518 1741 1636 1791 patris
1662 1754 1801 1779 nomen
1822 1742 1882 1779 vel
1900 1743 2067 1780 auctoris
2095 1743 2207 1794 culpa

1182 1798 1243 1835 vel
1279 1797 1524 1836 librariorum
1556 1799 1786 1850 negligentia
1817 1799 2069 1850 depravatum
2114 1815 2206 1840 esse.

1183 1858 1374 1907 AEgyptus
1404 1858 1529 1907 patria
1561 1857 1685 1895 eidem
1721 1859 1844 1896 errori
1878 1858 2010 1896 deberi
2039 1859 2209 1907 videtur,

1184 1927 1261 1964 quo
1281 1915 1530 1965 Αἰγυπτιακῶν
1546 1915 1605 1953 καὶ
1625 1915 1704 1969 περὶ
1719 1915 1951 1969 Ναυκράτεως
1970 1917 2058 1955 libri
2075 1918 2124 1956 ad
2142 1932 2208 1956 no·

1184 1981 1304 2011 strum
1325 1974 1552 2011 historicum
1569 1975 1857 2013 refei·untur.-
1870 1979 1992 2013 Natus
2010 1985 2066 2014 est
2080 1977 2141 2015 Ol.
2158 1977 2207 2014 86

1183 2032 1243 2069 vel
1266 2035 1328 2078 87.
1349 2033 1574 2070 Plutarchus
1593 2034 1694 2071 enim
1714 2035 1738 2071 l.
1762 2035 1786 2072 l.
1812 2035 2015 2072 Philistum
2036 2049 2163 2073 rerum
2188 2048 2209 2072 a

1185 2091 1354 2141 Gylippo
1370 2091 1411 2128 in
1429 2092 1557 2130 Sicilia
1584 2101 1774 2143 gestarum
1804 2091 1932 2146 ὁρατὴν
1960 2094 2075 2131 fuisse
2102 2094 2206 2132 dicit.

1184 2153 1316 2201 Itaque
1338 2152 1398 2191 Ol.
1421 2166 1483 2202 91,
1507 2153 1543 2200 3,
1564 2166 1641 2203 quo
1663 2167 1762 2190 anno
1783 2154 1974 2205 Gylippus
2003 2155 2208 2204 Syracusas

1183 2210 1303 2258 venit,
1319 2211 1398 2249 sive
1415 2212 1623 2262 pugnando
1637 2212 1716 2250 sive
1728 2212 1935 2263 spectando
1950 2220 2078 2250 noster
2093 2212 2208 2250 rebus

1228 2307 1273 2348 (9)
1291 2308 1420 2341 Diodor.
1447 2311 1524 2349 XII,
1543 2314 1578 2343 71
1600 2320 1608 2342 :
1631 2313 1702 2343 Τῶν
1729 2312 1762 2343 δὲ
1786 2312 1985 2353 συγγραφέων
2013 2311 2163 2352 Ἀντίοχος
2191 2313 2208 2343 ὁ

1184 2356 1391 2397 Συρακούσιος
1406 2359 1462 2394 τὴν
1478 2360 1540 2389 τῶν
1556 2359 1723 2390 Σικελικῶν
1738 2359 1875 2401 ἱστορίαν
1891 2360 1932 2395 εἰς
1955 2361 2061 2390 τοῦτον
2083 2358 2134 2389 τὸν
2150 2358 2207 2389 ἐνι-

1185 2402 1277 2433 αυτὸν
1304 2403 1439 2443 (lsarchi
1455 2413 1576 2436 annum
1588 2428 1597 2444 ‚
1607 2405 1677 2437 Ol.x
1690 2408 1741 2444 89,
1762 2406 1790 2445 1)
1805 2406 2009 2447 κατέστρεψεν
2019 2429 2028 2445 ,
2046 2404 2208 2446 ἀρξάμενος

1184 2450 1246 2482 ἀπὸ
1260 2451 1413 2483 Κωκάλου
1428 2455 1483 2483 τοῦ
1497 2454 1635 2484 Σικανῶν
1652 2453 1802 2494 βασιλέως
1815 2477 1824 2492 ,
1843 2453 1873 2484 ἐν
1890 2453 2017 2494 βιὸλίοις
2034 2452 2130 2482 ἐννέα.

1228 2509 1293 2549 (1ο)
1310 2510 1511 2549 Fragmentis
1524 2509 1623 2542 adde:
1637 2509 1775 2550 Syncell.
1787 2518 1818 2550 p.
1831 2511 1891 2540 364
1907 2508 1957 2540 ed.
1971 2507 2130 2539 Dindorf.:
2147 2508 2208 2540 Ἀν-

1184 2554 1289 2595 τίοχος
1302 2555 1334 2586 δὲ
1356 2555 1373 2585 ὁ
1395 2555 1583 2598 Συρακόσιος
1596 2557 1648 2587 καὶ
1670 2556 1728 2598 πρὸ
1743 2558 1892 2597 Τρωῐκῶν
1915 2566 1988 2596 φησι
2011 2555 2064 2592 τήν
2083 2554 2207 2595 Ῥώμην

1186 2601 1340 2641 ἐκτίσθαι,
1356 2602 1570 2643 βασιλεύοντος
1584 2602 1744 2644 Μόργητος
1758 2602 1886 2637 Ἰταλίας
1899 2601 1959 2632 ἀπὸ
1972 2600 2123 2642 Τάραντος
2135 2601 2206 2643 ἄχρι

1187 2648 1395 2685 Ποσειδωνίας
1410 2649 1485 2690 μετὰ
1501 2650 1552 2680 τὸν
1568 2652 1690 2691 πρῶτον
1703 2649 1864 2689 λεγόμενον
1879 2647 1994 2678 Ἰταλὸν
2012 2647 2140 2687 βασιλέα
2154 2659 2207 2679 κα-

1186 2694 1427 2737 ταγεγηρακότα.
1450 2697 1608 2727 Praeterea
1625 2695 1805 2726 Antiochus
1824 2695 2043 2734 Syracusanus
2060 2694 2206 2726 laudatur

1187 2742 1273 2782 apud
1287 2741 1522 2774 Theodoret.in
1538 2743 1616 2773 Cur.
1627 2745 1678 2773 Gr.
1699 2740 1806 2771 affeci.
1826 2749 1857 2779 p.
1879 2741 1946 2777 115,
1966 2747 2062 2778 quem
2077 2739 2184 2771 locum
2196 2764 2206 2781 ,

1187 2798 1288 2829 quum
1302 2788 1382 2820 liber
1398 2788 1437 2820 ad
1453 2798 1568 2820 manus
1590 2797 1655 2819 non
1671 2788 1730 2826 sit,
1747 2786 1927 2818 exscribere
1942 2794 2077 2826 nequeo.
2099 2787 2208 2819 Antio-

1187 2837 1239 2868 chi
1251 2836 1389 2877 denique
1408 2845 1526 2868 nomen
1538 2835 1674 2868 Vossius
1691 2837 1737 2866 De
1750 2834 1824 2866 hist.
1840 2838 1892 2866 Gr.
1908 2833 1955 2865 l.l.
1972 2834 2207 2867 restituendum

1188 2886 1279 2925 putat
1291 2885 1376 2925 apud
1394 2886 1525 2916 Festum
1539 2893 1570 2924 p.
1583 2887 1654 2921 266,
1664 2886 1702 2914 23
1718 2882 1768 2914 ed.
1787 2881 1898 2913 Odosr.
1912 2882 2053 2922 Mffller„
2066 2882 2122 2914 ubi
2134 2883 2180 2914 sic
2198 2893 2206 2915 ε

1190 2945 1205 2959 «
1220 2933 1411 2973 Antiqonus
1421 2956 1430 2971 ‚
1448 2932 1588 2963 Italicoe
1606 2931 1761 2962 historice
1776 2930 1937 2969 scriptor,
1951 2930 2022 2969 ait,
2041 2929 2208 2962 Rhemum

1189 2979 1361 3020 quendam
1385 2980 1531 3010 nomine,
1554 2979 1637 3009 Jove
1649 2978 1865 3016 conceptum,
1883 2975 2004 3008 urbe-m
2018 2976 2208 3010 condidisse

1189 3028 1225 3058 in
1253 3026 1395 3058 Palatio
1424 3028 1540 3057 Romae
1579 3025 1674 3065 eique
1698 3022 1827 3055 dedisse
1856 3031 2015 3055 nomen.»
2056 3023 2104 3054 Ad
2139 3024 2208 3056 haec

1190 3076 1228 3105 Ο.
1245 3073 1383 3104 Muller.:
1406 3085 1420 3099 α
1436 3072 1633 3111 Antigonus,
1644 3071 1731 3102 idem
1748 3071 1804 3111 qui
1821 3079 1840 3102 a
1858 3070 1991 3111 Dionys.
2002 3071 2074 3102 Hal.
2092 3073 2125 3110 Ι,
2142 3073 2159 3101 8
2176 3075 2207 3104 et

1190 3120 1350 3152 Plutarch.
1368 3120 1494 3151 Romul.
1514 3122 1548 3151 17
1567 3119 1728 3159 laudatur,
1749 3119 1805 3151 sed
1829 3119 1930 3158 alius,
1946 3120 2043 3159 puto,
2057 3128 2094 3150 ac
2111 3121 2206 3161 Cary-

1189 3167 1280 3198 stius.
1298 3179 1312 3193 »
1331 3166 1380 3197 Cf.
1398 3165 1551 3197 Niebuhr.
1570 3167 1610 3198 H.
1630 3168 1668 3198 R.
1685 3168 1723 3198 T.
1741 3168 1773 3205 I,
1793 3175 1826 3207 p.
1850 3168 1919 3206 142,
1945 3168 2011 3197 not.
2031 3168 2207 3197 77.-An-

1189 3213 1316 3245 tiochus
1330 3212 1382 3243 ille
1398 3212 1431 3243 in
1446 3213 1641 3253 Pherecydis
1656 3213 1695 3244 sr.
1716 3216 1769 3244 101
1790 3213 1908 3245 citatus
1938 3213 2006 3244 sine
2019 3212 2118 3244 dubio
2143 3222 2207 3244 non

1189 3262 1238 3291 est
1250 3260 1469 3299 Syracusanus
1482 3260 1601 3296 noster,
1626 3260 1681 3292 sed
1703 3261 1772 3302 περὶ
1788 3263 1849 3291 τῶν
1865 3260 1944 3291 κατὰ
1962 3259 2049 3291 πόλιν
2072 3260 2207 3299 μυθικῶν

1190 3307 1316 3345 auctor,
1332 3304 1424 3345 cujus
1447 3306 1568 3337 mentio
1587 3306 1622 3338 fit
1640 3307 1724 3348 apud
1746 3306 1881 3338 Ptolem.
1901 3306 2063 3346 Hephaest.
2084 3307 2122 3339 V.
2140 3309 2159 3338 9
2175 3306 2207 3337 et

1190 3353 1283 3384 Phot.
1308 3352 1389 3385 Bibl.
1410 3353 1481 3386 cod.
1500 3356 1558 3386 190
