2320 3684
191 210 261 243 198

671 289 732 326 24.

239 357 370 407 Polyb.
390 359 476 403 XII,
491 356 761 403 3,Exc.·Vatic.
784 371 792 394 ε
811 354 883 395 Τὸν
904 356 939 395 δὲ
957 356 1107 408 Τίμαιον
1121 358 1211 397 εἴποι

184 430 237 458 τις
259 413 300 452 ἂν
320 416 358 452 οὔ
377 413 480 464 μόνον
500 412 722 467 ἀνιστόρητον
741 413 919 466 γεγονέναι
938 415 1016 470 περὶ
1033 418 1101 454 τῶν
1119 415 1210 455 κατὰ

184 472 247 519 τὴν
268 471 417 518 Λιὸύην,
439 470 606 509 ἀλλὰ-καὶ
624 471 844 524 παιδαριώδη
859 471 941 520 ,καὶ
956 473 1082 517 τελέως
1099 475 1210 512 ἀσυλ-

184 530 359 581 λόγιστον,
382 530 442 567 καὶ
464 535 540 574 ταῖς
560 531 724 583 ἀρχαίαις
740 530 872 584 φήμαις
891 530 1008 582 ἀκμὴν
1028 532 1208 584 ἐνδεδεμέ-

184 605 255 636 νον,
280 589 318 631 ἃς
337 587 616 641 παρειλήφαμεν,
639 591 684 632 ὡς
701 588 888 640 ἁμμώδους
898 590 1012 638 πάσης
1026 591 1086 629 καὶ
1108 591 1211 644 ξηρᾶς

185 647 244 685 καὶ
269 647 427 700 ἀκάρπου
442 646 666 699 ὑπαρχούσης
682 650 745 694 τῆς
777 647 922 696 Λιὸύης.
956 648 1001 688 Ὁ
1038 647 1074 687 δὲ
1110 649 1211 694 αὐτὸς

185 704 284 757 λόγος
300 705 359 743 καὶ
375 705 460 758 περὶ
481 708 549 743 τῶν
571 704 680 759 ζῴων.
701 705 754 745 Τό
766 722 804 745 τε
825 705 891 760 γὰρ
910 710 980 746 τῶν
999 706 1130 756 ἵππων,
1150 708 1209 747 καὶ

182 766 252 801 τῶν
278 766 381 816 βοῶν,
395 764 455 802 καὶ
474 763 674 817 προὸάτων,
693 765 768 816 ἅμα
789 764 824 803 δὲ
845 765 978 809 τούτοις
995 767 1102 817 αἰγῶν
1119 767 1211 813 πλῆ-

185 825 241 867 θος
260 822 424 861 τοσοῦτόν
447 824 522 860 ἐστι
544 821 635 861 κατὰ
657 821 722 870 τὴν
743 824 880 877 χώραν,
909 823 990 862 ὅσον
1013 825 1076 862 οὐκ
1103 818 1210 863 οἷδέἷ

185 880 316 919 δύναιτ’
339 880 379 919 ἂν
410 883 591 934 εὑρεθῆναι
615 882 706 920 κατὰ
735 881 800 930 τὴν
827 882 953 930 λοιπὴν
983 882 1208 934 οἰκουμένην·

186 939 242 978 διὰ
278 940 318 979 τὸ
360 939 476 979 πολλὰ
500 943 570 979 τῶν
599 940 690 979 κατὰ
720 941 856 989 Λιὸύην
886 944 991 980 ἐθνῶν
1036 948 1108 987 τοῖς
1146 941 1208 993 μὲν

183 998 327 1052 ἡμέροις
348 998 397 1050 μὴ
414 1002 566 1053 χρῆσθαι
586 1006 749 1053 καρποῖς,
769 1000 838 1038 ἀπὸ
859 1000 896 1039 δὲ
909 1002 978 1039 τῶν
1001 1001 1210 1054 θρεμμάτων

186 1057 245 1095 καὶ
270 1057 332 1096 σὺν
349 1063 419 1102 τοῖς
457 1058 653 1112 θρέμμασιν
691 1057 783 1110 ἔχειν
821 1058 879 1096 τὸν
912 1058 998 1111 βίον.
1029 1058 1102 1097 Καὶ
1141 1057 1210 1110 μὴν

183 1117 222 1155 τὸ
239 1119 308 1155 τῶν
329 1117 524 1171 ἐλεφάντων
542 1117 601 1156 καὶ
617 1117 764 1156 λεόντων
778 1118 836 1157 καὶΙ
854 1118 1062 1171 παρδάλεων
1081 1121 1213 1165 πληθος

182 1191 244 1215 και
260 1175 324 1223 τὴν
348 1175 512 1223 ἀλκὴν,”
493 1192 545 1215 ετι
561 1177 598 1214 δὲ
617 1177 799 1228 βουὸάλων
820 1177 946 1221 κάλλος
962 1193 1021 1215 και
1036 1181 1210 1230 στρουθων

183 1233 334 1286 μεγέθη,
354 1234 406 1278 τίς
428 1236 494 1286 οὐχ
512 1235 718 1287 ἱστόρησεν;
738 1239 786 1273 ὡν
811 1234 903 1273 κατὰ
924 1234 968 1287 μὲ
953 1251 987 1273 ν
1008 1235 1072 1282 τὴν
1096 1235 1214 1289 Εὐρώ·

183 1309 254 1340 πην
277 1292 317 1331 τὸ
348 1293 517 1346 παράπαν
536 1293 670 1332 οὐδέν’
655 1309 772 1332 εστι-ν
804 1297 846 1353 ἡκ
864 1292 900 1331 δὲ
930 1293 1046 1341 Λιὸύη
1076 1294 1214 1348 πλήρης

183 1351 258 1390 ἐστι
293 1354 362 1390 τῶν
394 1351 667 1406 προειρημένων.
701 1351 790 1404 Περὶ
819 1355 867 1389 ὡν
899 1351 997 1390 οὐδὲν
1027 1352 1215 1405 ἱστορήσας

184 1410 354 1460 Τίμαιος,
375 1410 493 1463 ὥσπερ
511 1410 670 1457 ἐπίτηδες
688 1410 856 1448 τάναντία
872 1416 942 1453 τοῖς
958 1426 1025 1448 κατ
1027 1410 1214 1457 ’ἀλήθειαν

185 1469 399 1521 ὑπάρχουσιν
417 1468 601 1519 ἐξηγεῖται.

671 1534 734 1573 25.

237 1604 298 1642 Ad
313 1603 475 1654 librum,
497 1603 563 1641 ubi
583 1604 631 1642 de
648 1604 769 1654 Libya
789 1617 1005 1642 sermonem
1024 1604 1213 1651 instituit,

183 1663 329 1700 referre
348 1663 471 1713 possis
500 1663 628 1700 locum
659 1663 707 1700 de
735 1663 886 1701 filiabus
910 1663 1070 1701 Atlantis
1108 1663 1213 1713 apud

184 1721 313 1758 Schol.
340 1719 445 1758 brev.
469 1723 586 1760 Hom.
612 1721 656 1759 Il.
676 1723 729 1770 Σ,
750 1723 851 1766 486:
873 1720 1058 1768 Πληϊάδας
1077 1720 1107 1758 θ’
1121 1720 1214 1760 Ὑά-

185 1778 246 1822 δας
263 1776 314 1832 τε]
339 1777 415 1822 Τὰς
437 1778 500 1829 μὲν
520 1779 843 1833 κατηστερισμένας
861 1781 895 1818 ἐν
915 1782 966 1832 τῷ
984 1778 1136 1832 μετώπῳ
1152 1783 1213 1818 τοῦ

186 1838 328 1892 Ταύρου
346 1837 480 1882 ζΥάδας
498 1839 603 1893 φασὶν
626 1842 805 1893 εἰρῆσθαι·
821 1837 886 1883 τὰςγ
909 1839 944 1877 δὲ
960 1839 1017 1878 ἐπὶ
1036 1838 1212 1890 ἡμιτόμου

185 1900 337 1952 πλευρᾶς
362 1899 541 1943 Πλειάδας
559 1902 753 1939 καλεῖσθαι.
782 1899 946 1938 Ἄτλαντι
969 1899 1036 1953 γὰρ
1063 1904 1122 1938 τοῦ
1141 1900 1213 1939 Ἰα-

185 1961 291 1995 πετοῦ
304 1988 312 2003 ,
326 1957 386 1995 καὶ
407 1957 521 2011 Αἴθρᾳ
533 1961 576 2009 τῇ
594 1958 788 2008 Ὠκεανοῦ,
811 1957 902 1996 καθά
922 1974 1008 2011 φησι
1035 1957 1186 2009 Τίμαιος
1199 1989 1210 2007 ,

185 2014 368 2068 θυγατέρες
390 2016 524 2054 δώδεκα
543 2017 604 2055 καὶ
634 2017 706 2060 υἱὸς
726 2016 830 2060 “’Υας.
855 2018 990 2055 Τοῦτον
1023 2018 1058 2054 ἐν
1092 2015 1208 2069 Λιὸύῃ

183 2078 401 2126 κυνηγοῦντα
421 2074 496 2129 ὄφις
514 2075 654 2114 κτείνει.
684 2075 756 2115 Καὶ
772 2077 807 2114 αἱ
831 2075 894 2126 μὲν
911 2075 1016 2115 πέντε
1031 2075 1089 2114 τὸν
1106 2076 1212 2114 ἀδελ-

664 2226 727 2258 24.

226 2282 386 2314 Timaeum
400 2283 471 2322 jure
487 2283 676 2323 pronuntiet
693 2283 809 2323 aliquis
825 2292 889 2315 non
906 2283 1011 2315 solum
1027 2283 1211 2324 imperitum

185 2338 294 2362 rerum
310 2328 445 2367 Africae,
458 2329 515 2361 sed
531 2329 629 2362 etiam
645 2330 760 2370 puerili
782 2330 912 2371 ingenio
930 2331 1037 2362 virum
1047 2354 1056 2370 ,
1072 2328 1110 2363 ac
1125 2341 1212 2372 pror-

184 2385 241 2408 sus
256 2376 382 2408 infirmo
397 2375 532 2416 judicio,
545 2379 578 2408 et
593 2377 650 2417 qui
664 2377 843 2418 antiquitus
859 2378 985 2410 traditis
1003 2378 1212 2418 opinionibus

184 2432 284 2464 supra
307 2422 442 2454 modum
473 2422 571 2455 suerit
595 2423 743 2463 deditus,
769 2425 861 2464 quasi
886 2424 1035 2456 videlicet
1062 2425 1212 2457 universa

185 2470 294 2503 Africa
318 2471 402 2501 esset
431 2478 576 2508 arenosa,
611 2471 696 2502 sicca
727 2473 761 2502 et
791 2470 919 2503 sterilis.
949 2471 1039 2503 Idem
1084 2471 1124 2503 de
1147 2472 1212 2503 ani-

185 2515 326 2548 malibus
340 2524 471 2556 quoque
486 2516 611 2547 dictum
627 2517 790 2548 volumus.
816 2518 898 2548 Nam
910 2526 1082 2558 equorum,
1095 2517 1208 2558 boum,

184 2565 218 2596 et
233 2563 357 2602 ovium,
372 2562 515 2603 itemque
528 2572 709 2604 caprarum,
727 2565 816 2595 tauta
834 2564 931 2596 estin
947 2564 988 2596 iis
1010 2564 1090 2596 locis
1106 2565 1210 2606 copia,

185 2612 342 2651 quantam
356 2609 444 2641 haud
459 2609 527 2641 scio
541 2619 583 2641 an
595 2610 627 2641 in
643 2610 708 2642 ulla
726 2614 814 2651 parte
827 2611 942 2651 reliqui
951 2611 1040 2643 orbis
1052 2613 1211 2643 terrarum

184 2658 228 2690 sit
267 2656 424 2688 invenire.
468 2658 527 2688 Est
555 2664 632 2689 vero
668 2658 738 2698 ejus
750 2657 794 2688 rei
810 2666 907 2689 causa
919 2657 1000 2699 haee,
1015 2659 1103 2698 quod
1119 2659 1212 2690 multi

184 2704 303 2737 Africae
317 2703 438 2744 populi,
455 2713 557 2744 quum
573 2704 682 2745 fruges
698 2705 825 2736 cultura
842 2705 1010 2736 hominum
1027 2706 1212 2745 provenien-

183 2756 234 2784 tes
248 2751 411 2792 ignorent,
426 2759 444 2782 e
457 2750 628 2791 pecoribus
638 2750 780 2790 aluntur,
792 2752 824 2783 et
839 2760 916 2783 cum
928 2751 1098 2792 pecoribus
1110 2752 1210 2783 vitam

185 2799 317 2840 degunt.
355 2800 374 2830 J
377 2806 428 2829 am
458 2806 535 2830 vero
565 2798 825 2838 elephantorum,
864 2798 995 2830 leonum
1007 2822 1016 2837 ,
1036 2798 1211 2839 pardorum

185 2844 429 2878 multitudinem
446 2853 485 2876 ac
499 2844 608 2884 robur,
622 2844 816 2877 bubalorum
833 2845 911 2878 item
927 2844 1211 2886 pulchritudinem,

185 2893 218 2925 et
231 2891 451 2924 struthionum
467 2891 613 2932 ingentia
626 2899 770 2932 corpora,
790 2891 862 2932 quis
875 2891 975 2923 fando
987 2900 1051 2923 non
1069 2893 1211 2932 aceepit?

185 2947 323 2979 quorum
340 2937 528 2970 animalium
542 2938 578 2970 in
595 2940 723 2979 Europa
738 2938 870 2979 quidem
883 2937 1009 2970 nullum
1023 2938 1152 2978 penitus
1168 2939 1212 2970 in-

184 2985 316 3025 venias;
334 2985 443 3017 Africa
464 2994 542 3017 vero
578 2985 621 3018 iis
659 2987 710 3018 est
742 2986 871 3018 referta.
916 2988 957 3018 At
976 2985 1134 3025 Timaeus,
1156 2986 1212 3026 qui

186 3032 227 3064 de
262 3032 312 3063 his
345 3031 425 3064 nihil
464 3032 644 3074 quidquam
682 3033 782 3072 dicit,
804 3033 895 3066 velut
925 3032 966 3065 de
995 3032 1152 3065 industria
1173 3042 1212 3065 ea

187 3079 351 3110 memoriae
363 3079 543 3120 mandavit,
559 3089 634 3120 quae
650 3089 725 3112 cum
739 3081 872 3113 veritate
886 3082 1042 3121 pugnant.

666 3141 729 3174 25.

228 3195 355 3234 Stellas,
364 3205 446 3237 quae
444 3197 551 3228 locum
567 3197 703 3229 habent
695 3207 727 3230 in
745 3199 850 3231 fronte
862 3198 972 3238 Tauri,
981 3198 1110 3239 Hyades
1122 3198 1212 3230 aiunt

187 3241 315 3273 vocari·
308 3251 403 3282 ,quae
418 3234 526 3275 autem
544 3244 577 3275 in
600 3245 699 3276 altera
711 3246 818 3277 lateris
837 3245 995 3277 dimidiati
1011 3246 1102 3286 parte
1116 3247 1209 3286 sunt,

186 3296 242 3319 eas
257 3289 366 3319 vocari
391 3290 547 3322 Pleiades
568 3292 658 3323 Atlas
686 3293 772 3324 enim
795 3293 894 3334 Iapeti
918 3293 1003 3325 filius
1028 3295 1060 3324 et
1077 3294 1210 3333 AEthra,

187 3333 253 3365 filia
265 3335 400 3374 Oceani,
425 3339 460 3367 ut
474 3338 504 3368 tn
503 3337 573 3368 adit
589 3337 753 3379 Timaeus,
771 3339 852 3371 filias
871 3339 1044 3371 duodecim
1057 3341 1090 3372 et
1104 3341 1210 3381 Hyan-

189 3381 254 3412 tem
280 3380 381 3412 filium
403 3382 571 3415 habebant.
606 3383 751 3416 Huncin
780 3385 882 3426 Libya
899 3388 1069 3418 venantem
1092 3385 1212 3418 occidit

978 205 1144 244 TIMAEI
1171 206 1501 248 FRAGMENTA.

1267 292 1329 345 φὸν
1345 296 1531 346 θρηνοῦσαι
1553 293 1787 342 ἀπόλλυνται,
1807 293 1868 338 τὰς
1900 293 1935 333 δὲ
1965 295 2086 340 λοιπὰς
2105 297 2148 336 δι’
2167 297 2284 339 οἴκτου

1267 354 1518 407 καταστερίσας
1551 353 1638 396 Ζεὺς
1666 352 1797 396 Ὑάδας
1815 352 2055 404 ἐπωνόμασεν,
2085 356 2286 409 ἐπωνύμους

1267 414 1327 448 τοῦ
1345 411 1504 465 ἀδελφοῦ.
1523 413 1569 450 Αἱ
1593 410 1628 449 δὲ
1653 411 1791 454 πλείους
1809 410 1898 450 ἑπτὰ
1921 413 2074 465 βραδέως
2090 417 2168 465 μὲν,
2191 414 2284 463 πλὴν

1269 470 1502 509 ἀποθανοῦσαι
1522 469 1698 517 Πληϊάδες
1721 470 1888 523 εἴρηνται.

1319 531 1404 566 Non
1435 537 1504 576 est,
1524 543 1593 567 eur
1616 542 1702 567 cum
1733 531 1895 568 Goellero
1926 530 2004 567 haec
2032 530 2080 568 ad
2106 531 2285 570 Timaeum

1266 587 1574 626 mathematicum
1595 601 1617 626 a
1645 588 1769 626 Plinio
1793 588 1853 640 (H.
1878 591 1923 626 Ν.
1953 591 1999 634 V,
2015 602 2064 639 93
2082 591 2195 639 XVI,
2219 603 2288 636 απ

1267 647 1319 693 ΙΙ,
1341 645 1378 696 3)
1402 645 1598 684 laudatum
1619 646 1815 685 referenda
1836 654 2024 697 putemus.

1711 715 1856 726 —q—-t-

1661 757 1812 847 [ΙΒΙῖἓὲἰ
1841 758 1890 796 ΙΙ.

1319 861 1453 911 Polyb.
1478 864 1552 899 XII
1567 891 1577 909 ‚
1602 862 1648 899 3:
1669 862 1838 914 Καθάπερ
1859 861 1896 900 δὲ
1921 861 1980 900 καὶ
2005 861 2086 916 περὶ
2110 865 2180 902 τῶν
2199 863 2291 902 κατὰ

1266 917 1403 967 Λιὸύην
1421 918 1690 971 ἀπεσχεδίακεν,
1714 919 1805 958 οὕτω
1835 920 1896 958 καὶ
1923 920 2003 973 περὶ
2023 923 2094 960 τῶν
2113 921 2206 960 κατὰ
2225 920 2289 969 τὴν

1266 993 1371 1024 νησον
1413 977 1477 1024 τὴν
1540 978 1889 1031 προσαγορευομένην
1922 977 2071 1031 Κύρνον.
2106 979 2180 1018 Καὶ
2222 980 2293 1034 γὰρ

1268 1034 1390 1097 ὑπὲρ
1376 1035 1506 1083 εκείνης
1524 1035 1751 1086 μνημονεύων
1769 1037 1804 1074 ἐν
1818 1039 1861 1088 τῇ
1883 1037 2025 1091 δευτέρα
2045 1037 2156 1091 βίὸλῳ
2173 1038 2291 1092 φησὶν,

1268 1087 1370 1145 αἶγας
1389 1094 1510 1147 ἀγρίας
1525 1093 1585 1132 καὶ
1598 1093 1760 1147 πρόὸατα
1778 1094 1837 1132 καὶ
1858 1097 1936 1147 βοῦς
1962 1095 2101 1149 ἀγρίους
2122 1096 2292 1150 ὑπάρχειν

1268 1154 1302 1191 ἐν
1321 1154 1408 1204 αὐτῇ
1427 1151 1595 1199 πολλους,
1610 1152 1662 1192 ἔτι
1677 1153 1706 1190 δ’
1723 1152 1890 1206 ἐλάφους,
1907 1154 1969 1192 καὶ
1990 1154 2128 1229 λαγὼς,
2147 1154 2206 1193 καὶ
2232 1154 2294 1194 λύ-

1268 1226 1348 1255 κους
1363 1240 1373 1257 ,
1394 1210 1454 1248 καί
1472 1226 1550 1249 τινα
1568 1213 1637 1249 τῶν
1661 1211 1775 1250 ἄλλων
1795 1211 1905 1264 ζῴων,
1923 1211 1983 1251 καὶ
2001 1212 2081 1257 τους
2093 1212 2295 1268 ἀνθρώπους

1270 1269 1350 1321 περὶ
1375 1273 1488 1307 ταῦτα
1506 1269 1694 1321 διατρίὸειν
1719 1274 2011 1321 κυνηγετοῦντας,
2039 1271 2098 1310 καὶ
2122 1271 2185 1319 τὴν
2209 1271 2294 1319 ὅλην

1269 1331 1330 1365 τοῦ
1353 1326 1427 1378 βίου
1459 1326 1670 1379 διαγωγὴν’
1655 1343 1689 1365 εν
1714 1326 1847 1371 τούτοις
1882 1328 1988 1380 ἔχειν.
2025 1329 2129 1368 Κατὰ
2160 1329 2197 1368 δὲ
2229 1329 2320 1380 τὴν]

1269 1384 1525 1439 προειρημένην
1553 1388 1657 1432 νῆσον
1686 1390 1750 1438 οὐχ
1769 1379 1838 1424 οἷον
1851 1384 1948 1432 αιξ”
1925 1402 2041 1441 αγριος
2057 1386 2080 1434 ἢ
2102 1390 2202 1440 βοῦς,
2218 1389 2295 1427 ἀλλ’
2314 1401 2320 1427 ἐ

1271 1443 1348 1483 οὐδὲ
1367 1443 1508 1496 λαγὼς,
1540 1443 1617 1482 οὐδὲ
1643 1443 1767 1491 λύκος,
1788 1445 1858 1483 οὐδ’
1874 1444 2019 1498 ἔλαφος,
2036 1446 2108 1484 οὔδ’
2123 1445 2210 1486 ἄλλο
2225 1449 2295 1486 τῶν
2312 1458 2320 1470 ¹

1270 1502 1434 1542 τοιούτων
1459 1500 1555 1556 ζῴων
1582 1501 1716 1541 οὐδέν’
1700 1518 1793 1552 εστι,
1812 1502 1905 1551 πλὴν
1925 1502 2131 1553 ἀλωπέκων,
2151 1505 2210 1544 καὶ
2229 1521 2295 1544 κυ-

1271 1561 1411 1609 νίκλων,
1446 1541 1505 1599 καΙὶ
1544 1561 1733 1614 προὸάτων
1769 1563 1912 1616 ἀγρίων.
1947 1561 1993 1602 Ὁ
2036 1561 2074 1600 δὲ
2117 1562 2294 1613 κύνικλος,
2312 1587 2320 1619 g

1270 1619 1447 1672 πόῤῥωθεν
1471 1618 1534 1670 μὲν
1553 1618 1746 1672 ὁρώμενος,
1777 1620 1870 1658 δοκεῖ
1901 1624 1988 1659 εἶναι
2011 1618 2128 1672 λαγὼς
2153 1620 2320 1675 μικρός

1270 1678 1352 1717 ὅταν
1376 1678 1405 1715 δ’
1426 1679 1472 1720 εἷς
1490 1677 1552 1720 τὰς
1571 1684 1690 1731 χεῖρας
1705 1677 1798 1730 λάὸῃ
1815 1693 1886 1726 τις,
1909 1679 2066 1730 μεγάλην
2086 1678 2160 1732 ἔχει
2177 1680 2320 1762 διαιρο--Ἰ4

1273 1736 1334 1790 ρὰν
1348 1738 1409 1775 καὶ
1431 1735 1524 1774 κατὰ
1552 1736 1616 1783 τὴν
1636 1736 1852 1790 ἐπιφάνειαν,
1881 1737 1940 1775 καὶ
1958 1737 2050 1776 κατὰ
2068 1737 2132 1785 τὴν
2154 1740 2320 1815 βρῶσινή

1270 1795 1433 1847 Γίγνεται
1449 1793 1486 1832 δὲ
1504 1793 1544 1833 τὸ
1559 1797 1677 1833 πλεῖον
1696 1794 1817 1886 5159203
1819 1794 1911 1834 κατὰ
1929 1811 2003 1847 γης.

1323 1901 1418 1938 Plin.
1433 1903 1480 1940 H.
1495 1901 1540 1939 N.
1573 1902 1651 1948 111,
1674 1901 1743 1938 13:
1769 1903 1982 1939 Sardiniam
1999 1907 2117 1952 ipsam
2137 1850 2320 1961 Titum}

1269 1960 1502 1996 Sandaliotin
1527 1962 1728 2008 appellavit
1756 1959 1804 1996 ab
1823 1959 1950 2010 effigie
1969 1964 2093 2007 soleoe,
2116 1928 2320 2030 ΜχνείΙωΞ

1269 2019 1488 2055 Icltnussam
1506 2031 1531 2054 a
1550 2020 1788 2055 similitudine
1831 2023 1987 2069 vestigii.
2035 2020 2091 2058 Cf.
2119 2010 2320 2106 Pseudo-{

1269 2077 1428 2116 Aristot.
1444 2079 1503 2114 De
1525 2076 1610 2113 mir.
1634 2077 1796 2116 auscult.
1818 2090 1852 2115 c.
1879 2084 1966 2122 104.
2297 2093 2320 2168 ξ

1269 2227 1416 2260 serpens3
1437 2220 1534 2259 atque
1549 2219 1693 2260 quinque
1710 2227 1837 2252 sorores
1852 2219 1983 2252 fratrem
2000 2219 2204 2254 lacrimantes
2223 2230 2290 2255 mo·
2313 2224 2320 2259 ,’

1268 2266 1415 2305 riuntur3
1432 2266 1490 2297 has
1509 2266 1636 2307 Jupiter
1654 2267 1724 2307 eJus
1745 2267 1853 2299 luctus
1871 2267 2094 2300 misericordia
2109 2276 2238 2301 commo
2260 2282 2264 2297 ι
2281 2267 2302 2310 »ἢ
2312 2279 2320 2312 g

1268 2318 1355 2351 inter
1379 2319 1488 2351 stellas
1506 2319 1617 2351 retulit
1643 2323 1674 2351 et
1690 2319 1866 2360 appellavit
1881 2320 2026 2360 Hyades,
2047 2320 2155 2353 fratris
2175 2328 2270 2363 cogn·
2293 2335 2302 2345 ³

1268 2365 1392 2405 mines;
1408 2367 1530 2406 septem
1550 2375 1628 2398 vero
1647 2375 1794 2405 sorores,
1813 2366 1917 2400 serius
1932 2366 2072 2408 lugendo
2090 2370 2239 2409 mortum,
2257 2369 2317 2426 πῇ

1267 2412 1377 2453 plures
1389 2436 1397 2452 ,
1414 2413 1559 2446 Pleiades
1573 2413 1668 2446 dictae
1682 2415 1769 2446 sunt.

1658 2568 1813 2607 LIBER
1848 2569 1900 2609 II.

1749 2661 1813 2694 26.

1310 2730 1354 2760 Ut
1370 2728 1402 2759 in
1419 2728 1514 2760 rebus
1531 2729 1647 2760 Africae
1679 2729 1842 2761 levitatem
1863 2738 1955 2761 suam
1968 2729 2122 2771 prodidit,
2135 2728 2257 2763 eiecti
2271 2761 2275 2772 λ
2306 2766 2307 2772 γ

1269 2775 1302 2806 in
1333 2775 1390 2814 iis,
1409 2784 1483 2815 quae
1510 2776 1548 2807 ad
1576 2776 1741 2807 Corsicam
1778 2777 1909 2808 nomine
1942 2777 2081 2808 insulam
2123 2785 2199 2818 spec
2220 2788 2246 2803 ιι

1268 2821 1449 2853 narrandis.
1515 2825 1551 2853 ln
1594 2823 1737 2854 secundo
1777 2832 1917 2864 namque
1967 2822 2183 2855 Historiarum
2215 2831 2233 2855 ε
2271 2829 2281 2842 *··
2295 2834 2304 2868 Ἀ

1269 2878 1342 2900 rum
1372 2869 1453 2900 libro
1485 2870 1682 2902 mentionem
1718 2871 1786 2911 ejus
1821 2871 1940 2903 faciens
1953 2894 1963 2910 ‚
2002 2871 2046 2903 ait
2080 2879 2192 2912 capras
2217 2875 2229 2893 7'
2266 2877 2268 2879 ’
2305 2890 2310 2902 .-

1268 2925 1426 2956 ovesque,
1451 2915 1527 2947 item
1547 2915 1646 2948 boves
1663 2917 1747 2948 seros
1763 2917 1795 2947 in
1808 2926 1846 2948 ea
1860 2918 1980 2950 multos
1993 2917 2143 2958 reperiri,
2163 2914 2205 2948 ad
2295 2914 2300 2927 ³

1269 2973 1392 3003 cervos,
1407 2964 1540 3004 lepores,
1553 2964 1657 3005 lupos,
1677 2967 1708 2996 et
1728 2965 1863 2996 aliorum
1885 2966 2099 2998 animantium
2116 2965 2262 3011 nonnus⁴>

1268 3020 1407 3051 quorum
1423 3011 1650 3043 venationibus
1669 3011 1807 3043 insulani
1827 3014 2055 3050 exerceantur,
2071 3014 2103 3044 et
2114 3021 2171 3053 per
2301 3029 2303 3031 ·

1269 3058 1368 3089 vitam
1380 3058 1442 3090 hoc
1467 3058 1561 3089 unico
1577 3058 1685 3090 studio
1700 3060 1908 3098 occupentur.
1939 3059 2038 3099 Atqui
2065 3058 2097 3090 in
2124 3067 2162 3091 ea
2186 3058 2229 3085 ’κ

1268 3105 1355 3136 nulla
1385 3113 1481 3145 capra
1509 3104 1574 3136 sera
1587 3107 1643 3136 aut
1658 3105 1730 3144 bos,
1749 3105 1803 3137 sed
1821 3114 1861 3137 ne
1876 3105 1967 3146 lepus
1980 3105 2111 3146 quidem
2125 3103 2203 3138 autl
2235 3124 2239 3132 ·

1268 3154 1325 3184 aut
1338 3160 1464 3190 cervus,
1482 3154 1538 3183 aut
1554 3151 1658 3184 simile
1675 3151 1723 3183 his
1739 3151 1840 3183 ullum
1853 3153 1940 3184 aliud
1957 3152 2079 3184 animal
2098 3151 2218 3185 ostend
2290 3162 2291 3166 ’

1267 3201 1382 3239 praeter
1401 3197 1513 3239 vulpes
1540 3201 1572 3230 et
1589 3199 1767 3237 cuniculos,
1796 3202 1828 3230 et
1859 3208 1937 3231 oves
1969 3199 2064 3231 seras.
2095 3197 2275 3236 Cunicu

1267 3253 1344 3276 vero
1359 3245 1387 3276 si
1400 3244 1512 3285 procul
1525 3245 1689 3284 intuearis,
1709 3246 1802 3285 putes
1816 3254 1887 3277 esse
1903 3245 2042 3286 leporem
2057 3253 2227 3286 parvum3

1267 3291 1300 3322 in
1320 3299 1435 3322 manus
1449 3291 1621 3330 sumseris‚
1636 3299 1785 3331 magnam
1802 3291 1955 3324 0115131163
1972 3291 2186 3323 differentiam
2201 3290 2235 3322 et
2247 3289 2269 3332 ξ’
2288 3291 2290 3294 ’

1267 3338 1371 3379 specie
1386 3338 1463 3370 etin
1482 3340 1601 3378 gustu:
1620 3338 1832 3379 utplurimum
1869 3348 1945 3371 vero
1962 3338 2024 3371 sub
2045 3339 2129 3370 terra
2143 3337 2220 3370 sunt
2240 3348 2278 3377 w„

1266 3386 1376 3417 niculi.
2251 3399 2294 3438 ,ἦ
2318 3383 2320 3419 ⁴,
