2294 3704
140 177 159 202 L
1102 158 1165 199 nn
1194 158 1383 203 TlMAEO.

136 257 271 296 macho
293 257 375 304 illo,
399 256 465 306 qui
491 254 628 306 opibus
651 252 843 302 animique
866 249 1066 288 nobilitate
1089 261 1157 286 ex-

137 316 275 353 cellens
295 314 435 354 Naxios
456 313 549 350 urbe
567 326 588 349 a
608 310 796 359 Dionysio
816 308 942 345 excisa
965 305 1154 344 deturba·-

139 382 198 412 tos
219 372 482 423 congregavit,
511 371 633 420 iisque
659 369 697 405 in
725 365 985 405 Tauromenio
1009 364 1158 415 oppido

138 445 269 470 recens
283 431 438 468 condito
457 429 532 481 (Ol.
556 429 621 477 96,
652 430 686 473 1)
705 439 823 463 novas
838 425 945 463 sedes
960 424 1158 462 constituit

139 489 211 540 (ol.
237 489 307 526 105
320 517 329 534 ‚
350 490 382 526 3.
403 486 560 525 Diodor.
572 488 683 531 XVI,
703 498 722 531 7
745 485 830 521 coll.
850 486 957 529 XIV,
974 482 1052 533 59).
1070 487 1158 529 Quo

139 560 240 584 anno
263 547 424 585 Timaeus
443 546 480 582 in
503 545 625 581 lucem
640 542 764 580 editus
782 542 844 592 sit,
863 542 1016 580 disertis
1031 541 1157 578 verbis

139 605 283 643 indicat
299 617 423 642 nemo.
443 605 572 648 Quum
586 615 678 638 vero
693 615 812 639 annos
822 609 934 639 natus
951 600 1159 650 nonaginta

139 677 204 701 sex
231 662 413 714 (Lucian.
454 659 627 698 Macrob.
659 673 743 711 cap.
767 673 836 708 22,
862 673 900 710 p.
940 673 1008 706 ¹27
1045 657 1158 710 Bip.)

139 722 239 760 diem
259 721 397 759 obiisse
419 720 590 765 dicatur,
619 733 663 758 ac
687 720 856 757 historiae
877 719 958 770 ejus
976 732 1097 769 usque
1110 717 1158 755 ad

139 781 200 819 01.
225 793 316 830 129,
339 793 353 816 1
379 792 412 816 a.
428 778 515 817 Chr.
533 779 607 823 264
623 778 817 829 perductae
840 778 981 815 fuerint
995 775 1062 828 (2),
1082 778 1158 814 fato

139 839 340 876 defunctus
356 837 511 875 videtur
529 837 629 875 circa
646 837 706 875 01.
734 851 746 873 1
758 838 799 874 31
813 866 824 885 ,
847 837 907 873 vel
924 837 1054 887 paullo
1073 844 1159 886 post

138 911 172 934 a.
208 897 294 935 Chr.
332 897 428 943 256,
468 896 634 946 ideoque
671 896 813 933 natales
843 895 924 946 ejus
949 894 1159 932 referendae

139 961 228 990 sunt
249 951 296 990 ad
316 954 377 992 Ol.
397 967 490 1000 1073
510 966 543 990 a.
559 953 647 991 Chr.
665 953 751 990 352.
768 953 991 1002 Magistrum
1009 952 1158 999 habuit,

139 1019 182 1049 ut
205 1011 340 1049 Suidas
367 1019 544 1059 testatur,
568 1011 774 1049 Philiscum
799 1011 1012 1058 Milesium,
1039 1011 1157 1048 disci—

139 1071 273 1121 pulum
289 1071 477 1109 Isocratis.
500 1074 679 1109 Ceterum
700 1070 747 1108 de
766 1071 847 1108 vita
867 1070 947 1121 ejus
966 1071 1059 1108 nihil
1082 1070 1159 1108 fere

140 1138 377 1181 compertum
408 1130 594 1169 habemus
608 1160 618 1178 ,
637 1130 710 1167 nisi
731 1130 844 1178 illud,
874 1143 959 1168 eum
987 1129 1036 1167 ab
1054 1133 1158 1181 Aga-

142 1189 267 1227 thocle
293 1190 418 1240 patria
448 1189 598 1240 pulsum
627 1190 808 1239 migrasse
838 1189 1018 1227 Athenas.
1048 1189 1160 1237 Quod

140 1247 318 1298 equidem
343 1248 537 1286 retulerim
559 1247 607 1285 ad
627 1247 688 1286 Ol.
715 1261 801 1295 117,
826 1249 871 1295 3,
903 1261 936 1284 a.
959 1247 1046 1285 Chr.
1073 1249 1161 1296 310,

141 1320 219 1359 quo
240 1315 413 1358 tempore
432 1306 660 1358 Agathocles
681 1315 767 1357 post
793 1306 940 1344 cladem
956 1306 1003 1344 ad
1026 1307 1162 1343 Hime—

143 1442 311 1475 habemus.
343 1443 405 1482 Qui
434 1442 463 1475 ei
494 1442 647 1475 tribuitur
673 1443 752 1476 liber
778 1445 846 1487 περὶ
874 1448 928 1483 τῆς
955 1449 1010 1477 τοῦ
1042 1446 1164 1488 κόσμου

141 1491 242 1532 ψυχῆς
265 1489 342 1521 nihil
361 1492 411 1522 est
429 1490 490 1522 nisi
506 1491 648 1523 Platonis
665 1491 800 1533 dialogi,
820 1492 877 1533 qui
893 1493 1036 1526 Timaeus
1052 1495 1163 1527 inscri-

142 1537 240 1577 bitur,
252 1537 478 1578 compendium
488 1537 531 1578 (v.
547 1540 765 1571 Tennemann.
776 1541 864 1581 Sysl.
877 1540 911 1572 d.
923 1541 1018 1573 Plat.
1031 1542 1160 1574 Philos.

142 1585 206 1617 vol.
220 1587 252 1626 1,
270 1594 302 1626 p.
318 1588 358 1618 93
374 1585 448 1625 sq).
467 1585 555 1617 Idem
578 1586 687 1618 Vitam
705 1587 896 1628 Pythagoraa
910 1589 1076 1629 scripsisse
1088 1589 1164 1621 dici-

142 1635 205 1664 tur.
221 1632 322 1673 Cujus
342 1632 386 1664 rei
399 1632 476 1664 fides
490 1641 591 1673 quum
604 1633 637 1665 111
655 1642 719 1665 11110
736 1634 844 1666 Suidae
861 1635 1048 1668 testimonio
1061 1637 1163 1678 posita

142 1678 206 1718 sit,
219 1687 279 1711 nec
299 1687 437 1719 usquam
453 1681 575 1711 Locrus
590 1681 702 1712 auctor
721 1681 839 1713 disente
860 1684 1067 1722 memoretur,
1083 1684 1165 1715 veri·

143 1725 248 1758 simile
261 1728 311 1758 est
331 1726 526 1766 fragmenta,
550 1735 623 1767 quae
642 1727 682 1760 de
704 1728 884 1769 Pythagora
908 1738 947 1761 ex
963 1730 1085 1762 Timaeo
1100 1731 1164 1762 lau-

143 1773 273 1814 dantur,
290 1773 455 1805 reserenda
469 1782 539 1806 esse
552 1773 590 1805 ad
604 1773 762 1806 Timaeum
778 1775 922 1807 Siculum
932 1799 941 1815 ,
954 1776 1009 1816 qui
1022 1776 1055 1807 in
1068 1777 1164 1809 rebus

143 1820 266 1853 Italicis
283 1820 323 1852 (10
337 1820 518 1861 Pythagora
530 1830 593 1852 non
610 1821 717 1861 potuit
732 1831 797 1853 non
813 1822 980 1854 disserere.
1000 1843 1043 1849 —
1061 1828 1091 1855 2.
1114 1826 1165 1856 Ti-

144 1875 255 1900 maeus
280 1869 482 1900 crotoniata
502 1869 535 1900 et
553 1870 700 1900 Timaeus
726 1870 876 1909 Parius,
904 1870 1094 1910 Pythagorei
1117 1871 1162 1912 (v.

144 1914 313 1947 Iamblich.
331 1915 371 1946 V.
390 1915 524 1956 Pythag.
544 1924 615 1956 cap.
639 1918 744 1954 extr.;
769 1915 919 1949 Clemens
934 1917 1026 1949 Alex.
1045 1919 1162 1950 Strom.

147 1971 179 2003 p.
216 1964 294 2002 6043
319 1961 511 1994 Theodoret.
542 1964 575 1994 11
602 1962 794 2004 Therapeut.
824 1972 855 2004 p.
885 1966 936 1995 36.
961 1964 1012 1996 Cl'.
1036 1965 1162 1996 Fabric.

143 2008 226 2042 Bibl.
247 2011 326 2040 tom.
350 2010 416 2047 Vl,
431 2018 464 2050 p.
483 2009 569 2049 544.)
599 2029 640 2035 -
659 2012 690 2041 3.
710 2011 856 2042 Timaeus
874 2012 1080 2052 Cyzicenus,
1095 2013 1164 2045 Pla-

145 2056 228 2088 tonis
242 2056 431 2098 discipulus.
450 2056 502 2088 Sic
518 2056 732 2088 Demochares
744 2066 795 2097 ap.
811 2057 999 2090 Athenaeum
1024 2059 1097 2100 (XI,
1115 2063 1163 2099 15,

144 2112 176 2145 p.
196 2107 268 2143 509,
295 2106 320 2136 A
336 2103 500 2143 casaub).
520 2105 642 2135 Verum
667 2103 798 2144 Diogen.
832 2106 937 2136 Laert.
959 2107 1027 2145 ΙΙΙ,
1047 2109 1099 2146 46,
1113 2108 1164 2139 Ti-

144 2151 304 2189 molaum,
322 2159 386 2182 non
408 2150 565 2182 Timaeum
590 2150 785 2191 Cyzicenum
810 2151 892 2184 inter
914 2153 1056 2186 Platonis
1073 2155 1165 2187 discl-

145 2198 238 2239 pulos
259 2199 437 2230 enumerat.
466 2199 578 2237 ltaque
600 2197 790 2229 alterutrum
817 2207 934 2231 nomen
956 2200 1164 2241 depravatum

144 2244 283 2277 videtur.
300 2244 437 2276 Aliunde
449 2244 489 2276 de
505 2244 626 2276 Timaeo
635 2245 774 2284 quodam
792 2246 950 2286 cyziceno
964 2248 1008 2279 nil
1025 2251 1164 2290 constat,

144 2291 207 2323 11151
229 2291 310 2323 forte
333 2291 492 2323 Neanthes
524 2291 724 2331 Cyzicenus,
748 2291 842 2323 sicuti
869 2293 1008 2326 Timaeus
1035 2295 1163 2328 Philisci

144 2338 340 2379 discipulus,
371 2338 426 2378 qui
447 2338 611 2376 Ἑλληνικὰ
626 2339 756 2380 scripsit
777 2342 809 2371 et
822 2341 890 2382 περὶ
905 2344 967 2372 τῶν
982 2344 1062 2374 κατὰ
1077 2343 1165 2375 πόλιν

146 2387 299 2426 μυθικῶν,
317 2394 376 2417 1100
391 2394 456 2417 11011
471 2387 539 2427 περὶ
555 2387 777 2429 Πυθαγορικῶν
793 2387 838 2427 (in
857 2397 923 2428 quo
945 2398 1040 2430 opere
1055 2400 1165 2431 quem·

144 2433 320 2464 admodum
334 2433 475 2476 Tim-aeus
492 2434 632 2473 ineptam
650 2434 737 2466 illam
753 2434 792 2466 de
807 2435 1011 2476 Empedoclis
1023 2438 1165 2479 λογοκλο·

144 2480 216 2521 πείᾳ
242 2480 384 2512 fabulam
412 2480 554 2512 narravit
573 2489 625 2512 zv,
649 2484 796 2513 Karsten.
817 2481 855 2514 de
878 2484 1110 2526 Empedocle),
1133 2487 1165 2519 et

144 2536 259 2567 quem,
279 2527 376 2559 sicuti
399 2526 575 2567 Timaeum,
603 2531 731 2569 propter
753 2529 916 2561 levitatem
937 2531 1067 2563 Polemo
1085 2533 1164 2565 ἀντι-

143 2577 269 2616 γραφαῖς
286 2574 354 2606 51115
370 2574 577 2614 perstrinxit,
596 2575 638 2606 ob
657 2575 774 2616 ingenii
789 2578 820 2607 et
833 2585 938 2608 rerum
956 2580 1163 2612 tractatarum

145 2630 219 2652 011111
241 2621 363 2653 Timaeo
382 2621 515 2661 ejusque
546 2622 686 2654 historiis
715 2622 959 2655 similitudinem
986 2627 1164 2666 appellatus

144 2670 193 2700 est
213 2668 353 2700 Timaeus
369 2669 547 2709 Cyzicenus
559 2693 568 2709 ‚
588 2669 673 2709 quod
690 2678 806 2702 nomen
822 2670 936 2703 deinde
949 2680 1024 2704 cum
1042 2673 1097 2705 1110
1115 2674 1163 2706 Τ1-

144 2715 241 2746 11101111
273 2714 421 2747 facillime
457 2716 563 2756 potuit
593 2716 758 2748 confundi.
797 2717 920 2749 Eodem
949 2719 1042 2759 plane
1067 2721 1164 2753 modo

144 2761 355 2794 Ruhnkenius
372 2761 411 2793 ad
426 2763 524 2794 Rutil.
546 2765 627 2804 Lup.
648 2765 663 2795 I
676 2786 685 2802 ,
701 2772 731 2804 p.
751 2767 804 2803 26,
821 2765 989 2805 Hegesiam
1003 2769 1163 2800 oratorem

146 2809 273 2848 propter
301 2817 397 2840 suum
423 2809 617 2850 ineptiarum
647 2810 791 2842 studium
814 2819 888 2842 011111
909 2812 1030 2844 Timaeo
1054 2815 1165 2846 confu-

146 2863 219 2886 sum
230 2864 299 2887 esse
313 2855 401 2888 dicit.
419 2875 459 2879 -
476 2859 506 2888 4.
529 2859 692 2897 Timaeus,
707 2858 816 2898 junior
828 2859 979 2899 quidam,
996 2860 1162 2902 sophista,

146 2901 249 2941 quiad
259 2903 451 2934 Gentianum
462 2904 590 2944 scripsit
602 2903 744 2936 Lexicon
758 2905 958 2938 Platonicum
974 2907 1016 2947 (v.
1032 2908 1160 2940 Ruhnk.

148 2948 270 2987 praefat.
294 2949 333 2979 ad
350 2949 460 2981 Timaei
479 2952 555 2982 Lex.
576 2960 607 2991 p.
627 2953 704 2992 XII,
722 2952 819 2993 sqq).
837 2953 883 2984 Ad
899 2953 1039 2985 eundem
1052 2956 1162 2987 Ruhn-

147 2994 259 3026 kenius
290 2996 444 3035 pertinere
472 3000 581 3030 censet
618 3000 768 3040 συλλογήν
801 3001 968 3043 ῥητορικῶν
1000 3001 1161 3043 ἀφορμῶν,

147 3051 245 3082 quam
265 3042 377 3074 suidas
408 3044 561 3076 historico
585 3045 690 3077 Siculo
714 3046 872 3079 attribuit.
899 3067 942 3074 —
963 3052 992 3080 5.
1014 3051 1164 3082 Timoeus

146 3089 411 3122 mathematicus
428 3095 621 3123 memoratur
641 3102 660 3124 a
687 3093 790 3125 Plinio
821 3096 860 3126 H.
882 3097 921 3126 N.
943 3097 985 3135 V,
1011 3096 1051 3135 93
1070 3098 1162 3137 XVI,

148 3138 275 3176 22311,
293 3139 322 3168 8.
352 3135 400 3167 Ad
434 3137 518 3168 hunc
545 3139 672 3170 Goeller.
693 3139 896 3172 referendum
924 3141 1108 3183 suspicatur
1122 3143 1160 3175 fr.

149 3186 187 3214 25
204 3182 243 3214 de
258 3181 436 3222 Hyadibus.
455 3202 496 3208 -
512 3184 542 3214 6.
568 3186 713 3217 Timaeus
735 3186 918 3220 historicus
930 3212 938 3227 ,
961 3190 1021 3229 qui
1039 3189 1080 3221 de
1099 3198 1164 3222 me-

148 3228 266 3261 dicina
289 3228 463 3260 metallica
489 3231 628 3269 scripsit
653 3232 683 3262 in
701 3232 782 3263 Plin.
811 3233 882 3265 Ind.
907 3234 963 3265 lib.
982 3237 1115 3268 XXXIII
1131 3238 1164 3269 et

148 3283 218 3316 cap.
237 3278 255 3307 3
281 3274 424 3315 0311511οι11
446 3274 535 3315 libri,
570 3284 664 3307 nemo
685 3278 766 3310 alius
790 3289 887 3320 quam
910 3281 1036 3314 Siculus
1055 3285 1164 3316 noster

148 3329 217 3353 esse
231 3321 369 3353 videtur.
383 3323 422 3353 V.
440 3321 549 3362 fragm.
569 3327 617 3354 22.

191 3368 234 3409 (2)
253 3369 362 3409 Polyb.
389 3377 420 3407 1,
444 3373 473 3407 5,
498 3372 510 3400 1
531 3378 538 3399 :
556 3369 789 3410 Ὑποθησόμεθα
805 3374 914 3411 ταύτης
930 3374 1026 3416 ἀρχὴν
1048 3380 1100 3414 τῆς
1121 3377 1164 3418 βί.

1217 261 1296 287 10111
1311 252 1519 290 exercitum
1534 253 1572 291 in
1590 253 1758 291 Africam
1780 252 2083 300 transducturus,
2103 266 2151 291 ne
2166 265 2236 304 per

1216 300 1425 347 absentia'm
1451 324 1556 349 suam
1587 325 1646 350 res
1671 325 1793 350 novas
1820 312 2047 349 molirentur
2069 314 2233 362 Syracu—-

1218 369 1311 422 sani,
1331 382 1402 408 nec
1417 370 1500 422 ipse
1517 372 1690 422 pecuniae
1708 372 1841 423 inopia
1856 371 2059 418 laboraret,
2078 373 2238 422 opulen-

1219 428 1361 465 tiorum
1383 442 1476 479 opes
1495 430 1568 468 sub
1591 431 1707 468 variis
1729 429 1981 482 praetextibus
2005 430 2236 476 confiscavit,

1218 493 1332 536 atque
1351 486 1487 525 urbem
1503 488 1551 526 ab
1571 489 1769 537 omnibus,
1786 502 1882 539 quos
1905 502 1927 525 a
1946 502 1986 526 se
2008 488 2153 526 alienos
2175 489 2238 526 vi·-

1218 545 1335 593 deret,
1356 547 1522 586 caedibus
1542 557 1579 587 et
1600 548 1723 587 exiliis
1739 561 1953 599 expurgare
1971 547 2117 585 studuit
2133 547 2240 598 (Dio-

1219 604 1303 643 dor.
1325 610 1421 655 XX,
1448 609 1497 658 4).
1524 611 1569 646 In
1597 607 1735 645 horum
1763 619 1924 645 numero
1949 606 2064 644 fuisse
2085 606 2240 644 videtur

1219 665 1331 702 etiam
1346 666 1535 714 Timaeus,
1563 667 1629 717 qui
1655 667 1786 716 itaque
1809 665 1930 703 aetatis
1953 678 2054 702 anno
2069 664 2240 716 quadra-

1219 724 1363 774 gesimo
1380 725 1562 773 secundo,
1583 725 1725 763 relictis
1743 724 1954 774 Syracusis,
1975 724 2015 761 in
2035 723 2243 761 literatissi-

1219 795 1318 820 mam
1338 783 1572 820 Athenarum
1591 783 1726 821 urbem
1746 795 1827 820 sese
1847 782 2025 830 contulit,
2041 781 2125 828 ubi,
2143 782 2242 820 sicut

1218 840 1300 890 ipse
1326 840 1422 878 dicit
1445 840 1520 893 (3),
1551 841 1830 892 quinquaginta
1848 841 2093 877 continenter
2121 852 2242 877 annos

1218 899 1360 950 hospes
1385 907 1557 937 versatus
1579 908 1646 938 est.
1670 900 1854 937 Praeclaro
1876 899 1949 936 hoc
1971 899 2052 936 otio
2073 899 2242 949 gaudens

1219 965 1341 995 totum
1369 971 1409 996 se
1431 957 1536 996 dedit
1560 957 1696 996 studiis
1724 956 1940 1003 historicis,
1964 969 2008 994 ac
2039 964 2241 1007 postquam

1218 1016 1412 1067 ingentem
1439 1018 1637 1055 materiam
1664 1016 1836 1067 undique
1859 1023 2120 1066 congesserat,
2149 1028 2246 1067 pro-

1219 1076 1388 1113 vectiore
1399 1076 1480 1126 jam
1500 1084 1610 1113 aetate
1626 1075 1674 1113 ad
1689 1088 1850 1126 operum
1872 1087 2030 1111 suorum
2047 1073 2243 1124 composi-

1220 1133 1364 1172 tionem
1384 1147 1423 1172 se
1442 1134 1608 1172 accinxit
1624 1133 1692 1186 (4).
1714 1137 1798 1172 Jam
1818 1133 1849 1171 si
1867 1146 1958 1170 vera
1974 1140 2076 1179 sunt,
2093 1145 2180 1184 quae
2196 1131 2244 1171 de

1221 1191 1325 1229 exilii
1348 1200 1521 1242 tempore
1541 1191 1634 1238 dixi,
1653 1191 1870 1228 necessario
1888 1190 1979 1228 inde
1992 1190 2166 1241 sequitur
2179 1189 2244 1227 01.

1226 1252 1312 1296 130,
1333 1264 1403 1298 1,0.
1417 1251 1508 1288 Chr.
1524 1252 1614 1297 260,
1630 1251 1817 1288 Τί1110011111
1833 1249 1998 1287 Athenas
2013 1249 2141 1300 paullo
2157 1256 2246 1287 ante

1221 1308 1269 1346 ab
1288 1310 1484 1360 Antigono
1507 1317 1640 1359 captas
1659 1309 1871 1359 reliquisse.
1893 1308 2014 1359 Igitur
2033 1310 2247 1346 Taurome—

1222 1368 1330 1405 nium
1339 1368 1412 1413 vel‚
1425 1367 1531 1418 quod
1540 1368 1681 1413 malim,
1692 1370 1901 1417 Syracusas
1910 1366 2078 1404 redierit.
2094 1369 2246 1404 Testem

1223 1428 1279 1465 rei
1289 1427 1410 1465 affero
1423 1428 1550 1464 locum
1562 1427 1682 1478 ipsius
1694 1427 1827 1465 Timaei
1842 1426 1959 1464 modo
1969 1424 2165 1464 laudatum
2177 1427 2246 1478 (3),

1223 1486 1323 1524 unde
1345 1487 1446 1524 clare
1465 1487 1591 1524 elucet
1610 1486 1753 1536 scripta
1773 1486 1851 1523 haec
1872 1499 1954 1523 esse
1974 1493 2061 1536 post
2080 1484 2246 1523 reditum

1223 1559 1272 1582 ex
1308 1545 1437 1583 exilio.
1469 1550 1591 1595 Atque
1623 1558 1740 1595 quum
1778 1543 1895 1582 verba
1914 1542 2097 1594 Polybius
2129 1544 2247 1594 petita

1224 1603 1326 1641 dicat
1343 1610 1389 1642 ex
1403 1603 1501 1641 libro
1518 1604 1713 1654 trigesimo
1733 1611 1884 1653 quarto,
1904 1601 1984 1650 ubi,
2004 1610 2047 1639 ut
2065 1602 2167 1640 infra
2185 1601 2248 1640 de-

1225 1670 1437 1700 monstrare
1456 1662 1643 1709 studebo,
1668 1662 1890 1713 Agathoclis
1912 1661 2110 1699 historiam
2131 1674 2247 1712 expo-

1223 1722 1310 1768 suit,
1332 1721 1435 1759 haud
1454 1730 1596 1759 temere
1613 1729 1778 1759 statuam
1802 1720 1984 1771 majorem
2001 1720 2247 1758 historiarum

1223 1789 1371 1831 partein
1394 1794 1513 1830 usque
1530 1780 1578 1817 ad
1594 1789 1806 1830 postremas
1823 1792 1883 1817 res
1899 1778 2122 1830 Agathoclis
2133 1779 2249 1818 Athe·

1224 1840 1295 1886 nis,
1314 1852 1450 1877 verum
1470 1839 1606 1889 Pyrrhi
1625 1839 1838 1885 historiam,
1850 1851 1965 1889 quam
1979 1851 2152 1876 seorsum
2165 1838 2248 1876 edi-

1225 1907 1301 1936 tam
1319 1899 1470 1946 scimus,
1486 1899 1524 1935 in
1542 1898 1670 1937 Sicilia
1685 1906 1773 1948 post
1790 1897 1955 1935 reditum
1973 1910 2021 1935 ex
2035 1897 2154 1934 exilio
2167 1909 2249 1935 esse

1224 1959 1494 2009 conscriptam.

1275 2020 1334 2055 De
1357 2022 1498 2067 scriptis
1519 2019 1660 2054 Timoei.
1684 2038 1732 2044 —-
1754 2015 1894 2054 Siciliae
1921 2015 2105 2064 historia,
2133 2028 2248 2066 quam

1224 2077 1391 2115 Timaeus
1415 2076 1609 2114 memoriae
1633 2074 1816 2126 prodidit,
1838 2074 1950 2111 initio
1976 2074 2076 2112 facto
2093 2074 2183 2112 inde
2198 2074 2248 2112 ab

1225 2135 1499 2186 antiquissimis
1525 2133 1763 2185 temporibus
1789 2133 1953 2171 deducta
1974 2141 2032 2171 est
2053 2131 2179 2184 usque
2200 2133 2248 2172 ad

1225 2195 1286 2232 Ol.
1312 2208 1397 2244 129,
1416 2194 1485 2231 ubi
1500 2193 1684 2244 Polybius
1704 2205 1864 2230 suorum
1885 2192 2248 2230 commentariorum

1225 2254 1352 2305 posuit
1372 2253 1652 2303 exordium(5).
1671 2255 1774 2301 Quot
1792 2251 1912 2289 libros
1932 2252 2164 2290 continuerit
2183 2265 2248 2290 ac-

1225 2313 1393 2350 curatius
1409 2313 1558 2350 definiri
1573 2312 1731 2362 nequit,
1749 2311 1977 2362 ampliorem
1994 2318 2119 2348 tamen
2134 2310 2248 2348 fuisse

1230 2386 1348 2423 opere
1374 2371 1585 2421 Polybiane
1617 2383 1689 2421 pro
1721 2377 1826 2407 certo
1852 2370 1941 2407 licet
1967 2369 2157 2407 affirmare
2178 2368 2245 2421 (6).

1223 2435 1359 2482 Neque
1375 2431 1500 2468 minus
1512 2443 1682 2468 asserere
1698 2437 1822 2480 potes,
1846 2436 1887 2465 ut
1898 2428 2056 2474 Philisti,
2066 2428 2120 2466 sic
2132 2428 2247 2466 etiam

1224 2491 1356 2529 Timaei
1382 2490 1562 2527 historias
1586 2489 1626 2526 in
1645 2489 1776 2539 plures
1802 2495 1929 2538 partes
1950 2487 2064 2524 fuisse
2086 2486 2241 2534 divisas,

1224 2563 1318 2600 quas
1343 2558 1534 2598 tamquam
1563 2547 1768 2596 singularia
1788 2559 1905 2596 opera
1924 2545 2240 2583 consideraveris.

1223 2610 1321 2646 Hinc
1341 2606 1589 2658 explicandus
1609 2614 1666 2643 est
1682 2603 1831 2652 Suidas,
1853 2604 1919 2655 qui
1939 2604 2127 2642 Timaeum
2149 2605 2246 2642 scri-

1223 2767 1296 2797 6200
1320 2766 1374 2803 τὴν
1396 2765 1519 2807 πρώτην
1542 2763 1683 2795 διάόασιν
1708 2763 1738 2799 ἐξ
1758 2761 1887 2798 Ἰταλίας
1908 2760 2088 2802 Ῥωμαίων·
2112 2761 2191 2800 αὕτη
2217 2762 2245 2794 δ’

1223 2813 1288 2846 ἐστὶ
1314 2813 1444 2853 συνεχὴς
1471 2812 1525 2852 μὲν
1540 2814 1603 2847 τοῖς
1630 2810 1681 2851 ἀφ’
1709 2810 1752 2841 ὧν
1775 2809 1902 2850 Τίμαιος
1917 2808 2066 2845 ἀπέλιπε,
2092 2807 2196 2840 πίπτει
2212 2809 2245 2841 δὲ

1222 2861 1301 2892 κατὰ
1313 2859 1368 2897 τὴν
1390 2857 1498 2895 ἐνάτην
1514 2858 1567 2889 καὶ
1584 2858 1726 2895 εἰκοστὴν
1747 2855 1822 2898 πρὸς
1837 2858 1901 2892 ταῖς
1917 2854 2026 2886 ἑκατὸν
2038 2853 2242 2895 Ὀλυμπιάδα.

1264 2907 1309 2947 (3)
1326 2905 1440 2946 Polyb.
1458 2907 1536 2943 XII,
1561 2907 1613 2943 25,
1629 2903 1641 2936 i
1658 2913 1667 2934 z
1685 2904 1884 2941 Πεντήκοντα
1905 2903 2043 2942 συνεχῶς
2058 2901 2111 2939 ἔτη
2135 2901 2244 2944 διατρί-

1222 2955 1282 2995 ψας
1294 2954 1436 2991 Ἀθήνησι
1463 2952 1618 2987 ξενιτεύων
1639 2951 1692 2982 καὶ
1721 2950 1823 2988 πάσης
1844 2949 2096 2990 ὁμολογουμένως
2120 2948 2244 2990 ἄπειρος

1222 2999 1368 3040 ἐγενόμην
1393 3000 1560 3039 πολεμικῆς
1585 2997 1697 3039 χρείας.
1728 2998 1849 3029 Contra
1872 2995 1983 3036 Polyb.
2009 2994 2090 3026 ibid.
2119 2998 2172 3035 25,
2193 2994 2241 3026 d:

1222 3046 1413 3082 ἀποκαθίσας
1448 3045 1506 3088 γὰρ
1532 3045 1690 3082 Ἀθήνησιν
1717 3043 1856 3085 σχεδὸν
1887 3042 1939 3080 ἔτη
1965 3042 2166 3079 πεντήκοντα.
2189 3041 2239 3074 Cf.

1222 3096 1280 3126 Xll
1294 3117 1303 3133 ,
1326 3096 1377 3131 28,
1394 3095 1423 3122 6.

1264 3141 1308 3181 (4)
1330 3142 1368 3172 ln
1383 3139 1479 3171 exilio
1495 3138 1652 3170 Timaeum
1674 3138 1840 3170 historiam
1856 3145 1947 3168 suam
1963 3135 2149 3167 condidisse
2164 3135 2241 3168 dicit

1222 3189 1318 3221 etiam
1334 3186 1495 3219 Plutarch.
1509 3187 1556 3217 De
1571 3185 1652 3217 Exil.
1671 3194 1703 3226 p.
1719 3189 1779 3217 605
1794 3183 1939 3217 Wechel.

1265 3235 1307 3273 (5)
1323 3232 1436 3273 Polyb.
1462 3234 1497 3270 1,
1517 3236 1546 3270 5,
1568 3234 1597 3270 1,
1615 3230 1721 3263 verbis
1734 3230 1829 3271 paulo
1846 3232 1918 3262 ante
1934 3229 2115 3269 exscriptis.

1265 3275 1308 3316 (ὃ)
1325 3273 1419 3312 Quod
1442 3281 1518 3304 vero
1539 3272 1672 3303 minime
1695 3271 1841 3303 concludi
1858 3272 1984 3311 potest,
2003 3269 2087 3300 sicut
2111 3267 2238 3301 Goeller.

1222 3322 1314 3362 fecit,
1331 3329 1371 3353 ex
1383 3319 1498 3360 Polyb.
1525 3321 1590 3359 111,
1621 3320 1672 3356 32,
1690 3317 1745 3349 ubi
1766 3317 1897 3349 omuino
1919 3325 1984 3348 non
2003 3324 2109 3349 sermo
2137 3316 2186 3348 est
2199 3315 2240 3348 de

1222 3368 1336 3401 Timaei
1349 3366 1500 3400 historiis.
