2320 3684
780 129 1102 170 PHERECYDIS
1130 132 1459 173 FRAGMENTA.

2120 143 2168 177 97

59 217 254 262 Πεισίωνος
273 217 551 256 restituendum
571 228 652 254 esse
671 222 868 265 putarem,
898 214 972 252 nisi
994 229 1087 265 pro-
1145 219 1167 263 ἡ
1187 217 1313 265 Ἀθηνᾶ
1331 224 1565 272 παραστᾶσα,
1578 218 1709 258 κελεύει
1726 217 1790 267 τὴν
1812 219 1994 274 Ἀριάδνην
2011 221 2085 275 ἐᾷν,
2109 222 2170 261 καὶ

58 285 149 328 pter
161 277 477 329 significationem
491 274 605 326 hujus
617 273 780 311 nominis
790 301 800 321 ,
819 273 923 323 quod
942 274 1088 324 pariter

58 343 175 386 atque
195 335 334 375 Ἀντίων
354 335 478 374 Ixioni
501 345 615 384 quam
651 331 814 369 maxime
833 332 1013 369 convenit
1035 332 1085 383 (v.

57 395 215 432 Welker
234 394 282 432 de
303 395 447 445 Trilog.
463 406 500 443 p.
523 389 627 442 549),
646 389 887 441 probabilius
907 398 1007 428 esset
1027 390 1088 428 di-

11 472 24 500 g
59 465 188 491 versas
206 452 464 504 Pherecydem
478 450 719 502 genealogias
746 449 787 487 in
806 449 976 487 medium
993 462 1087 500 pro-

59 511 200 551 tulisse.

527 567 613 606 104.

112 628 235 666 Schol.
265 627 446 679 Apollon.
475 630 513 676 Ι,
541 640 641 665 211:
663 625 753 679 Περὶ
784 623 821 665 δὲ
840 627 904 672 τῆς
928 624 1088 679 Θρᾳκίας

59 685 306 740 Σαρπηδονίας
324 684 454 739 πέτρας
467 716 477 735 ,
496 684 550 724 ὅτι
577 683 662 738 πρὸς
680 686 731 737 τῷ
753 682 858 737 Α’ίμῳ
889 683 962 738 ὄρει
993 683 1086 732 ἐστὶ,

58 743 261 799 Φερεκύδης
273 744 372 798 φησὶ,
390 744 470 799 περὶ
485 747 548 792 τῆς
561 744 722 798 ἁρπαγῆς
734 743 881 797 ἱστορῶν
898 745 960 790 τῆς
974 742 1089 796 Ὠρει-

57 802 164 848 θυίας.

531 860 619 900 105.

112 919 239 959 Schol.
266 920 446 972 Sophocl.
473 919 613 971 OEdip.
649 920 778 959 Colon.
814 920 887 964 463
901 933 909 955 :
924 918 1014 973 Περὶ
1048 913 1088 958 οῧ

59 978 269 1031 (Δαιδάλου)
310 978 512 1033 Φερεκύδης
546 978 652 1032 φησὶν
673 977 780 1017 οὕτω·
801 979 977 1032 «Μητίνῳ
999 979 1086 1031 (leg.

57 1036 224 1091 Μητίονι)
245 1037 280 1076 δὲ
297 1040 347 1091 τῷ
364 1035 560 1092 Ἐρεχθέως
573 1037 633 1076 καὶ
651 1035 782 1091 Ἰφινόῃ
802 1036 958 1089 γίγνεται
996 1036 1088 1076 Δαί-

59 1095 181 1146 δαλος,
196 1097 255 1152 ἀφ’
273 1091 313 1136 οῧ
330 1099 349 1136 ὁ
363 1098 471 1149 δῆμος
487 1098 647 1135 καλεῖται
663 1096 872 1135 Δαιδαλίδαι
890 1095 1087 1144 Ἀθήνησι.»

112 1220 237 1259 Schol.
257 1224 414 1260 Homer.
434 1220 572 1272 Odyss.
590 1222 636 1269 A,
654 1221 750 1259 320:
768 1219 909 1268 Θησεὺς
925 1218 1088 1271 ὃΑἷγέως

59 1277 180 1332 λαχὼν
199 1279 288 1331 μετὰ
304 1282 373 1319 τῶν
393 1279 518 1327 ἠϊθέων
537 1281 583 1324 εἷς
602 1279 747 1334 Κρήτην
767 1281 868 1329 πλεῖ,
887 1281 938 1333 τῷ
961 1281 1090 1317 Μινω-

58 1337 177 1391 ταύρῳ
192 1337 520 1392 παρατεθησόμενος
538 1337 625 1392 πρὸς
652 1338 841 1392 ἀναίρεσιν.
860 1336 1088 1392 Ἀφικομένου

60 1394 99 1434 δὲ
115 1398 221 1435 αὐτοῦ
237 1399 411 1452 ἐρωτικῶς
428 1397 514 1452 πρὸς
542 1397 645 1436 αὐτὸν
670 1397 867 1436 διατεθεῖσα
886 1401 908 1445 ἠ
922 1401 984 1436 τοῦ
1010 1397 1086 1435 Μί-

61 1469 146 1499 νωος
177 1456 331 1509 θυγάτηρ
367 1455 547 1509 Ἀριάδνη,
591 1455 732 1494 δίδωσιν
774 1455 924 1506 ἀγαθίδα
963 1455 1087 1508 μίλτου

62 1513 216 1565 (Buttm.
242 1510 346 1566 conj.
377 1513 494 1566 μίτου)
512 1513 670 1553 λαὸοῦσα
693 1512 791 1568 παρὰ
822 1514 998 1554 Δαιδάλου
1025 1519 1086 1553 τοῦ

58 1570 239 1622 τέκτονος,
259 1572 319 1612 καὶ
343 1572 499 1612 διδάσκει
529 1572 645 1622 αὐτὸν,
673 1572 813 1611 ἐπειδὰν
843 1572 980 1626 εἰσέλθῃ
993 1604 1004 1622 ,
1022 1573 1086 1621 τὴν

2 1660 5 1663 «
60 1630 174 1685 ἀρχὴν
185 1633 248 1678 τῆς
264 1631 426 1684 ἀγαθίδος
442 1632 591 1678 ἐκδῆσαι
606 1630 687 1685 περὶ
705 1630 764 1670 τὸν
784 1631 884 1684 ζυγὸν
902 1635 965 1679 τῆς
975 1631 1047 1684 [τὸν
1057 1633 1087 1684 Ρ]

60 1694 133 1735 ἄνω
143 1696 245 1751 θύρας
251 1696 311 1736 καὶ
319 1697 548 1737 ἀνελίσσοντα
558 1696 660 1745 ἷέναι,
671 1696 797 1752 μέχρις
807 1697 848 1736 ἂν
860 1700 1030 1753 ἀφικῆται
1041 1700 1088 1743 εἷς

58 1755 117 1795 τὸν
131 1755 256 1809 μυχόν.
274 1756 345 1796 Καὶ
364 1756 424 1796 ἐὰν
442 1756 544 1796 αὐτὸν
564 1757 774 1796 καθεύδοντα
795 1757 937 1812 μάρψῃ,
953 1757 1088 1812 κρατή-

60 1829 170 1854 σαντα
197 1818 267 1855 τῶν
289 1818 421 1870 τριχῶν
452 1819 515 1864 τῆς
538 1818 715 1868 κεφαλῆς,
736 1819 787 1870 τῷ
810 1818 1007 1857 Ποσειδῶνι
1024 1820 1087 1856 θῦ-

58 1888 141 1920 σαι,
156 1875 216 1914 καὶ
231 1874 372 1914 ἀπιέναι
385 1875 499 1914 ὀπίσω
522 1876 751 1915 ἀνελίσσοντα
770 1875 833 1923 τὴν
855 1876 1018 1928 ἀγαθίδα.
1040 1876 1086 1915 Ὁ

60 1932 98 1971 δὲ
113 1932 251 1981 Θησεὺς
269 1933 389 1973 λαὸὼν
409 1934 473 1982 τὴν
487 1934 671 1988 Ἀριάδνην
693 1937 740 1979 εἷς
762 1934 825 1983 τὴν
844 1939 927 1974 ναῦν
945 1935 1086 1987 ἒμὸάλ-

58 1992 156 2031 λεται
168 2023 178 2042 ,
196 1993 256 2032 καὶ
273 1992 351 2038 τοὺς
369 1992 505 2041 ἠϊθέους
522 1994 582 2033 καὶ
605 1993 796 2047 παρθένους
818 1994 857 2032 οὗ
877 1993 977 2042 δήπω
994 1994 1086 2047 φθά-

58 2065 187 2096 σαντας
199 2053 251 2106 τῷ
268 2051 490 2106 Μινωταύρῳ
505 2055 755 2107 παρατεθῆναι.
770 2052 842 2092 Καὶ
860 2057 972 2092 ταῦτα
985 2053 1087 2100 ποιή-

2 2148 5 2150 ,
58 2110 274 2160 σας,νυκτὸς
300 2110 410 2163 μέσης
426 2113 590 2150 ἀποπλεῖ.
608 2111 860 2166 Προσορμίσας
880 2110 916 2150 δὲ
944 2115 988 2164 τῇ
1018 2111 1087 2165 Δία

58 2169 173 2223 νήσῳ,
194 2169 298 2214 ἕκὸὰς
315 2170 373 2209 ἐπὶ
392 2173 455 2218 τῆς
472 2170 588 2218 ἠϊόνος
605 2177 878 2223 μετακοιμᾶται.
899 2171 972 2210 Καὶ
993 2173 1087 2225 αὐτῷ

527 2290 616 2323 104.

100 2338 245 2371 Thraciae
260 2341 384 2381 petram
401 2341 630 2382 Sarpedoniam
646 2342 687 2373 ad
709 2343 860 2374 Haemum
879 2344 1023 2374 montem
1047 2343 1086 2374 si-

57 2385 125 2417 tam
140 2394 212 2419 esse
223 2386 302 2419 dicit
317 2387 517 2428 Pherecydes
536 2388 593 2420 ubi
610 2388 650 2421 de
665 2391 760 2430 raptu
776 2388 932 2430 Orithyiae.
946 2390 1021 2430 agit.

98 2484 243 2526 Meneni,
259 2486 430 2519 Erechthei
445 2487 522 2527 filio,
553 2490 585 2520 et
598 2489 745 2530 Iphinoae
767 2490 864 2521 natus
882 2491 951 2521 erat
970 2489 1083 2522 Daeda-

57 2530 121 2571 lus,
139 2539 158 2563 a
184 2541 251 2573 quo
268 2533 509 2566 Daedalidarum
525 2535 642 2567 demus
670 2535 876 2568 Atheniensis
893 2545 1012 2568 nomen
1035 2545 1085 2568 ac-

58 2578 154 2620 cepit.

515 2632 531 2664 1
540 2632 603 2665 06.

99 2678 242 2712 Theseus
254 2703 263 2719 ‚
278 2681 366 2722 AEgei
384 2681 469 2715 filius
481 2706 491 2723 ‚
518 2685 604 2716 sorte
617 2683 736 2716 ductus
752 2692 829 2716 cum
848 2683 1025 2724 J'uvenibus
1051 2683 1084 2715 in

59 2723 339 2767 Cretam-trajecit,
355 2730 393 2760 ut
414 2728 598 2762 Minotauro
614 2729 655 2762 ad
670 2729 792 2763 caedem
814 2730 1005 2762 traderetur.
1023 2730 1084 2762 Uhi

60 2777 161 2810 quum
181 2771 375 2815 advenisset,
387 2775 535 2816 Ariadne,
546 2777 663 2810 Minois
680 2777 754 2817 filia,
768 2786 878 2809 amore
906 2778 974 2818 ejus
991 2780 1085 2818 capta

60 2815 147 2851 dedit
183 2819 212 2851 ei
239 2819 284 2852 fili
315 2821 459 2862 glomum
472 2823 573 2856 minio
596 2825 748 2864 tinctum,
776 2834 873 2866 quem
903 2833 922 2856 a
952 2825 1084 2858 Daedalo

60 2864 232 2898 architecto
248 2871 430 2909 acceperat3
448 2870 481 2902 et
495 2871 619 2903 Theseo
631 2872 796 2913 praecepit,
810 2873 847 2904 ut
870 2881 971 2912 quum
984 2872 1083 2913 ingre-

61 2909 319 2946 dereturinitium
333 2915 431 2956 glomi
446 2917 588 2958 alligaret
600 2919 702 2950 limini
719 2928 836 2960 supero
849 2922 963 2960 portae,
971 2921 1003 2951 et
1016 2928 1084 2960 pro-

59 2958 239 2998 grederetur
246 2960 335 2993 filum
346 2963 510 3004 evolvens,
521 2973 625 3006 usque
639 2965 718 2998 dum
728 2966 769 2998 ad
780 2975 941 2999 recessum
954 2966 1083 2999 interio-

59 3012 126 3036 rem
132 3007 312 3047 perveniret
321 3020 330 3049 ;
343 3009 397 3041 ubi
406 3010 433 3043 si
446 3012 574 3043 taurum
581 3012 792 3046 dormientem
800 3014 1020 3054 prehenderet‚
1035 3023 1083 3046 ca-

58 3050 152 3091 pillos
163 3053 231 3094 ejus
238 3054 402 3096 arriperet,
417 3066 536 3098 eosque
543 3059 734 3092 sacrificaret
742 3062 902 3101 Neptuno,
910 3060 1023 3093 deinde
1036 3070 1081 3093 re-

59 3097 239 3137 grederetur
253 3100 396 3141 glomum
412 3104 590 3137 revolvens.

100 3144 158 3198 {Iis
172 3148 307 3187 peractis
325 3149 467 3183 Theseus
490 3160 565 3183 cum
590 3152 728 3185 Ariadne
742 3155 774 3185 et
791 3162 867 3186 cum
888 3153 1079 3194 juvenibus,

59 3197 114 3230 qul
130 3200 196 3232 Jam
212 3193 244 3224 in
257 3203 296 3226 eo
312 3195 450 3236 fuerant,
467 3201 504 3230 ut
519 3201 614 3231 tauro
629 3200 839 3241 traderentur,
850 3201 882 3233 in
900 3210 1016 3234 navem
1029 3201 1080 3233 de-

59 3238 195 3277 soendit‚
209 3241 241 3271 et
250 3239 365 3274 deinde
381 3244 485 3276 media
500 3248 593 3277 nocte
606 3246 764 3280 discessit.
782 3248 920 3289 Appellit
934 3248 968 3280 in
987 3249 1079 3280 Diam

59 3285 273 3324 msulam‚ubi
282 3296 427 3328 egressus
440 3291 473 3323 in
488 3292 595 3325 littore
605 3294 694 3326 dedit
704 3304 738 3327 se
750 3295 859 3336 quieti.
871 3298 955 3328 Tum
968 3297 1080 3327 Miner-

60 3337 101 3361 va
115 3331 246 3364 adstans
252 3341 327 3365 eum
337 3335 439 3376 jubet,
448 3339 584 3372 Ariadne
597 3341 718 3381 relicta,
734 3342 875 3381 Athenas
884 3343 997 3375 redire.
1013 3345 1078 3375 Sta·

185 3397 380 3428 FRAGMENTA
401 3401 647 3434 Hisromcoaum.

1146 276 1363 328 ἀφικνεῖσθαι
1378 278 1425 320 εἷς
1443 276 1596 324 Ἀθήνας.
1612 277 1802 330 Συντόμως
1818 278 1855 317 δὲ
1876 279 2064 324 διαναστὰς
2078 287 2172 320 ποιεῖ

1145 336 1259 372 τοῦτο.
1282 336 1620 390 Κατολοφυρομένης
1645 337 1682 376 δὲ
1706 341 1768 385 τῆς
1787 337 1967 393 Ἀριάδνης
1996 342 2018 387 ἡ
2045 339 2171 393 Ἀφρο-

1147 392 1223 439 δίτη
1253 395 1458 447 ἐπιφανεῖσα
1493 398 1629 450 θαρῥεῖν
1668 399 1757 451 αὐτῇ
1791 404 1966 452 παραινεῖ·
2004 397 2173 437 Διονύσου

1145 451 1212 506 γὰρ
1229 452 1368 491 ἔσεσθαι
1388 460 1558 504 γυναῖκα,
1585 456 1644 494 καὶ
1679 458 1803 504 εὐκλεῆ
1835 456 2007 509 γενέσθαι.
2028 456 2137 496 ‘'Oeev
2155 460 2173 496 ὃ

1146 511 1219 556 θεὸς
1232 512 1409 565 ἐπιφανεὶς
1428 513 1590 564 μίσγεται
1611 517 1712 569 αὐτῇ.
1728 517 1799 556 Καὶ
1820 518 1982 571 δωρεῖται
2002 516 2172 570 στέφανον

1146 571 1236 622 αὐτῇ
1253 575 1419 623 χρυσοῦν,
1436 571 1473 610 ὃν
1494 566 1589 616 αὖθις
1605 575 1637 612 οἱ
1667 575 1736 613 θεοὶ
1761 574 2017 630 κατηστέρισαν
2040 577 2084 627 τῇ
2112 578 2174 614 τοῦ

1146 628 1314 668 Διονύσου
1331 629 1462 684 χάριτι.
1481 631 1720 685 Ἀναιρεθῆναι
1741 633 1779 673 δὲ
1802 634 1910 682 αὐτὴν
1934 634 1992 672 ὑπ’
2011 633 2174 686 Ἀρτέμι-

1147 689 1222 736 δος,
1241 688 1438 743 προεμένην
1454 689 1519 738 τὴν
1541 692 1743 745 παρθενίαν.
1758 693 1802 732 Ἤ
1825 693 1963 748 ἱστορία
1980 692 2076 747 παρὰ
2095 695 2176 733 Φε-

1148 746 1287 802 ρεκύδῃ.

1200 805 1374 844 Macrob.
1404 808 1586 845 Saturna.
1625 822 1658 857 1,
1695 823 1739 857 17
1759 824 1767 846 ι
1788 813 2014 861 Pherecydes
2046 809 2173 860 refert,

1153 866 1301 911 Thesea,
1314 878 1425 914 quum
1436 869 1473 902 ἰη
1489 866 1634 903 Cretam
1645 869 1698 904 ad
1704 871 1956 908 Minotaurum
1970 873 2173 914 (laceretur,

1146 927 1281 961 vovisse
1290 938 1362 973 pro
1374 927 1493 960 salute
1505 934 1616 974 atque
1630 928 1747 963 reditu
1763 941 1826 964 suo
1844 927 2035 967 Ἀπόλλωνι
2055 928 2177 981 Οὖλίῳ

1147 981 1206 1021 καὶ
1225 981 1402 1036 Ἀρτέμιδι
1418 982 1546 1036 Οὐλία.

1200 1042 1395 1080 Plutarch.
1415 1042 1452 1080 in
1471 1043 1619 1081 Theseo
1635 1057 1673 1094 p.
1696 1043 1732 1091 8,
1752 1048 1781 1081 A
1798 1059 1806 1082 τ
1822 1044 1925 1083 Ἐπεὶ
1943 1046 2177 1084 κατέπλευσεν

1147 1102 1195 1145 εἷς
1213 1100 1373 1155 Κρήτην,
1394 1102 1442 1144 ὡς
1464 1099 1527 1152 μὲν
1552 1103 1583 1140 οἱ
1603 1101 1727 1140 πολλοὶ
1751 1103 1925 1157 γράφουσι
1949 1105 2009 1143 καὶ
2037 1104 2178 1158 ᾄδουσι,

1146 1158 1244 1214 παρὰ
1262 1163 1326 1207 τῆς
1342 1159 1523 1214 Ἀριάδνης
1543 1160 1748 1214 ἐρασθείσης
1772 1162 1813 1201 τὸ
1838 1162 1932 1201 λίνον
1964 1162 2098 1211 λαὸὼν,
2119 1163 2178 1201 καὶ

1148 1219 1322 1272 διδαχθεὶς
1339 1221 1386 1263 ὣς
1405 1218 1480 1258 ἔστι
1497 1223 1559 1258 τοῦ
1578 1219 1788 1274 λαὸυρίνθου
1804 1220 1883 1266 τοὺς
1901 1221 2063 1273 ἑλιγμοὺς
2087 1221 2179 1267 διεξ-

1147 1280 1271 1327 ελθεῖν,
1300 1277 1482 1317 ἀπέκτεινε
1516 1278 1575 1318 τὸν
1603 1278 1852 1334 Μινώταυρον,
1886 1279 1946 1318 καὶ
1982 1278 2180 1318 ἀπέπλευσε

1147 1336 1210 1384 τὴν
1231 1336 1412 1391 Ἀριάδνην
1427 1336 1614 1376 ἄναλαὸὼν
1634 1337 1694 1376 καὶ
1710 1337 1790 1383 τοὺς
1809 1338 1957 1385 ἠϊθέους.
1977 1338 2181 1391 Φερεκύδης

1148 1395 1185 1435 δὲ
1203 1396 1264 1435 καὶ
1284 1395 1330 1435 τὰ
1350 1395 1461 1450 ἐδάφη
1481 1398 1551 1435 τῶν
1576 1398 1764 1449 Κρητικῶν
1790 1400 1876 1436 νεῶν
1904 1413 2009 1452 φησιν
2034 1396 2180 1450 ἐκκόψαι

1146 1455 1204 1494 τὸν
1225 1455 1369 1502 Θησέα,
1389 1454 1452 1502 τὴν
1474 1454 1588 1501 δίωξιν
1606 1455 1873 1510 ἀφαιρούμενον.

1203 1574 1334 1625 steph.
1352 1577 1441 1624 Byz.
1458 1572 1630 1622 τἈλόπη,
1650 1572 1750 1617 πόλις
1762 1574 1982 1623 Θεσσαλίας,
2001 1578 2070 1617 ἀπὸ
2090 1579 2181 1618 Ἀλό-

1148 1650 1218 1680 πης
1236 1637 1298 1682 τῆς
1318 1633 1532 1689 Κερκυόνος,
1552 1636 1599 1678 ὡς
1618 1634 1835 1688 Φερεκύδης.
1914 1635 2022 1676 Ἔστι
2053 1638 2090 1677 δὲ
2117 1655 2180 1691 με-

1146 1693 1230 1740 ταξὺ
1250 1694 1430 1749 Λαρίσσης
1445 1697 1507 1742 τῆς
1527 1697 1741 1748 Κρεμαστῆς
1767 1694 1826 1733 καὶ
1847 1694 2004 1748 Ἔχίνου.

1201 1814 1327 1853 Schol.
1345 1813 1499 1852 Pindar.
1518 1816 1627 1851 Nem.
1646 1817 1695 1864 V,
1717 1815 1788 1864 89:
1806 1814 2011 1876 Φερεκύδης
2035 1818 2179 1872 ἡνίοχον

1146 1873 1205 1912 τὸν
1226 1873 1440 1927 Φόρὸαντα,
1464 1872 1570 1926 φησὶ,
1585 1872 1747 1921 Θησέως.
1769 1873 1841 1912 Σὺν
1861 1878 1890 1927 ᾧ
1914 1875 1974 1913 καὶ
1995 1875 2060 1924 τὴν
2075 1877 2180 1929 Ἀμα-

1147 1933 1229 1978 ζόνα
1245 1932 1403 1987 ἁρπάζει.

1621 1992 1706 2030 109.

1202 2053 1407 2091 Athenaeus
1427 2055 1539 2100 XIII,
1564 2065 1601 2103 p.
1621 2051 1710 2100 557,
1724 2055 1758 2090 A
1774 2068 1781 2090 :
1798 2045 1936 2107 Ἴστρος
1945 2054 1980 2092 ἓν
1998 2057 2179 2107 ’τῇτεσσα-

1149 2111 1400 2166 ρεσκαιδεκάτῃ
1408 2112 1478 2149 τῶν
1488 2110 1667 2159 Ἀττικῶν,
1676 2110 1880 2164 καταλέγων
1888 2113 1950 2156 τὰς
1959 2116 2020 2151 τοῦ
2029 2113 2178 2161 Θησέως
2225 2160 2229 2163 ⁷

1146 2169 1336 2223 γενομένας
1351 2175 1540 2221 γυναῖκας,
1567 2169 1652 2223 φησὶ
1672 2169 1735 2214 τὰς
1762 2169 1825 2222 μὲν
1858 2172 1971 2210 αὐτῶν
1999 2171 2033 2217 ἐξ
2051 2171 2179 2226 ἔρωτος

1142 2283 1203 2315 tim
1230 2281 1370 2314 surrexit
1381 2282 1575 2322 J’ussumque
1596 2284 1768 2314 exsecutus
1778 2284 1839 2315 est.
1855 2285 1977 2315 Verum
1991 2283 2174 2317 lacrimanti

1142 2329 1291 2363 Ariadnae
1305 2331 1417 2361 Venus
1431 2328 1580 2369 apparuit
1595 2337 1732 2369 eamque
1750 2329 1921 2362 cohortata
1941 2333 1991 2362 est
2005 2354 2014 2369 ,
2038 2334 2074 2363 ut
2090 2331 2177 2364 bono

1142 2377 1251 2410 animo
1262 2379 1347 2409 esset
1363 2385 1370 2407 :
1384 2384 1460 2408 nam
1476 2375 1592 2408 Bacchi
1605 2384 1641 2408 se
1655 2385 1788 2408 uxorem
1804 2376 1948 2409 futuram
1962 2387 2045 2415 esse,
2062 2387 2177 2419 magna

1142 2425 1303 2457 fruentem
1315 2423 1428 2464 gloria.
1443 2423 1592 2456 Bacchus
1605 2424 1765 2465 apparuit,
1781 2433 1858 2456 cum
1871 2433 1972 2466 eaque
1985 2426 2172 2465 concubuit;

1141 2474 1175 2505 et
1186 2471 1319 2504 donavit
1334 2480 1404 2503 eam
1420 2479 1540 2502 corona
1555 2479 1663 2511 aurea,
1679 2479 1778 2511 quam
1791 2473 1904 2512 postea
1914 2472 1958 2504 dii
1975 2472 2058 2505 inter
2071 2472 2175 2504 sidera

1142 2519 1352 2557 collocarunt,
1366 2518 1492 2550 Baccho
1502 2517 1727 2558 gratificantes.
1736 2518 1853 2550 Occisa
1864 2527 1942 2550 vero
1971 2520 2021 2551 est
2032 2528 2050 2550 a
2058 2519 2172 2558 Diana,

1142 2565 1230 2606 quod
1245 2564 1446 2606 prostituerit
1459 2564 1691 2604 virginitatem.

1184 2614 1360 2653 Postquam
1371 2613 1503 2644 Cretam
1518 2611 1652 2652 appulit,
1671 2613 1708 2643 ut
1726 2612 1819 2644 multi
1839 2612 2010 2653 scriptores
2023 2613 2055 2644 et
2067 2615 2173 2653 poetae

1141 2659 1273 2691 tradunt
1291 2660 1487 2699 canuntque,
1518 2661 1648 2699 accepto
1667 2658 1708 2690 ab
1724 2661 1852 2691 amante
1868 2659 2009 2691 Ariadna
2025 2658 2078 2690 filo
2091 2682 2100 2698 ‚
2118 2659 2172 2691 do-

1142 2708 1217 2738 ctus
1225 2705 1500 2747 quemadmodum
1514 2706 1663 2738 evolvere
1677 2714 1711 2737 se
1719 2705 1906 2746 Labyrinthi
1920 2705 2108 2746 ambagibus
2117 2715 2170 2738 va-

1140 2753 1233 2792 leret,
1256 2753 1477 2785 Minotaurum
1500 2752 1631 2792 occidit,
1648 2752 1810 2792 solvitque
1832 2752 1916 2791 inde,
1941 2752 2115 2784 Ariadnam
2138 2756 2171 2785 et

1140 2800 1326 2842 impuberes
1346 2809 1457 2832 secum
1481 2803 1662 2841 asportans.
1684 2799 1883 2840 Pherecydes
1910 2799 2012 2832 sunda
2032 2800 2130 2832 etiam
2151 2811 2171 2834 a

1139 2848 1263 2880 Theseo
1278 2847 1479 2880 Creticarum
1492 2848 1625 2878 navium
1636 2844 1758 2887 prodit,
1774 2854 1814 2877 ne
1827 2855 1862 2878 se
1877 2846 2006 2887 insequi
2020 2851 2166 2888 possent,

1138 2895 1258 2931 excisa.

1609 2948 1624 2979 1
1636 2948 1657 2979 0
1665 2948 1699 2979 7.

1179 3001 1279 3042 Alope
1293 3024 1302 3040 ‚
1319 3000 1397 3032 urbs
1413 2999 1587 3032 Thessaliae
1600 3021 1608 3035 ,
1629 2998 1669 3030 ab
1685 2999 1806 3040 Alope,
1824 3000 2000 3040 Cercyonis
2019 3000 2097 3041 filia,
2112 3011 2164 3034 no-

1138 3057 1212 3079 men
1224 3048 1357 3089 accepit,
1372 3049 1409 3078 ut
1425 3047 1470 3077 ait
1487 3045 1699 3085 Pherecydes.

1179 3147 1322 3179 Phorbas
1334 3149 1402 3178 erat
1413 3145 1527 3179 Thesei
1543 3100 1758 3186 aurilggffcum
1770 3155 1836 3187 quo
1851 3147 1949 3179 ctiam
1966 3150 2164 3183 Amazonem

1136 3203 1170 3225 ra
1194 3194 1251 3225 uit.

1172 3203 1192 3233 p
1607 3246 1695 3279 109.

1178 3300 1259 3330 Ister
1275 3298 1359 3329 libro
1374 3297 1500 3330 decimo
1513 3298 1628 3338 quarto
1638 3306 1745 3331 rerum
1762 3299 1941 3332 Atticarum
1953 3309 2071 3333 uxores
2083 3302 2160 3334 The-

1137 3343 1181 3375 sei
1197 3352 1366 3376 recensens
1382 3343 1438 3383 ait‚
1453 3344 1531 3375 alias
1542 3352 1653 3376 earum
1669 3353 1708 3377 ex
1722 3353 1830 3378 amore
1843 3354 1960 3378 uxores
1976 3348 2045 3387 ejus
2062 3346 2160 3378 sachis

1997 3411 2013 3440 7
