2320 3684
841 162 1042 202 XANTHI
1070 163 1402 204 FRAGMENTA.
2132 171 2180 205 ⁴1

75 254 295 309 Θεοχαρίδου
306 247 343 292 εῧ
358 251 456 304 μάλα
466 249 629 302 εὐπόρου.
642 242 756 291 Οὗτος
767 249 856 301 ὁρῶν
867 247 931 294 τὴν
946 247 1097 301 Κροίσου

76 313 231 361 σπουδὴν
244 343 254 361 ,
275 312 399 359 ἐδεήθη
418 314 480 348 τοῦ
498 306 630 361 πατρὸς
639 306 775 359 χιλίους
786 309 963 359 στατῆρας
982 306 1100 344 δοῦναί

77 377 111 412 οἱ
141 373 240 420 πάση
280 372 438 423 μηχανῆ.
467 365 598 420 Τυχὼν
633 364 671 403 δὲ
702 365 786 419 παρ’
812 367 918 403 αὐτοῦ
929 394 940 413 ,
978 364 1101 402 δίδωσι

79 415 236 485 Κροίσῳ..
259 429 344 468 ’Avo’
369 412 417 465 ὧν
441 424 551 477 μέγαν
573 439 612 463 τε
643 423 746 462 αὐτὸν
775 424 927 476 Κροῖσος
959 421 1101 475 ὕστερον

79 489 224 536 ἐποίησε
253 484 412 540 βασιλεὺς
437 481 637 535 γενόμενος,
663 481 723 521 καὶ
753 483 800 524 εἷς
823 480 888 528 τὴν
912 479 1101 534 ἀκρόπολιν

82 543 280 598 εἰσαγαγὼν
297 541 433 595 ἅμαξαν
448 543 542 594 αὐτῷ
562 539 689 579 ἔδωκεν
708 538 839 592 μεστὴν
857 538 1004 592 χρυσίου
1017 554 1025 562 ·
1042 537 1101 576 τὸν

81 604 119 644 δὲ
139 608 199 643 τοῦ
215 601 372 655 ἐμπόρου
391 594 486 639 οἶκον
498 598 678 653 Ἀρτέμιδι
693 597 886 652 καθιέρωσε
897 625 908 644 ,
931 596 992 635 καὶ
1011 595 1100 635 αὐτὰ

80 662 125 703 τὰ
154 660 299 713 θεμέλια
327 658 543 710 ἀποδόμενος
574 656 632 696 διὰ
659 656 724 705 τὴν
755 655 860 709 εὐχὴν
873 684 884 703 ,
915 657 962 699 ὥς
994 654 1103 707 μηδὲν

79 722 248 762 λείποιτο.
265 719 311 759 ‘0
331 718 368 758 δὲ
382 721 532 771 Κροῖσος
551 716 630 761 τοὺς
647 716 781 769 χιλίους
802 714 922 755 λαὸὼν
938 719 1103 769 χρυσοῦς,

82 779 284 837 στράτευμά
292 795 332 818 τε
341 777 542 832 ἤγειρε,καὶ
552 778 691 830 πρῶτος
705 778 752 819 εἷς
759 774 822 823 τὴν
837 775 959 829 κυρίαν
968 773 1104 828 ἡμέραν

83 841 178 893 ἄγων
198 838 306 884 ἔδειξε
322 840 374 892 τῷ
397 836 524 890 πατρὶ,
543 835 604 875 καὶ
621 834 863 874 συνεισέὸαλεν
887 837 936 879 εἷς
950 834 1014 882 τὴν
1031 835 1107 872 Κα-

86 899 173 954 ρίαν.
197 897 376 952 Κρείττων
406 894 443 935 δὲ
470 896 506 941 ἐξ
531 894 662 934 ἐκείνου
688 898 750 933 τοῦ
775 892 879 947 ἔργου
905 895 975 932 τῶν
1003 891 1105 932 αὐτὸν

84 956 344 998 διαὸαλλόντων
363 955 510 1008 γίνεται.

136 1016 223 1057 Ὅτι
237 1019 352 1069 Κῦρος
369 1018 388 1054 6
409 1015 558 1067 Περσῶν
577 1011 739 1066 βασιλεὺς
764 1005 808 1059 ἧν
828 1010 1049 1065 φιλοσοφίας,
1078 1011 1107 1049 εἷ

86 1076 146 1116 καί
169 1092 221 1125 τις
247 1074 370 1120 ἄλλος,
396 1072 579 1127 ἔμπειρος,
609 1071 734 1119 ἥντινα
759 1070 855 1125 παρὰ
887 1075 958 1114 τοῖς
983 1068 1109 1122 μάγοις

86 1132 284 1180 ἐπαιδεύθη.
293 1130 528 1177 Δικαιοσύνην
540 1145 579 1168 τε
592 1129 653 1168 καὶ
663 1128 828 1176 ἀλήθειαν
839 1127 1006 1180 ἐδιδάχθη
1018 1127 1110 1166 κατὰ

86 1192 129 1241 δή
157 1207 252 1236 τινας
278 1190 445 1244 πατρίους
472 1188 597 1241 νόμους
624 1190 847 1230 καθεστῶτας
870 1189 1019 1241 Περσῶν
1037 1193 1107 1229 τοῖς

87 1249 250 1305 ἀρίστοις·
259 1248 294 1293 ὃς
306 1248 365 1288 καὶ
383 1247 632 1301 μετεπέμψατο
645 1245 824 1286 Σίὸυλλαν
839 1244 874 1291 ἐξ
883 1244 1032 1299 Ἐφέσου
1045 1244 1109 1293 τὴν

86 1308 280 1363 εΗροφίλαν
300 1305 524 1358 καλουμένην
543 1303 772 1358 χρησμῳδόν.

140 1365 224 1405 εὈτι
241 1369 260 1405 ὁ
276 1367 389 1418 Κῦρος
407 1363 556 1417 ᾤκτειρε
575 1365 725 1416 Κροῖσον
741 1361 800 1401 τὸν
820 1362 944 1401 Λυδῶν
964 1361 1110 1414 βασιλέα

89 1424 147 1464 διὰ
159 1424 224 1473 τὴν
240 1423 377 1478 ἀρετήν.
393 1422 466 1462 Καὶ
479 1424 511 1461 οἱ
525 1421 664 1476 Πέρσαι
679 1421 836 1474 μεγάλην
854 1420 981 1468 ἔνησαν
995 1419 1108 1474 πυρὰν

89 1483 230 1538 Κροίσῳ
250 1483 318 1522 ὑπό
336 1498 415 1522 τινα
431 1481 563 1536 ὑψηλὸν
582 1480 688 1520 τόπον
702 1510 711 1527 ,
728 1481 788 1535 ἀφ’
807 1475 846 1519 οἷ
861 1478 1007 1532 ἔμελλον
1026 1478 1111 1517 θεά-

89 1545 217 1581 σασθαι
229 1541 273 1580 τὰ
286 1541 464 1593 γινόμενα.
481 1539 555 1579 Καὶ
567 1539 658 1591 μετὰ
667 1543 781 1578 ταῦτα
796 1541 909 1592 Κῦρος
927 1538 1110 1586 ἐξήλαυνεν

58 1621 64 1629 ·
89 1601 130 1639 ἐκ
142 1603 211 1639 τῶν
229 1599 429 1653 βασιλείων,
442 1598 502 1639 καὶ
515 1601 538 1645 ἡ
559 1597 705 1650 δύναμις
722 1601 837 1652 παρῆν
855 1597 991 1646 ἅπασα,
1004 1595 1112 1640 πολύς

88 1674 127 1697 τε
136 1657 257 1709 ὅμιλος
267 1658 327 1697 καὶ
341 1659 456 1697 ἀστῶν
468 1656 529 1695 καὶ
545 1655 806 1708 ξένων.Ὂλίγον
819 1655 999 1708 δ’ὕστερον
1011 1655 1113 1709 θερά-

88 1732 210 1760 ποντες
228 1711 313 1769 ἦγον
329 1718 478 1771 Κροῖσον
497 1716 681 1767 δεσμώτην
693 1745 703 1763 ,
713 1715 783 1766 διαὶ
800 1716 925 1755 Λυδῶν
941 1714 992 1759 δὶς
1008 1715 1109 1754 ἑπτά.

89 1774 154 1819 Ὡς
164 1773 199 1813 δὲ
211 1774 397 1814 ἐθεάσαντο
408 1774 527 1823 Λυδοὶ,
539 1773 666 1818 πάντες
680 1776 818 1827 οἰμωγῇ
834 1773 892 1813 καὶ
903 1773 1013 1827 στόνῳ
1027 1773 1112 1813 ἀνέ-

89 1834 265 1880 κλαυσαν,
291 1833 350 1871 καὶ
373 1831 527 1880 ἔπληξαν
551 1831 615 1876 τὰς
637 1832 803 1885 κεφαλάς.
827 1835 1002 1877 Τοσοῦτος
1018 1833 1048 1871 δ’
1072 1835 1111 1872 ἐκ

88 1895 149 1930 τοῦ
172 1891 295 1942 ὁμίλου
314 1891 468 1935 κωκυτὸς
486 1892 620 1946 ἀνδρῶν
640 1895 729 1944 ὁμοῦ
745 1891 806 1931 καὶ
822 1894 996 1943 γυναικῶν
1021 1891 1111 1943 μετὰ

90 1948 249 2002 δακρύων
269 1949 329 1989 καὶ
345 1953 428 2003 βοῆς
442 1949 608 2004 ἐξεῤῥάγη
622 1982 631 1999 ,
645 1950 772 1995 ὁπόσος
785 1950 863 1990 οὐδὲ
878 1951 1112 2003 ἁλισκομένης

89 2010 151 2054 τῆς
171 2007 318 2052 πόλεως.
341 2008 434 2048 Τότε
453 2009 495 2057 δή
514 2026 567 2053 τις
585 2009 625 2047 ἂν
648 2008 708 2048 καὶ
730 2008 794 2057 τὴν
816 2010 926 2063 τύχην
953 2010 1111 2064 ᾤκτειρε,

89 2066 148 2105 καὶ
181 2069 331 2122 Κροῖσον
360 2067 541 2120 ἐθαύμασε
572 2072 635 2117 τῆς
669 2068 754 2123 πρὸς
779 2069 860 2114 τοὺς
899 2069 1112 2123 ἀρχομένους

90 2124 216 2178 φιλίας.
237 2125 382 2180 “Ὠσπερ
404 2126 473 2181 γὰρ
496 2127 634 2181 πατέρα
660 2127 874 2182 ἑωρακότες,
899 2131 930 2167 οἱ
958 2127 1021 2180 μὲν
1047 2130 1110 2172 τὰς

90 2185 237 2230 ἐσθῆτας
265 2185 560 2238 κατερρήγνυντο,
591 2190 622 2226 οἱ
653 2186 690 2225 δὲ
722 2186 783 2231 τὰς
810 2186 923 2239 κόμας
954 2187 1088 2227 ἔτιλλον
1101 2203 1109 2212 ·

89 2244 262 2293 γυναικῶν
285 2243 323 2282 δὲ
339 2247 458 2296 ἡγεῖτο
479 2245 613 2293 πληθὺς
637 2246 746 2299 μυρία
771 2245 860 2298 μετὰ
887 2245 1027 2298 κόμμου
1050 2246 1110 2285 καὶ

89 2302 267 2353 ὄλολυγῆς.
289 2303 399 2352 Αὐτὸς
416 2304 453 2342 δὲ
475 2305 627 2359 ἄδακρυς
642 2306 791 2360 προσῄει
810 2305 870 2345 καὶ
893 2305 1108 2360 σκυθρωπός.

88 2358 135 2400 Ὁ
157 2359 194 2398 δὲ
220 2363 336 2415 Κῦρος
353 2363 452 2402 ταῦθ’
477 2367 565 2418 ὁρῶν
584 2363 749 2416 γινόμενα
773 2367 836 2403 οὐκ
853 2364 1002 2414 ἐκώλυε,
1026 2368 1110 2418 βου-

89 2417 234 2470 λόμενος
246 2421 307 2459 καὶ
315 2419 393 2465 τοὺς
407 2421 551 2476 Πέρσας
561 2416 675 2462 οἶκτόν
685 2440 764 2462 τινα
779 2424 900 2462 λαὸεῖν
912 2425 1031 2463 αὐτοῦ.
1044 2423 1110 2468 Ὡς

90 2476 127 2516 δὲ
143 2477 276 2531 προϊὼν
303 2480 383 2518 κατ’
404 2481 507 2520 αὐτὸν
527 2481 660 2534 γίνεται
688 2486 706 2521 ὁ
727 2485 896 2535 Κροῖσος,
922 2482 1110 2537 ἐφθέγξατο

89 2537 225 2590 μεγάλῃ
248 2540 292 2591 τῆ
315 2542 434 2592 φωνῇ,
464 2540 623 2593 δεόμενος
647 2540 707 2580 τὸν
732 2541 804 2580 υἱὸν
830 2541 982 2594 ἀχθῆναί
1000 2544 1049 2590 οἱ,
1075 2541 1110 2586 ὃς

88 2593 203 2633 οὐκέτι
214 2596 420 2650 ἐπεπήρωτο
434 2597 498 2646 τὴν
509 2599 639 2652 φωνὴν,
656 2599 772 2645 ἐξότου
782 2599 823 2638 τὸ
835 2602 973 2654 πρῶτον
989 2600 1110 2654 ἐφθέγ-

89 2651 191 2696 ξατο·
210 2648 253 2702 ἦν
279 2654 316 2694 δὲ
341 2656 400 2695 καὶ
427 2656 541 2696 τᾶλλα
568 2657 722 2712 ἔμφρων.
749 2659 820 2697 Καὶ
836 2662 855 2697 6
876 2662 990 2714 Κῦρος
1014 2659 1108 2711 ἄγειν

88 2710 248 2751 ἐκέλευσε
261 2712 320 2752 τὸν
336 2714 528 2756 νεανίσκον.
549 2717 619 2755 Καὶ
640 2717 714 2768 μετ’
729 2719 768 2756 οὔ
786 2717 876 2756 πολὺ
895 2717 1000 2766 ἤγετο
1023 2720 1110 2757 ἑπο-

89 2769 202 2820 μένων
219 2773 315 2825 αὐτῷ
333 2775 472 2812 πολλῶν
486 2775 632 2823 ἡλίκων.
654 2776 883 2828 Θεασάμενός
901 2775 937 2814 δὲ
963 2776 1065 2815 αὐτὸν
1090 2780 1108 2816 ὁ

89 2831 238 2883 Κροῖσος
247 2830 359 2869 οὐκέθ’
367 2835 385 2870 6
394 2831 495 2876 αὐτὸς
503 2827 560 2882 ἦν,
568 2835 659 2872 ἀλλα
670 2833 748 2873 τότε
757 2837 895 2888 πρῶτον
907 2835 1107 2889 ἐδάκρυσεν.

87 2886 134 2927 ‘0
153 2887 190 2926 δὲ
213 2888 302 2939 μετὰ
321 2891 500 2943 κλαυθμοῦ
519 2892 578 2930 καὶ
603 2896 685 2945 βοῆς
702 2893 912 2949 προσπεσὼν
935 2894 1021 2948 πρὸς
1048 2895 1107 2934 τὸν

89 2947 260 2998 Κροῖσον,
278 2948 329 2987 Οἴ
345 2964 424 2999 μοι,
443 2950 573 3004 πάτερ,
596 2950 662 3006 ἔφη
674 2983 684 3001 ,
702 2957 725 3000 ἡ
749 2952 794 3000 σὴ
815 2952 988 2992 εὖσέὸεια.
1015 2954 1106 2993 Πότε

88 3003 120 3041 δ’
143 3007 229 3056 ἡμῖν
249 3008 281 3044 οἱ
299 3007 368 3045 θεοὶ
390 3009 639 3060 βοηθήσουσιν;
658 3011 878 3066 Ἀποὸλέψας
902 3011 938 3050 δὲ
957 3014 1004 3056 εἷς
1027 3012 1106 3058 τοὺς

88 3061 241 3115 Πέρσας,
248 3063 374 3116 Ἀγεθ’,
382 3066 539 3117 ἱκετεύω,
550 3067 655 3120 κάμὲ,
664 3068 744 3122 ἔφη,
754 3070 814 3109 καὶ
823 3070 1104 3124 συνεμπρήσατε·

87 3119 185 3170 κάγὼ
205 3120 272 3175 γὰρ
292 3125 389 3174 ὑμῶν
412 3125 577 3178 πολέμιος
593 3127 666 3178 εἰμὶ
687 3130 753 3180 οὐχ
770 3124 874 3176 ἧττον
890 3128 913 3176 ἢ
938 3132 956 3167 ὁ
974 3129 1105 3183 πατήρ.

88 3177 159 3216 Καὶ
178 3181 197 3216 6
223 3182 392 3234 Κροῖσος,
420 3185 499 3223 Οὔκ
520 3187 628 3236 ὀρθῶς
651 3185 783 3238 λέγεις,
807 3187 892 3241 ἔφη,
917 3187 1019 3239 μόνος
1038 3186 1107 3240 γὰρ

88 3233 157 3285 ἐγὼ
182 3235 240 3274 τὸν
258 3238 410 3290 πόλεμον
436 3241 602 3295 ἐξήνεγκα
614 3274 624 3292 ,
644 3247 741 3295 ὑμῶν
760 3246 796 3283 δὲ
816 3248 876 3285 καὶ
894 3249 963 3284 τῶν
990 3246 1105 3283 ἄλλων

89 3294 212 3332 Λυδῶν
232 3298 360 3342 Οὐδείς·
384 3300 447 3351 ἐμὲ
466 3301 535 3355 χρὴ
561 3303 621 3342 καὶ
641 3303 704 3350 τὴν
727 3306 898 3358 τιμωρίαν
926 3308 1104 3357 ὑποσχεῖν.

91 3351 262 3407 Ἐμφυεὶς
283 3356 319 3395 δὲ
344 3360 395 3411 τῷ
417 3361 525 3414 πατρὶ
540 3363 559 3399 6
577 3362 755 3408 νεανίσκος
780 3364 891 3403 οὐκέτ’
915 3364 1103 3416 ἀφίστατο·

1164 251 1241 288 ἀλλ’
1265 250 1470 304 ὀδυρόμενος
1488 250 1604 290 οἴκτου
1629 251 1745 290 πάντα
1761 249 1971 298 ἐνέπλησεν,
1990 251 2100 305 ἀφιεὶς
2125 252 2186 291 καὶ

1162 309 1284 348 ἑαυτὸν
1304 309 1399 362 ἄγειν
1414 309 1554 357 ἐπὶτὴν
1573 310 1699 364 πυράν.
1725 311 1778 349 Οὐ
1801 308 1895 363 γὰρ,
1915 307 1981 364 ἔφη
1994 339 2005 357 ,
2021 311 2185 364 λελείψο-

1164 382 1228 417 μαι
1240 370 1302 414 τῆς
1319 370 1382 414 σῆς
1401 369 1525 422 μοίρας
1536 399 1547 417 ,
1558 361 1587 407 ῶ
1600 368 1724 423 πάτερ.
1744 369 1790 408 E}
1803 367 1840 407 δὲ
1852 372 1911 406 νῦν
1927 384 1972 420 με
1988 370 2051 408 οὐκ
2063 368 2187 408 ἐάσου-

1164 438 1237 472 σιν,
1261 424 1354 463 ἀλλὰ
1373 426 1570 479 προσδέχου
1594 442 1654 478 μοι
1666 426 1772 479 ταχύ.
1793 426 1858 470 Τίς
1879 426 1931 466 ἔτι
1951 443 2012 479 μοι
2029 431 2091 466 τοῦ
2111 428 2186 480 βίου

1164 483 1278 532 ἐλπίς;
1294 483 1350 533 ὃς,
1373 484 1408 529 ἐξ
1426 484 1505 524 ὅτου
1524 502 1590 540 περ
1606 485 1687 539 ἔφυν
1699 516 1709 534 ,
1727 486 1782 525 ἀεὶ
1801 485 1864 538 μέν
1886 501 1941 525 σοι
1961 486 2117 540 λυπηρὸς
2132 481 2189 536 ῆν,

1165 541 1219 580 ἀεὶ
1252 542 1282 580 δ’
1313 544 1455 597 ἐμαυτῷ
1467 560 1475 568 ·
1512 547 1721 598 εὐτυχοῦντα
1753 544 1816 596 μὲν
1846 545 2098 599 ἐκτρεπόμενος
2127 546 2189 584 ὑπ’

1166 601 1280 645 αἰδοῦς
1303 599 1360 639 διὰ
1387 601 1450 649 τὴν
1479 601 1558 641 τότε
1578 619 1637 654 μοι
1658 608 1857 655 προσοῦσαν
1881 603 2037 659 ἀφωνίαν
2061 620 2099 643 τε
2127 604 2187 643 καὶ

1165 658 1303 707 λώὸην·
1329 660 1405 698 ἐπεὶ
1438 660 1467 698 δ’
1496 660 1676 714 ἠρξάμεθα
1708 664 1910 716 δυστυχεῖν,
1940 662 2021 702 τότε
2047 665 2187 717 πρῶτον

1167 715 1283 770 φωνὴν
1305 718 1444 771 ἀφῆκα,
1471 718 1532 757 καί
1560 722 1597 770 μ’
1620 722 1667 764 εἷς
1696 725 1798 759 τοῦτο
1824 721 1928 772 μόνον
1947 721 2130 776 ἤρθρωσαν
2157 723 2190 760 οἱ

1168 776 1256 825 θεοὶ,
1284 775 1379 821 ὅπως
1397 776 1438 815 ἂν
1459 777 1639 831 ὀδύρωμαι
1659 778 1719 823 τὰς
1735 779 1909 834 ἡμετέρας
1930 780 2052 833 τύχας.
2077 780 2124 821 ‘O
2152 780 2190 820 δὲ

1167 834 1286 888 πατὴρ
1300 834 1366 889 ἔφη
1379 851 1387 860 ·
1399 835 1462 883 Μὴ
1476 835 1720 885 παντάπασιν,
1736 831 1765 875 ὦ
1778 844 1856 887 παῖ,
1870 839 2015 878 σεαυτὸν
2030 841 2192 893 ἀπογνῷς

1170 893 1244 938 νέος
1268 893 1336 943 ὢν,
1354 894 1414 933 καὶ
1435 896 1569 933 πολλοῦ
1587 910 1642 934 σοι
1669 895 1720 934 ἔτι
1751 895 1847 940 ὄντος
1863 902 1924 936 τοῦ
1945 899 2069 937 λοιποῦ
2096 898 2191 951 βίου,

1169 951 1258 991 ὅπου
1279 968 1319 1002 γε
1343 953 1452 1005 κάμοὶ
1481 953 1641 992 λείπεταί
1668 970 1720 998 τις
1749 955 1848 999 ἐλπὶς
1867 955 1982 1006 ὅμως,
2005 957 2065 996 καὶ
2093 957 2192 996 οὔπω

1168 1014 1238 1052 τάκ
1255 1016 1332 1051 θεοῦ
1349 1012 1523 1064 ἀπέγνων.
1540 1012 1637 1064 Ἅμα
1657 1013 1693 1051 δὲ
1711 1018 1824 1052 ταῦτα
1836 1013 1973 1066 λέγοντι
1991 1015 2191 1069 προσῄεσαν

1169 1070 1297 1109 πολλαὶ
1318 1070 1360 1119 δή
1381 1087 1471 1115 τινες
1490 1071 1719 1125 θεράπαιναι,
1738 1073 1944 1124 κομίζουσαι
1961 1076 2107 1122 ἐσθῆτας
2124 1090 2194 1113 πο-

1169 1131 1325 1174 λυτελεῖς
1346 1130 1415 1169 ’καὶ
1443 1130 1549 1169 ἄλλον
1568 1132 1767 1182 παμπληθῆ
1797 1131 1948 1184 κόσμον,
1971 1132 2008 1171 δν
2032 1133 2194 1187 ἔπεμψαν

1171 1188 1551 1241 συγκατακαησόμενον
1579 1191 1614 1227 αἱ
1638 1192 1707 1227 τῶν
1731 1191 1856 1229 Λυδῶν
1882 1197 2053 1242 γυναῖκες.
2082 1191 2128 1231 Ὁ
2157 1190 2195 1230 δὲ

1169 1248 1228 1287 τὸν
1246 1248 1318 1287 υἱὸν
1336 1247 1586 1301 ἀσπασάμενος
1604 1248 1664 1287 καὶ
1680 1247 1758 1293 τοὺς
1777 1251 1812 1288 ἐν
1829 1248 1949 1304 κύκλῳ
1968 1250 2116 1302 Λυδοὺς,
2137 1252 2197 1290 ἐπὶ

1170 1307 1234 1355 τὴν
1254 1307 1367 1362 πυρὰν
1384 1308 1452 1360 ᾔει.
1470 1308 1544 1347 Καὶ
1562 1311 1580 1347 6
1596 1314 1679 1353 παῖς
1697 1310 1745 1353 εἷς
1764 1309 1822 1347 τὸν
1841 1309 1984 1363 οὐρανὸν
1996 1308 2059 1353 τὰς
2075 1316 2195 1363 χεῖρας

1171 1366 1354 1419 ἀνασχὼν,
1381 1361 1499 1412 ’ῗΩναξ
1526 1366 1700 1406 Ἄπολλον
1719 1367 1780 1407 καὶ
1803 1367 1873 1406 θεοὶ
1901 1367 2052 1415 πάντες,
2081 1362 2199 1417 εἶπεν,

1173 1425 1333 1470 οὕστινας
1350 1429 1368 1464 6
1381 1425 1500 1479 πατὴρ
1517 1426 1697 1478 ἐτίμησεν,
1710 1425 1826 1466 ἔλθετε
1836 1431 1895 1465 νῦν
1912 1443 1952 1478 γε
1966 1431 2052 1478 ἡμῖν
2066 1428 2199 1480 βοηθοὶ,

1172 1484 1231 1523 καὶ
1240 1484 1289 1536 μὴ
1298 1484 1558 1524 συναπόλλυται
1566 1485 1710 1539 Κροίσῳ
1717 1491 1817 1524 πᾶσα
1826 1485 2016 1540 ἀνθρώπων
2026 1485 2197 1525 εὖσέὸεια.

1173 1545 1299 1582 Ταῦτα
1321 1543 1463 1583 εἰπόντα
1482 1543 1582 1595 μόλις
1601 1546 1737 1596 ἀπῆγον
1757 1546 1789 1582 οἱ
1806 1544 1913 1598 φίλοι,
1929 1544 2134 1597 βιαζόμενον
2151 1546 2199 1590 εἷς

1171 1601 1235 1650 τὴν
1251 1602 1366 1657 πυρὰν
1387 1602 1491 1642 αὑτὸν
1521 1603 1788 1655 συνεμὸάλλειν.
1810 1603 1962 1656 Κροίσου
1984 1603 2021 1642 δὲ
2052 1603 2199 1643 ἐπιὸαί-

1171 1676 1286 1705 νοντος
1300 1664 1401 1715 αὐτῇ,
1414 1665 1437 1709 ἡ
1449 1662 1608 1701 Σίὸυλλα
1618 1662 1716 1716 ὤφθη
1733 1661 1804 1701 ἀπό
1813 1677 1905 1707 τινος
1921 1664 2056 1716 ὑψηλοῦ
2067 1662 2199 1716 χωρίου

1173 1720 1456 1768 καταὸαίνουσα,
1477 1719 1533 1759 ἵνα
1556 1721 1618 1759 καὶ
1639 1720 1726 1768 αὐτὴ
1747 1720 1803 1772 ἴδῃ
1825 1719 1871 1758 τὰ
1890 1719 2069 1772 γινόμενα.
2092 1721 2199 1774 Ταχὺ

1173 1778 1210 1818 δὲ
1228 1782 1327 1833 θροῦς
1346 1774 1432 1827 ἦλθε
1450 1779 1507 1818 διὰ
1526 1784 1588 1818 τοῦ
1607 1780 1750 1831 ὁμίλου,
1765 1778 1818 1818 ὅτι
1834 1783 1856 1827 ἡ
1874 1780 2088 1833 χρησμῳδὸς
2105 1779 2198 1828 ἥκει,

1172 1838 1231 1878 καὶ
1243 1841 1278 1877 ἐν
1289 1838 1481 1893 προσδοκίᾳ
1491 1838 1616 1884 πάντες
1627 1839 1799 1891 ἐγένοντο,
1811 1838 1883 1877 εἴτι
1894 1838 1979 1893 πρὸς
1986 1837 2031 1877 τὰ
2040 1838 2199 1893 παρόντα

1173 1897 1332 1938 θειάσειε.
1348 1898 1418 1938 Καὶ
1434 1897 1512 1950 μετ’
1521 1900 1558 1936 οὖ
1570 1897 1659 1936 πολὺ
1672 1897 1808 1937 ἔντονόν
1826 1914 1860 1936 τι
1879 1896 2098 1952 φθεγξαμένη
2115 1901 2199 1951 βοᾷ·

1255 2006 1297 2037 Ὦ
1313 2006 1431 2047 μέλεοι,
1449 2005 1478 2038 τί
1501 2006 1641 2039 σπεύδεθ’
1657 2005 1678 2037 ἃ
1690 2007 1732 2047 μὴ
1750 2006 1834 2046 θέμις
1848 2017 1857 2045 ;
1875 2006 1911 2038 οὐ
1926 2006 1984 2048 γὰρ
1998 2006 2083 2039 ἐάσει

1255 2054 1329 2089 Ζεὺς
1342 2053 1459 2090 ὕπατος
1475 2053 1591 2090 Φοῖὸός
1607 2064 1640 2084 τε
1654 2054 1707 2084 καὶ
1725 2054 1742 2084 ὁ
1758 2053 1866 2090 κλυτὸς
1882 2053 2074 2096 Ἀμφιάραος.

1255 2099 1344 2132 Ἀλλά
1354 2101 1383 2140 γ’
1400 2100 1483 2141 ἐμῶν
1499 2100 1598 2132 ἐπέων
1610 2100 1752 2132 πείθεσθε
1764 2099 1912 2140 ἀψευδέσι
1927 2104 2094 2143 χρησμοῖς,

1256 2147 1298 2187 μὴ
1313 2146 1411 2178 κακὸν
1426 2147 1509 2178 οἶτον
1523 2147 1645 2178 ὄλοισθε
1657 2147 1756 2188 παρὲκ
1773 2147 1842 2178 θεοῦ
1855 2147 2060 2190 ἀφραίνοντες.

1172 2248 1288 2300 Κῦρος
1299 2246 1328 2284 δ’
1343 2245 1495 2290 ἀκούσας
1505 2244 1665 2285 ἐκέλευσε
1678 2246 1736 2284 τὸν
1752 2245 1913 2300 χρησμὸν
1929 2245 2114 2299 διενεγκεῖν
2127 2252 2198 2290 τοῖς

1172 2306 1342 2360 Πέρσαις,
1361 2308 1407 2349 ὡς
1420 2304 1681 2353 ἐξευλαὸηθεῖεν
1697 2305 1923 2358 ἁμαρτάνειν.
1937 2308 1983 2346 Οἱ
1997 2305 2033 2344 δὲ
2050 2306 2094 2344 δι’
2111 2309 2200 2344 ὁπο-

1169 2365 1251 2418 ψίας
1263 2365 1428 2416 γίνονται,
1442 2366 1488 2408 ὥς
1505 2364 1847 2415 κατεσκευασμένης,
1863 2362 1921 2402 ἵνα
1937 2364 2081 2409 σώζοιτο
2092 2367 2201 2418 Κροῖ-

1171 2439 1238 2468 σος.
1259 2424 1303 2464 Ὁ
1318 2424 1348 2462 δ’
1366 2423 1434 2471 ἤδη
1454 2423 1512 2462 ἐπὶ
1531 2426 1593 2471 τῆς
1607 2429 1721 2477 πυρᾶς
1738 2426 1907 2471 καθῆστο,
1932 2422 1993 2462 καὶ
2019 2422 2079 2461 σὺν
2103 2424 2196 2472 αὐτῷ

1171 2483 1220 2526 δὶς
1237 2482 1327 2521 ἑπτὰ
1345 2483 1483 2530 Λυδῶν,
1507 2483 1543 2520 ἐν
1566 2481 1686 2535 κύκλῳ
1705 2482 1741 2520 δὲ
1764 2481 1902 2535 Πέρσαι
1927 2482 2033 2535 δᾷδας
2058 2481 2196 2533 ἔχοντες

1169 2534 1291 2587 ἧπτον,
1308 2542 1453 2587 Σιωπῆς
1471 2539 1508 2579 δὲ
1531 2539 1718 2592 γενομένης
1747 2539 1910 2584 στενάξας
1932 2539 2022 2590 μέγα
2050 2541 2098 2582 εἰς
2123 2539 2196 2592 τρὶς

1170 2601 1394 2638 ἀνακαλεῖται
1407 2599 1513 2638 πάλιν
1528 2598 1687 2639 Σόλωνα.
1706 2599 1777 2638 Καὶ
1795 2602 1814 2637 ὁ
1829 2601 1942 2651 Κῦρος
1955 2596 2106 2641 ἀκούσας
2118 2597 2197 2636 ἐδά-

1168 2674 1306 2713 κρυσεν,
1326 2658 1494 2706 ἐννοηθεὶς
1509 2657 1562 2697 ὅτι
1575 2657 1749 2709 νεμεσητὰ
1766 2659 1841 2710 δρᾷ,
1857 2656 2008 2708 βιασθεὶς
2025 2655 2092 2695 ὑπὸ
2105 2658 2198 2709 Περ-

1170 2720 1252 2766 σῶν,
1274 2716 1422 2770 βασιλέα
1441 2715 1539 2756 οὐδὲν
1558 2717 1726 2756 ἐλάττονα
1748 2718 1852 2754 αὐτοῦ
1871 2713 1933 2761 τὴν
1956 2713 2067 2766 τύχην
2088 2716 2195 2766 ἐμπι-

1169 2776 1270 2830 πράς.
1306 2775 1545 2828 Συνεκέχυντο
1565 2774 1601 2813 δὲ
1622 2775 1689 2822 ἤδη
1718 2774 1778 2812 καὶ
1806 2772 1944 2825 Πέρσαι
1973 2771 2019 2811 τὰ
2047 2771 2110 2824 μὲν
2136 2774 2194 2813 ἐπὶ

1169 2835 1322 2888 Κροίσῳ,
1340 2832 1432 2872 τὰδὲ
1450 2833 1507 2872 ἐπὶ
1518 2835 1568 2884 τῷ
1584 2831 1738 2886 σφετέρῳ
1758 2831 1905 2882 βασιλεῖ,
1923 2832 2067 2884 ὁρῶντες
2084 2831 2194 2883 ἀχθό-

1169 2909 1271 2944 μενον
1282 2893 1339 2931 ἐπὶ
1356 2893 1489 2935 τούτοις
1505 2922 1515 2942 ,
1535 2891 1594 2930 καὶ
1606 2890 1762 2928 ἐκέλευον
1780 2888 1900 2933 σώζειν
1914 2891 2074 2942 Κροῖσον.
2090 2890 2194 2944 Ταχὺ

1168 2951 1205 2991 δὲ
1225 2955 1338 3006 Κῦρος
1356 2951 1499 3005 πέμψας
1516 2949 1594 2993 τοὺς
1610 2949 1697 3001 ἀμφ’
1714 2946 1830 2999 αὐτὸν,
1856 2947 2016 2987 ἐκέλευσε
2034 2947 2099 2996 τὴν
2121 2965 2192 2988 πυ-

1169 3011 1229 3066 ρὰν
1242 3011 1435 3051 σὸεννύναι.
1453 3011 1497 3049 Ἡ
1510 3009 1546 3047 δὲ
1560 3009 1673 3061 ᾔθετο,
1689 3007 1750 3045 καὶ
1763 3006 1875 3045 οὐκέθ’
1892 3001 1962 3045 οῗόν
1981 3008 2011 3046 τ’
2024 3001 2065 3055 ἦν
2083 3007 2192 3061 ἐξημ-

1170 3071 1277 3123 μένην
1298 3072 1333 3108 ἐν
1353 3069 1472 3121 κύκλῳ
1506 3065 1687 3121 προσιέναι
1711 3065 1801 3104 τινά.
1831 3065 1931 3105 Φασὶ
1963 3065 2005 3114 δὴ
2038 3069 2192 3121 Κροῖσον

1167 3129 1393 3182 ἐμὸλέψαντα
1414 3129 1461 3170 εἷς
1485 3126 1543 3164 τὸν
1569 3123 1712 3178 οὐρανὸν
1733 3123 1895 3169 εὔξασθαι
1917 3126 1969 3178 τῷ
1999 3125 2192 3164 Ἀπόλλωνι

1167 3187 1291 3240 ἀρῆξαί
1306 3188 1352 3233 οἱ,
1372 3185 1475 3224 ὁπότε
1494 3184 1554 3223 καὶ
1574 3186 1604 3222 οἱ
1629 3182 1744 3236 ἐχθροὶ
1765 3182 1885 3229 σώζειν
1901 3183 2004 3223 αὐτὸν
2019 3185 2192 3229 ἐθέλοντες

1166 3248 1202 3284 οὐ
1222 3245 1390 3283 δύναιντο.
1408 3242 1549 3294 Χειμὼν
1579 3243 1609 3280 δ’
1627 3242 1729 3295 ἔτυχε
1755 3241 1818 3290 τὴν
1841 3242 1977 3297 ἡμέραν
2003 3243 2136 3291 ἐκείνην
2155 3244 2191 3288 ἐξ

1166 3307 1265 3351 ἠοῦς,
1286 3304 1325 3340 οὐ
1346 3302 1415 3353 μὴν
1436 3301 1530 3345 ὑετός
1545 3318 1596 3354 γε.
1614 3301 1766 3354 Κροίσου
1789 3301 1819 3339 δ’
1842 3300 2031 3352 εὐξαμένου
2050 3301 2192 3353 ζοφερὸς

1165 3362 1325 3415 ἐξαίφνης
1343 3360 1410 3415 ἀὴρ
1442 3360 1634 3415 συνέδραμε
1651 3359 1856 3413 νεφούμενος
1873 3359 2041 3399 πάντοθεν
2056 3391 2066 3407 ,
2090 3363 2189 3415 βρον-
