2320 3684
121 202 195 236 236

117 283 180 327 τὰς
201 282 394 337 Ἠλέκτρας
415 282 541 326 πύλας·
566 281 625 320 καὶ
643 284 702 320 νῦν
723 279 774 319 ἔτι
793 281 828 318 ἐν
854 281 898 332 τῇ
920 276 1136 332 Σαμοθρᾴκῃ

119 344 278 389 ζητοῦσιν
296 341 403 389 αὐτὴν
422 343 457 379 ἐν
476 346 551 384 ταῖς
574 342 717 393 ἑορταῖς.
739 343 831 387 Quae
842 338 889 376 ad
903 339 1071 389 primum
1088 337 1138 375 li-

119 401 235 440 brum
253 405 363 439 Marx
377 401 524 446 retulit,
540 398 643 450 quod
657 406 745 449 post
758 406 922 435 mortem
935 396 1141 446 Eurysthei

120 460 326 499 Heraclidae
344 459 535 497 habitasse
554 458 735 495 dicuntur
759 457 807 495 ad
829 465 961 509 portas
973 455 1139 494 Electri—

121 519 199 558 das.
212 523 260 558 V.
275 517 481 566 Pherecyd.
495 530 557 567 ap.
574 521 717 554 Anton.
739 514 824 556 Lib.
838 529 870 553 c.
887 517 949 554 23.

617 581 672 618 13.

173 647 300 686 Schol.
322 645 475 683 Pindar.
496 645 607 694 Pyth.
626 645 652 682 l.
673 645 698 682 l.
725 644 776 695 (v.
798 647 861 682 Fr.
890 643 948 695 ιι)
964 643 1140 685 εἜπειτα

119 706 271 759 Ἔφορός
286 719 390 759 φησιν
406 704 465 743 τὸν
481 702 729 759 Ἀριστόδημον
744 702 801 741 διὰ
814 706 876 750 τῆς
890 703 1059 747 Βοιωτίας
1077 720 1142 743 πο-

121 763 301 819 ρευόμενον
330 764 542 803 καταλαὸεἷν
570 762 713 807 θύοντάς
744 778 839 805 τινας
868 764 938 801 τῶν
970 763 1140 810 Θηὸαίων

117 823 214 878 παρὰ
229 823 292 871 τὴν
311 823 387 862 ὁδὸν
400 852 410 870 ,
432 824 490 862 καὶ
511 828 572 863 τοῦ
591 823 740 876 κήρυκος
765 821 962 861 ἀκούσαντα
988 828 1058 867 τοῖς
1074 825 1138 862 Αἷ-

118 883 248 935 γείδαις
274 881 463 935 εὐχομένου
486 883 531 922 τὰ
560 882 694 935 ἀγαθὰ,
719 881 838 920 λαὸεἱν
866 881 946 935 περὶ
967 884 1029 929 *effic
1049 898 1141 933 μαν-

116 943 212 987 τείας
228 941 380 992 ἔννοιαν,
396 941 457 981 καὶ
475 943 669 995 νομίσαντα
689 941 778 989 δεῖν,
804 939 922 988 ἐπειδὴ
942 939 1021 985 τοὺς
1044 941 1144 989 Ἀθή-

117 1004 218 1049 νηθεν
244 1001 407 1052 Αἷγείδας
435 1001 593 1056 πρώτους
620 1001 905 1055 παρακαλοῦντες
934 1000 1143 1054 διήμαρτον,

117 1059 196 1104 τοὺς
215 1061 255 1098 ἐκ
272 1062 341 1098 τῶν
362 1059 495 1108 Θηὸῶν
516 1058 723 1116 συμμάχους
745 1060 920 1110 μετελθεῖν
939 1057 1143 1112 προτέρους·

117 1120 210 1159 κατὰ
228 1117 339 1171 τύχην
360 1117 397 1157 δὲ
415 1118 526 1172 ταύτῃ
548 1122 591 1171 τῇ
619 1117 783 1172 στρατείᾳ
807 1119 876 1156 τῶν
906 1117 1144 1171 Ἡρακλειδῶν

117 1178 180 1227 τὴν
194 1178 462 1225 Πελοπόννησον
482 1176 746 1229 κατασχόντων,
757 1179 905 1226 ἡγοῦντο
922 1175 961 1214 τὸ
982 1183 1144 1228 μαντεῖον

118 1240 278 1292 εἰρῆσθαι
292 1237 372 1291 περὶ
390 1239 459 1275 τῶν
477 1236 511 1275 ἐν
532 1236 672 1284 Θήὸαις
691 1235 873 1286 Αἷγειδῶν.

173 1314 189 1331 «
198 1300 248 1335 Et
260 1297 377 1335 alium
390 1295 544 1333 Pindari
558 1296 685 1332 locum
696 1294 882 1332 illustrem
893 1293 1072 1344 Ephorus
1085 1307 1147 1331 ex-

118 1356 292 1408 posuisse
304 1354 471 1401 videtur,
486 1354 617 1390 Isthm.
629 1355 722 1400 VII,
739 1352 798 1399 18,
812 1350 879 1388 ubi
898 1351 1043 1388 Thebas
1057 1353 1148 1389 allo-

117 1415 271 1466 quitur:
285 1411 336 1452 *H
351 1412 479 1466 Δωρίδ’
496 1410 658 1450 ἀποικίαν
679 1409 759 1448 ἁνίκ
760 1410 875 1462 ’ὀρθῷ
890 1407 1070 1453 Ἔστασας
1090 1409 1148 1448 ἐπὶ

118 1475 239 1527 σφυρῷ
269 1469 580 1522 Λακεδαιμονίων,
613 1467 691 1507 ἔλον
716 1469 745 1506 δ’
765 1466 939 1519 Ἀμύκλας
967 1469 1146 1521 Αἰγεῖδαι,

119 1531 249 1571 σέθεν”
230 1545 381 1582 εκγονοι,
399 1527 633 1580 Μαντεύμασι
647 1526 839 1570 Πυθίοις.»
853 1529 985 1564 Marx.

616 1598 676 1637 14.

171 1667 311 1707 Strabo
322 1669 402 1715 IX,
416 1680 455 1718 p.
471 1666 562 1714 653,
588 1664 635 1702 de
650 1666 873 1715 Naupacto.
886 1661 1103 1714 Ὠνόμασται
1119 1663 1149 1701 δ

120 1726 190 1765 ἀπὸ
224 1729 286 1773 τ’ἦς
319 1724 516 1776 ναυπηγίας
544 1740 607 1771 της
635 1725 707 1762 ἐκεῖ
738 1722 945 1774 γενομένης,
978 1722 1046 1761 εἴτε
1081 1739 1149 1761 των

119 1784 358 1837 Ἣρακλειδων
393 1784 464 1821 ἐκεῖ
484 1781 826 1833 ναυπηγησαμένων,
859 1775 940 1829 εἷθ’,
966 1781 1013 1826 ὥς
1046 1797 1150 1835 φησιν

119 1841 288 1897 Εςρορος,
321 1844 465 1895 Λοκρῶν
501 1840 553 1879 ἔτι
589 1840 758 1896 πρότερον
791 1840 1148 1893 παρασκευασάντων.

120 1903 264 1940 Eadem
290 1902 511 1939 Eustathius
540 1900 588 1937 ad
613 1901 656 1937 Il.
683 1903 736 1948 B,
770 1902 858 1946 276.
888 1900 1152 1951 Negligentius

122 1961 254 2012 steph.
269 1964 357 2010 Byz.
371 1974 409 1997 v.
424 1957 656 2006 Ναύπακτος,
668 1957 739 1995 ἀπὸ
749 1957 944 2009 ναυπηγίας
956 1960 1024 1996 τῶν
1041 1957 1153 2012 “Ηρα-

122 2019 266 2058 κλειδῶν
280 2048 291 2067 ,
311 2020 357 2061 ὡς
377 2016 548 2071 Στράὸων
565 2015 625 2055 καὶ
644 2014 806 2069 ’Ἔφορος

626 2083 639 2118 l
650 2083 684 2118 5.

177 2147 316 2187 Strabo
345 2150 464 2195 VIII,
490 2160 529 2198 p.
561 2146 635 2193 547
663 2160 768 2197 seqq.
811 2147 902 2185 edit.
936 2147 1125 2185 Almelov.
1141 2162 1149 2184 :

906 191 1096 231 EPHORI
1122 189 1452 230 FRAGMENTA.

1199 278 1324 315 Ταῦτα
1346 275 1497 330 Ἔφορος
1525 275 1562 314 δέ
1593 291 1718 331 φησιν,
1750 275 1907 315 Αἰτωλὸν
1936 276 2128 316 ἐκπεσόντα
2152 278 2221 318 ὕπὸ

1200 334 1419 386 Σαλμωνέως
1442 338 1502 373 τοῦ
1530 334 1699 387 βασιλέως
1721 335 1872 374 Ἐπειῶν
1901 350 1938 373 τε
1963 335 2023 374 καὶ
2054 337 2221 376 Πισατῶν

1199 395 1239 432 ἐκ
1262 395 1324 440 τῆς
1343 392 1485 438 Ἠλείας
1512 395 1558 438 εἷς
1582 392 1646 440 τὴν
1669 393 1864 442 Αἰτωλίαν,
1893 394 2063 445 ὀνομάσαι
2090 410 2128 433 τε
2163 395 2223 448 ἀφ’

1199 453 1323 490 ἑαυτοῦ
1339 450 1403 498 τὴν
1422 451 1561 505 χώραν,
1581 452 1641 490 καὶ
1657 452 1849 490 συνοικίσαι
1868 451 1928 495 τὰς
1948 451 2064 490 αὐτόθι
2086 452 2221 496 πόλεις·

1198 509 1321 548 τούτου
1339 509 1368 547 δ’
1389 508 1558 561 ἀπόγονον
1571 508 1773 563 ὑπάρξαντα
1786 509 1934 554 Ὄξυλον
1951 509 2048 562 φίλον
2058 516 2131 554 τοῖς
2142 511 2223 566 περὶ

1200 567 1361 619 Τήμενον
1377 567 1641 621 Ἡρακλείδαις,
1666 567 1868 619 ἡγήσασθαί
1894 583 1931 606 τε
1947 571 2016 606 τῶν
2043 569 2131 607 ὁδῶν
2153 584 2225 607 κα-

1199 631 1329 665 τιοῦσιν
1350 628 1396 670 εἷς
1415 626 1704 675 Πελοπόννησον,
1727 626 1788 664 καὶ
1808 626 1947 679 μερίσαι
1968 626 2032 674 τὴν
2051 627 2224 678 πολεμίαν

1201 687 1315 728 αὐτοῖς
1327 683 1467 737 χώραν,
1485 683 1545 722 καὶ
1562 684 1674 722 τᾶλλα
1695 684 1880 722 ὑποθέσθαι
1899 683 1943 722 τὰ
1969 684 2048 738 περὶ
2070 684 2132 731 τὴν
2154 701 2224 724 κα·-

1200 741 1368 789 τάκτησιν
1398 745 1460 788 τῆς
1488 740 1623 796 χώρας·
1647 742 1723 780 ἀντὶ
1744 743 1780 780 δὲ
1806 742 1936 781 τούτων
1963 743 2084 782 λαὸεῖν
2103 743 2227 798 χάριν,

1200 799 1264 848 τὴν
1290 802 1336 845 εἷς
1357 800 1420 848 τὴν
1440 800 1583 839 Ἠλείαν
1609 801 1755 839 κάθοδον
1778 802 1989 855 προγονικὴν
2016 807 2140 841 οὖσαν·
2160 818 2228 840 κα-

1201 861 1330 898 τελθεῖν
1348 858 1384 898 δὲ
1402 859 1613 912 ἀθροίσαντα
1631 859 1836 920 στρατιὰνε
1821 860 1855 905 ἐξ
1874 860 2084 904 Αἰτωλίας’
2069 861 2126 899 επὶ
2149 860 2228 906 τους

1202 917 1413 970 κατέχοντας
1439 917 1600 962 Ἐπειους
1631 917 1694 965 τὴν
1732 921 1850 958 Ἦλιν·
1886 919 2162 966 ἀπαντησάντων
2191 918 2229 958 δὲ

1202 979 1271 1014 τῶν
1299 976 1450 1015 Ἐπειῶν
1478 977 1553 1028 μεθ’
1572 976 1712 1026 ὅπλων,
1738 976 1857 1025 ἐπειδὴ
1878 977 2098 1016 ἄντίπαλοι’
2080 994 2169 1025 ησαν
2193 979 2229 1017 αἱ

1204 1034 1385 1086 δυνάμεις,
1407 1036 1454 1078 εἷς
1472 1035 1691 1088 μονομαχίαν
1710 1037 1888 1090 προελθεῖν
1907 1034 1997 1075 κατὰ
2013 1036 2087 1080 ἔθος
2110 1052 2144 1075 τι
2160 1052 2231 1074 πα·-

1203 1093 1300 1132 λαιὸν
1320 1096 1389 1131 τῶν
1401 1093 1582 1140 Ἑλλήνων
1594 1125 1603 1142 ,
1617 1094 1832 1147 Πυραίχμην
1853 1095 2011 1134 Αἰτωλὸν
2023 1125 2034 1144 ,
2053 1094 2228 1146 Δέγμενον

1205 1152 1235 1190 δ’
1262 1150 1421 1191 Ἐπειόν·
1445 1151 1502 1190 τὸν
1532 1151 1595 1203 μὲν
1618 1152 1792 1204 Δέγμενον
1811 1152 1901 1204 μετὰ
1919 1153 2017 1198 τόξου
2039 1153 2159 1207 ψιλὸν,
2183 1156 2232 1197 ὡς

1205 1209 1449 1264 περιεσόμενον
1470 1210 1595 1263 ῥαδίως
1619 1211 1762 1250 ὁπλίτου
1782 1211 1839 1249 διὰ
1860 1215 1922 1259 τῆς
1948 1212 2150 1259 ἑκηὸολίας·
2170 1212 2230 1251 τὸν

1207 1267 1243 1306 δὲ
1263 1267 1353 1319 μετὰ
1369 1267 1556 1322 σφενδόνης
1572 1269 1631 1307 καὶ
1649 1269 1764 1323 πήρας
1783 1269 1902 1318 λίθων,
1919 1270 2038 1318 ἐπειδὴ
2055 1270 2232 1323 κατέμαθε

1206 1327 1264 1367 τὸν
1283 1327 1400 1367 δόλον·
1419 1334 1538 1381 τυχεῖν
1559 1328 1595 1367 δὲ
1614 1329 1768 1368 νεωστὶε
1755 1329 1823 1368 υπὸ
1841 1332 1910 1368 τ’ων
1933 1331 2099 1368 Αἷτωλων
2125 1333 2225 1384 ευρη-

1208 1386 1311 1438 μένον
1321 1387 1361 1426 τὸ
1371 1390 1432 1433 τῆς
1443 1387 1628 1440 σφενδόνης
1649 1381 1746 1432 εἶδος·
1757 1388 2068 1462 μακροὸολωτέρας
2087 1388 2116 1427 δ’
2129 1388 2234 1435 οὔσης

1207 1449 1268 1492 τῆς
1293 1445 1501 1498 σφενδόνης,
1523 1452 1641 1484 πεσεῖν
1669 1447 1727 1485 τὸν
1752 1446 1941 1498 Δέγμενον,
1963 1447 2023 1485 και
2043 1453 2232 1499 κατασχεῖν
2260 1469 2262 1471 -

1208 1503 1287 1548 τους
1315 1503 1495 1548 Αἶτωλους
1521 1504 1584 1551 τὴν
1605 1507 1684 1556 γῆν,
1703 1504 1914 1550 ἐκὸαλόντας
1949 1504 2029 1549 τοὺς
2049 1504 2222 1549 ’En-ezod<-

1208 1561 1428 1616 παραλαὸεῑν
1464 1560 1500 1600 δὲ
1532 1562 1593 1600 καὶ
1625 1562 1688 1609 τὴν
1725 1563 1927 1614 ἐπιμέλειαν
1957 1568 2018 1602 τοῦ
2051 1565 2143 1618 ἱερου
2173 1578 2235 1602 του

1210 1619 1462 1671 Ὀλυμπίασιν,
1477 1619 1520 1667 ἣν
1539 1624 1633 1673 εἰχον
1654 1621 1708 1660 οἱ
1712 1621 1860 1674 Αχαιοί·
1886 1621 1943 1660 διά
1961 1637 1999 1660 τε
2012 1621 2076 1669 τὴν
2087 1621 2235 1666 Ὀξύλου

1211 1678 1327 1733 φιλίαν
1370 1678 1456 1732 πρὸς
1496 1678 1576 1724 τους
1610 1678 1861 1733 Ἡρακλείδας,
1915 1682 2234 1731 συνομολογηθῆναι

1212 1737 1374 1791 ῥαδίως’
1359 1753 1398 1775 εκ
1414 1737 1554 1776 πάντων
1572 1738 1647 1788 μεθ’
1668 1737 1772 1791 ὅρκου
1796 1738 1859 1785 τὴν
1875 1739 2016 1777 Ἠλείαν
2033 1737 2128 1810 ἱερὰν
2148 1742 2234 1776 εἶναι

1210 1812 1270 1835 του
1287 1794 1384 1840 Διός·
1406 1796 1464 1835 τὸν
1491 1796 1522 1834 δ’
1517 1795 1680 1857 ἐπιόντα
1703 1796 1759 1835 ἐπὶ
1787 1796 1852 1844 τὴν
1872 1797 1990 1851 χώραν
2010 1797 2139 1844 ταύτην
2161 1795 2232 1849 μεθ

1211 1853 1341 1903 οπλων,
1367 1856 1473 1906 ἐναγῆ
1505 1858 1609 1893 εἶναι·
1639 1857 1686 1899 ὣς
1713 1856 1743 1893 δ’
1762 1855 1873 1900 αυτως
1890 1858 1995 1907 ἐναγῆ
2015 1855 2076 1894 καὶ
2098 1855 2155 1894 τὸν
2186 1855 2235 1907 μὴ

1212 1912 1436 1965 ἐπαμύνοντα
1454 1915 1502 1958 εἷς
1520 1913 1685 1965 δύναμιν·
1709 1930 1748 1952 εκ
1768 1913 1804 1953 δὲ
1824 1914 1946 1954 τούτου
1972 1914 2032 1952 και
2059 1914 2137 1958 τους
2156 1915 2236 1953 κτί-

1213 1987 1341 2014 σαντας
1362 1970 1426 2019 τὴν
1444 1971 1593 2010 Ἠλείων
1613 1972 1713 2011 πόλιν
1735 1971 1888 2025 ὕστερον,
1905 1973 2102 2026 ἀτείχιστον
2119 1976 2238 2021 ἐᾶσαι,

1214 2029 1274 2068 καὶ
1293 2029 1371 2074 τοὺς
1384 2030 1427 2068 δι’
1447 2031 1554 2078 αὐτῆς
1573 2034 1636 2078 τῆς
1658 2031 1775 2084 χώρας
1793 2031 1906 2074 ἰόντας
1938 2032 2175 2085 στρατοπέδῳ,
2195 2031 2239 2071 τὰ

1214 2088 1305 2128 ὅπλα
1345 2088 1581 2143 παραδόντας,
1608 2089 1869 2141 ἀπολαμὸάνειν
1902 2089 1990 2140 μετὰ
2016 2089 2080 2137 τὴν
2105 2093 2144 2129 ἐκ
2170 2093 2238 2129 τῶν

1215 2146 1302 2201 ὅρων
1320 2147 1463 2186 ἔκὸασιν
1477 2149 1547 2200 (Cf.
1567 2149 1699 2199 Polyb.
1714 2151 1832 2197 1V‚73
1844 2163 1853 2195 ;
1866 2149 2029 2187 Diodor.
2044 2153 2150 2198 XIV,
2170 2164 2211 2197 17
2227 2163 2239 2200 ς

1215 2257 1449 2289 revertentibus
1472 2257 1505 2289 in
1526 2258 1785 2298 Peloponnesum
1808 2258 1962 2290 itinerum
1978 2258 2094 2290 ductor
2107 2283 2116 2299 ,
2133 2261 2166 2291 et
2184 2260 2239 2292 ho-

128 2259 276 2299 vigante;
292 2258 375 2289 hanc
398 2265 475 2287 vero
491 2255 524 2287 in
542 2255 655 2287 matris
677 2256 833 2287 honorem
852 2257 962 2296 portas
978 2256 1155 2288 Electridas

125 2305 319 2348 appellasse;
335 2305 431 2344 atque
451 2302 635 2335 etiamnunc
652 2302 876 2335 Samothraces
889 2302 980 2335 restis
1000 2303 1068 2335 suis
1083 2312 1153 2335 eam

125 2352 287 2394 quaerunt.

615 2398 631 2430 1
642 2399 676 2430 3.

169 2445 294 2478 Deinde
307 2443 458 2485 Ephorus
473 2444 573 2477 tradit
587 2443 827 2476 Aristodemum
842 2453 899 2485 per
911 2444 1068 2476 Boeotiam
1086 2453 1156 2485 pro-

129 2493 326 2526 ficiscentem
348 2491 598 2533 deprehendisse
615 2491 842 2523 Thebanorum
866 2492 993 2532 aliquos
1009 2492 1050 2524 ad
1069 2492 1155 2524 viam

131 2539 366 2578 sacrificantes,
374 2541 406 2571 et
415 2547 516 2580 quum
527 2538 683 2571 audiisset
694 2546 875 2581 praeconem
886 2539 1006 2579 AEgidis
1020 2539 1156 2571 salutem

132 2589 329 2629 precantem,
349 2586 391 2618 de
406 2586 537 2618 oraculo
553 2587 730 2626 cogitasse,
746 2587 842 2625 atque
863 2586 1016 2625 quoniam
1033 2586 1155 2627 AEgidis

132 2634 267 2667 Athenis
279 2633 313 2665 iu
327 2633 485 2665 auxilium
498 2632 676 2671 advocatis,
691 2635 808 2664 conatu
822 2633 1029 2672 excidissent,
1047 2633 1082 2665 in
1095 2633 1157 2665 ani-

133 2690 223 2713 mum
241 2679 304 2712 sibi
324 2679 506 2719 induxisse,
519 2679 690 2712 Thebanos
705 2678 814 2720 potius
830 2679 961 2718 AEgidas
980 2679 1157 2711 adsciscen-

133 2729 192 2761 dos
218 2737 298 2760 esse.
322 2729 364 2759 Et
387 2736 490 2767 quum
515 2725 694 2759 Heraclidae
715 2725 858 2757 secunda
882 2725 1011 2757 fortuna
1033 2728 1158 2758 utentes

135 2776 196 2806 hac
222 2774 427 2815 expeditione
454 2771 667 2814 Peloponnesi
694 2771 874 2813 potirentur
889 2795 898 2811 ‚
926 2772 1094 2804 oraculum
1119 2773 1159 2805 de

135 2821 295 2854 Thebanis
311 2821 435 2862 AEgidis
450 2819 695 2862 pronuntiatum
709 2827 780 2851 esse
798 2819 990 2851 statuerunt.

179 2919 206 2947 A
227 2914 366 2946 navibus
390 2914 435 2946 ibi
456 2913 634 2955 compactis
657 2911 814 2954 appellata
843 2914 892 2944 est
923 2911 1157 2954 (Naupactus):

139 2963 209 2993 sive
226 2961 270 2992 ibi
293 2961 429 2993 classem
453 2959 632 2993 Heraclidae
656 2961 732 2991 sunt
747 2958 914 2999 fabricati,
930 2958 1001 2990 sive
1018 2958 1059 2990 iis
1072 2957 1158 2999 prio-

140 3016 189 3039 res
205 3007 309 3047 Locri,
327 3007 414 3047 quod
429 3008 578 3048 Ephorus
593 3008 695 3047 putat.

181 3055 385 3094 Naupactus,
391 3077 453 3085 .....
478 3054 524 3085 sic
543 3053 629 3085 dicta
649 3052 737 3094 quod
761 3051 938 3084 Heraclidae
959 3051 1004 3084 ibi
1025 3051 1160 3084 classem

141 3100 368 3140 compegerint,
385 3100 570 3132 auctoribus
588 3100 720 3140 Ephoro
735 3100 768 3131 et
785 3098 953 3131 Strabone.

184 3194 289 3230 Quam
305 3192 485 3233 subjiciam,
506 3193 627 3233 Ephori
644 3195 694 3224 est
709 3193 862 3224 narratio.
876 3191 1001 3225 AEtolus
1014 3201 1033 3224 a
1045 3192 1162 3224 Salmo-

145 3247 205 3271 neo
220 3240 382 3278 Epeorum
407 3242 503 3279 atque
523 3240 702 3271 Pisaeorum
725 3247 796 3279 rege
819 3248 859 3271 ex
878 3239 955 3271 Elea
970 3240 1088 3279 ejectus
1100 3261 1109 3278 ‚
1128 3239 1162 3270 in

146 3285 296 3318 AEtoliam
313 3284 413 3323 abiit,
442 3285 535 3325 eique
558 3286 620 3317 hoc
635 3294 654 3316 a
675 3294 710 3317 se
722 3294 840 3317 nomen
862 3286 936 3318 iecit
950 3309 958 3324 ,
983 3288 1015 3317 et
1031 3294 1104 3326 quae
1117 3285 1162 3317 ibi

146 3334 223 3364 sunt
236 3331 331 3364 urbes
350 3332 504 3364 condidit.
522 3333 570 3364 Ab
587 3333 648 3364 hoc
666 3342 766 3373 genus
781 3333 874 3365 duxit
890 3334 1015 3373 Oxylus
1029 3357 1038 3373 ‚
1056 3333 1162 3365 amici-

147 3378 192 3412 tia
204 3379 334 3421 junctus
351 3381 492 3412 Temeno
505 3379 682 3411 Heraclidae
697 3381 728 3410 et
749 3380 817 3419 ejus
834 3381 999 3412 comitatui
1022 3391 1029 3411 τ
1045 3380 1094 3413 his
1110 3380 1163 3414 ille

1215 2305 1315 2336 stium
1329 2313 1420 2345 agros
1434 2304 1600 2337 distribuit
1615 2305 1739 2345 aliaque
1755 2305 1892 2345 subjecit
1913 2305 2047 2336 consilia
2063 2305 2103 2337 ad
2115 2306 2239 2346 potiun-

1216 2351 1294 2382 dum
1308 2360 1344 2382 ea
1361 2354 1489 2391 regione
1501 2351 1704 2392 pertinentia.
1731 2354 1793 2383 Pro
1816 2361 1880 2392 qua
1894 2352 1924 2384 ei
1939 2360 2035 2392 opera
2050 2351 2084 2383 id
2102 2352 2237 2385 relatum

1215 2400 1264 2429 est
1278 2398 1401 2438 gratiae,
1420 2398 1499 2430 utin
1509 2398 1634 2430 Elidem
1648 2398 1846 2439 postliminio
1865 2399 2069 2431 reduceretur
2081 2399 2238 2440 maj0rum

1216 2453 1349 2476 suorum
1367 2445 1439 2485 jure
1452 2446 1493 2478 ad
1510 2455 1544 2478 se
1559 2446 1782 2486 pertinentem.
1799 2445 1905 2477 Rediit
1920 2453 1995 2485 ergo
2011 2447 2176 2477 contracto
2188 2445 2240 2478 ad-

1216 2499 1347 2522 versum
1362 2493 1467 2532 Epeos
1483 2492 1610 2524 Elidem
1633 2494 1711 2523 tunc
1726 2493 1870 2524 tenentes
1886 2491 2031 2523 exercitu
2045 2491 2236 2524 AEtolorum.

1217 2539 1390 2578 Quumque
1405 2538 1520 2570 armati
1539 2539 1754 2570 occurrissent
1771 2538 1866 2579 Epei‚
1884 2539 1916 2570 et
1937 2546 1996 2578 par
2014 2539 2098 2570 esset
2111 2537 2238 2579 utrique

1217 2584 1371 2616 exercitui
1388 2584 1497 2624 robur,
1509 2587 1638 2617 vetusta
1651 2585 1792 2625 quadam
1806 2587 1994 2617 Graecorum
2007 2585 2240 2617 consuetudine

1217 2630 1255 2662 ad
1274 2630 1433 2671 singulare
1449 2634 1608 2664 certamen
1625 2632 1784 2672 progressi
1797 2633 1886 2672 sunt,
1899 2631 2087 2671 Pyraechma
2099 2631 2236 2672 AEtolus,

1217 2679 1248 2707 et
1262 2678 1444 2717 Degmenus
1459 2680 1568 2718 Epeus
1590 2688 1597 2709 :
1626 2678 1678 2710 hic
1699 2678 1763 2710 levi
1780 2680 1942 2710 armatura
1967 2677 2067 2709 fretus
2081 2701 2090 2717 ,
2107 2678 2240 2720 soloque

1218 2723 1395 2755 instructus
1415 2733 1503 2763 arcu,
1524 2725 1611 2765 quod
1626 2725 1753 2757 eminus
1776 2725 1900 2765 sagittis
1916 2733 1950 2756 se
1962 2724 2054 2756 facile
2069 2724 2238 2757 victoriam

1218 2778 1237 2800 a
1252 2770 1358 2810 gravis
1371 2773 1544 2803 armaturae
1556 2772 1740 2803 adversario
1756 2773 1898 2813 speraret
1911 2772 2149 2812 reportaturum
2163 2783 2173 2812 ;
2187 2771 2240 2804 ille

1219 2816 1326 2853 funda,
1340 2819 1568 2859 marsupioque
1581 2819 1724 2859 lapidum
1736 2819 1830 2860 pleno
1847 2819 1970 2859 (recens
1982 2820 2052 2849 tum
2065 2817 2150 2850 bono
2163 2826 2239 2850 casu

1219 2864 1351 2896 invento
1364 2864 1405 2896 ab
1419 2865 1534 2897 AEtolis
1553 2865 1664 2897 fundae
1680 2866 1773 2905 usu),
1798 2865 1854 2897 ubi
1870 2865 1982 2897 dolum
1999 2865 2238 2898 animadvertit.

1220 2911 1302 2948 Quia
1315 2920 1392 2943 vero
1407 2911 1517 2943 fundae
1530 2912 1658 2952 longius
1673 2921 1771 2952 quam
1788 2920 1881 2944 arcus
1895 2911 2099 2952 perferuntur
2111 2909 2238 2955 jactus,

1220 2957 1336 2989 cecidit
1352 2959 1557 2997 Degmenus‚
1573 2960 1605 2990 et
1620 2958 1763 2998 expulsis
1779 2958 1875 2998 Epeis
1892 2957 1991 2990 AEtoli
2008 2966 2078 2988 eam
2095 2957 2239 3006 obtinue-

1221 3007 1295 3036 runt
1302 3005 1472 3045 regionem.
1482 3005 1647 3046 lidemque
1657 3005 1765 3046 templi
1777 3005 1874 3036 etiam
1885 3006 1956 3036 tum
1966 3004 2125 3045 Olympici
2135 2995 2240 3036 susc'e·

1220 3054 1335 3092 perunt
1347 3051 1606 3092 procurationem
1622 3054 1696 3083 ante
1709 3051 1749 3083 ab
1765 3051 1894 3083 Achaeis
1909 3051 2047 3090 obitam;
2064 3054 2096 3083 et
2111 3056 2239 3093 propter

1221 3099 1316 3140 Oxyli
1332 3108 1406 3130 cum
1418 3098 1594 3131 Heraclidis
1610 3099 1784 3131 amicitiam
1797 3099 1887 3130 nullo
1897 3099 2024 3139 negotio
2034 3099 2238 3140 impetratum

1221 3145 1261 3178 ab
1277 3146 1437 3178 universis
1453 3145 1526 3185 suit,
1541 3147 1578 3178 ut
1593 3146 1798 3187 jureJ'urando
1814 3146 2001 3187 interposito
2016 3147 2236 3188 profiterentur

1221 3193 1371 3226 Eleorum
1387 3193 1542 3225 ditionem
1558 3193 1633 3224 Jovi
1654 3201 1724 3225 esse
1737 3202 1861 3224 sacram
1877 3203 1884 3224 :
1900 3193 1955 3234 qui
1977 3202 2047 3225 eam
2063 3195 2184 3225 armata
2205 3192 2237 3224 vi
2279 3212 2291 3215 ⁷-

1222 3241 1412 3279 incesseret,
1431 3239 1588 3271 nefarium
1603 3239 1786 3271 habendum
1804 3249 1811 3270 :
1829 3240 2005 3280 eodemque
2026 3240 2096 3272 loco
2111 3264 2120 3280 ‚
2135 3239 2191 3280 qui
2205 3238 2239 3271 id

1222 3286 1325 3319 scelus
1338 3295 1403 3318 non
1418 3294 1475 3326 pro
1490 3285 1575 3317 virili
1594 3286 1811 3318 ulcisceretur.
1830 3286 1922 3318 Unde
1944 3288 2152 3319 consecutum
2173 3286 2238 3325 est,

1223 3335 1267 3369 ut,
1281 3331 1337 3373 qui
1355 3332 1466 3364 urbem
1483 3331 1606 3364 Elidem
1620 3334 1731 3373 postea
1744 3333 1896 3373 temporis
1909 3332 2132 3371 condiderunt,
2143 3330 2238 3363 nullis

1222 3388 1293 3411 eam
1316 3378 1478 3419 cingerent
1499 3378 1600 3410 muris
1617 3381 1671 3411 :et
1694 3378 1750 3419 qui
1773 3379 1917 3411 exercitu
1938 3387 1993 3420 per
2016 3378 2126 3411 Eleam
2158 3377 2235 3416 iret,
