2294 3704
713 93 779 131 DE
808 89 1091 130 ATTHIDUM
1119 89 1507 131 SCRIPTORIBUS.

66 185 217 231 hausit,
252 184 426 234 itemque
455 181 604 233 reliqua
634 181 848 231 fragmenta
885 190 970 228 quae
999 176 1102 215 idem

66 244 235 284 servavit
257 256 306 282 ex
324 253 465 294 magno
481 252 599 292 opere
614 238 752 277 hausta
770 249 852 275 esse
866 235 1103 274 credendum

66 311 137 343 est.
168 303 375 341 Athenaeus
401 313 448 338 ex
474 296 695 337 Philochori
722 295 881 335 Atthide
902 294 1021 332 refert
1044 293 1105 331 di-

67 362 303 414 gressionem
321 359 371 398 de
389 356 591 408 Lysandro
618 354 728 408 (66),
747 367 833 405 quae
863 353 904 390 in
935 352 1105 403 epitome

67 423 196 459 locum
214 418 359 458 habere
373 429 451 454 non
465 422 637 466 poterat3
657 422 697 453 et
709 426 797 465 quae
811 411 1041 451 Plutarchus
1057 411 1106 449 de

67 479 218 518 Theseo
244 476 308 529 (fr.
334 475 383 522 37
410 472 535 525 sqq.)‚
555 473 729 512 AElianus
758 472 807 510 de
830 470 992 510 canibus
1017 483 1106 508 cum

68 537 233 575 dominis
261 533 454 575 Salamina
482 532 711 571 transvectis
735 531 838 583 (90),
871 530 1106 569 Scholiastes

66 596 268 648 Aristoph.
311 593 360 632 de
398 593 604 632 Lacratide
634 591 739 645 (83),
768 591 815 630 de
847 591 984 630 Phidia
1012 589 1106 642 (97),

0 683 10 689 -
69 655 299 694 scholiastes
321 652 441 704 Soph.
460 652 508 690 de
524 651 642 690 sacris
661 649 859 689 abstemiis
879 649 980 701 (31),
1006 651 1107 687 Har-

69 714 245 766 pocratio
264 711 312 750 de
329 711 527 751 AEschraeo
546 709 671 763 (138),
692 723 740 748 ex
762 708 996 747 Philochoro
1012 707 1108 745 affe-

68 780 173 821 runt,
193 785 238 811 ea
250 770 380 810 omnia
403 770 458 808 ita
473 777 698 821 comparata
712 776 816 815 sunt,
834 776 877 806 ut
892 767 1048 805 nonnisi
1061 779 1110 804 ex

69 831 355 871 accuratissima
375 838 415 868 et
434 829 701 881 copiosissima
719 841 851 866 rerum
865 826 1110 878 expositione

69 900 223 942 sumpta
241 903 322 929 esse
336 889 498 941 possint.
518 892 648 937 Quum
669 901 764 926 vero
783 887 867 925 istis
886 885 1110 925 auctoribus

69 951 282 1002 fragmenta
297 949 412 1000 longe
431 947 601 999 plurima
621 946 852 994 debeamus,
866 946 957 998 jure
973 953 1110 983 nostro

71 1010 359 1058 contendimus,
380 1007 604 1046 Philochori
619 1007 816 1059 epitomen
834 1019 912 1044 non
932 1013 1008 1043 tam
1023 1003 1112 1043 feli-

71 1082 154 1108 cem
167 1067 349 1107 habuisse
363 1075 520 1115 sortem,
535 1080 652 1118 quam
663 1069 684 1105 J
689 1066 806 1104 ustini
819 1063 1111 1117 compendium,

71 1127 178 1179 quod
193 1126 361 1179 perdidit
382 1139 483 1178 opus
497 1126 613 1176 Trogi
632 1125 824 1176 Pompeii.

126 1188 165 1235 3)
188 1185 312 1240 Πρὸς
355 1183 434 1233 τὴν
478 1184 696 1236 Δήμωνος
746 1182 925 1223 Ἀτθίδα
977 1183 1059 1221 sive
1089 1184 1112 1230 ἠ

71 1244 176 1299 πρὸς
220 1243 389 1295 Δήμων
405 1259 427 1281 α
477 1245 527 1281 ἀν
542 1242 738 1298 τιγραφή
783 1242 903 1294 (115).
939 1242 1017 1290 Qui
1048 1251 1115 1280 aut

73 1309 172 1346 alius
199 1306 371 1346 Atthidis
403 1306 538 1344 titulus
562 1314 638 1354 est,
667 1314 735 1344 aut
776 1304 1024 1343 statuendum
1058 1313 1115 1342 est

72 1366 370 1413 Philochorum,
394 1378 514 1416 quum
535 1368 659 1403 Demo
679 1364 875 1402 Atthidem
902 1375 1010 1401 suam
1029 1363 1115 1401 edi-

74 1427 205 1471 disset,
222 1425 407 1477 peculiari
418 1425 627 1476 scriptione
643 1424 726 1476 ejus
740 1437 890 1462 errores
905 1436 1117 1474 persequu-

76 1495 159 1524 tum
182 1499 287 1533 esse,
315 1492 521 1536 antequam
542 1497 724 1535 magnum
745 1497 844 1535 opus
871 1482 1114 1529 absolvisset,

6 1556 11 1564 ²
74 1548 113 1585 in
134 1560 211 1598 quo
228 1555 267 1585 et
281 1546 367 1597 ipso
387 1559 467 1583 non
483 1553 652 1597 poterat,
677 1544 773 1596 quin
795 1556 882 1595 quae
897 1546 1022 1582 Demo
1038 1551 1115 1581 sta-

78 1607 232 1655 tuisset,
253 1613 488 1644 memoraret
503 1613 542 1643 et
561 1603 758 1642 refutaret.

130 1666 168 1719 4)
188 1664 297 1719 Περὶ
331 1665 420 1702 τῶν
436 1662 642 1711 Ἀθήνησι
661 1662 892 1717 ἀρξάντων
914 1662 1000 1701 ἀπὸ
1027 1664 1117 1702 Σω-

75 1724 300 1779 κρατίδου
333 1722 480 1777 μέχρι
510 1720 853 1775 Ἀπολλοδώρου.
894 1721 1115 1761 Socratides

74 1784 220 1822 archon
235 1783 308 1821 fuit
321 1782 381 1821 Ol.
404 1796 493 1833 101,
515 1784 561 1828 33
582 1781 790 1819 archontes
810 1780 952 1832 quibus
973 1794 1116 1818 nomen

75 1851 157 1880 erat
187 1840 472 1894 Apollodorus,
501 1841 579 1878 duo
611 1848 897 1888 memorantur,
926 1840 1024 1878 alter
1053 1840 1114 1879 Ol.

79 1914 167 1950 107,
188 1903 225 1947 3,
244 1901 340 1938 alter
361 1900 423 1938 Ol.
444 1899 532 1948 115,
552 1913 599 1946 23
618 1900 876 1951 posteriorem
896 1899 960 1937 hic
976 1899 1118 1937 intelli-

76 1959 244 2010 gendum
266 1972 349 1998 esse
376 1972 465 1996 cum
493 1958 680 1997 Boeckhio
705 1959 993 2007 existimamus,
1026 1959 1118 2010 quia

75 2018 166 2056 inde
186 2017 236 2056 ab
258 2018 319 2057 Ol.
355 2017 446 2065 115,
478 2030 500 2054 2
531 2017 784 2056 Philochorus
809 2031 886 2056 suae
919 2019 1117 2056 memoriae

76 2079 278 2118 historiam
300 2091 457 2117 narrare
484 2078 601 2133 coepit
622 2078 663 2116 in
684 2079 858 2117 Atthide.
891 2080 1119 2131 Disputavit

77 2139 125 2177 de
136 2138 202 2190 huj
210 2152 252 2176 us
266 2137 419 2190 periodi
436 2137 688 2176 archontibus
700 2151 747 2176 eo
761 2137 1017 2190 probabiliter
1027 2152 1118 2177 con-

77 2198 184 2246 silio,
205 2203 250 2234 ut
274 2196 519 2234 difficultates
541 2205 783 2248 removeret,
815 2210 901 2248 quae
930 2206 1119 2235 accuratae

78 2265 301 2307 temporum
333 2254 587 2306 descriptioni
621 2254 845 2302 obstarent,
882 2255 923 2293 id
953 2256 1119 2294 maxime

77 2328 215 2366 agens,
233 2322 278 2352 ut
294 2312 526 2351 archontum
542 2313 719 2351 ordinem
739 2313 937 2362 definiret,
953 2327 1033 2362 eos,
1052 2315 1119 2365 qui

77 2372 229 2411 confusi
260 2379 411 2416 essent,
449 2370 703 2422 distingueret
736 2372 843 2424 (sunt
865 2381 996 2411 autem
1018 2374 1121 2412 inter

78 2432 283 2470 archontes
302 2430 418 2481 hujus
437 2430 588 2481 periodi
604 2430 682 2468 duo
703 2431 876 2483 ejusdem
895 2433 1063 2471 nominis
1083 2441 1121 2471 et

79 2491 204 2537 multi,
225 2501 393 2541 quorum
416 2488 574 2526 nomina
592 2501 767 2540 magnam
791 2490 893 2527 inter
916 2504 956 2528 se
976 2490 1121 2529 habent

79 2547 399 2600 similitudinem),
415 2557 452 2586 et
467 2557 710 2587 enumeraret
724 2550 863 2600 quaein
880 2550 1120 2601 singulorum

81 2609 309 2647 archontum
320 2607 488 2658 singulos
498 2620 619 2645 annos
632 2607 862 2652 inciderent,
875 2609 981 2648 nulla
995 2618 1120 2647 tamen

81 2682 200 2720 opera
225 2668 267 2705 in
290 2666 533 2705 enarratione
559 2668 700 2718 posita.
730 2669 968 2720 Praeparavit
1004 2669 1122 2721 igitur

81 2728 153 2766 hac
165 2727 379 2779 scriptione
399 2739 581 2777 magnum
606 2740 719 2765 suum
749 2741 868 2779 opus,
895 2741 1021 2780 neque
1045 2730 1120 2767 ulla

82 2795 139 2825 est
153 2786 266 2834 ratio,
285 2798 353 2823 cur
366 2798 561 2823 sumamus
575 2799 662 2824 cum
681 2788 839 2837 Lenzio,
856 2786 960 2825 hunc
976 2787 1119 2826 librum

84 2845 237 2884 nonnisi
256 2853 406 2896 partem
427 2845 600 2883 Atthidis
621 2846 751 2885 fuisse.

138 2906 174 2957 5)
197 2904 438 2955 Ὀλυμπιάδες
462 2905 497 2942 ἐν
517 2905 663 2957 βιὸλίοις
680 2905 725 2958 β’.
752 2907 1030 2956 Philochorus,
1054 2908 1121 2958 qui

84 2965 124 3002 in
142 2964 302 3004 Atthide
318 2964 570 3014 Olympiades
589 2978 668 3003 non
689 2965 929 3004 adhibuisset
947 2967 994 3004 ad
1017 2975 1119 3004 tem-

84 3037 180 3075 pora
197 3022 471 3070 describenda,
488 3023 610 3062 serius
624 3024 780 3062 demum
798 3024 872 3063 sibi
886 3026 1122 3077 persuasisse

87 3083 250 3132 videtur,
273 3091 466 3134 praeeunte
482 3083 645 3122 fortasse
665 3084 825 3132 Timaeo,
839 3097 903 3122 eas
922 3085 971 3123 ad
993 3098 1123 3123 rerum

84 3143 124 3180 in
144 3143 292 3180 Graecia
313 3149 505 3193 gestarum
528 3150 705 3194 tempora
731 3143 948 3182 definienda
963 3144 1122 3194 aptissi-

87 3214 167 3239 mas
182 3214 276 3249 esse,
296 3209 335 3238 et
353 3214 472 3252 quum
489 3210 588 3239 esset
601 3202 716 3253 hujus
735 3203 791 3240 rei
808 3202 1122 3249 studiosissimus,

86 3258 355 3310 Olympiadum
384 3267 423 3297 et
442 3260 806 3311 Olympionicarum
828 3261 1030 3299 elenchum
1064 3261 1123 3297 fe-

86 3319 182 3357 cisse
204 3317 397 3368 putandus
427 3327 503 3366 est,
530 3327 572 3357 ut
593 3319 695 3370 quod
722 3328 869 3358 certum
891 3332 1003 3357 novae
1024 3327 1120 3356 tem-

2035 100 2202 128 Lxxxnt

1163 191 1301 228 porum
1332 177 1605 230 descriptionis
1633 184 1734 215 esset
1763 175 2055 214 fundamentum
2080 191 2089 214 ε
2113 175 2196 214 for-

1164 244 1263 275 tasse
1278 237 1393 275 etiam
1407 250 1468 275 res
1484 248 1653 275 summas
1666 235 1714 274 ad
1727 234 2007 287 olympiadum
2022 234 2198 273 ordinem

1163 296 1204 333 in
1223 297 1294 335 hac
1311 297 1521 349 scriptione
1544 294 1798 335 enumeravit.

1219 355 1260 405 6)
1280 355 1370 409 Περὶ
1394 358 1457 402 τῆς
1485 354 1737 409 τετραπόλεως.
1768 357 1828 393 De
1850 352 2069 404 Tetrapoli,
2101 365 2199 390 con-

1165 421 1289 451 stante
1305 427 1353 452 ex
1365 417 1513 463 OEnoe,
1531 414 1774 462 Marathone,
1789 412 2042 452 Probalintho
2062 420 2100 450 et
2112 412 2202 451 Tri-

1166 472 1328 522 corytho
1349 474 1526 524 oppidis,
1551 473 1807 512 Philochorus
1828 473 1882 511 ita
1901 472 2117 524 disputasse
2140 472 2202 509 vi-

1166 529 1291 579 detur,
1312 539 1356 568 ut
1375 532 1525 570 fabulas
1542 533 1709 571 maxime
1730 540 1769 571 et
1786 532 1947 571 deorum
1968 532 2113 569 cultum
2133 544 2203 569 ex—

1167 589 1330 640 plicaret
1346 605 1354 627 :
1371 591 1492 628 multa
1513 592 1614 629 enim
1632 592 1673 630 iu
1689 592 1760 630 hac
1780 605 1821 630 re
1837 591 1904 630 illa
1920 591 2065 643 oppida
2080 590 2204 629 habe-

1169 647 1263 686 bant
1285 649 1562 688 memorabilia.
1581 650 1671 689 Vid.
1688 651 1862 701 fragmm.
1893 650 1965 696 154
1981 672 2004 679 -
2023 649 2110 688 158.

1226 707 1265 759 7)
1297 706 1581 760 Ἐπιγράμματα
1613 708 1765 748 Ἀττικά.
1803 709 2086 764 Ἔπιγράμματα
2114 718 2205 748 sunt

1168 767 1442 818 inscriptiones
1475 776 1513 805 et
1545 767 1721 805 versibus
1752 777 1791 806 et
1823 769 1999 807 oratione
2034 769 2205 820 pedestri

1170 827 1336 878 scriptae.
1357 827 1413 865 Cf.
1430 826 1536 864 Suid.
1555 840 1592 864 v.
1609 826 1859 880 Ἐπίγραμμα.
1876 831 1931 866 Ea
1947 841 2033 879 quae
2048 829 2205 868 Polemo

1172 886 1327 937 collegit
1350 886 1629 937 epigrammata
1649 885 1739 924 κατὰ
1755 885 1888 933 πόλεις,
1909 885 2068 941 ἔμμετρα
2089 888 2206 926 fuisse

1171 945 1370 993 videntur,
1395 945 1562 982 maxima
1590 958 1639 982 ex
1664 953 1774 996 parte
1794 946 1842 983 ad
1864 947 1982 984 vitam
2011 948 2206 998 privatam

1172 1005 1426 1056 pertinentia,
1453 1012 1497 1042 ut
1519 1003 1671 1054 judicat
1694 1005 1854 1043 Preller.
1883 1005 2046 1055 (Polem.
2069 1007 2206 1058 fragm.

1173 1078 1212 1116 p.
1235 1064 1340 1115 123),
1358 1065 1452 1115 ipsis
1468 1064 1575 1102 nisus
1595 1064 1828 1115 fragmentis.
1849 1064 1924 1102 Sed
1939 1065 2207 1114 Philochorus,

1173 1125 1241 1176 qui
1262 1132 1365 1163 totus
1385 1132 1485 1162 esset
1499 1124 1539 1161 in
1556 1123 1782 1161 illustranda
1803 1123 1940 1161 Atticae
1956 1124 2118 1163 historia
2137 1140 2208 1163 oc—

1174 1193 1356 1236 cupatus,
1397 1197 1442 1223 ea
1475 1183 1667 1235 imprimis
1698 1183 1976 1235 epigrammata
2011 1184 2210 1235 collegisse

1173 1244 1389 1282 censendus
1417 1251 1493 1291 est,
1531 1256 1579 1281 ex
1614 1242 1756 1294 quibus
1783 1243 1840 1281 illi
1869 1243 1938 1280 lux
1964 1243 2094 1281 afferri
2114 1257 2209 1294 pos-

1175 1298 1251 1352 set,
1286 1303 1420 1341 titulos
1452 1311 1548 1354 puta
1580 1302 1778 1354 publicos,
1808 1302 1981 1354 pedestri
2005 1303 2212 1354 plerosque

1175 1364 1341 1414 scriptos
1360 1363 1551 1401 oratione.
1570 1363 1740 1401 Multum
1758 1363 1834 1400 hoc
1850 1376 1949 1414 opus
1964 1364 2138 1401 conferre
2150 1363 2214 1401 de-

1176 1422 1242 1461 bet
1258 1423 1305 1461 ad
1321 1423 1591 1462 stabiliendam
1607 1423 1829 1461 Philochori
1842 1423 1968 1462 fidem.
1986 1423 2044 1462 Cf.
2060 1424 2212 1462 Boeckh.

1175 1485 1216 1522 C.
1233 1486 1262 1521 l.
1279 1483 1356 1521 vol.
1375 1493 1411 1530 1,
1434 1497 1472 1534 p.
1494 1485 1604 1521 VIII.

1231 1541 1271 1594 8)
1299 1540 1553 1594 Ἠπειρωτικά.
1593 1541 1666 1579 Hic
1688 1541 1788 1580 liber
1830 1555 1853 1579 a
1891 1542 2011 1580 Suida
2052 1542 2215 1581 omissus

1177 1608 1234 1638 est
1250 1600 1290 1638 in
1308 1601 1483 1652 catalogo
1498 1601 1727 1640 Philochori
1750 1613 1932 1652 operum3
1957 1600 2023 1639 sed
2046 1613 2094 1639 ex
2113 1601 2216 1652 ejus·

1177 1659 1265 1698 dem
1281 1661 1369 1698 loco
1392 1674 1429 1697 v.
1452 1658 1615 1713 Βούχετα
1635 1661 1761 1698 evinci
1782 1668 1925 1711 potest,
1942 1660 2216 1698 Philochorum

1176 1720 1375 1771 Epirotica
1396 1720 1610 1771 scripsisse,
1643 1720 1819 1770 quamvis
1838 1720 1879 1757 in
1892 1722 2124 1770 Harpocrat.
2141 1720 2218 1771 ple-

1176 1779 1307 1829 risque
1327 1778 1438 1816 codd.
1455 1779 1493 1816 h.
1514 1792 1547 1815 v.
1567 1778 1798 1816 exhibeatur
1815 1778 2080 1832 Φιλοστέφανος
2098 1779 2133 1816 ἐν
2146 1783 2218 1822 τοῖς

1178 1838 1461 1891 Ἠπειρωτικοῖς.
1488 1837 1577 1876 Vid.
1598 1846 1680 1876 not.
1699 1838 1746 1876 ad
1769 1838 1904 1890 fragm.
1925 1838 2012 1876 186.

1232 1897 1271 1949 9)
1291 1896 1476 1946 Δηλιακά,
1503 1896 1622 1949 βιὸλία
1655 1895 1698 1949 β’.
1723 1901 1814 1935 Non
1836 1897 1979 1935 mirum
2016 1905 2091 1946 est,
2114 1898 2217 1948 quod

1178 1971 1226 1994 ex
1257 1957 1332 1994 hoc
1361 1970 1481 2008 opere
1509 1957 1607 1994 nihil
1634 1957 1828 2007 reliquum
1853 1957 1920 2003 sit,
1944 1971 2064 2008 quum
2084 1960 2219 1995 Semus

1178 2017 1331 2064 Delius,
1361 2025 1499 2054 auctor
1529 2015 1828 2064 celeberrimus,
1854 2016 1942 2054 Deli
1972 2017 2219 2067 antiquitates

1178 2077 1465 2114 accuratissime
1500 2077 1724 2115 tractaverit
1750 2090 1759 2112 :
1791 2089 1885 2114 num
1921 2076 2022 2114 enim
2054 2077 2219 2114 Lenzius

1180 2137 1356 2188 fragmm.
1387 2137 1458 2182 184
1477 2144 1516 2174 et
1539 2136 1610 2175 185
1626 2144 1730 2174 recte
1749 2143 1891 2173 statuat
1907 2135 1955 2173 ad
1968 2136 2123 2174 Deliaca
2135 2149 2220 2187 per-

1180 2197 1317 2242 tinere,
1335 2195 1446 2233 valde
1463 2194 1614 2233 dubito.

1239 2255 1299 2306 10)
1320 2254 1411 2308 Περὶ
1425 2256 1495 2292 τῶν
1524 2253 1689 2301 Ἀθήνησι
1703 2253 1849 2306 ἀγώνων
1877 2252 1996 2306 βιὸλία
2028 2255 2078 2298 ιζ’.
2105 2254 2220 2292 Multi

1181 2314 1392 2365 scriptores
1424 2314 1528 2351 idem
1559 2322 1830 2365 argumentum
1867 2321 2093 2351 tractarunt.
2130 2312 2218 2351 vid.

1181 2374 1326 2411 Crause
1347 2374 1505 2424 Olymp.
1521 2386 1559 2423 p.
1574 2376 1631 2411 XI
1651 2387 1736 2424 sqq.
1755 2375 1947 2423 Fragmm.
1967 2373 2030 2421 59,
2049 2373 2111 2410 60.

1239 2445 1254 2469 1
1266 2432 1301 2482 1)
1322 2431 1413 2485 Περὶ
1435 2433 1562 2485 ἑορτῶν
1581 2431 1679 2469 liber
1696 2445 1716 2468 a
1730 2430 1848 2469 Suida
1863 2431 1903 2468 in
1921 2431 2094 2480 catalogo
2110 2429 2220 2469 omis.

1181 2503 1258 2539 sus,
1276 2490 1341 2528 sed
1356 2490 1533 2528 laudatus
1541 2490 1590 2529 ab
1606 2494 1795 2542 Harpocr.
1810 2503 1840 2527 s.
1853 2503 1885 2527 v.
1902 2489 2015 2528 Ἁλῶα
2025 2497 2062 2526 et
2076 2487 2218 2542 Χύτροι,

1180 2552 1372 2600 Fragmm.
1394 2551 1539 2589 61-64.

1240 2607 1302 2661 12)
1323 2607 1415 2661 Περὶ
1430 2610 1588 2663 ἡμερῶν,
1604 2607 1738 2645 libera
1762 2607 1878 2646 Suida
1903 2607 2079 2654 omissus,
2103 2618 2219 2656 quem

1181 2667 1311 2705 laudat
1339 2667 1501 2706 Proclus
1530 2667 1579 2705 ad
1607 2666 1766 2705 Hesiodi
1791 2669 1866 2717 Op.
1890 2678 1978 2713 770.
1999 2665 2220 2715 Exponitur

1182 2740 1267 2778 quae
1286 2727 1369 2765 dies
1395 2735 1471 2765 sint
1499 2735 1640 2764 sanctae
1667 2725 1853 2763 habendae
1879 2732 1916 2761 et
1943 2723 2042 2761 unde
2067 2723 2220 2761 dierum

1182 2787 1364 2824 sanctitas
1385 2785 1595 2837 repetenda
1621 2785 1682 2822 sit.
1702 2785 1792 2821 Viti.
1821 2784 1996 2833 fragmm.
2025 2784 2217 2829 177—183.

1243 2846 1303 2896 13)
1334 2844 1423 2898 Περὶ
1452 2846 1580 2882 θυσιῶν
1605 2843 1650 2882 α’.
1678 2843 1905 2892 Explicatur
1942 2841 2217 2880 sacrificiorum

1183 2905 1294 2955 origo
1316 2913 1354 2942 et
1377 2904 1476 2942 ratio
1497 2916 1572 2954 qua
1589 2901 1808 2952 peragenda
1826 2900 1913 2939 sint.
1934 2899 2023 2938 Vid.
2042 2900 2218 2952 fragmm.

1188 2966 1381 3014 170-173.

1243 3023 1306 3074 14)
1334 3022 1423 3074 Περὶ
1454 3023 1627 3072 μαντικῆς
1663 3018 1703 3058 δ’.
1731 3019 1985 3058 Philochorus
2011 3020 2085 3058 hoc
2112 3020 2217 3059 libr‘o

1184 3082 1339 3131 collegit
1358 3081 1518 3130 antiqua
1537 3079 1693 3117 oracula
1708 3079 1989 3130 vaticiniaque,
2011 3080 2218 3118 maximam

1184 3149 1332 3192 partem
1364 3138 1539 3177 versibus
1562 3150 1764 3188 expressa,
1793 3138 1859 3176 sed
1882 3152 1931 3176 ex
1963 3147 2073 3190 parte
2102 3140 2218 3177 etiam

1184 3200 1360 3238 oratione
1375 3198 1544 3249 pedestri
1560 3198 1702 3248 scripta
1719 3197 1810 3244 (vid.
1830 3198 1875 3235 fr.
1902 3198 1990 3250 195)
2007 3213 2015 3236 ε
2033 3199 2219 3249 explicuit

1183 3258 1353 3295 diversas
1374 3256 1572 3294 divinandi
1593 3256 1759 3294 rationes
1779 3257 1874 3308 (vid.
1897 3257 1991 3309 frag.
2010 3271 2081 3308 197
2099 3258 2218 3308 sqq).

1185 3315 1369 3354 Svmbola
1392 3329 1511 3367 quum
1540 3315 1694 3354 nonnisi
1722 3315 1967 3354 divinationis
1991 3329 2110 3368 genus
2126 3316 2218 3364 sint,

2064 3425 2085 3460 0
