2320 3684
672 163 1008 205 APOLLODORI
1038 163 1399 205 BIBIJOTHECAE
1428 166 1481 217 ΙΙ,
1511 171 1546 204 4.

2099 171 2168 207 133

53 261 165 308 οιηνῶν
200 259 260 298 καὶ
292 260 355 306 τῆς
393 255 562 311 Τίρυνθος
597 252 700 297 αὐτὸς
735 249 906 303 κατέσχε·
938 249 1002 298 τὴν
1041 249 1078 289 δὲ
1103 251 1112 265 ⁸
1144 275 1220 298 vero
1235 276 1318 307 quos
1334 267 1568 307 arwssiverat,
1595 265 1724 307 Pelopis
1745 265 1819 298 filiis
1841 267 1939 298 Atreo
1961 266 1994 297 et
2023 264 2175 307 Thyestae

53 319 199 368 Μίδεαν,
217 314 536 369 μεταπεμψάμενος
547 310 628 355 τοὺς
644 310 807 354 Πέλοπος
819 309 947 353 παῖδας
958 308 1080 362 Ἀτρέα
1144 325 1290 359 tradidit·

50 377 109 416 καὶ
129 376 308 424 Θυέστην,
327 371 498 427 παρέθετο
516 368 663 413 τούτοις.

103 432 344 489 6Ἀμφιτρύων
362 431 411 480 δὲ,
420 429 481 469 σὺν
494 427 673 480 Ἀλκμήνῃ
691 426 751 465 καὶ
760 424 946 478 Λικυμνίῳ
961 440 1082 478 παρα-

56 494 233 547 γενόμενος
263 491 321 531 ἐπὶ
346 487 490 537 Θήὸας,
520 486 589 525 ὑπὸ
616 484 790 541 Κρέοντος
814 484 964 538 ἡγνίσθη
983 515 993 533 ,
1022 483 1082 522 καὶ

50 553 172 592 δίδωσι
188 551 251 599 τὴν
272 546 423 604 ἀδελφὴν
441 544 649 600 Περιμήδην
669 540 885 597 7Λικυμνίῳ.
903 541 1084 595 Λεγούσης

50 611 88 652 δὲ
105 610 323 663 Ἀλκμήνης,
350 605 619 660 γαμηθήσεσθαι
636 606 688 659 τῷ
707 605 776 642 τῶν
801 603 960 657 ἀδελφῶν
978 604 1085 650 αὐτῆς

50 670 275 718 ἐκδικήσαντι
293 666 352 706 τὸν
371 665 536 715 θάνατον,
560 661 802 716 ὑποσχόμενος
824 661 882 700 ἐπὶ
899 660 1084 709 Τηλεὸόας

49 727 232 783 στρατεύει
259 723 480 780 Ἀμφιτρύων
511 722 572 762 καὶ
610 721 804 776 παρεκάλει
845 720 1084 760 συλλαὸέσθαι

51 787 220 843 Κρέοντα.
240 786 258 812 ⁸
271 785 317 825 ‘O
333 782 371 823 δὲ
388 783 454 838 ἔφη
467 780 705 836 στρατεύσειν,
722 779 783 819 ἐὰν
802 779 970 833 πρότερον
988 780 1084 818 ἐκεῖ·

49 864 105 893 νος
122 847 186 896 τὴν
206 844 391 897 Καδμείαν
410 847 473 891 τῆς
490 842 672 886 ἀλώπεκος
691 838 892 892 ἀπαλλάξῃ.
917 838 1084 893 Ἔφθειρε

49 906 118 961 γὰρ
134 905 198 954 τὴν
219 902 402 956 Καδμείαν
433 899 588 955 ἀλώπηξ
606 899 738 954 θηρίον.
768 897 1009 941 Ὑποστάντος
1033 897 1084 947 δὲ,

49 963 144 1017 ὅμως
163 962 374 1017 εἱμαρμένον
403 955 468 1010 ἦν,
498 958 609 1008 αὐτὴν
634 957 726 1011 μηδέ
752 973 832 997 τινα
857 956 1084 997 καταλαὸεῖν.

52 1026 107 1078 (7)
121 1021 368 1074 Ἀδικουμένης
387 1019 425 1059 δὲ
444 1023 506 1067 τῆς
520 1018 652 1073 χώρας,
673 1017 735 1056 ἕνα
754 1019 824 1056 τῶν
842 1019 958 1056 ἀστῶν
972 1017 1085 1055 παῖδα

50 1086 82 1123 οἱ
101 1082 258 1131 Θηὸαἴοι
286 1079 378 1120 κατὰ
411 1082 507 1131 μῆνα
536 1076 763 1132 προετίθεσαν
789 1078 877 1128 αὐτῇ
892 1107 903 1126 ,
934 1075 1086 1120 πολλοὺς

50 1140 254 1197 ἆρπαξούσῃ
274 1170 285 1188 ,
315 1143 418 1179 τοῦτο
440 1140 470 1177 εἷ
491 1136 540 1190 μὴ
572 1136 718 1190 γένοιτο.
741 1135 999 1188 2Ἀπαλλαγεὶς
1026 1121 1085 1174 οῧν

51 1199 272 1256 Ἀμφιτρύων
294 1200 342 1243 εἷς
360 1197 504 1246 Ἀθήνας
521 1196 607 1250 πρὸς
626 1195 797 1250 Κέφαλον
815 1195 874 1234 τὸν
898 1194 1086 1244 Δηϊονέως,

51 1259 272 1308 συνέπειθεν,
297 1257 356 1297 ἐπὶ
383 1257 482 1312 μέρει
507 1258 575 1295 τῶν
595 1254 666 1294 ἀπὸ
690 1254 887 1303 Τηλεὸοῶν
906 1253 1086 1308 λαφύρων,

51 1319 148 1372 ἄγειν
168 1318 226 1358 ἐπὶ
243 1317 308 1366 τὴν
325 1316 434 1371 θήραν
454 1315 513 1354 τὸν
534 1313 634 1363 κύνα,
657 1313 695 1352 ὃν
719 1312 871 1367 Πρόκρις
890 1313 1023 1365 ἤγαγεν
1048 1313 1089 1351 ἐκ

53 1378 202 1433 Κρήτης
221 1375 321 1430 παρὰ
339 1375 479 1416 Μίνωος
498 1366 742 1420 affimant-'iiio
762 1371 798 1410 δὲ
817 1372 876 1410 καὶ
896 1371 1010 1425 τούτῳ
1025 1387 1088 1410 πε-

51 1436 236 1490 πρωμένον
249 1466 260 1485 ,
279 1441 372 1482 πᾶν,
403 1430 425 1472 ὅ
449 1448 484 1471 τι
503 1431 544 1471 ἂν
564 1430 695 1484 διώκῃ,
719 1429 928 1482 λαμὸάνειν.
949 1433 1089 1469 Διωκο-

53 1494 160 1547 μένης
176 1489 236 1534 οῧν
256 1492 325 1533 ὑπὸ
342 1496 404 1531 τοῦ
421 1491 522 1535 κυνὸς
545 1493 608 1538 τῆς
625 1489 827 1538 ἀλώπεκος,
853 1488 942 1532 Ζεὺς
968 1490 1088 1543 ἀμφο-

51 1553 171 1608 τέρους
188 1552 303 1597 λίθους
322 1550 497 1598 ἐποίησεν.
518 1549 535 1575 3
550 1547 770 1604 Ἀμφιτρύων
795 1546 832 1586 δὲ
853 1547 945 1601 ἔχων
965 1549 1005 1586 ἐκ
1025 1546 1088 1598 μὲν

52 1614 208 1666 Θορικοῦ
227 1614 290 1659 τῆς
311 1610 471 1657 Ἀττικῆς
497 1606 661 1662 Κέφαλον
683 1610 965 1659 συμμαχοῦντα,
992 1607 1032 1644 ἐκ
1052 1604 1089 1644 δὲ

53 1671 213 1714 Φωκέων
230 1669 412 1718 Πανοπέα,
429 1670 469 1707 ἐκ
485 1666 522 1706 δὲ
538 1667 671 1710 *Ἕλους
689 1669 752 1713 τῆς
769 1665 923 1719 Ἀργείας
943 1665 1088 1705 ςΈλειον

53 1730 111 1770 τὸν
124 1728 302 1784 Περσέως,
320 1730 360 1767 ἐκ
379 1726 416 1766 δὲ
429 1726 563 1775 Θηὸῶν
584 1724 756 1779 Κρέοντα,
778 1723 842 1769 τὰς
860 1727 929 1764 τῶν
941 1725 1088 1779 Ταφίων

52 1788 178 1837 νήσους
193 1788 343 1843 ἐπόρθει.
355 1786 475 1842 4Ἄχρι
487 1784 550 1838 μὲν
562 1779 620 1824 οῧν
632 1784 690 1832 ἔζη
709 1782 922 1838 Πτερέλαος,
939 1785 1003 1822 οὐκ
1013 1782 1091 1822 ἐδύ-

52 1863 137 1888 νατο
144 1847 209 1896 τὴν
217 1848 339 1901 Τάφον
354 1848 456 1885 ἑλεῖν·
470 1847 517 1890 ὡς
528 1844 566 1883 δὲ
584 1847 607 1892 ἡ
622 1842 827 1898 Πτερελάου
845 1842 1000 1897 θυγάτηρ
1012 1844 1090 1882 Ko-

55 1906 170 1959 μαιθὼ
186 1936 196 1954 ,
224 1908 412 1962 ἐρασθεῖσα
429 1902 710 1958 Ἀμφιτρύωνος,
733 1901 798 1950 τὴν
820 1904 956 1956 χρυσῆν
983 1901 1090 1956 τρίχα

53 1970 115 2005 τοῦ
130 1964 262 2020 πατρὸς
275 1966 316 2003 ἐκ
332 1967 395 2012 τῆς
405 1964 561 2015 κεφαλῆς
576 1961 736 2011 ἐξείλετο,
750 1959 955 2015 Πτερελάου
971 1962 1091 1999 τελευ-

53 2023 244 2073 τήσαντος,
270 2021 485 2077 ἐχειρώσατο
511 2019 574 2065 τὰς
590 2019 717 2067 νήσους
734 2018 887 2062 ἁπάσας.
909 2017 1006 2066 5Τὴν
1026 2018 1090 2070 μὲν

55 2077 114 2123 οῧν
129 2082 301 2134 Κομαιθὼ
315 2080 451 2124 κτείνας
466 2078 700 2134 Ἀμφιτρύων,
713 2077 775 2116 καὶ
797 2076 860 2125 τὴν
874 2076 970 2115 λείαν
985 2079 1090 2130 ἔχων,

56 2144 105 2186 εἷς
122 2141 250 2189 Θήὸας
262 2140 379 2190 ἔπλει,
398 2139 459 2179 καὶ
478 2138 542 2183 τὰς
563 2138 690 2186 νήσους
709 2136 838 2190 Ἑλείῳ
857 2135 917 2174 καὶ
935 2136 1090 2190 Κεφάλῳ

56 2201 188 2241 δίδωσι.
210 2202 378 2240 Κάκεῖνοι
405 2197 523 2243 πόλεις
545 2199 660 2237 αὐτῶν
688 2195 893 2248 ἐπωνύμους
910 2194 1091 2240 κτίσαντες

56 2259 285 2314 κατῴκησαν.

112 2321 168 2372 (8)
181 2319 258 2374 Πρὸ
275 2322 336 2358 τοῦ
345 2317 382 2358 δὲ
404 2315 651 2373 Ἀμφιτρύωνα
668 2314 931 2370 παραγενέσθαι
950 2315 996 2356 εἷς
1013 2313 1092 2362 Θή-

57 2379 135 2426 ὅας,
156 2378 243 2423 Ζεὺς
263 2376 320 2417 διὰ
339 2376 462 2423 νυκτὸς
480 2375 604 2425 ἐλθὼν,
623 2375 686 2414 καὶ
699 2374 763 2423 τὴν
784 2374 867 2426 μίαν
881 2373 1092 2428 τριπλασιά-

57 2455 119 2483 σας
139 2438 267 2486 νύκτα,
287 2437 406 2489 ὅμοιος
424 2434 658 2491 Ἀμφιτρύωνι
683 2433 888 2487 γενόμενος,
909 2431 1089 2485 Ἀλκμήνῃ

58 2497 297 2546 συνευνάσθη,
325 2495 385 2535 καὶ
413 2495 459 2534 τὰ
485 2494 656 2548 γενόμενα
679 2492 778 2547 παρὰ
801 2491 994 2540 Τηλεὸοῶν
1016 2492 1092 2539 διη-

57 2556 203 2610 γήσατο.
227 2554 466 2610 2Ἀμφιτρύων
486 2553 523 2593 δὲ
543 2552 840 2608 παραγενόμενος,
851 2553 898 2595 ὡς
917 2552 984 2603 οὐχ
999 2549 1092 2604 ἑώρα

59 2615 376 2670 φιλοφρονουμένην
389 2613 474 2668 πρὸς
488 2614 592 2652 αὐτὸν
610 2611 676 2660 τὴν
696 2617 870 2664 γυναῖκα,
882 2609 1092 2649 ἐπυνθάνετο

58 2674 122 2724 τὴν
144 2675 269 2716 αἰτίαν·
291 2676 454 2726 εἰπούσης
475 2674 524 2721 δὲ,
552 2673 606 2712 ὅτι
621 2671 836 2726 ’τῇ-προτέρᾳ
857 2670 955 2709 νυκτὶ
977 2685 1093 2723 παρα-

59 2734 238 2788 γενόμενος
269 2737 368 2788 αι’)τῆΙ
384 2728 681 2787 συγκεκοίμηται,
703 2727 872 2782 μανθάνει
889 2727 988 2782 παρὰ
1007 2730 1092 2768 Τει-

14 2830 16 2836 ι
61 2795 174 2848 ρεσίου
190 2793 254 2847 τὴν
278 2793 467 2846 γενομένην
493 2797 553 2831 τοῦ
572 2791 654 2836 Διὸς
677 2789 875 2829 συνουσίαν.

111 2853 316 2906 3Ἀλκμήνη
338 2853 374 2892 δὲ
395 2852 455 2891 δύο
473 2852 637 2904 ἐγέννησε
658 2850 806 2896 παῖδας,
826 2847 884 2887 Διὶ
902 2847 966 2886 μὲν
980 2845 1093 2900 Ἡρα-

61 2912 161 2964 κλέα,
173 2919 238 2967 μιᾷ
256 2913 354 2951 νυκτὶ
365 2910 615 2966 πρεσὸύτερον,
626 2907 862 2964 Ἀμφιτρύωνι
874 2906 911 2945 δὲ
922 2906 1090 2961 Ἰφικλέα.

61 2969 164 3018 {Tou
191 2971 227 3011 δὲ
254 2971 377 3016 παιδὸς
405 2970 500 3015 ὄντος
527 2968 794 3021 ὀκταμηνιαίου,
811 2965 873 3005 δύο
900 2965 1092 3019 δράκοντας

62 3031 304 3085 ὑπερμεγέθεις
325 3029 424 3084 ‘'Hpa
449 3029 507 3068 ἐπὶ
536 3028 600 3076 τὴν
632 3027 734 3075 εὐνὴν
757 3026 915 3078 ἔπεμψε,
940 3025 1091 3077 διαφθα-

63 3090 169 3142 ρῆναι
182 3089 222 3131 τὸ
252 3090 374 3143 βρέφος
397 3088 558 3128 θέλουσα.
587 3085 856 3138 Ἐπιὸοωμένης
884 3083 921 3122 δὲ
938 3081 1093 3134 Ἀλκμή-

62 3161 123 3194 νης
141 3147 382 3203 Ἀμφιτρύωνα
394 3178 404 3196 ,
423 3147 603 3196 Ἡρακλῆς
622 3143 809 3188 διαναστὰς
828 3143 949 3196 ἄγχων
968 3139 1090 3180 ἑκατέ-

64 3220 138 3258 ραις
175 3213 251 3250 ταῖς
282 3206 403 3261 χερσὶν
435 3205 560 3250 αὐτοὺς
579 3204 759 3259 διέφθειρε.
781 3205 797 3229 5
815 3199 1019 3255 Φερεκύδης
1055 3198 1092 3237 δέ

87 3280 188 3314 ησιν,
215 3265 479 3319 Ἀμφιτρύωνα,
508 3263 717 3318 βουλόμενον
751 3264 892 3314 μαθεῖν,
927 3258 1092 3310 ὁπότερος

63 3278 104 3370 {v
122 3326 190 3362 τῶν
209 3324 343 3363 παίδων
361 3324 506 3371 ἐκείνου,
532 3323 610 3367 τοὺς
628 3323 820 3376 δράκοντας
843 3322 890 3363 εἷς
907 3318 970 3366 τὴν
988 3315 1089 3362 εὐνὴν

63 3381 242 3432 ἐμὸαλεῖν,
265 3382 337 3431 καὶ,
363 3386 424 3421 τοῦ
445 3382 508 3434 μὲν
530 3380 720 3435 Ἰφικλέους
748 3378 936 3434 φυγόντος,
968 3379 1029 3414 τοῦ
1050 3373 1086 3412 δὲ

1185 445 1200 465 ⁶
1214 443 1407 484 Amphitryo
1426 452 1501 475 cum
1518 442 1672 476 Alcmene
1689 444 1722 475 et
1736 441 1906 484 Licymnio
1921 440 2049 474 Thebas
2073 440 2165 482 prote

1145 504 1218 534 ctus
1232 511 1251 534 a
1270 504 1409 535 Creonte
1429 503 1578 544 expiatus
1594 504 1663 544 est,
1690 510 1728 534 ac
1742 501 1933 535 Perimeden
1952 509 2097 534 sororem
2113 500 2164 532 col

1144 560 1265 593 locavit
1279 561 1460 602 Licymnio.
1477 563 1649 594 ⁷Alcmena
1664 562 1693 594 ei
1709 570 1744 594 se
1759 550 1934 602 nupturam
1948 560 2105 602 professa,
2120 559 2177 601 qui

1144 620 1282 652 fratrum
1297 629 1432 652 suorum
1451 621 1619 653 interitum
1635 620 1853 660 ulcisceretur,
1872 619 1906 652 id
1918 618 2082 661 pollicitus
2100 621 2176 651 Am-

1144 678 1274 720 phitryo
1294 681 1406 711 contra
1420 679 1575 712 Teleboas
1591 679 1830 720 expeditionem
1855 678 1994 720 paravit,
2009 679 2042 710 et
2057 680 2177 711 Creon-

1145 740 1212 771 tem
1227 738 1270 770 ad
1284 737 1361 770 belli
1377 738 1564 769 societatem
1592 737 1775 770 advocavit.
1795 741 1809 760 ⁸
1825 737 1889 776 Qui
1916 736 2042 769 socium
2059 745 2093 769 se
2108 735 2178 768 sore

1146 798 1265 840 inquit,
1283 797 1313 830 si
1332 797 1423 839 prius
1445 796 1498 830 ille
1520 797 1695 830 Cadmeam
1714 806 1733 829 a
1754 797 1852 838 vulpe
1872 796 2068 830 liberaverit.
2094 797 2177 829 Nam

1147 858 1326 892 Cadmeam
1344 856 1535 890 devastabat
1553 856 1620 889 sera
1648 856 1784 898 vulpes,
1812 864 1912 897 quam
1937 855 2014 888 licet
2043 855 2178 887 adortus

1147 919 1233 950 esset
1248 916 1376 957 aliquis,
1393 915 1460 947 fato
1476 917 1585 947 tamen
1600 916 1732 946 cautum
1747 915 1828 953 erat,
1847 916 1883 946 ut
1898 923 1917 945 a
1931 913 2021 945 nullo
2033 921 2179 954 unquam

1146 974 1332 1008 mortalium
1348 974 1527 1015 caperetur.
1545 971 1591 1013 (7)
1613 973 1700 1003 Dum
1722 971 1808 1011 regio
1823 970 2052 1010 infestabatur,
2074 978 2179 1002 unum

1145 1043 1185 1066 ex
1201 1033 1335 1066 urbanis
1347 1040 1485 1074 puerum
1498 1030 1633 1072 singulis
1647 1029 1815 1063 mensibus
1823 1029 1914 1071 vulpi
1930 1030 2180 1071 proposuerunt,

1147 1102 1234 1135 quae,
1249 1093 1313 1126 nisi
1327 1093 1389 1125 hoc
1406 1092 1526 1125 factum
1543 1091 1646 1131 esset,
1661 1099 1720 1132 pro
1735 1099 1801 1122 uno
1816 1089 1925 1131 plures
1940 1090 2071 1130 raptura
2099 1090 2178 1120 erat.

1147 1154 1267 1195 flgitur
1294 1153 1486 1195 Amphitryo
1507 1151 1650 1184 Athenas
1687 1149 1852 1192 profectus
1879 1148 2021 1190 Cephalo
2047 1147 2181 1180 Deionei

1149 1214 1225 1253 filio,
1243 1211 1490 1246 Teleboicorum
1517 1209 1693 1251 spoliorum
1710 1209 1800 1250 parte
1816 1207 1987 1248 promissa,
2007 1206 2179 1248 persuasit,

1148 1273 1185 1303 ut
1218 1271 1253 1303 in
1274 1269 1480 1303 venationem
1505 1268 1681 1301 adduceret
1712 1274 1844 1305 canem,
1875 1273 1973 1305 quem
2003 1263 2131 1296 Procris
2161 1273 2181 1296 a

1149 1329 1258 1363 Minoe
1297 1330 1468 1370 acceptum
1500 1335 1519 1359 e
1543 1327 1639 1359 Creta
1667 1324 1858 1358 adduxerat.
1887 1322 1972 1356 Huic
1999 1322 2085 1355 enim
2111 1321 2178 1353 fato

1149 1395 1342 1421 concessum
1364 1387 1450 1425 erat,
1465 1387 1502 1417 ut
1520 1392 1751 1426 quamcunque
1778 1382 1993 1415 insectaretur
2014 1380 2115 1413 feram
2132 1388 2183 1411 ca·

1150 1449 1250 1489 peret.
1267 1445 1463 1486 Insequente
1478 1443 1589 1484 itaque
1605 1450 1685 1474 cane
1700 1441 1845 1483 vulpem,
1862 1440 1989 1481 Jupiter
2004 1439 2183 1479 utrumque

1148 1505 1183 1538 in
1204 1503 1328 1546 lapides
1350 1501 1522 1535 convertit.
1546 1505 1560 1524 ⁵
1583 1501 1777 1542 Amphitryo
1810 1500 1919 1532 autem
1941 1506 1960 1531 e
1977 1498 2116 1530 Thorico
2150 1496 2183 1527 in

1150 1563 1257 1596 Attica
1287 1560 1468 1602 Cephalum
1498 1559 1573 1592 belli
1604 1558 1731 1591 socium
1759 1557 1900 1597 habens,
1921 1564 1939 1588 e
1959 1554 2183 1588 Phocensibus

1150 1624 1338 1662 Panopeum
1351 1644 1360 1661 ,
1383 1629 1424 1652 ex
1454 1619 1527 1652 Heli
1546 1611 1740 1659 Argivorum
1756 1616 1836 1648 urbe
1864 1615 2001 1648 Heleum
2017 1613 2142 1652 Persei,
2164 1620 2184 1643 e

1150 1681 1268 1714 Thebis
1286 1676 1679 1718 Creontem,Taphi0rum
1693 1674 1818 1708 insulas
1835 1673 1997 1706 vastabat.
2014 1672 2093 1704 ⁴Sed
2103 1671 2183 1704 dum

1150 1740 1314 1773 Pterelaus
1335 1737 1485 1776 vivebat,
1506 1735 1658 1777 Taphum
1679 1742 1794 1775 capere
1827 1741 1894 1765 non
1929 1731 2047 1773 potuit.
2072 1732 2182 1768 Quum

1151 1801 1262 1833 autem
1292 1797 1464 1831 Comaetho
1501 1793 1640 1827 Pterelai
1672 1793 1759 1832 filia,
1791 1791 2039 1832 Amphitryonis
2073 1797 2183 1821 amore

1151 1860 1262 1898 capta,
1291 1863 1426 1888 aureum
1452 1854 1493 1887 de
1507 1853 1609 1896 patris
1633 1852 1740 1894 capite
1766 1850 1922 1893 capillum
1943 1848 2182 1891 prosecuisset,

1150 1915 1288 1949 Pterelai
1316 1916 1420 1947 morte
1441 1913 1605 1953 insecuta,
1624 1920 1739 1944 omnes
1760 1910 1884 1943 insulas
1900 1909 1934 1942 in
1950 1917 2044 1941 suam
2063 1907 2185 1948 redegit

1150 1975 1354 2018 potestatem.
1369 1973 1512 2014 {Deinde
1529 1971 1698 2005 interfecta
1711 1970 1894 2011 Comaetho,
1902 1968 2096 2010 Amphitryo
2108 1975 2182 1998 cum

1150 2035 1263 2078 spoliis
1273 2034 1400 2067 Thebas
1416 2030 1626 2073 renavigavit,
1640 2032 1736 2071 atque
1750 2029 1873 2062 insulas
1885 2029 1984 2061 Heleo
1997 2030 2030 2060 et
2042 2025 2184 2068 Cephalo

1150 2094 1296 2135 tradidit,
1329 2095 1386 2135 qui
1417 2092 1463 2125 ibi
1486 2091 1634 2124 conditas
1655 2089 1718 2123 sibi
1745 2088 1954 2131 cognomines
1981 2085 2077 2119 urbes
2097 2085 2183 2118 inco-

1150 2154 1292 2187 luerunt.

1195 2318 1239 2360 (8)
1260 2316 1354 2351 Prius
1383 2317 1491 2349 autem
1522 2321 1622 2356 quam
1650 2310 1843 2353 Amphitryo
1870 2307 1996 2342 Thebas
2023 2305 2183 2342 rediisset,

1151 2376 1278 2418 Jupiter
1302 2384 1359 2417 per
1386 2374 1516 2406 noctem
1545 2371 1585 2404 ad
1615 2370 1803 2405 Alcmenam
1823 2366 1978 2405 accessit,
2006 2372 2081 2396 cum
2097 2371 2161 2403 qua
2173 2384 2182 2400 ‚

1151 2434 1302 2468 trinoctio
1318 2433 1404 2465 facto
1425 2432 1459 2464 et
1476 2431 1623 2463 assumta
1646 2425 1892 2469 Amphitryonis
1917 2424 2041 2462 forma,
2070 2428 2183 2452 concu-

1151 2493 1239 2533 buit,
1257 2499 1396 2533 quaeque
1414 2489 1571 2524 adversus
1586 2486 1741 2520 Teleboas
1756 2485 1846 2526 gesta
1860 2482 1967 2515 essent
1989 2478 2098 2511 omnia
2114 2485 2183 2507 nar-

1151 2552 1247 2587 ravit.
1265 2549 1476 2592 ⁹Amphitryo
1493 2547 1592 2580 redux
1610 2553 1713 2586 quum
1738 2552 1758 2574 a
1771 2541 1906 2581 conjuge
1922 2547 1956 2570 se
1972 2535 2183 2577 negligentius

1152 2613 1258 2655 excipi
1273 2610 1412 2649 videret,
1429 2614 1578 2640 caussam
1591 2603 1637 2636 rei
1650 2600 1812 2643 quaesivit.
1830 2597 1892 2630 Cui
1907 2603 2010 2636 quum
2028 2593 2182 2625 Alcmena

1152 2671 1362 2715 responderet
1377 2676 1453 2701 eum
1467 2667 1534 2708 jam
1557 2663 1657 2706 priori
1680 2661 1777 2693 nocte
1792 2657 1924 2690 assuisse
1938 2655 1971 2686 et
1986 2659 2097 2685 secum
2111 2658 2184 2681 con-

1152 2731 1316 2770 cubuisse,
1333 2725 1487 2761 a-Tiresia
1500 2722 1592 2757 Jovis
1607 2729 1683 2754 cum
1702 2725 1803 2753 uxore
1816 2712 2027 2747 concubitum
2039 2707 2181 2742 rescivit.

1194 2857 1365 2889 ⁵Alcmena
1387 2853 1470 2886 duos
1489 2848 1613 2892 peperit
1639 2845 1740 2883 filios,
1753 2840 1829 2876 Jovi
1851 2838 1985 2881 quidem
2012 2834 2183 2869 Herculem

1151 2943 1218 2967 una
1233 2933 1328 2965 nocte
1342 2929 1496 2972 malorem
1504 2948 1514 2965 ,
1529 2917 1754 2963 Amphitryoni
1770 2917 1879 2949 autem
1894 2912 2062 2955 Iphiclem,
2079 2912 2094 2932 ⁴
2105 2911 2184 2942 Her-

1152 3010 1225 3043 cule
1240 3009 1314 3040 octo
1330 3011 1459 3037 menses
1471 3002 1561 3038 nato,
1577 2997 1661 3030 duos
1677 2995 1834 3027 dracones
1848 2990 2013 3024 inusitatae
2027 2985 2184 3028 magnitu-

1152 3084 1239 3117 dinis
1264 3083 1352 3114 Juno
1378 3077 1534 3110 infantem
1558 3071 1725 3114 perditura
1754 3069 1787 3101 in
1804 3068 1926 3100 lectum
1942 3066 2012 3107 ejus
2027 3062 2178 3096 immisit.

1152 3158 1306 3190 Alcmena
1334 3147 1581 3192 Amphitryonis
1602 3153 1699 3187 opem
1725 3141 1936 3184 implorante,
1962 3137 2117 3171 Hercules
2146 3135 2179 3168 in

1151 3235 1249 3277 pedes
1265 3233 1391 3265 erectus
1416 3230 1555 3268 utraque
1567 3234 1667 3258 manu
1682 3220 1875 3256 constrictos
1892 3218 2076 3252 suffocavit.
2097 3219 2111 3238 ¹⁵
2121 3216 2181 3246 Ce-

1150 3313 1258 3344 terum
1283 3304 1484 3346 Pherecydes
1500 3303 1546 3335 ait
1560 3300 1847 3342 Amphitryonem,
1865 3303 1967 3337 quum
1987 3292 2070 3325 scire
2085 3290 2181 3323 vellet

1150 3385 1221 3415 uter
1237 3386 1413 3422 puerorum
1429 3376 1532 3418 ipsius
1547 3374 1634 3407 esset
1648 3372 1745 3413 filius,
1763 3371 1928 3412 serpentes
1943 3366 2015 3399 illos
2030 3365 2063 3396 in
2080 3371 2180 3397 cunas
