<?xml version="1.0" encoding="UTF-8"?>
<!DOCTYPE html PUBLIC "-//W3C//DTD XHTML 1.0 Transitional//EN"
    "http://www.w3.org/TR/xhtml1/DTD/xhtml1-transitional.dtd">
<html xmlns="http://www.w3.org/1999/xhtml" xml:lang="en" lang="en">
 <head>
  <title>
</title>
<meta http-equiv="Content-Type" content="text/html;charset=utf-8" />
  <meta name='ocr-system' content='tesseract 3.04.00' />
  <meta name='ocr-capabilities' content='ocr_page ocr_carea ocr_par ocr_line ocrx_word'/>
</head>
<body>
  <div class='ocr_page' id='page_1' title='image "./fragmentahistori01mueluoft_0019.png"; bbox 0 0 2294 3704; ppageno 0'>
   <div class='ocr_carea' id='block_1_1' title="bbox 50 117 2159 200">
    <p class='ocr_par' dir='ltr' id='par_1_1' title="bbox 50 117 2159 200">
     <span class='ocr_line' id='line_1_1' title="bbox 50 117 2159 200; baseline 0.001 -3"><span class='ocrx_word' id='word_1_1' title='bbox 50 117 2159 200; x_wconf 39' lang='lat' dir='ltr'><strong>Rfflfflfflwssfflffiffifflfflfflfflfflfflffi</strong></span> 
     </span>
    </p>
   </div>
   <div class='ocr_carea' id='block_1_2' title="bbox 745 320 1525 483">
    <p class='ocr_par' dir='ltr' id='par_1_2' title="bbox 745 320 1525 483">
     <span class='ocr_line' id='line_1_2' title="bbox 745 320 1525 483; baseline 0.008 -52"><span class='ocrx_word' id='word_1_2' title='bbox 745 320 959 432; x_wconf 85' lang='lat' dir='ltr'><strong>DE</strong></span> <span class='ocrx_word' id='word_1_3' title='bbox 1094 320 1525 483; x_wconf 74' lang='lat' dir='ltr'><strong>VITA,</strong></span> 
     </span>
    </p>
   </div>
   <div class='ocr_carea' id='block_1_3' title="bbox 28 524 2140 862">
    <p class='ocr_par' dir='ltr' id='par_1_3' title="bbox 28 524 2140 862">
     <span class='ocr_line' id='line_1_3' title="bbox 28 524 2140 862; baseline 0.004 -36"><span class='ocrx_word' id='word_1_4' title='bbox 28 524 906 826; x_wconf 50' lang='lat' dir='ltr'><strong>xSCRIPTIS</strong></span> <span class='ocrx_word' id='word_1_5' title='bbox 1004 685 2140 862; x_wconf 78' lang='lat' dir='ltr'><strong>AUCTORUM‚</strong></span> 
     </span>
    </p>
   </div>
   <div class='ocr_carea' id='block_1_4' title="bbox 302 943 1900 994">
    <p class='ocr_par' dir='ltr' id='par_1_4' title="bbox 302 943 1900 994">
     <span class='ocr_line' id='line_1_4' title="bbox 302 943 1900 994; baseline 0.005 -9"><span class='ocrx_word' id='word_1_6' title='bbox 302 944 526 994; x_wconf 87' lang='lat' dir='ltr'>QUORUM</span> <span class='ocrx_word' id='word_1_7' title='bbox 554 943 878 985; x_wconf 87' lang='lat' dir='ltr'><strong>FRAGMENTA</strong></span> <span class='ocrx_word' id='word_1_8' title='bbox 906 945 1010 985; x_wconf 90' lang='lat' dir='ltr'><strong>HOC</strong></span> <span class='ocrx_word' id='word_1_9' title='bbox 1040 946 1318 988; x_wconf 86' lang='lat' dir='ltr'>VOLUMINE</span> <span class='ocrx_word' id='word_1_10' title='bbox 1347 949 1900 994; x_wconf 85' lang='lat' dir='ltr'><strong>COMPREHENDUNTUR.</strong></span> 
     </span>
    </p>
   </div>
   <div class='ocr_carea' id='block_1_5' title="bbox 993 1112 1214 1128">
    <p class='ocr_par' dir='ltr' id='par_1_5' title="bbox 993 1112 1214 1128">
     <span class='ocr_line' id='line_1_5' title="bbox 993 1112 1214 1128; baseline 0 2576"><span class='ocrx_word' id='word_1_11' title='bbox 993 1112 1214 1128; x_wconf 95' lang='lat' dir='ltr'><strong> </strong></span> 
     </span>
    </p>
   </div>
   <div class='ocr_carea' id='block_1_6' title="bbox 312 1194 2168 1290">
    <p class='ocr_par' dir='ltr' id='par_1_6' title="bbox 312 1194 2168 1290">
     <span class='ocr_line' id='line_1_6' title="bbox 312 1194 2168 1290; baseline 0.005 -31"><span class='ocrx_word' id='word_1_12' title='bbox 312 1230 471 1290; x_wconf 83' lang='lat' dir='ltr'><strong>HEC</strong></span> <span class='ocrx_word' id='word_1_13' title='bbox 476 1230 579 1289; x_wconf 73' lang='lat' dir='ltr'><strong>AT</strong></span> <span class='ocrx_word' id='word_1_14' title='bbox 583 1230 774 1288; x_wconf 78' lang='lat' dir='ltr'><strong>AEUS</strong></span> <span class='ocrx_word' id='word_1_15' title='bbox 1131 1194 1362 1263; x_wconf 86' lang='lat' dir='ltr'><strong>educatione</strong></span> <span class='ocrx_word' id='word_1_16' title='bbox 1374 1233 1413 1263; x_wconf 91' lang='lat' dir='ltr'><strong>et</strong></span> <span class='ocrx_word' id='word_1_17' title='bbox 1431 1225 1675 1264; x_wconf 89' lang='lat' dir='ltr'><strong>institutione</strong></span> <span class='ocrx_word' id='word_1_18' title='bbox 1683 1227 1852 1265; x_wconf 89' lang='lat' dir='ltr'><strong>Hecataei</strong></span> <span class='ocrx_word' id='word_1_19' title='bbox 1864 1227 1957 1266; x_wconf 89' lang='lat' dir='ltr'><strong>nihil</strong></span> <span class='ocrx_word' id='word_1_20' title='bbox 1969 1229 2007 1266; x_wconf 92' lang='lat' dir='ltr'><strong>in</strong></span> <span class='ocrx_word' id='word_1_21' title='bbox 2019 1243 2098 1281; x_wconf 90' lang='lat' dir='ltr'><strong>quo</strong></span> <span class='ocrx_word' id='word_1_22' title='bbox 2109 1245 2168 1271; x_wconf 88' lang='lat' dir='ltr'><strong>ac-</strong></span> 
     </span>
    </p>
   </div>
   <div class='ocr_carea' id='block_1_7' title="bbox 1126 1285 2195 1990">
    <p class='ocr_par' dir='ltr' id='par_1_7' title="bbox 1126 1285 2195 1990">
     <span class='ocr_line' id='line_1_7' title="bbox 1133 1285 2166 1341; baseline 0.008 -19"><span class='ocrx_word' id='word_1_23' title='bbox 1133 1285 1332 1336; x_wconf 88' lang='lat' dir='ltr'><strong>quiescere</strong></span> <span class='ocrx_word' id='word_1_24' title='bbox 1348 1285 1473 1336; x_wconf 90' lang='lat' dir='ltr'><strong>possis</strong></span> <span class='ocrx_word' id='word_1_25' title='bbox 1489 1285 1671 1323; x_wconf 89' lang='lat' dir='ltr'><strong>traditum</strong></span> <span class='ocrx_word' id='word_1_26' title='bbox 1687 1287 1918 1338; x_wconf 86' lang='lat' dir='ltr'><strong>accepimus.</strong></span> <span class='ocrx_word' id='word_1_27' title='bbox 1942 1291 2038 1327; x_wconf 85' lang='lat' dir='ltr'><strong>Nam</strong></span> <span class='ocrx_word' id='word_1_28' title='bbox 2060 1293 2166 1341; x_wconf 93' lang='lat' dir='ltr'><strong>quod</strong></span> 
     </span>
     <span class='ocr_line' id='line_1_8' title="bbox 1131 1345 2166 1401; baseline 0.007 -18"><span class='ocrx_word' id='word_1_29' title='bbox 1131 1345 1267 1384; x_wconf 82' lang='lat' dir='ltr'><strong>Suidas</strong></span> <span class='ocrx_word' id='word_1_30' title='bbox 1294 1359 1383 1383; x_wconf 89' lang='lat' dir='ltr'><strong>eum</strong></span> <span class='ocrx_word' id='word_1_31' title='bbox 1403 1359 1424 1383; x_wconf 92' lang='lat' dir='ltr'><strong>e</strong></span> <span class='ocrx_word' id='word_1_32' title='bbox 1449 1349 1668 1397; x_wconf 77' lang='lat' dir='ltr'><strong>Protagorae</strong></span> <span class='ocrx_word' id='word_1_33' title='bbox 1690 1347 1781 1385; x_wconf 89' lang='lat' dir='ltr'><strong>ludo</strong></span> <span class='ocrx_word' id='word_1_34' title='bbox 1803 1348 2020 1398; x_wconf 86' lang='lat' dir='ltr'><strong>profectum</strong></span> <span class='ocrx_word' id='word_1_35' title='bbox 2050 1351 2166 1401; x_wconf 91' lang='lat' dir='ltr'><strong>dicit,</strong></span> 
     </span>
     <span class='ocr_line' id='line_1_9' title="bbox 1130 1404 2165 1456; baseline 0.008 -15"><span class='ocrx_word' id='word_1_36' title='bbox 1130 1404 1190 1448; x_wconf 91' lang='lat' dir='ltr'><strong>id,</strong></span> <span class='ocrx_word' id='word_1_37' title='bbox 1208 1405 1239 1442; x_wconf 93' lang='lat' dir='ltr'><strong>si</strong></span> <span class='ocrx_word' id='word_1_38' title='bbox 1254 1413 1356 1443; x_wconf 88' lang='lat' dir='ltr'><strong>recte</strong></span> <span class='ocrx_word' id='word_1_39' title='bbox 1370 1413 1590 1456; x_wconf 89' lang='lat' dir='ltr'><strong>temporum</strong></span> <span class='ocrx_word' id='word_1_40' title='bbox 1606 1406 1774 1444; x_wconf 84' lang='lat' dir='ltr'><strong>calculos</strong></span> <span class='ocrx_word' id='word_1_41' title='bbox 1787 1407 1991 1456; x_wconf 86' lang='lat' dir='ltr'>subducas,</span> <span class='ocrx_word' id='word_1_42' title='bbox 2005 1412 2165 1449; x_wconf 88' lang='lat' dir='ltr'><strong>omnino</strong></span> 
     </span>
     <span class='ocr_line' id='line_1_10' title="bbox 1132 1464 2165 1516; baseline 0.007 -16"><span class='ocrx_word' id='word_1_43' title='bbox 1132 1464 1215 1501; x_wconf 79' lang='lat' dir='ltr'><strong>fieri</strong></span> <span class='ocrx_word' id='word_1_44' title='bbox 1234 1477 1311 1501; x_wconf 88' lang='lat' dir='ltr'><strong>non</strong></span> <span class='ocrx_word' id='word_1_45' title='bbox 1331 1464 1501 1515; x_wconf 90' lang='lat' dir='ltr'><strong>potuisse</strong></span> <span class='ocrx_word' id='word_1_46' title='bbox 1519 1465 1560 1502; x_wconf 92' lang='lat' dir='ltr'><strong>in</strong></span> <span class='ocrx_word' id='word_1_47' title='bbox 1577 1465 1709 1516; x_wconf 88' lang='lat' dir='ltr'><strong>aprico</strong></span> <span class='ocrx_word' id='word_1_48' title='bbox 1726 1475 1794 1504; x_wconf 88' lang='lat' dir='ltr'><strong>est.</strong></span> <span class='ocrx_word' id='word_1_49' title='bbox 1814 1470 1943 1512; x_wconf 85' lang='lat' dir='ltr'><strong>Quare</strong></span> <span class='ocrx_word' id='word_1_50' title='bbox 1954 1477 2020 1506; x_wconf 90' lang='lat' dir='ltr'><strong>aut</strong></span> <span class='ocrx_word' id='word_1_51' title='bbox 2034 1469 2165 1507; x_wconf 89' lang='lat' dir='ltr'><strong>diver-</strong></span> 
     </span>
     <span class='ocr_line' id='line_1_11' title="bbox 1129 1524 2166 1579; baseline 0.006 -19"><span class='ocrx_word' id='word_1_52' title='bbox 1129 1536 1191 1560; x_wconf 86' lang='lat' dir='ltr'><strong>sos</strong></span> <span class='ocrx_word' id='word_1_53' title='bbox 1205 1526 1405 1561; x_wconf 87' lang='lat' dir='ltr'><strong>Hecataeos</strong></span> <span class='ocrx_word' id='word_1_54' title='bbox 1419 1524 1557 1563; x_wconf 88' lang='lat' dir='ltr'><strong>Suidas</strong></span> <span class='ocrx_word' id='word_1_55' title='bbox 1576 1537 1624 1562; x_wconf 83' lang='lat' dir='ltr'><strong>ex</strong></span> <span class='ocrx_word' id='word_1_56' title='bbox 1640 1538 1748 1563; x_wconf 91' lang='lat' dir='ltr'><strong>more</strong></span> <span class='ocrx_word' id='word_1_57' title='bbox 1762 1526 1979 1572; x_wconf 90' lang='lat' dir='ltr'><strong>confundit,</strong></span> <span class='ocrx_word' id='word_1_58' title='bbox 1993 1536 2071 1575; x_wconf 89' lang='lat' dir='ltr'><strong>aut,</strong></span> <span class='ocrx_word' id='word_1_59' title='bbox 2083 1542 2166 1579; x_wconf 86' lang='lat' dir='ltr'><strong>quae</strong></span> 
     </span>
     <span class='ocr_line' id='line_1_12' title="bbox 1128 1583 2164 1633; baseline 0.006 -14"><span class='ocrx_word' id='word_1_60' title='bbox 1128 1590 1186 1620; x_wconf 86' lang='lat' dir='ltr'><strong>est</strong></span> <span class='ocrx_word' id='word_1_61' title='bbox 1207 1583 1338 1620; x_wconf 90' lang='lat' dir='ltr'><strong>Sevini</strong></span> <span class='ocrx_word' id='word_1_62' title='bbox 1358 1583 1421 1633; x_wconf 93' lang='lat' dir='ltr'><strong>(in</strong></span> <span class='ocrx_word' id='word_1_63' title='bbox 1444 1584 1643 1621; x_wconf 73' lang='lat' dir='ltr'><strong>Commeat.</strong></span> <span class='ocrx_word' id='word_1_64' title='bbox 1663 1586 1710 1621; x_wconf 88' lang='lat' dir='ltr'><strong>de</strong></span> <span class='ocrx_word' id='word_1_65' title='bbox 1721 1587 2010 1626; x_wconf 55' lang='lat' dir='ltr'><strong>›l’Acade&#39;nLdes</strong></span> <span class='ocrx_word' id='word_1_66' title='bbox 2023 1589 2164 1625; x_wconf 81' lang='lat' dir='ltr'><strong>Belles-</strong></span> 
     </span>
     <span class='ocr_line' id='line_1_13' title="bbox 1126 1643 2165 1695; baseline 0.006 -17"><span class='ocrx_word' id='word_1_67' title='bbox 1126 1644 1287 1689; x_wconf 83' lang='lat' dir='ltr'><strong>Lettres,</strong></span> <span class='ocrx_word' id='word_1_68' title='bbox 1326 1649 1416 1680; x_wconf 89' lang='lat' dir='ltr'><strong>tom.</strong></span> <span class='ocrx_word' id='word_1_69' title='bbox 1439 1645 1515 1687; x_wconf 89' lang='lat' dir='ltr'><strong>VI,</strong></span> <span class='ocrx_word' id='word_1_70' title='bbox 1540 1656 1576 1693; x_wconf 92' lang='lat' dir='ltr'><strong>p.</strong></span> <span class='ocrx_word' id='word_1_71' title='bbox 1604 1643 1694 1694; x_wconf 89' lang='grc'>474)</span> <span class='ocrx_word' id='word_1_72' title='bbox 1721 1644 1907 1695; x_wconf 84' lang='lat' dir='ltr'><strong>suspicio,</strong></span> <span class='ocrx_word' id='word_1_73' title='bbox 1936 1659 2007 1695; x_wconf 91' lang='lat' dir='ltr'><strong>pro</strong></span> <span class='ocrx_word' id='word_1_74' title='bbox 2028 1650 2165 1684; x_wconf 89' lang='lat' dir='ltr'><strong>Prota-</strong></span> 
     </span>
     <span class='ocr_line' id='line_1_14' title="bbox 1126 1700 2164 1756; baseline 0.006 -19"><span class='ocrx_word' id='word_1_75' title='bbox 1126 1714 1220 1751; x_wconf 85' lang='lat' dir='ltr'><strong>gora</strong></span> <span class='ocrx_word' id='word_1_76' title='bbox 1245 1700 1536 1739; x_wconf 86' lang='lat' dir='ltr'><strong>substituendus</strong></span> <span class='ocrx_word' id='word_1_77' title='bbox 1563 1710 1619 1740; x_wconf 83' lang='lat' dir='ltr'><strong>est</strong></span> <span class='ocrx_word' id='word_1_78' title='bbox 1641 1702 1891 1754; x_wconf 86' lang='lat' dir='ltr'><strong>Pythagoras.</strong></span> <span class='ocrx_word' id='word_1_79' title='bbox 1914 1708 2008 1750; x_wconf 80' lang='lat' dir='ltr'><strong>Quae</strong></span> <span class='ocrx_word' id='word_1_80' title='bbox 2031 1714 2164 1756; x_wconf 83' lang='lat' dir='ltr'><strong>poste-</strong></span> 
     </span>
     <span class='ocr_line' id='line_1_15' title="bbox 1126 1759 2164 1814; baseline 0.006 -17"><span class='ocrx_word' id='word_1_81' title='bbox 1126 1759 1208 1797; x_wconf 88' lang='lat' dir='ltr'><strong>rior</strong></span> <span class='ocrx_word' id='word_1_82' title='bbox 1221 1760 1424 1808; x_wconf 88' lang='lat' dir='ltr'><strong>sententia,</strong></span> <span class='ocrx_word' id='word_1_83' title='bbox 1436 1761 1611 1811; x_wconf 90' lang='lat' dir='ltr'><strong>quamvis</strong></span> <span class='ocrx_word' id='word_1_84' title='bbox 1624 1770 1788 1813; x_wconf 90' lang='lat' dir='ltr'><strong>propter</strong></span> <span class='ocrx_word' id='word_1_85' title='bbox 1801 1764 1985 1814; x_wconf 89' lang='lat' dir='ltr'><strong>temporis</strong></span> <span class='ocrx_word' id='word_1_86' title='bbox 1996 1766 2164 1804; x_wconf 88' lang='lat' dir='ltr'><strong>rationes</strong></span> 
     </span>
     <span class='ocr_line' id='line_1_16' title="bbox 1126 1818 2160 1874; baseline 0.006 -18"><span class='ocrx_word' id='word_1_87' title='bbox 1126 1818 1278 1857; x_wconf 82' lang='lat' dir='ltr'>admitti</span> <span class='ocrx_word' id='word_1_88' title='bbox 1299 1833 1413 1871; x_wconf 89' lang='lat' dir='ltr'><strong>posse</strong></span> <span class='ocrx_word' id='word_1_89' title='bbox 1436 1819 1624 1867; x_wconf 86' lang='lat' dir='ltr'><strong>videatur,</strong></span> <span class='ocrx_word' id='word_1_90' title='bbox 1651 1829 1689 1859; x_wconf 91' lang='lat' dir='ltr'><strong>et</strong></span> <span class='ocrx_word' id='word_1_91' title='bbox 1714 1821 1806 1859; x_wconf 89' lang='lat' dir='ltr'><strong>alias</strong></span> <span class='ocrx_word' id='word_1_92' title='bbox 1828 1836 1985 1874; x_wconf 90' lang='lat' dir='ltr'><strong>quoque</strong></span> <span class='ocrx_word' id='word_1_93' title='bbox 2007 1824 2160 1862; x_wconf 90' lang='lat' dir='ltr'><strong>illorum</strong></span> 
     </span>
     <span class='ocr_line' id='line_1_17' title="bbox 1126 1879 2195 1932; baseline 0.004 -16"><span class='ocrx_word' id='word_1_94' title='bbox 1126 1879 1450 1930; x_wconf 89' lang='lat' dir='ltr'><strong>philosophorum</strong></span> <span class='ocrx_word' id='word_1_95' title='bbox 1467 1879 1624 1916; x_wconf 83' lang='lat' dir='ltr'><strong>nomina</strong></span> <span class='ocrx_word' id='word_1_96' title='bbox 1648 1880 1876 1930; x_wconf 89' lang='lat' dir='ltr'><strong>perturbata</strong></span> <span class='ocrx_word' id='word_1_97' title='bbox 1894 1882 2080 1932; x_wconf 88' lang='lat' dir='ltr'><strong>legantur,</strong></span> <span class='ocrx_word' id='word_1_98' title='bbox 2099 1891 2159 1920; x_wconf 88' lang='lat' dir='ltr'><strong>ta-</strong></span> <span class='ocrx_word' id='word_1_99' title='bbox 2193 1928 2195 1931; x_wconf 20' lang='grc' dir='ltr'>ι</span> 
     </span>
     <span class='ocr_line' id='line_1_18' title="bbox 1127 1938 2162 1990; baseline 0.004 -14"><span class='ocrx_word' id='word_1_100' title='bbox 1127 1951 1212 1976; x_wconf 88' lang='lat' dir='ltr'><strong>men</strong></span> <span class='ocrx_word' id='word_1_101' title='bbox 1226 1967 1236 1985; x_wconf 93' lang='lat'>‚</span> <span class='ocrx_word' id='word_1_102' title='bbox 1257 1952 1377 1989; x_wconf 90' lang='lat' dir='ltr'><strong>quum</strong></span> <span class='ocrx_word' id='word_1_103' title='bbox 1393 1952 1496 1977; x_wconf 85' lang='lat' dir='ltr'><strong>mera</strong></span> <span class='ocrx_word' id='word_1_104' title='bbox 1521 1938 1744 1990; x_wconf 86' lang='lat' dir='ltr'><strong>conjectura</strong></span> <span class='ocrx_word' id='word_1_105' title='bbox 1764 1940 1922 1988; x_wconf 84' lang='lat' dir='ltr'><strong>nitatur,</strong></span> <span class='ocrx_word' id='word_1_106' title='bbox 1947 1942 2162 1981; x_wconf 88' lang='lat' dir='ltr'><strong>consultius</strong></span> 
     </span>
    </p>
   </div>
   <div class='ocr_carea' id='block_1_8' title="bbox 1118 2002 2160 2708">
    <p class='ocr_par' dir='ltr' id='par_1_8' title="bbox 1118 2002 2160 2708">
     <span class='ocr_line' id='line_1_19' title="bbox 1123 2002 2160 2058; baseline 0.005 -18"><span class='ocrx_word' id='word_1_107' title='bbox 1123 2002 1163 2040; x_wconf 88' lang='lat' dir='ltr'><strong>in</strong></span> <span class='ocrx_word' id='word_1_108' title='bbox 1190 2003 1318 2040; x_wconf 91' lang='lat' dir='ltr'><strong>medio</strong></span> <span class='ocrx_word' id='word_1_109' title='bbox 1339 2003 1582 2054; x_wconf 85' lang='lat' dir='ltr'><strong>relinquitur.</strong></span> <span class='ocrx_word' id='word_1_110' title='bbox 1603 2004 1817 2042; x_wconf 85' lang='lat' dir='ltr'><strong>Fatendum</strong></span> <span class='ocrx_word' id='word_1_111' title='bbox 1838 2005 1994 2055; x_wconf 88' lang='lat' dir='ltr'><strong>quidem</strong></span> <span class='ocrx_word' id='word_1_112' title='bbox 2021 2007 2160 2058; x_wconf 85' lang='lat' dir='ltr'><strong>saepius</strong></span> 
     </span>
     <span class='ocr_line' id='line_1_20' title="bbox 1124 2063 2159 2116; baseline 0.005 -17"><span class='ocrx_word' id='word_1_113' title='bbox 1124 2064 1344 2100; x_wconf 77' lang='lat' dir='ltr'><strong>Hecataeum</strong></span> <span class='ocrx_word' id='word_1_114' title='bbox 1369 2076 1457 2100; x_wconf 90' lang='lat' dir='ltr'><strong>cum</strong></span> <span class='ocrx_word' id='word_1_115' title='bbox 1475 2063 1693 2114; x_wconf 83' lang='lat' dir='ltr'><strong>Pythagora</strong></span> <span class='ocrx_word' id='word_1_116' title='bbox 1714 2077 1735 2101; x_wconf 90' lang='lat' dir='ltr'><strong>a</strong></span> <span class='ocrx_word' id='word_1_117' title='bbox 1755 2064 1953 2103; x_wconf 84' lang='lat' dir='ltr'><strong>veteribus</strong></span> <span class='ocrx_word' id='word_1_118' title='bbox 1974 2067 2159 2116; x_wconf 90' lang='lat' dir='ltr'><strong>componi</strong></span> 
     </span>
     <span class='ocr_line' id='line_1_21' title="bbox 1126 2120 2160 2177; baseline 0.007 -21"><span class='ocrx_word' id='word_1_119' title='bbox 1126 2120 1178 2171; x_wconf 91' lang='lat' dir='ltr'><strong>(v.</strong></span> <span class='ocrx_word' id='word_1_120' title='bbox 1198 2121 1311 2171; x_wconf 89' lang='lat' dir='ltr'><strong>Diog.</strong></span> <span class='ocrx_word' id='word_1_121' title='bbox 1334 2125 1459 2159; x_wconf 83' lang='lat' dir='ltr'><strong>Laert.</strong></span> <span class='ocrx_word' id='word_1_122' title='bbox 1480 2125 1557 2168; x_wconf 93' lang='lat' dir='ltr'><strong>IX,</strong></span> <span class='ocrx_word' id='word_1_123' title='bbox 1579 2125 1598 2168; x_wconf 72' lang='lat' dir='ltr'>S</span> <span class='ocrx_word' id='word_1_124' title='bbox 1617 2136 1650 2171; x_wconf 90' lang='lat'><strong>1,</strong></span> <span class='ocrx_word' id='word_1_125' title='bbox 1670 2123 1915 2163; x_wconf 88' lang='lat' dir='ltr'><strong>AElian.Var.</strong></span> <span class='ocrx_word' id='word_1_126' title='bbox 1931 2125 2029 2163; x_wconf 88' lang='lat' dir='ltr'><strong>Hist.</strong></span> <span class='ocrx_word' id='word_1_127' title='bbox 2044 2127 2160 2177; x_wconf 71' lang='lat' dir='ltr'><strong>xlm,</strong></span> 
     </span>
     <span class='ocr_line' id='line_1_22' title="bbox 1125 2179 2157 2233; baseline 0.006 -17"><span class='ocrx_word' id='word_1_128' title='bbox 1125 2179 1208 2230; x_wconf 84' lang='lat'><strong>20),</strong></span> <span class='ocrx_word' id='word_1_129' title='bbox 1233 2180 1300 2218; x_wconf 91' lang='lat' dir='ltr'><strong>sed</strong></span> <span class='ocrx_word' id='word_1_130' title='bbox 1320 2180 1436 2231; x_wconf 89' lang='lat' dir='ltr'><strong>hujus</strong></span> <span class='ocrx_word' id='word_1_131' title='bbox 1465 2181 1520 2218; x_wconf 90' lang='lat' dir='ltr'><strong>rei</strong></span> <span class='ocrx_word' id='word_1_132' title='bbox 1543 2194 1678 2219; x_wconf 80' lang='lat' dir='ltr'><strong>caussa</strong></span> <span class='ocrx_word' id='word_1_133' title='bbox 1697 2182 1735 2219; x_wconf 89' lang='lat' dir='ltr'><strong>in</strong></span> <span class='ocrx_word' id='word_1_134' title='bbox 1761 2195 1807 2220; x_wconf 91' lang='lat' dir='ltr'><strong>eo</strong></span> <span class='ocrx_word' id='word_1_135' title='bbox 1825 2183 2032 2233; x_wconf 86' lang='lat' dir='ltr'><strong>quaerenda</strong></span> <span class='ocrx_word' id='word_1_136' title='bbox 2047 2184 2157 2223; x_wconf 89' lang='lat' dir='ltr'><strong>vide-</strong></span> 
     </span>
     <span class='ocr_line' id='line_1_23' title="bbox 1123 2239 2157 2290; baseline 0.006 -14"><span class='ocrx_word' id='word_1_137' title='bbox 1123 2247 1197 2287; x_wconf 90' lang='lat' dir='ltr'><strong>tur,</strong></span> <span class='ocrx_word' id='word_1_138' title='bbox 1217 2239 1325 2290; x_wconf 90' lang='lat' dir='ltr'><strong>quod</strong></span> <span class='ocrx_word' id='word_1_139' title='bbox 1343 2253 1480 2290; x_wconf 88' lang='lat' dir='ltr'><strong>magna</strong></span> <span class='ocrx_word' id='word_1_140' title='bbox 1494 2240 1671 2278; x_wconf 81' lang='lat' dir='ltr'><strong>doctrina</strong></span> <span class='ocrx_word' id='word_1_141' title='bbox 1689 2249 1727 2278; x_wconf 91' lang='lat' dir='ltr'><strong>et</strong></span> <span class='ocrx_word' id='word_1_142' title='bbox 1740 2254 1828 2279; x_wconf 86' lang='lat' dir='ltr'><strong>acre</strong></span> <span class='ocrx_word' id='word_1_143' title='bbox 1843 2242 1935 2279; x_wconf 90' lang='lat' dir='ltr'><strong>illud</strong></span> <span class='ocrx_word' id='word_1_144' title='bbox 1951 2242 2157 2282; x_wconf 81' lang='lat' dir='ltr'><strong>interiores</strong></span> 
     </span>
     <span class='ocr_line' id='line_1_24' title="bbox 1122 2300 2155 2354; baseline 0.005 -18"><span class='ocrx_word' id='word_1_145' title='bbox 1122 2312 1253 2336; x_wconf 87' lang='lat' dir='ltr'><strong>rerum</strong></span> <span class='ocrx_word' id='word_1_146' title='bbox 1278 2300 1447 2337; x_wconf 89' lang='lat' dir='ltr'><strong>rationes</strong></span> <span class='ocrx_word' id='word_1_147' title='bbox 1465 2300 1721 2351; x_wconf 88' lang='lat' dir='ltr'><strong>investigandi</strong></span> <span class='ocrx_word' id='word_1_148' title='bbox 1740 2300 1908 2339; x_wconf 88' lang='lat' dir='ltr'><strong>studium</strong></span> <span class='ocrx_word' id='word_1_149' title='bbox 1933 2302 2155 2354; x_wconf 87' lang='lat' dir='ltr'><strong>philosophi</strong></span> 
     </span>
     <span class='ocr_line' id='line_1_25' title="bbox 1121 2359 2156 2414; baseline 0.004 -19"><span class='ocrx_word' id='word_1_150' title='bbox 1121 2372 1263 2396; x_wconf 89' lang='lat' dir='ltr'><strong>nomen</strong></span> <span class='ocrx_word' id='word_1_151' title='bbox 1285 2362 1432 2398; x_wconf 87' lang='lat' dir='ltr'><strong>Nostro</strong></span> <span class='ocrx_word' id='word_1_152' title='bbox 1453 2360 1765 2410; x_wconf 81' lang='lat' dir='ltr'><strong>comparaverint</strong></span> <span class='ocrx_word' id='word_1_153' title='bbox 1794 2359 1933 2412; x_wconf 74' lang='grc' dir='ltr'>(οἰκεῖος</span> <span class='ocrx_word' id='word_1_154' title='bbox 1953 2361 2156 2414; x_wconf 76' lang='grc' dir='ltr'>φιλοσοφίας</span> 
     </span>
     <span class='ocr_line' id='line_1_26' title="bbox 1120 2418 2152 2470; baseline 0.002 -15"><span class='ocrx_word' id='word_1_155' title='bbox 1120 2426 1178 2455; x_wconf 89' lang='lat' dir='ltr'><strong>est</strong></span> <span class='ocrx_word' id='word_1_156' title='bbox 1208 2418 1456 2457; x_wconf 83' lang='lat' dir='ltr'><strong>Eratostheni</strong></span> <span class='ocrx_word' id='word_1_157' title='bbox 1488 2432 1548 2470; x_wconf 89' lang='lat' dir='ltr'><strong>ap.</strong></span> <span class='ocrx_word' id='word_1_158' title='bbox 1582 2419 1708 2457; x_wconf 85' lang='lat' dir='ltr'><strong>Strab.</strong></span> <span class='ocrx_word' id='word_1_159' title='bbox 1740 2423 1779 2468; x_wconf 85' lang='grc' dir='ltr'><strong>Ι,</strong></span> <span class='ocrx_word' id='word_1_160' title='bbox 1807 2421 1868 2467; x_wconf 81' lang='lat'><strong>13)</strong></span> <span class='ocrx_word' id='word_1_161' title='bbox 1892 2429 1929 2458; x_wconf 90' lang='lat' dir='ltr'><strong>et</strong></span> <span class='ocrx_word' id='word_1_162' title='bbox 1950 2421 2082 2458; x_wconf 85' lang='lat' dir='ltr'><strong>eadem</strong></span> <span class='ocrx_word' id='word_1_163' title='bbox 2115 2421 2152 2457; x_wconf 91' lang='lat' dir='ltr'><strong>in</strong></span> 
     </span>
     <span class='ocr_line' id='line_1_27' title="bbox 1120 2478 2153 2530; baseline 0.002 -16"><span class='ocrx_word' id='word_1_164' title='bbox 1120 2478 1199 2515; x_wconf 89' lang='lat' dir='ltr'><strong>suis</strong></span> <span class='ocrx_word' id='word_1_165' title='bbox 1227 2478 1364 2516; x_wconf 89' lang='lat' dir='ltr'><strong>studiis</strong></span> <span class='ocrx_word' id='word_1_166' title='bbox 1396 2481 1596 2516; x_wconf 84' lang='lat' dir='ltr'><strong>Hecataeus</strong></span> <span class='ocrx_word' id='word_1_167' title='bbox 1627 2479 1742 2516; x_wconf 91' lang='lat' dir='ltr'><strong>laude</strong></span> <span class='ocrx_word' id='word_1_168' title='bbox 1763 2479 1884 2516; x_wconf 85' lang='lat' dir='ltr'><strong>elatus</strong></span> <span class='ocrx_word' id='word_1_169' title='bbox 1915 2479 1985 2526; x_wconf 88' lang='lat' dir='ltr'><strong>sit,</strong></span> <span class='ocrx_word' id='word_1_170' title='bbox 2011 2493 2087 2530; x_wconf 89' lang='lat' dir='ltr'><strong>qua</strong></span> <span class='ocrx_word' id='word_1_171' title='bbox 2114 2480 2153 2516; x_wconf 92' lang='lat' dir='ltr'><strong>in</strong></span> 
     </span>
     <span class='ocr_line' id='line_1_28' title="bbox 1121 2537 2152 2589; baseline 0 -15"><span class='ocrx_word' id='word_1_172' title='bbox 1121 2537 1365 2588; x_wconf 75' lang='lat' dir='ltr'><strong>philosophia</strong></span> <span class='ocrx_word' id='word_1_173' title='bbox 1388 2538 1637 2589; x_wconf 81' lang='lat' dir='ltr'><strong>Pythagoras.</strong></span> <span class='ocrx_word' id='word_1_174' title='bbox 1660 2538 1794 2586; x_wconf 84' lang='lat' dir='ltr'><strong>Adde,</strong></span> <span class='ocrx_word' id='word_1_175' title='bbox 1823 2539 1896 2586; x_wconf 84' lang='lat' dir='ltr'><strong>sis,</strong></span> <span class='ocrx_word' id='word_1_176' title='bbox 1921 2547 2152 2588; x_wconf 87' lang='lat' dir='ltr'><strong>utrumque,</strong></span> 
     </span>
     <span class='ocr_line' id='line_1_29' title="bbox 1118 2596 2152 2648; baseline 0.001 -16"><span class='ocrx_word' id='word_1_177' title='bbox 1118 2603 1162 2632; x_wconf 88' lang='lat' dir='ltr'><strong>ut</strong></span> <span class='ocrx_word' id='word_1_178' title='bbox 1188 2597 1286 2634; x_wconf 85' lang='lat' dir='ltr'><strong>sama</strong></span> <span class='ocrx_word' id='word_1_179' title='bbox 1309 2605 1411 2643; x_wconf 84' lang='lat' dir='ltr'><strong>erat,</strong></span> <span class='ocrx_word' id='word_1_180' title='bbox 1434 2600 1644 2648; x_wconf 85' lang='lat' dir='ltr'><strong>AEgyptum</strong></span> <span class='ocrx_word' id='word_1_181' title='bbox 1663 2597 1823 2648; x_wconf 86' lang='lat' dir='ltr'><strong>ejusque</strong></span> <span class='ocrx_word' id='word_1_182' title='bbox 1843 2597 2063 2634; x_wconf 83' lang='lat' dir='ltr'><strong>sacerdotes</strong></span> <span class='ocrx_word' id='word_1_183' title='bbox 2081 2596 2152 2633; x_wconf 91' lang='lat' dir='ltr'><strong>ad—</strong></span> 
     </span>
     <span class='ocr_line' id='line_1_30' title="bbox 1118 2655 2151 2708; baseline -0.002 -15"><span class='ocrx_word' id='word_1_184' title='bbox 1118 2656 1227 2703; x_wconf 89' lang='lat' dir='ltr'><strong>iisse;</strong></span> <span class='ocrx_word' id='word_1_185' title='bbox 1251 2656 1369 2694; x_wconf 86' lang='lat' dir='ltr'><strong>addas</strong></span> <span class='ocrx_word' id='word_1_186' title='bbox 1400 2670 1519 2708; x_wconf 89' lang='lat' dir='ltr'><strong>porro</strong></span> <span class='ocrx_word' id='word_1_187' title='bbox 1554 2660 1773 2694; x_wconf 86' lang='lat' dir='ltr'><strong>Hecataeum</strong></span> <span class='ocrx_word' id='word_1_188' title='bbox 1809 2656 2034 2693; x_wconf 86' lang='lat' dir='ltr'><strong>Abderitam</strong></span> <span class='ocrx_word' id='word_1_189' title='bbox 2064 2655 2151 2707; x_wconf 83' lang='lat'><strong>(3),</strong></span> 
     </span>
    </p>
   </div>
   <div class='ocr_carea' id='block_1_9' title="bbox 27 1366 1070 2785">
    <p class='ocr_par' dir='ltr' id='par_1_9' title="bbox 27 1366 1070 2785">
     <span class='ocr_line' id='line_1_31' title="bbox 27 1366 1070 1418; baseline -0.002 -12"><span class='ocrx_word' id='word_1_190' title='bbox 27 1409 30 1413; x_wconf 67' lang='grc'>,</span> <span class='ocrx_word' id='word_1_191' title='bbox 89 1370 309 1414; x_wconf 86' lang='lat' dir='ltr'><strong>Hecataeus,</strong></span> <span class='ocrx_word' id='word_1_192' title='bbox 338 1366 577 1418; x_wconf 85' lang='lat' dir='ltr'><strong>Hegesandri</strong></span> <span class='ocrx_word' id='word_1_193' title='bbox 609 1367 730 1415; x_wconf 82' lang='lat' dir='ltr'><strong>filius,</strong></span> <span class='ocrx_word' id='word_1_194' title='bbox 760 1366 956 1414; x_wconf 88' lang='lat' dir='ltr'><strong>Milesius,</strong></span> <span class='ocrx_word' id='word_1_195' title='bbox 991 1379 1070 1416; x_wconf 87' lang='lat' dir='ltr'><strong>quo</strong></span> 
     </span>
     <span class='ocr_line' id='line_1_32' title="bbox 36 1427 1069 1479; baseline -0.003 -12"><span class='ocrx_word' id='word_1_196' title='bbox 36 1441 138 1468; x_wconf 77' lang='lat' dir='ltr'><strong>anno</strong></span> <span class='ocrx_word' id='word_1_197' title='bbox 152 1429 278 1466; x_wconf 90' lang='lat' dir='ltr'><strong>lucem</strong></span> <span class='ocrx_word' id='word_1_198' title='bbox 297 1427 546 1479; x_wconf 87' lang='lat' dir='ltr'><strong>conspexerit</strong></span> <span class='ocrx_word' id='word_1_199' title='bbox 571 1435 678 1473; x_wconf 75' lang='lat' dir='ltr'><strong>certo</strong></span> <span class='ocrx_word' id='word_1_200' title='bbox 698 1428 938 1479; x_wconf 85' lang='lat' dir='ltr'><strong>antiquitatis</strong></span> <span class='ocrx_word' id='word_1_201' title='bbox 958 1427 1069 1464; x_wconf 91' lang='lat' dir='ltr'><strong>testi—</strong></span> 
     </span>
     <span class='ocr_line' id='line_1_33' title="bbox 35 1486 1069 1538; baseline -0.003 -11"><span class='ocrx_word' id='word_1_202' title='bbox 35 1488 169 1527; x_wconf 88' lang='lat' dir='ltr'><strong>monio</strong></span> <span class='ocrx_word' id='word_1_203' title='bbox 190 1488 371 1525; x_wconf 80' lang='lat' dir='ltr'><strong>affirmari</strong></span> <span class='ocrx_word' id='word_1_204' title='bbox 398 1487 544 1538; x_wconf 89' lang='lat' dir='ltr'><strong>nequit.</strong></span> <span class='ocrx_word' id='word_1_205' title='bbox 570 1486 685 1526; x_wconf 88' lang='lat' dir='ltr'><strong>Haud</strong></span> <span class='ocrx_word' id='word_1_206' title='bbox 707 1488 871 1525; x_wconf 90' lang='lat' dir='ltr'><strong>multum</strong></span> <span class='ocrx_word' id='word_1_207' title='bbox 893 1495 1019 1524; x_wconf 89' lang='lat' dir='ltr'><strong>tamen</strong></span> <span class='ocrx_word' id='word_1_208' title='bbox 1048 1500 1069 1524; x_wconf 87' lang='lat' dir='ltr'><strong>a</strong></span> 
     </span>
     <span class='ocr_line' id='line_1_34' title="bbox 34 1546 1068 1597; baseline -0.001 -11"><span class='ocrx_word' id='word_1_209' title='bbox 34 1560 130 1586; x_wconf 83' lang='lat' dir='ltr'><strong>vero</strong></span> <span class='ocrx_word' id='word_1_210' title='bbox 161 1547 293 1585; x_wconf 85' lang='lat' dir='ltr'><strong>abesse</strong></span> <span class='ocrx_word' id='word_1_211' title='bbox 319 1546 474 1585; x_wconf 88' lang='lat' dir='ltr'><strong>videtur</strong></span> <span class='ocrx_word' id='word_1_212' title='bbox 497 1546 734 1595; x_wconf 88' lang='lat' dir='ltr'><strong>Larcherus,</strong></span> <span class='ocrx_word' id='word_1_213' title='bbox 765 1547 832 1597; x_wconf 90' lang='lat' dir='ltr'><strong>qui</strong></span> <span class='ocrx_word' id='word_1_214' title='bbox 863 1547 904 1584; x_wconf 92' lang='lat' dir='ltr'><strong>in</strong></span> <span class='ocrx_word' id='word_1_215' title='bbox 936 1546 1068 1585; x_wconf 83' lang='lat' dir='ltr'><strong>tabula</strong></span> 
     </span>
     <span class='ocr_line' id='line_1_35' title="bbox 38 1605 1066 1658; baseline -0.002 -13"><span class='ocrx_word' id='word_1_216' title='bbox 38 1606 313 1658; x_wconf 88' lang='lat' dir='ltr'><strong>chronologica</strong></span> <span class='ocrx_word' id='word_1_217' title='bbox 340 1605 386 1643; x_wconf 89' lang='lat' dir='ltr'><strong>ad</strong></span> <span class='ocrx_word' id='word_1_218' title='bbox 419 1606 562 1643; x_wconf 87' lang='lat' dir='ltr'><strong>calcem</strong></span> <span class='ocrx_word' id='word_1_219' title='bbox 594 1605 784 1644; x_wconf 88' lang='lat' dir='ltr'><strong>Herodoti</strong></span> <span class='ocrx_word' id='word_1_220' title='bbox 815 1619 903 1644; x_wconf 90' lang='lat' dir='ltr'><strong>eum</strong></span> <span class='ocrx_word' id='word_1_221' title='bbox 933 1614 1066 1643; x_wconf 90' lang='lat' dir='ltr'><strong>natum</strong></span> 
     </span>
     <span class='ocr_line' id='line_1_36' title="bbox 34 1664 1064 1716; baseline -0.002 -12"><span class='ocrx_word' id='word_1_222' title='bbox 34 1678 116 1705; x_wconf 87' lang='lat' dir='ltr'><strong>esse</strong></span> <span class='ocrx_word' id='word_1_223' title='bbox 139 1665 273 1704; x_wconf 89' lang='lat' dir='ltr'><strong>statuit</strong></span> <span class='ocrx_word' id='word_1_224' title='bbox 299 1665 362 1704; x_wconf 91' lang='lat' dir='ltr'><strong>Ol.</strong></span> <span class='ocrx_word' id='word_1_225' title='bbox 386 1664 448 1713; x_wconf 82' lang='lat'><strong>57,</strong></span> <span class='ocrx_word' id='word_1_226' title='bbox 471 1669 506 1709; x_wconf 84' lang='grc'><strong>4.</strong></span> <span class='ocrx_word' id='word_1_227' title='bbox 533 1668 669 1716; x_wconf 90' lang='lat' dir='ltr'><strong>Itaque</strong></span> <span class='ocrx_word' id='word_1_228' title='bbox 688 1665 748 1704; x_wconf 91' lang='lat' dir='ltr'><strong>Ol.</strong></span> <span class='ocrx_word' id='word_1_229' title='bbox 769 1666 833 1710; x_wconf 80' lang='lat'><strong>65,</strong></span> <span class='ocrx_word' id='word_1_230' title='bbox 860 1678 939 1716; x_wconf 90' lang='lat' dir='ltr'><strong>quo</strong></span> <span class='ocrx_word' id='word_1_231' title='bbox 963 1672 1064 1702; x_wconf 89' lang='lat' dir='ltr'><strong>tem-</strong></span> 
     </span>
     <span class='ocr_line' id='line_1_37' title="bbox 35 1723 1065 1779; baseline -0.003 -14"><span class='ocrx_word' id='word_1_232' title='bbox 35 1738 131 1779; x_wconf 84' lang='lat' dir='ltr'><strong>pore</strong></span> <span class='ocrx_word' id='word_1_233' title='bbox 163 1725 299 1764; x_wconf 90' lang='lat' dir='ltr'><strong>Suidas</strong></span> <span class='ocrx_word' id='word_1_234' title='bbox 324 1723 378 1776; x_wconf 87' lang='lat'><strong>(1)</strong></span> <span class='ocrx_word' id='word_1_235' title='bbox 404 1725 633 1762; x_wconf 85' lang='lat' dir='ltr'><strong>historicum</strong></span> <span class='ocrx_word' id='word_1_236' title='bbox 664 1733 841 1763; x_wconf 88' lang='lat' dir='ltr'><strong>nostrum</strong></span> <span class='ocrx_word' id='word_1_237' title='bbox 871 1737 947 1762; x_wconf 93' lang='lat' dir='ltr'><strong>una</strong></span> <span class='ocrx_word' id='word_1_238' title='bbox 978 1737 1065 1762; x_wconf 90' lang='lat' dir='ltr'><strong>cum</strong></span> 
     </span>
     <span class='ocr_line' id='line_1_38' title="bbox 34 1783 1067 1836; baseline -0.002 -13"><span class='ocrx_word' id='word_1_239' title='bbox 34 1784 221 1836; x_wconf 83' lang='lat' dir='ltr'><strong>Dionysio</strong></span> <span class='ocrx_word' id='word_1_240' title='bbox 241 1784 393 1822; x_wconf 90' lang='lat' dir='ltr'><strong>Milesio</strong></span> <span class='ocrx_word' id='word_1_241' title='bbox 415 1784 557 1822; x_wconf 82' lang='lat' dir='ltr'><strong>vixisse</strong></span> <span class='ocrx_word' id='word_1_242' title='bbox 578 1783 692 1833; x_wconf 89' lang='lat' dir='ltr'><strong>dicit,</strong></span> <span class='ocrx_word' id='word_1_243' title='bbox 711 1783 799 1822; x_wconf 87' lang='lat' dir='ltr'><strong>vitae</strong></span> <span class='ocrx_word' id='word_1_244' title='bbox 819 1796 963 1821; x_wconf 87' lang='lat' dir='ltr'><strong>annum</strong></span> <span class='ocrx_word' id='word_1_245' title='bbox 988 1784 1067 1835; x_wconf 90' lang='lat' dir='ltr'><strong>egit</strong></span> 
     </span>
     <span class='ocr_line' id='line_1_39' title="bbox 35 1835 1066 1897; baseline -0.002 -15"><span class='ocrx_word' id='word_1_246' title='bbox 35 1835 281 1897; x_wconf 79' lang='lat' dir='ltr'><strong>tricesimum.</strong></span> <span class='ocrx_word' id='word_1_247' title='bbox 305 1846 364 1882; x_wconf 87' lang='lat' dir='ltr'><strong>Ex</strong></span> <span class='ocrx_word' id='word_1_248' title='bbox 390 1843 525 1882; x_wconf 91' lang='lat' dir='ltr'><strong>eodem</strong></span> <span class='ocrx_word' id='word_1_249' title='bbox 549 1852 734 1895; x_wconf 91' lang='lat' dir='ltr'><strong>computo</strong></span> <span class='ocrx_word' id='word_1_250' title='bbox 754 1851 866 1881; x_wconf 88' lang='lat' dir='ltr'><strong>natus</strong></span> <span class='ocrx_word' id='word_1_251' title='bbox 889 1851 972 1881; x_wconf 85' lang='lat' dir='ltr'><strong>erat</strong></span> <span class='ocrx_word' id='word_1_252' title='bbox 996 1856 1066 1880; x_wconf 91' lang='lat' dir='ltr'><strong>an-</strong></span> 
     </span>
     <span class='ocr_line' id='line_1_40' title="bbox 34 1902 1064 1954; baseline -0.003 -12"><span class='ocrx_word' id='word_1_253' title='bbox 34 1915 104 1942; x_wconf 87' lang='lat' dir='ltr'><strong>nos</strong></span> <span class='ocrx_word' id='word_1_254' title='bbox 144 1903 446 1954; x_wconf 86' lang='lat' dir='ltr'><strong>quinquaginta,</strong></span> <span class='ocrx_word' id='word_1_255' title='bbox 479 1902 546 1940; x_wconf 91' lang='lat' dir='ltr'><strong>ubi</strong></span> <span class='ocrx_word' id='word_1_256' title='bbox 575 1903 636 1941; x_wconf 91' lang='lat' dir='ltr'><strong>Ol.</strong></span> <span class='ocrx_word' id='word_1_257' title='bbox 671 1916 739 1950; x_wconf 88' lang='lat'><strong>70,</strong></span> <span class='ocrx_word' id='word_1_258' title='bbox 772 1916 806 1950; x_wconf 88' lang='lat'><strong>1,</strong></span> <span class='ocrx_word' id='word_1_259' title='bbox 835 1903 895 1940; x_wconf 91' lang='lat' dir='ltr'><strong>vir</strong></span> <span class='ocrx_word' id='word_1_260' title='bbox 917 1915 1064 1940; x_wconf 89' lang='lat' dir='ltr'><strong>summa</strong></span> 
     </span>
     <span class='ocr_line' id='line_1_41' title="bbox 35 1961 1063 2015; baseline -0.002 -14"><span class='ocrx_word' id='word_1_261' title='bbox 35 1962 139 2015; x_wconf 82' lang='lat' dir='ltr'><strong>apud</strong></span> <span class='ocrx_word' id='word_1_262' title='bbox 162 1962 371 2014; x_wconf 87' lang='lat' dir='ltr'><strong>populares</strong></span> <span class='ocrx_word' id='word_1_263' title='bbox 391 1962 620 2000; x_wconf 86' lang='lat' dir='ltr'><strong>auctoritate</strong></span> <span class='ocrx_word' id='word_1_264' title='bbox 647 1961 819 2013; x_wconf 86' lang='lat' dir='ltr'><strong>gaudens</strong></span> <span class='ocrx_word' id='word_1_265' title='bbox 832 1989 841 2007; x_wconf 92' lang='lat'><strong>,</strong></span> <span class='ocrx_word' id='word_1_266' title='bbox 862 1961 902 1999; x_wconf 92' lang='lat' dir='ltr'><strong>in</strong></span> <span class='ocrx_word' id='word_1_267' title='bbox 925 1964 1063 2000; x_wconf 91' lang='lat' dir='ltr'><strong>Ionum</strong></span> 
     </span>
     <span class='ocr_line' id='line_1_42' title="bbox 33 2019 1062 2073; baseline -0.001 -13"><span class='ocrx_word' id='word_1_268' title='bbox 33 2029 224 2060; x_wconf 86' lang='lat' dir='ltr'><strong>conventu</strong></span> <span class='ocrx_word' id='word_1_269' title='bbox 241 2021 328 2059; x_wconf 91' lang='lat' dir='ltr'><strong>tulit</strong></span> <span class='ocrx_word' id='word_1_270' title='bbox 346 2021 576 2058; x_wconf 90' lang='lat' dir='ltr'><strong>sententiam</strong></span> <span class='ocrx_word' id='word_1_271' title='bbox 598 2019 801 2073; x_wconf 83' lang='lat' dir='ltr'><strong>(Herodot.</strong></span> <span class='ocrx_word' id='word_1_272' title='bbox 816 2024 865 2068; x_wconf 88' lang='lat' dir='ltr'><strong>V,</strong></span> <span class='ocrx_word' id='word_1_273' title='bbox 882 2019 944 2067; x_wconf 82' lang='lat'><strong>36,</strong></span> <span class='ocrx_word' id='word_1_274' title='bbox 964 2021 1062 2072; x_wconf 73' lang='lat'><strong>124).</strong></span> 
     </span>
     <span class='ocr_line' id='line_1_43' title="bbox 30 2079 1064 2132; baseline 0 -14"><span class='ocrx_word' id='word_1_275' title='bbox 30 2082 83 2119; x_wconf 72' lang='lat' dir='ltr'><strong>Ac</strong></span> <span class='ocrx_word' id='word_1_276' title='bbox 102 2093 221 2132; x_wconf 89' lang='lat' dir='ltr'><strong>quum</strong></span> <span class='ocrx_word' id='word_1_277' title='bbox 245 2093 314 2132; x_wconf 89' lang='lat' dir='ltr'><strong>per</strong></span> <span class='ocrx_word' id='word_1_278' title='bbox 340 2087 464 2118; x_wconf 89' lang='lat' dir='ltr'><strong>totum</strong></span> <span class='ocrx_word' id='word_1_279' title='bbox 486 2079 679 2117; x_wconf 85' lang='lat' dir='ltr'><strong>bellorum</strong></span> <span class='ocrx_word' id='word_1_280' title='bbox 702 2079 946 2117; x_wconf 86' lang='lat' dir='ltr'><strong>Medicorum</strong></span> <span class='ocrx_word' id='word_1_281' title='bbox 966 2087 1064 2118; x_wconf 87' lang='lat' dir='ltr'><strong>tem—</strong></span> 
     </span>
     <span class='ocr_line' id='line_1_44' title="bbox 31 2138 1063 2191; baseline -0.002 -13"><span class='ocrx_word' id='word_1_282' title='bbox 31 2140 136 2191; x_wconf 79' lang='lat' dir='ltr'><strong>poris</strong></span> <span class='ocrx_word' id='word_1_283' title='bbox 147 2139 314 2191; x_wconf 88' lang='lat' dir='ltr'><strong>spatium</strong></span> <span class='ocrx_word' id='word_1_284' title='bbox 325 2147 363 2177; x_wconf 89' lang='lat' dir='ltr'><strong>et</strong></span> <span class='ocrx_word' id='word_1_285' title='bbox 373 2139 572 2190; x_wconf 89' lang='lat' dir='ltr'><strong>aliquanto</strong></span> <span class='ocrx_word' id='word_1_286' title='bbox 583 2148 670 2190; x_wconf 89' lang='lat' dir='ltr'><strong>post</strong></span> <span class='ocrx_word' id='word_1_287' title='bbox 681 2139 822 2177; x_wconf 84' lang='lat' dir='ltr'><strong>vixisse</strong></span> <span class='ocrx_word' id='word_1_288' title='bbox 834 2138 985 2176; x_wconf 85' lang='lat' dir='ltr'><strong>dicatur</strong></span> <span class='ocrx_word' id='word_1_289' title='bbox 996 2139 1063 2191; x_wconf 64' lang='grc' dir='ltr'><strong>(α),</strong></span> 
     </span>
     <span class='ocr_line' id='line_1_45' title="bbox 31 2199 1063 2250; baseline -0.001 -13"><span class='ocrx_word' id='word_1_290' title='bbox 31 2212 110 2237; x_wconf 86' lang='lat' dir='ltr'><strong>non</strong></span> <span class='ocrx_word' id='word_1_291' title='bbox 132 2200 255 2237; x_wconf 91' lang='lat' dir='ltr'><strong>multo</strong></span> <span class='ocrx_word' id='word_1_292' title='bbox 271 2207 360 2250; x_wconf 91' lang='lat' dir='ltr'><strong>post</strong></span> <span class='ocrx_word' id='word_1_293' title='bbox 376 2199 513 2250; x_wconf 87' lang='lat' dir='ltr'><strong>proelia</strong></span> <span class='ocrx_word' id='word_1_294' title='bbox 530 2199 578 2236; x_wconf 86' lang='lat' dir='ltr'><strong>ad</strong></span> <span class='ocrx_word' id='word_1_295' title='bbox 603 2199 762 2237; x_wconf 82' lang='lat' dir='ltr'><strong>Plataeas</strong></span> <span class='ocrx_word' id='word_1_296' title='bbox 797 2207 835 2236; x_wconf 91' lang='lat' dir='ltr'><strong>et</strong></span> <span class='ocrx_word' id='word_1_297' title='bbox 861 2199 1039 2248; x_wconf 86' lang='lat' dir='ltr'><strong>Mycalen</strong></span> <span class='ocrx_word' id='word_1_298' title='bbox 1053 2231 1063 2248; x_wconf 91' lang='lat'>‚</span> 
     </span>
     <span class='ocr_line' id='line_1_46' title="bbox 32 2257 1060 2309; baseline -0.003 -10"><span class='ocrx_word' id='word_1_299' title='bbox 32 2258 132 2299; x_wconf 78' lang='lat' dir='ltr'><strong>circa</strong></span> <span class='ocrx_word' id='word_1_300' title='bbox 143 2259 206 2298; x_wconf 92' lang='lat' dir='ltr'><strong>Ol.</strong></span> <span class='ocrx_word' id='word_1_301' title='bbox 221 2259 269 2306; x_wconf 93' lang='lat'><strong>76</strong></span> <span class='ocrx_word' id='word_1_302' title='bbox 280 2258 596 2309; x_wconf 84' lang='lat' dir='ltr'><strong>septuagenarius</strong></span> <span class='ocrx_word' id='word_1_303' title='bbox 616 2257 717 2296; x_wconf 90' lang='lat' dir='ltr'><strong>diem</strong></span> <span class='ocrx_word' id='word_1_304' title='bbox 738 2258 881 2296; x_wconf 85' lang='lat' dir='ltr'><strong>obiisse</strong></span> <span class='ocrx_word' id='word_1_305' title='bbox 896 2258 1060 2296; x_wconf 88' lang='lat' dir='ltr'><strong>videtur.</strong></span> 
     </span>
     <span class='ocr_line' id='line_1_47' title="bbox 82 2316 1062 2368; baseline 0 -12"><span class='ocrx_word' id='word_1_306' title='bbox 82 2316 214 2356; x_wconf 85' lang='lat' dir='ltr'><strong>Nobili</strong></span> <span class='ocrx_word' id='word_1_307' title='bbox 236 2320 457 2356; x_wconf 86' lang='lat' dir='ltr'><strong>Hecataeum</strong></span> <span class='ocrx_word' id='word_1_308' title='bbox 476 2330 615 2368; x_wconf 84' lang='lat' dir='ltr'><strong>genere</strong></span> <span class='ocrx_word' id='word_1_309' title='bbox 636 2325 764 2355; x_wconf 85' lang='lat' dir='ltr'><strong>ortum</strong></span> <span class='ocrx_word' id='word_1_310' title='bbox 788 2331 869 2355; x_wconf 85' lang='lat' dir='ltr'><strong>esse</strong></span> <span class='ocrx_word' id='word_1_311' title='bbox 890 2325 970 2354; x_wconf 91' lang='lat' dir='ltr'><strong>tum</strong></span> <span class='ocrx_word' id='word_1_312' title='bbox 984 2331 1062 2368; x_wconf 89' lang='lat' dir='ltr'><strong>quo</strong></span> 
     </span>
     <span class='ocr_line' id='line_1_48' title="bbox 32 2376 1062 2416; baseline -0.002 0"><span class='ocrx_word' id='word_1_313' title='bbox 32 2376 231 2416; x_wconf 81' lang='lat' dir='ltr'><strong>fruebatur</strong></span> <span class='ocrx_word' id='word_1_314' title='bbox 252 2377 291 2414; x_wconf 95' lang='lat' dir='ltr'><strong>in</strong></span> <span class='ocrx_word' id='word_1_315' title='bbox 313 2377 470 2414; x_wconf 88' lang='lat' dir='ltr'><strong>civitate</strong></span> <span class='ocrx_word' id='word_1_316' title='bbox 493 2376 733 2414; x_wconf 87' lang='lat' dir='ltr'><strong>Milesiorum</strong></span> <span class='ocrx_word' id='word_1_317' title='bbox 760 2376 911 2414; x_wconf 83' lang='lat' dir='ltr'><strong>honore</strong></span> <span class='ocrx_word' id='word_1_318' title='bbox 932 2377 1062 2414; x_wconf 84' lang='lat' dir='ltr'><strong>decla-</strong></span> 
     </span>
     <span class='ocr_line' id='line_1_49' title="bbox 30 2435 1061 2487; baseline 0 -13"><span class='ocrx_word' id='word_1_319' title='bbox 30 2444 149 2484; x_wconf 77' lang='lat' dir='ltr'><strong>ratur,</strong></span> <span class='ocrx_word' id='word_1_320' title='bbox 178 2444 260 2474; x_wconf 86' lang='lat' dir='ltr'><strong>tum</strong></span> <span class='ocrx_word' id='word_1_321' title='bbox 282 2436 372 2474; x_wconf 88' lang='lat' dir='ltr'><strong>inde</strong></span> <span class='ocrx_word' id='word_1_322' title='bbox 399 2444 528 2487; x_wconf 87' lang='lat' dir='ltr'><strong>potest</strong></span> <span class='ocrx_word' id='word_1_323' title='bbox 559 2435 759 2483; x_wconf 91' lang='lat' dir='ltr'><strong>concludi,</strong></span> <span class='ocrx_word' id='word_1_324' title='bbox 780 2435 886 2486; x_wconf 89' lang='lat' dir='ltr'><strong>quod</strong></span> <span class='ocrx_word' id='word_1_325' title='bbox 914 2436 1061 2474; x_wconf 84' lang='lat' dir='ltr'><strong>Thebis</strong></span> 
     </span>
     <span class='ocr_line' id='line_1_50' title="bbox 30 2494 1061 2547; baseline 0.001 -15"><span class='ocrx_word' id='word_1_326' title='bbox 30 2504 203 2534; x_wconf 83' lang='lat' dir='ltr'><strong>versatus</strong></span> <span class='ocrx_word' id='word_1_327' title='bbox 225 2509 355 2534; x_wconf 90' lang='lat' dir='ltr'><strong>coram</strong></span> <span class='ocrx_word' id='word_1_328' title='bbox 383 2494 649 2534; x_wconf 84' lang='lat' dir='ltr'><strong>sacerdotibus</strong></span> <span class='ocrx_word' id='word_1_329' title='bbox 676 2504 828 2547; x_wconf 84' lang='lat' dir='ltr'><strong>gentem</strong></span> <span class='ocrx_word' id='word_1_330' title='bbox 858 2509 964 2533; x_wconf 88' lang='lat' dir='ltr'><strong>suam</strong></span> <span class='ocrx_word' id='word_1_331' title='bbox 989 2509 1061 2547; x_wconf 88' lang='lat' dir='ltr'><strong>per</strong></span> 
     </span>
     <span class='ocr_line' id='line_1_51' title="bbox 30 2554 1057 2606; baseline -0.001 -13"><span class='ocrx_word' id='word_1_332' title='bbox 30 2554 249 2606; x_wconf 90' lang='lat' dir='ltr'><strong>quindecim</strong></span> <span class='ocrx_word' id='word_1_333' title='bbox 281 2555 551 2606; x_wconf 86' lang='lat' dir='ltr'><strong>generationes</strong></span> <span class='ocrx_word' id='word_1_334' title='bbox 579 2555 628 2592; x_wconf 89' lang='lat' dir='ltr'><strong>ad</strong></span> <span class='ocrx_word' id='word_1_335' title='bbox 661 2555 775 2593; x_wconf 89' lang='lat' dir='ltr'><strong>deum</strong></span> <span class='ocrx_word' id='word_1_336' title='bbox 812 2555 1057 2606; x_wconf 88' lang='lat' dir='ltr'><strong>(Apollinem</strong></span> 
     </span>
     <span class='ocr_line' id='line_1_52' title="bbox 30 2613 1057 2667; baseline -0.001 -15"><span class='ocrx_word' id='word_1_337' title='bbox 30 2614 110 2652; x_wconf 86' lang='lat' dir='ltr'><strong>sine</strong></span> <span class='ocrx_word' id='word_1_338' title='bbox 123 2613 257 2667; x_wconf 88' lang='lat' dir='ltr'><strong>dubio)</strong></span> <span class='ocrx_word' id='word_1_339' title='bbox 278 2614 487 2652; x_wconf 84' lang='lat' dir='ltr'><strong>ascendere</strong></span> <span class='ocrx_word' id='word_1_340' title='bbox 506 2614 692 2665; x_wconf 88' lang='lat' dir='ltr'><strong>gloriatus</strong></span> <span class='ocrx_word' id='word_1_341' title='bbox 710 2623 768 2652; x_wconf 88' lang='lat' dir='ltr'><strong>est</strong></span> <span class='ocrx_word' id='word_1_342' title='bbox 787 2614 988 2665; x_wconf 86' lang='lat' dir='ltr'><strong>(Herodot.</strong></span> <span class='ocrx_word' id='word_1_343' title='bbox 1007 2615 1057 2662; x_wconf 94' lang='lat' dir='ltr'><strong>lI,</strong></span> 
     </span>
     <span class='ocr_line' id='line_1_53' title="bbox 35 2674 1057 2725; baseline 0.001 -15"><span class='ocrx_word' id='word_1_344' title='bbox 35 2674 122 2725; x_wconf 74' lang='lat'><strong>143,</strong></span> <span class='ocrx_word' id='word_1_345' title='bbox 141 2687 177 2712; x_wconf 89' lang='lat' dir='ltr'><strong>v.</strong></span> <span class='ocrx_word' id='word_1_346' title='bbox 195 2674 241 2712; x_wconf 87' lang='lat' dir='ltr'><strong>fr.</strong></span> <span class='ocrx_word' id='word_1_347' title='bbox 269 2674 373 2725; x_wconf 80' lang='lat'><strong>276).</strong></span> <span class='ocrx_word' id='word_1_348' title='bbox 391 2674 553 2712; x_wconf 83' lang='lat' dir='ltr'><strong>Generis</strong></span> <span class='ocrx_word' id='word_1_349' title='bbox 574 2674 769 2712; x_wconf 87' lang='lat' dir='ltr'><strong>nobilitati</strong></span> <span class='ocrx_word' id='word_1_350' title='bbox 787 2688 867 2712; x_wconf 84' lang='lat' dir='ltr'><strong>rem</strong></span> <span class='ocrx_word' id='word_1_351' title='bbox 892 2674 1057 2712; x_wconf 84' lang='lat' dir='ltr'><strong>familia-</strong></span> 
     </span>
     <span class='ocr_line' id='line_1_54' title="bbox 30 2733 1058 2785; baseline 0.002 -15"><span class='ocrx_word' id='word_1_352' title='bbox 30 2744 110 2770; x_wconf 83' lang='lat' dir='ltr'><strong>rem</strong></span> <span class='ocrx_word' id='word_1_353' title='bbox 129 2733 328 2771; x_wconf 85' lang='lat' dir='ltr'><strong>accessisse</strong></span> <span class='ocrx_word' id='word_1_354' title='bbox 351 2734 441 2771; x_wconf 87' lang='lat' dir='ltr'><strong>satis</strong></span> <span class='ocrx_word' id='word_1_355' title='bbox 462 2734 628 2784; x_wconf 84' lang='lat' dir='ltr'><strong>amplam</strong></span> <span class='ocrx_word' id='word_1_356' title='bbox 655 2747 703 2771; x_wconf 82' lang='lat' dir='ltr'><strong>ex</strong></span> <span class='ocrx_word' id='word_1_357' title='bbox 728 2733 949 2785; x_wconf 87' lang='lat' dir='ltr'><strong>longinquis</strong></span> <span class='ocrx_word' id='word_1_358' title='bbox 971 2747 1058 2785; x_wconf 84' lang='lat' dir='ltr'><strong>quae</strong></span> 
     </span>
    </p>
   </div>
   <div class='ocr_carea' id='block_1_10' title="bbox 29 2787 2149 2844">
    <p class='ocr_par' dir='ltr' id='par_1_10' title="bbox 29 2787 2149 2844">
     <span class='ocr_line' id='line_1_55' title="bbox 29 2787 2149 2844; baseline 0 -15"><span class='ocrx_word' id='word_1_359' title='bbox 29 2792 266 2844; x_wconf 84' lang='lat' dir='ltr'><strong>geographus</strong></span> <span class='ocrx_word' id='word_1_360' title='bbox 295 2792 460 2830; x_wconf 89' lang='lat' dir='ltr'><strong>instituit</strong></span> <span class='ocrx_word' id='word_1_361' title='bbox 489 2792 691 2831; x_wconf 84' lang='lat' dir='ltr'><strong>itineribus</strong></span> <span class='ocrx_word' id='word_1_362' title='bbox 723 2793 962 2844; x_wconf 86' lang='lat' dir='ltr'><strong>intelligitur.</strong></span> <span class='ocrx_word' id='word_1_363' title='bbox 998 2797 1056 2832; x_wconf 91' lang='lat' dir='ltr'><strong>De</strong></span> <span class='ocrx_word' id='word_1_364' title='bbox 1159 2789 1204 2831; x_wconf 88' lang='grc'><strong>(3)</strong></span> <span class='ocrx_word' id='word_1_365' title='bbox 1222 2787 2149 2831; x_wconf 56' lang='lat' dir='ltr'><strong>Suidas:‘Enatat0;½66npcm;,epimooqmq,&amp;tuamen</strong></span> 
     </span>
    </p>
   </div>
   <div class='ocr_carea' id='block_1_11' title="bbox 1108 2834 2149 3400">
    <p class='ocr_par' dir='ltr' id='par_1_11' title="bbox 1108 2834 2149 3400">
     <span class='ocr_line' id='line_1_56' title="bbox 1115 2834 2149 2880; baseline -0.001 -11"><span class='ocrx_word' id='word_1_366' title='bbox 1115 2838 1250 2880; x_wconf 81' lang='grc' dir='ltr'>κριτικὸς</span> <span class='ocrx_word' id='word_1_367' title='bbox 1281 2838 1334 2868; x_wconf 85' lang='grc' dir='ltr'>καὶ</span> <span class='ocrx_word' id='word_1_368' title='bbox 1357 2835 1569 2878; x_wconf 76' lang='grc' dir='ltr'>γραμματικός</span> <span class='ocrx_word' id='word_1_369' title='bbox 1580 2844 1587 2851; x_wconf 91' lang='grc'><em>·</em></span> <span class='ocrx_word' id='word_1_370' title='bbox 1619 2836 1670 2866; x_wconf 85' lang='grc' dir='ltr'><strong>οἷα</strong></span> <span class='ocrx_word' id='word_1_371' title='bbox 1697 2836 1913 2877; x_wconf 81' lang='grc' dir='ltr'>γραμματικὴν</span> <span class='ocrx_word' id='word_1_372' title='bbox 1943 2834 2025 2876; x_wconf 82' lang='grc' dir='ltr'>ἔχων</span> <span class='ocrx_word' id='word_1_373' title='bbox 2052 2847 2149 2878; x_wconf 85' lang='grc' dir='ltr'>παρα-</span> 
     </span>
     <span class='ocr_line' id='line_1_57' title="bbox 1115 2882 2147 2926; baseline -0.002 -9"><span class='ocrx_word' id='word_1_374' title='bbox 1115 2886 1242 2923; x_wconf 85' lang='grc' dir='ltr'>σκευήν·</span> <span class='ocrx_word' id='word_1_375' title='bbox 1257 2885 1363 2926; x_wconf 87' lang='grc' dir='ltr'>γέγονε</span> <span class='ocrx_word' id='word_1_376' title='bbox 1379 2885 1411 2915; x_wconf 80' lang='grc' dir='ltr'><strong>δὲ</strong></span> <span class='ocrx_word' id='word_1_377' title='bbox 1429 2885 1477 2915; x_wconf 77' lang='grc' dir='ltr'><strong>ἐπὶ</strong></span> <span class='ocrx_word' id='word_1_378' title='bbox 1495 2886 1556 2915; x_wconf 85' lang='grc' dir='ltr'><strong>τῶν</strong></span> <span class='ocrx_word' id='word_1_379' title='bbox 1573 2882 1747 2923; x_wconf 82' lang='grc' dir='ltr'>Διαδὸχων.</span> <span class='ocrx_word' id='word_1_380' title='bbox 1763 2882 1895 2923; x_wconf 86' lang='lat' dir='ltr'><strong>Joseph.</strong></span> <span class='ocrx_word' id='word_1_381' title='bbox 1908 2882 2023 2923; x_wconf 80' lang='lat' dir='ltr'><strong>Apion.</strong></span> <span class='ocrx_word' id='word_1_382' title='bbox 2039 2885 2067 2923; x_wconf 90' lang='lat'><strong>1,</strong></span> <span class='ocrx_word' id='word_1_383' title='bbox 2086 2887 2147 2916; x_wconf 87' lang='lat'><strong>22:</strong></span> 
     </span>
     <span class='ocr_line' id='line_1_58' title="bbox 1114 2928 2147 2973; baseline -0.001 -9"><span class='ocrx_word' id='word_1_384' title='bbox 1114 2933 1279 2968; x_wconf 82' lang='grc' dir='ltr'>Ἑκαταῖος</span> <span class='ocrx_word' id='word_1_385' title='bbox 1301 2933 1318 2963; x_wconf 91' lang='grc' dir='ltr'>ὁ</span> <span class='ocrx_word' id='word_1_386' title='bbox 1333 2931 1525 2973; x_wconf 73' lang='grc' dir='ltr'>Ἀῧδηρίτης,</span> <span class='ocrx_word' id='word_1_387' title='bbox 1549 2930 1626 2970; x_wconf 78' lang='grc' dir='ltr'>ἀνὴρ</span> <span class='ocrx_word' id='word_1_388' title='bbox 1654 2928 1817 2970; x_wconf 82' lang='grc' dir='ltr'>φιλόσοφος</span> <span class='ocrx_word' id='word_1_389' title='bbox 1845 2930 1911 2970; x_wconf 83' lang='grc' dir='ltr'>ἅμα</span> <span class='ocrx_word' id='word_1_390' title='bbox 1925 2930 1978 2961; x_wconf 86' lang='grc' dir='ltr'>καὶ</span> <span class='ocrx_word' id='word_1_391' title='bbox 2000 2931 2070 2972; x_wconf 85' lang='grc' dir='ltr'>περὶ</span> <span class='ocrx_word' id='word_1_392' title='bbox 2095 2931 2147 2968; x_wconf 84' lang='grc' dir='ltr'><strong>τὰς</strong></span> 
     </span>
     <span class='ocr_line' id='line_1_59' title="bbox 1113 2976 2146 3024; baseline -0.003 -11"><span class='ocrx_word' id='word_1_393' title='bbox 1113 2981 1236 3024; x_wconf 76' lang='grc' dir='ltr'>πράξεις</span> <span class='ocrx_word' id='word_1_394' title='bbox 1253 2979 1441 3014; x_wconf 80' lang='grc' dir='ltr'>ἱκανώτατος</span> <span class='ocrx_word' id='word_1_395' title='bbox 1453 3001 1462 3016; x_wconf 91' lang='grc'>,</span> <span class='ocrx_word' id='word_1_396' title='bbox 1480 2976 1661 3017; x_wconf 84' lang='grc' dir='ltr'>Ἀλεξάνδρῳ</span> <span class='ocrx_word' id='word_1_397' title='bbox 1674 2978 1719 3016; x_wconf 88' lang='grc' dir='ltr'><strong>τῷ</strong></span> <span class='ocrx_word' id='word_1_398' title='bbox 1737 2976 1861 3017; x_wconf 82' lang='grc' dir='ltr'>βασιλεῖ</span> <span class='ocrx_word' id='word_1_399' title='bbox 1872 2977 2076 3018; x_wconf 75' lang='grc' dir='ltr'>συνακμάσας</span> <span class='ocrx_word' id='word_1_400' title='bbox 2092 2979 2146 3010; x_wconf 78' lang='grc' dir='ltr'>καὶ</span> 
     </span>
     <span class='ocr_line' id='line_1_60' title="bbox 1114 3023 2144 3069; baseline -0.004 -8"><span class='ocrx_word' id='word_1_401' title='bbox 1114 3027 1303 3069; x_wconf 81' lang='grc' dir='ltr'>Πτολεμαίῳ</span> <span class='ocrx_word' id='word_1_402' title='bbox 1322 3029 1367 3067; x_wconf 86' lang='grc' dir='ltr'><strong>τῷ</strong></span> <span class='ocrx_word' id='word_1_403' title='bbox 1392 3025 1499 3065; x_wconf 84' lang='grc' dir='ltr'>Λάγου</span> <span class='ocrx_word' id='word_1_404' title='bbox 1515 3023 1750 3064; x_wconf 76' lang='grc' dir='ltr'>συγγενόμενος.</span> <span class='ocrx_word' id='word_1_405' title='bbox 1775 3023 1824 3055; x_wconf 80' lang='lat' dir='ltr'><strong>Cf.</strong></span> <span class='ocrx_word' id='word_1_406' title='bbox 1850 3023 2013 3056; x_wconf 83' lang='lat' dir='ltr'><strong>Plutarch.</strong></span> <span class='ocrx_word' id='word_1_407' title='bbox 2034 3026 2144 3066; x_wconf 84' lang='lat' dir='ltr'><strong>Symp.</strong></span> 
     </span>
     <span class='ocr_line' id='line_1_61' title="bbox 1114 3071 2144 3116; baseline -0.002 -10"><span class='ocrx_word' id='word_1_408' title='bbox 1114 3085 1144 3116; x_wconf 85' lang='lat' dir='ltr'><strong>p.</strong></span> <span class='ocrx_word' id='word_1_409' title='bbox 1161 3077 1234 3114; x_wconf 78' lang='lat'><strong>606,</strong></span> <span class='ocrx_word' id='word_1_410' title='bbox 1249 3077 1286 3106; x_wconf 85' lang='lat' dir='ltr'><strong>E.</strong></span> <span class='ocrx_word' id='word_1_411' title='bbox 1299 3072 1488 3113; x_wconf 77' lang='lat' dir='ltr'><strong>Magistrum</strong></span> <span class='ocrx_word' id='word_1_412' title='bbox 1503 3071 1614 3102; x_wconf 85' lang='lat' dir='ltr'><strong>habuit</strong></span> <span class='ocrx_word' id='word_1_413' title='bbox 1627 3071 1841 3112; x_wconf 73' lang='lat' dir='ltr'><strong>Pyrrhonem,</strong></span> <span class='ocrx_word' id='word_1_414' title='bbox 1855 3072 1950 3112; x_wconf 84' lang='lat' dir='ltr'><strong>Diog.</strong></span> <span class='ocrx_word' id='word_1_415' title='bbox 1966 3073 2072 3104; x_wconf 81' lang='lat' dir='ltr'><strong>Laert.</strong></span> <span class='ocrx_word' id='word_1_416' title='bbox 2089 3074 2144 3113; x_wconf 90' lang='lat' dir='ltr'><strong>lX,</strong></span> 
     </span>
     <span class='ocr_line' id='line_1_62' title="bbox 1113 3117 2145 3161; baseline -0.003 -6"><span class='ocrx_word' id='word_1_417' title='bbox 1113 3127 1164 3155; x_wconf 82' lang='lat'><strong>69.</strong></span> <span class='ocrx_word' id='word_1_418' title='bbox 1192 3121 1357 3154; x_wconf 70' lang='lat' dir='ltr'><strong>Ptolemaei</strong></span> <span class='ocrx_word' id='word_1_419' title='bbox 1385 3119 1462 3158; x_wconf 85' lang='lat' dir='ltr'><strong>Lagi</strong></span> <span class='ocrx_word' id='word_1_420' title='bbox 1485 3119 1580 3150; x_wconf 79' lang='lat' dir='ltr'><strong>aetate</strong></span> <span class='ocrx_word' id='word_1_421' title='bbox 1603 3117 1730 3150; x_wconf 81' lang='lat' dir='ltr'><strong>Thebas</strong></span> <span class='ocrx_word' id='word_1_422' title='bbox 1755 3119 1931 3160; x_wconf 76' lang='lat' dir='ltr'><strong>profectus,</strong></span> <span class='ocrx_word' id='word_1_423' title='bbox 1958 3120 2145 3161; x_wconf 84' lang='lat' dir='ltr'><strong>AEgyptiaca</strong></span> 
     </span>
     <span class='ocr_line' id='line_1_63' title="bbox 1114 3165 2143 3211; baseline -0.002 -10"><span class='ocrx_word' id='word_1_424' title='bbox 1114 3170 1260 3211; x_wconf 87' lang='lat' dir='ltr'><strong>(Diodor.</strong></span> <span class='ocrx_word' id='word_1_425' title='bbox 1276 3171 1300 3207; x_wconf 92' lang='grc' dir='ltr'><strong>Ι,</strong></span> <span class='ocrx_word' id='word_1_426' title='bbox 1313 3167 1365 3208; x_wconf 84' lang='grc'><strong>47)</strong></span> <span class='ocrx_word' id='word_1_427' title='bbox 1380 3168 1409 3198; x_wconf 79' lang='lat' dir='ltr'><strong>el</strong></span> <span class='ocrx_word' id='word_1_428' title='bbox 1420 3165 1598 3197; x_wconf 87' lang='lat' dir='ltr'><strong>secundum</strong></span> <span class='ocrx_word' id='word_1_429' title='bbox 1611 3166 1858 3206; x_wconf 80' lang='lat' dir='ltr'><strong>Diogen.-Laert.</strong></span> <span class='ocrx_word' id='word_1_430' title='bbox 1871 3168 1898 3206; x_wconf 93' lang='lat' dir='ltr'><strong>l,</strong></span> <span class='ocrx_word' id='word_1_431' title='bbox 1910 3175 2045 3207; x_wconf 85' lang='lat' dir='ltr'><strong>prooem.</strong></span> <span class='ocrx_word' id='word_1_432' title='bbox 2060 3166 2079 3208; x_wconf 85' lang='lat'>§</span> <span class='ocrx_word' id='word_1_433' title='bbox 2093 3171 2143 3207; x_wconf 91' lang='lat'><strong>10,</strong></span> 
     </span>
     <span class='ocr_line' id='line_1_64' title="bbox 1111 3213 2141 3255; baseline -0.003 -6"><span class='ocrx_word' id='word_1_434' title='bbox 1111 3217 1230 3248; x_wconf 85' lang='lat' dir='ltr'><strong>librum</strong></span> <span class='ocrx_word' id='word_1_435' title='bbox 1253 3216 1294 3248; x_wconf 87' lang='lat' dir='ltr'><strong>de</strong></span> <span class='ocrx_word' id='word_1_436' title='bbox 1322 3213 1525 3255; x_wconf 79' lang='lat' dir='ltr'><strong>philosophia</strong></span> <span class='ocrx_word' id='word_1_437' title='bbox 1555 3213 1781 3254; x_wconf 83' lang='lat' dir='ltr'><strong>AEgyptiorum</strong></span> <span class='ocrx_word' id='word_1_438' title='bbox 1798 3214 2000 3255; x_wconf 86' lang='lat' dir='ltr'><strong>conscripsit.</strong></span> <span class='ocrx_word' id='word_1_439' title='bbox 2027 3216 2141 3246; x_wconf 86' lang='lat' dir='ltr'><strong>Utrum</strong></span> 
     </span>
     <span class='ocr_line' id='line_1_65' title="bbox 1112 3261 2142 3303; baseline -0.001 -7"><span class='ocrx_word' id='word_1_440' title='bbox 1112 3265 1181 3296; x_wconf 79' lang='lat' dir='ltr'><strong>hacc</strong></span> <span class='ocrx_word' id='word_1_441' title='bbox 1197 3264 1263 3295; x_wconf 89' lang='lat' dir='ltr'><strong>duo</strong></span> <span class='ocrx_word' id='word_1_442' title='bbox 1278 3271 1374 3303; x_wconf 83' lang='lat' dir='ltr'><strong>opera</strong></span> <span class='ocrx_word' id='word_1_443' title='bbox 1390 3271 1431 3294; x_wconf 88' lang='lat' dir='ltr'><strong>an</strong></span> <span class='ocrx_word' id='word_1_444' title='bbox 1449 3270 1550 3294; x_wconf 92' lang='lat' dir='ltr'><strong>unum</strong></span> <span class='ocrx_word' id='word_1_445' title='bbox 1567 3261 1696 3301; x_wconf 82' lang='lat' dir='ltr'><strong>fuerint,</strong></span> <span class='ocrx_word' id='word_1_446' title='bbox 1713 3271 1778 3293; x_wconf 88' lang='lat' dir='ltr'><strong>non</strong></span> <span class='ocrx_word' id='word_1_447' title='bbox 1789 3262 1901 3303; x_wconf 87' lang='lat' dir='ltr'><strong>liquet.</strong></span> <span class='ocrx_word' id='word_1_448' title='bbox 1919 3262 1968 3294; x_wconf 87' lang='lat' dir='ltr'><strong>Ad</strong></span> <span class='ocrx_word' id='word_1_449' title='bbox 1980 3262 2142 3303; x_wconf 83' lang='lat' dir='ltr'><strong>AEgyptia-</strong></span> 
     </span>
     <span class='ocr_line' id='line_1_66' title="bbox 1109 3308 2140 3352; baseline -0.002 -9"><span class='ocrx_word' id='word_1_450' title='bbox 1109 3312 1232 3352; x_wconf 63' lang='lat' dir='ltr'><strong>oa-cjiis</strong></span> <span class='ocrx_word' id='word_1_451' title='bbox 1250 3310 1380 3351; x_wconf 76' lang='lat' dir='ltr'><strong>respicit</strong></span> <span class='ocrx_word' id='word_1_452' title='bbox 1391 3310 1488 3342; x_wconf 87' lang='lat' dir='ltr'><strong>etiam</strong></span> <span class='ocrx_word' id='word_1_453' title='bbox 1507 3310 1724 3342; x_wconf 57' lang='lat' dir='ltr'><strong>Plutarchi&amp;</strong></span> <span class='ocrx_word' id='word_1_454' title='bbox 1742 3311 1775 3342; x_wconf 84' lang='lat' dir='ltr'><strong>et</strong></span> <span class='ocrx_word' id='word_1_455' title='bbox 1785 3311 1870 3342; x_wconf 82' lang='lat' dir='ltr'><strong>Osir.</strong></span> <span class='ocrx_word' id='word_1_456' title='bbox 1885 3318 1916 3351; x_wconf 91' lang='lat' dir='ltr'><strong>p.</strong></span> <span class='ocrx_word' id='word_1_457' title='bbox 1936 3312 2008 3350; x_wconf 80' lang='lat'><strong>354,</strong></span> <span class='ocrx_word' id='word_1_458' title='bbox 2029 3311 2057 3341; x_wconf 94' lang='lat' dir='ltr'>D</span> <span class='ocrx_word' id='word_1_459' title='bbox 2075 3308 2140 3349; x_wconf 84' lang='grc' dir='ltr'>(τὸν</span> 
     </span>
     <span class='ocr_line' id='line_1_67' title="bbox 1108 3357 2139 3400; baseline -0.005 -8"><span class='ocrx_word' id='word_1_460' title='bbox 1108 3362 1257 3400; x_wconf 79' lang='grc' dir='ltr'>Ἀμοῦν...</span> <span class='ocrx_word' id='word_1_461' title='bbox 1273 3359 1342 3389; x_wconf 78' lang='grc' dir='ltr'><strong>Ἐκ.</strong></span> <span class='ocrx_word' id='word_1_462' title='bbox 1360 3359 1378 3389; x_wconf 88' lang='grc' dir='ltr'><strong>ὀ</strong></span> <span class='ocrx_word' id='word_1_463' title='bbox 1395 3358 1475 3390; x_wconf 72' lang='grc' dir='ltr'><strong>Ἀὸδ.</strong></span> <span class='ocrx_word' id='word_1_464' title='bbox 1494 3359 1568 3399; x_wconf 79' lang='grc' dir='ltr'>φησὶ</span> <span class='ocrx_word' id='word_1_465' title='bbox 1584 3358 1747 3399; x_wconf 77' lang='grc' dir='ltr'>τούτῳκαὶ</span> <span class='ocrx_word' id='word_1_466' title='bbox 1763 3357 1837 3399; x_wconf 83' lang='grc' dir='ltr'>πρὸς</span> <span class='ocrx_word' id='word_1_467' title='bbox 1863 3357 2011 3394; x_wconf 77' lang='grc' dir='ltr'>ἀλλήλους</span> <span class='ocrx_word' id='word_1_468' title='bbox 2031 3358 2075 3396; x_wconf 83' lang='grc' dir='ltr'><strong>τῷ</strong></span> <span class='ocrx_word' id='word_1_469' title='bbox 2089 3357 2139 3398; x_wconf 81' lang='grc' dir='ltr'><strong>ῥή-</strong></span> 
     </span>
    </p>
   </div>
   <div class='ocr_carea' id='block_1_12' title="bbox 27 2927 1054 3403">
    <p class='ocr_par' dir='ltr' id='par_1_12' title="bbox 27 2927 1054 3260">
     <span class='ocr_line' id='line_1_68' title="bbox 70 2927 1054 2977; baseline 0.007 -15"><span class='ocrx_word' id='word_1_470' title='bbox 70 2927 115 2970; x_wconf 85' lang='grc'><strong>(1)</strong></span> <span class='ocrx_word' id='word_1_471' title='bbox 132 2929 246 2963; x_wconf 83' lang='lat' dir='ltr'><strong>Suidas</strong></span> <span class='ocrx_word' id='word_1_472' title='bbox 270 2939 296 2963; x_wconf 93' lang='lat' dir='ltr'><strong>s.</strong></span> <span class='ocrx_word' id='word_1_473' title='bbox 315 2940 347 2963; x_wconf 85' lang='lat' dir='ltr'><strong>v.</strong></span> <span class='ocrx_word' id='word_1_474' title='bbox 365 2932 529 2969; x_wconf 79' lang='grc' dir='ltr'>Ἑκαταῖος</span> <span class='ocrx_word' id='word_1_475' title='bbox 544 2932 759 2975; x_wconf 77' lang='grc' dir='ltr'>Ἡγησάνδρου</span> <span class='ocrx_word' id='word_1_476' title='bbox 778 2934 931 2972; x_wconf 79' lang='grc' dir='ltr'>Μιλήσιος</span> <span class='ocrx_word' id='word_1_477' title='bbox 947 2936 1054 2977; x_wconf 86' lang='grc' dir='ltr'>γέγονε</span> 
     </span>
     <span class='ocr_line' id='line_1_69' title="bbox 28 2976 1054 3024; baseline 0.008 -15"><span class='ocrx_word' id='word_1_478' title='bbox 28 2976 107 3008; x_wconf 74' lang='grc' dir='ltr'>κατὰ</span> <span class='ocrx_word' id='word_1_479' title='bbox 122 2978 191 3015; x_wconf 84' lang='grc' dir='ltr'>τοὺς</span> <span class='ocrx_word' id='word_1_480' title='bbox 215 2979 345 3021; x_wconf 88' lang='grc' dir='ltr'>Δαρείου</span> <span class='ocrx_word' id='word_1_481' title='bbox 370 2979 515 3021; x_wconf 82' lang='grc' dir='ltr'>χρόνους,</span> <span class='ocrx_word' id='word_1_482' title='bbox 538 2983 593 3012; x_wconf 78' lang='grc' dir='ltr'>τοῦ</span> <span class='ocrx_word' id='word_1_483' title='bbox 619 2981 695 3021; x_wconf 81' lang='grc' dir='ltr'>μετὰ</span> <span class='ocrx_word' id='word_1_484' title='bbox 715 2981 888 3021; x_wconf 74' lang='grc' dir='ltr'>Καμὸύσην</span> <span class='ocrx_word' id='word_1_485' title='bbox 915 2983 1054 3024; x_wconf 76' lang='grc' dir='ltr'>βασιλεύ-</span> 
     </span>
     <span class='ocr_line' id='line_1_70' title="bbox 29 3025 1054 3073; baseline 0.007 -16"><span class='ocrx_word' id='word_1_486' title='bbox 29 3034 136 3062; x_wconf 81' lang='grc' dir='ltr'>σαντος</span> <span class='ocrx_word' id='word_1_487' title='bbox 147 3034 155 3041; x_wconf 92' lang='grc'>·</span> <span class='ocrx_word' id='word_1_488' title='bbox 176 3025 228 3058; x_wconf 87' lang='grc' dir='ltr'><strong>ὅτε</strong></span> <span class='ocrx_word' id='word_1_489' title='bbox 250 3028 303 3059; x_wconf 79' lang='grc' dir='ltr'>καὶ</span> <span class='ocrx_word' id='word_1_490' title='bbox 324 3028 484 3064; x_wconf 78' lang='grc' dir='ltr'>Διονύσιος</span> <span class='ocrx_word' id='word_1_491' title='bbox 499 3028 537 3067; x_wconf 81' lang='grc' dir='ltr'><strong>ἦν</strong></span> <span class='ocrx_word' id='word_1_492' title='bbox 554 3029 571 3059; x_wconf 89' lang='grc' dir='ltr'><strong>ὁ</strong></span> <span class='ocrx_word' id='word_1_493' title='bbox 588 3029 757 3069; x_wconf 74' lang='grc' dir='ltr'>Μιλήσιος,</span> <span class='ocrx_word' id='word_1_494' title='bbox 778 3029 828 3061; x_wconf 82' lang='grc' dir='ltr'><strong>ἐπὶ</strong></span> <span class='ocrx_word' id='word_1_495' title='bbox 844 3034 897 3068; x_wconf 87' lang='grc' dir='ltr'><strong>τῆς</strong></span> <span class='ocrx_word' id='word_1_496' title='bbox 913 3031 1054 3073; x_wconf 84' lang='grc' dir='ltr'>πέμπτης</span> 
     </span>
     <span class='ocr_line' id='line_1_71' title="bbox 29 3071 1054 3119; baseline 0.008 -16"><span class='ocrx_word' id='word_1_497' title='bbox 29 3071 82 3103; x_wconf 70' lang='grc' dir='ltr'><strong>καὶ</strong></span> <span class='ocrx_word' id='word_1_498' title='bbox 108 3072 272 3112; x_wconf 74' lang='grc' dir='ltr'>ἑξηκοστῆς</span> <span class='ocrx_word' id='word_1_499' title='bbox 299 3074 524 3115; x_wconf 80' lang='grc' dir='ltr'>Ὀλυμπιάδος,</span> <span class='ocrx_word' id='word_1_500' title='bbox 554 3075 796 3118; x_wconf 76' lang='grc' dir='ltr'>ἱστοριογράφος.</span> <span class='ocrx_word' id='word_1_501' title='bbox 829 3077 994 3119; x_wconf 75' lang='grc' dir='ltr'>Ἡρόδοτος</span> <span class='ocrx_word' id='word_1_502' title='bbox 1021 3080 1054 3111; x_wconf 87' lang='grc' dir='ltr'><strong>δὲ</strong></span> 
     </span>
     <span class='ocr_line' id='line_1_72' title="bbox 29 3118 1053 3166; baseline 0.007 -16"><span class='ocrx_word' id='word_1_503' title='bbox 29 3118 255 3162; x_wconf 77' lang='grc' dir='ltr'>Ἁλικαρνασεὺς</span> <span class='ocrx_word' id='word_1_504' title='bbox 274 3121 425 3162; x_wconf 72' lang='grc' dir='ltr'>ὠφέληται</span> <span class='ocrx_word' id='word_1_505' title='bbox 453 3123 563 3154; x_wconf 78' lang='grc' dir='ltr'>τούτου</span> <span class='ocrx_word' id='word_1_506' title='bbox 588 3123 733 3166; x_wconf 85' lang='grc' dir='ltr'>νεώτερος</span> <span class='ocrx_word' id='word_1_507' title='bbox 752 3123 807 3155; x_wconf 86' lang='grc' dir='ltr'><strong>ὤν.</strong></span> <span class='ocrx_word' id='word_1_508' title='bbox 832 3125 893 3156; x_wconf 85' lang='grc' dir='ltr'>Καὶ</span> <span class='ocrx_word' id='word_1_509' title='bbox 909 3125 947 3164; x_wconf 86' lang='grc' dir='ltr'><strong>ἦν</strong></span> <span class='ocrx_word' id='word_1_510' title='bbox 963 3125 1053 3157; x_wconf 82' lang='grc' dir='ltr'>ἀκου-</span> 
     </span>
     <span class='ocr_line' id='line_1_73' title="bbox 27 3165 1052 3213; baseline 0.005 -15"><span class='ocrx_word' id='word_1_511' title='bbox 27 3165 102 3205; x_wconf 75' lang='grc' dir='ltr'>στὴς</span> <span class='ocrx_word' id='word_1_512' title='bbox 117 3167 323 3210; x_wconf 81' lang='grc' dir='ltr'>Πρωταγόρου</span> <span class='ocrx_word' id='word_1_513' title='bbox 340 3170 357 3200; x_wconf 85' lang='grc' dir='ltr'><strong>ὁ</strong></span> <span class='ocrx_word' id='word_1_514' title='bbox 373 3169 549 3206; x_wconf 78' lang='grc' dir='ltr'>Ἑκαταῖος.</span> <span class='ocrx_word' id='word_1_515' title='bbox 584 3172 710 3212; x_wconf 81' lang='grc' dir='ltr'>Πρῶτος</span> <span class='ocrx_word' id='word_1_516' title='bbox 735 3170 768 3201; x_wconf 84' lang='grc' dir='ltr'><strong>δὲ</strong></span> <span class='ocrx_word' id='word_1_517' title='bbox 794 3171 930 3213; x_wconf 88' lang='grc' dir='ltr'>ἱστορίαν</span> <span class='ocrx_word' id='word_1_518' title='bbox 955 3176 1052 3210; x_wconf 88' lang='grc' dir='ltr'>πεζῶς</span> 
     </span>
     <span class='ocr_line' id='line_1_74' title="bbox 27 3210 1052 3260; baseline 0.007 -16"><span class='ocrx_word' id='word_1_519' title='bbox 27 3210 180 3254; x_wconf 77' lang='grc' dir='ltr'>ἐξήνεγκε·</span> <span class='ocrx_word' id='word_1_520' title='bbox 198 3217 375 3258; x_wconf 78' lang='grc' dir='ltr'>συγγραφὴν</span> <span class='ocrx_word' id='word_1_521' title='bbox 399 3217 432 3249; x_wconf 85' lang='grc' dir='ltr'><strong>δὲ</strong></span> <span class='ocrx_word' id='word_1_522' title='bbox 452 3217 638 3260; x_wconf 73' lang='grc' dir='ltr'>Φερεκύδης.</span> <span class='ocrx_word' id='word_1_523' title='bbox 659 3218 706 3249; x_wconf 85' lang='grc' dir='ltr'><strong>Τὰ</strong></span> <span class='ocrx_word' id='word_1_524' title='bbox 721 3217 779 3260; x_wconf 80' lang='grc' dir='ltr'><strong>γὰρ</strong></span> <span class='ocrx_word' id='word_1_525' title='bbox 793 3217 993 3251; x_wconf 81' lang='grc' dir='ltr'>Ἀκουσιλάου</span> <span class='ocrx_word' id='word_1_526' title='bbox 1006 3231 1052 3252; x_wconf 87' lang='grc' dir='ltr'>νο-</span> 
     </span>
    </p>

    <p class='ocr_par' dir='ltr' id='par_1_13' title="bbox 112 3271 155 3293">
     <span class='ocr_line' id='line_1_75' title="bbox 112 3271 155 3293; baseline 0.023 -1"><span class='ocrx_word' id='word_1_527' title='bbox 112 3271 155 3293; x_wconf 87' lang='grc' dir='ltr'>αι.</span> 
     </span>
    </p>

    <p class='ocr_par' dir='ltr' id='par_1_14' title="bbox 31 3306 1050 3403">
     <span class='ocr_line' id='line_1_76' title="bbox 69 3306 1050 3356; baseline 0.005 -15"><span class='ocrx_word' id='word_1_528' title='bbox 69 3306 114 3350; x_wconf 80' lang='lat'><strong>(2)</strong></span> <span class='ocrx_word' id='word_1_529' title='bbox 137 3309 467 3349; x_wconf 68' lang='lat' dir='ltr'><strong>Suidasz‘ffl).ai·aei·t.0;</strong></span> <span class='ocrx_word' id='word_1_530' title='bbox 555 3313 609 3344; x_wconf 78' lang='grc' dir='ltr'>καὶ</span> <span class='ocrx_word' id='word_1_531' title='bbox 639 3312 799 3353; x_wconf 78' lang='grc' dir='ltr'>Ἑκαταίῳ</span> <span class='ocrx_word' id='word_1_532' title='bbox 828 3316 874 3354; x_wconf 88' lang='grc' dir='ltr'><strong>τῷ</strong></span> <span class='ocrx_word' id='word_1_533' title='bbox 905 3314 1050 3356; x_wconf 88' lang='grc' dir='ltr'>Μιλησίῳ</span> 
     </span>
     <span class='ocr_line' id='line_1_77' title="bbox 31 3351 900 3403; baseline 0.007 -17"><span class='ocrx_word' id='word_1_534' title='bbox 31 3351 154 3388; x_wconf 73' lang='grc' dir='ltr'>ἔπέδοιλε</span> <span class='ocrx_word' id='word_1_535' title='bbox 168 3357 305 3398; x_wconf 74' lang='grc' dir='ltr'>γεγονότι</span> <span class='ocrx_word' id='word_1_536' title='bbox 322 3359 400 3390; x_wconf 70' lang='grc' dir='ltr'>κατὰ</span> <span class='ocrx_word' id='word_1_537' title='bbox 412 3360 449 3390; x_wconf 73' lang='grc' dir='ltr'><strong>τὰ</strong></span> <span class='ocrx_word' id='word_1_538' title='bbox 466 3360 606 3401; x_wconf 77' lang='grc' dir='ltr'>Περσικὰ</span> <span class='ocrx_word' id='word_1_539' title='bbox 625 3361 676 3392; x_wconf 74' lang='grc' dir='ltr'>καὶ</span> <span class='ocrx_word' id='word_1_540' title='bbox 698 3364 799 3403; x_wconf 78' lang='grc' dir='ltr'>μικρῷ</span> <span class='ocrx_word' id='word_1_541' title='bbox 815 3360 900 3402; x_wconf 82' lang='grc' dir='ltr'>πρὸς.</span> 
     </span>
    </p>
   </div>
  </div>
 </body>
</html>
