2294 3704
117 172 210 200 xxtl

117 258 251 288 octava
266 248 327 299 (fr.
348 246 428 295 27).
458 247 692 294 Temporum
712 239 920 279 secundum
936 237 1138 288 Olympia-

118 309 184 346 des
206 305 530 356 computationem
550 316 568 339 a
589 300 735 339 Xanthi
753 306 864 336 aetate
878 297 1039 334 alienam
1055 308 1138 333 esse

122 379 234 405 nemo
254 364 386 402 nescit.
416 362 531 401 Tueri
558 360 633 396 hoc
658 357 781 408 possis
804 370 826 393 a
846 355 990 393 seriore
1008 354 1140 392 dicens

121 425 275 463 homine
299 421 446 460 Xanthi
471 418 636 457 calculos
660 415 705 452 ad
725 413 1000 465 olympiadum
1020 425 1139 450 annos

100 490 275 533 {exactos
304 493 406 528 esse,
438 489 560 526 neque
588 475 670 524 ipse
699 473 911 524 refragarer
935 471 1140 523 quominus

100 544 104 550 ’
125 541 246 579 simile
272 537 363 588 quid
383 534 531 574 Xanthi
548 532 723 582 Lydiacis
735 532 916 570 accidisse
932 539 1141 569 statuerem

122 613 166 636 ac
194 595 396 635 Hellenicis
436 591 731 642 Xenophontis,
758 591 832 628 nisi
873 591 984 628 aliam
1026 587 1141 638 hujus

123 652 400 694 anachronismi
415 662 565 688 causam
586 650 742 687 doceret
760 655 956 687 Artemon.
983 648 1089 686 Sicut
1103 646 1140 683 in

124 712 358 764 temporibus
380 709 557 747 notandis
577 707 880 758 Scytobrachion
901 715 1034 744 contra
1056 717 1141 742 mo-

123 785 200 809 rem
221 768 457 820 antiquitatis
474 767 665 818 peccavit,
689 766 824 804 eodem
842 765 956 803 modo
971 765 1142 802 Alexan-

124 830 256 867 drinus
277 826 546 878 grammaticus
565 826 605 863 in
627 825 699 863 ista
721 838 803 863 sese
823 823 952 875 prodit
968 822 1145 873 genealo—

124 888 196 937 gia,
215 899 299 936 quae
316 884 518 922 Tantalum
539 893 576 921 et
597 884 771 921 Ascalum
786 883 884 923 filios
901 882 992 919 sacit
1006 884 1146 930 Hyme-

124 945 198 982 naei
216 944 278 996 (fr.
308 943 388 994 23).
410 943 524 980 Aliud
547 942 693 981 fraudis
715 942 896 980 indicium
916 942 1013 978 inest
1034 939 1146 977 Plinii

126 1004 209 1040 loco
227 1002 288 1052 (fr.
317 1016 377 1052 19,
397 1015 435 1052 p.
459 1002 549 1052 40),
569 1014 683 1052 quem
712 1014 760 1039 ex
791 1000 949 1038 Xantho
983 999 1145 1049 petitum

125 1077 206 1100 esse
240 1071 349 1100 acute
379 1061 473 1099 vidit
506 1065 726 1101 Creuzerus.
747 1065 935 1100 Narratur
966 1059 1018 1096 ibi
1047 1061 1146 1097 Can-

126 1122 268 1169 daules,
279 1134 347 1158 rex
360 1115 571 1170 Lydorum,
581 1121 768 1171 picturam
781 1124 999 1170 Magnetum
1009 1118 1147 1157 excidii

127 1181 210 1231 pari
226 1179 443 1230 rependisse
460 1193 568 1219 auro.
586 1179 699 1227 Quod
720 1192 834 1230 quam
854 1180 903 1216 sit
919 1178 1125 1216 absurdum
1136 1205 1146 1225 ,

126 1239 192 1276 vix
217 1247 274 1276 est
311 1251 378 1275 cur
398 1237 573 1288 pluribus
603 1238 812 1276 ostendam.
842 1241 1025 1275 Praeterea
1064 1249 1148 1287 quae

127 1297 175 1334 de
194 1300 369 1346 Magnete
397 1305 434 1334 et
461 1296 506 1334 de
536 1309 630 1347 rogo
650 1297 768 1335 Croesi
808 1310 829 1335 e
850 1296 1006 1335 Xantho
1044 1295 1148 1346 apud

127 1356 331 1393 Nicolaum
353 1356 543 1406 leguntur,
565 1356 686 1406 ipsius
710 1355 938 1393 narrationis
958 1362 1090 1392 tenore
1111 1365 1150 1391 et

127 1413 377 1450 adornatione
404 1415 585 1451 seriorem
612 1422 760 1452 aetatem
786 1414 973 1461 redolent,
990 1413 1149 1463 aliisque

129 1472 176 1510 de
190 1473 342 1518 caussis,
361 1472 408 1510 de
421 1472 561 1522 quibus
577 1473 817 1511 Welckerum
835 1472 959 1519 adeas,
976 1479 1150 1523 suspecta

129 1538 228 1568 sunt.
247 1533 331 1568 Huc
348 1530 492 1567 accedit
520 1530 624 1581 quod
648 1528 771 1568 eidem
795 1531 950 1568 Xantho
964 1530 1011 1567 de
1028 1529 1150 1580 Magis

130 1602 230 1640 opus
250 1589 491 1636 adscribitur,
509 1589 633 1639 quod,
651 1602 770 1640 quum
789 1590 829 1626 in
849 1589 1016 1627 auctoris
1030 1589 1151 1626 nostri

130 1656 302 1697 tempora
332 1647 488 1684 omnino
523 1661 600 1685 non
629 1648 762 1695 cadat,
794 1649 1039 1699 suppositum
1069 1661 1150 1685 esse

124 1705 204 1755 jam
223 1718 246 1742 a
261 1705 391 1755 *priori
413 1705 640 1743 concludere
659 1706 809 1752 liceret,
831 1707 900 1744 nisi
923 1707 1085 1743 alterum
1104 1719 1152 1742 ex

130 1764 280 1801 duobus
294 1765 531 1814 fragmentis,
546 1778 632 1815 quae
649 1773 800 1802 servata
815 1764 1000 1802 habemus
1012 1794 1022 1812 ‚
1037 1778 1152 1814 aper-

131 1832 167 1860 ta
199 1836 275 1872 prae
301 1836 340 1859 se
366 1824 479 1861 ferret
499 1823 605 1873 signa
627 1822 812 1861 falsitatis.
837 1826 940 1874 Apta
963 1837 1051 1860 vero
1071 1823 1151 1861 haec

130 1883 286 1929 materia
296 1882 376 1928 fuit,
386 1883 422 1918 iu
434 1895 508 1932 qua
516 1882 794 1919 Alexandrinus
802 1882 918 1920 homo
927 1882 1151 1919 commentis

130 1940 206 1977 suis
228 1948 265 1977 et
284 1939 598 1977 hariolationibus
614 1940 848 1990 indulgeret,
865 1941 989 1991 iisque
1006 1940 1151 1978 Xanthi

130 1999 282 2036 nomine
310 1999 478 2036 studeret
506 1998 618 2036 fidem
644 1999 850 2036 conciliare
877 2007 917 2036 et
947 1998 1152 2035 auctorita-

132 2066 219 2095 tem.
237 2061 289 2095 Ut
309 2070 504 2108 magorum
535 2057 714 2108 historia,
733 2057 786 2095 sic
811 2058 925 2095 etiam
948 2058 1028 2094 vita
1059 2061 1151 2095 Em-

129 2116 301 2167 pedoclis
318 2117 433 2153 multa
453 2116 714 2167 suppeditavit
731 2116 957 2154 miraculosa
971 2115 1153 2153 liberum<

130 2246 283 2283 quoque
303 2233 480 2272 Xanthus
493 2233 635 2271 librum
655 2235 854 2285 scripsisse
868 2235 1150 2281 dicitur.Quem

130 2292 186 2328 uti
214 2304 364 2329 summo
383 2291 471 2342 jure
502 2292 576 2329 viri
608 2293 712 2330 docti
740 2294 846 2344 Lydo
866 2294 1013 2331 auctori
1034 2292 1150 2342 abju-

130 2350 354 2388 dicaverunt
375 2379 385 2397 ‚
419 2350 473 2388 sic
509 2350 557 2388 ad
592 2352 757 2390 eundem
789 2366 878 2390 eum
910 2352 1152 2390 referendum

129 2422 210 2446 esse
240 2409 306 2459 qui
335 2409 484 2458 Magica
518 2411 819 2457 consarcinavit,
851 2410 1064 2462 probabilis
1096 2419 1153 2448 est

130 2463 353 2518 conjectura
379 2469 581 2506 Welckeri.
609 2470 730 2519 Igitur
744 2484 862 2521 quum
887 2471 1046 2508 intanta
1070 2471 1150 2508 fra-

130 2535 372 2577 gmentorum
389 2528 581 2577 paucitate
596 2535 652 2564 tot
665 2538 866 2567 occurrant
884 2530 1028 2568 fraudis
1043 2529 1151 2567 vesti-

130 2585 189 2634 gia
201 2611 210 2629 ,
226 2584 287 2621 his
303 2584 334 2622 si
356 2586 579 2622 Artemonis
593 2585 782 2636 judicium
805 2588 989 2638 adjungas
1003 2617 1014 2635 ,
1028 2589 1152 2626 omnis

130 2643 176 2680 de
196 2644 357 2680 veritate
387 2644 468 2694 ejus
497 2644 687 2682 dubitatio
709 2647 951 2685 rescinditur.
978 2648 1058 2686 Nec
1089 2655 1149 2685 ta-

130 2714 216 2738 men
244 2711 451 2752 propterea
476 2704 772 2742 existimandum
792 2706 888 2743 nihil
915 2719 987 2743 nos
1007 2706 1151 2744 habere

131 2772 177 2795 ex
209 2772 301 2796 vero
335 2761 493 2798 Xantho
528 2771 734 2800 servatum.
770 2765 886 2811 Nam,
920 2773 963 2802 ut
1004 2765 1149 2802 mittam

131 2830 214 2866 quae
233 2818 279 2855 de
301 2819 432 2869 Lydiae
467 2830 604 2859 natura
622 2823 725 2872 apud
749 2823 979 2861 Strabonem
1004 2837 1050 2861 ex
1068 2827 1145 2862 No>

132 2883 210 2912 stro
243 2877 421 2924 citantur,
441 2880 514 2917 alia
535 2889 686 2918 exstant
706 2883 924 2932 complura,
944 2896 1030 2933 quae
1049 2885 1150 2921 anti-

131 2947 209 2983 quo
240 2935 551 2988 historiographo
583 2940 729 2989 optime
761 2941 1008 2977 conveniant.
1044 2944 1150 2980 Inter

131 2991 212 3028 haec
227 3005 313 3028 cum
331 2996 531 3032 Welckero
548 3011 664 3047 pono,
682 2999 954 3049 quaeleguntur
973 3000 1021 3038 de
1037 3003 1149 3039 Cario

131 3057 169 3087 et
187 3050 389 3088 Torrhebo
410 3053 470 3098 (fr.
494 3067 514 3090 2
528 3054 559 3104 ),
580 3056 628 3093 de
648 3058 941 3106 Tyrrhenorum
958 3067 995 3096 et
1016 3059 1148 3109 Lydo—

132 3121 216 3144 rum
247 3109 474 3157 cognatione
492 3112 560 3161 (sr.
591 3115 646 3163 1),
669 3115 716 3151 de
735 3116 888 3166 Alyatte
918 3125 956 3154 et
983 3117 1148 3168 Phrygia

130 3166 288 3203 muliere
307 3166 369 3217 (sr.
384 3166 437 3216 8),
456 3168 503 3206 de
521 3171 666 3208 Alcinio
687 3182 724 3210 et
745 3178 886 3225 Mopso
903 3175 966 3227 (fr.
992 3189 1051 3224 10,
1072 3191 1085 3214 ι
1098 3177 1147 3226 1),

129 3225 175 3262 de
190 3224 458 3277 Camblete(sr.
483 3228 562 3277 12),
580 3229 626 3266 de
643 3232 766 3270 Niobe
785 3234 857 3284 (fr.
893 3235 971 3286 13).
989 3236 1149 3274 Videtur

129 3283 257 3333 itaque
301 3283 505 3332 Dionysius
544 3287 808 3335 Mytilenensis
852 3306 954 3330 nova
994 3294 1145 3344 quidem

129 3342 293 3391 Lydiaca
318 3342 533 3381 condidisse
550 3374 560 3393 7
583 3345 632 3382 ita
655 3354 799 3396 tamen,
817 3358 859 3387 ut
876 3354 1017 3390 veteris
1037 3357 1145 3392 Xan-

1008 150 1075 189 DE
1103 148 1330 189 ΧΑΝΤΗΟ,

1171 256 1174 279 ;
1198 237 1255 274 thi
1281 235 1487 282 historias,
1507 245 1626 287 prout
1653 250 1713 276 res
1734 245 1772 275 et
1798 235 2000 275 consilium
2023 237 2218 285 ferebant,

1196 295 1244 332 iis
1261 295 1517 332 admiscuerit.

1250 353 1440 391 Nimirum
1483 361 1658 391 veterum
1694 353 1963 391 historicorum
2001 353 2222 404 simplicitas

1198 411 1402 459 sermonis,
1430 424 1557 448 rerum
1589 411 1813 449 traditarum
1842 413 2012 464 paucitas
2042 412 2224 464 aridaque

1199 483 1329 507 earum
1351 470 1586 507 enumeratio
1605 483 1684 508 non
1705 471 1831 521 potuit
1861 471 1971 510 valde
1995 472 2144 522 placere
2170 472 2222 510 il·—

1199 528 1271 565 lius
1291 527 1511 565 hominibus
1527 528 1665 576 aetatis,
1682 542 1766 579 quae
1783 543 1897 567 omne
1912 543 2030 580 genus
2050 531 2225 568 doctrina

1201 585 1440 633 abundabat,
1460 599 1546 636 quae
1569 586 1768 625 historicos
1789 596 1949 625 noverat
1971 587 2108 638 judicii
2135 601 2226 626 acu-

1203 646 1305 684 mine
1335 654 1560 696 praestantes
1587 660 1810 698 summaque
1830 648 2017 698 pollentes
2035 648 2224 698 eloquen-

1203 705 1277 753 tia,
1303 704 1371 742 ubi
1403 704 1569 755 denique
1609 718 1738 743 rerum
1765 706 2018 756 mythicarum
2052 707 2228 745 tractatio

1202 763 1430 811 invaluerat,
1449 776 1525 814 qua
1543 763 1592 801 ad
1611 764 1822 803 communis
1840 764 2011 803 historiae
2027 765 2229 804 veritatem

1204 822 1352 860 fabulas
1366 835 1548 860 revocare
1566 822 1772 860 studerent.
1794 821 1912 874 Cujus
1938 823 2227 874 interpretatio-

1203 881 1262 919 nis
1281 882 1456 931 quamvis
1484 881 1609 932 prima
1626 881 1734 919 initia
1765 881 1814 919 ad
1843 883 1948 933 ipsos
1971 882 2230 934 logographos

1204 940 1439 990 pertineant,
1460 940 1587 976 tamen
1607 938 1735 978 sobrie
1754 940 1964 979 admodum
1981 950 2021 979 et
2041 942 2230 992 religiosi-

1206 1007 1283 1036 tate
1317 998 1479 1049 quadam
1513 1006 1724 1049 temperata
1755 999 2036 1050 adhibebatur,
2071 1009 2229 1052 totoque

1205 1059 1302 1096 coelo
1337 1057 1503 1096 distabat
1540 1057 1589 1095 ab
1625 1058 1973 1098 Alexandrinorum
2004 1061 2156 1099 licentia
2192 1070 2230 1099 et

1205 1117 1415 1156 insulsitate
1431 1117 1497 1168 (1).
1521 1119 1624 1168 Ergo
1653 1118 1810 1168 antiqua
1841 1119 1905 1156 illa
1935 1120 2075 1171 scripta
2102 1121 2142 1158 in
2166 1121 2230 1159 in-

1208 1177 1311 1227 genti
1341 1189 1532 1214 novor-um
1570 1175 1759 1214 librorum
1798 1178 2040 1217 multitudine
2071 1179 2230 1230 plurimi

1209 1233 1550 1282 obliviscebantur,
1570 1233 1691 1272 doctis
1715 1243 1753 1272 et
1765 1235 2006 1287 philosophis
2017 1245 2125 1275 erant
2137 1251 2232 1276 con-

1209 1293 1356 1331 temtui.
1376 1297 1521 1331 Verum
1548 1293 1621 1330 hoc
1640 1294 1724 1345 ipso
1744 1303 1918 1346 tempore
1937 1296 2048 1349 (inde
2071 1297 2120 1336 ab
2141 1298 2231 1336 lon-—

1209 1352 1360 1402 ginquis
1388 1351 1698 1402 expeditionibus
1727 1354 1960 1405 Alexandri)
1978 1356 2234 1395 multitudinis

1209 1411 1356 1449 animos
1375 1405 1506 1448 mirus⁸
1515 1411 1670 1461 quidam
1692 1425 1800 1450 amor
1819 1413 1958 1451 invasit
1972 1415 2233 1454 narrationum

1209 1470 1439 1508 mirabilium
1450 1499 1461 1517 ‚
1478 1469 1716 1520 phantasiam
1736 1470 1984 1510 excitantium
1996 1501 2005 1518 ,
2021 1473 2226 1512 incredibi-

1209 1529 1316 1566 lium.
1331 1531 1465 1578 Neque
1484 1527 1688 1566 defuerunt
1704 1529 1928 1579 scriptores,
1946 1531 2013 1581 qui
2029 1531 2119 1569 huic
2137 1540 2232 1570 aeta-

1212 1588 1258 1625 tis
1294 1587 1451 1637 ingenio
1486 1585 1728 1636 'indulgentes
1762 1587 1899 1638 populi
1924 1588 2232 1628 benevolentiam

1209 1652 1417 1696 captarent.
1441 1645 1568 1694 Atque
1597 1645 1636 1682 hi
1670 1645 1784 1682 fuisse
1815 1645 2008 1693 videntur,
2037 1648 2104 1698 qui
2132 1647 2232 1687 haud

1210 1716 1374 1755 parvum
1399 1703 1439 1740 in
1468 1711 1616 1740 veteres
1639 1703 1824 1753 quosdam
1857 1705 2064 1755 scriptores
2093 1704 2234 1743 benefi-
2289 1739 2294 1742 .

1210 1763 1309 1800 cium
1335 1761 1528 1809 conferre,
1545 1762 1732 1812 simulque
1757 1762 1833 1800 suis
1861 1762 2034 1813 ipsorum
2060 1777 2234 1802 commo-

1212 1820 1270 1859 dis
1288 1820 1435 1871 optime
1453 1821 1651 1858 consulere
1667 1828 1864 1871 putarent,
1878 1821 1909 1858 si
1925 1822 2081 1859 nomina
2100 1835 2234 1860 eorum

1210 1893 1258 1917 ex
1277 1879 1472 1917 oblivione
1499 1879 1539 1916 in
1556 1879 1674 1916 vitam
1702 1887 1880 1917 revocata
1899 1881 1977 1918 suis
1995 1880 2234 1919 lucubratio-

1210 1939 1324 1977 nibus
1343 1938 1665 1990 praefigerent‚ut
1697 1951 1759 1975 eas
1791 1937 1913 1975 doctis
1946 1939 2105 1978 sortasse
2134 1948 2233 1977 tam-

1211 2011 1326 2048 quam
1368 2010 1528 2044 novam,
1567 1996 1837 2047 locupletatam
1876 1997 2072 2048 aetatisque
2114 1997 2235 2036 indoli

1210 2056 1427 2107 adaptatam
1456 2055 1597 2093 veteris
1616 2055 1743 2106 operis
1772 2054 1979 2093 editionem
2004 2056 2233 2106 probarent,

1213 2114 1404 2165 praecipue
1429 2121 1579 2160 autem,
1600 2122 1644 2150 ut
1661 2113 1763 2164 apud
1785 2114 2065 2152 multitudinem
2093 2116 2234 2153 veteris
2283 2126 2287 2127 ⁷

1210 2173 1374 2210 nominis
1394 2172 1588 2222 praestigio
1606 2172 1827 2210 commentis
1847 2172 1923 2209 suis
1948 2173 2120 2210 veritatis
2142 2187 2235 2224 spe-

1210 2232 1307 2269 ciem
1325 2230 1551 2282 praeberent.
1567 2233 1662 2276 Quae
1679 2243 1772 2268 vero
1793 2231 1969 2268 materies
1989 2232 2054 2269 tali
2076 2233 2235 2270 consilio

1210 2289 1448 2327 commodior
1478 2301 1559 2327 sese
1589 2288 1729 2326 obtulit
1762 2302 1876 2339 quam
1909 2289 2068 2327 historia
2100 2304 2234 2341 regum

1210 2347 1428 2397 Lydorum?
1469 2346 1572 2397 quod
1601 2346 1739 2384 deinde
1765 2361 1904 2385 nomen
1933 2347 1982 2385 ad
2013 2348 2142 2386 fucum
2172 2350 2234 2388 fa-
2287 2348 2294 2354 ”

1211 2406 1389 2444 ciendum
1407 2406 1524 2456 vulgo
1548 2406 1667 2455 magis
1683 2406 1864 2443 idoneum
1881 2419 1998 2456 quam
2013 2407 2108 2444 illud
2123 2410 2235 2445 Xan-

1212 2465 1267 2503 thi
1302 2465 1424 2515 Lydi?
1462 2464 1586 2511 Quid,
1625 2465 1656 2502 si
1697 2465 1944 2503 Welckerum
1971 2465 2126 2513 audias,
2157 2480 2235 2504 non

1211 2524 1379 2568 contenti
1398 2531 1506 2561 erant
1537 2523 1614 2560 suis
1634 2523 1742 2560 libris
1771 2523 2014 2573 antiquorum
2035 2532 2234 2562 auctorum

1211 2581 1366 2618 nomina
1396 2580 1625 2628 inscribere,
1657 2581 1723 2618 sed
1757 2581 1893 2618 eodem
1919 2582 2078 2619 consilio
2100 2595 2229 2620 eorum

1212 2640 1412 2687 familiam,
1443 2640 1625 2690 patriam,
1655 2647 1802 2677 aetatem
1842 2640 2075 2678 mendaciter
2105 2649 2232 2679 muta-

1210 2707 1360 2736 verunt.
1378 2701 1435 2737 Ne
1451 2699 1574 2736 dicam
1595 2698 1643 2736 de
1660 2697 1783 2746 (leba,
1804 2711 1929 2748 neque
1948 2698 1996 2736 de
2015 2699 2232 2747 Pandione,
2290 2747 2291 2750 Ἰ

1210 2771 1372 2808 quorum
1408 2758 1470 2795 ille
1504 2757 1692 2804 Acusilai,
1713 2757 1777 2794 hic
1799 2757 1931 2794 Cadmi
1956 2757 2093 2795 Milesii
2123 2765 2234 2808 pater

1211 2817 1327 2854 fulsse
1342 2816 1495 2863 dicitur3
1514 2816 1731 2854 Candaulen
1752 2815 1859 2853 illum
1873 2815 2019 2854 Xanthi
2035 2823 2232 2867 parentem

1210 2876 1436 2913 Welckerus
1453 2883 1562 2925 putat
1575 2887 1597 2911 a
1610 2873 1934 2924 Scytobrachione
1946 2873 2112 2912 effictum
2126 2887 2208 2913 esse
2219 2904 2232 2924 ,

1210 2947 1335 2983 neque
1378 2934 1502 2971 solum
1539 2941 1688 2983 patrem
1733 2931 2046 2980 celeberrimum,
2076 2945 2100 2970 a
2143 2946 2232 2983 rege

1210 2992 1402 3029 Candaule
1422 2992 1503 3030 sine
1519 2991 1638 3029 dubio
1655 3004 1773 3042 genus
1789 2990 2009 3039 ducentem,
2030 2990 2097 3029 sed
2115 2991 2232 3030 etiam

1209 3050 1346 3089 Sardes
1364 3051 1526 3101 patriam
1558 3050 1801 3087 clarissimam
1813 3078 1823 3097 ,
1843 3048 1951 3099 cujus
1978 3049 2086 3087 urbis
2105 3062 2230 3100 expu-

1209 3109 1380 3159 gnationi
1414 3109 1592 3146 Xanthus
1622 3116 1679 3145 tot
1712 3107 1930 3145 nominibus
1954 3106 2035 3157 jam
2072 3117 2231 3146 ornatus

1208 3181 1283 3204 non
1305 3167 1432 3218 potuit
1458 3180 1536 3204 non
1558 3166 1785 3203 interfuisse.
1809 3165 2046 3216 Conjecturis
2064 3166 2144 3204 haec
2165 3167 2226 3204 ni—

1208 3234 1432 3273 tuntur‚nec
1453 3234 1578 3262 tamen
1593 3224 1642 3262 ab
1656 3225 1760 3262 omni
1779 3224 1904 3274 specie
1924 3224 2004 3262 veri
2023 3223 2226 3266 destitutis.

1250 3317 1295 3358 (1)
1317 3316 1436 3349 Videas
1465 3325 1494 3348 e.
1516 3325 1546 3357 g.
1577 3315 1741 3357 quomodo
1765 3318 1909 3348 Mnaseas
1927 3315 2013 3357 apud
2037 3316 2226 3349 Athenaeum

1206 3364 1416 3406 explicaverit
1430 3372 1505 3402 quae
1521 3363 1665 3396 Xanthus
1682 3365 1720 3396 sr.
1740 3367 1749 3396 1
1763 3367 1771 3395 ι
1792 3363 1832 3395 de
1846 3365 1993 3403 Atei-gate
2011 3364 2163 3396 narravit.
