2294 3704
130 190 261 216 txvm

130 265 305 302 inimicos
323 263 371 301 ab
391 265 531 301 Nostro
555 261 731 311 fatigatos
759 271 861 306 esse,
888 270 1016 295 rerum
1039 257 1150 294 docet

131 332 299 361 eventus.
329 323 478 361 Etenim
502 322 592 358 dum
615 318 836 357 Alexander
866 317 1014 355 viveret
1035 325 1150 367 atque

131 382 233 431 regia
253 383 390 419 domus
410 380 636 417 auctoritate
655 377 780 414 adhuc
816 376 1000 427 polleret,
1042 376 1149 425 pejus

133 439 278 489 aliquid
293 439 333 476 iu
354 439 650 487 Theopompum
676 442 843 472 statuere
863 447 941 471 non
968 432 1151 470 videntur

134 498 236 548 ausi3
259 497 415 535 simulac
457 507 548 533 vero
567 494 625 531 his
649 493 837 543 praesidiis
861 491 1017 529 orbatus
1033 499 1151 541 esset,

134 568 246 605 quem
267 554 453 605 putabant
471 553 574 603 pacis
595 551 907 603 perturbatorem
932 559 969 588 et
993 549 1152 587 maledi-

133 627 221 650 cum
237 613 408 650 omnium
426 625 553 649 rerum
580 618 906 661 contemptorem,
929 609 1055 646 denuo
1083 621 1153 659 pa-

135 671 206 707 tria
219 670 459 720 expulerunt.
481 669 660 719 Confugit
678 669 716 706 in
738 671 946 719 AEgyptum
962 666 1009 704 ad
1026 679 1151 716 regem

133 729 391 765 Ptolemaeum.
423 731 507 766 Jam
538 741 657 778 quum
686 727 748 766 Ol.
785 727 880 772 118,
899 732 919 770 4
938 725 986 762 sit
1006 725 1152 775 primus

135 799 256 823 annus
274 790 370 836 regis
387 787 605 836 Ptolemaei,
630 785 661 823 si
684 784 837 836 quidem
853 785 1029 830 Photius,
1051 782 1153 832 quod

134 843 346 895 addubito,
370 853 546 883 accurate
575 845 726 882 locutus
760 851 831 891 est,
877 843 917 880 in
944 845 1153 892 AEgyptum

133 903 238 939 venit
269 916 389 940 annos
423 913 537 941 natus
574 903 675 940 circa
709 902 951 952 septuaginta
973 901 1151 950 quinque.

134 961 469 1008 Quemadmodum
489 974 583 999 vero
604 969 684 998 tum
702 960 973 1010 Theopompus
995 965 1155 1008 propter

134 1019 439 1057 maledicentiam
455 1033 563 1058 suam
597 1027 635 1057 et
645 1019 886 1056 inimicorum
898 1047 909 1065 ,
929 1017 1041 1055 sicuti
1055 1020 1156 1053 Ana—

134 1078 314 1125 ximenis,
332 1077 379 1115 de
396 1091 474 1128 quo
493 1085 625 1128 postea
637 1106 647 1123 ,
666 1078 765 1114 mala
777 1077 934 1113 artificia
948 1089 968 1112 a
983 1083 1063 1112 tota
1076 1074 1155 1110 sere

133 1136 277 1173 Graecia
314 1137 353 1173 in
386 1137 477 1174 odio
512 1135 741 1182 habebatur,
773 1135 827 1172 sic
857 1148 880 1172 a
903 1133 1154 1183 Philadelpho

134 1207 306 1244 quoque,
327 1195 389 1232 cui
408 1203 488 1232 tum
503 1194 713 1233 Alexandri
726 1194 934 1231 admirator
952 1206 1029 1229 non
1047 1191 1155 1229 valde

134 1254 288 1302 placere
320 1255 466 1304 potuit,
490 1268 567 1291 non
601 1255 722 1291 solum
757 1253 941 1290 malevole
972 1259 1155 1302 exceptus

133 1319 208 1358 est,
230 1312 295 1349 sed
319 1313 430 1349 etiam
456 1326 476 1350 e
502 1312 628 1350 medio
660 1319 758 1349 esset
784 1310 975 1357 sublatus,
1006 1309 1078 1346 nisi
1108 1309 1155 1346 ab

134 1370 265 1407 amicis
281 1370 511 1421 quibusdam
540 1370 654 1420 hujus
679 1370 828 1407 consilii
857 1369 998 1406 certior
1016 1368 1157 1413 factus,

134 1428 225 1478 suga
244 1430 480 1480 quaesivisset
501 1431 672 1469 salutem.
697 1431 787 1466 Haec
807 1437 895 1465 sunt
913 1440 998 1478 quae
1019 1427 1157 1466 devita

134 1487 383 1539 Theopompi
413 1487 524 1525 nobis
556 1488 817 1525 innotuerunt.
851 1489 942 1534 Quae
965 1494 1158 1535 postrema

134 1543 217 1595 ejus
249 1547 326 1584 fata
348 1547 489 1584 fuerint
515 1554 553 1583 et
586 1559 662 1596 quo
685 1547 771 1583 loco
791 1553 828 1582 et
849 1559 926 1595 quo
948 1553 1121 1594 tempore
1137 1558 1158 1582 e

135 1605 214 1642 vita
245 1605 479 1652 discesserit,
514 1605 718 1642 nescimus.
765 1607 897 1654 Neque
931 1611 1058 1640 tamen
1093 1602 1158 1639 diu

96 1714 98 1716 q
137 1671 224 1714 post
245 1665 307 1702 ol.
335 1679 348 1701 1
362 1667 420 1711 18,
444 1666 465 1701 3
489 1677 574 1702 eum
595 1664 735 1702 vixisse
749 1677 796 1701 ex
818 1662 968 1713 legibus
987 1663 1159 1700 humanae

137 1730 284 1759 naturae
303 1731 441 1774 sponte
457 1723 691 1773 intelligitur.

191 1784 298 1818 Inter
318 1794 434 1831 opera
452 1794 473 1818 a
492 1781 747 1831 Theopompo
770 1780 988 1830 conscripta
1006 1792 1026 1816 a
1044 1776 1157 1817 Suida

138 1839 266 1888 primo
298 1840 384 1876 loco
431 1839 611 1876 laudatur
647 1836 826 1888 Ἐπιτομὴ
866 1839 934 1875 τῶν
971 1835 1158 1889 Ἡροδότου

138 1898 311 1949 ἱστοριῶν.
335 1897 409 1935 Sed
434 1897 513 1947 jam
535 1897 692 1934 Vossius
724 1899 796 1947 (De
819 1896 913 1933 Hist.
944 1899 1010 1933 Gr.
1035 1909 1074 1945 p.
1100 1896 1159 1938 16,

141 1955 203 2006 31)
225 1955 439 2002 dubitavit,
457 1969 550 1992 num
571 1968 659 1992 vere
678 1955 816 1993 Noster
840 1954 956 2004 hujus
983 1953 1160 2004 opusculi

139 2023 275 2051 auctor
308 2013 510 2051 habendus
549 2014 616 2060 sit;
652 2026 777 2063 neque
812 2013 850 2050 id
890 2014 972 2050 sine
1009 2025 1159 2059 caussa,

138 2086 257 2122 quum
274 2085 332 2109 res
353 2085 374 2109 a
393 2072 637 2122 Theopompi
661 2079 773 2108 aetate
800 2080 838 2108 et
863 2070 1018 2120 ingenio
1038 2071 1161 2107 aliena

138 2143 220 2167 esse
237 2130 421 2167 videatur.
439 2134 567 2177 Quare
587 2129 767 2179 equidem
788 2129 962 2179 suspicor
979 2143 1000 2165 a
1019 2128 1161 2165 seriore

139 2189 292 2227 homine
307 2190 419 2227 talem
435 2189 623 2227 Herodoti
638 2189 833 2238 epitomen
853 2188 924 2225 sub
942 2188 1162 2238 Theopom-

139 2249 179 2298 pi
197 2249 350 2286 nomine
367 2249 406 2285 in
431 2248 566 2298 vulgus
586 2247 740 2286 editam.
764 2248 938 2285 Certiora
963 2261 1011 2284 ex
1029 2247 1162 2298 paucis

139 2306 252 2357 hujus
277 2306 365 2344 libri
379 2307 551 2356 reliquiis
568 2306 650 2343 erui
667 2307 732 2343 vix
751 2314 924 2356 possunt.
945 2306 1021 2343 Sed
1039 2319 1085 2342 ne
1099 2318 1163 2342 ve-

140 2374 264 2402 terum
286 2365 501 2402 testimonia
523 2378 663 2415 susque
683 2364 807 2414 deque
827 2364 972 2402 habere
994 2378 1162 2412 censear,

139 2425 323 2463 faciamus
352 2423 649 2474 Theopompum
671 2423 792 2460 hocce
820 2426 1017 2460 Musarum
1039 2426 1164 2460 Hero—

139 2482 342 2520 dotearum
361 2481 644 2532 compendium,
662 2495 780 2532 quum
800 2481 847 2518 ad
865 2481 1044 2518 historias
1069 2494 1161 2518 con-

141 2541 287 2579 dendas
309 2555 348 2578 se
369 2541 604 2592 accingeret,
637 2541 799 2591 periculi
833 2540 998 2578 faciendi
1032 2553 1164 2578 caussa

141 2602 413 2651 composuisse.

199 2654 317 2704 Igitur
350 2661 550 2704 postquam
575 2653 677 2690 hunc
697 2653 735 2689 in
757 2651 914 2689 modum
946 2652 1044 2689 vires
1078 2664 1165 2690 suas

142 2713 378 2762 periclitatus
424 2720 541 2760 esset,
562 2711 720 2749 accessit
752 2710 799 2748 ad
835 2707 1059 2747 tradendam
1096 2723 1161 2747 eo-

143 2784 226 2807 rum
277 2779 494 2821 temporum
539 2771 761 2808 memoriam
780 2797 790 2814 ‚
823 2782 909 2819 quae
949 2777 1166 2819 praeceptor

143 2828 332 2879 discipulo
361 2831 542 2880 selegerat
586 2837 781 2879 tamquam
818 2828 1016 2878 aptissima
1034 2858 1044 2875 ,
1077 2828 1166 2877 qui-

143 2886 215 2923 bus
250 2888 511 2925 describendis
539 2888 680 2938 ingenii
703 2888 762 2924 sui
796 2887 955 2923 virtutes
989 2885 1165 2923 ostende-

145 2953 202 2981 ret
223 2945 286 2995 (6).
320 2947 480 2996 Scripsit
516 2947 645 2997 itaque
675 2944 887 2991 Ἑλληνικὰς
929 2944 1080 2996 ἱστορίας
1107 2946 1162 2982 vel

145 3001 311 3047 Σύνταξιν
332 3003 574 3055 Ἑλληνικῶν,
597 3019 674 3056 quo
698 3018 814 3056 opere
836 3003 1039 3054 abruptam
1057 3004 1164 3041 Thu-

144 3063 293 3113 cydidis
312 3063 509 3101 historiam
530 3078 726 3102 resumens
748 3065 820 3116 (7),
850 3064 961 3101 initio
987 3063 1086 3100 sacto
1114 3063 1162 3101 ab

187 3143 231 3193 (6)
253 3143 345 3174 Phot.
364 3143 436 3175 cod.
455 3146 529 3176 170:
545 3147 629 3176 Φασὶ
643 3146 676 3177 δὲ
689 3146 741 3179 τὸν
756 3144 939 3176 διδάσκοντα
1001 3144 1162 3185 προὸαλεῖν

145 3190 324 3230 Θεοπόμπῳ
387 3191 440 3226 τὰς
455 3192 529 3231 μετὰ
545 3192 734 3230 Θουκυδίδην
748 3191 936 3230 Ἑλληνικάς.

188 3241 267 3276 Quae
288 3237 327 3268 de
352 3236 411 3267 hac
437 3237 587 3268 Herodoti
612 3239 750 3277 epitome
776 3239 945 3283 Frommel.
963 3238 995 3269 in
1018 3237 1163 3269 Creuzeri

147 3284 302 3316 Meletem.
318 3286 360 3314 Ill
373 3307 381 3322 ,
398 3292 429 3323 p.
453 3284 507 3314 135
522 3283 690 3324 disseruit,
703 3284 744 3316 iis
756 3285 804 3316 uti
818 3285 896 3316 mihi
911 3294 975 3316 non
988 3284 1091 3316 licuit.

187 3332 227 3369 (7)
250 3329 378 3361 Diodor.
403 3333 485 3368 xm,
512 3330 729 3370 42εΞενοφῶν
759 3332 811 3362 καὶ
834 3331 1018 3372 Θεόπομπος
1042 3331 1092 3371 ἀφ’
1120 3330 1162 3361 ὧν

148 3377 275 3408 ἀπέλιπε
293 3376 481 3413 Θουκυδίδης
509 3377 564 3413 τὴν
589 3376 685 3417 ἀρχὴν
710 3377 901 3414 πεποίηνται.
929 3379 990 3409 Καὶ
1019 3378 1161 3418 Ξενοφῶν

971 171 1038 209 DE
1066 169 1390 229 THEQPOMPO.

1210 258 1272 296 Ol.
1306 273 1369 309 92,
1409 272 1453 305 2,
1485 259 1728 310 Theopompi
1765 259 1957 297 archontis
1994 273 2114 309 anno,
2148 274 2225 313 quo

1208 317 1403 355 Mindarus
1422 319 1470 355 ad
1501 321 1735 368 Cynossema
1754 319 1929 356 devictus
1952 328 2028 366 est,
2057 329 2224 371 septem-

1210 376 1331 414 decim
1352 391 1542 415 annorum
1564 379 1730 428 spatium
1753 392 1874 428 usque
1901 379 1949 416 ad
1970 392 2137 430 pugnam
2157 393 2229 418 na-

1209 436 1332 472 valem
1352 435 1399 472 ad
1429 437 1590 474 Cnidum
1612 437 1850 474 commissam
1880 438 1959 487 (ol.
1985 438 2049 487 96,
2073 439 2108 483 3,
2127 438 2228 476 Dio-

1210 493 1352 543 phante
1368 495 1582 544 archonte),
1597 495 1652 547 (8)
1664 496 1866 532 duodecim
1883 495 1991 532 libris
2006 497 2230 546 complexus

1211 553 1278 583 est.
1299 549 1390 594 Quae
1407 561 1452 584 ex
1468 548 1514 584 iis
1531 556 1679 586 aetatem
1698 549 1882 591 tulerunt,
1904 548 2008 585 haud
2024 549 2231 587 admodum

1211 605 1331 642 multa
1354 614 1452 643 sunt.
1481 607 1616 656 Capita
1643 608 1826 644 nonnulla
1851 615 2022 645 recenset
2038 611 2231 657 Anonym.

1211 663 1252 700 in
1277 664 1366 701 Vita
1389 665 1563 715 Thucyd.
1585 670 1604 712 5
1628 666 1662 703 5.
1687 666 1983 716 Theopompum
2012 667 2233 716 exposuisse

1212 721 1323 768 dicit,
1357 723 1461 772 quod
1490 723 1644 773 quidem
1677 724 1778 760 ultro
1812 724 2232 773 intelligitur,alteram

1213 794 1381 832 pugnam
1403 781 1451 818 ad
1480 785 1711 831 Cynossema
1739 781 1818 831 (9),
1842 782 2017 831 proelium
2043 781 2090 819 ad
2120 783 2234 832 Cyzi-

1213 853 1321 886 cum,
1356 840 1403 876 ad
1436 840 1670 890 Arginusas,
1702 840 1750 877 ad
1778 843 1895 890 AEgos
1929 840 2091 886 flumen,
2120 849 2235 892 atque

1213 898 1426 935 accuratius
1443 911 1614 936 narrasse
1628 898 1882 935 infortunium
1898 898 2133 936 Athenarum
2147 908 2236 950 post

1214 969 1345 993 muros
1374 956 1481 994 urbis
1516 956 1684 1006 dejectos
1714 957 2037 1007 constitutamque
2059 959 2235 1007 tyranni·

1214 1014 1313 1051 dem.
1335 1017 1421 1052 Haec
1439 1014 1510 1050 nisi
1528 1014 1676 1060 omnia,
1698 1014 1862 1063 plurima
1883 1015 2016 1052 saltem
2035 1015 2136 1052 libro
2156 1015 2236 1067 pri-

1215 1085 1278 1110 mo
1301 1072 1580 1122 comprehensa
1603 1072 1719 1109 fuisse
1733 1099 1742 1117 ‚
1763 1081 1925 1122 apparet
1945 1086 1994 1110 ex
2017 1074 2238 1124 fragmentis

1214 1131 1303 1169 libri
1319 1131 1499 1178 secundi,
1520 1130 1586 1168 ubi
1602 1131 1679 1180 egit
1698 1131 1746 1168 de
1766 1132 1982 1169 Harmostis
1997 1145 2019 1169 a
2036 1133 2236 1182 Lysandro

1215 1189 1360 1239 ubique
1380 1189 1599 1227 constitutis
1629 1188 1898 1239 impositisque
1917 1189 2083 1228 tributis.
2103 1193 2238 1241 Itaque

1217 1281 1270 1321 μὲν
1297 1281 1457 1321 περιέλαὸε
1482 1279 1591 1322 χρόνον
1615 1279 1691 1310 ἐτῶν
1711 1279 1943 1322 τεσσαράκοντα
1959 1281 2013 1312 καὶ
2049 1280 2144 1320 ὀκτὼ,
2167 1281 2240 1314 Θεό-

1215 1338 1338 1368 πομπος
1353 1327 1386 1358 δὲ
1401 1327 1455 1364 τὰς
1477 1326 1656 1364 Ἑλληνικὰς
1671 1326 1790 1368 πράξεις
1806 1327 1930 1359 διελθὼν
1957 1329 2005 1360 ἐπ’
2028 1327 2081 1366 ἔτη
2097 1329 2239 1360 ἑπτακαί-

1216 1374 1301 1411 δεκα,
1317 1375 1483 1414 καταλήγει
1509 1375 1564 1411 τὴν
1579 1373 1714 1415 ἱστορίαν
1731 1375 1773 1410 εἰς
1788 1375 1842 1412 τὴν
1855 1375 1922 1416 περὶ
1939 1375 2051 1406 Κνίδον
2066 1375 2240 1416 ναυμαχίαν

1217 1420 1247 1451 ἐν
1276 1420 1403 1461 βιὸλίοις
1433 1420 1629 1452 δυοκαίδεκα.
1659 1420 1748 1451 Idem
1766 1424 1848 1460 XIV,
1877 1423 1915 1452 84
1934 1430 1943 1451 :
1961 1421 2170 1462 (Θεόπομπος)
2185 1423 2240 1460 τὴν

1216 1469 1277 1498 τῶν
1290 1468 1477 1505 Ἑλληνικῶν
1493 1467 1631 1502 σύνταξιν
1647 1467 1850 1508 κατέστρεψεν
1861 1468 1902 1504 εἷς
1915 1471 2022 1499 τοῦτον
2036 1467 2089 1499 τὸν
2104 1468 2240 1500 ἐνιαυτὸν

1215 1513 1416 1554 (Diophantis
1431 1513 1531 1552 arch.)
1543 1514 1596 1544 καὶ
1613 1514 1655 1550 εἱς
1676 1515 1731 1552 τήν
1752 1515 1819 1555 περὶ
1843 1514 1954 1545 Κνίδον
1971 1515 2157 1556 ναυμαχίαν,
2171 1515 2241 1556 γρά-

1217 1561 1277 1601 ψας
1295 1560 1416 1600 βίὸλους
1432 1561 1564 1592 δώδεκα.
1579 1560 1616 1592 Ὁ
1631 1561 1663 1592 δὲ
1679 1561 1869 1601 συγγραφεὺς
1886 1560 1974 1596 οὗτος
1987 1560 2096 1602 ἦρκται
2112 1562 2166 1602 μὲν
2179 1561 2242 1593 ἀπὸ

1218 1610 1271 1644 τῆς
1284 1608 1351 1649 περὶ
1362 1607 1460 1643 Κυνὸς
1473 1611 1560 1648 σῆμα
1569 1607 1743 1647 ναυμαχίας
1752 1631 1761 1646 ,
1780 1608 1822 1643 εἷς
1837 1608 1874 1644 ἢν
1897 1607 2086 1646 Θουκυδίδης
2098 1609 2242 1646 κατέληξε

1217 1653 1439 1695 πραγματείαν.
1452 1653 1592 1695 Ἔγραψε
1609 1654 1641 1684 δὲ
1657 1653 1765 1695 χρόνον
1791 1653 1868 1684 ἐτῶν
1897 1653 2060 1685 δεκαεπτά.
2091 1653 2139 1686 Cf.
2162 1658 2244 1686 Mar-

1218 1699 1321 1731 cellin.
1341 1699 1406 1731 vit.
1423 1699 1569 1740 Thucyd.
1595 1702 1647 1739 45,
1667 1703 1827 1738 Anonym.
1843 1699 1908 1730 vit.
1935 1699 2080 1740 Thucyd.
2099 1699 2118 1740 §
2136 1703 2167 1739 5,
2188 1699 2239 1731 ed.

1218 1750 1336 1787 Poppo.
1353 1750 1469 1778 Parum
1488 1748 1636 1778 accurate
1649 1746 1778 1778 suidas:
1793 1746 1943 1777 Ἔπονται
1957 1747 1990 1777 δὲ
2001 1747 2043 1785 (αἱ
2055 1747 2243 1785 Ἑλληνικῶν

1218 1794 1360 1835 ἱστορίαι)
1373 1796 1437 1830 ταῖς
1454 1794 1644 1825 Θουκυδίδου
1664 1794 1716 1824 καὶ
1733 1793 1928 1834 Ξενοφῶντος
1940 1816 1949 1831 ,
1963 1793 2038 1833 nisi,
2053 1794 2089 1825 ut
2101 1793 2245 1826 Wicher·

1219 1840 1285 1871 sius
1307 1841 1433 1884 monet,
1455 1839 1649 1880 scripserat:
1665 1841 1771 1882 ὥσπερ
1793 1841 1846 1871 καὶ
1867 1842 1897 1871 αἱ
1922 1839 1959 1871 Ξ.
1978 1839 2068 1871 Idem
2093 1839 2245 1871 undecim

1217 1886 1344 1918 tantum
1362 1885 1461 1917 libros
1482 1885 1582 1926 ponit.
1612 1885 1771 1918 Nimirum
1799 1885 1906 1917 Suidae
1931 1886 2028 1917 aetate
2049 1886 2082 1917 et
2105 1885 2244 1917 multum

1219 1934 1313 1965 antea
1345 1933 1496 1964 undecim
1531 1933 1659 1964 tantum
1687 1933 1923 1964 Hellenicorum
1950 1932 2024 1963 libri
2058 1933 2246 1973 superstites

1219 1979 1317 2011 fuisse
1349 1979 1508 2011 videntur.
1541 1984 1623 2011 Nam
1662 1988 1763 2020 quum
1791 1979 2007 2019 Menophanae
2043 1979 2128 2020 apud
2165 1979 2246 2011 Pho-

1219 2026 1300 2058 tium
1316 2026 1399 2065 (cod.
1418 2027 1494 2067 176)
1507 2026 1734 2058 duodecimum
1752 2025 2003 2065 Philippicorum
2016 2025 2134 2057 librum
2150 2025 2246 2058 inter-

1219 2072 1336 2105 cidisse
1375 2073 1480 2113 dicat,
1506 2073 1715 2104 nihilominus
1742 2081 1819 2104 vero
1863 2072 1996 2104 Photius
2026 2072 2114 2104 hunc
2139 2081 2246 2104 excer-

1219 2120 1316 2160 pserit
1329 2121 1425 2161 atque
1445 2129 1496 2152 res
1517 2129 1559 2152 ex
1586 2120 1776 2151 duodecimo
1803 2119 2002 2159 Theopompi
2029 2119 2144 2150 libroa
2159 2120 2239 2151 vett.

1220 2167 1368 2198 excitatae
1398 2167 1527 2207 propter
1556 2167 1739 2206 temporum
1765 2165 1903 2196 rationes
1941 2165 2045 2196 multo
2070 2165 2178 2205 aptius
2210 2164 2244 2196 in

1220 2213 1468 2254 Philippicorum
1496 2221 1632 2245 excursu
1660 2221 1758 2252 quam
1793 2211 1827 2243 in
1857 2211 2024 2243 Hellenicis
2050 2211 2112 2251 legi
2137 2211 2247 2252 potne-

1221 2259 1304 2300 rint,
1317 2268 1420 2301 neque
1442 2259 1545 2291 ullum
1574 2269 1612 2291 ex
1633 2261 1795 2300 postremo
1816 2259 1899 2290 libro
1921 2258 2155 2290 Hellenicorum
2188 2258 2248 2289 sra-

1221 2307 1386 2346 gmentum
1399 2306 1670 2347 deprehendatur,
1687 2305 1762 2337 inde
1773 2305 1935 2345 colligitur
1946 2306 2002 2336 aut
2014 2305 2246 2344 Menophanem

1221 2356 1278 2386 aut
1292 2353 1442 2385 Photium
1456 2353 1632 2394 Philippica
1648 2361 1723 2384 cum
1746 2352 1915 2384 Hellenicis
1941 2351 2134 2391 confudisse,
2161 2351 2248 2392 quod

1222 2400 1383 2442 posterius
1398 2399 1547 2431 facillime
1564 2399 1631 2431 fieri
1647 2399 1764 2440 potuit,
1777 2398 1802 2429 si
1823 2398 2041 2439 Menophanes
2061 2397 2249 2438 simpliciter

1222 2448 1406 2481 laudaverat
1415 2447 1533 2479 librum
1546 2447 1772 2479 duodecimum
1786 2448 1939 2488 ἱστοριῶν,
1955 2446 2010 2487 qui
2020 2445 2135 2477 titulus
2147 2454 2248 2486 quum

1223 2496 1413 2537 plerumque
1425 2494 1465 2526 ad
1481 2495 1584 2535 maJus
1596 2493 1845 2534 Philippicorum
1858 2501 1938 2533 opus
1951 2492 2118 2531 referatur,
2140 2493 2248 2524 tamen

1224 2542 1265 2574 de
1286 2541 1455 2574 Hellenicis
1467 2549 1596 2581 quoque
1606 2540 1733 2581 poterat
1745 2538 1904 2580 usurpari.
1920 2538 1967 2570 Cf.
1982 2538 2138 2570 wichers.
2157 2547 2189 2579 p.
2208 2542 2248 2570 20

1224 2589 1256 2620 et
1271 2588 1396 2620 Clinton
1413 2591 1447 2619 F.
1462 2591 1500 2618 Η.
1519 2595 1551 2627 p.
1568 2589 1638 2618 386.

1266 2634 1310 2675 (8)
1336 2635 1447 2674 ltaque
1460 2633 1564 2674 ipsam
1582 2640 1722 2673 pugnam
1742 2630 1783 2662 ad
1797 2630 1947 2669 Cnidum,
1962 2630 2080 2671 quippe
2102 2638 2177 2671 quae
2205 2638 2249 2662 se-

1225 2682 1342 2722 quente
1358 2680 1488 2711 demum
1510 2688 1607 2718 anno,
1620 2678 1681 2710 sub
1690 2677 1846 2710 Eubulide
1858 2677 2024 2717 archonte,
2041 2677 2182 2717 pugnata
2193 2676 2247 2715 sit,

1224 2727 1450 2768 Theopompus
1461 2735 1525 2757 non
1538 2734 1680 2757 narrasse
1693 2725 1820 2756 videtur
1839 2723 1977 2756 clintoni
1995 2723 2018 2755 1.
2032 2723 2054 2756 l.
2070 2727 2188 2755 Vereor
2209 2731 2250 2754 ne

1224 2773 1294 2805 haec
1304 2774 1391 2814 iusto
1405 2773 1602 2804 accuratiora
1615 2773 1689 2803 sint.

1267 2820 1313 2860 (9)
1337 2819 1560 2851 verisimiliter
1578 2818 1719 2859 primum
1742 2826 1871 2858 quoque
1886 2817 2036 2858 proelium
2056 2825 2130 2848 cum
2146 2816 2247 2848 altero

1225 2869 1311 2899 arcte
1329 2867 1538 2906 conjunctum
1549 2890 1558 2905 ‚
1575 2864 1663 2905 quod
1685 2864 1891 2905 Thucydides
1909 2864 1944 2895 in
1957 2863 2108 2895 extremis
2121 2865 2245 2901 narrat,

1224 2914 1463 2953 a'rheopompo
1489 2912 1596 2943 denuo
1615 2911 1798 2952 expositum
1827 2913 1889 2950 est,
1914 2910 1942 2941 si
1969 2910 2098 2951 quidem
2130 2910 2163 2941 in
2194 2909 2245 2941 his

1223 2960 1465 3000 Theopompum
1483 2961 1641 2998 sequutus
1659 2958 1702 2988 sit
1719 2957 1891 2996 Diodorus,
1906 2957 1939 2987 in
1956 2956 2124 2996 utriusque
2140 2956 2245 2997 proelii

1223 3006 1435 3046 descriptione
1451 3014 1469 3036 a
1483 3005 1668 3045 Thucydide
1683 3007 1715 3035 et
1729 3004 1939 3044 xenophonte
1958 3003 2119 3035 recedens.
2136 3004 2248 3044 Itaque

1223 3061 1324 3092 quum
1337 3053 1564 3092 Theopompus
1580 3053 1741 3091 postrema
1759 3050 1956 3089 Thucydidis
1978 3049 2084 3081 denuo
2100 3049 2242 3089 attigisse

1223 3099 1380 3136 videatur,
1405 3101 1502 3137 atque
1526 3106 1591 3128 uno
1613 3096 1693 3127 libro
1709 3095 1829 3127 bellum
1849 3095 1954 3135 Pelop.
1975 3094 2166 3133 absolverit,
2188 3103 2243 3126 ne-

1223 3146 1292 3177 scio
1310 3155 1350 3176 an
1364 3145 1426 3176 hoc
1445 3145 1477 3175 iu
1498 3152 1612 3175 caussa
1628 3143 1740 3182 fuerit,
1754 3151 1812 3173 cur
1827 3141 1971 3173 nonnulli
1988 3144 2137 3172 octavum
2154 3141 2241 3173 Thu-

1221 3191 1346 3231 cydidis
1363 3190 1478 3221 librum
1495 3198 1568 3220 cum
1590 3189 1694 3230 primo
1715 3187 1912 3227 Theopompi
1941 3187 2192 3227 confundentes,
2212 3186 2248 3218 il-

1223 3238 1308 3278 lum,
1325 3246 1423 3278 quem
1439 3236 1619 3276 'thucydidi
1649 3235 1892 3275 abjudicarunt,
1906 3243 1925 3264 a
1940 3234 2146 3274 Theopompo
2163 3234 2243 3265 scri-

1221 3287 1312 3325 ptum
1331 3292 1401 3317 esse
1422 3284 1639 3324 opinarentur.
1657 3281 1739 3322 Quid
1754 3305 1762 3321 ,
1781 3280 1867 3320 quod
1883 3280 1943 3311 hoc
1960 3280 2094 3312 sortasse
2109 3279 2248 3318 suberat,

1223 3339 1280 3362 cur
1295 3330 1410 3363 suidas
1431 3329 1580 3361 undecim
1596 3329 1724 3360 tantum
1740 3326 1973 3359 Belleuicorum
1993 3326 2093 3358 libros
2109 3333 2250 3358 comme·

1220 3377 1375 3409 morai-et(
