2320 3684
129 208 204 243 258

210 288 314 326 κοινὴν
327 286 470 319 ἁπάντων
484 286 538 323 τήν
552 295 586 316 τε
598 285 724 316 σύνολον
739 284 858 315 οὐσίαν.

210 335 273 367 Καὶ
287 334 339 366 τὸν
354 333 447 374 σοφὸν
462 333 487 363 δ’
502 331 683 373 Ἀνάχαρσιν
698 331 732 362 ἐκ
746 333 808 361 τῶν
824 331 1010 372 Νομαδικῶν

209 382 301 423 φησὶν
314 380 454 421 γενέσθαι
467 381 529 410 τῶν
544 378 648 420 σφόδρ’
665 376 904 409 εὐσεὸεοτάτων.

210 442 523 454 ——————
535 426 588 456 καὶ
602 428 788 462 κατοικῆσαι
803 424 886 461 τινὰς

210 476 252 511 εἷς
268 474 370 506 Ἀσίαν
384 472 536 511 ἐλθόντας,
554 472 606 508 οὓς
620 472 657 509 δὴ
672 473 725 503 καὶ
743 471 844 508 Σάκας

210 523 366 553 καλοῦσιν·
385 520 468 556 ἔθνος
482 517 691 559 εὐσημότατον
706 519 739 550 δέ
752 530 826 560 φησι
842 519 878 551 τὸ

208 571 270 600 τῶν
286 568 491 609 Σαυροματῶν
506 576 540 597 τε
553 565 605 597 καὶ
621 566 766 597 Γελώνων
782 566 835 598 καὶ
849 565 949 608 τρίτον

209 616 245 647 τὸ
259 618 320 646 τῶν
338 613 530 655 Ἀγαθύρσων
553 612 794 653 ἐπικαλούμενον
808 613 904 654 γένος.

209 662 282 694 Ἀπὸ
297 664 359 692 τῶν
374 661 406 691 δὲ
420 661 578 691 Μαιωτῶν
592 659 732 691 λαθοῦσα
745 660 879 701 τοῦνομα

208 711 347 744 Μαιῶτις
362 708 427 746 ἑξῆς
443 707 508 739 ἐστι
525 706 616 748 λίμνη
630 707 767 748 κειμένη,

209 757 250 792 εἰς
263 757 300 794 ἣν
315 756 332 787 ὁ
343 754 455 791 Τάναϊς
470 778 547 786 ......

210 803 272 835 ἀπὸ
290 805 344 834 τοῦ
359 805 501 842 ποταμοῦ
515 802 575 834 λαὸ
581 802 625 833 ὼν
639 802 674 833 τὸ
689 803 775 843 ῥεῦμ’
788 801 932 844 Ἀράξεως

207 850 390 891 ἐπιμίσγεθ’,
409 851 449 885 ὡς
463 850 627 885 Ἑκαταῖος
643 849 699 890 εἶφ’
712 849 890 891 οὑρετριεύς·

205 899 249 934 ὡς
271 897 297 928 δ’
312 897 442 938 Ἔφορος
456 895 629 937 ἱστόρηκεν,
645 895 680 927 ἐκ
693 895 799 936 λίμνης
813 895 892 932 τινὸς

206 944 242 983 ἦς
258 944 340 976 ἐστιν
355 943 508 985 ἄφραστον
523 943 558 974 τὸ
573 942 677 985 πέρας·
694 942 785 978 ἔξεισι
799 942 832 974 δὲ

209 993 354 1032 δίστομον
369 992 451 1033 ἔχων
465 992 500 1023 τὸ
516 992 631 1033 ῥεῖθρον
646 992 688 1028 εἰς
701 992 756 1029 τήν
771 990 936 1031 λεγομένην

207 1041 360 1078 Μαιῶτιν,
377 1039 420 1075 εἰς
433 1038 485 1070 τὸν
500 1037 690 1079 Κιμμερικόν
711 1047 744 1068 τε
758 1036 928 1078 Βόσπορον.
942 1055 984 1062 --
998 1055 1039 1062 --
1052 1056 1093 1063 —

206 1086 284 1118 Εἶτα
299 1085 374 1126 μετὰ
389 1084 548 1127 Σαρμάτας
562 1084 598 1116 τὸ
612 1085 768 1116 Μαιωτῶν
782 1084 867 1124 γένος

207 1133 396 1173 Ἰαζαματῶν
411 1130 471 1172 (sic
488 1131 639 1172 Ephorus
666 1132 698 1163 et
714 1139 766 1171 ap.
790 1130 990 1171 Stephanum
1015 1139 1042 1163 s.
1069 1130 1112 1170 v.)

537 1177 711 1218 λεγόμενον,
722 1179 770 1213 ,ὡς
783 1177 955 1220 Δημήτριος

207 1225 337 1268 εἴρηκεν,
353 1225 395 1256 ὧν
409 1226 550 1261 Μαιῶτις
563 1226 583 1262 ἡ
597 1224 687 1265 λίμνη
705 1224 817 1265 ’χεταν

207 1274 248 1309 ὼς
258 1273 284 1304 δ’
299 1272 431 1315 Ἔφορος
445 1271 607 1314 ἱστόρηκε,
617 1273 826 1314 Σαυροματῶν
841 1270 936 1307 ἔθνος.

206 1319 334 1356 Τούτοις
357 1319 556 1360 ἐπιμεμίχθαι
572 1319 605 1350 δὲ
618 1318 671 1355 τὰς
685 1317 850 1359 Ἀμαζόνας

206 1369 268 1403 τοῖς
283 1365 494 1408 Σαυρομάταις
509 1366 662 1406 λέγουσιν,
680 1365 825 1401 ἐλθούσας
839 1365 915 1396 ποτὲ

207 1414 269 1446 ἀπὸ
283 1417 336 1452 τῆς
350 1414 417 1456 περὶ
433 1413 638 1455 Θερμώδοντα
651 1412 813 1453 γενομένης
829 1410 940 1452 μάχης·

207 1461 252 1501 ἐφ’
266 1461 310 1497 οἷς
323 1461 535 1498 ἐπεκλήθησαν
550 1459 881 1500 Γυναικοκρατούμενοι

208 1510 236 1539 οἱ
251 1508 456 1548 Σαυρομάται.

607 1581 669 1618 79.

178 1666 307 1707 Schol.
326 1666 503 1717 Apollon.
518 1665 590 1702 Rh.
605 1668 656 1711 II,
671 1665 742 1703 168
755 1664 806 1715 (p.
822 1667 894 1710 134
912 1661 1157 1717 Lips.):”E<po‘-

126 1743 181 1780 ρος
199 1725 237 1765 δέ
254 1739 372 1780 φησιν,
391 1724 615 1776 ἁρπασθῆναι
634 1722 697 1774 μὲν
715 1722 779 1770 τὴν
795 1722 881 1762 Ἰὼ
868 1724 934 1763 υπὸ
947 1726 1016 1763 τῶν
1034 1722 1157 1763 Φοινί-

124 1802 209 1834 κων,
229 1785 440 1836 κομισθηναι
458 1781 495 1820 δὲ
519 1783 566 1827 εἷς
585 1781 780 1834 Αἴγυπτον·
801 1781 860 1821 τὸν
875 1783 911 1821 δὲ
931 1781 1080 1836 βασιλέα
1095 1785 1157 1829 τῆς

125 1843 306 1896 Αἰγύπτου
325 1842 399 1880 ἀντὶ
418 1840 546 1888 ταύτης
563 1840 704 1894 πέμψαι
724 1843 774 1879 τῶ
790 1841 920 1896 Ἰνάχῳ
933 1845 1079 1896 ταῦρον·
1099 1857 1157 1880 τε-

125 1901 289 1950 θνηκότος
314 1901 342 1939 δ’
362 1900 515 1947 ἐκείνου,
545 1915 715 1954 περιιεναι
740 1900 835 1944 τινὰς
871 1899 1070 1944 δεικνύντας
1097 1899 1155 1938 τὸν

126 1975 253 2013 ταυρον
273 1965 382 2007 πᾶσι,
405 1959 483 1998 καθ’
500 1959 557 2002 οὓς
586 1959 650 1997 οὐκ
681 1959 890 2009 ἐγινώσκετο
917 1958 1084 2013 πρότερον
1117 1958 1157 1997 τὸ

126 2022 232 2074 ζῷον·
265 2018 325 2057 καὶ
351 2017 410 2056 τὸν
443 2017 548 2056 τόπον
581 2019 725 2068 ἐκεῖνον,
745 2017 798 2056 ὅτι
832 2019 876 2056 δι’
909 2021 1015 2057 αὐτου
1047 2020 1078 2057 οἱ
1096 2018 1155 2058 τὸν

124 2093 251 2133 ταυρον
269 2076 407 2130 ἔχοντες
426 2076 611 2125 ἔπλευσαν,
628 2078 865 2129 ὀνομασθῆναι
884 2076 1075 2132 Βόσπορον.

124 2216 271 2248 omnium
284 2223 392 2247 rerum
408 2213 645 2255 possessionem
661 2215 694 2246 et
707 2222 820 2246 omnes
833 2223 910 2255 opes
927 2214 974 2252 (in
991 2215 1150 2255 medium)

125 2264 307 2297 afferentes.
340 2263 382 2293 Et
395 2261 562 2293 contendit
579 2261 743 2302 (Ephorus
759 2261 860 2302 idem)
879 2262 1056 2303 sapientem
1072 2265 1154 2294 Ana-

125 2310 264 2343 charsim
278 2318 317 2341 ex
329 2308 515 2340 Nomadicis
527 2307 590 2340 illis
606 2308 717 2347 fuisse,
729 2308 826 2340 valde
837 2308 1002 2349 religiosis,
1021 2309 1152 2340 horum·

125 2366 189 2399 que
207 2354 402 2394 nonnullos,
425 2355 458 2386 in
475 2355 584 2387 Asiam
602 2357 776 2396 postquam
800 2355 1026 2395 devenissent,
1049 2355 1094 2387 ibi
1109 2364 1154 2388 se-

125 2404 200 2436 dem
226 2402 382 2443 elegisse,
412 2410 495 2441 quos
522 2403 619 2433 Sacas
641 2403 771 2434 vocant
802 2402 1022 2435 Clarissimam
1044 2405 1152 2434 autem

126 2449 291 2482 contendit
306 2451 432 2488 gentem
446 2456 518 2479 esse
534 2449 809 2488 Sauromatarum,
828 2451 860 2480 et
879 2449 1103 2489 Gelonorum,
1120 2451 1153 2480 et

129 2496 258 2528 tertiam
288 2494 553 2535 Agathyrsorum.
584 2495 735 2526 Proxima
763 2472 870 2526 au'tem
899 2495 982 2535 jacet
1025 2495 1152 2527 Maeotis

127 2542 230 2583 palus,
243 2551 261 2573 a
279 2541 405 2574 Maeotis
418 2543 510 2572 nacta
526 2549 661 2572 nomen:
680 2541 712 2571 in
729 2550 825 2580 quam
842 2543 958 2573 Tanais
962 2564 1024 2572 .....
1043 2542 1099 2582 qui
1112 2542 1153 2573 ab

126 2594 232 2621 Araxe
247 2588 346 2620 fluvio
361 2588 464 2619 undas
481 2588 597 2628 accipit
612 2589 644 2619 et
656 2596 727 2619 sese
736 2587 868 2627 miscet
886 2588 953 2627 sed,
962 2591 998 2621 ut
1012 2589 1154 2629 prodidit

127 2637 296 2677 Ephorus,
321 2644 362 2667 ex
380 2635 453 2667 lacu
470 2634 635 2688 quodam,
653 2634 745 2675 cujus
761 2635 918 2666 terminus
938 2635 1071 2666 indicari
1087 2644 1152 2666 non

127 2685 244 2723 potest.
268 2682 344 2714 Exit
365 2685 474 2713 autem
506 2681 540 2712 in
566 2683 715 2712 vocatam
735 2681 877 2712 Maeotim
902 2681 1053 2722 palidem
1079 2690 1154 2712 cum

127 2730 249 2770 duplici
262 2729 372 2768 alveo,
394 2729 427 2761 et
445 2727 546 2768 (inde)
568 2728 602 2759 in
623 2727 855 2760 Cimmericum
879 2729 1058 2769 Bosporum
1063 2751 1151 2759 .......

127 2777 250 2808 Deinde
263 2778 335 2817 post
349 2777 520 2815 SarmataS,
538 2775 728 2807 Maeotarum
741 2783 830 2814 genS,
843 2773 898 2814 qui
914 2775 1087 2806 Iaxamatae
1101 2783 1154 2806 vo-

128 2826 255 2862 cantur,
273 2826 308 2854 ut
323 2822 506 2855 Demetrius
521 2821 642 2861 retulit,
655 2820 773 2861 quibus
799 2821 925 2853 Maeotis
940 2821 1033 2861 palus
1049 2821 1152 2861 proxi-

128 2880 182 2902 ma
198 2872 275 2903 est:
294 2871 368 2909 sed,
392 2872 428 2902 ut
450 2869 598 2911 Ephorus
619 2868 685 2907 ait,
707 2870 971 2900 Sauromatarum
986 2876 1064 2908 gens
1088 2868 1154 2905 (hic

132 2918 208 2958 est).
224 2920 307 2950 Cum
329 2917 371 2949 iis
394 2916 594 2949 Sauromatis
615 2915 810 2948 commixtas
824 2914 924 2947 fuisse
939 2915 1045 2946 terunt
1060 2919 1153 2946 Ama-

130 2972 238 3000 zonas,
254 2972 355 3004 quum
367 2963 444 2995 olim
454 2972 494 2995 ex
505 2972 612 3004 pugna
622 2962 663 2995 ad
672 2961 941 2994 Thermodontem
954 2960 1151 3002 (commissa)

130 3010 206 3041 illuc
224 3011 411 3042 venissent:
427 3019 467 3042 ex
483 3010 534 3042 his
547 3010 653 3042 vocati
679 3011 756 3041 sunt
779 3011 977 3041 Sauromatae
997 3010 1152 3048 Gynaeco-

131 3065 165 3087 ei
166 3058 319 3088 atumem

612 3111 674 3142 79.

174 3161 322 3201 Ephorus
339 3162 384 3194 ait
400 3164 435 3194 Io
453 3164 577 3203 raptam
591 3171 609 3194 a
624 3161 856 3194 Phoenicibus
848 3171 880 3193 1n
895 3163 1069 3202 AEgyptum
1084 3168 1154 3192 esse

131 3207 366 3239 transductam.
395 3210 512 3249 Regem
540 3217 617 3240 vero
644 3209 769 3249 AEgypti
799 3217 858 3249 pro
881 3217 919 3240 ea
943 3208 1061 3240 Inacho
1098 3206 1155 3237 mi-

133 3254 214 3286 sisse
229 3257 368 3285 taurum.
390 3257 461 3292 Quo
476 3258 615 3293 mortuo,
633 3255 831 3287 circumiisse
849 3255 1008 3296 quosdam
1026 3256 1155 3286 taurum

133 3302 349 3333 monstrantes
364 3302 535 3340 omnibus,
550 3302 668 3342 quibus
691 3303 788 3334 hocce
804 3302 922 3334 animal
941 3301 1086 3333 nondum
1102 3309 1153 3332 co-

133 3347 258 3388 gnitum
272 3350 366 3379 esset.
384 3349 487 3387 Atque
502 3349 607 3380 locum
623 3349 726 3388 illurn,
742 3358 807 3389 quo
820 3349 937 3381 bovem
949 3348 1152 3390 trajecerant,

133 3396 298 3435 propterea
312 3393 503 3435 appellatum
520 3403 589 3426 esse
605 3396 793 3435 Bosporum.

906 199 1095 239 EPHORI
1121 199 1456 242 FRAGMENTA.

1513 290 1662 330 LIBER
1693 291 1931 339 QUINTUS.

1473 367 1613 404 ΑΣΙΗ
1643 367 1743 405 ΚΑΙ
1773 367 1966 406 ΛΙΒΥΗ.

1688 431 1750 468 80.

1265 494 1404 532 Strabo
1432 498 1538 544 XIV,
1564 509 1603 546 p.
1617 496 1718 545 996:
1734 494 1922 542 Φήσαντος
1938 495 1973 534 δὲ
1991 511 2051 534 του
2068 496 2234 551 Ἐφόρου,

1213 549 1300 589 διότι
1329 550 1392 599 τὴν
1421 552 1639 606 Χεῤῥόνησον
1673 553 1815 604 (Asiam
1839 554 2047 604 Minorem)
2081 560 2236 594 κατοικεῖ

1211 609 1342 658 ταύτην
1361 611 1546 650 ἑκκαίδεκα
1572 610 1670 663 γένη,
1700 611 1779 666 τρία
1808 610 1870 663 μὲν
1901 611 2109 660 Ἑλληνικὰ,
2136 613 2181 651 τὰ
2199 612 2236 653 δὲ

1212 667 1319 706 λοιπὰ
1340 668 1501 722 βάρὸαρα
1524 670 1632 724 χωρὶς
1651 670 1909 722 τῶν-μιγάδων,
1930 671 1988 709 ἐπὶ
2006 670 2160 724 θαλάττῃ
2172 670 2236 723 μὲν

1213 726 1352 770 Κίλικες
1373 727 1432 765 καὶ
1446 726 1593 779 Λύκιοι,
1613 727 1672 766 καὶ
1692 724 1903 783 Πάμφυλοι,
1923 729 1983 767 καὶ
2002 729 2160 777 Βιθυνοὶ,
2175 729 2236 769 καὶ

1213 785 1455 839 Παφλαγόνες,
1469 786 1531 825 καὶ
1544 787 1793 839 Μαριανδυνοὶ,
1800 788 1859 826 καὶ
1876 790 2010 841 Τρῶες,
2027 788 2088 827 καὶ
2106 791 2235 842 Κᾶρες·

1214 845 1360 884 Πισίδαι
1383 844 1418 884 δὲ
1434 845 1493 884 καὶ
1512 845 1646 895 Μυσοὶ,
1662 845 1723 884 καὶ
1743 846 1915 895 Χάλυὸες,
1933 846 1992 885 καὶ
2009 846 2161 900 Φρύγες,
2177 847 2237 886 καὶ

1213 902 1384 942 Μιλύαι
1369 919 1404 942 εν
1425 907 1470 957 τῇ
1489 903 1681 958 μεσογαία·
1702 905 1842 943 διαιτῶν
1859 909 1972 944 ταῦτα
1987 909 2005 944 ὃ
2021 905 2238 945 Ἀπολλόδω-

1216 977 1293 1015 ρος,
1314 962 1610 1001 ἑπτακαιδέκατόν
1630 978 1735 1016 φησιν
1758 956 1847 1002 εἶναι
1869 963 1909 1002 τὸ
1933 966 2001 1002 τῶν
2024 965 2206 1012 Γαλατῶν,
2219 963 2239 1003 ὃ

1213 1019 1378 1074 νεώτερόν
1395 1022 1470 1060 ἐστι
1488 1025 1549 1059 τοῦ
1574 1021 1736 1075 Ἐφόρου.
1755 1023 1837 1061 Τῶν
1856 1023 1886 1060 δ’
1906 1021 2098 1074 εἰρημένων
2115 1022 2159 1061 τὰ
2175 1020 2238 1074 μὲν

1214 1079 1410 1126 Ελληνικὰ
1439 1079 1548 1131 μήπω
1574 1079 1666 1118 κατὰ
1690 1079 1735 1118 τὰ
1762 1079 1908 1133 Τρωϊκὰ
1927 1080 2164 1133 κατῳκίσθαι,
2192 1080 2239 1120 τὰ

1214 1137 1250 1176 δὲ
1266 1138 1426 1191 βάρὸαρα
1445 1138 1578 1186 πολλὴν
1601 1137 1693 1191 ἔχειν
1710 1138 1878 1191 σύγχυσιν
1896 1139 1951 1178 διὰ
1970 1139 2028 1178 τὸν
2041 1139 2178 1193 χρόνον.

1267 1197 1442 1236 Φαίνεται
1474 1197 1503 1235 δ’
1522 1196 1599 1236 οὔτε
1619 1201 1679 1235 τοῦ
1697 1191 1848 1251 Ἐφόρου
1868 1197 1931 1245 τὴν
1954 1198 2129 1252 ἀπόφασιν
2148 1200 2238 1238 διαι-

1214 1257 1282 1292 τῶν
1303 1257 1443 1304 ἱκανῶς,
1462 1255 1507 1294 τά
1525 1271 1564 1293 τε
1582 1259 1643 1294 τοῦ
1671 1259 1818 1302 ποιητοῦ
1841 1257 2020 1309 ταράττων
2046 1257 2105 1295 καὶ
2131 1273 2239 1296 κατα-

1214 1313 1435 1365 ψευδόμενος.
1460 1312 1612 1367 Ἐφόρου
1633 1329 1671 1352 τε
1693 1313 1761 1368 γὰρ
1789 1318 1892 1352 τοῦτο
1917 1317 2054 1368 πρῶτον
2079 1318 2238 1355 ἀπαιτεῖν

1215 1372 1335 1424 ἐχρῆν,
1351 1372 1386 1410 τί
1403 1371 1444 1419 δὴ
1459 1371 1536 1415 τοὺς
1550 1371 1718 1416 Χάλυὸας
1734 1372 1868 1420 τίθησιν
1883 1372 1976 1416 ἐντὸς
1988 1372 2051 1420 τῆς
2066 1373 2240 1427 Χεῤῥονή-

1213 1445 1289 1476 σου,
1310 1434 1472 1468 τοσοῦτον
1493 1432 1695 1484 ἀφεστῶτας
1724 1430 1784 1469 καὶ
1814 1430 1979 1478 Σινώπης
2001 1431 2060 1470 καὶ
2094 1431 2239 1483 Ἀμισοῦ

1213 1488 1299 1541 πρὸς
1315 1488 1381 1538 ἕω;
1411 1493 1510 1527 Tum
1536 1503 1693 1527 curnam
1718 1488 1796 1527 οὐδὲ
1820 1487 1966 1538 Λυδοὺς,
1993 1489 2069 1529 οὐδὲ
2097 1489 2241 1543 Μῄονας

1214 1548 1366 1601 εἴρηκεν,
1402 1548 1470 1587 εἴτε
1494 1547 1566 1595 δύο,
1599 1548 1661 1586 εἴθ’
1685 1550 1717 1587 οἱ
1743 1548 1841 1587 αὐτοί
1860 1550 1944 1587 εἶσι·
1976 1549 2035 1588 καὶ
2065 1548 2134 1588 εἴτε
2161 1549 2239 1588 καθ’

1215 1607 1370 1657 ἑαυτοὺς,
1388 1608 1449 1647 εἴθ’
1469 1610 1504 1647 ἓν
1528 1607 1635 1662 ἑτέρῳ
1654 1608 1744 1660 γένει
1766 1607 2054 1662 περιεχομένους;
2083 1609 2239 1661 quinam

1214 1667 1351 1706 deinde
1375 1670 1406 1706 οἱ
1438 1667 1598 1719 μιγάδες;
1631 1668 1702 1707 Καὶ
1728 1667 1796 1720 γὰρ
1813 1669 1842 1706 εἷ
1861 1667 2140 1720 κατεμίχθησαν,
2162 1667 2240 1706 ἀλλ’

1214 1727 1269 1773 ἠ’
1254 1725 1458 1779 επικράτεια
1487 1725 1677 1773 πεποίηκεν
1703 1725 1725 1773 ἢ
1756 1725 1937 1773 ’Έλληνας
1969 1725 1991 1773 ἢ
2026 1725 2238 1779 βαρὸάρους

1214 1800 1269 1837 τρι
1261 1785 1329 1822 ’τον
1361 1785 1397 1824 δὲ
1421 1783 1519 1836 γένος
1547 1783 1687 1823 οὗδὲν”
1674 1799 1774 1836 ισμεν
1799 1783 1839 1822 τὸ
1870 1783 2004 1835 μικτὸν.
2034 1784 2239 1832 Quomodo

1216 1844 1370 1882 tandem
1403 1845 1476 1882 tria
1505 1846 1726 1883 Graecorum
1756 1857 1895 1895 genera
1919 1844 2049 1882 Asiam
2071 1844 2240 1882 incolere

1216 1903 1356 1940 dixerit
1359 1916 1499 1953 ,quum
1511 1911 1576 1940 aut
1589 1910 1772 1953 quattuor
1786 1902 2051 1954 (Athenienses
2062 1910 2100 1939 et
2112 1905 2239 1950 Iones,

1215 1964 1338 1998 Dores
1367 1970 1406 1998 et
1445 1961 1614 2012 AEoles),
1651 1969 1718 1998 aut
1742 1960 1819 1998 duo
1857 1960 1994 2011 (Iones
2019 1968 2057 1998 et
2080 1959 2239 2007 AEoles)

1216 2019 1366 2057 dicendi
1392 2019 1563 2057 fuissent.
1590 2019 1739 2057 Οἷκοῦσι
1767 2017 1802 2057 δὲ
1821 2017 1884 2065 τὴν
1911 2017 2130 2072 Χερρόνησον
2154 2016 2240 2056 ταύ-

1215 2094 1299 2125 την,
1333 2078 1392 2116 και
1422 2078 1578 2129 μάλιστα
1596 2076 1688 2115 κατὰ
1711 2077 1770 2115 τὸν
1792 2080 1853 2115 τοῦ
1882 2076 2033 2131 Ἐφόρου
2062 2076 2238 2130 διορισμὸν

1517 2216 1548 2254 I
1549 2216 1669 2254 IBER
1697 2215 1934 2263 QUINTUS

1695 2296 1759 2329 80.

1252 2359 1400 2399 Ephorus
1415 2358 1509 2397 dixit,
1522 2357 1724 2399 peninsulam
1736 2358 1832 2390 istam
1844 2356 2047 2398 (Asiammin.
2051 2356 2206 2397 >habitari
2219 2366 2239 2390 a

1211 2405 1350 2437 sedecim
1359 2405 1519 2446 gentibus,
1527 2413 1665 2446 quarum
1673 2407 1736 2437 tres
1742 2405 1806 2437 sint
1815 2404 2024 2444 Graecanicae,
2031 2404 2161 2445 reliquae
2168 2404 2238 2437 bar-

1213 2452 1310 2492 barae,
1327 2452 1474 2493 exceptis
1488 2452 1667 2484 convenis:
1686 2456 1724 2484 ut
1737 2451 1778 2483 ad
1791 2460 1878 2484 mare
1891 2451 2016 2484 scilicet
2028 2451 2095 2484 sint
2108 2451 2238 2491 Cilices,

1212 2499 1324 2540 Lycii,
1352 2499 1547 2540 Pamphyli,
1569 2499 1720 2539 Bithyni,
1747 2498 1986 2540 paphlagones,
2010 2498 2237 2539 Mariandyni,

1213 2547 1324 2584 Troes,
1341 2548 1465 2578 Cares:
1481 2546 1714 2578 mediterranea
1729 2547 1836 2578 autem
1850 2547 1982 2578 teneant
1996 2545 2127 2585 Pisidae,
2141 2545 2236 2586 Mysi,

1213 2592 1395 2633 Chalybes,
1414 2593 1579 2633 Phryges,
1601 2592 1720 2632 Milyae.
1739 2594 1828 2630 Quas
1844 2591 2056 2633 Apollodorus
2073 2601 2176 2633 quum
2191 2601 2238 2625 re·
2298 2623 2299 2626 ,

1213 2639 1409 2678 censuisset,
1440 2639 1531 2671 addit
1559 2639 1717 2671 decimam
1740 2639 1911 2680 septimam
1935 2639 2136 2678 Galatarum,
2164 2647 2238 2680 quae
2302 2651 2306 2653 ⁴

1212 2687 1342 2727 Ephoro
1369 2689 1418 2718 est
1447 2688 1614 2719 recentior.
1639 2689 1685 2719 De
1705 2687 1800 2719 dictis
1823 2690 1931 2719 autem
1956 2687 2105 2728 quaedam
2133 2695 2236 2728 quum
2286 2688 2318 2730 “p

1210 2734 1338 2764 Graecae
1355 2733 1484 2772 suerint,
1506 2733 1635 2774 Troiani
1658 2734 1730 2766 belli
1756 2736 1901 2774 tempore
1919 2733 2064 2766 nondum
2082 2742 2102 2765 a
2116 2733 2238 2765 Graecis

1214 2779 1344 2811 fuerunt
1360 2779 1598 2820 frequentatae:
1616 2780 1795 2813 barbaricae
1817 2784 1947 2822 propter
1972 2783 2099 2821 tempus
2113 2788 2238 2821 magnoe
2295 2784 2302 2798 ·-·

1213 2828 1290 2857 sunt
1316 2826 1497 2858 confusioni
1521 2826 1682 2858 obnoxiae.
1726 2828 1895 2860 .Videtur
1924 2829 2030 2860 autem
2052 2826 2133 2858 mihi
2147 2825 2238 2868 Apol-
2290 2860 2294 2863 .

1213 2872 1346 2904 lodorus
1359 2881 1463 2913 neque
1476 2873 1593 2913 Ephori
1609 2851 1800 2905 sententiam
1817 2875 1903 2906 recte
1918 2874 2107 2914 disceptare,
2125 2874 2158 2905 et
2173 2874 2237 2905 Ho-

1213 2920 1292 2952 meri
1311 2920 1409 2951 verba
1435 2921 1553 2961 partim
1575 2920 1786 2959 conturbare,
1818 2921 1935 2962 partim
1959 2920 2040 2951 salso
2055 2919 2234 2952 traducere.
2283 2926 2294 2975 ,ζ’

1212 2967 1356 2999 Primum
1377 2967 1463 2998 enim
1483 2966 1516 2998 id
1536 2975 1576 2998 ex
1596 2967 1726 3007 Ephoro
1747 2944 1808 2998 su’it
1832 2965 2065 3007 quaerendum,
2081 2973 2138 2997 cur
2151 2965 2237 2998 intra
2254 2988 2271 3011 t

1212 3014 1414 3056 peninsulam
1441 3014 1469 3045 is
1498 3013 1659 3054 Chalybes
1686 3014 1876 3053 collocaret,
1899 3016 1965 3045 tam
1939 3013 2095 3091 „procul
2120 3020 2236 3046 versus

1211 3061 1367 3093 orientem
1385 3069 1403 3092 a
1429 3060 1547 3100 Sinopa
1571 3062 1604 3092 et
1630 3060 1742 3092 Amiso
1766 3062 1918 3092 remotos.
1965 3061 2073 3091 .Tum
2097 3068 2179 3091 curn
2319 3085 2320 3088 ,

1212 3116 1316 3148 neque
1328 3107 1436 3148 Lydos
1449 3115 1552 3147 neque
1564 3109 1704 3139 Maeones
1716 3107 1908 3145 nominaret,
1920 3107 1987 3138 sive
1999 3106 2073 3138 duae
2086 3107 2164 3138 sunt
2174 3114 2234 3147 θαι,
2317 3119 2320 3154 γ

1213 3157 1283 3189 sive
1299 3157 1394 3188 unica
1407 3165 1510 3197 gens:
1528 3159 1560 3188 et
1575 3157 1644 3188 sive
1659 3165 1805 3188 seorsum
1820 3156 2023 3195 habitabant,
2036 3156 2106 3188 sive
2125 3155 2159 3187 in
2166 3154 2236 3189 alia

1212 3203 1365 3244 quapiam
1401 3203 1545 3234 contenti
1571 3205 1674 3243 gente.
1783 3205 1854 3235 tum
1889 3203 1946 3243 qui
1981 3203 2046 3235 sint
2081 3209 2235 3234 convene
2256 3213 2295 3223 ὁ»

1213 3251 1278 3283 isti.
1315 3252 1397 3283 Nam
1418 3250 1479 3282 etsi
1507 3250 1658 3290 permixti
1699 3250 1837 3282 fuissent
1870 3250 1958 3290 aliis,
1985 3252 2094 3282 tamen
2129 3248 2235 3289 potior

1213 3306 1288 3338 pars
1303 3306 1359 3329 eos
1373 3296 1424 3328 vel
1439 3298 1582 3335 Graecos,
1600 3296 1651 3328 vel
1667 3295 1820 3328 barbaros
1847 3296 2003 3328 fecisset:
2019 3295 2146 3327 tertiam
2162 3302 2234 3335 gen·
2279 3294 2285 3315 ἕ·

1214 3346 1278 3377 tem
1296 3343 1505 3376 commixtam
1518 3342 1670 3374 novimus
1682 3342 1814 3374 nullam.
2275 3343 2277 3346 “

1262 3391 1416 3424 Habitant
1432 3391 1540 3422 autem
1568 3389 1788 3430 peninsulam,
1808 3389 1969 3430 praecipue
1985 3388 2012 3420 si
2027 3386 2147 3428 Ephori
2168 3384 2232 3419 dis-
