2320 3684
848 143 1015 182 TIMAEI
1043 145 1374 186 FRAGMENTA.
2102 162 2175 194 217

64 224 148 279 δρίῳ
180 227 296 270 καλῶς
323 225 529 278 γινώσκοντῑ
555 226 618 271 τὰς
652 226 815 271 τοιαύτας
837 229 1084 282 παρα[δθχᾶς]·
1147 240 1303 291 Ὁμοίως
1323 241 1361 280 δὲ
1377 241 1436 281 καὶ
1455 241 1513 281 τὸν
1534 241 1795 296 φρονιμώτατον
1812 244 1882 281 τῶν
1896 243 2020 297 ἡρώων
2042 244 2152 296 λέγειν
2169 262 2178 270 ·

65 283 128 330 Ἐξ
160 279 239 337 [ὧν]
258 288 277 324 ὁ
296 285 448 337 Τίμαιος
481 286 520 324 οὗ
542 284 646 337 μόνον
674 288 737 332 τῆς
765 291 1016 338 πραγματικῆς
1045 287 1086 327 ἂν

64 341 188 388 δόξειεν
207 343 457 383 ἀπολείπεσθαι
470 343 649 395 δυνάμεως
660 374 670 392 ,
688 343 780 382 ἀλλὰ
795 344 855 383 καὶ
870 348 940 384 τῶν
959 347 994 385 ἐν
1013 353 1089 390 ταῖς

64 402 256 456 διατριὸαῖς
289 404 492 454 ἐπιστημῶν
525 401 644 454 [πολὺ]
669 402 823 442 ἐλάττων
837 419 845 427 ·
870 403 997 448 πάντες
1020 403 1089 459 γὰρ

62 459 194 500 οἴονται
214 462 283 500 δεῖν
301 461 364 505 τὰς
382 460 600 513 ἀπο[δείξεις]
626 460 741 516 φέρειν
758 463 827 500 τῶν
847 461 1089 513 ἀγνοουμένων

63 519 124 558 καὶ
143 522 212 559 τῶν
232 519 499 572 ἀπιστουμένων
520 519 618 574 παρὰ
634 527 705 564 τοῖς
732 522 919 575 ἀκροαταῖς
931 537 938 545 ·
955 521 1034 575 περὶ
1055 520 1091 559 δὲ

61 580 132 617 τῶν
151 578 219 627 ἤδη
238 578 507 631 γινωσκομένων
533 579 769 630 ματαιότατον
798 573 887 618 εἶναι
907 580 998 631 [ἅμα
1015 579 1092 631 καὶ]
1255 580 1371 635 Εἶρῆγα
1389 581 1579 637 βαθύπλουτε
1595 584 1647 640 κοξῖ

63 637 408 691 παιδαριωδέστατον
439 638 480 678 τὸ
509 640 806 693 καθευρεσιλογεῖν
825 639 860 656 **
878 638 981 691 μένον
1001 638 1024 686 ἢ
1052 638 1093 677 τὸ
1255 626 1570 710 Ξζζέιστὲιῑὲἒξζρων
1586 631 1687 710 eamme
1762 680 1768 699 u

61 697 318 748 γινωσκόμενον
329 713 337 722 ·
375 701 393 737 δ
425 697 460 736 δὲ
495 697 603 752 χωρὶς
618 701 681 745 τῆς
714 697 796 746 ὅλης
813 697 1090 752 παραπτώσεως,
1256 685 1385 752 34¹&ng
1396 720 1441 759 δὲ,
1455 688 1583 764 &vagg
1598 681 1767 766 {253⁰}sssp

62 755 133 794 οὐδ’
150 756 207 773 ***
221 759 353 795 θεῖσθαι
375 756 416 795 τὸ
435 758 598 796 πλεῖστον
619 755 728 811 μέρος
747 761 809 796 τοῦ
826 756 930 809 λόγου
948 757 1034 811 πρὸς
1049 756 1093 796 τὰ
1181 775 1186 779 ·
1254 766 1409 809 ὑπερὸάλῃ
1429 779 1467 808 με
1482 773 1590 811 γῆρας,

62 812 224 859 καθάπαξ
259 813 308 866 μὴ
344 814 586 870 προσδεόμενα
636 815 762 867 λόγου·
809 815 869 853 καὶ
926 814 1092 867 λήμμασι
1254 816 1325 875 “pff
1342 816 1399 848 σὰν
1419 816 1587 874 χῗῑρίεσῗαν
1600 820 1755 875 apameam
1777 821 1870 862 ὥραν,

62 874 192 925 χρῆται
205 872 373 918 τοιούτοις
387 905 398 923 ,
415 868 465 919 οἷς
481 874 540 912 τὸν
562 873 626 926 μὲν
643 873 892 928 Ἑρμοκράτην
906 873 957 917 τίς
974 873 1015 912 ἂν
1032 890 1091 912 κε-
1255 875 1308 943 ²⁰³
1325 865 1653 928 ’‘an‘'XOPWG-“O‘JfiOE-ss’

61 933 215 984 χρῆσθαι
239 931 460 983 πιστεύσειε,
492 932 550 972 τὸν
582 933 909 985 συναγωνισάμενον
928 932 991 985 μὲν
1014 936 1092 972 Λα-
1255 923 1287 952 φὶ
1307 923 1490 953 οπεφανους
1507 923 1541 943 T*
1557 923 1693 952 '‘⁰⁰⁹⁰‘'sp

62 989 296 1041 κεδαιμονίοις
313 990 377 1039 τὴν
398 992 433 1030 ἐν
453 991 557 1043 Αἰγὸς
584 998 755 1043 ποταμοῖς
784 991 1001 1044 ναυμαχίαν,
1025 992 1091 1030 αὗ-
1151 986 1234 1027 Ἔτι
1266 988 1303 1026 δὲ
1340 987 1426 1041 πρὸς
1465 986 1599 1031 τούτοις
1633 987 1837 1039 ὁμοιότατον
1879 984 1968 1028 εἷναί
2004 1006 2091 1045 φησι
2122 991 2181 1030 τὸν

61 1047 206 1102 τανδρίᾳ
223 1048 259 1088 δὲ
275 1049 536 1103 χειρωσάμενον
556 1049 618 1094 τὰς
637 1050 827 1097 Ἀθηναίων
848 1050 1012 1102 δυνάμεις
1031 1050 1091 1089 καὶ
1153 1045 1216 1098 μὲν
1233 1045 1388 1098 πόλεμον
1407 1048 1452 1098 τῇ
1471 1045 1583 1098 νόσῳ,
1600 1045 1664 1093 τὴν
1684 1047 1712 1084 δ’
1730 1047 1869 1100 εἰρήνην
1898 1051 1941 1101 τῇ
1962 1048 2074 1102 ὑγιείᾳ
2089 1048 2182 1110 τεὴν

61 1103 139 1149 τοὺς
159 1106 375 1160 στρατηγοὺς
392 1107 484 1146 κατὰ
504 1108 682 1148 Σικελίαν·
704 1109 781 1147 ἀλλ’
798 1109 876 1147 οὐδὲ
897 1108 1090 1162 μειράκιον.
1153 1104 1216 1157 μὲν
1233 1103 1379 1159 γὰρκαὶ
1401 1104 1480 1148 τοὺς
1506 1104 1705 1156 κάμνοντας
1731 1107 2005 1158 ἀναλαμὸάνειν,
2029 1109 2063 1146 ἐν
2092 1111 2122 1162 ᾧ
2146 1109 2183 1146 δὲ

115 1162 184 1209 ‘'Oc
218 1181 258 1217 γε
286 1169 425 1221 πρῶτον
459 1166 522 1219 μὲν
555 1167 688 1216 οἴεται,
722 1169 791 1206 δεῖν
824 1170 1091 1220 ἀναμνησθῆναι
1152 1164 1211 1202 καὶ
1250 1163 1330 1207 τοὺς
1364 1163 1582 1215 ὑγιαίνοντας
1618 1163 1846 1203 ἀπόλλυσθαι.
1888 1166 1962 1205 Καὶ
2002 1165 2093 1204 κατὰ
2120 1166 2183 1218 μὲν

61 1221 139 1266 τοὺς
156 1223 358 1279 συνέδρους,
378 1225 466 1264 διότι
490 1226 731 1278 κοιμωμένους
749 1227 807 1265 τὸν
831 1226 951 1282 ὄρθρον
972 1229 1007 1266 ἐν
1029 1227 1090 1279 μὲν
1153 1222 1216 1270 τὴν
1236 1222 1375 1276 Εἰρήνην
1393 1221 1474 1266 τοὺς
1489 1222 1748 1277 πρεοὸυτέρους
1769 1223 1835 1262 ὑπὸ
1858 1227 1927 1262 τῶν
1945 1223 2032 1263 νέων
2058 1225 2183 1264 θάπτε-

61 1283 111 1334 τῷ
127 1281 274 1337 πολέμῳ
295 1285 518 1338 διεγείρουσιν
540 1288 576 1324 αἱ
607 1286 816 1337 σάλπιγγες,
846 1285 940 1325 κατὰ
968 1285 1005 1324 δὲ
1026 1285 1090 1334 τὴν
1153 1283 1236 1319 σθαι
1282 1280 1374 1319 κατὰ
1415 1280 1540 1335 φύσιν,
1584 1283 1618 1320 ἓν
1660 1281 1696 1320 δὲ
1728 1285 1779 1335 τῷ
1817 1282 1963 1336 πολέμῳ
2005 1284 2183 1322 τάναντία-

61 1340 200 1394 εἷρήνην
220 1344 251 1380 οἱ
271 1342 412 1396 ὄρνιθες.
449 1343 551 1383 Μετὰ
578 1343 614 1383 δὲ
648 1348 774 1394 ταῦτα,
804 1344 863 1383 τὸν
898 1344 1092 1397 (Ηρακλέα,
1152 1339 1205 1379 Τὸ
1228 1338 1265 1377 δὲ
1296 1339 1473 1401 μυέγιστον,
1501 1341 1536 1378 ἐν
1564 1339 1627 1391 μὲν
1653 1343 1703 1394 τῷ
1720 1340 1866 1394 πολέμῳ
1897 1342 1979 1394 μηδ’
1999 1341 2082 1396 ἄχρι
2115 1345 2184 1381 τῶν

62 1400 167 1453 φησὶ,
185 1400 245 1440 τὸν
264 1401 326 1453 μὲν
349 1402 559 1454 Ὀλυμπίων
580 1405 700 1455 ἀγῶνα
726 1407 835 1442 θεῖναι
857 1403 917 1442 χαὶ
933 1403 997 1451 τὴν
1018 1405 1094 1442 ἔχε..
1151 1401 1279 1451 τειχῶν
1295 1402 1456 1446 εἶναιτὴν
1474 1398 1680 1451 ἀσφάλειαν·
1692 1399 1784 1438 κατὰ
1796 1399 1906 1448 δὲτὴν
1922 1400 2061 1454 εἰρήνην
2079 1400 2186 1455 μέχρι

62 1459 212 1512 χειρίαν,
232 1461 358 1512 δεῖγμα
387 1461 595 1513 ποιούμενον
617 1466 678 1509 τ’ῆς
704 1464 810 1501 αὐτοῦ
836 1462 1071 1517 προαιρέσεως
1083 1479 1091 1487 ·
1152 1460 1221 1496 τῶν
1240 1460 1303 1504 τῆς
1316 1456 1434 1512 χώρας
1450 1456 1551 1511 ὅρων.
1571 1457 1644 1497 Καὶ
1662 1457 1795 1503 τούτοις
1813 1458 1914 1514 ἔτερα
1939 1460 2184 1513 παραπλήσια.

60 1516 153 1561 ὅσοις
166 1518 198 1556 δ’
218 1518 438 1571 ἐπολέμησε,
459 1520 599 1566 τούτους
618 1521 752 1565 πάντας
767 1520 979 1576 βεὸλαφέναι
1001 1521 1093 1560 κατὰ
1206 1516 1390 1566 Θαυμάζω
1428 1515 1471 1564 δὴ
1506 1516 1578 1555 τίσι
1609 1517 1687 1555 ποτ’
1718 1516 1759 1555 ἂν
1792 1517 1909 1563 οἰ’λλοις
1926 1518 2103 1572 ἐχρήσατο
2126 1518 2187 1557 λό-

59 1575 123 1624 τὴν
139 1577 295 1630 ἀνάγκην
310 1579 369 1618 καὶ
385 1580 463 1619 κατ’
482 1580 666 1632 ἐπιταγὴν,
680 1580 845 1624 ἑκουσίως
859 1580 895 1619 δὲ
907 1580 1091 1634 παραίτιον
1153 1592 1226 1628 γοις
1242 1575 1264 1623 ἢ
1285 1582 1475 1630 προφοραῖς
1493 1575 1672 1629 μειράκιόν
1685 1592 1727 1615 ’τι
1746 1577 1932 1628 γενόμενον
1949 1577 2029 1631 περὶ
2048 1578 2188 1641 διατρι-

60 1639 169 1674 κακοῦ
215 1637 329 1676 οὐδενὶ
367 1638 544 1690 γεγονέναι
591 1642 660 1678 τῶν
687 1638 890 1693 ἀνθρώπων.
923 1638 1027 1686 Ἑξῆς
1057 1638 1093 1679 δὲ
1152 1635 1217 1679 ὅὰς
1248 1635 1307 1673 καὶ
1337 1637 1406 1673 τῶν
1439 1635 1705 1687 ὑπομνημάτων
1734 1636 2095 1690 πολυπραγμοσύνας,
2126 1642 2185 1675 καὶ

59 1693 210 1744 τούτοις,
229 1695 333 1750 παρὰ
354 1697 417 1748 μὲν
437 1700 486 1750 τῷ
506 1702 635 1746 ποιητῇ
653 1698 711 1737 τὸν
733 1698 801 1738 Δία
817 1697 1093 1751 παρεισάγεσθαι
1155 1694 1367 1748 βουλόμενον
1387 1696 1732 1749 παραγγελματικῶς
1755 1697 1795 1734 ἐκ
1824 1699 1893 1735 τῶν
1911 1696 2185 1751 παρισταμένων

58 1753 378 1807 δυσαρεστούμενον
393 1758 443 1795 τῶ
462 1755 580 1810 Ἀρεῖ,
597 1743 657 1795 καὶ
671 1756 836 1808 λέγοντα·
1155 1760 1230 1800 τοῖς
1245 1753 1449 1808 προσώποις
1467 1758 1643 1792 ποιεῖσθαι
1662 1754 1727 1802 τὴν
1749 1755 1967 1810 ἐπιχείρησιν
1981 1773 1989 1780 ·
2011 1757 2104 1795 δοκεῖ
2117 1755 2185 1810 γὰρ

425 1797 432 1809 ⁵
1153 1814 1207 1831 *¹⁰*
1227 1813 1313 1868 πρὸς
1330 1813 1421 1851 ἄλλα
1442 1812 1577 1856 τούτοις
1597 1807 1646 1857 οἷς
1671 1813 1824 1865 Τίμαιος
1839 1814 2090 1870 Ἑρμοκράτην
2122 1831 2185 1853 κε-

1210 327 1375 370 Ἇφρήτωρ,
1393 328 1568 370 ἀθέμιστος,
1587 328 1726 365 ἀνέστιός
1744 328 1827 360 ἐστιν
1846 329 1962 367 ἐκεῖνος

1211 374 1243 411 ὃς
1258 375 1395 416 πολέμου
1405 375 1511 418 ἔραται
1525 375 1689 416 ἐπιδημίου
1708 375 1898 418 ὀκρυόεντος.

1150 441 1432 493 Ὁμογνωμονεῖν
1466 443 1503 482 δὲ
1543 446 1593 498 τῷ
1630 447 1759 496 ποιητῇ
1781 445 1842 483 καὶ
1875 444 1934 484 τὸν
1972 445 2180 501 Εὐριπίδην,

1151 501 1185 537 ἐν
1206 494 1254 542 οἶς
1272 501 1395 554 φησίν·

121 1834 287 1877 Ἔχθιστος
304 1837 338 1869 δέ
355 1849 407 1879 μοι
426 1838 495 1870 ἐσσὶ
513 1840 602 1878 θεῶν,
616 1840 646 1871 οἳ
664 1839 826 1880 Ὄλυμπον
842 1840 981 1881 ἔχουσιν·
1200 1876 1222 1885 Ν
1397 1872 1406 1887 Ι

119 1883 179 1915 αἰεὶ
195 1883 254 1927 γάρ
270 1896 317 1917 τοι
336 1885 395 1928 ἔρις
408 1897 443 1917 τε
456 1886 539 1926 φίλη,
557 1886 687 1926 πόλεμοί
703 1898 750 1927 τε,
769 1886 866 1928 μάχαι
884 1898 928 1919 τε.
1153 1875 1306 1926 χρησθαῑ
1320 1888 1418 1926 φησι·

59 2017 118 2058 qui
145 2018 215 2049 haec
245 2018 354 2050 studia
384 2019 506 2060 optime
532 2021 669 2053 noverit.
697 2021 914 2059 Quamobrem
950 2022 1095 2054 Timaeus
1150 2019 1411 2053 consentientem
1427 2019 1477 2051 bis
1506 2019 1604 2051 etiam
1628 2028 1700 2052 esse
1724 2019 1916 2061 orationem,
1945 2030 2019 2062 quae
2050 2023 2184 2056 heroum

59 2073 127 2096 non
136 2065 267 2106 politica
281 2065 386 2098 solum
398 2067 519 2100 virtute
528 2067 705 2101 destitutus
717 2069 857 2108 videtur,
868 2077 982 2100 verum
995 2068 1092 2100 etiam
1146 2067 1399 2108 prudentissimo
1414 2066 1565 2098 tribuitur
1580 2076 1588 2098 ι

61 2111 321 2153 disciplinarum,
343 2122 420 2154 quae
449 2114 482 2146 in
505 2115 623 2147 scholis
653 2116 842 2156 discuntur,
865 2116 961 2148 valde
987 2115 1090 2147 rudis.
1211 2126 1282 2153 Non
1298 2124 1390 2153 hahet
1404 2124 1457 2152 ille
1472 2123 1586 2152 tribum
1602 2134 1660 2153 nec
1676 2125 1800 2159 sedem,
1813 2125 1947 2165 juraque
1962 2129 2079 2165 nescit,

58 2161 179 2191 Omnes
202 2160 287 2192 enim
312 2160 511 2201 existimant,
533 2170 583 2194 res
605 2163 655 2194 vel
678 2163 855 2204 incognitas
863 2163 914 2195 vel
923 2165 1016 2195 antea
1029 2171 1092 2194 non
1208 2171 1348 2210 quisquis
1364 2177 1445 2200 amat
1459 2170 1556 2199 durus
1572 2171 1709 2201 crudelia
1723 2173 1832 2212 proelia
1850 2172 1968 2204 Martis.

63 2206 201 2238 creditas
214 2206 421 2239 audientibus
432 2217 502 2240 esse
515 2208 799 2242 demonstrandas:
817 2212 1037 2242 verumtamen
1049 2209 1090 2241 de

61 2253 157 2285 rebus
168 2253 255 2286 notis
266 2254 482 2287 vanissimum
497 2255 598 2288 videri
613 2265 650 2287 ac
666 2265 798 2297 prorsus
814 2257 934 2298 puerile
947 2257 1092 2298 prolixos

59 2308 222 2332 sermones
263 2303 425 2333 nectere...
457 2302 508 2334 vel
533 2303 709 2343 cognitum.
742 2306 775 2335 Is
812 2306 932 2343 autem,
964 2307 1092 2345 praeter-

60 2356 159 2388 quam
190 2347 278 2389 quod
311 2357 542 2390 usquequaque
566 2349 719 2382 labitur...
732 2351 908 2392 plurimam
934 2352 1092 2384 sermonis

61 2395 185 2434 partem
198 2394 231 2426 in
244 2403 282 2427 ea
294 2395 441 2435 insumit,
459 2405 533 2436 quae
544 2405 585 2428 ne
602 2406 666 2428 uno
679 2398 811 2438 quidem
822 2399 922 2431 verbo
934 2398 1090 2439 indigent,

58 2441 155 2482 atque
173 2442 370 2482 argumentis
401 2443 561 2483 eiusmodi
584 2444 696 2484 utitur,
711 2454 785 2485 quae
814 2445 855 2477 ab
883 2447 1092 2478 Hermocrate

58 2487 204 2520 adhibita
220 2488 319 2521 fuisse
333 2489 419 2530 quis,
437 2499 494 2522 oro
507 2514 516 2530 ‚
534 2491 664 2524 credat?
677 2492 734 2532 qui
751 2492 801 2524 vir
816 2493 940 2525 scilicet
953 2495 985 2525 et
997 2495 1092 2525 Lace-

65 2533 245 2567 daemonios
266 2536 391 2576 adjuvit
413 2537 447 2568 in
469 2537 577 2569 navali
600 2547 707 2579 pugna
729 2539 771 2570 ad
791 2541 1038 2581 AEgospotamos
1059 2543 1093 2572 et

63 2580 308 2614 Atheniensium
324 2584 479 2622 praeterea
494 2584 604 2624 copias
617 2593 692 2616 cum
707 2588 775 2617 suis
788 2585 929 2619 ducibus
945 2587 1091 2628 captivas

61 2628 96 2659 in
110 2628 217 2661 Sicilia
237 2629 313 2661 fecit
330 2638 337 2660 ε
355 2630 413 2662 sed
435 2639 476 2663 ne
497 2631 653 2672 puerulus
669 2632 800 2673 quidem
823 2633 870 2666 sic
886 2643 1030 2675 unquam
1047 2634 1091 2666 lo-

82 2677 219 2707 ueretur.

59 2683 80 2716 q
101 2729 180 2760 Nam
197 2728 226 2760 is
242 2730 316 2761 ante
328 2730 440 2762 omnia
461 2730 501 2762 iis
543 2731 598 2772 qui
617 2731 649 2763 in
666 2732 801 2765 concilio
817 2734 949 2766 aderam
983 2735 1016 2766 in
1030 2744 1091 2767 me·
1185 2717 1236 2748 Ad
1251 2718 1338 2757 haec,
1357 2719 1557 2751 simillimum
1574 2728 1656 2758 esse,
1676 2720 1740 2758 ait,
1759 2718 1877 2750 bellum
1896 2718 2026 2772 quidem
2043 2719 2174 2759 morbo;

64 2775 197 2806 moriam
209 2777 425 2808 revocandum
438 2754 617 2819 existimat,
629 2778 825 2812 dormientes
837 2790 931 2813 mane
943 2758 1090 2821 e'xcitari,
1111 2792 1120 3228 γ
1143 2773 1253 2804 paoem
1270 2774 1349 2797 vero
1364 2766 1512 2797 ⁸³¹¹it³¹i²
1528 2767 1610 2798 hane
1624 2766 1784 2806 Siqmdem
1798 2767 1830 2797 et
1844 2774 1898 2797 ⁶⁰⁵
1907 2789 1916 2804 '
1934 2775 1990 2806 ‘¹¹¹¹
2005 2768 2173 2807 aegmtant'

1146 2231 1253 2261 Poetae
1266 2232 1375 2261 autem
1389 2229 1537 2261 assentiri
1547 2229 1644 2261 etiam
1659 2230 1858 2271 Euripidem,
1876 2232 1969 2273 quus
1991 2232 2061 2264 haec
2086 2236 2179 2265 sunt:

1312 2290 1338 2318 Ο
1354 2299 1415 2328 pax
1429 2288 1527 2326 alma,
1547 2288 1651 2318 datrix
1667 2300 1775 2330 opum,

1312 2347 1332 2364 o
1346 2335 1557 2375 pulcherrima
1572 2337 1707 2366 coelitum
1725 2361 1733 2376 ‚

1311 2392 1404 2421 quam
1420 2388 1450 2412 te
1465 2393 1552 2412 mens
1567 2383 1646 2412 sitit!
1665 2395 1682 2412 o
1698 2386 1832 2414 moram!

1313 2429 1446 2468 obrepat
1459 2437 1568 2460 metuo
1584 2431 1658 2459 mihi
1672 2454 1681 2470 ‚

1310 2483 1381 2506 aetas
1398 2488 1437 2506 ne
1452 2478 1544 2515 mala,
1567 2484 1599 2507 te
1617 2480 1704 2517 prius

1311 2529 1438 2548 suavem
1453 2529 1472 2548 o
1487 2529 1580 2558 quam
1597 2526 1685 2549 tuear
1700 2520 1781 2549 dien»
1794 2543 1802 2551 .

1309 2566 1437 2604 plausus
1455 2567 1594 2606 undique
1609 2578 1705 2606 quum
1721 2574 1862 2606 :itrepeut
1875 2590 1882 2604 ‚

1310 2620 1481 2652 cantusque
1497 2621 1526 2643 et
1541 2614 1629 2643 chori
1642 2638 1651 2653 ‚
1667 2616 1830 2653 amicaque

1312 2661 1494 2690 comessatio
1513 2662 1648 2691 coronis.

65 2820 140 2853 belli
155 2822 287 2863 quidem
306 2825 467 2865 tempore,
481 2825 633 2857 tubarum
649 2828 764 2866 cantu,
785 2828 872 2868 pacis
889 2838 981 2870 vero,
1000 2830 1091 2869 gallo·
1144 2810 1283 2864 r‘fffioere'
1313 2821 1368 2852 per
1397 2813 1477 2844 fflfld
1498 2813 1593 2845 etiam
1608 2821 1722 2866 .s³¹¹⁰⁵
1756 2812 1895 2844 interire·
1928 2813 2068 2868 'ffceedst'
2087 2815 2174 2868 9⁰⁰⁴]

1145 2861 1276 2898 vigente
1289 2867 1365 2898 pace
1374 2868 1466 2891 senes
1480 2861 1707 2891 convenienter
1714 2861 1837 2890 naturae
1850 2858 2044 2900 sepeliantur
2054 2869 2073 2893 a
2085 2870 2174 2901 Juve-

1146 2904 1253 2944 nibus,
1268 2905 1361 2944 cujus
1372 2906 1414 2936 sit
1427 2906 1624 2936 contrarium
1641 2905 1673 2936 in
1702 2905 1796 2936 bello.
1819 2905 1974 2937 omnium
2009 2914 2086 2938 vero
2111 2916 2175 2939 ma-

1152 2951 1276 2982 ximum
1291 2951 1367 2982 illud
1382 2960 1452 2983 esse
1468 2952 1525 2992 ait,
1534 2952 1619 2992 qnod
1632 2951 1706 2983 belli
1722 2953 1867 2992 tempore
1881 2961 1922 2984 ne
1938 2961 2033 2984 muro
2043 2953 2175 2994 quidem

1147 3003 1237 3034 urbis
1251 3006 1344 3034 tenus
1371 3003 1527 3035 securitas
1544 3003 1664 3044 sperari
1682 3004 1788 3044 possit
1802 3014 1810 3043 ;
1826 3004 1915 3045 pacis
1930 3014 2007 3037 vcro
2029 3008 2173 3048 tempore

1144 3050 1240 3081 etiam
1260 3049 1302 3080 ad
1318 3049 1395 3081 sines
1412 3058 1514 3090 usque
1528 3050 1665 3090 regionis
1680 3060 1687 3081 :
1705 3051 1737 3082 et
1751 3050 1874 3083 similia·
1883 3051 1954 3084 istis
1973 3052 2046 3084 alia.

1183 3097 1281 3128 Miror
1305 3096 1454 3136 equidem
1475 3096 1671 3136 quibusnam
1702 3097 1772 3130 aliis
1804 3100 1944 3131 uteretur
1967 3100 2172 3132 sermonibus

62 2877 143 2900 rum.
162 2869 216 2902 Ait
241 2870 368 2910 deinde,
398 2871 562 2904 ludicrum
580 2873 710 2914 quidem
744 2875 951 2917 Olympicum
969 2879 1001 2907 et
1017 2875 1090 2907 illas

62 2914 139 2948 belli
155 2916 248 2948 ferias
266 2917 447 2950 instituisse
462 2920 634 2952 Herculem
645 2944 654 2960 ,
670 2920 904 2962 declarantem,
918 2923 991 2964 quis
1010 2931 1090 2954 suus

64 2963 150 2994 esset
166 2971 292 3003 sensus,
310 2973 384 3004 quae
399 2973 491 2997 mens
506 2966 606 2997 animi
626 2977 633 2997 :
653 2967 693 2999 iis
710 2971 818 2999 antem
834 2969 1007 3009 omnibus,
1023 2969 1090 3009 qui-

63 3006 200 3040 buscum
212 3009 297 3041 bella
319 3011 436 3051 gessit,
453 3011 572 3045 damna
589 3013 695 3054 ipsum
717 3014 883 3056 intulisse,
901 3017 1090 3048 necessitate

62 3055 285 3096 compulsum,
303 3059 336 3090 et
354 3058 457 3090 alieno
484 3060 599 3101 jussu;
616 3063 732 3101 sponte
759 3062 890 3103 quidem
914 3072 973 3095 sua
995 3063 1091 3095 nemi-

61 3100 95 3132 ni
110 3102 294 3135 mortalium
324 3104 426 3136 ullum
456 3115 600 3147 unquam
630 3107 858 3142 detrimentum
886 3111 1087 3151 importasse.

61 3146 195 3188 subjicit
207 3149 391 3189 his,Jovem
407 3153 494 3194 apud
507 3155 639 3186 Poetam
654 3155 776 3195 induci,
792 3157 886 3189 Marti
900 3166 1089 3189 succensen-

60 3194 127 3226 tem
141 3203 180 3227 ac
195 3195 355 3229 dicentem
371 3208 378 3229 :

1145 3143 1294 3174 ver-bisve
1309 3152 1388 3183 puer
1404 3143 1437 3174 in
1461 3143 1663 3176 scholasticis
1682 3145 1842 3177 exercitiis
1857 3146 2098 3187 lectionumque
2118 3156 2169 3179 cu·

1142 3190 1284 3222 riositate
1302 3191 1466 3228 versatus,
1489 3190 1610 3231 quique
1626 3191 1723 3224 vellet
1743 3195 1830 3224 certa
1848 3196 2008 3235 praecepta
2031 3202 2170 3234 sequens

1141 3245 1249 3267 coram
1266 3236 1480 3276 praesentibus
1499 3239 1810 3278 argumentationem
1825 3240 1992 3272 conticere.
2009 3241 2169 3273 Videntur

142 3278 358 3309 coelicolarum
374 3291 468 3311 uuum
484 3282 594 3312 eximie
610 3290 639 3313 te
654 3295 775 3324 semper
791 3296 850 3324 ego
866 3286 918 3315 odi
933 3310 942 3324 ,
1141 3282 1227 3314 enim
1243 3282 1283 3314 ad
1298 3282 1378 3314 alios
1385 3292 1515 3325 quoque
1527 3293 1607 3317 usus
1617 3287 1781 3327 usurpatae
1788 3286 1961 3328 aliquando
1975 3287 2074 3319 fuisse
2084 3288 2167 3320 locu-

141 3325 226 3367 quod
241 3326 295 3357 tihi
311 3327 376 3356 rixa
394 3329 496 3368 placet
511 3330 690 3371 bellumquev
707 3339 737 3362 et
751 3333 859 3372 proelia
875 3344 961 3363 sarva.
1142 3329 1243 3361 tiones
1252 3329 1370 3369 quibus
1378 3331 1616 3365 Hermocraten·
1629 3333 1770 3366 Timaeus
1777 3335 2020 3367 concionantem
2031 3334 2165 3367 inducit.
