2294 3704
932 131 997 169 DE
1025 132 1220 171 TlMAEO.

39 231 148 271 καίων
168 261 177 269 .
196 259 204 267 .
223 259 232 268 .
249 257 257 266 .
275 225 492 280 πεπείραμαι
510 219 739 274 συναγαγεῖν)
756 218 980 277 continebat
1002 218 1065 254 hi-

2047 139 2150 167 XLIX

1125 223 1317 274 pondera,
1347 223 1505 261 affectus
1536 203 1575 260 et
1606 221 1747 272 figuras
1779 219 1908 258 habet.
1931 220 2152 272 (Interdum

42 292 202 331 storiam
218 289 311 328 belli
329 286 461 326 Attici.
477 282 593 322 Diod.
609 284 698 327 XII,
715 280 917 328 823X111‚
934 277 1071 315 33.01.
1125 295 1219 319 vero
1253 283 1467 320 orationem
1491 280 1644 319 Philisti
1671 279 1854 331 grandem
1883 287 1921 317 et
1946 279 2153 318 sublimem

43 364 90 401 9¹
107 379 118 398 ,
149 363 188 397 13
208 362 281 399 91,
309 352 344 391 4.
377 346 561 395 Septimus
580 339 745 390 denique
773 337 871 375 liber
899 345 1074 386 tempora

43 410 190 448 Dioclis
232 410 561 457 Syracusanorum
601 397 831 450 legislatoris
871 395 1073 433 continere

46 475 200 520 poterat
232 477 320 502 cum
351 470 458 513 parte
488 459 580 498 belli
610 457 745 496 Punici
776 454 826 493 ab
857 453 1075 492 Hamilcare

46 527 157 580 gesti.
174 523 335 564 Diodor.
354 524 471 567 XIII,
494 519 634 568 34-96.
652 517 710 555 Ol.
728 529 777 566 92
791 544 802 563 ,
828 527 870 565 13
886 515 957 564 93,
974 513 1008 550 3.
1024 534 1077 540 —-

47 587 149 625 Hinc
167 583 359 634 incipiunt
381 593 441 617 res
469 577 647 628 Dionysii
679 575 859 621 senioris,
892 579 1078 623 quattuor

48 645 156 685 libris
173 641 371 694 expositae.
397 642 572 684 Quorum
591 641 734 687 primo,
763 634 804 671 ni
832 633 964 679 fallor,
988 629 1078 668 inde

50 719 72 743 a
93 710 207 754 capto
229 700 439 751 Agrigento
456 709 607 735 caussas
639 703 676 732 et
705 693 815 731 initia
839 692 948 742 regni
978 689 1078 726 Dio-

50 762 172 813 nysii,
204 759 444 808 maximeque
473 762 702 807 apparatum
739 751 920 789 bellicum
946 756 1081 786 contra

51 818 384 870 Carthaginienses
410 814 602 865 exposuit.
623 811 738 851 Diod.
771 812 889 857 XIII,
911 805 1080 857 91-108.

53 880 116 919 Ol.
135 878 203 929 93,
223 878 266 925 33
285 877 349 926 93,
369 882 404 920 4.
423 874 521 912 Hinc
539 873 588 910 ad
609 883 743 923 pacem
772 881 861 906 cnm
881 865 1083 915 Carthagi-

43 936 253 976 niensibus
278 935 411 972 initam
424 960 435 977 ‚
453 942 491 971 et
512 932 704 969 firmatum
720 942 743 966 a
755 926 943 976 Dionysio
970 924 1083 975 prin-

55 997 224 1048 cipatum
254 993 439 1032 naturalis
467 991 650 1029 transitus
689 988 762 1025 suit
789 986 890 1024 libro
915 985 1084 1022 secundo.

56 1054 217 1094 Diodor.
241 1055 362 1101 XIII,
388 1052 478 1099 1083
500 1053 605 1097 XIV,
639 1061 699 1085 10.
728 1046 789 1085 Ol.
810 1045 874 1094 93,
895 1049 942 1093 4;
963 1047 1028 1107 94,
1050 1054 1085 1078 2.

63 1115 180 1151 Tertio
199 1110 301 1150 libro
323 1110 479 1149 videtur
500 1120 696 1146 enarrasse
729 1104 871 1142 bellum
898 1105 1086 1139 Punicum

59 1172 283 1211 secundum.
302 1170 418 1208 Diod.
438 1172 543 1215 XIV,
569 1166 708 1213 14-76.
726 1163 784 1200 Ol.
810 1167 882 1212 94,
898 1173 944 1206 23
965 1161 1030 1210 96,
1055 1172 1087 1197 1.

62 1234 201 1280 Qcmrto
233 1229 334 1268 libro
364 1228 468 1269 bello
494 1226 640 1266 Punico
673 1223 788 1262 tertio
826 1229 864 1259 et
895 1219 1088 1270 RheginO,

62 1290 240 1340 Dionysii
259 1288 368 1326 obitu
387 1296 426 1326 et
446 1298 591 1339 pompa
616 1282 772 1322 funebri
800 1280 1002 1330 descriptis
1032 1290 1091 1315 res

64 1350 219 1400 tyranni
239 1348 287 1386 ad
307 1348 452 1386 exitum
476 1344 671 1397 perduxit.
695 1340 859 1380 Diodor.
889 1341 993 1386 XIV,
1020 1339 1090 1386 763

64 1411 229 1456 XV,74.
248 1407 310 1445 Ol.
333 1407 398 1456 96,
420 1405 569 1452 13103,
596 1417 626 1441 1.
642 1419 657 1436 u

118 1470 343 1517 Sequuntur
362 1463 452 1502 libri
478 1463 557 1500 duo
585 1459 764 1510 Dionysii
785 1458 950 1509 junioris
968 1457 1094 1494 histo-

66 1526 162 1564 riam
178 1524 269 1562 inde
288 1523 338 1562 ab
354 1524 415 1561 Ol.
436 1523 521 1570 103,
539 1535 572 1568 1,
589 1533 666 1571 quo
682 1532 782 1556 anno
797 1530 959 1568 regnum
971 1527 1096 1553 susce-

68 1585 145 1636 pit,
162 1583 211 1620 ad
229 1583 290 1622 Ol.
313 1587 398 1628 104,
428 1594 449 1617 2
473 1578 678 1629 complexi.
700 1577 940 1615 Reti-actavit
961 1588 1044 1612 eam
1058 1581 1096 1611 et

68 1642 118 1680 ad
136 1642 252 1679 finem
271 1639 454 1692 perduxit
482 1638 651 1676 Athanas
679 1639 953 1686 Syracusanus.
981 1633 1094 1671 Diod.

69 1704 155 1750 XV,
175 1706 239 1750 94.
263 1703 386 1748 Quam
404 1712 451 1736 ne
479 1699 562 1748 ipse
583 1696 760 1734 Philistus
779 1694 939 1732 ulterius
960 1706 1097 1744 prose-

71 1768 266 1812 queretur,
285 1772 356 1797 nec
375 1758 537 1795 fortasse
561 1757 636 1794 illis
654 1755 768 1806 ipsis,
789 1767 874 1805 quae
888 1752 970 1803 jam
991 1766 1099 1790 com-

71 1827 275 1871 posuerat,
300 1830 488 1856 summam
514 1829 671 1854 manum
702 1814 947 1861 admoveret,
976 1819 1100 1849 morte

71 1878 281 1929 impeditus
309 1886 379 1915 est.
419 1876 535 1924 Quod
570 1875 606 1912 ei
635 1874 797 1911 ridicule
827 1886 917 1910 sane
948 1871 1099 1908 crimini

74 1938 188 1976 vertit
206 1937 368 1987 Dionys.
386 1936 471 1974 Hal.
488 1944 578 1972 tom.
596 1937 642 1980 V,
663 1947 701 1984 p.
724 1937 797 1980 427
821 1931 882 1969 ed.
903 1931 1030 1969 Reisk.

127 2000 173 2034 In
189 1995 378 2034 scribendi
401 2007 540 2046 genere
566 1993 772 2032 Philistum
798 1991 846 2028 ad
867 1989 1101 2040 Thucydidis

75 2055 240 2094 maxime
269 2055 489 2105 exemplum
517 2065 598 2090 sese
624 2051 885 2088 conformasse
910 2048 1101 2086 unanimis

76 2122 134 2153 est
145 2122 317 2152 veterum
336 2113 569 2164 scriptorum
589 2122 810 2148 consensus.
837 2112 973 2158 ltaque
1001 2107 1103 2158 apud

78 2175 301 2214 Ciceronem
324 2173 383 2225 (II
408 2175 480 2223 Ep.
500 2171 549 2209 ad
570 2170 704 2218 Quint.
738 2169 844 2206 fratr.
880 2169 948 2219 13)
978 2167 1101 2205 audit:

80 2250 95 2267 α
115 2233 265 2270 Siculus
284 2233 347 2270 ille
363 2231 538 2282 capitalis
551 2260 560 2277 ,
589 2228 744 2276 creber,
767 2236 923 2274 acutus,
956 2226 1102 2274 brevis,

80 2305 187 2344 paene
206 2291 366 2341 pusillus
387 2288 640 2339 Thucydides.
659 2305 674 2321 »
694 2286 765 2339 (Cf.
790 2291 895 2325 Brut.
913 2299 944 2324 c.
969 2285 1038 2331 853
1057 2285 1104 2322 de

81 2351 185 2390 Orat.
198 2353 249 2398 11,
267 2349 343 2400 13),
358 2357 396 2386 et
408 2348 512 2399 apud
527 2347 711 2394 Quinctil.
726 2346 1056 2391 Institut.orat.X,
1071 2358 1102 2380 1:

81 2427 97 2443 ει
114 2409 291 2447 Imitator
304 2406 550 2457 Thucydidis,
571 2414 610 2443 et
627 2415 672 2442 ut
696 2404 817 2441 multo
836 2403 1036 2450 infirmior,
1053 2403 1105 2439 ita

82 2469 320 2519 aliquatenus
353 2466 528 2504 lucidior.
555 2482 571 2499 »
603 2463 720 2512 Quod
750 2462 910 2501 uberius
931 2462 1106 2513 'exponit

83 2528 242 2577 Dionys.
260 2527 342 2565 Hal.
363 2534 455 2563 torn.
475 2528 528 2573 V,
544 2538 583 2575 p.
612 2530 686 2571 427
707 2531 743 2560 et
767 2526 841 2570 VI,
868 2536 906 2573 p.
931 2536 1006 2572 779
1023 2535 1104 2572 sqq.

83 2586 141 2624 ed.
164 2586 290 2624 Reisk.
319 2585 518 2632 Philistus,
533 2584 607 2632 ait,
622 2583 671 2621 ad
693 2581 956 2632 Thucydidem
987 2581 1106 2631 inagis

84 2645 286 2683 accessisse
310 2643 463 2681 videtur
484 2651 523 2681 et
541 2643 623 2693 ejus
640 2642 816 2693 exemplo
833 2642 995 2678 formam
1016 2653 1106 2678 ora—

85 2704 199 2742 tionis
221 2716 389 2741 ornasse.
414 2706 548 2753 Neque
566 2702 668 2739 enim
690 2708 957 2751 argumentum
974 2700 1108 2737 sumsit

86 2763 199 2800 nimis
221 2775 371 2812 vagum,
388 2775 522 2799 verum
544 2774 662 2798 unum
675 2791 685 2809 ,
706 2760 822 2810 idque
840 2759 908 2796 uni
932 2759 1017 2797 loco
1035 2758 1108 2796 ad-

86 2820 272 2857 strictum.
292 2819 439 2857 Ordine
458 2832 551 2857 vero
567 2819 716 2869 optimo
731 2818 928 2855 historiam
944 2830 1020 2854 non
1042 2817 1108 2854 ad·

88 2879 251 2926 ornavit,
269 2878 334 2916 sed
350 2877 529 2924 obscuro,
551 2886 589 2915 et
610 2891 723 2928 quem
743 2890 892 2914 summa
909 2889 996 2914 cum
1013 2876 1109 2913 difli-

89 2937 228 2975 cultate
259 2937 388 2975 animo
423 2937 606 2987 consequi
631 2937 776 2988 possis,
801 2949 844 2973 ac
873 2949 962 2973 sane
997 2936 1109 2986 longe

90 2995 219 3047 pejore
234 3008 350 3046 quam
375 2995 629 3045 Thucydides.
647 2999 724 3033 Res
752 2995 865 3032 etiam
887 2995 1029 3032 alienas
1044 2995 1107 3032 hi-

90 3056 217 3092 storiae
232 3067 306 3092 suae
319 3055 487 3092 inserere
503 3054 640 3101 noluit,
659 3054 726 3092 sed
739 3054 778 3091 in
793 3067 870 3091 uno
884 3063 1110 3104 argumento

92 3123 290 3164 permanet
311 3114 373 3163 (cf.
387 3114 534 3152 Theon.
549 3117 810 3163 Progymnast.
827 3127 865 3164 p.
885 3119 931 3157 44
951 3114 1108 3163 Heius).

92 3172 269 3209 Dictione
302 3172 424 3209 utitur
462 3172 643 3209 inusitata
676 3171 851 3222 quidem,
883 3170 951 3209 sed
987 3172 1110 3210 minus

93 3229 254 3268 obscura
267 3238 306 3268 et
318 3231 492 3268 affectata
512 3244 626 3281 quam
643 3231 706 3268 illa
730 3229 981 3280 Thucydidis,
996 3239 1111 3280 atque

94 3287 277 3335 rotunda,
307 3288 441 3336 densa,
471 3289 569 3336 acri,
591 3289 839 3327 contentiosa.
867 3292 955 3328 Non
984 3297 1110 3326 tamen

1127 352 1209 377 esse
1230 349 1391 378 testatur
1409 341 1571 391 Longin.
1597 354 1630 377 c.
1651 338 1729 390 40.)
1752 339 1872 377 Nimis
1896 339 2025 389 gravis
2053 351 2156 389 saepe

1128 406 1166 434 et
1184 399 1385 437 uniformis
1404 408 1482 445 est,
1504 413 1573 437 nec
1590 399 1668 437 ulla
1691 398 1844 450 periodi
1864 398 1946 448 ejus
1968 397 2157 448 jucundi—

1129 465 1206 494 tate
1227 459 1391 496 conditae
1407 459 1541 510 (cujus
1568 459 1624 497 rei
1650 459 1877 510 praeclarum
1906 471 1997 496 sane
2024 471 2159 495 exem-

1130 516 1238 566 plum
1258 518 1443 567 proponit
1458 518 1591 568 fragm.
1614 518 1669 569 8).
1695 521 1739 555 In
1759 517 2022 555 describendis
2046 517 2160 564 locis,

1130 575 1331 612 navalibus
1369 576 1509 626 pugnis
1548 583 1586 613 et
1620 576 1959 615 constitutionibus
2004 575 2160 613 urbium

1132 633 1313 684 perexilis
1330 642 1388 671 est
1408 642 1523 684 atque
1540 634 1757 685 depressus,
1777 649 1846 673 nec
1865 636 1990 674 oratio
2005 636 2061 674 rei
2081 649 2164 672 am·-

1134 692 1315 743 plitudini
1337 692 1557 743 respondet.
1586 693 1692 730 Idem
1726 694 1773 731 de
1800 695 1883 745 ejus
1910 694 2166 732 concionibus

1133 752 1249 790 valet.
1265 754 1317 789 At
1330 752 1495 788 naturali
1510 752 1677 802 quadam
1690 753 1766 790 oris
1780 755 1966 792 suavitate
1982 754 2167 805 praeditus

1135 820 1211 859 est,
1234 819 1273 848 et
1296 810 1465 862 prudens
1491 819 1529 848 et
1555 811 1604 848 ad
1623 825 1732 849 veras
1748 821 1785 849 et
1806 814 1925 851 serias
1945 827 2165 851 caussarum

1137 871 1306 909 actiones
1322 869 1549 920 Thucydide
1563 871 1682 920 magis
1700 871 1875 909 idoneus.
1895 873 2003 910 Idem
2021 873 2170 922 Diony-

1138 931 1217 969 sius
1233 932 1303 976 VI,
1330 943 1369 981 p.
1387 931 1478 978 767,
1496 929 1700 967 Philistum
1720 944 1806 967 cum
1824 932 2037 978 Herodoto,
2057 932 2168 970 Thu-

1139 989 1290 1040 cydide,
1308 989 1575 1039 Xenophonte
1597 997 1635 1026 et
1653 991 1913 1040 Theopompo
1933 1004 2172 1042 componens

1141 1049 1235 1087 dicit
1256 1064 1264 1086 ε
1286 1046 1429 1091 τούτους
1448 1046 1596 1101 ἓκκρίνω
1617 1046 1695 1091 τοὺς
1715 1047 1842 1102 ἄνδρας
1859 1049 1905 1091 εἷς
1924 1048 2073 1100 μίμησιν
2096 1050 2173 1087 ἐπι-

1141 1107 1395 1155 τηδειοτάτους.
1415 1110 1595 1145 Ceterum
1611 1107 1794 1145 Philistus
1815 1108 1851 1145 in
1869 1108 2174 1146 Alexandrinum

1142 1167 1418 1205 historicorum
1439 1179 1624 1204 canonem
1645 1179 1724 1203 non
1754 1174 1812 1203 est
1836 1175 2026 1217 receptus
2046 1170 2175 1218 Atque

1138 1227 1220 1278 jam
1238 1227 1403 1264 multum
1417 1235 1504 1264 ante
1519 1226 1715 1265 Ciceronis
1728 1234 1878 1263 aetatem
1892 1239 1969 1262 non
1987 1227 2177 1277 placuisse

1146 1285 1349 1324 obscuram
1370 1286 1472 1323 illam
1491 1286 1641 1324 Philisti
1667 1286 1884 1323 orationem
1912 1285 2080 1323 declarat
2098 1287 2175 1325 Cic.

1147 1348 1252 1383 Brut.
1282 1358 1314 1383 0.
1341 1358 1383 1392 17
1400 1360 1409 1383 :
1426 1361 1442 1378 «
1460 1348 1543 1383 Jam
1567 1358 1663 1382 vero
1681 1345 1861 1395 Origines
1890 1345 2045 1383 Catonis
2064 1359 2179 1396 quem

1147 1403 1297 1452 florem,
1313 1412 1378 1442 aut
1396 1404 1502 1455 quod
1519 1405 1650 1441 lumen
1671 1404 1901 1454 eloquentiae
1917 1418 1995 1441 non
2013 1403 2179 1442 habent?

1148 1463 1351 1502 Amatores
1381 1463 1472 1500 huic
1494 1463 1654 1510 desunt,
1687 1463 1800 1500 sicuti
1834 1463 1964 1500 multis
1987 1462 2069 1513 Jam
2092 1471 2181 1501 ante

1150 1522 1297 1560 saeculis
1317 1531 1354 1560 et
1374 1522 1536 1560 Philisto
1558 1522 1765 1572 Syracusio
1790 1530 1827 1559 et
1851 1522 1925 1574 ipsi
1947 1522 2180 1572 Thucydidi.

1151 1585 1248 1619 Nam
1285 1590 1329 1619 ut
1366 1582 1507 1619 horum
1542 1582 1705 1620 concisis
1736 1581 1953 1630 sententiis,
1987 1581 2183 1619 interdum

1151 1640 1264 1677 etiam
1281 1654 1357 1677 non
1373 1641 1464 1679 satis
1479 1642 1622 1692 apertis
1642 1642 1747 1691 [cum
1760 1640 1951 1678 brevitate
1967 1649 2048 1678 tum
2063 1641 2183 1678 nimio

1152 1699 1360 1750 acumine],
1378 1700 1496 1746 officit
1510 1700 1787 1751 Theopompus
1807 1701 1972 1738 elatione
1992 1708 2107 1751 atque
2127 1701 2185 1738 al-

1154 1759 1319 1797 titudine
1338 1761 1524 1798 orationis
1543 1773 1620 1798 suae
1636 1775 1645 1797 :
1667 1761 1772 1810 quod
1788 1759 1888 1797 idem
1906 1760 2025 1810 Lysiae
2042 1763 2185 1798 Demo-

1154 1818 1305 1856 sthenes
1333 1834 1341 1856 :
1371 1820 1424 1857 sic
1454 1819 1613 1858 Catonis
1642 1818 1853 1856 luminibus
1881 1818 2077 1857 obstruxit
2104 1820 2186 1861 haec

1155 1879 1414 1930 posteriorum
1438 1879 1546 1930 quasi
1577 1887 1805 1930 exaggerata
1824 1879 1938 1916 altius
1957 1879 2121 1917 oratio.»
2136 1902 2187 1908 —-

1154 1939 1336 1989 Iniquum
1366 1939 1499 1976 Timaei
1526 1938 1573 1976 de
1605 1938 1789 1975 historico
1819 1946 1954 1975 nostro
1975 1937 2187 1988 judicium,

1156 1997 1317 2052 φορτικὸν
1347 1996 1408 2035 καὶ
1431 1996 1575 2044 ἰδιώτην
1606 2010 1695 2035 011111
1724 1997 1903 2043 dicentis,
1925 2010 1996 2034 nec
2017 2011 2095 2035 non
2123 1996 2187 2044 τὴν

1157 2055 1331 2095 Φιλίστου
1369 2056 1550 2095 διάλεκτον
1581 2055 1734 2094 εὐθύνειν
1765 2056 1935 2107 aggressi
1965 2057 2190 2108 perstringit

1157 2116 1348 2154 Plutarch.
1368 2116 1450 2154 Nic.
1477 2131 1511 2154 c.
1544 2130 1577 2155 1.
1599 2116 1662 2154 Nil
1684 2115 1837 2153 curabis
1864 2116 1998 2153 Timaei
2028 2116 2190 2153 maledi-

1157 2176 1339 2222 centiam,
1362 2189 1482 2226 quum
1504 2176 1604 2226 legas
1625 2175 1733 2226 apud
1755 2175 1946 2212 Plutarch.
1965 2175 2077 2213 Alex.
2098 2189 2127 2213 c.
2151 2177 2188 2223 8,

1157 2235 1197 2272 in
1218 2243 1326 2272 tanto
1359 2235 1462 2286 apud
1491 2244 1641 2273 veteres
1664 2235 1798 2273 Nostri
1837 2234 2016 2272 historias
2041 2235 2190 2272 honore

1158 2294 1295 2341 fuisse,
1326 2302 1370 2331 ut
1398 2307 1461 2332 eas
1499 2308 1575 2332 una
1600 2308 1687 2332 cum
1724 2294 1936 2345 Euripide,
1973 2294 2188 2345 Sophocle,

1158 2353 1339 2402 AEschylo
1370 2354 1564 2405 Harpalus
1595 2353 1818 2391 Alexandro
1853 2366 1924 2391 suo
1957 2353 2125 2390 mitteret
2150 2353 2216 2390 in·

1159 2411 1339 2449 Persiam.

1604 2505 1752 2517 -οῡ-

1504 2620 1785 2678 TIMAEU
1794 2621 1847 2678 S.

1215 2753 1380 2792 Timaeus
1392 2755 1666 2792 Tauromenita
1677 2754 1728 2806 (1)
1746 2762 1855 2804 patre
1869 2766 1960 2790 usus
1974 2761 2030 2790 est
2040 2753 2189 2792 Andro-

1205 2844 1249 2884 (1)
1278 2844 1394 2876 Suidas
1410 2854 1418 2876 :
1443 2844 1589 2885 Τίμαιος,
1620 2844 1841 2886 Ἀνδρομάχου,
1876 2845 2119 2886 Ταυρομενίτης
2153 2847 2188 2879 ὃν

1162 2891 1312 2929 Ἀθηναῖοι
1329 2891 1523 2932 Ἐπιτίμαιον
1537 2891 1703 2932 ὠνόμασαν
1713 2901 1720 2907 ·
1738 2891 1891 2922 Φιλίσκου
1914 2892 2048 2931 μαθητὴς
2061 2896 2117 2925 τοῦ
2131 2895 2189 2926 Mt-

1163 2939 1288 2977 λησίου·
1305 2938 1533 2980 παρωνόμαστο
1553 2938 1585 2969 δὲ
1601 2941 1708 2978 τοῦτο,
1725 2938 1775 2969 διὰ
1790 2938 1825 2969 τὸ
1838 2938 1937 2970 πολλὰ
1951 2939 2094 2980 ἐπιτιμᾷν
2104 2949 2111 2956 ·
2135 2942 2189 2973 καὶ

1163 2987 1187 3017 Γ
1188 2986 1427 3028 ραοσυλλέκτρια
1443 2986 1493 3022 δὲ,
1510 2985 1559 3015 διὰ
1577 2985 1612 3015 τὸ
1625 2985 1662 3015 τὰ
1677 2984 1811 3026 τυχόντα
1822 2984 2017 3027 ἀναγράφειν.
2033 2986 2189 3029 Ἔγραψεν

1163 3033 1297 3064 Ἰταλικὰ
1313 3034 1365 3063 καὶ
1383 3031 1526 3063 Σικελικὰ
1536 3032 1566 3062 ἐν
1581 3031 1708 3072 βιὸλίοις
1720 3033 1761 3066 η’.
1780 3032 1944 3070 Ἑλληνικὰ
1958 3034 2011 3064 καὶ
2028 3035 2183 3067 Σικελικά.

1164 3080 1318 3119 Συλλογήν
1341 3080 1510 3120 ῥητορικῶν
1532 3078 1677 3120 ἀφορμῶν
1701 3078 1803 3119 βιὸλία
1827 3078 1872 3116 ξή.
1895 3080 2152 3120 Ὀλυμπιονίκας,
2169 3085 2188 3121 ἣ

1164 3126 1292 3168 χρονικὰ
1314 3124 1456 3166 πραξίδια
1482 3147 1541 3155 .....
1563 3124 1698 3165 Reliqua
1721 3125 1884 3166 exscripta
1912 3129 1989 3157 sunt
2015 3135 2033 3158 e
2054 3127 2188 3160 Diodor.

1164 3176 1243 3204 Exc.
1261 3172 1367 3204 Vales.
1385 3174 1465 3202 tom.
1482 3173 1544 3211 IX,
1558 3181 1591 3212 p.
1610 3172 1670 3204 279
1685 3174 1718 3204 et
1727 3172 1840 3213 Polyb.
1854 3175 1933 3212 XII,
1949 3177 2000 3206 23.
2017 3192 2056 3197 —
2071 3175 2161 3207 Idem
2179 3187 2186 3208 :

1164 3220 1292 3260 Τίμαιος
1309 3220 1326 3250 ὁ
1348 3218 1499 3260 ἱστορικός
1573 3219 1688 3262 ἔγραψε
1708 3221 1776 3263 περὶ
1799 3221 1908 3263 Συρίας
1930 3222 1983 3252 καὶ
2007 3224 2069 3254 τῶν
2094 3223 2187 3262 αὐτῆς

1163 3266 1282 3298 πόλεων
1297 3266 1349 3296 καὶ
1367 3266 1536 3306 βασιλέων,
1552 3266 1654 3307 βιὸλία
1668 3266 1709 3307 γ’.

1205 3314 1325 3344 Praeter
1337 3313 1362 3343 Τ
1365 3313 1597 3344 auromenitam
1612 3314 1697 3355 apud
1710 3317 1788 3346 vett.
1808 3314 1932 3356 scriptt.
1945 3319 2182 3347 memorantur:

95 3346 255 3383 eandem
276 3346 499 3397 elegantiam
526 3356 564 3385 et
595 3347 852 3398 majestatem,
881 3361 952 3386 nec
977 3347 1107 3385 eadem
1169 3362 1196 3390 1.
1220 3360 1367 3391 Timaeus
1395 3361 1542 3400 Locrus,
1568 3359 1609 3393 de
1634 3370 1700 3402 quo
1731 3361 1851 3394 certius
1878 3361 1959 3393 nihil
1985 3366 2186 3404 compen-unu

218 3441 447 3472 Pnomcoumm
468 3448 500 3471 m
522 3448 714 3473 ffls'romcos.

1994 3427 2025 3468 cl
