2320 3684
137 228 213 260 314

133 308 358 362 παράδειγμα
374 313 444 350 τοῖς
462 307 702 358 καυχωμένοις
722 305 877 359 ἀφρόνως
895 305 951 344 ἐπὶ
968 311 1043 349 ταῖς
1067 307 1164 345 εὐτυ-

134 367 227 420 χίαις
240 382 247 390 ·
267 369 285 405 ὃ
277 365 370 436 ωγὰρ
399 365 490 417 ἔχων
510 363 735 418 τετρακοσίας
753 363 924 418 τριήρεις,
947 365 1023 415 μετ’
1047 364 1162 416 ὀλίγον

134 429 170 464 ἐν
188 428 302 479 μικρῶ
318 423 519 478 στρογγύλῳ
544 423 655 476 πλοίῳ
687 422 919 462 κατέπλευσεν
946 425 993 467 εἷς
1008 422 1071 471 τὴν
1090 423 1163 463 Κό-

135 486 261 536 ρινθον,
284 482 515 535 περίὸλεπτον
544 480 636 533 ἔχων
662 479 725 528 τὴν
754 484 817 528 τῆς
836 481 1071 533 μεταὸολης“
1058 497 1164 536 υπερ-

133 541 254 589 ὅολήν.

597 598 686 636 217.

186 664 358 702 AEliauus
377 666 425 701 V.
443 666 490 701 H.
508 665 577 710 VI,
597 676 660 699 ¹2:
679 661 784 715 Λέγει
798 662 835 701 δὲ
848 662 1109 715 Θεόπομπος,“
1095 664 1163 703 υπὸ

131 724 192 768 τῆς
226 720 484 774 ἀκρατοποσίας
518 736 580 767 της
611 719 700 772 ἄγαν
736 720 839 760 αὐτὸν
876 722 1071 775 (Διονύσιον
1103 722 1161 762 τὸν

130 780 310 834 νεώτερον)
331 781 564 833 διαφθαρῆναι
597 779 660 824 τὰς
695 781 808 835 ὄψεις,
844 784 890 826 ὡς
918 782 976 821 και
1009 782 1162 837 ἀμυδρὸν

133 839 286 892 βλέπειν·
307 841 551 885 ἀποκαθησθαι
575 838 641 877 δὲ’
625 856 660 878 εν
677 846 747 884 τοῖς
765 841 931 894 κουρείοις
945 872 956 890 ,
975 841 1034 880 καὶ
1051 843 1164 893 γελω-

131 904 296 938 τοποιεῖν.
331 897 442 937 Καὶ’
427 914 462 936 εν
481 900 532 951 τῷ
551 899 752 952 μεσαιτάτῳ
773 902 835 946 τῆς
853 899 1061 944 Ἑλλάδος’
1042 916 1162 962 ασχη-

133 959 247 1007 μονῶν
268 955 435 1005 διετέλει,
465 936 538 1008 βίόν
559 957 730 996 διαντλῶν
748 958 1003 1010 ἀλγεινότατον.
1030 960 1137 998 Καὶ’
1119 976 1162 1007 ην

131 1017 257 1068 δεῖγμα
277 1017 315 1054 οὐ
335 1015 375 1054 τὸ
393 1015 500 1068 τυχὸν
529 1021 600 1060 τοῖς
626 1016 819 1070 ἀνθρώποις
832 1048 842 1068 ,
868 1019 914 1061 εἷς
937 1018 1163 1072 σωφροσύνην

131 1075 190 1114 καὶ
206 1073 336 1128 τρόπου
361 1072 493 1126 κόσμον
513 1077 535 1122 ἡ
553 1078 614 1113 τοῦ
637 1076 861 1114 Διονυσίου’
845 1092 885 1115 εκ
903 1078 972 1115 τῶν
994 1076 1164 1124 τηλικού-

131 1150 199 1172 των
217 1135 263 1177 εἷς
279 1133 370 1172 ουτω
389 1132 537 1172 ταπεινὰ
558 1133 750 1185 μεταὸολή

183 1193 240 1232 Cf.
261 1193 465 1231 Athenaeus
483 1195 548 1240 X,
566 1206 604 1244 p
627 1194 715 1242 435,
742 1197 795 1242 E,
817 1193 884 1231 ubi
913 1195 1020 1244 prior
1051 1194 1164 1245 hujus

130 1253 206 1290 loci
223 1265 312 1304 pars
333 1252 484 1289 citatur.
504 1251 804 1303 Theopompum
824 1253 972 1290 redolet
990 1257 1012 1291 J
1016 1262 1163 1291 ustinus

131 1314 246 1359 XXI,
265 1314 375 1347 2:112
399 1315 587 1360 segnitiem
609 1314 733 1361 lapsus
753 1315 921 1361 saginam
943 1316 1098 1360 corporis
1116 1326 1165 1348 ex

128 1372 246 1405 nimia
264 1371 412 1405 luz-uria
428 1371 681 1418 oculorumque
694 1371 942 1406 valetudinem
957 1375 1162 1406 contraxit:

126 1429 233 1473 adeo,
254 1437 297 1464 ut
324 1441 397 1464 non
424 1430 550 1473 solem,
578 1441 651 1463 non
675 1431 877 1477 pulverem,
904 1442 977 1465 non
1008 1430 1165 1478 denique

127 1487 355 1536 splendorem
365 1486 475 1534 serre
494 1489 582 1522 lacis
601 1491 712 1536 ipsius
726 1497 862 1536 posset
877 1487 936 1525 Ib.
948 1501 979 1525 c.
993 1487 1039 1525 5:
1065 1490 1164 1525 Tunc

128 1547 286 1595 deposito
309 1548 459 1593 imperio
484 1557 605 1580 arcem
625 1545 869 1594 Syracusanis
896 1560 976 1583 cum
1001 1552 1164 1585 exercitu

128 1605 306 1648 traclidit3
323 1611 536 1651 receptoque
541 1617 624 1652 pru
625 1613 685 1639 ato
699 1608 937 1642 instrumento
950 1606 1162 1644 Corinthum

128 1667 165 1699 in
179 1665 328 1699 exilium
342 1663 596 1711 proficiscitur:
611 1662 674 1698 Ibi
697 1663 905 1700 humillima
924 1678 1080 1714 quoeque
1099 1676 1162 1703 tu·-

128 1725 264 1758 tissima
288 1724 504 1757 existimans
517 1724 553 1756 in
571 1722 854 1758 sordidissimmn
868 1727 960 1759 vitoe
970 1737 1086 1773 genus
1098 1726 1165 1761 de-

127 1781 293 1816 scendit:
311 1792 385 1816 non
405 1787 595 1815 contentas
614 1783 650 1815 in
671 1779 814 1828 publico
836 1785 981 1831 vagari,
1013 1784 1163 1832 sedpo-

129 1848 223 1882 tare5
256 1851 323 1874 nec
351 1841 510 1886 conspici
529 1841 566 1873 in
576 1842 727 1887 popinis
754 1839 1078 1889 lupanar-ibasque,
1100 1844 1168 1878 sed

128 1901 211 1935 totis
227 1896 351 1932 diebus
365 1897 551 1942 desidere,-
573 1910 654 1933 cum
673 1899 922 1946 perditissimo
951 1913 1091 1948 qaoque
1118 1902 1164 1936 de

128 1959 287 1992 minimis
305 1954 412 1991 rebus
437 1956 662 2004 disceptare;
685 1969 880 2005 pannosus
908 1966 947 1993 et
974 1961 1164 2006 squalidus

128 2015 319 2058 ἱππείαν-8,·
349 2017 459 2049 risum
481 2014 647 2050 libentius
672 2014 842 2063 praebere
860 2029 971 2064 quam
989 2026 1164 2066 captare·
1149 2045 1161 2062 ,

128 2077 165 2110 in
185 2075 338 2109 macello
346 2081 534 2121 perstare&
548 2074 647 2121 qaod
656 2086 775 2109 emere
795 2087 867 2109 non
874 2082 1037 2122 poterat,
1054 2077 1165 2111 oculis

127 2132 316 2174 devorare,
335 2132 438 2179 apud
461 2132 589 2167 oediles
617 2133 787 2167 adversus
819 2134 968 2170 lenones
987 2137 1163 2182 surgari·
1149 2161 1161 2177 ,

128 2193 323 2237 omniaque
337 2192 389 2224 ita
411 2186 556 2236 facere,
574 2199 615 2226 ut
625 2191 911 2227 contemnendus
923 2195 1040 2241 magis
1051 2205 1162 2240 quam

129 2249 342 2285 metuendus
353 2249 550 2285 videretur.

181 2366 390 2406 Athenaeus
423 2369 513 2414 XII,
546 2380 585 2417 p.
606 2305 713 2415 26386,
737 2369 795 2406 C:
815 2365 1016 2420 Ἐτρύφησε
1041 2366 1078 2406 δὲ
1100 2367 1161 2406 καὶ

605 2480 692 2513 217

170 2540 397 2580 Theopompus
411 2539 502 2577 dicit,
520 2539 620 2571 nimio
637 2539 716 2571 meri
732 2542 811 2582 potu
829 2539 941 2572 oculos
957 2539 1104 2592 Dionysii
1117 2539 1167 2580 ju-

129 2587 232 2621 nioris
244 2594 316 2618 esse
325 2588 506 2627 corruptos,
519 2587 565 2618 ita
581 2589 616 2618 ut
628 2586 811 2618 caecutirzet
827 2586 950 2619 sedisse
962 2596 1039 2618 vero
1049 2586 1081 2617 in
1099 2588 1168 2618 ton-

129 2633 254 2673 sti-inis,
270 2632 437 2674 risumque
452 2633 524 2665 aliis
539 2633 663 2665 secisse
682 2634 788 2673 Atque
804 2633 838 2664 in
851 2633 958 2665 medio
973 2634 1068 2674 plane
1082 2635 1168 2665 Grae-

129 2680 187 2713 ciae
205 2679 341 2721 turpiter
354 2688 453 2721 agens
465 2681 694 2722 perseveravit,
712 2679 812 2712 vitam
842 2680 1005 2712 sustinens
1032 2680 1167 2712 miserri-

132 2736 230 2761 mam.
250 2728 290 2758 Et
304 2729 373 2759 erat
386 2726 618 2759 documentum
642 2736 707 2759 non
733 2727 865 2767 vulgare
891 2727 1104 2767 mortalibus,
1125 2728 1164 2759 ad

130 2774 384 2814 amplectendam
413 2775 658 2815 temperantiam
675 2776 708 2806 et
730 2782 857 2805 morum
884 2774 1084 2806 honestatem
1112 2774 1166 2806 illa

131 2821 332 2853 tortunarum
348 2820 494 2862 Dionysii
509 2830 548 2853 ex
565 2821 665 2853 tantis
678 2820 713 2852 in
727 2822 794 2853 tam
810 2820 951 2861 abJectas
965 2820 1113 2852 mutatio

602 2885 693 2918 218.

172 2937 378 2968 Luxuriosus
414 2946 544 2978 quoque
574 2937 637 2969 suit
671 2937 799 2969 Pharax
824 2937 1110 2976 Lacedaemonius,
1128 2938 1165 2968 ut

136 2984 232 3015 relert
247 2984 476 3025 Theopompus
498 2985 715 3017 Historiarum
738 2984 820 3016 libro
839 2984 1100 3025 quadragesimo,
1128 2986 1161 3016 et

138 3029 359 3069 voluptatibus
381 3030 427 3062 ita
447 3030 568 3063 lascive
583 3033 616 3064 et
632 3031 764 3072 profuse
789 3039 867 3063 usus
883 3034 954 3070 est,
974 3034 1011 3063 ut
1028 3040 1098 3064 eam
1120 3031 1163 3063 ob

135 3083 266 3106 causam
284 3076 410 3108 Siculus
425 3078 528 3118 magis
540 3102 549 3118 ,
567 3087 666 3119 quam
681 3078 724 3110 ob
742 3078 878 3119 patriam
899 3080 1075 3120 Spartanus
1091 3087 1163 3111 esse

134 3121 387 3155 existimaretur.

599 3191 689 3223 219.

174 3242 372 3285 Theopompi
388 3245 487 3277 verba
503 3246 571 3278 haec
587 3248 690 3278 sunt:
712 3249 821 3278 «Erat
837 3248 926 3279 enim
949 3247 1064 3302 priscis
1084 3250 1161 3280 tem-

131 3288 266 3332 poribus
304 3291 460 3331 templum
500 3294 656 3333 Apollinis
694 3295 848 3335 Amyclaei
883 3296 982 3327 aeneis
1012 3300 1161 3327 ornatum

131 3334 298 3368 donariis.
315 3337 426 3377 eisque
450 3347 514 3370 non
531 3341 666 3379 statuis,
683 3341 737 3373 sed
755 3341 914 3373 lebetibus
930 3345 964 3374 et
979 3342 1162 3383 tripodibus

131 3390 170 3413 ex
189 3391 252 3414 oere
269 3383 370 3414 sac.tis
388 3386 620 3418 Lacedaemonii
636 3387 745 3427 igitur,
757 3397 858 3428 quum
874 3389 1027 3421 deauraie
1045 3391 1161 3421 vellent

853 217 1157 259 THEOPOMPI
1186 220 1519 261 FRAGMENTA.

1224 306 1352 361 Φάραξ
1367 311 1385 347 ὁ
1401 310 1677 363 Λακεδαιμόνιος
1689 343 1700 364 ,
1734 314 1780 356 ὡς
1810 313 2022 364 Θεόπομπος
2051 316 2087 353 ἐν
2105 320 2149 370 τῇ
2167 333 2246 356 τεσ-

1222 371 1422 420 σαρακοστῇ
1441 371 1588 442 ἱστορεῖ·
1610 371 1668 409 καὶ
1695 378 1769 415 ταῖς
1802 373 1940 419 ἡδοναῖς
1965 373 2073 418 οὕτως
2092 377 2247 429 ἀσελγῶς

1221 425 1396 478 ἐχρήσατο
1415 427 1475 466 καὶ
1488 428 1611 480 χύδην,
1626 429 1716 469 ὥστε
1733 431 1823 470 πολυ
1837 433 1970 482 μᾶλλον
1982 431 2039 471 διὰ
2050 433 2113 480 τὴν
2132 435 2246 474 αἰτίαν

1220 483 1350 532 ταύτην
1371 486 1472 525 αὐτὸν
1498 489 1804 541 ὑπολαμβάνεσθαι
1822 492 2088 540 Σικελιώτην
2068 509 2091 539 η
2107 492 2164 532 διὰ
2182 493 2247 542 τὴν

1220 543 1373 598 πατρίδα
1391 547 1634 600 Σπαρτιάτην.

1273 603 1400 654 Idem,
1421 614 1463 643 ut
1477 607 1643 656 videtur,
1661 618 1896 648 memoratur
1921 624 1943 648 a
1961 611 2119 649 Diodor.
2133 613 2248 673 ΧΠ,

1223 677 1272 713 79
1291 672 1329 701 et
1345 665 1534 703 Plutarch
1552 667 1691 705 Timol.
1713 681 1744 705 c.
1768 681 1826 706 11.

1692 742 1783 783 219.

1274 817 1381 856 Idem
1398 821 1463 866 VI,
1481 832 1520 870 p.
1540 821 1631 868 231,
1650 823 1692 868 F,
1708 827 1798 869 232,
1819 824 1866 869 A,
1886 824 1937 860 B:
1952 819 2058 873 Λέγει
2083 819 2120 860 δὲ
2141 821 2251 866 ουτως

1221 879 1240 914 ὁ
1258 876 1490 928 Θεόπομπος·
1508 895 1524 911 «
1532 871 1602 916 ³Hv
1618 878 1686 932 γὰρ
1698 878 1738 917 τὸ
1754 878 1902 918 παλαιὸν
1919 879 1959 918 τὸ
1975 880 2064 934 ἱερὸν
2078 896 2252 933 κεκοσμη-

1223 935 1325 986 μένον
1337 937 1480 987 χαλκοῖς
1494 936 1726 988 ἀναθήμασιν,
1741 938 1804 976 οὐκ
1815 938 2006 991 ἀνδριᾶσιν,
2020 938 2111 978 ἀλλὰ
2124 939 2250 988 λε’ὅησι

1221 994 1281 1033 καὶ
1305 995 1445 1048 τρίποσι
1464 997 1598 1047 χαλκοῦ
1617 996 1877 1047 πεποιημένοις.
1896 998 2172 1050 Λακεδαιμόνιοι
2187 994 2248 1039 ουν

1222 1057 1404 1107 χρυσῶσαι
1430 1053 1634 1106 βουλόμενοι
1655 1054 1696 1093 τὸ
1718 1054 1905 1108 πρόσωπον
1924 1061 1986 1095 τοῦ
2006 1058 2042 1096 ἐν
2062 1058 2250 1109 Ἀμύκλαις

1223 1112 1439 1156 Λπόλλωνος
1472 1129 1531 1151 και
1555 1114 1623 1165 οὐχ
1639 1113 1854 1166 εὑρίσκοντες
1880 1130 1914 1152 εν
1931 1119 1974 1168 τῇ
1992 1115 2169 1155 Ἑλλάδι
2158 1133 2249 1171 χρυ-

1223 1171 1310 1218 σίον,
1345 1170 1545 1224 πέμψαντες
1582 1174 1629 1216 εἷς
1657 1175 1733 1211 θεοῦ
1763 1172 1955 1226 ἐπηρώτων
1983 1174 2041 1214 τὸν
2071 1176 2146 1214 θεὸν
2165 1177 2251 1230 παρ’

1222 1233 1262 1267 οὗ
1279 1229 1421 1283 χρυσίον
1442 1230 1620 1284 πρίαιντο·
1637 1234 1656 1269 ὁ
1670 1230 1705 1269 δὲ
1723 1232 1839 1275 αὐτοῖς
1855 1233 1967 1270 ἀνεῖλε
1985 1233 2082 1287 παρὰ
2099 1237 2249 1288 Κροῖσον

1221 1287 1281 1326 τὸν
1309 1289 1420 1327 Λυδὸν
1449 1289 1678 1342 πορευθέντας
1711 1291 1873 1328 ὠνεῖσθαι
1905 1291 1990 1344 παρ’
2016 1292 2158 1332 ἐκείνου.
2179 1294 2250 1333 Καὶ

1223 1349 1254 1386 οἱ
1274 1346 1497 1400 πορευθέντες
1523 1347 1620 1402 παρὰ
1646 1347 1798 1401 Κροίσου
1825 1348 2020 1396 ὠνήσαντο.
2040 1349 2160 1404 Ἱέρων
2178 1350 2214 1391 δὲ
2233 1355 2252 1392 ὁ

1223 1406 1436 1459 Συρακόσιος
1460 1405 1667 1458 βουλόμενος
1695 1409 1870 1445 ἀναθεῖναι
1883 1423 1933 1460 τῳ
1947 1410 2014 1462 θεῷ
2029 1408 2088 1447 τὸν
2103 1410 2252 1463 τρίποδα

1222 1464 1283 1502 καὶ
1300 1463 1363 1511 τὴν
1382 1464 1495 1512 Νίκην
1516 1464 1550 1509 ἐξ
1571 1465 1726 1518 ἀπέφθου
1753 1469 1898 1518 χρυσοῦ,
1918 1466 1975 1505 ἐπι
2000 1467 2109 1506 πολὺν
2125 1468 2250 1523 χρόνον

1224 1525 1363 1576 ἀπορῶν
1389 1522 1534 1577 χρυσίου
1566 1522 1706 1577 υστερον
1738 1522 1874 1577 ἔπεμψε
1883 1524 1962 1568 τους
1973 1526 2252 1574 ἀναζητήσοντας

1224 1585 1270 1626 εἷς
1285 1582 1348 1631 τὴν
1367 1583 1544 1622 (Ελλάδω
1570 1584 1691 1628 οἵτινες
1708 1584 1807 1636 μόλις
1822 1583 1907 1623 ποτὲ
1921 1587 1968 1628 εἷς
1986 1585 2186 1638 Κόρινθον’
2166 1603 2250 1642 αφι-

1222 1640 1384 1694 κόμενοι,
1403 1642 1462 1680 και
1480 1642 1738 1696 ἐξιχνεύσαντες
1763 1647 1861 1695 εὗρον
1878 1642 1976 1697 παρὰ
1991 1643 2183 1698 Ἀρχιτέλει
2200 1648 2251 1699 τῷ

1226 1702 1418 1755 Κορινθίῳ,
1436 1702 1470 1745 ὃς
1486 1705 1606 1756 πολλῷ
1620 1703 1734 1757 χρόνῳ
1748 1703 2004 1756 συνωνούμενος
2019 1721 2111 1743 κατα
2128 1705 2251 1759 μικρὸν

1223 1760 1415 1815 θησαυρους
1434 1755 1524 1814 εἶχεν
1546 1763 1608 1799 οὐκ
1627 1761 1772 1813 ὀλίγους.
1791 1763 1953 1802 Ἀπέδοτο
1971 1767 2053 1815 γοῦν
2067 1770 2138 1806 τοῖς
2153 1763 2251 1818 παρὰ

1222 1824 1283 1859 τοῦ
1301 1819 1494 1873 Ἱέρωνος“’
1472 1835 1551 1858 οσον
1570 1819 1782 1867 ἠὸούλοντο·
1803 1821 1861 1859 καὶ
1880 1821 1969 1873 μετὰ
1982 1826 2091 1861 ταῦτα
2107 1822 2251 1876 πληρώ-

1224 1895 1288 1922 σας
1315 1879 1374 1917 και
1398 1878 1462 1926 τὴν
1489 1882 1612 1917 ἑαυτοῦ
1641 1895 1682 1931 χε
1684 1896 1761 1941 ,ρα
1793 1879 1872 1919 ὅσον
1899 1880 2048 1928 ἠδύνατο
2068 1897 2249 1935 χωρησαι,

1223 1937 1396 1977 ἐπέδωκεν
1418 1940 1552 1982 αὐτοῖς·
1583 1940 1656 1977 ἀνθ’
1680 1942 1727 1978 ὧν
1758 1939 1875 1992 Ἱέρων
1903 1941 2024 1978 πλοῖον
2056 1941 2152 1979 σίτου
2189 1955 2249 1979 και

1224 1998 1314 2038 ἄλλα
1330 1999 1480 2038 πολλὰ
1462 2002 1556 2055 οῶρα
1579 2001 1768 2053 ἔπεμψεν’
1752 2016 1792 2039 εκ
1811 2002 2012 2044 Σικελίας.»

1645 2098 1842 2112 ’,σοῦ’--

1582 2152 1734 2190 LIBER
1765 2152 1889 2189 XLII.

1691 2236 1780 2274 220.

1275 2308 1514 2358 Stephanus.
1525 2306 1812 2355 Ἵππος,νησος’
1818 2305 2026 2360 Ιξρυθραίας·
2039 2306 2250 2358 Θεόπομπος

1222 2383 1490 2422 τεσσαρακοστῳ
1507 2366 1666 2421 δευτερῳ.

1226 2476 1381 2508 miserunt
1396 2476 1452 2517 qui
1475 2477 1573 2508 deum
1590 2476 1806 2514 consulet-‚ent
1820 2484 1951 2507 aurum
1965 2474 2058 2507 unde
2070 2476 2250 2507 emerent?

1225 2522 1350 2559 Quibus
1366 2523 1531 2564 respondit
1553 2522 1652 2562 deus,
1671 2522 1720 2554 ad
1739 2524 1891 2554 Croesum
1912 2522 2046 2562 Lydum
2062 2521 2249 2563 proficisce·

1224 2571 1361 2606 rentur,
1376 2570 1419 2601 ab
1438 2579 1541 2611 eoque
1556 2572 1717 2602 emerent.
1736 2571 1778 2602 Et
1791 2570 1838 2601 illi
1853 2569 1892 2601 ad
1908 2570 1996 2601 hunc
2011 2569 2147 2610 profecti
2162 2577 2249 2601 eme·

1223 2619 1310 2648 runt.
1329 2617 1426 2648 Hiero
1450 2626 1528 2649 vero
1554 2617 1767 2657 Syracusius,
1791 2626 1892 2657 quum
1908 2616 2005 2648 vellet
2025 2615 2172 2648 dedicare
2187 2615 2249 2647 deo

1223 2663 1383 2703 tripodem
1399 2666 1433 2696 et
1461 2664 1640 2696 Vietmiam
1664 2673 1705 2695 ex
1733 2673 1812 2695 auro
1828 2663 2081 2704 diligentissime
2093 2665 2246 2701 excocto,

1223 2719 1327 2750 neque
1348 2710 1487 2750 repeiire
1511 2719 1627 2742 aurum
1650 2713 1776 2751 posset,
1794 2711 1827 2742 in
1847 2710 2005 2743 Graeciam
2024 2709 2140 2742 deinde
2160 2708 2250 2740 misit

1222 2757 1278 2798 qui
1294 2759 1520 2798 anquiierent:
1530 2758 1584 2798 qui
1604 2757 1657 2789 ubi
1673 2758 1863 2789 Corinthum
1880 2757 2008 2789 tandem
2019 2757 2248 2797 pervenerunt,

1222 2804 1307 2845 quod
1324 2805 1586 2858 pervestigarunt
1603 2805 1799 2836 invenerunt
1818 2805 1904 2845 apud
1919 2804 2116 2836 Architelem
2135 2801 2248 2835 Corin·

1221 2851 1326 2883 thium
1336 2875 1344 2890 ‚
1359 2852 1416 2891 qui
1435 2852 1531 2892 longo
1548 2854 1692 2892 tempme
1706 2851 1861 2892 paulatim
1886 2850 2063 2882 coemendo
2077 2850 2247 2882 thesauros

1223 2897 1308 2929 haud
1323 2897 1457 2938 exiguos
1471 2900 1727 2931 coacervaverat.
1745 2897 1900 2930 Vendidit
1913 2897 2011 2937 igitur
2031 2896 2084 2928 ille
2099 2896 2149 2928 his
2160 2919 2170 2934 ,
2189 2894 2246 2935 qui

1220 2944 1261 2976 ab
1277 2944 1414 2976 Hieione
1430 2945 1521 2976 missi
1537 2947 1638 2982 erant,
1655 2947 1812 2985 quantum
1828 2943 1873 2975 illi
1889 2943 2117 2984 poposcerant:
2129 2941 2247 2974 deinde

1220 3000 1317 3023 mauu
1333 3000 1392 3023 sua
1406 2992 1537 3032 insuper
1550 2991 1680 3032 capiens
1693 2992 1852 3031 quantum
1868 2989 1922 3022 illa
1936 2989 2106 3030 complecti
2121 2989 2245 3030 posset,

1220 3038 1308 3070 velut
1326 3038 1505 3070 auctarium
1522 3038 1619 3070 dedit.
1637 3040 1699 3069 Pro
1715 3047 1780 3078 quo
1793 3037 1891 3069 Hiero
1901 3036 2009 3068 tritico
2021 3037 2174 3068 onustam
2188 3042 2247 3066 na-

1219 3094 1304 3126 vem,
1322 3085 1487 3126 multaque
1504 3085 1566 3117 alia
1581 3085 1677 3124 dona,
1695 3094 1736 3117 ex
1753 3084 1859 3117 Sicilia
1875 3084 1916 3116 ad
1931 3093 2007 3116 eum
2022 3083 2158 3115 misit.»

1576 3225 1726 3264 LIBER
1761 3225 1881 3263 XLII.

1682 3318 1771 3350 220.

1259 3389 1392 3429 Hippus
1409 3388 1513 3420 insula
1525 3388 1566 3421 ad
1581 3389 1764 3430 Eryman),
1783 3388 1822 3420 dc
1837 3397 1902 3428 qua
1917 3388 2144 3427 Theopompus
2157 3384 2240 3452 libro

131 3428 246 3461 facien)
260 3429 582 3472 dii,necreperi1ent
599 3433 632 3464 in
649 3435 774 3467 Graecia
790 3445 922 3477 aur,um
938 3437 978 3468 ιι]
994 3438 1160 3469 oraculum
1216 3437 1358 3468 secundo
1379 3441 1411 3469 et
1428 3436 1683 3477 quadragesimo.
