2294 3704
943 132 1011 171 DE
1040 130 1291 172 PHILISTO.

82 231 143 267 τοῦ
162 224 396 281 πρεσὸυτέρου
414 224 558 268 ζῶντος,
582 220 675 260 ἀλλὰ
700 220 793 273 μετὰ
807 219 870 268 τὴν
892 218 1021 257 ἐκείνου
1040 233 1102 255 τε-

82 285 228 334 λευτὴν,
257 283 376 336 ὥσπερ
412 280 563 334 εἴρηται,
597 279 795 331 κατήγαγεν
836 277 940 317 αὐτὸν
970 279 990 315 ὃ
1020 275 1105 329 πρὸς

84 345 204 385 Δίωνα
223 346 292 383 τῶν
313 342 429 382 ἄλλων
451 338 589 393 φθόνος,
606 341 653 383 ὥς
678 340 792 383 αὐτοῖς
807 354 846 377 τε
863 337 998 388 μᾶλλον
1023 337 1104 374 εὲπι-υ

83 403 217 451 τήδειον
235 402 319 441 ὄντα
337 399 396 438 καὶ
412 401 455 450 τῇ
475 396 650 450 τυραννίδι
667 396 896 450 βεὸαιότερον.

138 460 343 500 Plutarcho
361 458 565 496 assentitur
587 456 785 495 Cornelius
809 459 905 506 Nep.
923 454 964 491 in
990 453 1103 491 Dion.

85 533 118 558 c.
142 522 178 565 3,
212 517 279 555 ubi
306 533 321 550 «
344 520 551 565 Quumque
577 514 693 562 Dion,
713 514 781 562 ait,
809 526 886 551 non
916 511 1106 549 desineret

85 576 288 615 obsecrare
306 574 555 624 Dionysium,
576 580 618 610 ut
643 573 840 611 Platonem
859 570 1020 609 Athenis
1039 582 1105 607 ar-

84 641 248 672 cesseret
279 641 318 671 et
345 631 429 682 ejus
463 631 631 669 consiliis
658 638 849 678 uteretur,
872 629 954 673 ille,
975 628 1042 678 qui
1066 628 1106 665 in

83 692 210 742 aliqua
225 704 266 729 re
283 690 395 728 vellet
413 698 561 741 patrem
578 688 738 734 imitari,
758 701 904 726 morem
923 687 958 724 ei
975 686 1106 737 gessit,

84 750 294 800 eodemque
325 757 496 799 tempore
523 748 608 799 (Ol.
645 750 732 796 103,
755 748 800 797 2)
825 746 1026 784 Philistum
1045 744 1107 782 hi-

84 809 265 846 storicum
286 810 494 856 Syracusas
516 806 689 854 reduxit,
718 805 913 843 hominem
944 803 1106 842 amicum

84 880 161 904 non
178 866 298 917 magis
325 874 487 916 tyranno
504 877 620 915 quam
645 864 848 914 tyrannidi.
870 863 944 902 Sed
970 862 1017 900 de
1036 862 1109 899 hoc

84 925 125 963 in
145 938 230 963 meo
250 924 351 962 libro
376 924 489 975 plura
507 931 595 961 sunt
619 923 815 974 exposita,
834 922 900 972 qui
920 922 968 959 de
983 921 1108 959 histo-

87 984 176 1022 ricis
205 983 445 1033 conscriptus
471 990 544 1020 est.
561 999 577 1016 »
610 981 664 1021 Cf.
688 981 879 1020 Plutarch.
905 984 963 1018 De
980 980 1109 1026 exilio,

87 1055 126 1093 p.
147 1042 235 1089 637.
259 1041 379 1079 Aliter
397 1054 478 1078 rem
497 1040 715 1078 efformavit
730 1041 891 1078 Diodor.
905 1042 994 1085 XV,
1015 1053 1049 1086 7.
1075 1041 1111 1075 Is

86 1097 187 1137 enim
218 1099 267 1137 ad
291 1100 349 1138 Ol.
382 1100 467 1145 103,
502 1113 535 1147 1,
566 1099 794 1148 Dionysium
826 1098 920 1136 dicit
950 1105 1112 1148 propter

87 1165 308 1208 poematum
325 1170 483 1195 suorum
500 1157 723 1208 despectum
741 1164 780 1195 et
808 1156 1111 1195 exsibilationem

86 1217 125 1254 in
145 1229 334 1254 summum
353 1215 531 1254 incidisse
549 1229 750 1254 moerorem
761 1245 771 1264 ,
786 1224 824 1254 et
839 1215 886 1253 ad
898 1223 1111 1253 extremum

87 1287 134 1313 eo
153 1275 340 1312 moestitiae
363 1282 401 1312 et
418 1274 575 1312 insaniae
595 1274 826 1325 processisse
839 1303 849 1321 ,
871 1282 914 1311 ut
934 1286 1109 1311 necessa-

88 1333 231 1371 riorum
251 1333 390 1371 multos
410 1332 513 1370 falsis
532 1333 759 1371 criminibus
787 1341 965 1370 oneratos
983 1345 1112 1369 necas-

90 1399 166 1439 set,
195 1405 265 1429 ncc
295 1404 438 1442 paucos
465 1390 628 1428 misisset
651 1392 691 1429 in
716 1391 883 1429 exilium.
909 1391 1015 1428 Inter
1042 1390 1112 1428 hos

93 1449 206 1487 fuisse
227 1450 414 1501 Leptinen
435 1449 591 1486 fratrem
615 1458 654 1487 et
686 1450 904 1495 Philistum,
926 1449 993 1499 qui
1011 1463 1111 1500 prae—

89 1509 190 1545 clara
221 1520 484 1559 saepenumero
516 1516 678 1557 tyranno
706 1508 746 1546 in
776 1508 887 1545 bellis
913 1507 1113 1545 commoda

90 1569 328 1618 praestitisset
354 1583 362 1605 :
393 1581 458 1606 eos
496 1567 536 1604 in
567 1569 715 1606 Italiam
750 1568 887 1619 fugisse
923 1569 1111 1616 Thurios,

90 1638 347 1677 magnumque
375 1626 541 1664 favorem
564 1626 723 1677 adeptos
746 1639 833 1664 cum
859 1633 1022 1676 tyranno
1041 1627 1112 1663 de-

90 1684 220 1734 inceps
244 1684 284 1721 id
306 1685 431 1735 ipsum
449 1695 609 1736 rogante
628 1686 668 1723 in
689 1685 850 1736 gratiam
870 1685 1030 1723 rediisse
1043 1714 1053 1731 ,
1073 1693 1111 1722 et

89 1756 167 1780 non
189 1743 303 1781 modo
320 1745 360 1781 in
380 1744 573 1783 civitatem
604 1748 895 1795 Syracusarum,
915 1744 981 1781 sed
999 1744 1112 1782 etiam

90 1801 128 1838 in
161 1802 365 1851 pristinum
395 1802 675 1842 benevolentiae
701 1811 738 1841 et
766 1803 959 1853 dignitatis
988 1804 1112 1841 locum

92 1860 286 1897 restitutos
314 1873 407 1898 esse.
443 1864 501 1900 Ne
537 1861 724 1900 tamenin
752 1861 822 1898 hac
849 1861 1111 1899 narrationum

90 1917 312 1956 diversitate
330 1919 545 1958 Diodorum
563 1920 768 1958 Plutarcho
790 1920 940 1958 veriora
957 1920 1108 1957 tradere

92 1985 223 2026 putes,
256 1977 295 2014 id
336 1978 526 2029 praecipue
566 1978 712 2026 obstat,
749 1978 854 2029 quod
888 1978 1113 2016 Plutarchus

91 2035 219 2072 omnia
244 2048 311 2072 sua
340 2036 510 2074 hausisse
538 2050 618 2075 sese
647 2038 788 2074 fatetur
816 2050 865 2075 ex
891 2036 1112 2084 Timonide,

90 2093 157 2142 qui
177 2093 342 2132 Dionem
359 2094 398 2131 in
414 2095 582 2134 Siciliam
598 2103 749 2134 secutus
765 2095 895 2145 rebus,
912 2108 1006 2145 quas
1022 2108 1113 2132 nar-

93 2152 206 2197 ravit,
238 2153 411 2190 oculatus
440 2155 545 2192 testis
574 2155 812 2193 interfuerat.
841 2157 963 2201 Quam
986 2154 1112 2204 impa-

54 2208 58 2210 ’
94 2210 229 2248 tienter
255 2224 346 2248 vero
363 2212 543 2250 Philistus
563 2214 720 2251 exilium
747 2212 897 2259 tulerit,
925 2212 1113 2262 quemad—

92 2268 248 2306 modum
277 2269 325 2306 ad
348 2269 516 2308 reditum
533 2271 772 2308 efficiendum
797 2271 912 2308 vilem
939 2270 1115 2320 Dionysii

94 2327 330 2365 adulatorem
348 2341 387 2366 se
405 2328 628 2379 praebuerit,
647 2337 752 2379 patet
776 2342 823 2366 ex
838 2329 1040 2366 Plutarcho
1058 2330 1070 2379 (
1080 2329 1114 2379 ι)

92 2394 130 2422 et
164 2387 347 2423 Pausania
367 2387 432 2436 (2).
466 2388 510 2425 In
551 2388 715 2438 patriam
754 2387 906 2425 tandem
938 2400 1115 2425 reversus

92 2444 208 2481 Dioni
236 2452 274 2480 et
307 2445 476 2494 Platoni,
505 2459 670 2496 quorum
698 2446 867 2484 consiliis
888 2446 1114 2496 Dionysium

92 2501 173 2552 regi
191 2501 370 2548 videbat,
395 2504 602 2542 acerrimus
619 2505 765 2543 exstitit
790 2505 1052 2550 adversarius,
1071 2518 1114 2542 ac

92 2559 212 2597 fracta
227 2560 367 2598 horum
382 2561 551 2600 virorum
565 2563 789 2601 auctoritate
803 2562 969 2613 priorem
987 2576 1114 2600 rerum

91 2617 350 2655 conditionem
366 2619 549 2658 reducere
566 2621 724 2659 studuit.
741 2623 819 2660 Nec
833 2621 1115 2660 criminationes

92 2685 297 2714 caruerunt
314 2686 463 2715 eventu.
481 2682 575 2717 Nam
596 2680 671 2717 Dio
696 2679 820 2730 patria
837 2679 968 2729 pulsus
980 2709 989 2727 ,
1005 2680 1114 2717 Plato

94 2736 260 2773 Athenas
291 2750 467 2776 reversus
495 2740 630 2789 est(V.
666 2740 814 2777 Platon.
844 2739 1003 2789 Epistol.
1035 2742 1113 2787 III,

95 2806 132 2843 p.
152 2796 221 2841 671
237 2824 248 2843 ‚
262 2794 328 2832 ubi
349 2809 421 2846 pro
439 2796 507 2834 ὑπὸ
529 2797 737 2836 Φιλιστίδου
768 2811 854 2835 cum
880 2798 1022 2836 Sevino
1050 2812 1110 2837 re-

132 2914 176 2955 (1)
194 2916 357 2948 Plutarch.
374 2915 491 2948 Timol.
512 2920 548 2949 15
566 2927 574 2948 ε
591 2917 690 2949 ’Ὠστε
712 2929 763 2959 μοι
777 2918 980 2959 συμὸάλλοντι
996 2919 1114 2956 τούτοις

90 2962 143 2998 τὰς
157 2962 308 2994 Φιλίστου
323 2964 423 3004 φωνὰς
433 2986 442 3002 ,
456 2963 491 3000 ἃς
505 2963 612 3005 ἀφίησι
622 2966 690 3006 περὶ
703 2967 765 2996 τῶν
777 2966 929 2997 Λεπτίνου
943 2967 1113 3008 θυγατέρων

91 3009 328 3051 ὀλοφυρόμενος,
346 3011 387 3046 ὡς
403 3010 438 3041 ἐκ
451 3010 591 3050 μεγάλων
607 3010 731 3051 ἀγαθῶν
745 3014 807 3042 τῶν
822 3015 875 3050 τῆς
890 3012 1061 3054 τυραννίδος
1072 3014 1113 3049 εἷς

90 3055 236 3091 ταπεινὴν
266 3054 439 3096 ἀφιγμένων
470 3055 606 3095 δίαιταν,
634 3057 793 3098 φαίνεσθαι
814 3059 939 3100 θρήνους
971 3061 1135 3100 γυναικὸς,

90 3099 298 3142 ἀλαὸάστρους
313 3103 366 3133 καὶ
378 3102 531 3144 πορφύρας
546 3104 599 3135 καὶ
616 3104 729 3146 χρυσία
743 3106 909 3143 ποθούσης.

133 3147 177 3186 (2)
194 3149 332 3179 Pausan.
368 3150 405 3188 1,
427 3157 454 3179 c.
475 3152 529 3188 13,
554 3148 638 3190 §132
656 3150 750 3192 Ἀνδρὶ
765 3152 823 3194 γὰρ
845 3152 965 3193 βασιλεῖ
982 3152 1113 3183 συνόντα

90 3191 208 3233 ἆνάγκη
219 3195 304 3224 πᾶσα
318 3194 346 3230 ἐς
375 3193 463 3236 χάριν
481 3196 663 3238 συγγράφειν
674 3207 681 3213 ·
697 3198 723 3228 εἰ
743 3198 776 3229 δὲ
786 3199 839 3229 καὶ
850 3198 997 3235 Φίλιστος
1013 3199 1112 3229 αἰτίαν

91 3238 211 3268 δικαίαν
235 3237 374 3281 εἴληφεν,
403 3240 571 3278 ἐπελπίζων
591 3244 647 3280 τὴν
674 3243 705 3274 ἐν
733 3245 942 3286 Συρακούσαις
961 3244 1110 3283 κάθοδον,

89 3283 327 3326 ἀποκρύψασθαι
353 3289 414 3317 τῶν
439 3288 603 3320 Διονυσίου
625 3289 663 3321 τὰ
678 3289 895 3330 ἀνοσιώτατα,
908 3291 990 3329 ἦπου
1014 3291 1111 3328 πολλή

89 3339 125 3369 γε
142 3330 314 3372 Ἱερωνύμῳ
332 3334 511 3374 συγγνώμη·

2057 146 2178 175 xtvtt

1164 219 1399 259 stituendum
1430 228 1488 258 est
1517 219 1584 259 ὑπὸ
1603 219 1804 264 Φιλίστου).
1834 220 1905 259 Sed
1936 221 1993 259 Ol.
2028 221 2120 270 105,
2142 228 2179 269 4,

1162 277 1367 318 Dioncum
1389 279 1526 329 exigua
1542 291 1658 316 manu
1675 278 1724 317 ad
1750 278 2021 317 restituendam
2046 282 2182 330 patriae

1163 333 1378 373 libertatem
1404 337 1445 374 in
1470 337 1631 376 Siciliam
1667 337 1845 388 appellit,
1874 336 1991 375 urbes
2018 338 2066 375 ad
2093 351 2180 376 eum

1163 392 1265 429 ultro
1291 393 1489 440 deficiunt,
1515 396 1610 446 ipsae
1640 398 1837 445 Syracusae
1865 394 2031 445 denique
2062 395 2112 433 ab
2136 410 2182 435 eo

1163 459 1412 500 occupantur.
1441 454 1668 503 Dionysius,
1697 453 1764 504 qui
1789 452 1860 491 sub
1887 453 1928 491 id
1957 461 2107 505 tempus
2134 455 2183 492 ad

1164 509 1385 546 Cauloniam
1399 511 1439 547 in
1459 512 1568 550 Italia
1584 512 1818 561 morabatur,
1833 513 2054 562 Philistum,
2071 528 2184 552 exer-

1164 567 1262 605 citus
1279 567 1428 615 ducem,
1446 570 1547 607 circa
1569 571 1725 608 Adriam
1747 580 1826 609 tum
1843 581 2075 621 versantem,
2095 586 2183 611 cum

1164 626 1280 664 classe
1295 628 1463 675 arcessit,
1480 637 1596 678 utque
1611 638 1716 667 recto
1729 643 1842 668 cursu
1858 634 2063 681 Syracusas
2078 641 2184 683 petat

1165 684 1330 734 injungit
1358 685 1535 735 (Diodor.
1562 690 1667 733 XVI,
1695 701 1815 736 9-113
1841 690 2032 728 Plutarch.
2060 693 2181 738 Dion,

1167 755 1198 778 c.
1217 742 1287 788 25,
1315 743 1392 793 35).
1410 743 1592 780 Philistus
1607 745 1724 794 igitur
1744 748 1926 794 accurrit,
1955 756 1993 786 et
2015 749 2185 799 primum

1167 801 1324 851 quidem
1352 802 1581 847 Leontinos,
1601 804 1667 852 qui
1693 803 1932 842 desciverant
1947 819 1969 843 a
1988 808 2184 857 Dionysio,

1167 860 1325 898 invadit.
1351 863 1477 899 Noctu
1504 861 1635 898 furtim
1662 863 1797 899 moenia
1822 864 2010 914 ingressus
2038 875 2186 916 partem

1168 918 1276 956 urbis
1300 927 1484 969 occupat,
1510 919 1576 956 sed
1598 932 1620 955 a
1641 921 1884 968 Syracusanis
1904 924 2097 974 suppetias
2125 925 2184 963 fe-

1170 977 1342 1015 rentibus
1369 978 1647 1015 Leontinorum
1675 978 1820 1028 oppido
1845 980 2081 1019 exturbatur.
2117 986 2185 1021 In-

1171 1036 1281 1073 terim
1309 1035 1531 1074 Heraclides
1551 1048 1574 1073 a
1597 1036 1720 1073 Dione
1748 1044 1787 1074 et
1811 1039 2054 1086 Syracusanis
2079 1041 2188 1079 classi

1170 1097 1372 1146 praefectus
1404 1110 1426 1133 e
1454 1096 1720 1146 Peloponneso
1761 1097 1885 1134 rediit.
1917 1101 2060 1136 Contra
2087 1101 2189 1139 hunc

1171 1156 1378 1202 Philistus,
1412 1169 1582 1193 summus
1619 1156 1748 1193 classis
1780 1164 1924 1206 praetor
1954 1170 1975 1194 a
2003 1158 2189 1208 Dionysio

1171 1223 1332 1262 creatus,
1351 1213 1573 1252 triremibus
1598 1214 1794 1264 sexaginta
1822 1227 1988 1264 pugnam
2016 1217 2189 1254 navalem

1171 1286 1258 1310 cum
1274 1273 1542 1323 Syracusanis,
1558 1273 1713 1310 navium
1729 1286 1890 1310 numero
1907 1273 2011 1310 haud
2033 1274 2191 1312 inferio-

1171 1330 1298 1380 ribus,
1325 1331 1503 1382 suscepit.
1532 1334 1633 1369 Acre
1660 1339 1740 1368 tum
1759 1332 1934 1382 proelium
1956 1333 2190 1379 conseritur3

1170 1390 1208 1427 in
1227 1403 1304 1440 quo
1321 1402 1390 1427 sua
1405 1389 1572 1440 primum
1588 1389 1730 1428 virtute
1749 1390 1929 1428 Philistus
1946 1391 2189 1441 praevalebat.

1172 1449 1247 1488 Sed
1274 1448 1323 1486 ab
1349 1448 1525 1486 hostibus
1552 1448 1704 1486 tandem
1740 1449 2044 1497 circumventus,
2073 1463 2191 1500 quum

1172 1508 1399 1557 Syracusani
1415 1507 1455 1545 id
1474 1521 1625 1545 summo
1655 1507 1783 1544 studio
1814 1516 1969 1557 agerent
1995 1517 2037 1545 ut
2062 1508 2190 1558 impe—

1172 1574 1337 1604 ratorem
1353 1567 1485 1604 vivum
1506 1574 1704 1617 caperent,
1722 1566 1805 1614 ille,
1826 1574 1868 1603 ut
1899 1567 2037 1604 vitaret
2052 1581 2136 1617 quae
2153 1568 2193 1605 in

1172 1625 1343 1674 captivos
1371 1625 1558 1662 committi
1582 1625 1704 1662 solent
1743 1625 1887 1675 probra
1919 1634 1957 1662 et
1984 1627 2193 1672 cruciatus,

1173 1691 1333 1724 mortem
1352 1682 1426 1720 sibi
1445 1683 1646 1730 conscivit,
1673 1692 1876 1733 postquam
1906 1685 2111 1722 maximum
2133 1684 2194 1722 sui

1172 1754 1282 1778 usum
1307 1741 1480 1791 tyrannis
1506 1741 1753 1792 praebnisset,
1771 1741 2107 1793 fidelissimumque
2126 1756 2194 1780 eo-

1174 1813 1258 1836 rum
1279 1800 1444 1837 amicum
1463 1813 1502 1837 se
1530 1800 1768 1839 declarasset.
1789 1801 2016 1850 Syracusani
2032 1802 2194 1839 victores

1172 1857 1396 1895 dilaniatum
1436 1858 1586 1895 Philisti
1626 1871 1765 1908 corpus
1808 1872 1878 1908 per
1905 1867 2025 1896 totam
2059 1858 2194 1896 urbem

1173 1925 1372 1954 traxerunt
1402 1925 1441 1954 et
1485 1917 1719 1967 insepultum
1767 1917 1932 1968 denique
1958 1917 2194 1967 abjecerunt.

1172 1974 1234 2013 Sic
1277 1975 1491 2019 Diodorus;
1532 1975 1599 2013 ubi
1644 1989 1736 2013 vero
1772 1984 1966 2027 postrema
1998 1977 2117 2026 magis
2154 1977 2194 2014 in

1172 2033 1355 2072 honorem
1396 2034 1559 2081 Philisti,
1587 2048 1703 2084 quam
1743 2049 1791 2072 ex
1827 2035 1987 2072 veritate
2011 2034 2195 2072 adornata

1173 2105 1254 2130 esse
1270 2101 1374 2144 patet
1389 2107 1435 2131 ex
1447 2093 1645 2130 Timouide
1658 2093 1761 2143 apud
1771 2093 1960 2130 Plutarch.
1972 2092 2100 2145 (Dion.
2115 2093 2193 2143 35),

1173 2151 1239 2200 qui
1258 2151 1388 2188 vivum
1407 2151 1499 2188 dicit
1516 2151 1715 2188 Philistum
1735 2151 1775 2188 in
1793 2165 1926 2189 manus
1941 2151 2109 2188 hostium
2128 2151 2191 2187 in-

1174 2209 1310 2247 cidisse
1339 2210 1462 2260 iisque
1496 2210 1612 2248 fuisse
1652 2209 1833 2248 ludibrio.
1866 2213 1959 2249 Cum
1990 2209 2193 2248 Timonide

1176 2268 1264 2306 facit
1289 2269 1402 2307 etiam
1428 2272 1585 2307 Tzetzes
1611 2270 1724 2321 (Hist.
1754 2272 1811 2316 X,
1843 2270 1919 2307 830
1938 2269 2021 2320 sq.).
2051 2271 2193 2306 Contra

1175 2328 1339 2377 turpiter
1369 2328 1497 2378 lapsus
1525 2336 1583 2365 est
1614 2328 1770 2375 Suidas,
1796 2328 1862 2378 qui
1891 2341 1977 2365 eum
2005 2328 2044 2364 in
2065 2340 2192 2377 pugna

1174 2394 1308 2423 contra
1324 2387 1464 2425 Poenos
1484 2386 1668 2424 cecidisse
1693 2387 1822 2424 refert.
1848 2386 2027 2424 Incidunt
2048 2386 2127 2422 haec
2153 2385 2192 2421 in

1175 2444 1235 2482 Ol.
1257 2446 1343 2492 106,
1364 2458 1392 2482 1.
1409 2449 1493 2483 Jam
1508 2445 1634 2495 igitur,
1650 2446 1682 2483 si
1700 2445 1910 2491 Philistum,
1926 2458 2002 2494 quo
2021 2453 2192 2493 tempore

1174 2503 1364 2554 Gylippus
1383 2504 1421 2541 in
1437 2504 1603 2543 Siciliam
1617 2505 1733 2552 venit,
1753 2505 1889 2554 viginti
1908 2504 2059 2540 circiter
2074 2514 2191 2538 annos

1174 2561 1352 2600 habuisse
1379 2570 1607 2609 statuamus,
1635 2562 1802 2600 efficitur
1827 2575 1913 2599 eum
1938 2569 2190 2612 septuagena-

1174 2623 1273 2659 rium
1286 2652 1296 2670 ,
1311 2621 1456 2675 γέροντα
1475 2622 1542 2670 ἤδη
1554 2654 1563 2671 ,
1578 2631 1622 2660 ut
1640 2622 1865 2661 Plutarchus
1882 2621 1974 2658 dicit
1988 2621 2010 2657 l.
2030 2620 2073 2667 l.,
2090 2619 2190 2657 diem

1174 2680 1314 2718 obiisse
1330 2694 1566 2732 supremum.

1225 2742 1294 2778 His
1311 2741 1473 2791 subjicio
1493 2742 1598 2779 locos
1620 2742 1823 2779 nonnullos
1840 2748 1931 2778 vett.
1947 2739 2190 2790 scriptorum,

1173 2800 1310 2850 quibus
1330 2800 1469 2838 indolis
1488 2814 1711 2849 morumque
1728 2800 1848 2836 nostri
1874 2798 2039 2836 auctoris
2064 2798 2190 2847 imago

1173 2868 1302 2910 potest
1325 2859 1490 2910 quisque
1511 2859 1583 2896 sibi
1608 2858 1847 2896 adumbrare.
1871 2857 2076 2907 Dionysius
2103 2857 2189 2894 Hal.

1173 2922 1283 2957 Tom.
1310 2921 1367 2965 II,
1399 2931 1436 2968 p.
1462 2920 1548 2964 131,
1570 2930 1632 2964 21,
1661 2917 1862 2953 Philistum
1879 2915 2080 2953 ostendere
2099 2914 2191 2952 dicit

1171 2971 1251 3023 ἦθός
1284 2993 1322 3015 τε
1354 2975 1540 3014 κολακικὸν
1560 2974 1618 3012 καὶ
1640 2973 1858 3026 μικρολόγον.
1885 2974 1992 3011 Idem
2012 2987 2050 3024 p.
2080 2986 2141 3020 70,
2166 2974 2188 3009 8

1175 3037 1268 3087 (tom
1302 3039 1347 3081 V,
1368 3049 1406 3085 p.
1427 3040 1514 3079 427‚
1534 3033 1706 3083 Reiske)‚
1725 3032 1912 3081 Φίλιστος,
1937 3032 1989 3070 ait
2003 3062 2012 3079 ,
2034 3030 2189 3083 μιμητής

1172 3094 1246 3130 ἐστι
1262 3090 1476 3131 Θουκυδίδου
1497 3088 1561 3133 ἔξω
1578 3092 1636 3127 τοῦ
1658 3089 1777 3136 ἤθους·
1797 3089 1836 3128 τὸ
1853 3089 1914 3141 μὲν
1930 3088 1995 3143 γὰρ
2013 3087 2188 3142 ἐλεύθερον

1171 3150 1231 3188 καὶ
1263 3148 1483 3203 φρονήματος
1510 3147 1655 3198 μεστόν·
1676 3151 1776 3186 τοῦτο
1801 3147 1836 3186 δὲ
1858 3147 2100 3200 θεραπευτικὸν
2128 3149 2190 3193 τῆς

1171 3207 1345 3261 τυράννων
1367 3206 1426 3244 καὶ
1450 3206 1564 3244 ἄλλων
1585 3205 1793 3251 πλεονεξίας.
1815 3210 1939 3256 Quare
1954 3207 2128 3253 Timaeus,
2147 3214 2188 3243 ut

1170 3266 1392 3303 Plutarchus
1412 3266 1540 3316 (Dion.
1564 3265 1628 3316 36)
1652 3266 1725 3313 ait,
1741 3266 1802 3303 οὐκ
1826 3265 1943 3304 ἄδικον
1967 3264 2084 3303 λαὸὼν
2104 3262 2189 3317 πρό-

1171 3339 1274 3378 φασιν
1293 3322 1355 3370 τὴν
1377 3321 1463 3376 ὑπὲρ
1482 3325 1545 3369 τῆς
1558 3323 1755 3376 τυραννίδος
1773 3327 1833 3362 τοῦ
1849 3323 2020 3363 Φιλίστου
2035 3320 2187 3368 σπουδὴν
