2320 3684
779 121 1015 164 DEMONIS
1042 121 1380 164 FRAGMENTA.

19 230 88 263 νην
102 210 221 266 γενεὰν
233 211 393 251 πλινθιλυ
402 209 508 249 πάλιν
522 207 784 262 συναγείραντος
796 206 860 256 τὴν
877 206 1059 262 στρατιὰν,

24 273 85 312 καὶ
100 276 162 311 τοῦ
186 274 264 310 θεοῦ
280 270 339 310 τὸν
356 268 459 308 αὐτὸν
484 267 732 319 ἐπενέγκαντος
750 265 926 321 χρησμὸν,
946 265 1004 304 διὰ
1020 266 1060 305 τὸ

23 331 219 388 παράδοξον
237 333 285 375 εἷς
300 328 493 384 παροιμίαν
513 327 572 367 διὰ
593 331 697 367 τοῦτο
715 329 913 382 προστῆναι
932 326 1057 381 φασίν·

25 391 91 431 εἶσὶ
122 390 158 430 δὲ
186 390 220 429 οἳ
243 388 398 443 Τηλέφῳ
426 386 589 439 γενέσθαι
620 385 678 426 τὸν
715 386 879 460 χρησμὸν
917 390 1058 425 τοῦτον·

26 448 274 503 μαντευομένῳ
311 447 378 501 γὰρ
416 448 512 485 αὐτῶ
539 462 621 500 περι
646 446 791 499 γονέων,
799 445 857 484 ἐπὶ
885 444 983 488 τίνας
1017 460 1057 483 αν

23 509 150 553 τόπους
192 505 382 553 πλανηθεὶς
421 503 552 559 ἐξεύροι
580 506 662 550 τους
689 505 795 542 αὐτοῦ
832 509 966 555 γονεῖς,
1000 518 1058 541 τον

26 567 101 607 θεὸν
135 564 329 622 προστάξαι
348 565 458 603 ἐλθεῖν
485 563 542 602 ἐπὶ
561 563 620 602 τὸν
637 561 788 616 ἔσχατον
821 563 968 608 Μυσῶν,
999 561 1037 600 νε
1038 585 1060 590 -

28 629 154 678 μεσθαι
193 624 260 680 γὰρ
299 623 344 663 τὰ
357 622 473 678 χωρία
506 621 586 662 τότε
616 620 783 671 Μυσους,
809 623 986 675 ἐπιτυχεῖν
1015 623 1059 674 τῇ

28 684 148 739 μητρί.

81 747 166 783 Ηοο
201 744 478 794 fiagmentum,
509 740 649 779 misere
673 741 871 788 luxatum,
899 740 1061 777 fortasse

26 803 81 843 ita
100 803 378 843 restituendum
399 809 512 840 estut
531 800 723 839 scribatur
740 798 966 852 ἐξηγούμενος
981 798 1061 853 περὶ

27 863 136 910 αὖτης
173 875 244 914 pro
276 859 370 912 ἐξηγ.
409 859 490 913 περὶ
533 860 609 898 αὐτ.
623 889 654 908 .,
678 850 725 895 αυ
761 856 954 913 χρωμένῳ,
993 864 1057 897 ποῖ

28 919 99 960 δέοι
117 923 231 968 πλεῖν,
247 919 340 959 κατὰ
355 918 423 974 γὰρ
443 917 627 958 εὖλάὸειαν
650 917 712 956 καὶ
737 916 788 962 δις
812 916 873 956 καὶ
888 915 962 971 τρὶς
981 920 1062 971 περὶ

27 981 98 1019 τῶν
118 981 233 1019 αὐτῶν
249 977 482 1033 ἐπανέρχεται
502 976 561 1016 ἐπι
581 975 622 1016 τὸ
641 979 731 1015 θεῖον
760 977 857 1024 (sive
879 975 938 1015 τὸν
957 974 1062 1028 θεὸν),

29 1039 174 1087 δοθῆναι
195 1054 256 1093 χρ.
281 1047 353 1077 etc.
375 1052 448 1090 pro
466 1037 504 1076 οὔ
521 1034 692 1091 χρωμένα
718 1039 786 1075 ποῦ
806 1044 893 1084 etc.,
915 1036 1061 1074 κατολι-

28 1097 259 1151 γωρήσαντας
275 1096 312 1136 δὲ
327 1095 479 1140 πολλους
496 1111 567 1135 των
586 1093 892 1149 συνηθροισμένων
908 1108 982 1146 pro
1000 1109 1065 1133 κα-

28 1155 336 1211 τολιγωρήσαντας
371 1153 408 1195 δὲ
430 1156 571 1194 πολλῶν
595 1157 737 1209 συνηθρ.
748 1185 759 1204 ,
791 1153 963 1193 Πενθίλου
990 1168 1064 1206 pro

28 1216 208 1266 πλινθιλυ,
229 1224 347 1268 atque
372 1230 582 1269 περιστηναι
606 1227 680 1266 pro
706 1212 763 1252 διὰ
781 1229 884 1253 τουτο
905 1228 1065 1267 προστη-

29 1288 108 1323 ναι,
123 1272 202 1318 τους
230 1276 337 1313 αὑτοῦ
353 1279 464 1326 γονεῖς
480 1286 555 1325 pro
570 1275 631 1311 τοῦ
649 1274 754 1312 αὐτου
774 1277 885 1325 γονεῖς
897 1300 908 1319 ,
936 1281 975 1310 et
1004 1271 1066 1310 καὶ

30 1326 222 1365 inseratur
250 1335 338 1365 ante
362 1327 555 1379 ἐπιτυχεῖν.
588 1330 645 1364 De
670 1328 829 1365 Comete
860 1326 901 1364 in
934 1326 1062 1364 Asiam

31 1386 209 1438 profecto
227 1400 265 1425 v.
281 1390 441 1426 Pausan.
460 1387 550 1434 VII,
573 1386 612 1434 6,
631 1399 666 1424 2.

83 1445 283 1485 Penthilus
298 1445 384 1493 isse,
407 1443 581 1492 aliunde,
611 1452 799 1496 quantum
822 1444 939 1482 sciam
954 1474 964 1492 ,
985 1457 1065 1482 non

31 1511 158 1550 notus,
175 1503 278 1544 bene
294 1502 594 1555 distinguendus
609 1511 668 1542 est
689 1517 711 1542 a
724 1504 901 1542 Penthilo
920 1503 1064 1542 Orestis

32 1562 123 1600 filio.
146 1565 270 1612 Quem
291 1562 326 1602 si
348 1570 465 1610 recte,
494 1569 538 1599 ut
559 1570 673 1613 puto,
693 1575 742 1600 ex
766 1570 952 1614 corrupta
969 1576 1065 1601 voce

30 1621 253 1661 scholiastae
276 1621 381 1670 erui,
405 1621 635 1672 praeclarum
661 1621 763 1659 nacti
797 1634 930 1660 sumus
955 1622 1064 1660 testi-

32 1682 217 1729 monium,
237 1685 316 1733 quo
332 1680 583 1719 confirmetur
597 1679 783 1719 Odofredi
799 1681 967 1730 Miilleri,
990 1682 1065 1720 viri

31 1738 282 1789 immortalis,
305 1739 553 1791 conjectura:
580 1752 707 1791 neque
727 1742 905 1778 Orestem
934 1754 1063 1792 neque

31 1851 128 1884 aetate
145 1833 314 1884 Penthilus
335 1850 444 1884 denuo
461 1849 641 1883 exercitum
658 1825 764 1891 coegit
778 1853 877 1892 atque
892 1851 972 1883 deus
985 1851 1071 1884 idem

31 1898 121 1932 dedit
142 1898 329 1939 oraculum,
346 1906 422 1939 quae
442 1906 494 1930 res
512 1897 603 1938 quod
630 1897 811 1929 admodum
839 1897 1010 1939 singularis
1033 1907 1071 1930 ae

32 1944 113 1977 mira
126 1947 222 1986 esset,
239 1945 408 1978 oraculum
423 1944 517 1984 illud,
532 1944 640 1984 aiunt,
657 1944 778 1977 abiisse
793 1944 827 1976 in
850 1945 1069 1986 proverbium.

32 1993 114 2025 sunt
129 2000 218 2032 vero,
234 1992 290 2033 qui
304 1991 426 2031 dicant,
438 1991 500 2023 hoc
516 1990 686 2023 oraculum
695 1991 837 2033 Telepho
847 1992 961 2024 datum
973 2000 1045 2025 esse
1060 2002 1068 2023 :

31 2047 106 2072 eum
120 2039 208 2071 enim
221 2047 324 2080 quum
343 2036 562 2080 quaesivisset,
579 2046 722 2078 quonam
736 2039 898 2070 terrarum
912 2038 976 2071 sibi
992 2047 1070 2072 eun—

33 2086 112 2120 dum
126 2089 231 2127 esset,
244 2088 283 2121 ut
295 2088 446 2129 parentes
458 2087 623 2128 reperiret,
641 2086 740 2119 deum
754 2086 892 2127 jussisse
912 2087 954 2119 ad
968 2090 1071 2120 extre·

34 2141 125 2167 mum
145 2136 314 2175 Mysorum
339 2133 500 2177 proficisci
521 2143 530 2164 :
548 2135 660 2175 Mysos
687 2134 773 2166 enim
804 2137 873 2166 tum
891 2135 949 2168 has
973 2135 1071 2177 regio-

34 2189 92 2215 nes
111 2181 288 2215 incoluisse
305 2192 314 2214 :
333 2185 430 2223 atque
442 2181 597 2223 reperisse
611 2189 687 2214 eum
704 2183 852 2214 matrem.

78 2275 187 2310 codro
206 2278 417 2319 qenerosior.
439 2275 567 2317 Reliqui
596 2275 671 2309 irati
693 2285 769 2308 eum
799 2276 973 2320 (codrum)
1001 2286 1069 2320 pre·

36 2323 218 2358 henderunt
228 2327 262 2358 et
276 2325 519 2364 interfecerunt,
537 2324 575 2357 ut
592 2325 697 2356 Demo
710 2323 822 2357 tradit.

2057 131 2133 167 883

1120 212 1341 251 Penthilum
1387 211 1534 261 filium,
1561 211 1629 251 sed
1654 219 1835 264 posteros
1871 223 2010 251 eorum
2045 211 2153 249 colo-

1119 270 1271 309 niarum
1296 271 1336 309 in
1350 270 1519 310 Lesbum
1538 271 1745 325 Asiamque
1769 268 2024 309 deductarum
2041 269 2153 321 prin-

1119 330 1225 382 cipes
1242 344 1325 370 esse
1343 330 1551 383 putandos,

1611 395 1676 435 21.

1473 459 1728 514 Εὐγενέστερος
1762 458 1917 514 Κόδρου·
2026 459 2159 512 διοργι-

1120 516 1256 561 σθέντες
1273 517 1310 556 δὲ
1327 520 1358 557 οἱ
1377 519 1492 558 λοιποὶ
1513 518 1746 564 συλλαὸόντες
1759 519 1861 558 αὐτὸν
1881 516 2047 573 (Κόδρον)
2066 519 2159 556 ἀνεῖ-

1119 576 1193 624 λον,
1210 578 1257 620 ὣς
1275 576 1421 629 Δήμων.

1173 635 1440 675 Dubitandum
1465 645 1545 685 est,
1570 651 1663 675 num
1685 637 1871 676 Demonis
1894 636 1971 675 hoc
1999 635 2049 674 sit
2075 635 2156 674 fra—

1120 703 1323 746 gmentum
1340 711 1351 734 :
1367 696 1408 734 in
1421 698 1615 735 nonnullis
1636 698 1741 736 enim
1765 697 1880 735 codd.
1896 696 2083 747 scriptum
2102 703 2160 734 est

1120 755 1300 806 Δημο....,
1335 764 1373 794 et
1390 769 1413 793 a
1430 755 1547 794 Suida
1573 756 1778 794 adducitur
1802 756 1936 795 eadem
1956 755 2004 793 de
2025 768 2066 793 re
2085 754 2160 794 Εὔ-

1122 813 1232 866 δημος
1248 815 1283 854 ἐν
1301 816 1354 867 τῷ
1372 816 1453 868 περὶ
1474 813 1601 860 λέξεων
1617 817 1822 869 ῥητορικῶν.

1173 459 1302 498 Photii
1330 463 1424 502 Lex.
1443 474 1452 498 :

1566 901 1735 915 -οοο-

1466 949 1590 988 ΠΕΡΙ
1617 949 1823 988 ΘΥΣΙΩΝ.

1609 1020 1673 1058 22.

1176 1091 1406 1139 Harpocrat.
1425 1102 1435 1126 ε
1457 1086 1668 1140 Προκώνια,
1690 1081 1891 1141 Λυκοῦργος
1916 1087 2007 1126 κατὰ
2022 1087 2164 1126 Μενεσ-

1124 1146 1268 1200 αίχμου.
1299 1145 1453 1198 Δίδυμος
1477 1144 1514 1184 δὲ
1534 1145 1761 1200 «προκώνια,
1779 1145 1898 1200 φησὶν,
1930 1145 2027 1194 ἐστὶ,
2057 1144 2163 1199 πυροὶ

1125 1205 1243 1258 μέλιτι
1265 1204 1504 1260 κεχρισμένον..
1519 1223 1535 1240 »
1554 1204 1805 1259 Ἀριστοφάνης
1821 1203 1858 1243 δὲ
1880 1208 1899 1244 ὃ
1917 1203 2165 1259 γραμματικὸς

1124 1264 1183 1303 καὶ
1198 1263 1342 1319 Κράτης
1367 1263 1412 1303 τὰ
1431 1263 1465 1309 ἐξ
1484 1262 1668 1318 ἀφρόκτων
1688 1265 1831 1317 κριθῶν,
1850 1262 1941 1302 οὕτω
1959 1262 2064 1316 φασὶν
2084 1264 2166 1301 ὀνο-

1126 1324 1308 1376 μάζεσθαι,
1325 1323 1451 1362 Ἔοικε
1467 1321 1504 1361 δὲ
1523 1322 1583 1362 καὶ
1604 1324 1644 1362 ἐκ
1670 1324 1792 1377 πυρῶν
1812 1322 1872 1361 καὶ
1893 1323 1933 1360 ἐκ
1964 1323 2091 1375 κριθῶν
2111 1321 2167 1373 γί-

1124 1385 1264 1433 νεσθαι,
1284 1384 1331 1427 ὡς
1354 1381 1588 1429 Ἀντικλείδης
1620 1383 1656 1420 ἐν
1693 1386 1765 1425 τοῖς
1789 1380 2008 1432 ἐξηγητικοῖς
2025 1381 2166 1428 ὑποση-

1126 1442 1255 1495 μαίνει.
1291 1441 1425 1494 Δήμων
1459 1441 1489 1480 δ’
1524 1443 1560 1479 ἐν
1592 1443 1644 1495 τῷ
1669 1440 1750 1495 περὶ
1774 1442 1902 1479 θυσιῶν
1940 1455 2046 1494 φησι·
2082 1457 2097 1473 «
2106 1438 2168 1478 καὶ

1123 1501 1306 1558 προκώνιά
1337 1502 1414 1540 ἔστι
1440 1500 1599 1555 κάγχρυς
1623 1499 1883 1555 κατηριγμέναι
1911 1499 1988 1551 μετ’
2013 1497 2167 1552 ἀρωμά-

1123 1577 1232 1600 των.»

1177 1622 1324 1660 Eadem
1354 1621 1527 1660 referunt
1557 1621 1716 1660 Photius
1739 1621 1780 1659 in
1817 1624 1927 1672 Lex.,
1954 1619 2091 1659 Suidas
2129 1626 2169 1658 et

1124 1682 1374 1721 Phavoiinus.
1389 1682 1527 1720 Pollux
1539 1684 1611 1729 VI,
1631 1695 1695 1729 77,
1714 1680 1848 1719 scribit
1860 1679 2040 1734 πρόκωνα,
2059 1678 2166 1731 quod

1124 1742 1241 1780 etiam
1256 1740 1361 1793 apud
1373 1741 1610 1791 Hesychium
1626 1749 1780 1778 tuentur
1798 1739 1977 1778 editores.

1441 1853 1510 1892 DE
1539 1853 1855 1893 SACRIFICIIS.

1618 1972 1682 2005 22.

1172 2039 1353 2083 Προκώνια,
1375 2040 1543 2082 Lycurgus
1561 2041 1595 2073 in
1609 2041 1897 2074 Menesaechmum.
1918 2039 2104 2082 Προκώνια,
2121 2038 2168 2070 in-

1131 2088 1203 2130 quit
1218 2087 1399 2128 Didymus,
1424 2090 1474 2120 est
1493 2088 1612 2121 illitum
1629 2089 1724 2121 melle
1743 2088 1901 2121 triticum.
1928 2087 2168 2128 Aristophanes

1130 2134 1362 2176 grammaticus
1391 2136 1425 2167 et
1447 2138 1560 2169 Grates
1577 2137 1714 2169 farinam
1734 2145 1775 2169 ex
1800 2136 1922 2168 hordeo
1936 2144 2002 2167 non
2017 2136 2106 2168 tosto
2123 2134 2168 2166 in-

1131 2182 1351 2222 terpretantur
1367 2190 1375 2198 ·
1393 2190 1508 2214 verum
1524 2191 1542 2215 e
1558 2183 1670 2216 tritico
1695 2185 1728 2216 et
1750 2182 1872 2215 hordeo
1894 2181 1964 2214 fieri
1986 2181 2164 2221 videntur,

1131 2228 1168 2261 ut
1181 2230 1295 2261 auctor
1307 2231 1357 2262 est
1371 2229 1551 2263 Anticlides
1561 2231 1596 2263 in
1610 2231 1803 2273 Exegeticis.
1817 2232 1945 2263 Demon
1958 2231 2067 2261 autem
2082 2227 2166 2260 libro

1129 2275 1170 2308 de
1186 2276 1358 2309 sacrificiis
1373 2277 1496 2318 scribit,
1512 2279 1681 2322 Προκώνια
1696 2280 1749 2312 est
1762 2278 1932 2312 hordeum
1944 2275 2164 2318 confractum

1129 2331 1192 2356 con
1197 2326 1356 2358 tusumve
1369 2332 1449 2358 cum
1462 2327 1691 2360 aromatibus.

60 3075 186 3116 Eram.
200 3081 241 3111 ‘zo
252 3077 333 3112 extr.
348 3080 420 3120 post
430 3078 564 3121 ἔσχατον
574 3079 694 3112 Μυσῶν
703 3079 892 3113 exciderunt
904 3090 913 3112 :
927 3080 1114 3123 ἀφικόμενον
1127 3081 1160 3113 δὲ
1170 3083 1212 3118 εἰς
1225 3082 1430 3124 Τευδρανίαν;
1445 3082 1478 3116 in
1493 3084 1602 3117 latinis
1614 3085 1711 3126 igitur
1722 3086 1810 3129 legas
1822 3097 1831 3121 ε
1846 3100 1862 3117 α
1876 3089 2054 3131 profectum
2067 3091 2143 3134 igitu
2151 3102 2167 3124 r

388 3137 422 3169 in
436 3138 663 3171 Teuthraniam
679 3138 802 3181 (Mysos
815 3139 901 3173 enim
914 3141 984 3172 tum
998 3140 1170 3173 incoluisse
1186 3140 1243 3173 has
1259 3141 1422 3184 regiones)
1437 3144 1575 3177 matrem
1590 3145 1779 3187 repperisse.
1792 3158 1815 3180 ι»
