2320 3684
152 175 200 208 94

204 255 333 295 Schol.
351 253 529 304 Apollon.
552 255 569 289 Ι
582 251 692 298 ,752
707 265 714 286 z
738 249 949 302 Ἐρασθεῖσα
964 251 987 295 ἡ
1005 247 1177 287 Ἱπποδά-

153 330 234 365 μεια
265 311 447 358 Πέλοπος,
481 309 598 348 ἔπεισε
625 306 817 361 Μυρτίλον,
851 307 910 346 τὸν
941 306 1077 361 Ερμου
1115 305 1177 358 μὲν

152 372 280 420 παῖδα,
302 368 551 425 ἁρματοπηγὸν
573 366 609 405 δὲ
633 366 692 405 καὶ
717 366 858 419 ἡνίοχον
885 365 1085 417 Οἰνομάου,
1108 366 1177 416 ἐμ-

154 429 308 468 δαλόντα
320 428 459 481 κήρινον
479 425 628 477 ἔμὸολον
654 424 712 463 ἐπὶ
728 440 789 462 του
810 423 1013 478 ἀκραξονίου
1029 454 1040 475 ,
1062 422 1085 470 ἢ
1108 421 1180 461 οὐδ’

154 486 244 531 ὅλως
265 485 464 537 ἐμὸαλόντα
492 482 550 522 τὸν
575 481 738 534 ἔμὸολον,
757 487 806 527 ὡς
819 482 1022 537 Φερεκύδης
1039 483 1180 536 ἱστορεῖ,

155 540 210 586 Οὗ
240 543 426 597 γενομένου
455 540 632 590 Οἷνόμαός
651 557 690 580 τε
717 542 932 594 ἐκκυλισθεὶς
966 546 1026 580 τοῦ
1055 544 1182 612 τροχοῦ

157 602 328 651 ἀπέθανε,
346 617 406 639 και
422 599 674 674 Ἱπποδάμειαν
706 598 831 653 Πέλοψ
859 598 994 638 ἔλαὸεν.
1014 603 1092 637 Pro
1115 599 1183 648 ἐμ-

157 662 311 701 ὅαλόντα
337 661 477 715 κήρινον
500 660 612 699 ...τὸν
639 659 802 712 ἔμὸολον,
826 660 947 699 codex
973 660 1088 698 Paris.
1109 659 1182 697 ha-

158 722 222 760 bet
242 737 250 759 :
273 720 363 759 ὥστε
397 718 653 773 κατατροχίσαι
683 718 859 770 Οἰνόμαον
898 717 1098 770 ἐμὸαλόντα
1125 716 1183 755 τὸν

159 781 322 833 ἔμὸολον.

214 841 340 879 Schol.
365 834 705 891 SophocissElectr.
733 839 806 877 505
825 854 834 877 ε
854 837 956 885 Φησὶ
971 835 1185 891 Φερεκύδης,

159 898 212 938 ὅτι
229 897 354 952 Πέλοψ
373 897 518 946 νικήσας
535 897 594 937 τὸν
614 899 752 949 ἀγῶνα,
772 896 832 936 καὶ
847 895 965 936 λαὸὼν
987 895 1051 943 τὴν
1067 895 1188 934 Ἱππο-

160 958 351 1009 δάμειαν,
338 956 550 1011 υπέστρεφεν
570 956 627 995 ἐπὶ
645 955 709 1004 τὴν
725 956 993 1002 Πελοπόννησον
1011 952 1101 1006 μετὰ
1118 969 1186 992 των

161 1016 365 1071 υποπτέρων
391 1015 510 1055 ἵππων
538 1015 598 1054 καὶ
623 1031 684 1054 του
707 1015 899 1069 Μυρτίλου.
926 1014 1013 1053 Καθ’
1042 1013 1119 1052 ὁδὸν
1153 1011 1189 1050 δὲ

161 1075 373 1115 καταλαὸὼν
394 1075 497 1114 αὐτον
528 1073 694 1128 προϊόντα
725 1074 810 1127 πρὸς
833 1073 873 1112 τὸ
899 1075 1044 1128 φιλησαι
1069 1070 1190 1119 αὐτὴν,

162 1134 301 1189 ἔρριψεν
323 1135 371 1177 εἷς
383 1133 578 1172 θάλασσαν.

219 1196 344 1234 Schol.
359 1198 451 1233 Eur.
471 1198 596 1233 Orest.
619 1207 720 1244 999:
738 1191 939 1247 Φερεκύδης
955 1193 994 1230 οὗ
1012 1191 1089 1230 καθ’
1109 1190 1194 1244 Ἑρ-

165 1258 232 1305 μοῦ
253 1269 357 1304 μηνιν
378 1252 462 1306 φησὶ
476 1251 580 1299 τὴν”
558 1267 645 1306 αρνα
663 1250 914 1298 ὑποὸληθῆναι.

219 1313 371 1351 Scholia
396 1311 649 1350 Amin-osiana
663 1311 709 1348 ad
730 1314 883 1348 Homer.
903 1309 1042 1358 Odyss.
1066 1310 1109 1355 Δ,
1124 1321 1194 1346 22:

166 1369 369 1425 Φερεκύδης
384 1372 514 1424 ἱστορεῖ
534 1369 660 1413 οὕτως·
680 1369 831 1422 Ἀργεῖος
855 1367 891 1405 δὲ
909 1370 927 1406 ὃ
947 1364 1154 1410 Πέλοπος”
1134 1382 1196 1420 ερ-

166 1445 269 1484 χεται
285 1429 369 1482 παρ’
389 1427 605 1480 Ἀμύκλαν’
577 1444 623 1471 εις
639 1426 832 1478 Ἀμύκλας,
843 1425 902 1464 καὶ
915 1431 1022 1477 γαμεῖ
1039 1423 1197 1476 Ἀμύκλα

167 1486 340 1541 θυγατέρα
355 1486 617 1541 Ἦγησάνδραν.
638 1486 783 1525 Ultima
803 1485 991 1523 debentur
1003 1488 1199 1522 Buttman-

170 1562 231 1586 n0.
259 1550 305 1584 In
331 1549 400 1584 Ms.
421 1545 560 1596 legitur
582 1542 758 1595 Ἀμύκλαν
792 1545 866 1594 θυγ.
889 1541 1145 1596 Ἡρησάνδρας.

652 1618 716 1657 94.

226 1694 350 1729 Tzetz.
384 1690 431 1728 ad
461 1689 656 1741 Lycophr.
681 1690 775 1736 570:
791 1686 994 1742 Φερεκύδης
1010 1687 1128 1741 φησὶν,
1149 1687 1202 1726 ὅτι

172 1749 283 1793 Ἄνιος
316 1748 433 1787 ἔπεισε
460 1747 541 1791 τοὺς
568 1745 751 1795 (Έλληνας
784 1745 1088 1800 παραγενομένους
1118 1746 1203 1800 πρὸς

173 1808 290 1856 αὐτὸν,
310 1809 415 1846 αὐτοῦ
439 1805 554 1858 μένειν
571 1805 648 1845 ‘tet’
633 1804 732 1844 εννέα
752 1804 833 1853 ἔτη,
852 1803 1011 1843 δεδόσθαι
1034 1804 1070 1843 δὲ
1086 1808 1203 1849 αὐτοῖς

173 1866 269 1921 παρὰ
287 1869 356 1905 τῶν
373 1868 435 1904 oe?
411 1882 458 1903 ων
477 1867 528 1918 τῷ
545 1863 716 1918 δεκάτῳ”
697 1879 766 1902 ετει
788 1865 1066 1909 ναυστολησαι’
1051 1863 1107 1901 επὶ
1139 1864 1202 1911 τὴν

173 1924 296 1974 ’,Ιλιον
309 1925 368 1963 καὶ
384 1926 558 1978 πορθησαι
572 1922 693 1970 αὐτην.
714 1921 883 1975 Χρησμὸς
897 1920 965 1974 γὰρ
976 1927 1047 1966 τοῖς
1062 1922 1112 1960 “l]
1115 1923 1204 1970 λλη-

175 1998 229 2021 σιν
248 1982 369 2031 ἐδόθη,
386 1981 516 2035 Τροίας
531 1996 707 2034 κρατησαι
722 1982 772 2033 τῷ
790 1980 925 2033 δεκάτῳ
948 1979 1076 2033 χρόνῳ.
1097 1980 1188 2020 ’έΥπ
1172 1997 1206 2010 -

175 2056 281 2093 σχετο
302 2039 339 2079 δὲ
358 2041 473 2084 αὐτοῖς
500 2039 591 2077 καὶ
578 2038 646 2077 υπὸ
678 2040 747 2077 τῶν
771 2037 969 2092 θυγατέρων
993 2040 1098 2077 αὐτου
1123 2038 1205 2092 τρέ-

177 2103 312 2153 φεσθαι.

230 2157 435 2196 Phavorin.
463 2158 503 2195 in
526 2171 562 2195 v.
575 2155 707 2196 Ῥοιώτ
727 2155 932 2210 Φερεκύδης
952 2155 990 2194 δέ
1009 2171 1127 2208 φησιν,
1154 2155 1207 2195 ὅτι

221 2300 448 2342 Hippodamia,
463 2299 591 2341 Pelopis
603 2305 712 2332 amore
719 2298 1124 2341 capta,MyrtiloMercurii,
1135 2308 1204 2332 cur-

180 2357 274 2379 ruum
288 2346 471 2379 fabricatori
486 2348 519 2379 et
528 2347 648 2387 aurigae
662 2346 825 2386 OEnomai,
834 2346 1004 2388 persuasit,
1014 2349 1050 2378 ut
1062 2356 1203 2387 cereum,

181 2395 245 2435 vel,
261 2397 297 2426 ut
313 2394 513 2434 Pherecydes
526 2396 646 2434 narrat,
661 2393 794 2425 omnino
809 2392 935 2424 nullum
949 2394 1106 2434 paxillum
1119 2402 1204 2425 sum-

182 2451 245 2474 mae
261 2442 332 2473 axis
351 2440 433 2482 parti
456 2441 621 2472 insereret.
642 2442 713 2478 Quo
733 2440 818 2472 sacto
836 2442 1019 2472 OEnomaus
1047 2450 1086 2473 ex
1109 2449 1205 2472 curru

183 2489 334 2530 delapsus
347 2487 426 2520 rotis
442 2490 598 2519 contusus
615 2490 676 2527 est,
690 2489 723 2519 et
739 2487 988 2528 Hippodamiam
1001 2488 1115 2529 Pelops
1127 2496 1205 2520 uxo-

185 2543 252 2567 rem
268 2534 374 2567 duxit.

225 2582 340 2623 Pelops
359 2582 543 2623 postquam,
560 2580 696 2612 victoria
709 2580 743 2612 in
755 2581 929 2613 certamine
943 2583 1116 2623 reportata,
1133 2582 1207 2623 Hip-

185 2629 368 2670 podamiam
388 2637 525 2660 uxorem
548 2628 725 2668 acceperat,
746 2636 821 2659 cum
834 2628 924 2668 equis
940 2628 1152 2661 velocissimis
1174 2631 1208 2662 et

185 2685 259 2707 eum
273 2675 402 2716 Myrtilo
414 2675 448 2707 in
463 2675 720 2715 Peloponnesum
737 2683 885 2706 reversus
899 2676 958 2707 est.
976 2675 1082 2707 sedin
1096 2676 1209 2708 itinere

186 2731 286 2763 quum
301 2722 465 2763 Myrtilum
489 2721 527 2754 ad
543 2721 810 2754 consuetudinem
831 2730 905 2754 cum
931 2721 985 2754 illa
1002 2723 1208 2756 accedentem

187 2769 460 2810 deprehendisset,
473 2768 507 2800 in
520 2777 609 2801 mare
622 2777 696 2801 eum
711 2768 837 2810 dejecit.

229 2819 339 2856 Agnus
367 2815 427 2848 ille<
446 2816 560 2857 (quem
586 2824 683 2848 aureo
695 2816 811 2848 vellere
836 2815 1009 2856 praeditum
1021 2817 1110 2848 Atrei
1125 2817 1210 2858 gregi

190 2863 373 2902 Mercurius,
393 2863 432 2895 de
444 2863 500 2895 filii
517 2863 605 2896 caede
620 2863 738 2904 iratus,
757 2863 975 2895 immiscuisse
991 2862 1126 2905 dicitur)
1145 2873 1210 2896 non

189 2909 377 2949 suppositus
389 2910 439 2942 est
454 2909 501 2941 ira
513 2908 674 2941 Mercurii.

232 2956 367 2994 Argius,
391 2956 517 2996 Pelopis
544 2955 631 2987 filius
645 2978 654 2995 ,
679 2954 830 2996 Amyclas
847 2954 938 2987 venit
961 2954 1002 2987 ad
1024 2955 1210 2996 Amyclam,

191 3001 324 3041 ejusque
338 3002 449 3042 filiam,
467 3002 717 3044 Hegesandram,
735 3010 869 3034 uxorem
884 3001 983 3034 ducit.

671 3068 734 3100 94.

235 3122 335 3154 Anius
351 3123 416 3163 (rex
434 3124 513 3164 Deli)
523 3125 657 3164 Graecis,
665 3124 721 3166 qui
740 3124 781 3156 ad
796 3133 870 3156 eum
891 3126 1055 3164 venerant,
1065 3123 1166 3155 suasit
1179 3124 1214 3154 ut

195 3170 226 3201 in
241 3169 348 3201 insula
364 3178 423 3201 sua
432 3174 708 3203 commorarentur
726 3180 846 3203 novem
862 3180 976 3212 annos,
996 3171 1121 3203 decimo
1136 3178 1214 3202 vero

195 3225 214 3247 a
226 3215 286 3246 diis
299 3223 488 3247 concessum
501 3226 571 3248 esse
587 3220 622 3248 ut
635 3218 791 3249 adversus
799 3218 893 3251 Ilium
906 3218 1042 3250 classem
1052 3218 1215 3249 mitterent

195 3262 372 3301 urbemque
385 3265 574 3294 everterent.
593 3265 767 3295 Oraculum
780 3265 865 3296 enim
873 3265 995 3297 Graecis
1009 3265 1122 3297 datum
1134 3265 1214 3303 erat,

196 3309 321 3340 decimo
330 3316 386 3339 eos
398 3317 482 3340 anno
491 3311 585 3349 TroJa
598 3311 755 3350 potituros
761 3320 842 3343 esse.
856 3312 1006 3344 Promisit
1013 3313 1106 3344 etiam
1115 3311 1215 3344 Anius

199 3355 278 3386 filias
297 3363 371 3387 suas
388 3363 442 3386 eos
460 3357 633 3387 nutrituras
649 3366 730 3389 esse.

863 160 1186 200 PHERECYDIS
1213 161 1546 200 FRAGMENTA.

1234 246 1336 291 ’Ίνιος
1356 249 1440 299 (leg.
1467 247 1594 298 Ἄνιος)
1621 246 1737 284 ἔπεισε
1764 245 1842 289 τοὺς
1864 245 2044 292 εΈλληνας
2062 262 2259 301 παραγενο-

1236 305 1360 357 μένους
1375 307 1422 350 εἷς
1435 305 1551 354 αὐτὸν,
1563 304 1669 343 αὐτοῦ
1690 303 1804 355 μένειν
1825 303 1869 342 τὰ
1886 304 1985 342 ἐννέα
2003 304 2062 352 ἔτη
2075 336 2086 353 ,
2103 304 2258 345 δεδόσθαι

1235 363 1272 403 δὲ
1293 366 1406 408 αὐτοῖς
1425 363 1520 418 παρὰ
1552 365 1621 402 τῶν
1646 366 1731 402 θεῶν
1761 365 1812 417 τῷ
1833 362 1968 415 δεκάτῳ
1987 362 2056 402 ἔτει
2087 366 2258 418 πορθῆσαι

1235 421 1299 470 τὴν
1319 421 1438 461 Ἴλιον.

1721 486 1786 523 95.

1293 551 1432 591 Strabo
1466 554 1570 599 XIV,
1593 564 1632 601 p.
1659 552 1748 596 643,
1775 551 1828 587 A:
1851 548 2054 603 Φερεκύδης
2085 548 2189 602 φησὶν
2222 543 2263 587 ὗν

1237 608 1462 664 προὸαλεῖν”
1443 625 1564 661 εγκυον
1583 609 1642 647 τὸν
1663 607 1880 660 Κάλχαντα,
1912 607 1971 646 καὶ
2002 609 2178 661 ἐρωτησαι
2195 606 2264 646 πό-

1239 684 1319 712 σους
1337 667 1411 720 ἔχει
1429 667 1583 722 χοίρους
1600 667 1658 706 τὸν
1680 667 1709 705 δ’
1729 666 1933 718 (Mopsum)
1954 667 2075 715 εἰπεῖν,
2093 664 2147 704 ὅτι
2163 670 2266 720 τρεῖς,

1240 731 1288 766 ὢν
1327 725 1387 765 ἕνα
1427 727 1552 774 θῆλυν
1595 723 1848 773 ἀληθεύσαντος
1891 724 1921 762 δ’
1963 726 2148 763 ἀποθανεῖν
2199 721 2267 762 υπὸ
2313 752 2318 755 A

1240 784 1365 832 λύπης

1718 840 1782 878 96.

1298 908 1422 947 Schol.
1444 905 1596 945 Pindar.
1616 905 1727 955 Pyth.
1761 905 1827 951 XI,
1857 904 1922 951 25,
1955 903 2002 942 de
2025 903 2172 942 Orestis
2198 916 2269 940 nu-

1246 967 1365 1005 trice:
1385 963 1588 1018 Φερεκύδης
1604 962 1830 1014 Λαοδάμειαν
1847 961 1960 1013 λέγων
1978 961 2100 1011 αὐτὴν,
2116 961 2175 1000 τὸν
2193 959 2273 1000 ταύ-

1244 1040 1307 1071 της
1320 1022 1405 1077 φησὶ
1422 1024 1532 1061 παῖδα
1549 1023 1768 1074 ἀνῃρῆσθαι
1755 1020 1824 1059 υπὸ
1841 1020 2030 1071 Αἰγίσθου,
2046 1018 2272 1080 νομιζόμενον

1247 1080 1420 1135 Ὀρέστην
1446 1074 1555 1118 εἶναι·
1582 1079 1641 1117 τὸν
1669 1078 1705 1117 δὲ
1725 1078 1897 1132 Ὀρέστην
1920 1077 2158 1126 ἔκκλαπέντα,
2187 1081 2274 1116 εἰναι

1246 1142 1351 1193 τριῶν
1367 1140 1467 1187 ἐτῶν,
1483 1140 1529 1181 ὡς
1547 1137 1777 1191 Ἥρόδωρος’
1762 1153 1797 1175 εν
1815 1136 2005 1190 Πελοπεία-

1304 1268 1432 1307 Schol
1457 1267 1589 1318 Eurip.
1615 1269 1738 1306 Orest.
1764 1266 1887 1311 1645:
1905 1263 2163 1312 Ἀσκληπιάδης
2178 1266 2274 1302 ἱστο-

1253 1331 1322 1380 ρεῖ,
1342 1325 1410 1364 ὑπὸ
1429 1325 1538 1379 ὄφεως
1558 1324 1660 1363 αὐτὸν
1687 1325 1892 1375 (Orestem)
1913 1323 2087 1377 δηχθέντα
2114 1324 2150 1362 ἐν
2179 1324 2278 1376 Παῤ-

1255 1383 1364 1438 ῥασίῳ
1377 1385 1595 1429 τελευτῆσαι.
1618 1382 1664 1422 Ὁ
1683 1381 1719 1421 δὲ
1739 1381 1968 1436 Φερεκύδης,
1995 1380 2049 1420 ὅτι
2071 1381 2131 1420 καὶ
2157 1379 2278 1420 ἔπειτα

1252 1443 1311 1482 τὸν
1327 1441 1499 1516 Ὀρέστην
1521 1443 1557 1479 αἱ
1572 1439 1731 1496 Ἐρινύες
1751 1440 1946 1479 διώκουσιν.
1966 1440 2012 1480 Ο
2048 1438 2085 1478 δὲ
2106 1437 2279 1493 καταφεύ-

1255 1516 1309 1552 γει
1328 1503 1375 1544 εἷς
1390 1500 1430 1539 τὸ
1448 1500 1538 1555 ἱερὸν
1556 1502 1619 1547 τῆς
1637 1498 1854 1553 Ἀρτέμιδος,
1878 1498 1937 1537 καὶ
1962 1496 2028 1544 ἵζει
2055 1495 2174 1545 ἱκέτης
2195 1495 2281 1551 πρὸς

1255 1563 1306 1613 τῷ
1324 1561 1445 1614 βωμῷ
1482 1562 1526 1598 Αἱ
1551 1558 1587 1597 δὲ
1614 1558 1771 1613 Ἐρινύες
1808 1558 1971 1612 ἔρχονται
1998 1557 2053 1596 ἐπ’
2077 1556 2194 1606 αὐτὸν,
2220 1552 2295 1594 Oti-⁸

1254 1619 1414 1656 λουσαι
1396 1623 1617 1666 αποκτεῖναι,
1638 1617 1733 1655 καῖ’
1718 1616 1832 1671 ερύκει
1858 1615 1963 1660 αὐτὰς
1985 1618 2007 1663 ἡ
2027 1614 2201 1670 Ἄρτεμις.
2218 1613 2281 1659 Ἐξ

1256 1681 1295 1716 οὓ
1315 1677 1374 1716 καὶ
1393 1681 1415 1725 ἡ
1434 1676 1533 1721 πόλις
1553 1675 1640 1724 αὕτη
1661 1675 1859 1730 Ὀρέστειον
1885 1677 2065 1723 καλεῖται,
2086 1673 2155 1712 ἀπὸ
2175 1671 2282 1727 Ὀρέ-

1259 1751 1353 1774 στου.

1739 1803 1802 1839 98.

1311 1865 1436 1903 Schol.
1465 1866 1597 1916 Eurip.
1624 1867 1749 1903 Orest.
1788 1864 1913 1908 1654:
1941 1860 2144 1916 Φερεκύδης
2178 1859 2284 1914 φησὶ,

1258 1923 1338 1978 περι
1351 1923 1485 1962 παίδων
1502 1922 1663 1977 χρησμὸν
1678 1925 1840 1961 αἰτουντα
1855 1921 1913 1960 τὸν
1932 1919 2208 1972 Νεοπτόλεμον
2188 1934 2285 1958 αναι-

1261 1984 1426 2036 ρεθηναι·
1447 1982 1523 2020 ἐπεὶ
1543 1980 1806 2033 Νεοπτόλεμος*
1811 1978 1988 2034 Ερμιόνην
2007 1984 2114 2031 γαμεῖ
2129 1977 2193 2025 τὴν
2211 1979 2286 2016 Με-

1260 2040 1409 2090 νελάου,
1425 2039 1520 2079 καὶ”
1502 2056 1642 2094 ερχεται
1662 2042 1709 2083 εἷς
1728 2038 1882 2094 Δελφους
1898 2038 1977 2092 περὶ
1995 2037 2131 2076 παίδων
2148 2034 2286 2090 χρησό-

1265 2100 1442 2150 μενος·οὖ
1459 2099 1526 2153 γὰρ
1547 2101 1641 2152 αὐτῷ
1661 2097 1819 2150 ἐγένοντο
1839 2095 1874 2142 ἐξ
1891 2096 2091 2151 Ερμιόνης.
2111 2095 2183 2135 Καὶ
2196 2097 2286 2149 ὁρῶν

1265 2157 1356 2197 κατὰ
1371 2157 1411 2197 τὸ
1430 2157 1643 2212 χρηστήριον
1657 2155 1743 2211 κρέα
1761 2155 2014 2211 διαρπάζοντας
2029 2154 2108 2199 τους
2121 2151 2288 2208 Δελφους,

1305 2353 1505 2394 Pherecydes
1523 2353 1591 2392 ait,
1611 2362 1631 2385 a
1647 2352 1823 2386 Calchante
1846 2345 1982 2394 porcam
2001 2349 2168 2392 gravidam
2188 2349 2288 2382 fuisse

1265 2400 1462 2442 propositam
1477 2424 1486 2441 ,
1513 2402 1545 2432 et
1565 2400 1606 2432 de
1619 2399 1706 2432 fetus
1729 2407 1864 2431 numero
1885 2397 2098 2439 quaestionem
2115 2398 2287 2438 :Mopsum

1265 2447 1483 2489 respondisse,
1497 2448 1565 2480 tres
1581 2447 1707 2479 catulos
1718 2471 1727 2488 ,
1741 2448 1773 2478 et
1787 2446 1829 2478 de
1850 2445 1900 2477 his
1915 2454 2014 2477 unam
2029 2443 2189 2476 femellam
2208 2453 2216 2474 :
2239 2443 2286 2476 id—

1265 2504 1328 2536 que
1341 2504 1375 2527 re
1391 2495 1639 2537 comprobante,
1656 2494 1847 2536 aegritudine
1862 2493 1962 2526 animi
1978 2492 2174 2526 exstinctum
2187 2491 2288 2524 fuisse

1268 2543 1488 2576 Calchantem.

1309 2642 1510 2683 Pherecydes
1523 2641 1682 2674 nutricem
1705 2641 1829 2673 Orestis
1846 2639 1925 2671 dicit
1946 2637 2167 2671 Laodamiam.
2185 2636 2288 2677 Huius

1267 2688 1368 2720 filium
1383 2713 1392 2729 ,
1407 2690 1474 2730 ait,
1492 2689 1695 2721 intersectum
1712 2696 1783 2720 esse
1799 2687 1839 2719 ab
1855 2686 2001 2727 AEgistho
2015 2709 2025 2725 ‚
2051 2684 2106 2725 qui
2128 2692 2202 2718 eum
2217 2691 2289 2716 esse

1269 2739 1415 2768 Orestem
1437 2736 1586 2777 opinatus
1602 2738 1698 2775 esset;
1717 2735 1864 2766 Orestem
1880 2741 1958 2764 vero
1971 2731 2080 2764 furtim
2094 2730 2288 2763 subductum

1269 2786 1333 2814 tres
1346 2791 1447 2814 annos
1466 2784 1578 2814 natum
1596 2781 1707 2820 fuisse,
1724 2782 1760 2813 ut
1775 2779 1960 2813 Herodorus
1980 2779 2014 2810 in
2027 2777 2175 2819 Pelopea.

1311 2881 1515 2922 Asclepiades
1534 2883 1643 2913 narrat
1659 2883 1805 2913 Orestem
1818 2889 1837 2911 a
1850 2880 1996 2920 serpente
2012 2885 2156 2909 morsum
2170 2876 2204 2908 in
2216 2877 2294 2908 Par·

1271 2928 1378 2959 rhasio
1393 2928 1526 2960 obiisse.
1545 2928 1728 2960 Secundum
1746 2926 1964 2977 Pherecydem
1979 2924 2076 2956 etiam
2091 2925 2161 2955 tum
2184 2930 2291 2963 perse-

1271 2976 1415 3014 quuntur
1436 2974 1525 3005 illum
1543 2974 1659 3006 Furiae.
1677 2976 1709 3006 Is
1726 2982 1803 3005 vero
1835 2972 1917 3012 sugit
1939 2971 1972 3002 in
2002 2969 2158 3010 templum
2181 2969 2293 3001 Dianae

1271 3024 1367 3061 atque
1379 3021 1515 3061 supplex
1530 3021 1668 3052 considit
1683 3021 1724 3052 ad
1740 3028 1839 3051 aram.
1855 3019 1960 3051 Furiae
1977 3017 2017 3049 ad
2033 3025 2106 3049 eum
2123 3015 2293 3053 accedunt,

1272 3067 1327 3099 sed
1344 3068 1430 3098 arcet
1442 3075 1496 3097 eas
1512 3067 1624 3098 Diana.
1641 3068 1747 3103 Quare
1760 3066 1857 3097 etiam
1873 3064 1952 3096 urbs
1973 3063 2044 3095 haec
2067 3064 2238 3094 Oresteum
2251 3059 2293 3093 ab

1273 3115 1386 3146 Oreste
1399 3115 1541 3144 vocatur.

1314 3213 1540 3254 Neoptolemus
1561 3214 1732 3254 postquam
1754 3211 1969 3249 Hermionen,
2013 3207 2148 3241 Menelai
2176 3206 2291 3246 filiam,

1276 3269 1408 3294 uxorem
1425 3260 1573 3299 duxerat,
1591 3259 1732 3300 Delphos
1748 3258 1910 3299 profectus
1933 3259 1982 3289 est
2004 3257 2044 3288 de
2057 3255 2164 3287 liberis
2180 3261 2290 3286 oracu-

1275 3309 1340 3340 lum
1365 3306 1588 3344 consulturus3
1611 3315 1651 3338 ex
1673 3305 1844 3337 Hermione
1856 3304 1940 3336 enim
1963 3304 1991 3336 ei
2014 3312 2078 3335 non
2102 3302 2167 3334 nati
2190 3299 2292 3333 erant-

1278 3355 1383 3394 Atque
1413 3361 1515 3393 quum
1556 3352 1679 3384 videret
1716 3351 1750 3382 in
1781 3350 1902 3382 oraculi
1939 3350 2015 3382 sede
2055 3348 2196 3389 Delphos
2229 3354 2294 3379 car·
