2320 3684
198 197 271 232 140

193 294 263 330 γεω
275 278 375 317 παισὶ
389 277 686 317 κατοικεῖν.“4Ἐκ
702 277 825 317 Θάσου
843 277 880 316 δὲ
896 277 1058 331 ὁρμηθεὶς
1075 279 1132 317 ἐπὶ
1149 281 1226 319 Το-

195 336 321 390 ρώνην,
339 336 539 388 Πολύγονον
553 336 612 374 καὶ
630 334 844 387 Τηλέγονον,
868 336 946 380 τοὺς
963 336 1145 391 Πρωτέως
1162 340 1224 376 τοῦ

194 395 414 438 Ποσειδῶνος
444 394 554 442 υἱοὺς,
583 392 744 431 παλαίειν
773 395 1076 448 προκαλουμένους
1091 426 1101 444 ,
1131 395 1223 435 κατὰ

192 452 256 500 τὴν
277 453 393 499 πάλην
412 451 606 491 ἀπέκτεινε.
625 452 656 476 ¹⁵
675 452 838 503 Κομίσας
854 451 891 491 δὲ
917 453 976 492 τὸν
996 455 1158 508 ζωστῆρα
1177 457 1223 499 εἷς

193 510 383 558 Μυκήνας,
399 508 527 548 ἔδωκεν
549 511 734 564 Εὐρυσθεῖ.

245 568 323 620 (ιο)
342 567 496 607 Δέκατον
511 567 547 606 δὲ
563 568 715 619 ἐπετάγη
733 562 850 618 ἆθλον,
864 569 927 613 τὰς
945 569 1120 623 Γηρυόνου
1141 570 1223 623 βόας

191 626 227 671 ἐξ
248 626 426 680 Ἐρυθείας
452 626 620 678 κομίζειν.
635 625 799 680 Ἐρύθεια
823 627 859 665 δὲ
875 621 919 674 ἦν
939 626 1113 667 Ὠκεανοῦ
1126 630 1222 677 πλη-

191 685 264 724 σίον
282 684 426 736 κειμένη
443 684 591 733 νῆσος,ἣ
611 688 670 723 νῦν
687 685 841 739 Γάδειρα
854 686 1023 724 καλεῖται.
1047 685 1063 709 ²
1077 686 1220 735 Ταύτην

190 743 343 798 κατῴκει
362 743 563 798 Γηρυόνης,
589 743 795 798 Χρυσάορος
829 744 889 783 καὶ
921 744 1142 798 Καλλιρῤόης
1159 749 1221 794 τῆς

190 801 364 841 Ὠκεανοῦ
374 832 384 851 ,
397 804 502 856 τριῶν
519 801 612 854 ἔχων
627 802 759 855 ἀνδρῶν
774 800 927 856 συμφυὲς
961 805 1064 854 σῶμα
1076 834 1087 853 ,
1110 819 1221 852 συνη-

190 859 318 911 γμένον
339 862 387 905 εἷς
418 860 453 899 ἓν
472 860 564 899 κατὰ
586 860 654 908 τὴν
684 860 858 915 γαστέρα,
879 861 1086 923 ἐσχισμένον
1101 878 1140 901 τε
1171 865 1221 907 εἷς

188 925 280 972 τρεῖς
296 918 366 958 ἀπὸ
390 919 547 971 λαγόνων
564 935 602 958 τε
628 919 687 958 καὶ
705 922 837 974 μηρῶν.
854 919 871 945 ³
893 921 983 972 Εἶχε
1010 918 1047 958 δὲ
1066 928 1220 974 φοινικᾶς

191 977 291 1030 βόας,
312 972 360 1016 ὧν
376 972 418 1026 ἧν
441 978 604 1030 βουκόλος
622 979 802 1032 Εὐρυτίων
814 994 823 1003 ·
844 978 955 1033 φύλαξ
982 978 1019 1017 δὲ
1037 978 1186 1034 Ὄρθρος
1202 984 1220 1020 ὁ

188 1034 281 1074 κύων
299 1035 484 1090 δικέφαλος
500 1036 535 1082 ἐξ
556 1036 721 1089 Ἐχίδνης
746 1036 806 1076 καὶ
824 1038 992 1090 Τυφῶνος
1008 1037 1220 1089 γεγεννημέ-

187 1108 254 1137 νος.

235 1147 257 1172 ’4
266 1152 505 1206 Πορευόμενος
521 1147 579 1192 οῦν
604 1153 661 1192 ἐπὶ
675 1152 735 1197 τὰς
755 1152 933 1207 Γηρυόνου
957 1152 1040 1206 βόας
1052 1185 1062 1203 ,
1083 1153 1140 1192 διὰ
1157 1157 1220 1201 τ’ἥς

187 1210 380 1265 Εὐρώπης,
395 1211 499 1265 ἄγρια
511 1210 628 1250 πολλὰ
641 1211 823 1265 παρελθὼν
837 1211 1012 1266 (παρελὼν
1028 1212 1071 1264 Ρ),
1082 1211 1217 1259 Λιὸύην

186 1268 368 1308 ἐπέὸαινε·
383 1270 442 1308 καὶ
456 1269 638 1324 παρελθὼν
655 1271 856 1324 Ταρτησὸν,
871 1269 997 1317 ἔστησε
1011 1276 1143 1321 σημεῖα
1156 1273 1219 1317 τῆς

186 1328 327 1382 πορείας
345 1329 403 1367 ἐπὶ
421 1332 490 1367 τῶν
513 1331 602 1382 ὀρῶν
618 1328 793 1382 Εὐρώπης
804 1329 863 1367 καὶ
883 1328 1019 1376 Λιὸύης
1040 1328 1219 1367 ἀντιστοί-

185 1401 269 1438 χους
279 1386 338 1424 δύο
357 1387 498 1434 στήλας.
516 1386 827 1440 5Θερμαινόμενος
846 1387 882 1424 δὲ
903 1386 970 1425 ὑπὸ
986 1385 1109 1426 Ἧλίου
1127 1386 1218 1425 κατὰ

185 1445 248 1493 τὴν
271 1446 430 1500 πορείαν,
448 1445 488 1484 τὸ
506 1444 602 1490 τόξον
629 1445 686 1484 ἐπὶ
714 1445 772 1484 τὸν
803 1444 877 1484 θεὸν
905 1444 1084 1486 ἐνέτεινεν.
1112 1445 1159 1485 ‘0
1181 1445 1217 1484 δὲ

183 1502 247 1550 τὴν
266 1504 432 1558 ἀνδρείαν
453 1505 559 1542 αὐτοῦ
578 1503 778 1555 θαυμάσας,
795 1503 955 1557 χρύσεον,
965 1503 1073 1542 ἔδωκε
1092 1502 1216 1552 δέπας,

187 1563 222 1600 ἓν
241 1556 269 1615 ᾧ
286 1562 344 1600 τὸν
363 1562 530 1602 Ὠκεανὸν
551 1562 746 1616 διεπέρασε.
768 1562 840 1602 Καὶ
863 1561 1147 1615 παραγενόμενος
1170 1565 1217 1607 εἷς

184 1618 425 1674 Ἐρύθειαν,-ε’ν
434 1621 504 1675 ὄρει
523 1618 667 1660 ''Aemi-2
684 1620 872 1666 αὐλίζεται.
890 1620 1130 1673 6Αἷσθόμενος
1144 1620 1180 1659 δὲ
1198 1625 1216 1661 ὁ

182 1678 275 1717 κύων
296 1679 351 1717 ἐπ’
379 1679 482 1719 αὐτὸν
510 1679 634 1733 ὥρμα·
660 1683 678 1719 ὁ
707 1679 744 1718 δὲ
773 1680 834 1718 καὶ
859 1684 981 1718 τοῦτον
1001 1682 1052 1733 τῷ
1073 1680 1215 1734 ῥοπάλῳ

182 1738 300 1786 παίει,
317 1737 448 1778 καὶτὸν
471 1738 637 1792 βουκόλον
658 1738 864 1792 Εὐρυτίωνα
883 1741 934 1791 τῷ
952 1738 1029 1777 κυνὶ
1048 1741 1216 1791 βοηθοῦν-

181 1812 226 1834 τα
243 1796 436 1836 ἀπέκτεινε.
456 1798 655 1845 7Μενοίτης
675 1795 711 1835 δὲ
736 1798 808 1836 ἐκεῖ
834 1796 895 1840 τὰς
912 1796 1017 1836 (Άδου
1043 1796 1125 1849 βόας
1150 1796 1213 1850 βό-

181 1869 289 1904 σκων,
313 1855 474 1910 Γηρυόνῃ
495 1855 534 1894 τὸ
556 1855 695 1908 γεγονὸς
724 1846 948 1907 ἀπήγγειλεν..
965 1854 1009 1894 Ὁ
1036 1853 1072 1893 δὲ
1098 1871 1213 1894 κατα-

180 1912 299 1952 λαὸὼν
317 1913 498 1968 Ἡρακλέα
532 1915 630 1968 παρὰ
660 1913 819 1966 ποταμὸν
856 1914 1088 1965 Ἀνθεμοῦντα
1103 1943 1114 1959 ,
1153 1914 1214 1958 τὰς

181 1969 264 2023 βόας
302 1973 506 2025 ἀπάγοντα,
553 1973 817 2024 συστησάμενος
860 1971 979 2024 μάχην
1025 1972 1191 2018 τοξευθεὶς
1203 2002 1212 2018 ,

180 2030 361 2070 ἀπέθανεν.
377 2031 575 2085 8Ἡρακλῆς
595 2031 631 2070 δὲ
650 2030 828 2083 ἐνθέμενος
840 2030 902 2074 τὰς
919 2030 1001 2083 βόας
1021 2033 1068 2075 εἷς
1095 2031 1134 2070 τὸ
1153 2032 1211 2070 δέ-

179 2104 248 2133 πας
260 2119 270 2137 ,
288 2090 348 2129 καὶ
366 2089 578 2134 διαπλεύσας
593 2091 640 2134 εἷς
653 2092 686 2129 Τ
688 2089 854 2143 αρτησὸν,
871 2089 985 2143 Ἡλίῳ
1002 2089 1108 2128 πάλιν
1130 2089 1214 2128 ἀπέ-

180 2148 270 2187 δωκε
285 2149 324 2188 τὸ
345 2149 461 2194 δέπας.

232 2207 412 2246 9Διελθὼν
428 2206 464 2246 δὲ
483 2208 666 2262 Ἀὸδηρίαν
683 2209 730 2251 εἷς
749 2206 883 2259 Λιγύην
909 2201 1025 2256 ἦλθεν,
1046 2208 1080 2245 ἐν
1103 2201 1127 2258 ᾗ
1149 2206 1211 2253 τὰς

181 2266 264 2318 βόας
286 2268 483 2320 ἀφῃροῦντο
503 2267 667 2306 Ἀλεὸίων
687 2283 725 2305 τε
745 2267 805 2305 καὶ
825 2265 998 2321 Δέρκυνος
1024 2268 1055 2304 οἱ
1076 2268 1210 2306 Ποσει-

179 2325 284 2367 δῶνος
302 2325 447 2372 υἱοὶ,ο’ὒς
466 2325 663 2369 κτείνας-διὰ
683 2325 880 2378 Τυρρηνίας
899 2325 965 2378 ᾔεν
989 2324 1115 2364 ιυἈπὸ
1128 2324 1211 2372 Ῥη-

177 2383 254 2436 γίου
277 2382 313 2421 δὲ
332 2378 378 2428 εἷς
399 2384 637 2437 ἀπορρήγνυσι
655 2388 800 2437 ταῦρος,
819 2384 879 2422 καὶ
910 2382 1049 2436 ταχέως
1071 2384 1117 2427 εἷς
1142 2382 1206 2431 τὴν

179 2442 359 2481 θάλασσαν
386 2442 565 2494 ἐμπεσὼν,
588 2442 648 2481 καὶ
669 2441 919 2494 διανηξάμενος
946 2444 994 2487 εἷς
1029 2442 1206 2490 Σικελίαν,

177 2502 237 2540 καὶ
250 2500 315 2549 τὴν
333 2501 483 2549 πλησίον
504 2501 623 2555 χώραν
639 2501 794 2549 διελθὼν,
816 2501 879 2548 τὴν
901 2501 962 2539 ἀπ’
977 2499 1110 2539 ἐκείνου
1124 2503 1209 2548 κλη-·

178 2677 357 2729 Ἐλύμων.
378 2676 529 2731 ΙΙἜρυξ
548 2677 584 2716 δὲ
598 2672 641 2725 ἦν
662 2677 880 2720 Ποσειδῶνος
899 2683 992 2726 παῖς,
1003 2676 1038 2720 ὃς
1046 2676 1104 2715 τὸν
1115 2681 1205 2715 ταῦ-

178 2752 234 2790 ρον
254 2743 329 2780 ταῖς
358 2736 460 2780 ἰδίαις
489 2735 738 2788 συγκατέμιξεν
773 2735 924 2787 ἀγέλαις.
957 2734 1205 2788 Παραθέμενος

176 2789 235 2833 οῧν
251 2794 314 2838 τὰς
333 2794 414 2847 βόας
431 2795 611 2850 Ἡρακλῆς
625 2793 809 2848 Ἡφαίστῳ
821 2824 831 2842 ,
851 2793 908 2831 ἐπὶ
928 2792 991 2840 τὴν
1015 2794 1119 2830 αὐτοῦ
1145 2793 1206 2840 ζή-

174 2869 275 2900 τησιν
295 2853 477 2906 ἠπείγετο·
493 2853 600 2907 εὑρὼν
615 2852 651 2892 δὲ
665 2855 699 2891 ἓν
713 2858 789 2895 ταῖς
805 2855 866 2890 τοῦ
882 2851 1032 2904 Ἔρυκος
1049 2849 1202 2902 ἀγέλαις,

176 2914 337 2960 ἀπαιτεῖ,
372 2913 432 2951 καὶ
461 2913 640 2965 λέγοντος,
673 2913 711 2950 οὗ
733 2910 868 2959 δώσειν,
889 2913 918 2949 εἶ
952 2909 1000 2961 μὴ
1028 2909 1204 2954 παλαίσας

176 2973 280 3009 αὐτοῦ
296 2971 543 3025 περιγένηται,
563 2972 637 3025 τρὶς
653 2970 916 3025 περιγενόμενος
942 2968 1034 3008 κατὰ
1050 2967 1114 3015 τὴν
1129 2968 1202 3007 πά-

175 3030 255 3077 λην,
274 3030 455 3069 ἀπέκτεινε
467 3060 477 3079 ,
494 3031 553 3070 καὶ
573 3030 631 3069 τὸν
651 3034 777 3084 ταῦρον
794 3028 926 3074 λαὸὼν,
945 3027 1035 3080 μετὰ
1052 3029 1121 3066 τῶν
1141 3026 1204 3065 ἅλ-

175 3089 245 3125 λων
267 3088 323 3126 ἐπὶ
343 3089 399 3128 τὸν
419 3089 538 3129 Ἰόνιον
555 3090 684 3136 ἤλαυνε
702 3088 841 3128 πόντον.

231 3145 263 3170 ¹²
278 3146 338 3190 Ὡς
361 3146 397 3184 δὲ
415 3142 517 3194 ἦλθεν
538 3148 594 3187 ἐπὶ
611 3147 688 3192 τοὺς
713 3146 843 3200 μυχοὺς
859 3150 919 3185 τοῦ
952 3144 1098 3193 πόντου,
1126 3148 1202 3188 ταῖς

178 3203 295 3255 βουσὶν
316 3199 450 3258 οἶστρον
466 3206 628 3245 ἐνέὸαλεν
649 3210 671 3253 ἦ
691 3206 808 3259 ἽΙρα,
833 3205 892 3244 καὶ
915 3204 1094 3258 σχίζονται
1111 3200 1201 3241 κατὰ

175 3260 238 3304 τὰς
253 3265 314 3308 τῆς
327 3263 470 3316 Θρᾴκης
491 3265 665 3317 ὑπωρείας
677 3280 685 3288 ·
704 3268 722 3302 ὁ
741 3263 776 3302 δὲ
797 3263 938 3312 διώξας,
957 3262 1016 3306 τὰς
1037 3260 1098 3313 μὲν
1119 3261 1201 3299 συλ-
1223 3266 1230 3291 ¹

176 3319 295 3358 λαὸὼν
316 3321 373 3358 ἐπὶ
389 3322 447 3359 τὸν
467 3322 730 3369 Ἑλλήσποντον
749 3317 830 3373 ἦγεν
844 3338 852 3346 ·
873 3324 908 3359 αἱ
929 3321 965 3360 δὲ
982 3322 1197 3373 ἀπολειφθεῖ-

177 3393 235 3416 σαι
248 3378 287 3417 τὸ
301 3379 420 3418 λοιπὸν
429 3374 517 3427 ἦσαν
530 3381 658 3433 ἄγριαι.
680 3382 710 3406 ¹³
724 3380 835 3424 Μόλις
843 3380 878 3418 δὲ
891 3382 960 3419 τῶν
971 3382 1060 3432 βοῶν
1075 3379 1197 3416 συνελ-

810 193 1191 233 ΑΠΟΛΑΟΔΩΡΟΥ
1218 194 1566 236 ΒΙΒΛΙΟΘΗΚΗΣ
1593 199 1637 249 Β,
1665 196 1704 236 ε’.

1281 295 1345 326 ¹⁴13
1359 294 1466 327 Thaso
1483 297 1632 329 Toronen
1646 296 1808 338 profectus
1830 298 2031 339 Polygonum
2057 302 2090 333 et
2109 301 2301 344 Telegonum

1275 353 1391 385 Proteo
1415 354 1556 395 Neptuni
1570 354 1648 394 lfilio
1668 357 1775 395 ortos,
1795 355 1852 396 qui
1869 356 1908 388 ad
1929 356 2119 391 luctandum
2133 368 2209 392 eum
2229 369 2302 402 pro-

1276 412 1481 452 vocaverant,
1495 411 1530 443 in
1555 411 1651 444 luctae
1667 413 1842 445 certamine
1858 413 2027 447 interfecit.
2050 420 2078 440 ¹⁸
2088 418 2302 458 Apportatum

1274 475 1352 499 vero
1364 469 1518 508 Mycenas
1533 468 1677 501 balteum
1692 470 1831 503 tradidit
1845 471 2039 511 Eurystheo.

1317 582 1385 624 (10)
1408 583 1562 616 Decimus
1577 584 1606 616 ei
1632 583 1723 616 labor
1738 584 1912 625 impositus
1932 587 1983 616 est
1995 584 2047 617 hic
2060 608 2071 625 ‚
2086 587 2124 618 ut
2141 587 2300 629 Geryonis

1272 646 1373 680 boves
1391 656 1432 680 ex
1451 648 1587 688 Erythia
1605 648 1755 690 abigeret.
1775 649 1910 690 Erythia
1931 649 2038 682 insula
2049 651 2117 683 erat
2138 659 2238 694 prope
2257 654 2301 686 ad

1273 713 1438 745 Oceanum
1448 713 1520 753 sita,
1529 722 1603 755 quae
1614 722 1702 746 nunc
1715 714 1834 747 Gadira
1846 715 1993 747 vocatur.
2013 716 2120 748 ²*Hanc
2133 716 2301 750 habitabat

1273 777 1416 818 Geryon,
1431 777 1624 818 Chrysaoris
1638 787 1678 811 ex
1691 778 1871 812 Callirrhoe
1882 779 2001 811 Oceani
2015 779 2091 820 filla,
2103 780 2205 814 trium
2217 782 2300 814 viro·

1272 848 1346 872 rum
1361 839 1501 873 conflato
1515 841 1674 883 praeditus
1691 850 1844 883 corpore,
1861 842 1948 883 quod
1971 842 2006 874 in
2026 843 2150 876 ventris
2171 844 2300 886 regione

1273 913 1377 936 unum
1395 905 1464 937 erat
1479 909 1511 937 et
1527 905 1751 947 conjunctum,
1767 906 1826 939 sed
1850 906 1926 938 inde
1942 906 1983 938 ab
1998 906 2095 940 ilibus
2110 907 2300 940 femoribus·

1272 977 1336 1010 que
1356 968 1526 1010 tripliciter
1553 969 1708 1002 divisum.
1735 970 1903 1003 ³Habebat
1926 971 1979 1003 ille
2005 971 2108 1004 boves
2134 972 2296 1014 puniceas,

1271 1042 1411 1074 quarum
1427 1033 1590 1066 bubulcus
1610 1033 1790 1075 Eurytion,
1823 1037 1934 1068 custos
1949 1043 2028 1068 vero
2049 1036 2188 1069 Orthrus
2209 1036 2298 1070 canis

1270 1095 1381 1138 biceps
1395 1097 1544 1129 Echidna
1555 1099 1588 1130 et
1599 1098 1755 1138 Typhone
1765 1099 1874 1131 natus.

1312 1172 1436 1212 ⁴Igitur
1457 1172 1500 1204 ad
1515 1173 1674 1213 Geryonis
1698 1172 1800 1206 boves
1827 1174 2024 1208 contendens
2047 1183 2106 1216 per
2132 1177 2297 1217 Europam

1270 1242 1411 1282 (Cretam
1417 1241 1457 1283 Ρ),
1473 1241 1529 1274 ubi
1544 1243 1662 1275 multas
1674 1243 1758 1276 feras
1767 1243 1899 1285 occidit,
1913 1244 1948 1276 in
1956 1244 2092 1286 Libyam
2107 1244 2207 1278 venit.
2216 1245 2298 1278 lude

1271 1312 1457 1344 Tartessum
1469 1312 1635 1354 profectus
1646 1313 1770 1346 itineris
1786 1314 1839 1345 sui
1845 1315 2057 1346 monumenta
2070 1313 2104 1346 in
2113 1316 2254 1356 Europoe
2264 1317 2299 1349 et

1269 1379 1381 1421 Libyae
1393 1380 1559 1413 montibus
1565 1381 1674 1422 posuit
1683 1381 1766 1414 duas
1778 1382 1942 1424 oppositas
1949 1382 2012 1415 sibi
2023 1383 2203 1417 columnas.
2215 1383 2296 1418 ¹⁵Ubi

1270 1448 1303 1480 in
1319 1448 1434 1482 itinere
1464 1449 1548 1483 Solis
1579 1450 1679 1484 radiis
1706 1452 1870 1493 urebatur,
1885 1461 1996 1486 arcum
2008 1453 2042 1486 in
2055 1453 2152 1487 deum
2167 1457 2309 1489 conten·-

1269 1519 1329 1552 dit.
1346 1519 1408 1552 Hic
1423 1520 1493 1560 ejus
1515 1520 1685 1560 audaciam
1707 1521 1844 1554 miratus
1859 1530 1993 1555 aureum
2009 1522 2099 1555 dedit
2118 1523 2272 1564 poculum
2282 1547 2293 1565 ‚

1269 1588 1304 1620 in
1316 1597 1382 1630 quo
1398 1590 1565 1621 Oceanum
1577 1590 1713 1631 trajecit.
1727 1591 1904 1631 Postquam
1919 1590 1954 1622 in
1967 1590 2136 1632 Erythiam
2150 1594 2294 1634 venerat,

1268 1657 1302 1690 in
1315 1657 1441 1690 Abante
1462 1660 1574 1691 monte
1596 1657 1810 1699 pernoctavit.
1828 1657 1890 1690 ⁶1d
1906 1658 2049 1691 sentiens
2064 1659 2154 1692 canis
2169 1658 2203 1692 in
2219 1668 2294 1693 eum
2317 1691 2319 1694 .

1267 1730 1372 1762 irruit.
1390 1730 1448 1763 Ille
1463 1739 1542 1763 vero
1564 1730 1597 1762 et
1618 1730 1707 1762 hunc
1722 1729 1815 1761 clava
1831 1728 2010 1771 percussit,
2034 1731 2067 1762 et
2081 1730 2294 1771 Eurytionem

1267 1800 1447 1834 bubulcum
1463 1800 1536 1833 cani
1547 1808 1644 1841 opem
1659 1799 1816 1832 serentem
1829 1800 1989 1833 necavit.⁷
1998 1802 2154 1834 Menoetes
2169 1801 2292 1842 autem,
2317 1828 2320 1829 ⁷

1266 1871 1323 1913 qui
1339 1871 1387 1903 ibi
1400 1870 1551 1903 Plutonis
1570 1870 1670 1902 boves
1684 1868 1849 1910 pascebat,
1870 1878 1939 1902 rem
1954 1870 2098 1910 Geryoni
2115 1869 2290 1903 nuntiavit·

1266 1941 1327 1973 Hic
1337 1939 1507 1973 Herculem
1521 1938 1563 1971 ad
1574 1938 1826 1971 Anthemuntem
1843 1936 1982 1971 fluvium
1996 1936 2097 1969 boves
2109 1935 2291 1978 abigentem
2313 1963 2320 1974 *-

1265 2009 1519 2052 deprehendens,
1535 2008 1711 2041 commissa
1731 2016 1850 2049 pugna,
1867 2007 1983 2048 sagitta
2002 2005 2168 2048 perfossus
2182 2005 2288 2047 periit.

1265 2081 1278 2100 ⁸
1298 2076 1453 2109 Hercules
1470 2085 1548 2108 vero
1572 2084 1648 2108 cum
1669 2074 1824 2107 armentis
1852 2073 1968 2115 poculo
1988 2072 2150 2115 impositis
2164 2071 2291 2114 traiecit
2310 2078 2312 2082 ·

1263 2149 1451 2180 Tartessum
1465 2146 1499 2179 et
1517 2145 1582 2178 Soli
1597 2144 1751 2186 poculum
1765 2141 1915 2175 reddidit.

1304 2228 1319 2247 ⁹
1331 2225 1565 2264 Transgressus
1582 2220 1659 2253 inde
1674 2219 1846 2252 Abderiam
1862 2218 1898 2250 in
1924 2217 2087 2259 Liguriam
2108 2217 2211 2257 venit,
2231 2216 2288 2250 uhi

1262 2281 1362 2313 boves
1375 2280 1403 2312 ei
1419 2279 1541 2320 eripere
1553 2278 1728 2310 voluerunt
1744 2276 1880 2309 Alebion
1897 2277 1930 2307 et
1951 2277 2130 2315 Dercynus‚
2145 2273 2287 2315 Neptuni

1261 2338 1335 2378 iilii;
1354 2337 1474 2379 quibus
1489 2336 1653 2378 peremtis,
1670 2335 1731 2368 iter
1746 2334 1822 2367 fecit
1834 2343 1890 2375 per
1904 2331 2127 2374 Tyrrheniam.
2138 2333 2194 2363 ¹⁰A
2208 2330 2287 2364 Rhe·

1261 2398 1313 2439 gio
1325 2399 1433 2429 autem
1448 2399 1562 2428 taurus
1577 2403 1662 2427 unus
1678 2402 1792 2435 agmen
1808 2392 1939 2432 deserit,
1945 2393 1978 2424 et
1990 2399 2143 2433 percursa
2157 2390 2300 2441 regione:

1260 2455 1406 2494 finitima,
1425 2462 1499 2494 quae
1514 2452 1622 2485 abillo
1637 2451 1728 2485 Italia
1739 2451 1906 2483 nominata
1919 2451 1970 2482 est
1991 2448 2162 2490 (Tyrrheni
2197 2447 2293 2483 enim,

1261 2514 1392 2546 italum
1407 2512 1558 2545 dicebant
1569 2511 1728 2551 taurum),
1746 2511 1877 2551 repente
1891 2509 1925 2541 in
1938 2516 2027 2540 mare
2041 2507 2184 2548 desiluit,
2199 2507 2234 2540 et
2249 2506 2305 2556 ἰαὶ,

177 2565 295 2599 θεῖσαν
337 2560 488 2622 ’Ῑταωλίαν
513 2561 561 2614 (T
564 2560 704 2614 υῤῥηνθῖ
731 2559 800 2614 γὰρ
839 2560 958 2599 ἷταλὸν
989 2559 1048 2598 τὸν
1080 2563 1206 2613 ταῦρον
1229 2579 1236 2624 Ι
1261 2572 1401 2605 Siciliam
1416 2570 1558 2603 natando
1573 2569 1736 2610 trajiciens
1751 2569 1841 2601 venit
1856 2568 1890 2600 in
1905 2575 2057 2608 campum
2072 2565 2206 2607 Erycis,
2226 2563 2302 2607 qui?

177 2619 378 2672 ἐκάλεσαν),
397 2621 499 2666 ἦλθεν
518 2621 566 2663 εἷς
598 2618 715 2657 πεδίον
743 2618 913 2672 Ἔρυκος,
940 2618 975 2662 ὃς
1005 2618 1206 2657 ἕὸασίλευεν
1259 2639 1316 2662 rex
1330 2630 1399 2662 erat
1411 2629 1610 2669 Elymorum.
1625 2629 1762 2667 ¹¹Eryx,
1778 2624 1918 2666 Neptuni
1934 2624 2031 2664 filius,
2052 2623 2138 2654 hunc
2151 2621 2310 2654 taurumx-‘t

1259 2688 1327 2720 suis
1364 2687 1518 2719 armentis
1543 2684 1735 2727 aggregavit.
1762 2681 2006 2716 commendatis
2040 2680 2148 2720 itaque
2177 2677 2291 2715 bobum

1257 2748 1422 2786 Vulcano,
1442 2745 1597 2778 Hercules
1618 2746 1749 2777 taurum
1768 2741 1967 2784 quaesiturus
1984 2738 2143 2781 processit
2158 2748 2168 2778 ;
2183 2731 2295 2787 quem}

1257 2814 1360 2846 quum
1385 2803 1562 2835 invenisset
1577 2802 1659 2834 inter
1681 2800 1793 2841 Erycis
1815 2800 1975 2837 armenta,
1996 2796 2037 2829 ab
2060 2805 2099 2828 eo
2119 2793 2292 2837 poposcit-i

1256 2863 1351 2896 Illum
1365 2862 1485 2900 autem,
1496 2860 1551 2900 qui
1564 2862 1693 2891 taurum
1701 2867 1735 2890 se
1742 2857 1944 2890 redditurum
1955 2854 2092 2895 negabat
2101 2852 2163 2885 nisi
2171 2847 2291 2894 ipsumss·

1255 2920 1410 2954 luctando
1426 2917 1647 2960 superaverit,
1665 2918 1714 2948 ter
1744 2915 1833 2947 lucta
1848 2914 2028 2955 postratum
2045 2909 2224 2950 interfecit,
2245 2909 2292 2942 et.

1255 2979 1478 3020 recuperatum
1495 2979 1626 3008 taurum
1642 2983 1718 3006 cum
1739 2973 1870 3013 reliquis
1891 2971 1933 3003 ad
1951 2970 2082 3003 Ionium
2106 2976 2195 3000 mare
2208 2965 2286 3008 perb'}

1255 3037 1360 3071 duxit.

1297 3159 1324 3178 ¹2
1331 3154 1376 3186 Ut
1393 3160 1470 3184 vero
1486 3150 1528 3182 ad
1540 3148 1654 3182 intima
1669 3147 1762 3179 sinus
1778 3143 1931 3178 Adriatici
1952 3141 2151 3184 pervenerat,
2170 3138 2278 3174 bobus

1253 3213 1389 3244 oestrum
1405 3211 1423 3242 J
1426 3217 1491 3240 uno
1506 3205 1652 3243 immisit,
1666 3212 1739 3244 quae
1747 3202 1820 3234 ideo
1832 3200 2059 3242 disperguntur
2074 3199 2107 3230 in
2122 3199 2291 3248 moutarn}

1253 3268 1407 3302 Thraciae.
1424 3269 1487 3298 Eas
1499 3263 1651 3296 Hercules
1667 3261 1832 3293 insecutus
1845 3259 1970 3300 partem
1978 3256 2018 3289 ad
2029 3252 2273 3298 Hellespontum*

1253 3328 1379 3368 captam
1397 3323 1533 3357 abduxit
1546 3331 1553 3352 ε
1565 3329 1639 3362 quae
1650 3318 1769 3352 relictae
1782 3318 1857 3349 sunt
1872 3318 1984 3357 postea
1998 3314 2171 3346 evaserunt
2189 3317 2272 3352 αδη-
2310 3359 2311 3363 ¹

1252 3387 1328 3418 stes.
1347 3388 1374 3408 ¹³
1387 3381 1448 3415 Sed
1463 3381 1520 3413 vix
1531 3379 1662 3413 tandem
1676 3376 1780 3408 bobus
1795 3373 1948 3412 collectis,
1965 3373 2166 3412 Strymonem
2179 3375 2268 3402 accu-
