2320 3684
111 195 2210 271 QQQQQQQQQQQQQQ³QQ

707 369 1631 530 EPHORI

798 641 1533 729 FRAGMENTA.

1019 832 1338 852 —--oo——

489 928 757 967 PROOEMIA.

170 1067 354 1119 Polybius
384 1071 439 1106 IV
453 1098 464 1117 ,
499 1081 572 1106 20:
614 1067 668 1108 Οὐ
699 1066 768 1121 γὰρ
808 1066 976 1119 ἡγητέον,
1025 1082 1148 1119 μουσι-

120 1126 206 1178 κὴν,
238 1128 285 1170 ὣς
310 1125 463 1180 Ἔφορός
496 1142 602 1180 φησιν
631 1128 667 1165 ἐν
691 1128 743 1180 τῷ
770 1126 945 1180 προοιμίῳ
974 1129 1037 1173 τῆς
1063 1125 1148 1174 ὅλης

118 1185 383 1240 πραγματείας,
403 1186 566 1237 οὐδαμῶς
580 1184 777 1238 ἁρμόζοντα
795 1185 896 1236 λόγον
918 1186 1013 1238 αὐτῷ
1034 1184 1148 1238 ῥίψας,

119 1245 175 1283 ἐπ’
196 1245 316 1297 ἀπάτῃ
342 1245 403 1283 καὶ
427 1244 571 1298 γοητείᾳ
592 1247 829 1298 παρεισῆχθαι
848 1250 919 1288 τοῖς
944 1242 1147 1298 ἀνθρώποις.

119 1304 174 1343 Cf.
195 1305 396 1342 Athenaeus
409 1308 516 1352 XIV,
540 1318 579 1355 p.
593 1305 687 1356 626,
702 1313 740 1342 et
754 1304 928 1355 Agrippa
947 1307 1006 1341 De
1019 1304 1147 1341 Vanit.

121 1364 261 1401 Scient.
276 1377 309 1400 c.
331 1377 389 1410 ¹7·

173 1486 456 1538 Harpocration
481 1501 489 1523 :
516 1485 709 1538 Ἀρχαίως,
742 1483 948 1531 Ἰσοκράτης
973 1486 1149 1535 Πανηγυ-

124 1547 209 1598 ρικῷ
220 1560 228 1568 ·
248 1563 263 1578 «
277 1544 335 1583 Τά
354 1560 392 1582 τε
406 1543 542 1582 παλαιὰ
553 1545 679 1587 καινῶς
694 1541 873 1587 διεξελθεῖν
885 1574 894 1591 ,
907 1543 967 1581 καὶ
987 1543 1066 1597 περὶ
1082 1545 1150 1580 τῶν

121 1603 246 1642 νεωστὶ
262 1603 503 1655 γεγενημένων
522 1603 678 1655 ἀρχαίως
692 1603 812 1640 εἰπεῖν.
828 1620 842 1635 n
857 1600 974 1641 ’Ένιοι
988 1602 1050 1653 μέν
1068 1617 1153 1656 φασι

122 1661 305 1713 σημαίνειν
325 1661 609 1716 ἀρχαιοτρόπως,
623 1661 801 1700 τουτέστιν
820 1661 1061 1715 ἀρχαιοτέροις
1078 1661 1155 1700 ὀνό-

124 1737 211 1772 μασι
239 1724 406 1775 χρῆσθαι.
434 1720 589 1775 Ἔφορος
617 1722 651 1758 ἐν
667 1723 710 1772 τῇ
733 1719 856 1773 πρώτῃ
879 1723 948 1758 τῶν
976 1719 1152 1774 Ἱστοριῶν

123 1779 250 1834 τρόπον
274 1778 350 1819 τινὰ
381 1780 595 1832 ἐξηγήσατο,
621 1779 706 1833 φησὶ
741 1779 780 1830 (l.
810 1779 938 1832 φήσας)
971 1779 1051 1832 περὶ
1083 1782 1153 1818 τῶν

125 1839 281 1893 ἀρχαίων
310 1840 531 1893 πραγμάτων
562 1837 642 1882 τοὺς
675 1837 861 1892 νεωτέρους
898 1836 1154 1892 διεξέρχεσθαι.

127 1915 143 1933 ι
157 1898 244 1950 Περὶ
266 1897 328 1949 μὲν
353 1898 420 1952 γὰρ
444 1900 514 1936 τῶν
538 1897 618 1936 καθ’
646 1899 740 1948 ἡμᾶς
761 1896 1024 1948 γεγενημένων,
1049 1897 1155 1951 φησὶ,

125 1955 205 2000 τοὺς
239 1956 476 2010 ἀκριὸέστατα
502 1956 666 2007 λέγοντας
698 1955 929 1999 πιστοτάτους
955 1954 1155 2008 ἡγούμεθα,

126 2015 206 2068 περὶ
226 2014 262 2053 δὲ
285 2017 354 2054 τῶν
379 2017 540 2054 παλαιῶν
561 2013 641 2059 τοὺς
661 2013 752 2052 οὕτω
768 2013 953 2059 διεξιόντας
975 2017 1157 2054 ἀπιθανω-

126 2074 251 2118 τάτους
279 2067 369 2113 εἶναι
399 2074 607 2126 νομίζομεν,
642 2072 951 2124 ὃπολαμὸάνοντες
984 2073 1062 2112 οὔτε
1096 2074 1159 2119 τὰς

127 2132 267 2196 πράξεις
287 2132 447 2182 ἁπάσας,
467 2132 546 2171 οὔτε
561 2135 629 2170 τῶν
645 2131 757 2183 λόγων
773 2131 853 2176 τοὺς
871 2132 1055 2177 πλείστους
1070 2133 1160 2177 εἷκὸς

128 2196 218 2231 εἶναι
250 2191 530 2243 μνημονεύεσθαι
558 2190 615 2229 διὰ
642 2190 829 2229 τοσούτων.
860 2210 875 2226 υ
908 2193 964 2230 Cf.
991 2193 1092 2230 idem
1117 2207 1156 2231 v.

133 2252 274 2294 Καινῶς
289 2260 328 2289 et
341 2251 476 2290 Suidas
489 2265 525 2288 v.
540 2248 681 2295 Καινὸς,
701 2258 739 2287 et
753 2250 863 2287 Phot.
878 2253 971 2288 Lex.
987 2265 1025 2302 p.
1041 2258 1104 2301 94.

632 2314 666 2351 3.

184 2380 365 2430 Polybius
379 2381 480 2428 XII',
502 2393 547 2427 ²7
566 2378 634 2418 z‘o
654 2377 717 2429 μὲν
736 2377 805 2432 γὰρ
827 2376 979 2433 ’Έφορός
1005 2382 1162 2433 φησιν,ἐῖ
1184 2288 1193 2419 li

1205 926 1350 965 δυνατὸν
1369 920 1411 973 ἧν
1430 926 1553 971 αὐτοὺς
1572 927 1667 979 (scil.
1682 941 1811 965 rerum
1829 926 2053 979 scriptores)
2069 932 2232 981 παρεῖναι

1203 992 1294 1024 πᾶσι
1312 989 1383 1028 τοῖς
1406 986 1612 1040 πράγμασι,
1631 985 1762 1033 ταύτην
1786 986 1827 1034 δὴ
1849 985 2021 1040 διαφέρειν
2048 986 2138 1025 πολὺ
2162 988 2232 1024 τῶν

1204 1043 1404 1099 ἐμπειριῶν.

1258 1174 1442 1225 Polybius
1459 1178 1539 1223 IX,
1567 1189 1582 1211 1
1602 1189 1610 1211 :
1626 1173 1699 1212 Τὸν
1720 1173 1783 1225 μὲν
1807 1171 1874 1226 γὰρ
1891 1172 2056 1226 φιλήκοον
2075 1175 2094 1211 ὁ
2108 1187 2230 1224 γενεα-

1205 1234 1344 1286 λογικὸς
1362 1234 1488 1288 τρόπος
1506 1236 1715 1273 ἐπισπᾶται·
1735 1233 1793 1272 τὸν
1815 1232 1851 1271 δὲ
1869 1232 2148 1286 πολυπράγμονα
2174 1233 2234 1272 καὶ

1206 1293 1367 1346 περιττὸν
1382 1296 1399 1331 ὃ
1410 1294 1489 1346 περὶ
1501 1292 1561 1337 τὰς
1573 1292 1733 1336 ἀποικίας
1743 1292 1802 1331 καὶ
1813 1292 1941 1336 κτίσεις
1954 1292 2012 1331 καὶ
2025 1291 2235 1344 συγγενείας,

1206 1351 1297 1389 καθά
1311 1366 1378 1389 που
1393 1351 1453 1389 καὶ
1473 1352 1556 1405 παρ’
1575 1350 1717 1406 Ἐφόρῳ
1733 1350 1892 1402 λέγεται,
1910 1351 1968 1389 τὸν
1990 1349 2026 1389 δὲ
2041 1350 2234 1399 πολιτικὸν,

1207 1413 1225 1448 ὁ
1238 1410 1318 1462 περὶ
1327 1409 1388 1453 τὰς
1398 1409 1538 1463 πράξεις
1547 1412 1615 1448 τῶν
1630 1412 1734 1448 ἐθνῶν
1751 1409 1809 1448 καὶ
1819 1408 1953 1448 πόλεων
1969 1409 2029 1448 καὶ
2045 1410 2234 1448 δυναστῶν.

1705 1480 1728 1518 5

1262 1544 1480 1595 Stephanus
1499 1548 1589 1595 Byz.
1611 1558 1641 1583 s.
1663 1558 1701 1582 v.
1716 1542 1884 1582 Boion-iot:
1904 1542 2056 1597 Ἔφορος
2078 1542 2116 1582 δέ
2131 1559 2236 1596 φησιν

1209 1600 1262 1640 ὅτι
1282 1601 1457 1649 Ἀθηναῖοι
1474 1603 1554 1657 περὶ
1577 1602 1640 1649 τὴν
1660 1600 1848 1650 ναυτικὴν,
1871 1601 2046 1642 Θετταλοὶ
2068 1602 2148 1655 περὶ
2172 1600 2236 1649 τὴν

1213 1660 1361 1708 ἱππικὴν
1408 1662 1614 1714 ἐμπειρίαν,
1662 1661 1808 1700 Βοιωτοὶ
1835 1660 1914 1714 περὶ
1942 1660 2006 1707 τὴν
2026 1663 2087 1708 τῆς
2105 1675 2239 1712 γυμνα-

1212 1719 1289 1762 σίας
1320 1719 1542 1770 ἐπιμέλειαν,
1577 1722 1768 1773 Κυρηναῖοι
1787 1720 1823 1757 δὲ
1839 1719 1918 1773 περὶ
1936 1718 2000 1765 τὴν
2018 1717 2239 1772 διφρευτικὴν

1211 1776 1410 1828 ἐπιστήμην
1461 1777 1698 1830 ἠσχόληνται·
1738 1780 1839 1828 ἡμεῖς
1879 1776 1915 1814 δὲ
1977 1776 2056 1830 περὶ
2076 1775 2139 1823 τὴν
2169 1778 2238 1814 τῶν

1211 1837 1327 1887 νόμων
1362 1835 1531 1881 εὐταξίαν.
1559 1836 1615 1875 Cf.
1639 1837 1813 1874 Eustath.
1839 1836 1887 1874 ad
1906 1835 2064 1885 Dionys.
2088 1835 2235 1886 Perieg.

1212 1910 1250 1933 v.
1267 1896 1342 1940 428
1355 1910 1365 1942 3
1380 1897 1534 1934 Maxim.
1550 1899 1641 1946 Tyr.
1659 1896 1819 1934 Dissert.
1837 1898 1947 1943 VIII,
1962 1908 2001 1945 p.
2016 1895 2079 1931 85.

1709 1965 1746 2001 b.

1268 2029 1462 2067 Diodorus
1496 2030 1645 2068 Siculus
1674 2032 1692 2067 1
1704 2059 1716 2078 ,
1745 2044 1768 2080 9
1784 2044 1791 2067 :
1823 2027 1913 2081 Περὶ
1932 2026 2080 2081 πρώτων
2113 2026 2150 2065 δὲ
2171 2029 2242 2066 τῶν

1216 2087 1412 2142 Βαρὸάρων
1430 2086 1577 2139 διέξιμεν
1589 2119 1598 2137 ,
1616 2090 1678 2126 οὐκ
1695 2087 1938 2141 ἀρχαιοτέρους
1953 2086 2075 2131 αὐτοὺς
2091 2085 2241 2139 ἡγούμε-

1216 2162 1267 2184 νοι
1291 2149 1360 2185 τῶν
1384 2146 1566 2194 Ἑλλήνων
1599 2146 1756 2200 καθάπερ
1783 2145 1937 2200 Ἔφορος
1965 2145 2123 2200 εἴρηκεν,
2152 2143 2243 2184 ἀλλὰ

1215 2205 1429 2258 προδιελθεῖν
1451 2205 1656 2257 βουλόμενοι
1680 2204 1725 2244 τὰ
1746 2206 1896 2244 πλεῖστα
1914 2207 1983 2243 τῶν
2005 2204 2086 2258 περὶ
2101 2203 2242 2252 αὐτοὺς,

1215 2262 1310 2308 ὅπως
1326 2263 1517 2318 ἀρξάμενοι
1532 2267 1602 2303 τῶν
1618 2264 1717 2318 παρὰ
1732 2270 1804 2307 τοῖς
1815 2263 1972 2310 ’Ἕλλησι
1986 2262 2241 2316 ἱστορουμένων

1220 2322 1394 2374 μηδεμίαν
1413 2325 1447 2362 ἐν
1463 2330 1539 2368 ταῖς
1556 2322 1816 2377 ἀρχαιολογίαις
1832 2325 2011 2376 ἑτερογενῆ
2025 2321 2149 2377 πρᾶξιν
2169 2337 2244 2360 πα·-

1221 2380 1462 2434 ρεμὸάλωμεν.

627 2498 643 2528 1
653 2520 661 2528 .
1188 2493 1197 2525 l
1218 2499 1259 2522 ex
1278 2491 1429 2524 omnibus
1443 2492 1744 2533 praestantissimam
1761 2491 1833 2523 illas
1848 2489 2062 2532 cognoscendi
2074 2489 2239 2522 rationem.

175 2552 284 2590 Neque
299 2549 385 2582 enim
400 2548 547 2581 arbitrari
564 2548 720 2580 debemus
732 2571 741 2587 ,
757 2547 844 2588 quod
863 2548 1012 2588 Ephorus
1030 2547 1063 2579 in
1078 2557 1158 2588 prae-

132 2596 253 2629 satione
269 2595 413 2628 universi
435 2595 487 2627 sui
509 2595 614 2636 operis
632 2594 780 2634 scripsit,
804 2603 917 2626 vocem
933 2595 1086 2626 effutiens
1103 2595 1159 2626 mi-

133 2643 221 2675 nime
235 2643 305 2684 ipso
321 2643 452 2683 dignam
470 2652 478 2673 :
496 2641 654 2674 Musicani
669 2641 708 2672 ad
726 2640 874 2672 fraudem
890 2643 922 2672 et
938 2640 1157 2682 deceptionem

134 2690 234 2722 fuisse
248 2689 333 2722 inter
349 2690 498 2721 homines
514 2688 742 2720 introductam.

629 2743 666 2774 2.

178 2793 348 2837 Ἀρχαίως,
374 2794 461 2835 apud
483 2795 658 2826 Isocratem
680 2792 874 2833 Panegyrico
892 2803 899 2823 ε
919 2794 1033 2824 «Tum
1051 2794 1159 2824 vetera

134 2851 219 2874 nova
241 2841 365 2873 ratione
389 2841 559 2882 persequi,
577 2843 608 2872 et
627 2841 667 2872 de
693 2849 805 2872 recens
820 2840 901 2871 actis
920 2839 1054 2880 antiquo
1070 2848 1160 2871 more

136 2889 278 2920 dicere.»
295 2891 376 2920 Sunt
388 2889 444 2929 qui
458 2888 596 2931 ἀρχαίως
610 2887 789 2928 significare
799 2887 900 2919 velint
915 2887 1160 2930 ἀρχαιοτρὸπως,

136 2935 168 2966 id
183 2938 243 2975 est,
260 2935 400 2975 antiquis
416 2934 584 2966 vocabulis
600 2935 668 2973 uti;
688 2934 777 2975 quod
795 2934 945 2975 Ephorus
962 2934 1043 2966 libro
1054 2933 1157 2974 primo

138 2982 355 3020 historiarum,
363 2991 463 3022 quum
476 2982 667 3014 recentiores
681 2982 725 3013 ait
736 2981 908 3022 scriptores
916 2981 956 3013 de
965 2982 1102 3013 vetustis
1112 2990 1157 3012 re-

138 3027 371 3067 busffisserere,
384 3028 525 3067 quodam
540 3028 637 3059 modo
646 3028 807 3068 exposuit·
827 3028 914 3064 «Qui
935 3027 975 3059 de
989 3027 1084 3059 rebus
1097 3037 1160 3060 me-

141 3086 156 3100 «
181 3074 280 3104 moria
296 3077 407 3105 nostra
431 3074 549 3114 gestis,
572 3074 696 3115 inquit,
721 3074 963 3106 accuratissime
981 3074 1160 3114 disserunt,

142 3132 157 3147 «
181 3120 243 3150 fide
259 3119 465 3159 dignissimos
478 3130 665 3160 censemus;
691 3124 724 3152 at
740 3121 860 3162 quires
880 3121 1029 3162 antiquas
1049 3121 1161 3154 eodem

143 3178 159 3192 «ι
182 3166 278 3196 modo
307 3169 438 3198 narrant
452 3191 461 3206 ,
489 3167 528 3198 ad
556 3168 815 3208 persuadendum
831 3168 1050 3209 ineptissimos
1070 3171 1161 3209 puta-

143 3224 158 3240 «
182 3220 256 3243 mus
276 3221 284 3242 :
302 3212 410 3243 animo
430 3216 661 3253 praesumentes
676 3215 847 3247 verisimile
859 3224 925 3246 non
943 3223 1030 3254 esse,
1059 3223 1163 3256 neque

144 3271 160 3287 e<
182 3258 291 3290 omnia
307 3258 402 3297 facta,
416 3268 474 3291 nec
489 3260 639 3301 pleraque
658 3261 744 3293 dicta
760 3264 825 3293 tam
842 3261 972 3303 copiose
986 3262 1105 3294 referri.
1130 3274 1146 3289 »

632 3315 667 3346 3.

182 3364 263 3394 Nam
277 3362 398 3403 Ephori
414 3362 537 3415 dictum
550 3366 610 3415 est,
624 3365 655 3396 Si
672 3368 781 3405 posset
788 3365 867 3406 fieri,
880 3367 917 3398 ut
930 3366 1004 3407 ipsi,
1019 3366 1075 3408 qui
1089 3367 1163 3399 scri·
1193 3377 1197 3434 γ

141 3409 234 3449 bunt,
243 3409 338 3441 rebus
345 3409 489 3449 gerendis
496 3409 646 3442 omnihus
653 3411 857 3452 interessent,
867 3413 950 3444 hanc
957 3413 1088 3445 demum
1098 3414 1164 3446 sore
1190 3439 1195 3445 .

1260 2596 1390 2628 Etenim
1409 2596 1465 2637 qui
1481 2605 1546 2628 una
1558 2596 1682 2636 legendi
1706 2597 1872 2638 voluptate
1894 2595 2076 2635 ducuntur,
2089 2603 2145 2627 eos
2161 2594 2242 2635 (deo-

1218 2651 1290 2673 rum
1320 2643 1532 2683 heroumque)
1553 2644 1773 2683 generationes
1801 2643 1988 2682 attrahunt;
2006 2642 2194 2683 multiplicis
2211 2643 2244 2675 et

1220 2688 1395 2720 reconditae
1412 2688 1569 2720 doctrinae
1588 2690 1747 2729 curiosos,
1765 2698 1869 2722 sermo
1884 2689 1925 2722 de
1939 2688 2074 2721 coloniis
2088 2688 2242 2730 antiquis,

1220 2735 1260 2766 de
1276 2735 1408 2767 conditu
1424 2736 1567 2775 urbium,
1579 2737 1619 2768 de
1635 2737 1827 2778 populorum
1843 2738 1925 2769 inter
1937 2738 2027 2778 ipsos
2037 2736 2243 2778 cognatione3

1219 2783 1495 2823 quemadmodum
1511 2786 1543 2815 et
1559 2785 1644 2825 apud
1666 2785 1831 2825 Ephorum
1854 2784 1972 2817 alicubi
1987 2784 2111 2825 legitur.
2128 2785 2243 2817 Virum

1218 2839 1294 2862 vero
1310 2830 1478 2871 politicum
1495 2840 1544 2863 res
1559 2834 1665 2872 gestas
1681 2833 1762 2864 scire
1775 2833 1867 2873 J'uvat
1879 2832 2058 2872 nationum,
2074 2831 2243 2864 civitatum

1220 2879 1252 2908 et
1264 2885 1377 2908 eorum
1393 2877 1450 2917 qui
1464 2877 1591 2918 populis
1607 2878 1826 2910 dominantur.

1263 2981 1438 3014 Boeotia....
1454 2984 1575 3014 Verum
1591 2985 1700 3014 narrat
1711 2983 1872 3023 Ephorus,
1889 2983 2098 3015 Athenienses
2113 2983 2155 3015 ad
2167 2992 2244 3016 nau-

1219 3027 1328 3067 ticam,
1342 3028 1511 3060 Thessalos
1526 3029 1565 3060 ad
1580 3031 1772 3069 equestrem,
1789 3031 1918 3061 Boeotos
1945 3029 1983 3060 ad
1997 3029 2243 3070 gymnas-ticam,

1219 3078 1393 3116 Cyrenaeos
1417 3079 1524 3108 autem
1541 3077 1579 3108 ad
1596 3076 1740 3108 curulem
1765 3079 1866 3109 artem
1891 3085 1926 3108 se
1952 3076 2158 3117 applicuisse:
2184 3085 2244 3110 nos

1220 3124 1329 3154 autem
1344 3123 1525 3163 (Cumani)
1542 3123 1666 3164 legibus
1682 3123 1763 3155 bene
1786 3123 2019 3155 constituendis
2035 3123 2213 3155 studemus.

1261 3230 1309 3260 De
1333 3227 1480 3260 barbaris
1500 3229 1607 3260 autem
1623 3228 1809 3260 nationibus
1833 3229 1975 3270 primum
1997 3228 2162 3269 dicemus,
2179 3236 2244 3262 non

1225 3274 1312 3315 quod
1326 3283 1380 3306 eos
1391 3274 1587 3315 antiquiores
1600 3275 1722 3308 Graecis
1735 3275 1940 3315 arbitramur,
1957 3278 1992 3307 ut
2004 3276 2151 3316 Ephorus
2163 3283 2243 3307 asse-

1222 3322 1307 3360 ruit;
1337 3321 1394 3354 sed
1411 3321 1580 3362 plerasque
1596 3331 1646 3354 res
1666 3331 1778 3354 eorum
1800 3323 1994 3363 praemittere
2019 3322 2190 3361 volumus,
2207 3323 2243 3353 ut

1223 3370 1333 3409 postea
1347 3369 1534 3399 Graecorum
1548 3368 1714 3400 historiam
1727 3368 1862 3409 ingressi
1892 3368 1972 3400 nihil
2002 3368 2034 3400 in
2054 3369 2170 3400 horum
2186 3375 2240 3401 an-

1223 3414 1430 3455 tiquitatibus
1449 3414 1587 3447 alienum
1600 3415 1849 3447 immisceamus.
