2320 3684
631 154 964 197 APOLLODORI
992 154 1336 194 BIBLIOTHECA
1366 156 1426 205 11,
1458 161 1508 206 4,
1540 162 1575 193 5.
2081 163 2152 197 135

42 251 151 298 τάτην
180 249 353 303 θυγατέρα
379 244 561 298 Μέγαραν·
581 241 617 287 ἐξ
642 237 683 289 ἧς
709 241 806 292 αὐτῷ
836 239 958 282 παῖδες
990 237 1070 289 ἓγέ-
1129 258 1169 282 ex
1186 259 1251 291 qua
1267 250 1323 283 filii
1344 251 1374 284 ei
1389 251 1455 284 nati
1479 253 1555 284 sunt
1567 253 1646 294 tres,
1662 241 1907 294 Therimachus,
1932 254 2155 294 Creontiades,

47 324 143 349 θοντο
172 314 285 363 “Pa‘’
326 303 536 359 Θηρίμαχος
549 329 558 345 ’
594 297 853 372 erov‘rtpffinc,
893 296 1067 370 Δγξϊχόων·
1129 318 1280 350 Deicoon.
1306 322 1500 354 ⁷Juniorem
1523 322 1623 355 filiam
1641 325 1747 357 creon
1763 323 1853 356 dedit
1874 324 2009 366 Iphiclo,
2026 326 2157 367 quiJ'am

44 382 61 407 7
75 366 152 415 Τὴν
173 365 210 405 δὲ
228 363 399 418 νεωτέραν
417 359 589 435 θνυγατέρῗ
605 360 728 432 Κρῗων
758 357 890 429 Ιφιικλῳ
916 356 1070 451 δὲδιῗσΐ
1132 386 1257 419 Iolaum
1295 388 1398 422 filium
1429 400 1470 424 ex
1500 392 1741 430 Automedusa‚
1777 393 1925 436 Alcathi,
1959 396 2157 437 susceperat.

44 427 113 499 ’387¹
136 426 247 496 παῖδῗ
271 422 403 463 Ἰόλαον
424 434 547 491 210⁸!va
568 416 603 462 εξ
623 416 893 486 Αυτομεδουσηῗ
914 430 977 489 της
1000 416 1028 452 Α
1054 437 1073 500 Ξ
1132 460 1145 478 ⁸
1160 454 1347 489 Alcmenam
1365 467 1443 491 vero
1454 462 1530 501 post
1543 461 1787 503 Amphitryonis
1808 464 1946 496 mortem
1960 463 2054 496 duxit
2069 464 2160 496 Jovis

46 488 167 523 καθου.
195 485 212 509 ²⁵
242 483 365 534 Εγημε
390 478 426 517 δὲ
454 493 514 516 και
541 475 736 527 Αλκμήνην
752 473 842 526 μετὰ
859 489 918 512 τον
952 475 1053 525 Αμφι

47 541 198 598 τρύωνος
219 540 364 580 θάνατον
382 536 462 580 Διὸς
481 541 563 580 παῖς
577 533 845 585 Ῥαδάμανθυς,
869 529 1021 585 κατῴκει
1038 528 1074 567 δὲ
1133 522 1219 556 filius
1243 526 1512 562 Rhadamanthus
1526 553 1534 566 ,
1558 532 1614 572 qui
1643 532 1678 564 in
1700 532 1833 566 exilium
1857 535 1949 567 actus
1974 534 2102 572 ocaleae
2128 534 2162 566 in

49 603 85 640 ἐν
105 598 275 653 Ὠκαλείᾳ
292 600 354 645 τῆς
370 594 540 639 Βοιωτίας
553 592 746 647 πεφευγώς.

103 664 120 689 ⁹
134 655 334 712 Προμαθὼν
349 654 386 693 δὲ
396 654 479 708 παρ’
490 652 648 707 Εὐρύτου
657 650 721 699 τὴν
737 648 875 697 τοξικὴν
883 649 1076 702 Ἡρακλῆς,

50 715 156 756 ἶλαὸε
173 713 270 769 παρὰ
294 713 431 767 Ἑρμοῦ
458 710 522 764 μὲν
548 710 662 765 ξίφος,
690 709 773 763 παρ’
801 706 1017 749 Ἀπόλλωνος
1042 704 1078 743 δὲ

50 775 156 824 τόξα,
183 773 282 828 παρὰ
306 771 505 826 Ἡφαίστου
539 770 683 825 θώρακα
709 771 885 824 χρυσοῦν,
912 763 1012 819 παρὰ
1043 762 1080 802 δὲ

53 836 196 883 Ἀθηνᾶς
220 833 368 873 πέπλον·
396 832 548 887 ῥόπαλον
579 828 644 882 μὲν
665 829 733 883 γὰρ
764 828 866 871 αὐτὸς
893 825 1015 877 ἔτεμεν
1040 825 1080 862 ἐκ

52 893 204 946 Νεμέας.

107 954 187 1005 (12)
201 951 303 991 Μετὰ
319 949 356 989 δὲ
371 948 436 997 τὴν
454 948 539 1003 πρὸς
553 946 690 991 Μινύας
707 947 801 1000 αὐτῷ
813 944 933 997 μάχην
951 940 1082 988 συνέὸη

53 1010 145 1050 κατὰ
164 1011 267 1058 ζῆλον
286 1008 402 1063 Ἤρας
422 1011 599 1060 μανῆναι,
624 1006 684 1045 καὶ
709 1004 789 1048 τοὺς
816 1020 853 1042 τε
872 1002 977 1046 ἰδίους
995 1006 1083 1040 παῖ-

55 1071 128 1119 δας,
148 1068 205 1114 οὒς
222 1070 262 1108 ἐκ
279 1068 447 1122 Μεγάρας
463 1060 570 1119 εἶχεν,
590 1067 637 1110 εἷς
653 1068 724 1119 πῦρ
738 1063 920 1116 ἐμὸαλεῖν,
940 1061 1084 1100 καὶτῶν

57 1127 211 1184 Ἰφίκλου
231 1126 310 1166 δύο·
330 1126 382 1166 διὸ
401 1125 640 1168 καταδικάσας
664 1126 789 1162 ἑαυτοῦ
809 1120 942 1176 φυγὴν,
963 1118 1087 1158 καθαί-

58 1203 154 1242 ρεται
173 1185 236 1238 μὲν
257 1185 325 1224 ὑπὸ
343 1183 514 1225 Θεστίου·
534 1185 551 1210 2
570 1181 851 1237 παραγενόμενος
871 1177 908 1218 δὲ
925 1180 973 1222 εἷς
995 1179 1087 1217 Δελ-

59 1244 164 1301 φοὺς,
193 1245 404 1283 πυνθάνεται
421 1246 481 1281 τοῦ
502 1245 580 1280 θεοῦ
595 1273 605 1291 ,
638 1246 704 1280 ποῦ
724 1238 941 1286 κατοικήσει.
973 1237 1021 1276 Ἡ
1052 1235 1088 1274 δὲ

60 1304 178 1344 Πυθία
201 1302 280 1342 τότε
306 1305 444 1357 πρῶτον
470 1300 652 1355 ζΗρακλέα
684 1299 787 1338 αὐτὸν
815 1295 1087 1352 προσηγόρευσε·

59 1363 100 1402 τὸ
117 1362 153 1402 δὲ
173 1365 312 1424 πρῶτον
334 1360 511 1408 Ἀλκείδης
527 1357 816 1414 προσηγορεύετο.
839 1357 1024 1396 Κατοικεῖν
1054 1353 1090 1392 δὲ

60 1421 165 1460 αὐτὸν
185 1425 281 1460 εἶπεν
301 1422 336 1459 ἐν
349 1420 507 1474 Τίρυνθι,
529 1420 702 1474 Εὐρυσθεῖ
718 1415 932 1471 λατρεύοντα
948 1413 1010 1462 ἔτη
1025 1413 1092 1452 δώ-

61 1481 165 1529 δεκα,
185 1480 245 1519 καὶ
261 1479 341 1523 τοὺς
359 1476 656 1529 ἐπιτασσομένους
675 1475 799 1519 ἄθλους
819 1473 954 1513 δώδεκα
973 1475 1091 1512 ἐπιτε-

61 1539 155 1588 λεῖν,
182 1538 243 1577 καὶ
262 1536 388 1586 οὕτως,
414 1535 503 1590 ἔφη,
536 1538 606 1575 τῶν
637 1534 752 1573 ἄθλων
781 1530 1092 1591 συντελεσθέντων,

63 1595 237 1635 ἀθάνατον
257 1594 361 1633 αὐτὸν
379 1593 530 1633 ἔσεσθαι.

416 1711 665 1744 ΚΕΦΑΛΑΙΟΝ
687 1710 736 1741 Ε’.

122 1783 177 1834 (1)
195 1784 312 1822 Τοῦτο
326 1779 476 1824 ἀκούσας
495 1783 514 1819 ὁ
533 1779 733 1834 Ἡρακλῆς,
754 1779 803 1823 εἷς
821 1777 978 1831 Τίρυνθα
997 1770 1095 1826 ἦλθε,

66 1839 126 1880 καὶ
141 1841 182 1880 τὸ
195 1838 500 1893 προσταττόμενον
523 1839 592 1878 ὑπὸ
614 1836 822 1893 Εὐρυσθέως
841 1836 963 1875 ἐτέλει.
984 1838 1097 1890 Πρῶ-

66 1915 125 1939 τον
147 1898 210 1951 μὲν
230 1893 288 1938 οῧν
309 1897 473 1944 ἐπέταξεν
493 1900 606 1952 αὐτῷ,
633 1901 695 1936 τοῦ
721 1896 860 1948 Νεμέου
878 1894 1018 1939 λέοντος
1032 1893 1096 1942 τὴν

28 1975 31 1978 ·
69 1957 171 2012 δορὰν
195 1956 362 2009 κομίζειν.
388 1959 504 1997 Τοῦτο
524 1954 561 1995 δὲ
577 1958 664 2011 ζῷον
688 1949 731 2003 ἦν
751 1954 931 2009 ἄτρωτον,
958 1955 998 1993 ἐκ
1022 1956 1100 1993 Τυ-

69 2018 180 2071 φῶνος
189 2014 452 2067 γεγεννημένον.
466 2016 484 2042 ²
496 2015 739 2070 Πορευόμενος
749 2009 808 2053 οῧν
821 2013 879 2052 ἐπὶ
889 2013 947 2052 τὸν
961 2012 1099 2061 λέοντα,

70 2071 172 2125 ἦλθεν
193 2078 242 2120 εἷς
257 2075 436 2125 Κλεωνὰς,
453 2076 513 2115 καὶ
531 2075 697 2122 ξενίζεται
715 2075 814 2130 παρὰ
831 2075 928 2129 ἀνδρὶ
947 2074 1100 2128 χερνήτῃ

54 2134 267 2190 -Μολόρχῳ·
294 2134 354 2173 καὶ
380 2134 472 2173 θύειν
497 2136 620 2189 ἱερεῖον
649 2134 783 2174 θέλοντι
809 2136 857 2178 εἷς
878 2133 1014 2186 ἡμέραν
1036 2132 1101 2188 ἔφη

72 2199 189 2249 τηρεῖν
208 2192 440 2248 τριακοστὴν,
459 2193 539 2239 καὶ,
564 2192 604 2231 ἂν
626 2192 688 2245 μὲν
720 2193 790 2232 ἀπὸ
809 2196 871 2240 τῆς
890 2193 997 2247 θήρας
1015 2195 1104 2236 σῶος

73 2250 268 2304 ἐπανέλθῃ,
295 2252 353 2291 Διὶ
379 2254 523 2306 Σωτῆρι
551 2251 662 2301 θύειν,
692 2251 751 2291 ἐὰν
772 2251 808 2290 δὲ
829 2253 1007 2305 ἀποθάνῃ,
1025 2251 1104 2291 τότε

73 2313 122 2355 ὣς
139 2310 231 2366 ἥρωι
248 2310 428 2362 ἐναγίζειν.
449 2311 466 2337 ³
486 2313 547 2355 Εἷς
566 2309 603 2349 δὲ
622 2311 685 2359 τὴν
707 2310 848 2363 Νεμέαν
875 2311 1103 2366 ἀφικόμενος,

75 2370 137 2410 καὶ
161 2370 220 2407 τὸν
248 2369 373 2408 λέοντα
398 2368 599 2421 μαστεύσας
623 2369 780 2416 ἐτόξευσε
807 2373 965 2425 πρῶτον·
998 2373 1045 2415 ὡς
1069 2370 1105 2409 δὲ

76 2427 203 2480 ἔμαθεν
236 2428 391 2482 ἄτρωτον
427 2428 512 2467 ὄντα
529 2459 540 2478 ,
583 2428 851 2482 ἀνατεινάμενος
882 2429 922 2469 τὸ
955 2429 1105 2483 ῥόπαλον

77 2486 212 2527 ἐδίωκε.
233 2492 251 2518 4
270 2487 521 2542 Συμφυγόντος
545 2487 582 2526 δὲ
614 2490 662 2532 εἷς
692 2489 915 2542 ἀμφίστομον
933 2489 1106 2537 σπήλαιον

77 2547 196 2595 αὐτοῦ,
213 2545 277 2593 τὴν
298 2545 420 2600 ἑτέραν
441 2548 720 2601 ἀπῳκοδόμησεν
737 2547 882 2594 εἴσοδον,
914 2547 971 2586 διὰ
990 2548 1027 2587 δὲ
1046 2551 1109 2596 τῆς

79 2605 198 2660 ἑτέρας
220 2606 404 2653 ἐπεισῆλθε
429 2608 479 2659 τῷ
505 2606 636 2660 θηρίῳ,
661 2606 721 2645 καὶ
747 2606 898 2660 περιθεὶς
921 2606 985 2655 τὴν
1006 2613 1109 2662 χεῖρα

0 2701 1 2710 ,
53 2665 130 2717 τῷ
141 2663 334 2718 τραχήλῳ,
360 2663 532 2717 κατέσχεν
553 2663 687 2718 ἄγχων,
708 2664 772 2709 ἕως
793 2664 919 2711 ἔπνιξε·
937 2666 996 2705 καὶ
1013 2666 1110 2719 θέμε-

81 2737 136 2766 νος
154 2722 212 2761 ἐπὶ
235 2725 306 2762 τῶν
325 2722 445 2774 ὤμων,
461 2723 618 2776 ἐκόμιζεν
639 2726 686 2768 εἷς
707 2724 886 2772 Μυκήνας.
907 2731 923 2756 5
937 2727 1110 2764 Καταλα-

74 2779 152 2827 βὼν
178 2780 215 2820 δὲ
233 2780 292 2820 τὸν
317 2781 504 2837 Μόλορχον
539 2784 574 2822 ἐν
600 2786 644 2836 τῇ
673 2784 857 2838 τελευταία
878 2787 948 2823 τῶν
967 2787 1109 2838 ἡμερῶν

82 2841 257 2895 ὡςνεκρῷ
276 2840 451 2892 μέλλοντα
472 2841 512 2880 τὸ
535 2844 657 2896 ἱερεῖον
677 2843 864 2895 ἐναγίζειν,
885 2846 1029 2897 Σωτῆρι
1047 2844 1111 2882 θύ-

84 2912 148 2944 σας
161 2899 231 2949 Διὶ,
253 2893 336 2952 ἦγεν
356 2901 404 2944 εἷς
419 2900 587 2948 Μυκήνας
599 2900 658 2940 τὸν
672 2900 808 2942 λέοντα.
820 2910 836 2934 6
849 2903 1045 2957 Εὐρυσθεὺς
1061 2902 1110 2952 δὲ,

84 2956 294 2997 καταλαὸὼν
329 2960 435 2997 αὐτοῦ
471 2959 535 3007 τὴν
568 2960 709 3014 ἀνδρίαν
726 2991 736 3009 ,
776 2961 950 3000 ἀπείπατο
989 2962 1111 3001 λοιπὸν

58 3011 181 3071 αὐτῷ
210 3017 258 3060 εἷς
275 3014 339 3064 τὴν
363 3016 465 3055 πόλιν
494 3017 659 3066 εἰσιέναι,
690 3018 853 3058 δεικνύειν
882 3018 919 3057 δὲ
943 3020 1012 3074 πρὸ
1042 3023 1112 3059 τῶν

67 3073 204 3113 ’πυλῶν
225 3075 363 3114 ἐκέλευε
385 3073 464 3120 τοὺς
481 3075 619 3122 ἄθλους.
636 3079 652 3104 7
666 3078 767 3117 Φασὶ
787 3077 836 3127 δὲ,
855 3077 908 3117 ὅτι
921 3079 1036 3123 δείσας
1054 3079 1114 3118 καὶ

64 3129 186 3170 ””πίθον
219 3135 315 3187 αὑτῷ
348 3135 502 3187 χαλκοῦν
541 3135 769 3188 εἷσκρυὸἧναι
806 3137 874 3176 ὑπὸ
908 3141 971 3190 γῆς
1004 3154 1112 3176 κατε-

89 3188 248 3239 σκεύασε,
268 3191 328 3230 καὶ
347 3192 499 3244 πέμπων
523 3194 662 3249 κήρυκα
679 3194 847 3250 Κοπρέα,
875 3195 1036 3240 Πέλοπος
1053 3200 1113 3234 τοῦ

57 3245 255 3298 ’ῖἯλείοι-ι,
286 3248 455 3289 ἐπέταττε
485 3250 565 3296 τοὺς
597 3254 732 3297 ἄθλους.
770 3248 886 3299 Οἷτος
921 3254 957 3292 δὲ
980 3254 1114 3308 Ἴφιτον

87 3305 245 3356 κτείνας,
275 3308 393 3362 φυγὼν
423 3312 470 3354 εἰς
497 3311 684 3361 Μυκήνας,
706 3313 767 3351 καὶ
795 3313 912 3366 τυχὼν
934 3314 1017 3367 παρ’
1040 3315 1114 3352 Εὐ-

65 3417 68 3420 ,
85 3366 240 3418 ’ρυσθέως
258 3369 456 3422 καθαρσίων
471 3398 480 3416 ,
497 3373 568 3410 ἐκεῖ
586 3371 749 3411 κατώκει.

1135 594 1260 626 Boeotia
1273 595 1384 628 sedem
1400 597 1462 629 sibi
1477 604 1648 632 sumserat.

1178 655 1193 675 ⁹
1205 653 1361 685 Hercules
1374 655 1548 694 sagittandi
1563 660 1664 690 artem
1681 659 1722 691 ab
1741 661 1864 702 Euryto
1878 661 2030 703 edoctus,
2051 671 2070 695 a
2085 665 2165 696 Mer-

1138 719 1227 751 curio
1249 729 1359 752 ensem
1373 724 1514 764 accepit,
1538 724 1579 756 ab
1593 726 1739 767 Apolline
1754 737 1882 765 arcum,
1898 738 1917 762 a
1932 730 2080 764 Vulcano
2097 731 2167 764 tho-

1140 797 1245 821 racem
1262 797 1409 830 auoeum,
1427 791 1468 823 ab
1481 792 1607 825 Athena
1622 795 1764 836 peplum.
1785 799 1866 830 Nam
1883 799 2009 831 clavam
2022 800 2092 842 ipse
2106 800 2168 833 sibi

1141 862 1174 894 in
1189 864 1318 895 Nemeae
1334 863 1418 896 silva
1432 865 1608 899 exciderat.

1186 945 1253 986 (12)
1269 947 1347 978 Post
1363 955 1504 988 pugnam
1519 950 1632 982 contra
1646 951 1773 992 Minyas
1788 953 1905 986 accidit
1915 955 1942 987 ei
1953 979 1962 994 ,
1979 957 2016 987 ut
2032 958 2051 988 J
2054 957 2172 989 unonis

1144 1010 1191 1043 ira
1219 1011 1254 1043 in
1283 1012 1425 1045 furorem
1453 1014 1623 1055 incideret,
1648 1018 1681 1048 et
1705 1025 1784 1050 suos
1805 1019 1875 1060 ipse
1890 1019 1973 1052 filios
1990 1031 2029 1054 ex
2046 1024 2175 1063 Megara

1145 1079 1331 1118 procreatos
1345 1087 1410 1111 una
1428 1088 1503 1111 cum
1516 1080 1647 1113 duobus
1668 1081 1781 1123 Iphicli
1804 1083 1878 1116 filiis
1903 1086 2057 1127 inignem
2076 1089 2174 1129 conji-

1147 1145 1245 1176 ceret.
1261 1145 1333 1182 Qua
1367 1145 1408 1177 de
1434 1154 1551 1178 caussa
1578 1156 1681 1188 quum
1711 1157 1746 1180 se
1766 1149 1836 1190 ipse
1862 1150 1958 1182 exilio
1989 1153 2175 1192 multasset,

1147 1206 1304 1240 lustratur
1322 1218 1342 1241 a
1363 1209 1504 1242 Thestio.
1530 1210 1678 1245 2Deinde
1710 1210 1852 1252 Delphos
1883 1215 2046 1255 profectus
2081 1216 2178 1248 deum

1149 1272 1344 1315 sciscitatur,
1373 1274 1506 1308 ubinam
1531 1276 1595 1309 sibi
1620 1278 1836 1312 habitandum
1861 1283 1957 1312 esset.
1977 1283 2059 1313 Tum
2076 1291 2180 1322 primo

1150 1346 1223 1370 eum
1248 1339 1365 1379 Pythia
1397 1342 1571 1375 Herculem
1598 1344 1792 1386 appellavit;
1821 1347 1916 1378 antea
1941 1346 2028 1379 enim
2054 1347 2181 1380 Alcides

1151 1403 1389 1437 nominabatur.
1405 1407 1512 1440 Jussit
1521 1417 1600 1441 vero
1613 1417 1688 1442 eum
1702 1410 1892 1452 Tirynthem
1920 1412 2100 1444 habitatum
2117 1413 2181 1445 abi-

1152 1475 1199 1506 re,
1215 1467 1326 1509 ibique
1342 1470 1527 1510 Eurystheo
1541 1480 1599 1513 per
1617 1472 1793 1506 duodecim
1819 1483 1922 1508 annos
1947 1476 2068 1509 servire
2081 1478 2113 1509 et
2129 1477 2184 1508 im-

1152 1533 1278 1574 positos
1295 1534 1470 1568 duodecim
1487 1535 1616 1570 labores
1631 1538 1800 1581 perficere;
1832 1543 1930 1582 atque
1959 1542 2006 1574 sic
2032 1542 2184 1582 demum,

1154 1597 1254 1640 dixit,
1276 1602 1351 1640 post
1368 1604 1516 1642 peractos
1535 1603 1662 1637 labores
1677 1609 1756 1638 'eum
1772 1605 1990 1640 immortalem
2007 1608 2086 1641 sore.

1567 1713 1707 1745 CAPUT
1728 1714 1768 1745 V.

1199 1776 1246 1818 (1)
1270 1780 1343 1816 Quo
1370 1780 1483 1814 audito
1510 1782 1666 1816 Hercules
1693 1783 1882 1825 Tirynthem
1895 1786 2078 1827 profectus,
2102 1789 2189 1829 quid-

1156 1836 1237 1877 quid
1262 1837 1304 1870 ab
1326 1840 1512 1880 Eurystheo
1530 1840 1705 1881 jubebatur
1718 1843 1850 1884 peregit.
1865 1844 2010 1876 Primum
2034 1844 2142 1886 itaque
2156 1846 2190 1877 il·
2215 1883 2218 1886 ⁴

1158 1895 1228 1927 lum
1247 1897 1359 1930 Nemei
1381 1897 1486 1932 leonis
1508 1899 1626 1941 pellem
1650 1901 1765 1935 afferre
1786 1903 1897 1944 jussit.
1925 1904 1959 1937 Id
1977 1913 2056 1937 vero
2072 1905 2190 1938 animal

1159 1955 1314 1996 Typhone
1328 1958 1474 1999 genitum
1489 1959 1726 1994 invulnerabile
1749 1963 1829 1994 erat.
1855 1970 1870 1990 2
1884 1963 2038 1997 Hercules
2063 1966 2192 1996 conten·

1160 2015 1240 2048 dens
1256 2016 1290 2048 in
1315 2016 1442 2049 leonem
1465 2018 1605 2052 Cleonas
1629 2020 1735 2057 venit,
1760 2021 1816 2054 ubi
1838 2022 2043 2064 Molorchus,
2071 2023 2123 2055 vir
2136 2026 2191 2065 qui

1162 2075 1314 2110 manibus
1327 2078 1398 2110 suis
1427 2078 1552 2111 victum
1569 2079 1633 2112 sibi
1648 2081 1832 2122 quaerebat,
1853 2082 1962 2125 ipsum
1976 2082 2117 2123 hospitio
2140 2091 2192 2115 ex-

1162 2135 1258 2176 cepit.
1275 2137 1338 2168 Cui
1356 2136 1496 2170 hostiam
1511 2139 1655 2172 mactare
1672 2139 1812 2180 volenti,
1831 2140 1872 2172 ad
1888 2140 1974 2173 diem
1992 2141 2193 2183 trigesimum

1163 2203 1234 2227 eam
1257 2203 1387 2228 servare
1403 2196 1502 2238 dixit3
1519 2200 1564 2237 et,
1580 2197 1607 2229 si
1626 2207 1646 2230 a
1667 2199 1841 2232 venatione
1864 2200 2037 2233 incolumis
2060 2204 2194 2233 reverte-

1165 2256 1266 2294 retur,
1284 2254 1359 2286 Jovi
1375 2255 1538 2288 servatori
1564 2264 1636 2288 eam
1652 2256 1867 2299 sacrificaret,
1889 2258 1916 2290 si
1935 2267 2014 2291 vero
2030 2259 2195 2291 occubuis-

1165 2314 1232 2352 set,
1249 2312 1312 2345 sibi
1328 2314 1498 2355 tamquam
1511 2314 1603 2347 heroi
1615 2314 1745 2348 inferias
1757 2318 1876 2357 ageret.
1893 2321 1907 2340 ²
1920 2316 1982 2349 Ubi
1997 2317 2029 2349 in
2043 2319 2194 2350 Nemeam

1165 2375 1331 2416 pervenit,
1348 2374 1579 2416 investigatum
1602 2375 1729 2408 leonem
1752 2375 1858 2417 primo
1883 2376 2009 2417 sagittis
2022 2376 2193 2418 impetivit.

1167 2434 1291 2467 Deinde
1306 2433 1363 2467 ubi
1376 2434 1476 2466 nullis
1489 2443 1565 2467 eum
1580 2444 1678 2476 posse
1695 2435 1887 2468 vulneribus
1903 2436 2008 2468 occidi
2032 2436 2195 2477 cognovit,

1167 2496 1317 2536 protenta
1329 2495 1422 2528 clava
1433 2495 1533 2528 reram
1548 2496 1823 2538 persequebatur;
1841 2500 1937 2537 ⁴quae
1954 2505 2055 2537 quum
2071 2496 2106 2528 in
2130 2505 2195 2537 spe-

1168 2554 1298 2587 luncam
1315 2555 1489 2596 ancipitem
1507 2556 1725 2597 confugisset,
1746 2555 1816 2596 ejus
1832 2555 1968 2588 alterum
1994 2555 2117 2586 ostium
2142 2555 2196 2587 oh-

1169 2609 1309 2649 struxit,
1336 2618 1374 2640 ac
1395 2618 1452 2650 per
1477 2610 1615 2642 alterum
1642 2610 1766 2642 leonem
1797 2617 1967 2650 aggressus
1991 2608 2197 2649 circumjecta

1169 2668 1253 2700 collo
1268 2677 1368 2700 manu
1386 2677 1425 2701 eo
1443 2677 1546 2709 usque
1561 2668 1667 2701 tenuit
1679 2668 1901 2704 constrictum,
1921 2667 2024 2699 donec
2037 2675 2113 2699 eum
2135 2667 2198 2699 sus-

1171 2729 1303 2761 socaret.
1329 2730 1413 2760 Tum
1448 2728 1591 2761 humeris
1610 2727 1800 2769 impositum
1827 2728 1996 2768 asportans
2031 2726 2199 2759 contendit

1171 2790 1334 2829 Mycenas.
1345 2793 1359 2811 ⁵
1370 2788 1432 2820 Ubi
1443 2797 1520 2821 vero
1533 2789 1677 2820 extrema
1687 2787 1737 2819 sui
1747 2786 1868 2819 reditus
1879 2786 1932 2818 die
1946 2786 2148 2819 Molorchum
2162 2790 2200 2819 ut

1172 2853 1300 2881 mortuo
1307 2849 1369 2882 sibi
1376 2846 1505 2880 inferias
1515 2850 1664 2880 acturum
1674 2845 1966 2887 deprehendit,ipse
1973 2847 1992 2878 J
1995 2844 2049 2878 ovi
2056 2849 2199 2879 Servato-

1172 2909 1199 2941 ri
1210 2918 1301 2941 sacra
1312 2908 1398 2947 fecit,
1409 2911 1441 2939 et
1450 2907 1567 2939 deinde
1577 2907 1702 2938 leonem
1713 2905 1789 2938 tulit
1799 2907 1962 2946 Mycenas.
1974 2906 2200 2947 ⁶Eurystheus

1173 2971 1291 3008 autem,
1309 2966 1437 3008 cognita
1450 2966 1517 3006 ejus
1530 2964 1730 3004 fortitudine,
1748 2965 1850 2996 vetuit
1865 2973 1940 2997 eum
1958 2966 2072 3005 postea
2086 2965 2200 2997 urbem

1173 3027 1314 3068 ingredi,
1332 3027 1389 3058 sed
1402 3027 1477 3057 ante
1490 3026 1599 3066 portas
1613 3023 1712 3064 jussit
1735 3032 1787 3055 res
1804 3032 1823 3055 a
1842 3032 1877 3056 se
1896 3026 2002 3064 gestas
2018 3022 2199 3055 ostendere.

1173 3096 1186 3114 ⁷
1199 3087 1323 3120 Dicitur
1344 3087 1442 3118 etiam
1459 3085 1550 3116 metu
1566 3082 1734 3124 perculsus
1753 3082 1877 3116 dolium
1893 3082 1956 3115 sibi
1971 3091 2098 3115 aeneum
2110 3106 2120 3122 ‚
2136 3090 2202 3123 quo

1175 3157 1208 3180 se
1219 3146 1442 3181 absconderet,
1455 3142 1516 3175 sub
1528 3144 1612 3175 terra
1620 3142 1853 3183 construxisse,
1865 3144 1963 3184 atque
1974 3151 2031 3183 per
2039 3143 2202 3183 copreum

1174 3214 1368 3248 praeconem,
1387 3203 1515 3245 Pelopis
1531 3203 1672 3236 Eliensis
1687 3201 1809 3243 filium,
1824 3201 1951 3235 labores
1967 3201 1997 3234 ei
2014 3201 2201 3242 imperasse.

1176 3265 1237 3297 Hic
1251 3266 1326 3305 post
1345 3263 1550 3295 intersectum
1571 3262 1716 3304 Iphitum
1744 3263 1896 3303 Mycenas
1912 3260 2120 3299 exulaverat,
2144 3257 2202 3290 ibi-

1175 3315 1239 3363 que
1257 3323 1298 3354 ab
1313 3323 1496 3363 Eurystheo
1509 3323 1665 3354 lustratus
1681 3321 1858 3354 habitabat.
