2294 3704
150 220 256 248 LXXV
262 219 306 246 111

146 295 264 334 dnbio
301 293 483 331 confectae
519 297 606 327 sunt
645 285 776 324 iisdem
814 279 1160 320 Alexandrinorum

148 350 404 402 temporibus,
433 347 572 399 quibus
605 342 761 381 eandem
788 347 928 376 sortem
960 337 1073 374 etiam
1100 335 1163 372 alii

148 409 340 458 iidemque
359 406 530 457 juniores
561 402 767 451 scriptores
789 395 937 447 experti
960 402 1059 432 sunt.
1088 392 1163 431 Sed

149 466 209 503 vel
226 464 408 503 Hadriani
421 470 527 500 aetate
543 458 713 496 fraudem
726 469 803 492 non
817 453 1022 492 admodum
1035 459 1164 489 notam

151 524 265 562 fuisse
298 521 424 571 colligi
455 525 582 570 potest
609 529 655 552 ex
687 513 804 552 Suida
836 514 886 563 (v.
912 509 1072 558 Σαὸἷνος)
1098 508 1165 546 ubi

153 581 336 619 Sabinum
370 586 407 616 et
440 577 480 614 in
514 572 773 623 Thucydidem
803 579 842 608 et
872 571 912 607 in
947 568 1166 607 Acusilaum

154 635 444 675 commentarios
464 631 662 682 scripsisse
682 627 848 679 dicit(7).

590 723 715 733 ⁵⁴00——

356 774 958 836 APOLLODORUS.

194 893 467 946 Apollodorus,
477 891 718 931 Atheniensis
733 888 1014 941 grammaticus,
1024 896 1171 937 patrem

154 954 290 992 habuit
304 951 582 1002 Asclepiadem,
600 949 855 1002 philosophiae
869 947 1088 997 magistrum
1103 948 1174 982 Pa-

155 1018 308 1056 naetium
329 1016 544 1063 Rhodium,
558 1014 814 1066 grammaticae
829 1011 1091 1050 Aristarchum
1111 1010 1173 1046 Sic

156 1076 378 1127 Suidas(8),
404 1075 472 1126 qui
500 1082 603 1112 certe
633 1087 712 1116 non
750 1072 873 1109 voluit
914 1067 1174 1119 Asclepiadem

157 1140 380 1190 magistrum
400 1137 701 1189 Apollodori,ut
728 1136 865 1174 Galeus
889 1141 997 1184 putat
1011 1132 1075 1183 (de
1099 1132 1176 1168 vita

159 1198 285 1249 Apoll.
314 1211 351 1248 p.
378 1196 460 1248 19),
491 1196 557 1234 sed
582 1204 727 1247 patrem
754 1194 890 1232 dicere.
920 1192 1020 1230 Fieri
1049 1199 1174 1228 tamen

158 1256 288 1307 potuit
314 1263 357 1293 ut
391 1254 526 1293 Suidas
564 1253 761 1291 erraverit.
795 1255 895 1290 Tum
933 1249 1178 1300 cogitandum

160 1314 259 1352 foret
286 1313 333 1350 de
359 1311 584 1362 Asclepiade
612 1308 888 1361 Myrlean0(9),
915 1307 1176 1358 grammatico,

161 1373 227 1423 qui
246 1371 366 1410 Attali
385 1371 499 1422 primi
513 1369 772 1419 Eumenisque
787 1366 1023 1418 temporibus
1036 1366 1178 1402 floruit.

160 1431 229 1470 Uti
249 1429 321 1466 hoc
344 1428 460 1466 modo
482 1427 741 1478 Apollodorus
763 1426 859 1463 duos
880 1425 970 1462 artis
993 1437 1180 1475 gramma-

165 1490 249 1526 ticae
279 1496 533 1538 praeceptores
569 1486 875 1530 nancisceretur,
910 1484 963 1521 sic
995 1484 1110 1520 etiam
1140 1483 1180 1519 in

162 1546 407 1598 philosophia
435 1558 514 1581 non
538 1544 662 1581 solum
679 1542 835 1581 Panaetii
855 1541 1074 1591 magisterio
1091 1553 1182 1577 usus

165 1613 283 1652 esset,
311 1604 376 1641 sed
399 1603 581 1653 Diogenis
610 1615 764 1652 quoque
779 1599 998 1649 Babylonii,
1028 1598 1182 1636 alterius

166 1672 275 1703 sectae
285 1663 418 1701 Stoicae
427 1662 624 1712 principis,
633 1661 700 1712 qui
713 1660 790 1710 (Ol.
807 1674 821 1696 1
831 1659 894 1707 56,
905 1672 940 1706 ²3
954 1673 967 1695 1
978 1659 1024 1695 55
1034 1671 1066 1695 a.
1076 1655 1181 1707 Chr.)

167 1736 244 1760 una
264 1735 350 1759 cum
368 1719 562 1758 Carneade
585 1727 623 1757 et
637 1719 802 1757 Critolao
817 1717 866 1754 ab
886 1714 1183 1754 Atheniensibus

165 1782 311 1832 legatus
341 1780 475 1816 missus
501 1785 559 1816 est
583 1782 758 1815 Romam.
781 1780 832 1812 Ac
859 1775 906 1812 dc
934 1775 1008 1812 hoc
1028 1774 1184 1825 quidem

166 1840 298 1878 Nostri
309 1839 475 1876 auctoris
487 1845 722 1888 praeceptore
732 1834 900 1872 dubitari
909 1835 1056 1884 nequit,
1067 1847 1185 1884 quum

167 1899 200 1936 is
216 1899 434 1935 nominetur
453 1910 473 1933 a
488 1899 653 1945 Scymno
671 1894 768 1932 Chio
782 1894 834 1944 (v.
862 1893 935 1943 19),
958 1892 1186 1943 Apollodori

171 1956 250 1993 fere
273 1969 421 1999 coaevo,
452 1955 608 2003 ejusque
638 1951 881 1989 admiratore.
913 1953 1056 1989 Contra
1074 1951 1185 1988 facile

171 2014 307 2063 aliquis
332 2013 469 2050 adduci
494 2019 643 2062 posset,
670 2018 712 2047 ut
731 2023 753 2046 a
774 2009 889 2047 Suida
910 2009 1185 2059 Apollodorum

171 2080 347 2109 nostrum
364 2071 562 2107 confusum
585 2068 756 2106 crederet
777 2081 864 2105 cum
878 2068 997 2104 altero
1020 2069 1186 2118 Apollo-

173 2132 268 2169 doro
286 2130 524 2176 Atheniensi,
542 2129 604 2166 cui
629 2128 770 2179 Ephilli
788 2136 825 2166 et
848 2128 1103 2178 Cepotyranni
1121 2141 1188 2165 co·-

174 2203 337 2242 gnomen
355 2197 446 2233 erat,
462 2189 643 2238 cujusque
661 2186 780 2224 libros
801 2187 1087 2238 philosophicos
1112 2201 1190 2225 me-

176 2256 299 2286 morat
309 2248 499 2298 Diogenes
510 2246 682 2284 Laertius
695 2249 747 2293 (V.
766 2247 924 2283 Galeum
940 2260 978 2297 p.
1002 2260 1015 2283 1
1029 2261 1043 2283 1
1059 2255 1096 2284 et
1111 2259 1132 2283 2
1142 2250 1189 2294 ι).

219 2356 263 2397 (7)
279 2355 479 2395 Fragmentis
494 2354 634 2386 Acusilai
652 2354 768 2386 addas:
783 2354 889 2386 Schol.
906 2354 1028 2386 Victor.
1043 2355 1084 2388 ad
1099 2356 1190 2389 Iliad.

175 2405 295 2442 XXIII,
313 2406 372 2434 296
390 2411 397 2432 :
414 2402 607 2438 Ἀκουσίλαος
623 2402 653 2432 ἐν
666 2401 757 2443 τρίτῳ
774 2402 977 2442 Γενεαλογιῶν
988 2402 1089 2444 κύριον
1103 2403 1193 2441 ἤκου-

176 2462 213 2482 σε
233 2450 268 2481 τὸ
289 2449 481 2490 Ἐχέπωλος,
497 2448 609 2485 οὕτως·
625 2462 640 2473 ιι
656 2449 842 2489 Κλεωνύμου
864 2449 890 2479 δ’
911 2448 1071 2490 Ἀγχίσης,
1085 2453 1139 2482 τοῦ
1161 2450 1193 2482 δὲ

176 2497 365 2537 Ἐχέπωλος.
377 2507 394 2522 υ

219 2543 264 2584 (8)
285 2542 400 2574 suidas
418 2551 426 2572 ε
450 2541 687 2583 Ἀπολλόδωρος,
706 2541 946 2581 Ἀσκληπιάδου,
966 2542 1193 2583 γραμματικός·

178 2589 220 2625 εἷς
237 2591 299 2620 τῶν
318 2587 485 2620 Παναιτίου
506 2590 561 2618 τοῦ
588 2587 708 2618 Ῥοδίου
733 2587 898 2628 φιλοσόφου
921 2589 978 2620 καὶ
1000 2588 1195 2631 Ἀριστάρχου

178 2638 233 2667 τοῦ
242 2636 455 2677 γραμματικοῦ
469 2635 629 2674 μαθητῶν,
648 2633 800 2671 Ἀθηναῖος
813 2634 848 2665 τὸ
863 2634 947 2674 γένος
960 2643 968 2650 ·
985 2634 1054 2676 ἦρξε
1069 2635 1101 2667 δε
1117 2638 1196 2677 πρῶ-

178 2693 230 2714 τον
255 2684 316 2712 τῶν
335 2680 540 2723 τραγιάμὸων.
559 2681 689 2719 Scymn.
710 2679 811 2711 Chius
823 2688 855 2710 v.
873 2684 911 2711 22
935 2689 942 2711 :
959 2682 1196 2722 Συνεσχολακὼς

180 2728 212 2759 δὲ
228 2728 322 2759 πολὺν
338 2727 526 2769 Ἀριστάρχῳ
545 2726 664 2768 χρόνον.
678 2728 719 2758 V.
734 2726 918 2766 Apollodori
942 2727 1055 2767 fragm.
1073 2736 1106 2768 p.
1123 2730 1194 2759 435.

181 2775 231 2808 Cf.
251 2774 375 2806 Tettius
399 2774 434 2805 in
459 2775 665 2805 commentat.
694 2772 826 2804 editioni
849 2772 990 2812 AEgianae
1013 2774 1196 2814 praemissa3

182 2821 337 2852 Jolinsius
356 2820 439 2852 Hist.
456 2820 534 2861 phil.
556 2822 610 2860 17;
633 2822 728 2851 Voss.
743 2819 782 2851 de
796 2819 878 2851 Hist.
901 2822 958 2851 Gr.
973 2822 1005 2859 Ι,
1021 2824 1055 2852 21
1069 2831 1078 2859 ;
1094 2823 1196 2852 Meur-

183 2866 250 2898 sius
265 2867 298 2897 in
326 2867 449 2898 Fabric.
477 2869 513 2899 B.
538 2867 594 2898 Gr.
621 2868 701 2898 tom.
720 2867 767 2905 ΙΙ,
785 2875 817 2906 p.
846 2867 932 2905 669(
946 2875 1032 2898 nunc
1049 2870 1125 2898 tom.
1142 2869 1197 2906 IV,

182 2921 214 2952 p.
227 2913 299 2953 299)
314 2913 449 2951 ;Galeus
458 2914 490 2944 in
501 2913 662 2946 dissertat.
674 2915 721 2945 De
730 2913 897 2954 Scriptorr.
910 2914 1030 2945 Histor.
1045 2914 1198 2954 poeticae;

183 2959 285 2998 Heyn.
310 2961 389 2990 tom.
403 2961 435 2998 1,
452 2969 484 3000 p.
500 2963 579 3000 3853
599 2959 736 2992 clavier.
753 2959 785 2990 in
801 2959 923 3000 praefat.
937 2960 978 2991 ad
993 2960 1095 3000 Apoll.

229 3005 273 3045 (9)
297 3006 499 3046 Asclepiades
516 3007 568 3038 hic
582 3015 695 3048 genere
708 3007 771 3039 suit
785 3007 954 3047 Numanus,
971 3010 1008 3039 ut
1029 3009 1144 3040 Suidas
1156 3009 1201 3040 ait

186 3060 219 3084 v.
234 3052 465 3093 Ἀσκληπιάδης.
480 3053 530 3085 Cl'.
550 3054 659 3093 steph.
679 3055 754 3094 Byz.
769 3055 927 3086 ν.’Νίκαια
941 3065 948 3085 2
961 3055 1013 3091 Ἐξ
1024 3055 1116 3093 αὐτῆς
1131 3056 1200 3087 Ἰσί-

186 3107 275 3137 γονος
296 3099 348 3129 καὶ
370 3098 591 3136 Ἀσκληπιάδης
621 3101 673 3130 καὶ
705 3101 869 3142 Παρθένιος
896 3102 948 3132 καὶ
980 3102 1200 3144 Ἀπολλόδωρος

187 3144 241 3175 καὶ
267 3144 447 3185 Ἐπιθέρσης
481 3146 700 3186 γραμματικός.
717 3146 748 3177 Si
771 3147 902 3186 quidem
931 3147 1020 3179 Galei
1047 3149 1201 3180 sententia

189 3199 266 3223 vera
286 3193 351 3230 est,
369 3191 517 3232 proclivis
536 3194 585 3224 est
610 3193 767 3233 suspicio,
793 3195 1021 3235 Apollodorum
1044 3196 1131 3228 hunc
1150 3197 1202 3228 Ni-

190 3247 316 3270 ceenum
344 3239 480 3270 eundem
509 3248 579 3271 esse
605 3249 677 3270 cum
716 3242 921 3281 Atheniensi,
951 3252 1052 3283 quum
1076 3247 1203 3285 propter

191 3285 351 3317 Chronica
366 3286 509 3326 Pergami
521 3286 583 3325 regi
595 3286 739 3318 dedicata
749 3289 921 3321 verisimile
937 3290 980 3322 sit
994 3299 1067 3323 eum
1083 3291 1203 3324 diutius

192 3331 306 3364 Nicaeae
325 3332 358 3364 in
372 3332 521 3373 Bithynia
546 3332 680 3372 degisse.
708 3335 819 3374 Itaque
840 3337 990 3368 Nicaenus
1008 3338 1120 3370 eodem
1134 3339 1205 3380 jure

193 3379 412 3420 appellaretur,
427 3389 492 3420 quo
507 3379 707 3420 Asclepiades
723 3381 842 3414 dicitur
858 3383 1050 3422 Myrleanus.

965 194 1032 231 DE
1060 189 1414 231 APOLLODORO.

1220 279 1280 314 Ex
1299 277 1358 314 his
1380 276 1515 327 igitur,
1541 276 1651 314 sicuti
1673 288 1722 312 ex
1740 289 1804 322 eo,
1831 275 1935 326 quod
1961 274 2148 312 Chronica
2161 287 2229 313 sua

1221 336 1350 372 Attalo
1369 334 1620 384 Philadelpho
1648 334 1831 384 inscripta
1854 347 1975 383 usque
2001 333 2048 370 ad
2076 333 2228 384 Olymp.

1229 405 1242 428 1
1253 392 1316 441 59,
1337 398 1360 430 1‘
1371 393 1542 440 deduxit,
1557 392 1682 442 colligi
1697 400 1824 441 potest
1837 392 2010 429 floruisse
2023 390 2231 441 Apollodo-

1224 463 1308 488 rum
1322 451 1424 488 inter
1437 451 1591 501 Olymp.
1613 451 1687 487 150
1707 459 1744 487 et
1762 451 1846 487 160.

1277 511 1322 546 In
1337 521 1494 546 recensu
1507 521 1686 559 operum,
1700 521 1781 558 quae
1796 507 2066 558 Apollodorus,
2080 507 2141 544 vir
2154 505 2233 560 περὶ

1225 572 1342 604 πᾶσαν
1368 565 1521 619 ἱστορίαν
1547 564 1653 609 δεινός
1677 569 1836 613 (Auctor
1860 565 1980 602 libelli
2001 565 2049 602 de
2069 565 2234 614 Allegor.

1229 627 1339 661 Hom.
1358 638 1412 661 zv.
1430 624 1476 661 fr.
1494 622 1532 674 7)
1546 624 1756 674 posteritati
1779 623 1994 670 mandavit,
2011 623 2135 673 primo
2151 623 2238 659 loco

1229 682 1405 732 ponimus
1414 681 1535 719 libros
1547 690 1621 719 tres
1632 681 1874 719 BibIIotkecoe.
1886 682 1963 728 Qui
1974 682 2105 719 titulus
2111 694 2241 731 quam-

1230 752 1345 790 quam
1370 739 1546 777 dubitare
1566 740 1654 776 licet
1683 753 1774 777 num
1802 739 1849 776 ab
1879 740 1964 790 ipso
2001 739 2240 790 Apollodoro

1230 797 1423 847 profectus
1452 798 1521 843 sit,
1555 796 1746 846 reperitur
1776 805 1899 834 tamen
1934 805 1972 834 et
1999 797 2037 834 in
2064 796 2242 834 omnibus

1231 856 1338 894 libris
1357 869 1471 894 manu
1490 856 1641 906 scriptis
1665 863 1702 892 et
1725 855 1828 906 apud
1847 855 1974 892 Schol.
1994 854 2042 892 ad
2064 855 2242 905 Sophocl.

1231 914 1358 965 Antig.
1379 928 1412 951 v.
1440 927 1528 963 992.
1551 912 1756 951 Librorum
1780 912 1990 957 distinctio,
2014 926 2100 963 quae
2122 913 2160 949 in
2184 912 2244 963 iis,

1233 987 1329 1024 quos
1343 987 1443 1010 nunc
1459 972 1656 1020 habemns,
1669 971 1864 1009 codicibus
1874 979 1929 1008 est
1942 970 2114 1016 nulla,ab
2124 971 2244 1020 AEgio,

1234 1033 1359 1083 primo
1399 1031 1628 1082 Apollodori
1672 1031 1836 1077 editore,
1878 1043 1925 1067 cx
1967 1029 2178 1080 argumenti
2207 1037 2247 1066 et

1234 1091 1463 1128 scholiorum
1476 1089 1555 1141 (10)
1575 1089 1726 1126 indiciis
1743 1088 1894 1125 videtur
1922 1095 2141 1125 restaurata.

1290 1149 1347 1186 De
1365 1148 1480 1186 rebus
1502 1149 1540 1185 in
1564 1148 1638 1185 hoc
1663 1160 1780 1197 opere
1808 1146 1976 1183 tractatis
1997 1153 2120 1183 exstat
2143 1146 2250 1183 locus

1237 1207 1493 1244 memorabilis
1517 1206 1621 1257 apud
1637 1205 1817 1243 Photium
1842 1204 1950 1255 (Cod.
1975 1203 2062 1252 186)
2084 1218 2093 1240 ι
2115 1202 2178 1241 Ἐν
2200 1205 2250 1255 τῷ

1237 1267 1330 1317 αὐτῷ
1349 1265 1464 1316 τεύχει
1487 1265 1550 1314 (sc.
1569 1263 1670 1314 quod
1680 1263 1848 1300 Cononis
1869 1262 2144 1312 quinquaginta
2159 1274 2252 1298 nar·—

1239 1324 1405 1360 rationes
1425 1319 1763 1372 complectebatur)
1786 1319 1845 1357 καὶ
1863 1317 2121 1372 Ἀπολλοδώρου
2139 1333 2252 1372 γραμ-

1241 1384 1388 1432 ματικοῦ
1408 1380 1619 1434 βιόλιδάριον
1635 1377 1831 1429 ἀνεγνώσθη
1847 1392 1917 1428 μοι.
1935 1376 2147 1424 Βιὸλιοθήκη
2157 1378 2252 1430 αὐτῷ

1242 1443 1264 1487 ἡ
1283 1439 1472 1494 ἐπιγραφή.
1491 1441 1655 1493 Περιεῖχε
1672 1437 1716 1476 τὰ
1734 1436 1952 1475 παλαιότατα
1969 1438 2038 1474 τῶν
2054 1435 2253 1485 (Ελλήνων,

1241 1498 1306 1537 ὅσα
1326 1514 1364 1536 τε
1385 1497 1464 1552 περὶ
1485 1500 1569 1535 θεῶν
1587 1497 1645 1535 καὶ
1662 1495 1785 1549 ἡρώων
1801 1498 1819 1533 ὃ
1837 1494 1959 1549 χρόνος
1972 1495 2086 1537 αὐτοῖς
2104 1493 2253 1539 δοξάζειν

1241 1557 1381 1595 ἔδωκεν·
1401 1555 1590 1607 ὀνομασίας
1606 1556 1774 1605 ποταμῶν
1791 1554 1850 1591 καὶ
1864 1552 1987 1606 χωρών
2001 1553 2062 1592 καὶ
2077 1554 2181 1591 ἐθνῶν
2194 1551 2256 1590 καὶ

1242 1615 1388 1653 πόλεων·
1417 1613 1493 1652 ὅθεν
1519 1613 1577 1652 καὶ
1603 1613 1647 1651 τὰ
1665 1611 1779 1651 πολλὰ
1797 1611 1861 1648 ὅσα
1881 1612 1926 1654 εἷς
1942 1610 1981 1648 τὸ
1998 1612 2141 1663 ἀρχαῖον
2165 1610 2254 1646 ἀνα-

1242 1674 1378 1728 τρέχει,
1396 1672 1455 1710 καὶ
1471 1671 1606 1710 κάτεισι
1626 1670 1731 1723 μέχρι
1748 1672 1817 1708 τῶν
1841 1671 2024 1722 Τρωϊκῶν·
2043 1668 2102 1706 καὶ
2123 1668 2256 1720 ἀνδρῶν

1242 1748 1343 1770 τινων
1366 1731 1451 1785 πρὸς
1469 1730 1641 1776 ἀλλήλους
1663 1729 1779 1781 μάχας
1802 1727 1861 1766 καὶ
1881 1726 1965 1781 ἔργα
1983 1725 2179 1779 ἐπιτρέχον·
2198 1724 2258 1764 καὶ

1243 1793 1311 1829 τῶν
1329 1789 1398 1828 ἀπὸ
1416 1788 1544 1842 Τροίας
1554 1788 1687 1832 πλάνας
1705 1787 1810 1832 τινὰς,
1829 1786 1983 1838 μάλιστα
1997 1785 2028 1822 δ’
2047 1782 2258 1831 Ὀδυσσέως,

1245 1850 1291 1892 εἷς
1319 1848 1355 1887 ὃν
1380 1850 1472 1900 αὐτῷ
1494 1847 1553 1885 καὶ
1576 1850 1598 1893 ἠ
1625 1844 1851 1900 ἀρχαιολογία
1882 1842 2083 1895 καταλήγει.
2111 1842 2260 1895 Σύνοψις

1246 1908 1276 1945 δ’
1293 1906 1365 1945 ἐστὶ
1390 1905 1434 1944 τὰ
1457 1904 1572 1944 πολλὰ
1594 1907 1654 1943 τοῦ
1682 1904 1816 1956 βιὸλίου
1839 1902 1900 1941 καὶ
1924 1904 1984 1940 οὐκ
2000 1901 2174 1954 ἄχρηστος
2188 1904 2260 1942 τοῖς

1245 1964 1290 2003 τὰ
1308 1963 1443 2003 παλαιὰ
1463 1963 1519 2001 ἐπὶ
1541 1962 1681 2014 μνήμης
1702 1961 1791 2012 ἔχειν
1813 1960 1925 2011 λόγων
1946 1957 2260 2011 μεταποιουμένοις.

1246 2022 1352 2074 Ἔχει
1367 2022 1404 2060 δὲ
1423 2021 1480 2060 καὶ
1499 2020 1704 2074 ἐπίγραμμα
1720 2018 1759 2057 τὸ
1775 2018 2004 2071 βιὸλιοδάριον
2025 2019 2086 2055 οὐκ
2101 2015 2260 2069 ἄκομψον

1246 2080 1335 2120 τόδε·

1289 2156 1406 2192 Αἶῶνος
1430 2153 1584 2196 σπείρημα
1613 2152 1746 2193 (αἰώνων
1759 2151 1940 2194 σπειρήματ’
1957 2149 2104 2191 Salmas.)
2127 2147 2262 2191 ἀφυσσά-

1495 2212 1582 2242 μενος
1599 2200 1652 2232 ἀπ’
1668 2200 1752 2240 ἐμεῖο

1354 2247 1492 2285 παιδείης
1506 2248 1616 2288 μύθους
1631 2248 1724 2286 γνῶθι
1741 2244 1940 2284 παλαιγενέας
1949 2254 1957 2261 ·

1251 2295 1320 2336 μήδ’
1340 2295 1368 2332 ἐς
1384 2295 1548 2336 Ὁμηρείην
1569 2294 1661 2325 σελίδ’
1673 2293 1822 2334 ἔμὸλεπε,
1846 2291 1915 2332 μηδ’
1937 2290 2087 2331 ἐλεγείην,

1354 2342 1395 2382 μὴ
1418 2342 1563 2383 τραγικὴν
1581 2343 1716 2380 μοῦσαν,
1734 2340 1809 2379 μηδὲ
1827 2337 2045 2379 μελογραφίην,

1252 2389 1293 2429 μὴ
1308 2388 1441 2419 κυκλίων
1459 2388 1537 2425 ζήτει
1553 2387 1720 2428 πολύθρουν
1743 2386 1850 2426 στίχον
1860 2393 1868 2400 ·
1886 2385 1927 2420 εἰς
1943 2384 1997 2424 ἐμὲ
2015 2384 2042 2415 δ’
2057 2382 2157 2425 ἀθρῶν

1355 2434 1489 2476 εὑρήσεις
1511 2434 1542 2465 ἐν
1560 2434 1628 2475 ἐμοὶ
1649 2432 1736 2465 πάνθ’
1758 2433 1819 2464 ὅσα
1836 2431 1952 2471 κόσμος
1967 2430 2043 2471 ἔχει.

1307 2498 1402 2541 Quae
1423 2507 1516 2531 vero
1540 2505 1657 2543 quum
1678 2505 1755 2528 non
1775 2491 1826 2528 ita
1848 2490 1922 2527 sint
1935 2489 2122 2539 exposita,
2141 2497 2182 2526 ut
2200 2488 2265 2526 ad-

1255 2553 1405 2590 ornatio
1424 2551 1564 2602 operis,
1584 2550 1638 2587 uti
1653 2549 1809 2599 quidem
1823 2561 1925 2585 nunc
1940 2555 2011 2595 est,
2026 2547 2145 2597 possit
2158 2546 2268 2583 intel-

1255 2612 1337 2661 ligi,
1359 2611 1467 2647 liceat
1488 2608 1579 2646 mihi
1599 2608 1833 2657 singulorum
1856 2605 2042 2642 librorum
2064 2617 2268 2655 argumen-

1257 2679 1334 2707 tum
1373 2668 1500 2706 verbis
1526 2666 1665 2715 Heynii
1699 2664 1898 2714 subjicere.
1923 2681 1939 2696 α
1963 2663 2100 2700 Primis
2133 2662 2268 2712 capiti-

1256 2728 1328 2765 bus
1340 2727 1386 2778 (1,
1403 2725 1491 2776 1-6)‚
1506 2725 1558 2762 ait
1574 2725 1633 2761 vir
1651 2721 2160 2768 doctissimus,continentur
2175 2720 2267 2766 fere,

1258 2786 1390 2836 paucis
1415 2785 1496 2822 aliis
1519 2783 1775 2833 interpositis,
1794 2780 1915 2830 mythi
1945 2792 1965 2816 e
1995 2778 2208 2828 theogoniis
2231 2786 2270 2815 et

1257 2842 1511 2892 cosinogoniis
1527 2841 1702 2892 profecti,
1720 2840 1786 2889 qui
1800 2838 1954 2876 diversae
1968 2850 1991 2874 a
2006 2838 2141 2873 ceteris
2159 2835 2269 2872 indo-

1259 2902 1304 2939 lis
1328 2909 1366 2938 et
1386 2908 1532 2937 naturae
1545 2907 1652 2946 sunt,
1677 2906 1714 2936 et
1741 2897 1897 2948 physica
1922 2894 2103 2932 nonnulla
2132 2893 2271 2943 placita

1260 2973 1376 3010 super
1390 2971 1516 2995 rerum
1530 2957 1690 3008 origine,
1705 2957 1978 2994 elementorum
1994 2965 2135 3003 pugna,
2151 2964 2270 3002 eaque

1260 3019 1444 3062 diremta,
1472 3016 1518 3053 de
1543 3029 1667 3053 rerum
1694 3013 1966 3064 dispositione,
1996 3024 2066 3062 per
2084 3022 2268 3048 suminam

1261 3083 1411 3113 narrata
1425 3073 1618 3111 exhibent.
1641 3073 1820 3122 Sequitur
1833 3071 1951 3108 altera
1964 3068 2081 3106 sectio
2094 3067 2140 3105 ad
2157 3068 2268 3104 [inem

1261 3133 1349 3171 libri
1366 3132 1480 3183 primi
1499 3147 1508 3168 :
1532 3130 1653 3180 mythi
1672 3129 1855 3168 Hellenici
1869 3157 1879 3174 ,
1900 3140 1964 3165 seu
1982 3126 2116 3177 priscae
2134 3138 2268 3162 narra—

1262 3192 1384 3229 tiones
1409 3204 1432 3227 a
1454 3189 1661 3239 majoribus
1687 3187 1800 3224 sando
1824 3193 1984 3235 acceptae
2006 3183 2053 3220 de
2074 3190 2270 3220 auctorum

1304 3293 1368 3332 (10)
1386 3290 1490 3323 Schol.
1508 3291 1602 3321 Hom.
1619 3287 1711 3325 ΙΙ.Α,
1724 3288 1764 3317 42
1780 3295 1790 3316 ε
1806 3285 1836 3317 ἐν
1854 3285 1892 3325 β’.
1908 3285 1950 3322 Β,
1972 3285 2027 3314 103
2046 3291 2053 3312 :
2069 3281 2100 3312 ἐν
2110 3274 2209 3332 ‘effi-d.
2225 3280 2268 3316 B,

1264 3341 1322 3372 494
1338 3349 1346 3370 z
1362 3339 1441 3379 βιὸλ.
1453 3337 1493 3376 γ’,
1504 3347 1568 3374 κεφ.
1587 3335 1624 3373 δ’,
1642 3333 1698 3364 ubi
1710 3331 1824 3372 capitis
1840 3337 2009 3362 numerum
2025 3337 2044 3360 a
2058 3334 2167 3359 seriori
2176 3334 2276 3359 manu

1264 3386 1408 3418 additum
1431 3382 1612 3423 suspicatur
1629 3379 1781 3420 Heynius.
