2294 3704
717 160 784 202 DE
811 160 1093 200 ATTHIDUM
1121 158 1500 201 SCRlPTORIBUS.

51 255 158 306 quod
177 267 381 306 compares
412 265 500 291 cum
524 264 555 289 c.
573 250 608 289 8.
627 271 680 279 -
695 249 843 287 Eodem
867 248 1115 299 Phylarcho
1144 247 1209 299 (11,
1228 261 1292 295 21,

50 315 281 353 Plutarchus
309 314 349 351 in
378 313 453 350 fine
480 310 569 348 vitae
598 308 739 359 Pyrrhi
761 307 849 345 inde
868 321 890 345 a
918 321 1002 358 cap.
1033 308 1081 344 26

52 374 184 414 medio
201 374 336 419 utitur,
357 370 446 418 ubi,
467 377 511 408 ut
530 368 722 408 Luchtius
741 366 856 415 dicit,
878 367 1083 417 Phylarchi

51 433 199 472 indoles
216 438 388 484 apparet.

105 495 250 530 Praeter
278 487 532 528 Plutarchum
551 489 705 536 Trogus
733 484 943 535 Pompeius
971 484 1012 522 in
1039 483 1084 521 iis

52 550 306 603 temporibus,
325 561 411 599 quae
429 546 666 598 Phylarchus
690 553 839 592 tractat,
853 545 955 582 hunc
968 543 1085 582 habet

50 618 247 649 auctorem
260 609 294 660 (J
299 608 413 646 ustin.
428 607 452 644 l.
469 605 625 656 25-38),
640 614 681 642 ut
692 605 972 643 demonstravit
983 607 1086 642 Hee-

51 681 119 708 ren
136 667 198 720 (de
219 666 334 718 Trogi
349 665 527 717 Pompeii
547 663 718 702 fontibus
741 672 780 702 et
803 664 1030 701 auctoritate
1045 663 1084 700 in

50 731 262 768 Comment.
276 726 405 765 societ.
418 724 590 776 Gotting.
604 732 697 761 tom.
709 726 796 771 XV,
816 736 854 774 p.
874 737 888 760 1
898 722 1083 773 85-245)‚

50 800 97 825 eo
117 800 208 825 usus
237 793 483 837 argumento,
515 783 621 835 quod
652 791 800 835 pateat,
830 786 1003 834 Trogum
1022 796 1083 820 se-

50 854 214 898 quutum
236 858 318 883 esse
350 851 570 891 auctorem,
602 842 670 893 qui
689 842 891 893 Spartanis
919 850 958 879 et
975 842 1086 880 Cleo-

50 906 153 944 meni
178 905 323 943 faveret
337 911 376 942 et
392 916 453 941 res
475 902 651 953 Syriacas
667 909 706 940 et
722 902 911 941 Galaticas
926 901 1084 953 copiose

49 964 305 1016 exposuisset.
321 962 440 1001 Addit
459 961 647 1000 Luchtius
666 961 752 1012 ipsa
767 959 972 1011 Phylarchi
990 973 1083 998 ver-

51 1021 103 1060 ba
134 1020 179 1073 et'
202 1020 307 1073 apud
333 1019 580 1058 Plutarchum
608 1027 646 1057 et
673 1019 714 1056 in
742 1022 763 1057 J
770 1018 884 1056 ustini
914 1019 1083 1070 epitome

52 1089 206 1128 extare,
236 1079 340 1118 unde
372 1078 604 1117 concludere
635 1078 847 1129 possimus,
868 1086 906 1115 et
930 1078 1083 1115 Plutar-

51 1140 168 1178 chum
190 1139 396 1190 Phylarchi
419 1137 539 1176 verba
565 1137 724 1175 omnino
746 1150 825 1174 non
852 1144 919 1174 aut
947 1137 1084 1175 leviter

52 1200 250 1239 immutata
268 1212 337 1237 sua
357 1197 491 1236 fecisse
515 1205 554 1235 et
579 1200 751 1248 Trogum
777 1196 912 1234 eadem
925 1196 974 1234 ad
999 1210 1084 1235 ver-

51 1252 146 1297 bur'n
162 1259 279 1296 latine
298 1258 598 1308 interpretatum
620 1269 724 1303 esse3
741 1269 839 1307 quos
865 1265 907 1293 ut
926 1257 1082 1307 perspi-

51 1319 130 1357 cias
150 1318 329 1356 conferas
356 1317 496 1356 Justin.
515 1319 708 1363 XXVIII,
732 1322 753 1361 4
776 1329 864 1353 cum
890 1317 1082 1354 Plutarch.

52 1377 198 1416 Cleom.
220 1389 296 1427 29.·
311 1376 419 1414 Idem
447 1375 649 1413 contendit
665 1389 750 1425 quae
770 1375 943 1412 Justinus
968 1376 1080 1422 XIII,

54 1449 75 1484 7
94 1434 142 1473 de
159 1433 375 1485 originibus
391 1438 629 1484 Cyrenarum
650 1432 760 1471 urbis
779 1433 920 1473 habeat
941 1442 979 1471 et
998 1447 1084 1484 quae

53 1493 110 1533 ibi
124 1496 216 1541 XV,
240 1499 260 1539 4
282 1493 329 1531 de
344 1493 602 1532 Sandrocotto
618 1493 806 1543 legantur,
827 1506 847 1530 e
867 1491 1083 1543 Phylarcho

53 1561 181 1592 sumta
196 1565 278 1590 esse
295 1553 358 1603 (cf.
378 1552 425 1591 fr.
441 1559 502 1599 14,
526 1552 585 1600 15,
606 1551 683 1603 38).

106 1611 313 1662 Phylarchi
326 1610 482 1649 dicendi
500 1624 619 1662 genus
640 1610 829 1648 fervidum
847 1609 950 1648 haud
966 1610 1084 1649 dubie

54 1678 136 1708 erat
155 1678 193 1708 et
213 1670 447 1718 oratorium,
469 1678 513 1708 ut
531 1670 616 1721 ipse
641 1669 723 1720 ejus
745 1670 896 1708 animus
916 1670 1085 1708 fervidus

53 1737 145 1768 erat.
159 1729 234 1769 Sed
251 1730 291 1768 in
308 1730 590 1782 compositione
615 1729 828 1768 verborum
855 1730 1082 1781 elegantiam

53 1798 91 1827 et
109 1789 323 1827 castitatem
342 1803 420 1827 non
447 1790 538 1827 satis
555 1788 777 1827 observavit
802 1797 840 1827 et
856 1790 1084 1838 custodivit,

53 1847 160 1900 quod
177 1856 286 1885 notat
305 1848 512 1898 Dionysius
530 1848 605 1900 (De
616 1861 796 1921 ,scompos
817 1847 970 1887 verbor.
989 1862 1027 1899 p.
1047 1849 1083 1898 5,

60 1908 105 1944 16
121 1907 180 1945 ed.
196 1906 316 1958 Sylb.
306 1905 337 1944 i:
357 1908 440 1950 Τοῖς
454 1905 518 1958 μὲν
535 1910 594 1945 οὖν
608 1907 765 1960 ἀρχαίοις
779 1906 896 1958 ὀλίγου
914 1907 984 1945 δεῖν
997 1913 1086 1947 πᾶσι

53 1964 166 2013 πολλὴ
192 1965 346 2009 ἐπίδοσις
370 1960 412 2013 ἣν
446 1967 548 2004 αὐτοῦ
579 1966 654 2017 (του
678 1965 872 2004 συντιθέναι
903 1967 937 2004 δ
924 1964 1018 2011 ξιῶς
1039 1964 1085 2004 τὰ

53 2025 222 2077 ὀνόματα)
247 2027 330 2079 παρ’
355 2024 374 2063 ὃ
391 2024 451 2064 καὶ
470 2023 563 2064 καλά
583 2027 676 2064 ἐστιν
697 2026 811 2063 αὐτων
828 2025 871 2064 τὰ
891 2025 1003 2078 μέτρα
1021 2025 1081 2064 καὶ

15 2133 19 2134 ⁷
53 2083 96 2123 τὰ
112 2084 203 2137 μέλη
223 2085 283 2124 καὶ
302 2087 334 2125 οῖ
352 2085 469 2137 λόγοι·
489 2091 559 2130 τοῖς
576 2085 612 2124 δὲ
633 2085 934 2140 μεταγενεστέροις
948 2087 1082 2136 οὐκέτι,

54 2144 146 2192 πλὴν
173 2144 300 2196 ὀλίγων
323 2145 440 2199 χρόνῳ
459 2144 532 2185 δὲ’
513 2161 655 2199 υστερον
675 2146 900 2185 παντάπασιν
919 2147 1081 2196 ἠμελήθη

53 2203 114 2242 καὶ
136 2202 288 2248 οὐδεὶς
264 2219 351 2258 ῳετο
370 2205 440 2243 δεῖν
466 2206 656 2255 ἀναγκαῖον
679 2204 764 2243 αὐτὸ
783 2198 871 2243 εἶναι
890 2205 968 2245 οὐδὲ
987 2222 1080 2258 συμ-

53 2261 268 2304 βάλλεσθαί
263 2278 296 2301 τι
312 2265 363 2301 τῶ
382 2263 503 2302 κάλλει
518 2265 587 2302 τῶν
606 2263 742 2315 λόγων·
762 2264 940 2317 τοιγάρτοι
958 2280 1081 2303 τοιαυ-

5 2323 7 2326 ’
52 2337 115 2367 τας
129 2321 305 2367 συντάξεις
320 2321 530 2369 κατέλιπον,
559 2321 632 2366 οἵας
649 2322 759 2366 οὐδεὶς
786 2323 952 2375 ὑπομένει
977 2323 1083 2378 μέχρι

53 2380 238 2434 κορωνίδος
253 2381 397 2420 διελθεῖν
409 2411 420 2430 ,
449 2381 640 2435 Φύλαρχον
666 2381 759 2434 λέγω
778 2382 838 2420 καὶ
860 2385 983 2437 Δοῦριν
1009 2393 1081 2422 etc.

54 2440 108 2478 Cf.
123 2440 334 2490 Phrynichi
353 2441 486 2492 Eclog.
495 2455 532 2492 p.
550 2442 624 2487 425
642 2441 703 2479 ed.
725 2441 892 2480 Lobeck.
897 2443 973 2515 x,;(fr
991 2449 1080 2494 72):

53 2498 203 2543 Καθως.
235 2499 341 2543 Γάϊός
364 2515 416 2543 τις
443 2498 660 2553 Ἀρεθούσιος
687 2499 932 2553 γραμματικὸς
953 2500 1083 2555 ἔφασκε

54 2558 196 2610 δόκιμον
215 2552 304 2598 εἰναι
323 2558 498 2610 τοῦνομα·
525 2562 719 2613 κεχρῆσθαι
737 2559 803 2613 γὰρ
821 2561 915 2598 αὐτῶ
929 2560 1082 2615 Φύλαρ-

52 2632 133 2670 γον·
155 2617 185 2655 ὣ
203 2621 264 2656 τοῦ
286 2617 479 2673 μάρτυρος,
499 2620 545 2662 ὡς
572 2619 686 2666 ἔοικε,
712 2634 773 2657 του
793 2618 1032 2670 ἐπαγομένου,
1047 2619 1082 2663 ὃς

52 2674 130 2714 οὐδὲ
149 2676 409 2716 Θουκυδίδου”
386 2692 516 2725 ηκουσε
535 2676 696 2728 λέγοντος
711 2695 725 2711 «
741 2677 827 2716 καθὸ
844 2678 896 2715 δεῖ
910 2680 956 2721 εἰς
978 2679 1082 2716 Eme·-

51 2734 129 2773 λίαν
149 2735 259 2774 πλεῖν.
278 2752 294 2768 υ

52 2884 145 2935 DE
161 2885 543 2938 ATTHIDUM
562 2884 1021 2937 SCRIPTORIBU
1026 2886 1076 2938 S.

105 2996 309 3036 Atthidum
334 2998 569 3049 scriptores,
605 2999 673 3050 qui
695 3000 854 3052 proprie
878 3000 1078 3051 dicuutur,

50 3066 130 3091 non
159 3068 227 3093 eos
255 3057 498 3108 appellamus
521 3071 676 3107 omnes,
703 3060 770 3109 qui
788 3059 963 3098 Atthides
983 3074 1078 3111 qua—

51 3112 248 3166 liscunque
270 3117 420 3168 generis
439 3118 684 3169 scripserint,
714 3118 782 3157 sed
806 3119 1078 3171 distinguimus

51 3171 99 3209 ab
116 3173 165 3210 iis
183 3187 304 3224 quum
325 3176 532 3214 historicos
554 3177 791 3228 antiquiores
805 3207 816 3225 ,
848 3179 916 3228 qui
941 3179 1076 3216 Atthi-

50 3229 140 3269 dum
158 3242 335 3273 auctores
357 3249 439 3274 esse
463 3235 739 3287 perhibentur,
752 3238 1075 3287 Amelesagoram,

50 3289 337 3343 Pherecydem,
352 3295 613 3343 Hellanicum,
648 3304 726 3334 tum
741 3297 987 3345 Pausaniam,
1009 3297 1077 3347 qui

2043 174 2168 205 Lxxxt

1347 251 1449 296 ;,111
1475 246 1608 298 11,1)‚
1636 261 1684 286 ne
1711 249 1851 299 loquar
1879 250 1926 288 de
1950 254 2171 304 Hegesinoo

1141 315 1179 344 et
1197 307 1359 346 Alexide
1377 308 1519 358 poetis,
1546 321 1712 359 quorum
1730 309 1794 347 ille
1814 310 1996 360 carmini,
2018 313 2080 351 hic
2101 328 2170 353 co-

1141 366 1292 403 moediae
1312 367 1481 404 Atthidis
1503 380 1646 405 nomen
1669 368 1779 406 dedit
1803 370 1894 421 (vid.
1919 374 2079 411 Pansan.
2099 377 2170 418 IX.

1141 436 1192 473 29
1211 425 1311 472 init„
1332 434 1371 462 et
1391 425 1541 464 Fabric.
1564 426 1662 467 Bibl.
1686 430 1806 467 Graec.
1821 433 1871 476 ΙΙ,
1888 443 1927 481 p.
1947 433 2049 483 407).
2066 434 2170 472 Phe—

1142 484 1298 534 recydes
1318 485 1420 522 enim
1450 494 1487 523 et
1511 487 1730 526 Hellanicus
1761 502 1822 527 res
1846 490 1989 529 Atticas
2019 506 2096 531 non
2131 494 2172 532 in

1141 544 1327 594 peculiari
1356 557 1496 595 opere,
1527 546 1594 584 sed
1624 548 1665 585 in
1695 549 1823 599 aliqua
1856 550 2011 601 majoris
2040 554 2172 603 operis

1141 610 1252 653 parte
1271 613 1562 655 exposuerunt,
1582 614 1641 653 et,
1663 608 1769 657 quod
1796 609 2068 659 gravissimum
2092 621 2170 659 cst,

1141 662 1182 700 in
1213 661 1422 700 tractandis
1450 663 1567 702 rebus
1595 679 1616 702 a
1651 668 1936 716 posterioribus
1965 671 2171 710 Atthidum

1142 721 1398 772 scriptoribus
1433 722 1542 760 valde
1574 723 1770 764 differunt.
1811 726 1861 765 Hi
1895 729 1999 767 enim
2041 730 2173 768 critice

1142 781 1272 818 onmia
1293 788 1483 828 tractant,
1515 781 1661 820 fabulas
1678 785 1735 822 vel
1754 785 1937 825 historice
1957 789 2014 826 vel
2037 790 2171 840 philo-

1141 839 1301 891 sophice
1320 840 1630 891 inter-pietantes,
1655 843 1694 880 in
1715 844 1829 883 iebus
1846 846 2038 885 historicis
2060 863 2172 887 accu-

1144 899 1346 937 ratissimis
1360 899 1526 937 nitentes
1545 900 1722 952 investig
1725 904 1923 952 itionibus,
1940 915 1978 943 et
1995 915 2174 958 tempora

1142 966 1276 996 exacte
1299 958 1548 1006 definientes3
1579 958 1635 997 illi
1656 973 1748 998 vero
1775 962 1812 999 in
1842 936 1959 1002 rebiis
1987 966 2174 1005 sabulosis

1143 1017 1296 1055 nonnisi
1315 1017 1353 1055 id
1380 1026 1524 1068 agunt,
1548 1026 1590 1055 ut
1614 1028 1817 1069 poetarum
1837 1024 2081 1062 narrationes
2104 1040 2170 1064 re-

1143 1076 1292 1121 serant,
1325 1090 1386 1114 res
1411 1090 1505 1114 vcro
1535 1077 1738 1117 historicas
1774 1082 1929 1119 nonnisi
1957 1085 2173 1122 summatim

1142 1143 1180 1172 et
1196 1134 1322 1172 obiter
1341 1135 1594 1186 perlustrant.
1606 1137 1791 1176 Similiter
1811 1141 2055 1179 statuendum
2077 1143 2176 1180 smet

1143 1193 1192 1231 de
1219 1197 1424 1245 Amelesag
1402 1209 1489 1232 crota
1513 1197 1753 1243 Atheniensi,
1785 1199 1852 1249 qui
1878 1201 1982 1250 aputl
2010 1202 2175 1252 Antigo-

1143 1267 1235 1291 num
1251 1255 1469 1304 Carystium
1487 1255 1632 1293 Histor.
1646 1256 1731 1294 mir
1747 1270 1839 1295 c.1·2
1862 1259 2058 1297 Atthidem
2082 1261 2176 1298 scri-

1143 1313 1264 1364 psisse
1284 1312 1436 1360 dicitur,
1451 1313 1552 1352 idem
1572 1314 1675 1353 haud
1690 1315 1807 1355 dubie
1836 1331 1879 1355 ac
1897 1321 2171 1369 Illelesagoras,

1145 1386 1191 1409 ex
1208 1385 1287 1423 quo
1307 1373 1482 1410 Clemens
1505 1373 1614 1412 Alex.
1642 1377 1783 1414 Strom.
1806 1380 1881 1424 VI,
1905 1391 1944 1428 p.
1962 1380 2039 1429 629
2063 1378 2171 1429 Syll).

1144 1431 1420 1469 Philocliorum
1450 1440 1489 1470 et
1513 1433 1796 1473 Androtionem
1813 1465 1822 1483 ,
1843 1437 2046 1475 Atthidum
2077 1438 2175 1475 scri—

1145 1499 1297 1542 ptores,
1329 1504 1397 1529 sua
1425 1492 1597 1530 hausisse
1626 1495 1854 1533 contendit:
1875 1510 1920 1534 ex
1948 1497 2024 1535 hoc
2047 1506 2176 1535 autem

1144 1550 1384 1600 Melesagora
1410 1548 1510 1589 idem
1542 1551 1637 1590 dicit
1652 1552 1731 1603 jam
1755 1554 2017 1600 Hellanicum,
2049 1558 2177 1593 Heca—

1145 1616 1276 1657 taeum,
1302 1610 1580 1649 Anaximenem
1600 1611 1773 1663 aliosque
1794 1614 1976 1665 antiquos
1999 1622 2176 1651 auctores

1145 1668 1292 1706 furatos
1314 1681 1396 1706 esse
1411 1698 1422 1716 ,
1453 1669 1492 1707 id
1511 1671 1615 1720 quod
1648 1684 1695 1709 eo
1726 1685 1796 1709 nos
1816 1672 1948 1721 ducit,
1972 1681 2016 1710 ut
2038 1672 2176 1711 creda-

1145 1740 1250 1775 mus,
1269 1730 1576 1778 Amelesagoram
1604 1730 1890 1768 Chalcedonimn
1906 1760 1917 1777 ‚
1944 1745 2059 1782 quem
2080 1733 2177 1770 Dio-

1145 1787 1276 1836 nysius
1301 1787 1424 1824 Halic.
1449 1789 1507 1825 De
1526 1789 1706 1839 Thucyd.
1739 1790 1842 1828 char.
1875 1805 1908 1828 c..
1941 1791 1961 1828 5
1992 1791 2094 1829 inter
2114 1791 2177 1829 hi-

1145 1846 1307 1884 storicos
1330 1847 1510 1897 antiquos
1534 1849 1652 1887 refert
1667 1879 1677 1898 ,
1712 1850 1877 1888 eundem
1910 1864 1998 1888 cum
2021 1853 2175 1888 Amele-

1144 1919 1276 1956 sagora
1305 1905 1382 1943 isto
1409 1908 1627 1945 Atheniensi
1652 1922 1756 1960 esse3
1785 1918 1822 1947 et
1850 1911 2013 1948 fortasse
2035 1909 2083 1948 ab
2104 1910 2177 1947 hoc.

1145 1980 1221 2004 non
1263 1966 1555 2017 distinguendus
1584 1978 1642 2006 est
1667 1972 1928 2020 Melesagoras
1950 1974 2176 2020 Eleusinius,

1146 2039 1259 2075 quem
1282 2027 1474 2064 Maximus
1491 2028 1633 2077 Tyrius
1649 2029 1808 2068 Dissert.
1830 2034 2040 2068 XXXVIII
2058 2030 2176 2067 Atho-

1146 2086 1204 2122 nis
1227 2085 1281 2123 ait
1305 2086 1434 2124 sedem
1463 2086 1645 2125 habuisse
1671 2097 1709 2126 et
1734 2089 1945 2140 sapientem
1973 2103 2016 2126 ac
2040 2089 2174 2127 fatidi—

1146 2158 1233 2182 cum
1262 2144 1398 2194 fuisse,
1429 2146 1616 2197 Nymphis
1646 2147 1832 2185 afflatum.
1876 2152 2021 2186 Verum
2047 2148 2176 2186 nullus

1147 2203 1285 2241 dubito
1309 2217 1408 2255 opus
1434 2205 1528 2243 illud
1550 2207 1831 2258 Amelesagorae
1846 2236 1856 2254 ,
1882 2220 1928 2245 ex
1951 2206 2094 2258 quibus
2120 2214 2177 2244 tot

1147 2264 1322 2314 tantique
1344 2265 1572 2314 posterioris
1595 2267 1716 2304 aetatis
1745 2267 1953 2318 scriptores
1981 2280 2050 2304 sua
2075 2267 2176 2304 hau-

1147 2324 1239 2361 sisse
1272 2324 1449 2362 seruntur
1464 2353 1474 2371 ‚
1511 2339 1560 2362 ex
1597 2325 1658 2363 his
1694 2326 1789 2376 ipsis
1827 2326 2175 2364 Alexandrinorum

1147 2391 1257 2421 aetate
1284 2397 1366 2422 esse
1403 2383 1614 2422 conflatum
1638 2393 1676 2422 et
1701 2385 1772 2423 sub
1799 2385 2053 2436 antiquissimi
2073 2386 2173 2422 illius

1147 2450 1184 2479 et
1200 2444 1314 2494 plane
1339 2443 1502 2482 fabulosi
1525 2444 1694 2482 auctoris
1715 2445 1872 2483 nomine
1898 2445 1936 2482 in
1955 2444 2093 2493 vulgus
2113 2443 2173 2480 di—

1146 2501 1356 2539 venditum.

1198 2563 1402 2600 Pausanias
1429 2562 1623 2613 denique,
1649 2562 1716 2613 qui
1742 2562 1908 2613 primum
1936 2560 2173 2612 periegeseos

1147 2619 1290 2658 librum
1322 2635 1602 2672 nonnunquam
1637 2621 1730 2659 dicit
1763 2620 1980 2666 Atthidem,
2014 2619 2173 2657 omnino

1145 2693 1223 2717 non
1244 2681 1324 2731 agit
1342 2681 1514 2718 historici
1534 2689 1662 2732 partes
1679 2696 1687 2717 :
1708 2679 1893 2718 describit
1911 2679 2012 2716 enim
2032 2691 2172 2715 monu—

1146 2747 1285 2788 menta,
1308 2749 1347 2778 et
1365 2753 1493 2778 rerum
1511 2749 1706 2791 gestarum
1723 2738 2004 2777 enarrationem
2019 2737 2172 2774 nonnisi

1142 2806 1181 2843 in
1200 2815 1423 2844 transcursu
1439 2807 1622 2844 annectit.

1195 2866 1263 2904 His
1283 2866 1508 2904 auctoribus
1534 2865 1719 2917 separatis
1737 2894 1746 2912 ,
1778 2871 1922 2901 restant
1947 2862 2062 2900 nobis
2081 2871 2170 2901 octo

1140 2926 1339 2964 Atthidum
1371 2926 1605 2976 scriptores,
1627 2924 1786 2975 proprie
1813 2923 1866 2960 ita
1894 2923 2071 2961 dicendi:
2098 2924 2171 2960 Cli-

1139 2988 1280 3032 demm,
1305 2988 1581 3030 Plzanodemus,
1604 2987 1734 3029 Demo,
1759 2985 1950 3028 Androna,
1974 2984 2171 3020 Philocho-

1139 3059 1214 3090 rus,
1236 3049 1344 3090 Ister,
1368 3046 1496 3081 Andro
1515 3052 1553 3080 et
1573 3044 1820 3080 Melantths.
1854 3046 1912 3081 De
1939 3056 2003 3081 sex
2026 3043 2170 3093 priori-

1137 3103 1212 3142 bus
1225 3134 1235 3152 ,
1254 3116 1419 3154 quorum
1438 3102 1652 3152 fragmenta
1670 3101 1770 3139 infra
1785 3100 1958 3140 exhibita
1973 3109 2062 3139 sunt
2075 3131 2085 3149 ,
2107 3115 2168 3140 ac-

1136 3164 1308 3201 curatius
1335 3174 1518 3212 agemus:
1540 3161 1587 3199 de
1603 3160 1789 3199 Androne
1809 3169 1848 3198 et
1869 3161 2084 3199 Melanthio
2107 3161 2168 3198 ni—

1134 3225 1190 3262 hil
1222 3223 1299 3261 fere
1317 3230 1490 3269 constat,
1519 3221 1586 3259 sed
1616 3233 1751 3259 eorum
1780 3221 1992 3272 fragmenta
2015 3221 2078 3259 hic
2099 3235 2168 3272 po-

1134 3284 1279 3329 nimus,
1302 3295 1350 3318 ne
1367 3281 1461 3332 quid
1479 3281 1694 3330 omittatur,
1718 3280 1825 3332 quod
1845 3280 1893 3318 ad
1910 3281 1984 3319 hoc
2005 3281 2168 3333 scripto-

49 3349 293 3401 periegeseos
318 3366 397 3393 suae
423 3353 591 3402 librum,
619 3369 697 3406 quo
722 3355 771 3393 de
799 3355 916 3394 rebus
937 3355 1076 3394 Atticis
1134 3366 1219 3392 rum
1240 3365 1359 3402 genus
1380 3351 1585 3403 pertineat.

49 3405 244 3460 disputat,
275 3411 468 3451 interdum
493 3412 556 3459 τὴν
577 3412 713 3451 Ἀτθίδα
732 3413 934 3467 συγγραφὴν
965 3422 1075 3452 vmat

174 3483 262 3513 1¹:¹10!
264 3490 410 3514 ECOMENA
435 3492 466 3515 IN
491 3492 684 3515 tnSTONJCOS.

1189 3413 1331 3456 Andro,
1352 3414 1714 3460 Halicarnassensis,
1735 3411 1800 3462 qui
1818 3425 1839 3449 a
1858 3409 2049 3449 Strabone
2073 3409 2161 3461 (IX,

2016 3480 2045 3519 f
