2320 3684
761 160 1066 202 THEOPOMPI
1095 158 1431 199 FRAGMENTA.

33 259 160 313 γνησία
181 257 244 310 μὲν
269 259 388 306 οἰκῶν,
410 254 651 310 καρπούμενος
680 250 717 290 δὲ
753 248 884 304 δωρεὰς
914 247 1070 300 μεγάλας

2085 160 2159 192 293

1129 247 1188 285 καὶ
1208 246 1367 299 λέγουσιν
1396 248 1443 290 ὡς
1461 244 1646 300 περιήγετο
1671 242 1734 297 μὲν
1763 243 1816 282 ἀεὶ
1847 242 2045 285 νεανίσκους
2069 240 2119 279 δύ’
2140 241 2162 288 ἢ

33 319 92 357 καὶ
109 317 306 370 τιμώμενος
323 315 427 367 ὅμοια
444 315 590 367 Περσῶν
612 317 683 355 τοῖς
702 309 867 364 ἀρίστοις,
881 307 939 346 ἐπὶ
961 305 1069 345 πολὺν
1129 312 1238 359 τρεῖς,
1258 306 1403 359 ἔχοντας
1431 304 1592 359 κέρματα
1605 320 1613 328 ·
1641 303 1774 347 τούτοις
1803 301 1840 341 δὲ
1870 300 2002 340 διδόναι
2033 300 2164 354 προσέ-

35 377 159 432 χρόνον
181 376 291 419 ἀδεῶς
309 375 440 425 διῆγεν.
522 429 574 467 92

88 495 289 533 Scholiast.
312 493 352 530 in
370 490 526 529 Aristid.
554 492 663 528 Orat.
682 488 721 525 in
740 487 958 531 Cimonem,
980 493 1072 521 tom.

37 557 86 600 II,
103 567 139 604 p.
161 554 235 596 284
255 564 264 590 ε
282 549 496 601 Θεόπομπος
512 549 547 586 ἓν
561 550 604 598 τῇ
622 545 643 584 ι’
664 548 733 584 τῶν
748 546 981 584 Φιλιππικῶν
993 541 1073 594 περὶ

38 611 213 663 Κίμωνος·
231 608 405 648 «Οὐδέπω
416 606 452 647 δὲ
462 607 565 647 πέντε
583 607 669 645 ἐτῶν
690 602 994 658 παρεληλυθότων,
1011 617 1076 639 πο-

35 670 146 724 λέμου
187 669 387 722 συμὸάντος
426 667 512 721 πρὸς
556 664 874 717 Λακεδαιμονίους,
910 666 928 702 ὁ
966 663 1076 714 δῆμος

38 727 294 783 μετεπέμψατο
322 727 380 766 τὸν
402 726 576 779 Κίμωνα,
598 724 748 776 νομίζων
772 721 829 761 διὰ
858 722 921 770 τὴν
945 720 1074 775 προξε-

37 789 115 828 νίαν
137 787 310 842 ταχίστην
339 786 380 825 ἂν
403 786 506 826 αὐτὸν
535 784 675 838 εἰρήνην
710 782 937 830 ποιήσασθαι.
962 782 1007 821 Ὁ
1039 781 1074 820 δὲ

38 846 320 903 παραγενόμενος
360 848 404 898 τῇ
449 844 550 884 πόλει
592 843 651 882 τὸν
692 841 845 894 πόλεμον
863 841 1076 881 κατέλυσε.»

39 909 338 959 Theopompum
368 905 543 956 sequitur
563 903 716 942 Cornel.
748 906 843 954 Nep.
863 902 1012 942 Cimon.
1040 903 1076 948 33

40 967 88 1004 cf.
103 965 298 1004 Plutarch.
319 965 467 1003 Cimon.
489 977 522 1001 c.
547 965 591 1002 13
618 970 656 1000 et
679 962 845 1000 Pericles
879 977 911 1000 e.
945 975 1001 999 ιο.
1027 965 1074 1001 V.

40 1025 205 1065 Clinton.
226 1026 329 1064 Fasti
350 1026 397 1063 H.
417 1038 456 1075 p.
480 1023 542 1061 52.

97 1143 335 1195 Stephanus:
351 1141 546 1195 Καρπασία
559 1172 568 1190 ,
587 1140 687 1185 πόλις
705 1140 851 1195 Κύπρου
926 1140 967 1179 τὸ
989 1157 1079 1189 κτη-

43 1203 139 1242 τικὸν
158 1201 457 1257 Καρπασεωτικός
532 1200 746 1252 Θεόπομπος
769 1203 803 1239 ἐν
826 1201 961 1255 δεκάτῳ
981 1203 1081 1255 Καρ-

45 1268 170 1306 πασεῖς
190 1260 314 1306 αὐτούς
333 1277 437 1316 φησιν
449 1277 456 1285 ·
477 1260 562 1304 ἴσως
578 1260 648 1299 ἀπὸ
671 1264 730 1298 τοῦ
749 1260 954 1315 Κάρπασος.

100 1321 226 1372 Hujus
248 1320 357 1359 urbis
381 1321 525 1359 mentio
546 1321 643 1358 facta
663 1333 744 1357 esse
766 1319 934 1370 videtur,
947 1319 1014 1358 ubi
1034 1320 1082 1358 de

49 1380 220 1420 Cimonis
239 1380 279 1418 in
296 1382 468 1432 Cyprum
481 1379 737 1431 expeditione
753 1378 948 1430 agebatur.

102 1500 308 1538 Athenaeus
324 1501 424 1547 XII,
444 1513 483 1550 p.
503 1499 594 1546 533,
618 1501 677 1536 A:
703 1497 767 1536 ’Ev
793 1499 838 1549 τῇ
862 1496 991 1550 δεκάτῃ
1015 1499 1085 1537 τῶν

1 1587 3 1590 .
50 1559 283 1598 Φιλιππικῶν
305 1559 326 1596 ὁ
344 1556 560 1609 Θεόπομπός
577 1572 680 1611 φησι’
702 1556 854 1608 «Κίμων
874 1559 893 1595 ὃ
910 1556 1088 1605 Ἀθηναῖος

49 1617 86 1655 ἐν
123 1622 194 1661 τοῖς
226 1617 344 1670 ἀγροῖς
375 1615 436 1654 καὶ
469 1621 539 1659 τοῖς
571 1614 698 1662 κήποις
721 1614 844 1654 οὐδένα
866 1618 927 1654 τοῦ
950 1619 1087 1670 καρποῦ

4 1698 6 1702 ·
51 1675 202 1715 καθίστα
224 1674 384 1728 φύλακα,
409 1673 504 1720 ὅπως
533 1676 564 1713 οἱ
598 1673 803 1727 βουλόμενοι
835 1677 904 1713 τῶν
933 1676 1087 1714 πολιτῶν

51 1734 213 1779 εἰσιόντες
228 1733 472 1787 ὀπωρίζωνται
498 1733 559 1772 καὶ
582 1732 815 1785 λαμὸάνωσιν
830 1733 863 1773 εἴ
874 1749 965 1778 τινος
983 1734 1090 1774 δέοιν-

51 1809 93 1833 το
110 1796 180 1833 τῶν
206 1794 242 1832 ἓν
265 1798 337 1837 τοῖς
363 1792 517 1847 χωρίοις.
537 1791 692 1833 Ἔπειτα
722 1790 785 1840 τὴν
807 1793 919 1832 οἰκίαν
942 1799 1090 1849 παρεῖχε

53 1851 172 1900 κοινὴν
195 1852 326 1892 ἅπασι·
350 1851 410 1891 καὶ
428 1853 564 1891 δεῖπνον
584 1851 639 1890 ἀεὶ
662 1851 799 1896 εὐτελὲς
818 1853 1090 1906 παρασκευάζε-

55 1914 137 1950 σθαι
152 1913 293 1955 πολλοῖς
309 1910 522 1965 οἰνθρώποις,
545 1910 605 1949 καὶ
622 1909 698 1955 τοὺς
717 1910 866 1965 ἀπόρους
883 1911 1092 1966 προσιόντας

0 2000 2 2002 -
56 1972 125 2010 τῶν
140 1969 330 2018 Ἀθηναίων
366 1969 534 2013 εἰσιόντας
554 1971 717 2010 δειπνεῖν.
741 1970 956 2024 Ἐθεράπευε
978 1971 1091 2011 δὲκαὶ

3 2066 6 2074 ,
57 2028 137 2074 τοὺς
174 2030 252 2068 καθ’
293 2029 448 2077 ἑκάστην
485 2028 621 2083 ἡμέραν
657 2031 761 2068 αὐτοῦ
805 2046 840 2069 τι
881 2030 1062 2083 δεομένους
1081 2048 1088 2056 ·

61 2138 117 2173 sed
134 2139 308 2180 Magnesiae
322 2139 434 2172 sedem
454 2139 588 2178 habens,
602 2142 635 2173 et
651 2139 737 2172 dona
755 2149 871 2181 magna
888 2141 1049 2183 accipiens
1064 2145 1097 2175 et
1121 2154 1127 2181 l

2 2222 13 2235 ’,Ἴ
61 2187 237 2219 honoratus
250 2195 344 2228 aeque
358 2195 396 2219 ac
408 2188 581 2219 Persarum
597 2187 724 2229 optimi,
740 2187 881 2220 multum
891 2190 1047 2230 temporis
1063 2190 1094 2222 in

60 2236 135 2267 tuto
152 2233 247 2266 vixit.

550 2282 613 2316 92.

104 2334 336 2375 Theopompus
351 2332 434 2365 libro
447 2332 574 2366 decimo
596 2334 852 2375 Philippicorum
867 2335 909 2368 de
931 2336 1068 2370 Cimone
1087 2347 1095 2368 :

67 2393 83 2408 α
93 2380 245 2413 Nondum
260 2379 378 2420 elapsis
392 2379 536 2421 quinque
549 2380 655 2420 annis,
664 2389 766 2421 quum
783 2381 905 2414 bellum
914 2391 989 2414 cum
1002 2385 1099 2416 Lace·
1125 2386 1129 2407 ¹

65 2427 237 2460 daemoniis
254 2427 422 2468 inceptum
436 2429 536 2467 esset,
552 2428 693 2469 populus
718 2430 886 2462 revocavit
905 2430 1077 2463 Cimonem
1088 2455 1098 2471 ,

66 2474 273 2515 existimans,
288 2482 363 2506 eum
379 2476 512 2516 propter
524 2475 703 2516 hospitium
719 2475 885 2509 celerrime
918 2486 1031 2519 pacem
1055 2478 1099 2510 sa·

66 2524 196 2602 ctuzum
211 2530 294 2554 esse.
313 2524 345 2554 Is
359 2530 462 2563 quum
478 2521 674 2564 advenisset,
691 2523 816 2556 civitati
830 2524 953 2557 bellum
969 2534 1100 2567 compo-

69 2578 120 2602 sui
138 2594 146 2601 .
160 2582 175 2598 n

554 2623 618 2656 93.

113 2674 277 2716 carpasia,
293 2673 372 2706 urbs
389 2674 490 2716 Cypri
553 2675 781 2717 possessivum
791 2678 1051 2719 Carpaseoticus.

73 2722 303 2763 Theopompus
319 2721 400 2753 libro
414 2721 542 2754 decimo
561 2731 618 2754 eos
635 2724 855 2764 carpasenses
870 2724 1029 2764 nominat,
1040 2725 1103 2757 sor-

74 2768 169 2802 tassis
183 2777 204 2801 a
219 2777 300 2801 voce
316 2770 492 2810 Carpasus.

115 2875 347 2916 Theopompus
370 2875 627 2917 Philippicorum
639 2876 724 2909 libro
747 2877 876 2910 decimo
893 2878 940 2911 ita
962 2879 1077 2912 scribit
1095 2889 1103 2911 :

78 2934 95 2950 κ
117 2922 235 2956 Cimon
258 2922 463 2955 Atheniensis
482 2923 613 2965 praediis
631 2925 700 2956 suis
713 2924 883 2966 hortisque
899 2925 1026 2958 nullum
1041 2926 1106 2959 sru-

35 3003 38 3005 Ᾰ
77 2970 189 3001 ctuum
204 2969 374 3002 custodem
388 2969 586 3011 imponebat,
605 2979 647 3003 ne
661 2971 736 3012 quis
753 2971 876 3005 civium
892 2973 1107 3014 impediretur

35 3044 38 3046 ,
77 3015 255 3058 quominus
269 3015 406 3049 intraret
418 3017 612 3059 fructusque
628 3018 782 3051 arborum
793 3023 954 3061 carperet,
970 3023 1026 3053 aut
1038 3021 1109 3062 qui-

77 3061 140 3095 bus
155 3062 253 3095 rebus
269 3063 366 3096 vellet
387 3064 420 3096 in
435 3063 567 3105 praediis
584 3064 688 3106 ipsius
716 3066 888 3101 frueretur.
915 3067 1038 3101 Deinde
1051 3067 1106 3101 do·

79 3117 169 3142 mum
192 3118 286 3142 suam
299 3110 332 3142 in
356 3119 529 3144 commune
542 3112 712 3153 praebebat
725 3113 897 3154 omnibus3
913 3114 959 3147 ita
976 3115 1111 3157 quidem

79 3158 118 3190 ut
132 3157 231 3190 etiam
244 3157 391 3198 quotidie
406 3158 543 3200 frugalis
554 3168 648 3192 coena
659 3161 776 3194 multis
793 3161 983 3197 hominibus
996 3164 1110 3204 parata

79 3205 177 3244 esset,
190 3205 235 3243 et,
247 3204 446 3246 quicumque
467 3206 626 3240 tenuioris
642 3207 784 3242 sortunae
796 3208 886 3243 cives
901 3208 1092 3242 accederent
1101 3232 1111 3248 ‚

81 3249 123 3282 iis
134 3250 256 3282 intrare
271 3259 465 3293 coenareque
489 3253 610 3286 liceret.
627 3254 837 3296 curabatque
854 3255 953 3287 etiam
968 3264 1038 3295 eos,
1057 3255 1113 3296 qui

82 3296 230 3337 quolibet
243 3296 297 3329 die
313 3298 435 3339 aliquid
457 3298 499 3331 ab
515 3308 554 3332 eo
571 3302 717 3341 peterent
735 3303 791 3333 aut
812 3302 885 3342 opis
908 3303 978 3343 eJus
993 3302 1114 3343 indige·

84 3345 155 3376 rent
172 3353 180 3375 :
198 3343 382 3385 diciturque
407 3349 593 3380 constanter
608 3356 818 3390 quocumque
834 3349 894 3381 iret
920 3358 1032 3381 secum
1060 3350 1114 3381 ha-

85 3388 195 3423 buisse
216 3390 300 3423 duos
321 3393 378 3424 aut
395 3393 462 3425 tres
484 3393 723 3435 adolescentes,
746 3395 892 3427 nummis
914 3396 1111 3432 instructos,

1131 380 1268 412 ταττεν,
1302 365 1406 403 ὁπότε
1436 380 1487 408 τις
1517 361 1704 417 προσέλθοι
1735 363 1840 401 αὐτοῦ
1880 360 2051 413 δεόμενος.
2092 360 2166 399 Καί

1132 439 1218 477 φασι
1251 423 1314 474 μὲν
1347 422 1449 461 αὐτὸν
1479 423 1538 461 καὶ
1574 424 1620 466 εἷς
1647 420 1760 475 ταφὴν
1784 418 1974 474 εἰσφέρειν·
1992 425 2102 458 ποιεῖν
2129 418 2167 456 δὲ

1132 482 1192 520 καὶ
1228 486 1330 521 τοῦτο
1362 482 1552 528 πολλάκις,
1578 481 1683 521 ὁπότε
1713 482 1782 520 τῶν
1807 481 1960 519 πολιτῶν
1991 494 2069 517 τινα
2101 477 2167 516 ἴδοι

1133 543 1250 584 κακῶς
1271 540 1523 595 ἠμφιεσμένον,
1547 539 1700 579 κελεύειν
1722 541 1817 593 αὐτῷ
1849 537 2168 591 μεταμφιέννυσθαι

1133 602 1202 638 τῶν
1225 599 1414 638 νεανίσκων
1432 598 1509 638 τινὰ
1527 602 1596 638 τῶν
1611 597 1954 638 συνακολουθούντων
1977 599 2085 651 αὐτῷ.
2103 598 2170 636 Ἐκ

1135 658 1176 706 δὴ
1198 658 1328 697 τούτων
1355 658 1519 697 ἁπάντων
1548 658 1731 710 ηὐδοκίμει
1767 658 1827 697 καὶ
1853 659 1991 710 πρῶτος
2030 651 2073 704 ἦν
2099 659 2169 695 τῶν

1133 720 1327 757 πολιτῶν.»

1188 778 1332 815 Eadem
1351 790 1398 814 ex
1421 776 1556 815 eodem
1575 777 1680 815 sonte
1701 787 1832 815 narrat
1867 778 2017 816 Cornel.
2039 780 2172 828 Nepos

1135 837 1230 875 Cim.
1244 851 1276 875 c.
1295 843 1330 882 4.
1358 837 1416 875 Cf.
1439 837 1634 875 Plutarch.
1654 837 1750 875 Cim.
1775 852 1807 875 c.
1837 851 1901 886 10,
1920 838 2064 875 Pericle
2085 851 2116 874 c.
2135 851 2172 886 9.

1190 961 1398 999 Athenaeus
1420 964 1488 1006 IV,
1498 974 1536 1011 p.
1560 961 1645 1008 166,
1658 964 1707 1009 D,
1727 964 1780 998 E:
1799 959 2011 1012 Θεόπομπος
2028 961 2057 998 δ’
2075 962 2109 998 ἐν
2130 963 2173 1012 τῇ

1139 1018 1270 1073 δεκάτῃ
1289 1022 1359 1058 τῶν
1382 1020 1628 1068 Φιλιππικῶν,
1649 1020 1708 1073 ἀφ’
1729 1015 1770 1067 ἧς
1786 1035 1875 1063 τινες
1905 1019 1945 1058 τὸ
1974 1021 2174 1058 τελευταῖον

1140 1078 1245 1132 μέρος
1265 1078 1482 1132 χωρίσαντες
1511 1080 1545 1117 ἐν
1576 1073 1605 1132 ᾧ
1629 1080 1703 1117 ἐστι
1733 1079 1778 1117 τὰ
1801 1079 1881 1132 περὶ
1908 1081 1976 1117 τῶν
2012 1079 2176 1127 Ἀθήνησι

1140 1134 1379 1185 δημαγωγῶν,
1399 1131 1579 1171 Εὔὸουλόν
1608 1148 1695 1186 φησι
1719 1132 1778 1171 τὸν
1796 1132 2007 1183 δημαγωγὸν
2041 1133 2176 1171 ἄσωτον

1140 1191 1312 1244 γενέσθαι.
1324 1194 1381 1245 Τῇ
1395 1190 1486 1237 λέξει
1500 1191 1536 1230 δὲ
1553 1191 1664 1244 ταύτῃ
1680 1191 1874 1246 ἐχρήσατο·
1894 1210 1907 1224 «
1919 1191 1992 1231 Καὶ
2012 1195 2176 1230 τοσοῦτον

1142 1252 1279 1305 ἀσωτία
1302 1250 1360 1289 καὶ
1395 1249 1577 1304 πλεονεξίᾳ
1594 1250 1773 1303 διενήνοχε
1798 1254 1858 1290 τοῦ
1879 1250 1992 1302 δήμου
2015 1255 2074 1289 τοῦ
2098 1253 2179 1289 Τα-

1144 1310 1327 1365 ραντίνων,
1350 1308 1430 1349 ὅσον
1460 1313 1478 1349 ὃ
1512 1310 1574 1361 μὲν
1595 1310 1674 1364 περὶ
1692 1309 1753 1354 τὰς
1776 1310 1949 1353 ἑστιάσεις
1970 1303 2043 1363 εἶχε
2076 1309 2180 1361 μόνον

1144 1371 1323 1424 ἀκρατῶς,
1343 1372 1361 1407 ὁ
1385 1369 1421 1407 δὲ
1434 1371 1503 1408 τῶν
1524 1369 1716 1417 Ἀθηναίων
1739 1369 1800 1408 καὶ
1828 1369 1889 1412 τὰς
1906 1368 2095 1423 προσόδους
2117 1384 2183 1406 κα-

1144 1429 1411 1482 ταμισθοφορῶν
1426 1426 1644 1467 διατετέλεκε
1657 1444 1665 1452 ·
1691 1428 1957 1483 Καλλίστρατος
1971 1427 2020 1478 δὲ,
2030 1426 2149 1482 φησὶν,
2164 1430 2182 1465 ὁ

1147 1486 1415 1548 Καλλικράτους
1461 1487 1671 1539 δημαγωγὸς
1697 1487 1756 1526 καὶ
1786 1487 1889 1531 αὐτὸς
1917 1486 2002 1542 πρὸς
2030 1486 2094 1539 μὲν
2121 1485 2184 1530 τὰς

1146 1545 1272 1593 ἡδονὰς
1292 1549 1335 1593 ἠν
1350 1545 1520 1599 ἀκρατής·
1539 1548 1609 1585 τῶν
1627 1545 1663 1585 δὲ
1686 1548 1875 1585 πολιτικῶν
1898 1546 2119 1600 πραγμάτων
2141 1539 2183 1593 ἦν

1147 1603 1326 1656 ἐπιμελής.
1341 1623 1357 1640 »
1372 1605 1432 1644 Ad
1450 1619 1531 1644 rem
1552 1607 1600 1644 cf.
1617 1600 1756 1645 Jus'tin.
1781 1609 1851 1653 VI,
1875 1621 1911 1656 9.

1635 1671 1700 1709 96.

1203 1737 1454 1786 Harpocrat.:
1481 1734 1660 1780 Εὔὸουλος
1745 1734 1799 1774 ὅτι
1839 1734 1882 1783 δὴ
1907 1734 2117 1787 δημαγωγὸς
2140 1728 2184 1782 ἧν

1149 1794 1441 1848 ἐπιφανέστατος,
1466 1794 1637 1846 ἐπιμελής
1651 1810 1690 1833 τε
1707 1794 1768 1834 καὶ
1790 1794 1975 1847 φιλόπονος
1988 1825 1997 1842 ,
2022 1792 2186 1848 ἀργύριόν

1149 1870 1186 1893 τε
1209 1854 1337 1907 συχνὸν
1356 1854 1508 1908 πορίζων
1536 1860 1609 1898 τοῖς
1634 1853 1827 1902 Ἀθηναίοις
1857 1853 2025 1905 διένειμε·
2050 1852 2103 1892 διὸ
2126 1852 2187 1891 καὶ

1151 1913 1214 1962 τὴν
1238 1913 1354 1963 πόλιν,
1376 1913 1434 1952 ἐπὶ
1463 1916 1525 1961 τῆς
1545 1912 1669 1952 τούτου
1695 1912 1897 1963 πολιτείας,
1927 1911 2187 1967 ἀνανδροτάτην

1151 1974 1211 2012 καὶ
1233 1972 1477 2028 ῥᾳθυμοτάτην
1498 1972 1627 2020 συνέὸη
1652 1971 1834 2025 γενέσθαι,
1857 1971 2072 2024 Θεόπομπος
2090 1973 2125 2010 ἐν
2144 1974 2187 2024 τῇ

1153 2033 1282 2087 δεκάτῃ
1306 2036 1376 2072 τῶν
1400 2035 1645 2073 Φιλιππικῶν.
2163 2040 2166 2043 ’

1153 2144 1273 2185 quibus
1288 2144 1483 2176 mandatum
1501 2145 1587 2184 erat,
1607 2146 1644 2176 ut
1659 2143 1772 2176 darent
1785 2144 1914 2184 quoties
1924 2143 2089 2175 accederet
2101 2143 2188 2184 quis-

1154 2192 1245 2233 piam
1264 2193 1321 2234 qui
1335 2202 1355 2224 a
1370 2201 1406 2224 se
1421 2191 1544 2233 aliquid
1570 2191 1739 2233 petiturus
1755 2191 1933 2223 videretur.
1954 2191 2071 2223 Dicunt
2088 2192 2187 2223 etiam

1154 2239 1196 2271 ad
1226 2239 1408 2272 efferendos
1439 2242 1587 2271 mortuos
1616 2248 1702 2279 saepe
1729 2241 1858 2272 sumtus
1883 2247 1958 2270 eum
1987 2238 2164 2270 contulisse
2179 2250 2188 2278 ;

1154 2288 1254 2319 etiam
1282 2287 1344 2319 hoc
1380 2287 1502 2328 saepius
1533 2286 1658 2326 secisse,
1686 2288 1732 2325 ut,
1761 2287 1788 2318 si
1804 2295 1902 2327 quem
1915 2286 2038 2317 civium
2055 2286 2190 2318 vidisset

1155 2334 1239 2366 male
1260 2334 1418 2367 vestitum
1431 2358 1441 2374 ,
1455 2334 1584 2376 juberet
1598 2333 1741 2375 aliquem
1768 2343 1809 2366 ex
1826 2332 2087 2369 adolescentibus
2103 2357 2111 2373 ‚
2133 2334 2188 2373 qui

1156 2382 1265 2423 ipsum
1287 2382 1508 2423 sequebantur
1520 2405 1529 2422 ‚
1544 2390 1619 2414 cum
1635 2376 1691 2413 illo
1707 2383 1891 2425 permutare
1910 2380 2098 2412 amiculum.
2117 2380 2189 2418 Qui-

1155 2427 1218 2460 bus
1245 2429 1343 2461 rebus
1359 2429 1514 2465 omnibus
1537 2429 1830 2470 magnamt'amam
1851 2430 1901 2461 est
1916 2429 2134 2467 consecutus,
2158 2429 2190 2459 et

1156 2476 1280 2508 civium
1302 2477 1452 2519 princeps
1468 2479 1518 2509 est
1533 2476 1676 2509 habitus.
1703 2489 1719 2504 υ

1202 2588 1432 2631 Theopompus
1443 2589 1561 2624 Rerum
1575 2587 1828 2629 Philippicarum
1841 2586 1923 2618 libro
1939 2585 2064 2617 decimo
2079 2584 2111 2625 (a
2126 2593 2192 2625 quo

1159 2639 1236 2667 sunt
1254 2637 1311 2677 qui
1324 2638 1472 2677 separent
1488 2635 1698 2677 posteriorem
1712 2635 1849 2675 partem,
1863 2641 1938 2673 quae
1953 2632 1993 2663 de
2005 2631 2191 2672 demagogis

1158 2683 1223 2724 agit
1233 2683 1491 2723 Atheniensium)
1502 2682 1668 2715 Eubulum
1675 2681 1754 2713 dicit
1766 2681 1977 2720 demagogum
1987 2679 2193 2711 luxuriosum

1159 2730 1271 2766 fuisse.
1289 2731 1347 2763 His
1364 2732 1473 2766 autem
1488 2730 1592 2762 utitur
1610 2729 1732 2761 verbis:

1205 2779 1275 2810 «Et
1290 2778 1420 2810 luxuria
1433 2779 1466 2810 et
1481 2776 1689 2810 corradendae
1713 2775 1859 2817 pecuniae
1882 2773 1990 2806 studio
2006 2774 2041 2805 in
2062 2774 2191 2806 tantum

1161 2825 1332 2866 superavit
1359 2825 1516 2867 populum
1544 2824 1754 2857 Tarentinum
1768 2846 1777 2862 ‚
1807 2823 1844 2854 ut
1855 2845 1864 2861 ,
1895 2830 1999 2862 quum
2028 2821 2082 2853 hic
2113 2830 2192 2853 non-

1162 2872 1225 2904 nisi
1245 2872 1334 2913 quod
1355 2872 1397 2904 ad
1417 2871 1571 2903 convivia
1601 2872 1724 2911 spectat
1753 2869 1888 2901 modum
1917 2870 2027 2901 tenere
2054 2869 2193 2907 nesciat,

1163 2919 1217 2952 ille
1231 2919 1480 2952 Atheniensium
1503 2918 1556 2950 vel
1578 2918 1726 2959 publicos
1751 2915 1874 2948 reditus
1897 2915 2123 2956 largitionibus
2140 2925 2195 2948 ex-

1164 2967 1374 3000 haurirenon
1387 2966 1531 2999 desierit.
1547 2965 1754 2998 callistratus
1767 2971 1858 3002 ver0,
1873 2962 1996 3004 inquit,
2010 2963 2194 2996 Callicratls

1164 3014 1264 3054 filius,
1277 3014 1392 3047 itidem
1404 3013 1516 3054 populi
1524 3014 1648 3050 orator,
1666 3011 1708 3043 ad
1723 3010 1912 3051 voluptates
1929 3010 2061 3051 quidem
2082 3011 2196 3044 intem-

1164 3069 1280 3103 perans
1296 3061 1377 3099 erat,
1393 3061 1537 3092 ceterum
1552 3059 1586 3089 in
1601 3056 1886 3089 administratione
1898 3056 2084 3098 reipublicoe
2101 3057 2196 3091 indu-

1165 3108 1277 3141 strius.
1299 3120 1315 3135 »

1650 3152 1714 3187 96.

1208 3205 1356 3239 Eubulus
1431 3205 1629 3246 demagogus
1648 3204 1711 3238 ruit
1724 3204 1936 3246 clarissimus,
1950 3206 2086 3246 diligens
2101 3215 2139 3239 ac
2153 3207 2199 3238 in-

1169 3253 1330 3290 dustrius,
1346 3252 1404 3294 qui
1418 3252 1555 3284 multam
1570 3252 1745 3285 conficiens
1761 3252 1931 3294 pecuniam
1946 3254 2199 3286 Atheniensibus

1169 3300 1336 3333 distribuit
1351 3310 1359 3332 :
1380 3299 1467 3332 unde
1481 3298 1611 3341 accidit,
1627 3300 1664 3332 ut
1677 3308 1716 3332 eo
1736 3300 1971 3341 rempublicam
1986 3303 2117 3341 gerente
2133 3326 2142 3341 ,
2160 3302 2200 3334 ci-

1171 3348 1256 3380 vitas
1271 3348 1360 3380 iners
1385 3346 1563 3379 admodum
1586 3346 1676 3379 tieret
1706 3348 1740 3380 et
1775 3346 1914 3388 ignaviae
1947 3348 2055 3389 plena.
2086 3349 2202 3380 Narrat

1171 3396 1399 3436 Theopompus
1414 3394 1497 3427 libro
1513 3394 1640 3427 decimo
1658 3393 1922 3436 Philippicorum.
