2202 3658
950 121 1238 162 PRAEFATIO.
1934 126 1987 157 111

279 217 463 266 Ordine
489 222 743 260 auctorum
772 211 838 256 ita
865 210 1148 268 constituto,
1179 210 1483 271 singulorum
1503 206 1780 270 fragmenta,
1810 206 1988 270 quibus

217 310 342 344 nova
381 307 481 338 non
514 303 667 352 pauca
708 302 736 332 a
772 284 916 331 nobis
951 284 1114 331 addita
1151 295 1289 343 sunt,
1328 283 1510 348 ubique
1546 284 1610 330 ita
1639 283 1863 329 ordinare
1888 293 1989 329 stu-

215 374 437 430 duimus,
461 379 543 427 ut,
569 375 808 432 quantum
838 365 941 428 ejus
972 363 1075 410 fieri
1097 374 1310 427 poterat,
1346 363 1518 427 integri
1544 364 1702 427 operis
1737 362 1993 426 dispositio

208 452 604 508 adumbraretur;
633 446 767 513 quod
797 462 952 510 quum
974 446 1256 510 primarium
1286 446 1668 509 fragmentorum
1696 446 1896 492 editoris
1924 446 1994 491 of·

215 513 382 581 ficium
397 533 473 590 sit,
497 548 551 578 ac
570 546 734 577 revera
753 528 973 593 plerique
999 543 1221 590 magnam
1240 527 1356 574 huic
1384 529 1452 574 rei
1475 546 1671 593 operam
1698 529 1994 585 navaverint‚

215 632 243 662 a
267 613 516 661 nonnullis
541 622 702 659 tamen
730 627 785 657 ea
809 619 891 656 aut
909 607 1052 673 plane
1071 607 1284 671 neglecta
1302 618 1389 668 est,
1415 619 1497 655 aut
1527 611 1689 657 minus
1718 610 1917 656 feliciter
1941 609 1998 654 iis

218 696 462 743 successit.
505 697 564 740 Ut
591 691 771 740 deinde
788 700 1042 738 contextus
1067 689 1327 737 verborum
1352 690 1413 736 ad
1431 706 1592 736 veram
1616 691 2000 754 uniuscujusque

217 779 427 825 auctoris
446 777 734 840 scripturam
754 790 898 837 quam
920 773 1138 837 proxime
1159 771 1429 830 accederet,
1451 773 1785 820 consuluimus
1810 784 1857 820 et
1876 774 2002 837 opti-

218 878 318 908 mas
341 870 559 907 veterum
589 859 882 922 scriptorum
918 855 1180 914 editiones,
1205 867 1280 913 et,
1318 855 1405 902 ubi
1435 855 1604 914 licuit,
1640 857 1792 902 libros
1829 873 2002 903 manu-

219 944 439 1007 scriptos
461 944 580 999 Quae
611 940 825 1003 denique
864 955 891 985 a
912 939 1029 986 viris
1052 938 1209 985 doctis
1233 937 1367 984 aliud
1403 937 1658 1000 agentibus
1687 939 1846 986 oblata
1872 956 2005 985 occa-

220 1026 357 1073 sione
382 1026 432 1071 in
463 1024 642 1071 nostris
668 1022 947 1086 fragmentis
974 1021 1228 1068 emendata
1253 1022 1598 1080 innotuerunt,
1622 1021 1873 1084 diligenter
1891 1039 2006 1068 eno-

223 1108 443 1156 tavimus.
467 1108 572 1163 Qua
593 1122 650 1152 ex
674 1114 810 1169 parte
831 1104 871 1151 si
898 1103 1152 1163 nonnulla,
1182 1103 1259 1149 vel
1279 1103 1424 1150 etiam
1453 1103 1617 1162 multa,
1649 1121 1740 1150 nos
1765 1104 2005 1165 fugerunt,

220 1189 273 1236 id
293 1189 446 1236 lector
467 1187 734 1235 benevolus
763 1202 864 1233 non
892 1196 989 1233 tam
1012 1185 1308 1248 negligentiae
1330 1195 1505 1232 nostrae
1537 1186 1844 1249 imputaverit
1862 1202 2009 1248 quam

222 1272 436 1336 penuriae
453 1270 762 1335 supellectilis
788 1270 1018 1316 literariae.

289 1354 494 1401 Uberior
514 1352 768 1399 annotatio
791 1367 989 1397 omnem
1015 1351 1239 1397 lectionis
1260 1351 1537 1398 varietatem
1558 1367 1848 1398 enumerans
1867 1361 2011 1415 atque

229 1434 374 1482 verba
400 1444 447 1480 et
491 1450 566 1479 res
602 1449 948 1497 usquequaque
982 1433 1228 1479 illustrans
1263 1431 1324 1479 ab
1358 1431 1587 1479 editionis
1627 1432 1773 1496 hujus
1807 1434 2011 1480 consilio

225 1531 425 1579 prorsus
447 1513 688 1561 abhorret.
714 1516 831 1559 Nam
850 1522 1168 1576 praeterquam
1187 1512 1323 1577 quod
1339 1513 1610 1560 cavendum
1633 1525 1733 1560 erat
1747 1550 1759 1573 ,
1782 1531 1843 1561 ne
1862 1515 2011 1562 moles

225 1598 337 1645 libri
377 1599 426 1644 in
453 1598 748 1644 immensum
781 1605 1095 1655 accresceret,
1121 1612 1229 1660 quae
1259 1595 1322 1643 ad
1349 1595 1612 1643 verborum
1646 1596 2011 1660 intelligentiam

226 1696 253 1726 a
282 1680 571 1739 lectoribus,
593 1679 774 1744 quibus
796 1695 977 1742 graecus
997 1694 1156 1726 sermo
1185 1679 1347 1726 minus
1368 1689 1440 1726 est
1461 1679 1727 1739 familiaris,
1755 1680 2014 1727 desiderari

228 1763 451 1826 possint,
489 1763 645 1810 versio
682 1762 960 1826 suppeditat
991 1762 1166 1820 latina,
1200 1778 1349 1825 quam
1387 1773 1641 1825 propterea
1679 1779 2011 1827 saepenumero

230 1843 509 1890 liberiorem
538 1843 789 1901 dedimus,
821 1860 922 1890 non
955 1853 1053 1890 tam
1087 1844 1138 1890 id
1171 1853 1363 1907 agentes
1393 1853 1448 1890 ut
1474 1844 1676 1891 verbum
1704 1845 2015 1892 redderemus

229 1926 406 1986 verbo,
436 1943 582 1991 quam
619 1936 674 1973 ut
701 1928 994 1974 sententiam
1027 1928 1239 1974 auctoris
1273 1928 1583 1991 aperiremus.
1622 1932 1788 1992 Itaque
1817 1930 2016 1975 nonnisi

232 2008 318 2055 ubi
344 2008 608 2071 majoribus
635 2008 1003 2056 difficultatibus
1026 2026 1099 2056 res
1122 2010 1478 2073 impediuntur,
1503 2022 1653 2069 notae,
1682 2028 1845 2074 eaeque
1871 2028 2017 2074 quam

232 2091 543 2149 brevissimae,
576 2089 891 2155 subjiciendae
935 2101 1086 2138 erant.
1131 2091 1186 2138 Id
1234 2092 1370 2156 quod
1414 2092 1614 2138 fecimus
1655 2093 1803 2139 modo
1842 2094 2018 2140 nostris

238 2173 428 2232 verbis,
454 2173 603 2220 modo
637 2174 872 2237 appositis
903 2190 1016 2220 cum
1048 2175 1264 2221 nominis
1292 2175 1429 2237 signo
1457 2176 1673 2239 priorum
1701 2177 2018 2240 interpretum

238 2254 759 2302 animadversionibus.
796 2258 952 2313 Quam
989 2257 1226 2303 rationem
1261 2258 1311 2303 in
1352 2257 1467 2305 solis
1501 2259 1707 2305 Hecataei
1743 2259 2018 2322 fragmentis

238 2337 552 2400 reliquimuS‚
588 2336 676 2383 ubi
716 2354 824 2401 quae
869 2338 918 2384 in
961 2338 1090 2385 notis
1128 2338 1356 2401 leguntur
1395 2339 1560 2385 omnia
1601 2350 1716 2387 sunt
1762 2341 2016 2388 Clausenii.

234 2421 392 2476 Quare
428 2434 528 2463 non
557 2427 658 2464 erat
686 2434 773 2465 cur
804 2420 1014 2466 auctoris
1052 2436 1231 2467 nomen
1265 2419 1650 2484 adpingeremus.
1688 2424 1757 2468 De
1790 2423 1847 2468 iis
1885 2424 2016 2469 enim

235 2500 535 2562 fragmentis,
568 2517 675 2563 quae
705 2500 990 2548 Clausenius
1018 2501 1271 2566 Porphyrii
1306 2503 1585 2550 testimonio
1615 2503 1730 2550 fisus
1762 2505 1834 2550 vel
1858 2505 2016 2567 conje—

234 2582 383 2628 cturis
393 2591 440 2627 et
450 2582 681 2645 speciosis
695 2584 1194 2645 argumentationibus
1209 2588 1429 2631 Hecataeo
1448 2602 1537 2633 suo
1557 2585 1845 2644 vindicavit,
1864 2603 2017 2649 quum

235 2679 261 2709 a
290 2664 378 2710 viri
407 2663 538 2710 docti
566 2665 757 2728 judicio
792 2665 937 2712 nobis
976 2667 1305 2714 recedendum
1340 2678 1491 2725 esset,
1527 2685 1685 2731 neque
1721 2685 1834 2714 vero
1869 2668 2019 2716 tribus

235 2743 398 2791 verbis
440 2760 515 2791 res
556 2746 797 2810 profligari
835 2758 1026 2812 posset,
1067 2749 1266 2796 editoris
1308 2760 1588 2813 argumenta
1626 2750 1876 2812 ipsissimis
1918 2753 2020 2814 ejus

235 2825 396 2873 verbis
422 2826 766 2893 adscripsimus
793 2841 1010 2878 nostram
1037 2833 1326 2879 sententiam
1351 2833 1607 2896 separatim
1630 2833 1910 2895 exposituri.

300 2910 356 2954 In
389 2910 556 2973 paucis
593 2911 687 2958 illis
727 2911 962 2960 Charonis
998 2924 1046 2960 et
1079 2914 1257 2960 Xanthi
1297 2914 1511 2977 reliquiis
1545 2914 1833 2977 plerumque
1867 2919 2018 2963 secuti

238 3005 405 3036 sumus
421 2991 726 3038 Creuzerum.
745 2996 800 3039 In
822 2994 1088 3054 Hellanico,
1111 2994 1398 3058 Pherecyde,
1419 2995 1660 3054 AcusilaO,
1682 2996 1848 3043 relicto
1868 3014 2011 3060 quem

238 3072 451 3119 Sturzius
476 3073 724 3138 adoptavit
750 3076 944 3136 ordine,
978 3093 1155 3124 novam
1186 3076 1299 3123 dare
1328 3077 1618 3139 fragminum
1644 3077 2014 3142 dispositionem

243 3154 545 3202 tentavimus.
567 3159 672 3214 Qua
697 3157 746 3204 in
772 3174 839 3217 re,
863 3158 998 3222 quod
1011 3159 1072 3205 ad
1099 3159 1437 3223 Pherecydem,
1462 3177 1560 3207 non
1583 3161 1839 3208 minimum
1865 3162 2017 3226 adjuti

241 3251 407 3282 sumus
441 3236 777 3287 dissertatione
809 3243 1018 3305 Augusti·
1034 3241 1243 3288 Matthiae
1266 3242 1503 3291 Analectis
1528 3244 1767 3291 Literariis
1791 3244 2016 3291 Friderici

243 3317 440 3378 Augusti
471 3320 636 3368 Wolfii
662 3324 801 3388 (tom.
838 3327 876 3381 Ι,
902 3324 928 3384 §
958 3326 1024 3378 II,
1045 3340 1093 3387 p.
1125 3323 1356 3387 321-331)
1381 3325 1558 3372 inserta
1583 3336 1726 3390 atque
1755 3343 1811 3374 ex
1839 3337 1972 3390 parte
1993 3344 2017 3372 a

1835 3417 1868 3440 (1.
