2320 3684
889 119 1084 160 EPHORI
1112 123 1446 170 FRAGMENTA.

164 259 305 299 Strabo
324 263 429 309 VIII,
447 275 486 312 p.
507 261 580 310 57¹7
601 275 610 299 t
628 261 779 316 Ἔφορος
795 263 825 302 δ’
839 265 875 303 ἐν
891 265 1017 319 Αἰγίνῃ
1035 266 1142 320 ἄργυ-

112 333 170 371 ρον
190 321 327 372 πρῶτον
347 319 500 366 κοπῆναί
519 334 623 374 φησιν
646 321 714 359 ὑπὸ
730 323 909 369 Φείδωνος
921 340 930 348 ·
956 325 1140 379 ἐμπορεῖον

110 376 176 430 γὰρ
207 377 388 429 γενέσθαι,
420 377 477 417 διὰ
502 378 566 426 τὴν
595 380 800 434 λυπρότητα
832 385 896 430 τῆς
924 382 1044 437 χώρας
1069 387 1139 423 τῶν

109 435 301 489 ἀνθρώπων
323 437 673 490 θαλαττουργούντων
698 441 920 495 ἐμπορικῶς,
942 444 999 496 ἀφ’
1016 437 1056 482 οῧ
1079 443 1137 482 τὸν

109 495 224 546 ῥῶπον
245 497 424 547 Αἰγιναῖον
448 497 613 547 ἓμπολεῖν
634 498 808 550 λέγεσθαι.

278 616 466 663 Scymnus
492 615 612 653 Chius
633 630 689 654 vs.
716 616 790 662 542
813 633 822 656 ε

227 678 374 719 Πρώτους
386 679 419 710 δὲ
433 679 555 721 Κρῆτάς
572 691 646 721 φασι
662 684 716 719 τῆς
729 682 911 722 Ἑλληνικῆς

227 724 313 766 ἄρξαι
329 725 494 766 θαλάττης,
508 727 544 763 ἅς
559 738 593 759 τε
605 728 789 766 νησιωτίδας

227 771 331 808 πόλεις
346 776 534 815 κατασχεῖν,
546 774 581 811 ἅς
597 786 630 806 τε
644 775 698 806 καὶ
715 776 891 809 συνοικίσαι

227 819 330 850 αὐτῶν
343 819 474 863 Ἔφορος
491 820 629 863 εἴρηκεν,
649 822 726 854 εἶναι
739 823 814 864 φησί
827 834 860 855 τε

226 866 388 907 ἐπώνυμον
402 868 458 906 τὴν
471 871 566 907 νῆσον
582 868 644 901 ἀπὸ
662 869 780 912 Κρητός
798 881 898 911 τινος,

223 915 279 943 τοῦ
295 913 332 952 δὴ
348 915 514 955 γενομένου
532 916 684 956 βασιλέως
699 916 896 958 αὐτόχθονος.

223 961 327 992 Πλοῦν
340 961 455 1004 ἡμέρας
467 962 594 1005 ἀπέχειν
609 963 642 994 δὲ
656 967 710 1002 τῆς
727 965 926 1003 Λακωνικῆς.

152 1071 292 1110 strabo
306 1076 360 1124 X,
375 1087 414 1125 p.
437 1075 509 1122 735
524 1090 531 1112 :
548 1076 623 1114 Τοῦ
639 1074 675 1113 δὲ
691 1078 838 1123 ποιητοῦ
851 1075 893 1114 τὸ
907 1074 971 1126 μὲν
984 1075 1134 1128 ἑκατόμ-

97 1131 199 1169 πολιν
222 1130 382 1183 λέγοντος
392 1134 456 1179 τῆν
473 1132 619 1186 Κρήτην
641 1135 698 1185 (Il.
717 1137 768 1182 11,
788 1135 878 1184 649,
904 1134 971 1172 ubi
987 1139 1132 1174 Eusta-

98 1189 202 1227 thius
216 1191 366 1242 Ephori
383 1193 587 1241 meminit),
606 1192 646 1231 τὸ
662 1192 696 1232 δὲ
712 1193 1026 1240 ἕνενηκοντάπολιν
1041 1194 1132 1246 (Οά.

96 1250 219 1296 XIX,
241 1248 519 1305 174),’“Έφορος
536 1251 599 1304 μὲν
620 1251 762 1306 ὕστερον
797 1254 1044 1299 ἐπικτισθῆναι
1067 1252 1132 1298 τὰς

97 1307 183 1347 δέκα
198 1308 286 1362 φησὶ
307 1309 397 1360 μετὰ
411 1309 457 1349 τὰ
476 1311 624 1364 Τρωϊκὰ
635 1341 646 1360 ,
667 1310 734 1349 ὑπὸ
747 1313 816 1349 τῶν
834 1314 885 1364 τῷ
903 1311 1130 1364 Ἀλθαιμένει

95 1369 146 1421 τῷ
161 1368 303 1422 Ἀργείῳ
315 1370 688 1418 συνακολουθησάντων
703 1370 866 1424 Δωριέων
883 1387 892 1395 ·
907 1371 965 1410 τὸν
987 1370 1051 1423 μὲν
1070 1366 1129 1410 οῧν

95 1425 275 1465 Ὀδυσσέα
295 1427 390 1480 λέγει
410 1428 721 1476 ἐνενηκοντάπολιν
736 1430 920 1481 ὀνομάσαι.
937 1425 1049 1475 Οῧτος
1067 1430 1130 1483 μὲν

95 1479 156 1524 οὗν
176 1486 319 1530 πιθανός
341 1488 435 1526 ἐστιν
455 1491 474 1527 ὃ
492 1488 605 1539 λόγος.
623 1492 669 1527 In
690 1489 818 1527 Iliadis
833 1490 936 1526 enim
958 1503 1071 1527 versu
1089 1491 1129 1528 ἐκ

97 1547 159 1583 τοῦ
184 1544 272 1584 ἷδίου
291 1546 482 1600 προσώπου
504 1547 619 1599 λέγει,
640 1549 680 1586 in
697 1548 883 1598 Odysseae
900 1548 939 1585 ἐκ
960 1550 1031 1587 τῶν
1050 1547 1130 1588 τότε

91 1602 202 1642 ὄντων
220 1604 312 1648 τινὸς
325 1599 368 1652 ἦν
391 1610 409 1645 ὁ
428 1605 541 1657 λόγος.

146 1664 364 1714 Stephanus
381 1677 419 1703 v.
436 1666 539 1703 Βοῖον
556 1679 566 1703 :
585 1662 693 1704 Ἔστι
708 1663 809 1704 Βοιαὶ
820 1663 879 1702 καὶ
899 1664 1045 1718 Κρήτης
1061 1664 1130 1704 πό-

93 1723 171 1767 λις·
200 1726 219 1762 ὁ
241 1723 388 1772 πολίτης
416 1722 605 1772 Βοιάτης...
629 1724 770 1776 λέγεται
795 1723 856 1763 καὶ
885 1726 1048 1774 Βοιαῐος,
1081 1728 1127 1769 ὡς

93 1780 257 1837 Ἔφορος.

575 1843 640 1882 63.

141 1900 283 1939 Strabo
297 1904 349 1950 X,
367 1915 405 1953 p.
428 1903 504 1950 370
519 1916 527 1940 :
543 1901 607 1946 Ὡς
623 1900 652 1940 δ’
673 1900 808 1956 εἴρηκεν
827 1901 994 1956 Ἔφορος,
1012 1901 1125 1948 ζηλω-

87 1957 150 2006 τὴς
159 1962 178 1998 ὃ
191 1959 311 2004 Μίνως
325 1960 473 2014 ἀρχαίου
486 1962 578 2005 τινὸς
591 1960 871 2013 Ῥαδαμάνθυος,
894 1961 1119 2000 δικαιοτάτου

88 2019 231 2072 ἀνδρὸς,
251 2019 440 2071 ὁμωνύμου
457 2024 519 2060 τοῦ
542 2021 692 2075 ἀδελφοῦ
713 2023 831 2070 αὐτοῦ,
849 2021 885 2065 ὃς
902 2023 1039 2075 πρῶτος
1054 2019 1117 2067 τὴν

86 2080 194 2124 ν’ῆσον
216 2079 442 2132 ἐξημερῶσαι
473 2080 566 2118 δοκεῖ
588 2079 752 2131 νομίμοις
781 2081 842 2119 καὶ
877 2085 1117 2130 συνοικισμοῖς

571 2191 634 2225 60.

126 2246 272 2287 Ephorus
287 2246 321 2278 in
334 2247 441 2288 AEgina
458 2248 565 2288 primo
582 2250 753 2289 argentum
770 2258 788 2281 a
800 2249 944 2281 Phidone
959 2256 1117 2280 excusum

84 2293 184 2326 fuisse
196 2293 308 2326 scribit
326 2304 334 2325 :
352 2303 454 2335 quum
470 2303 508 2327 ea
523 2295 630 2328 insula
649 2298 734 2329 esset
752 2297 837 2328 sacta
853 2297 1053 2337 emporium,
1071 2295 1118 2327 in-

83 2341 206 2373 sulanis
219 2341 262 2373 ob
275 2344 371 2374 terrae
387 2343 590 2375 sterilitatem
605 2343 639 2375 in
654 2345 738 2376 mari
753 2344 993 2384 negotiantibus
1005 2368 1014 2383 ,
1030 2343 1116 2376 unde

83 2391 116 2421 et
134 2388 198 2421 dici
214 2390 379 2431 coeptum,
403 2389 554 2431 Aliquem
575 2390 653 2423 viles
675 2392 890 2432 AEginetarum
906 2400 1030 2423 merces
1053 2392 1116 2423 tra-

83 2438 184 2469 ctare.

125 2543 249 2575 Primos
271 2545 381 2576 autem
406 2544 574 2577 Cretenses
603 2546 696 2578 aiunt
722 2545 888 2578 Helleuico
908 2546 989 2577 mari
1017 2546 1115 2587 impe·

82 2599 188 2631 rasse,
212 2595 244 2624 et
271 2593 464 2625 insularium
484 2593 616 2625 urbium
641 2594 801 2634 quasdam
826 2603 1020 2635 occupasse,
1046 2596 1113 2626 imo

81 2640 239 2680 quasdam
253 2640 437 2673 condidisse
450 2641 579 2673 illarum
593 2642 739 2682 Ephorus
752 2642 854 2681 dixit;
870 2642 980 2683 aitque
993 2651 1112 2675 nomen

80 2688 208 2719 nactam
225 2687 324 2719 fuisse
337 2688 478 2721 insulam
497 2698 516 2720 a
532 2692 625 2721 Crete
639 2689 780 2730 quodam
791 2714 800 2730 ,
817 2690 873 2730 qui
890 2699 945 2722 rex
962 2691 1111 2731 indigena

80 2734 142 2767 fuit
159 2745 166 2766 :
182 2735 387 2776 navigatione
399 2739 509 2769 autem
522 2737 586 2769 diei
599 2736 720 2769 distare
733 2747 752 2769 a
765 2737 933 2770 Laconica.

562 2791 626 2824 62.

118 2845 189 2873 Jam
204 2850 305 2883 quum
325 2843 422 2884 poeta
434 2844 560 2875 Cretam
578 2843 656 2875 alias
672 2844 821 2884 centum,
840 2844 917 2877 alias
934 2844 1108 2885 nonaginta

78 2887 173 2920 urbes
199 2890 316 2922 habere
342 2891 454 2922 dicat:
475 2891 623 2931 Ephorus
643 2895 752 2923 censet
776 2892 889 2924 decem
915 2893 1011 2924 urbes
1035 2894 1109 2933 post

77 2935 152 2968 belli
176 2938 305 2976 Trojani
329 2939 555 2979 tempestatem
573 2939 720 2971 conditas
735 2939 835 2971 fuisse
850 2949 868 2971 a
886 2941 1106 2980 Doriensibus,

77 2983 132 3023 qui
162 2992 200 3014 eo
227 2984 330 3016 secuti
357 2987 433 3017 sunt
459 2986 697 3018 Althaemenem
721 2986 903 3026 Argivum:
923 2988 1035 3029 itaque
1061 2990 1107 3022 ait

77 3031 223 3070 Ulyssem
238 3032 411 3072 introduci,
424 3033 480 3074 qui
496 3033 669 3073 nonaginta
691 3034 789 3066 urbes
804 3034 834 3066 ei
850 3034 983 3067 tribuat.
1001 3037 1106 3077 Atque

77 3077 147 3110 haec
159 3079 290 3119 quidem
304 3081 408 3112 oratio
422 3082 473 3112 est
490 3081 686 3113 verisimilis.

117 3129 265 3159 Boeum...
289 3130 413 3160 suntet
429 3132 511 3160 Boeae
535 3129 692 3170 oppidum
713 3130 817 3162 Cretae
829 3154 839 3170 ,
855 3130 949 3170 cujus
973 3131 1106 3172 oppida-

76 3180 136 3204 nus
147 3197 156 3214 ,
173 3176 336 3207 Boeates...
352 3175 478 3207 Dicitur
495 3185 624 3217 quoque
639 3181 779 3218 Boeaeus,
799 3178 835 3209 ut
847 3177 888 3209 ab
900 3178 1039 3216 Ephoro.

583 3230 646 3264 63.

115 3280 259 3320 Ephorus
290 3279 359 3320 ait,
384 3281 529 3316 Minoem
562 3282 662 3315 fuisse
697 3282 894 3315 imitatorem
932 3285 1100 3324 cujusdam

2153 155 2230 190 249

1203 212 1339 253 πόλεων
1359 217 1420 255 καὶ
1437 215 1627 265 πολῖτείαις
1638 250 1648 269 ,
1667 224 1892 278 σκηψάμενος
1904 227 1999 283 παρὰ
2014 230 2096 276 Διὸς
2114 234 2229 287 φέρειν

1201 271 1334 313 ἕκαστα
1364 280 1434 316 τῶν
1466 281 1654 332 τιθεμένων
1683 284 1867 337 δογμάτων
1888 290 1935 332 εἰς
1955 289 2074 341 μέσον.
2095 294 2228 334 Τοῦτον

1201 331 1237 368 δὲ
1272 334 1486 387 μιμούμενος
1522 340 1582 378 καὶ
1612 343 1631 380 ὁ
1663 343 1784 390 Μίνως
1822 346 1866 384 δι’
1900 347 2000 387 ἐννέα
2038 352 2142 401 ἐτῶν,
2182 357 2228 398 ὡς

1200 387 1322 439 ἔοικεν,
1342 394 1538 435 ἀναὸαίνων
1553 399 1610 438 ἐπὶ
1630 399 1668 438 τὸ
1686 405 1746 440 τοῦ
1763 402 1844 448 Διὸς
1865 403 2001 459 ἄντρον,
2017 409 2078 447 καὶ
2092 411 2228 465 διατρί-

1200 447 1270 486 Gom
1290 451 1420 501 ἐνθάδε,
1439 456 1545 508 ἀπῄει
1561 461 1820 512 συντεταγμένα
1837 462 1928 515 ἔχων
1945 468 2228 520 παραγγέλματά

1198 522 1295 557 τινα,
1317 508 1339 546 ἃ
1355 509 1504 565 ἔφασκεν
1522 510 1610 554 εἶναι
1626 522 1687 556 τοῦ
1707 519 1789 564 Διὸς
1813 509 2088 576 προστάγματα·
2109 529 2168 582 ἀφ’
2187 523 2228 576 ἧς

1199 566 1311 610 αἰτίας
1344 570 1403 607 καὶ
1431 572 1489 611 τὸν
1532 576 1681 624 ποιητὴν
1708 578 1817 625 οὕτως
1847 582 2023 636 εἰρηκέναι
2063 578 2074 630 (
2091 588 2225 639 Odyss.

1198 627 1313 678 XIX,
1334 619 1423 676 178)
1439 646 1448 654 ·

1758 703 1885 738 Ἐνθάδε
1898 706 2003 745 Μίνως

1299 738 1445 784 ἐννέωρος
1459 744 1602 785 βασίλευε
1617 746 1689 784 Διὸς
1703 749 1836 791 μεγάλου
1849 753 2006 796 ὀαριστής.

1272 804 1384 860 Ὑπὲρ
1410 805 1446 844 δὲ
1472 811 1535 855 τῆς
1573 810 1718 863 Κρήτης
1747 816 1991 869 ὁμολογεῖται,
2020 819 2107 858 διότι
2133 821 2226 861 κατὰ

1196 861 1274 907 τοὺς
1299 865 1470 910 παλαιοὺς
1494 867 1639 921 χρόνους
1662 871 1848 924 ἐτύγχανεν
1886 878 2122 929 εὐνομουμένη
2138 911 2147 928 ,
2166 881 2226 920 καὶ

1196 922 1353 970 ζηλωτὰς
1368 926 1494 973 ἑαυτῆς
1513 926 1592 972 τοὺς
1617 928 1776 982 ἀρίστους
1796 936 1864 972 τῶν
1885 935 2065 984 Ἑλλήνων
2084 938 2225 993 ἀπέφη-

1195 997 1250 1019 νεν
1267 998 1274 1005 ·
1305 984 1340 1020 ἐν
1379 983 1416 1022 δὲ
1439 991 1509 1029 τοῖς
1537 986 1689 1039 πρώτοις
1719 992 2036 1044 Λακεδαιμονίους,
2067 998 2224 1052 καθάπερ

1195 1039 1347 1080 Πλάτων
1366 1045 1456 1082 τεέν
1476 1051 1548 1090 τοῖς
1568 1045 1698 1097 Νόμοις
1731 1049 1849 1098 δηλοῖ,
1870 1051 1929 1090 καὶ
1950 1050 2102 1108 Ἔφορος
2122 1059 2157 1095 ἐν
2179 1060 2223 1105 τῆ

1195 1099 1372 1152 Εὐρώπης
1401 1104 1563 1157 πολιτείᾳ
1585 1105 1666 1156 (ΤΖ.
1682 1110 1827 1145 mavult
1846 1111 1881 1147 ἐν
1903 1113 1966 1157 τ’ῆς
1987 1114 2160 1166 Εὐρώπης
2179 1119 2223 1163 τῆ

1192 1159 1366 1213 πολιτείᾳ.
1394 1165 1515 1200 Marx.
1534 1164 1648 1202 scrib.
1671 1175 1784 1217 putat
1811 1169 1846 1206 ἓν
1872 1171 1915 1221 τῇ
1949 1172 2125 1226 Εὐρώπη,
2159 1174 2223 1222 τὴν

1191 1218 1396 1270 πολιτείαν)
1410 1221 1663 1276 ἀναγέγραφεν.
2086 1216 2092 1226 ⁸

1246 1286 1391 1324 Eadem
1407 1287 1486 1325 sere
1500 1288 1618 1326 Clem.
1636 1291 1740 1329 Alex.
1757 1295 1899 1330 Strom.
1915 1297 1944 1342 Ι,
1959 1308 1996 1346 p.
2017 1301 2093 1340 422
2123 1301 2222 1337 Pott.

1191 1346 1391 1384 nominato
1411 1356 1593 1394 auctore3
1613 1350 1796 1390 Nicolaus
1816 1356 1993 1392 Damasc,
2014 1368 2052 1406 p.
2074 1356 2147 1395 158
2163 1358 2221 1395 ed.

1191 1405 1295 1457 Lips.
1318 1406 1462 1444 fontem
1485 1408 1624 1446 celans.

1684 1474 1747 1513 64.

1243 1540 1383 1580 Strabo
1401 1544 1456 1589 X,
1472 1555 1512 1594 p.
1532 1543 1607 1591 735
1630 1558 1639 1581 ε
1661 1546 1737 1591 Τῆς
1754 1544 1790 1584 δὲ
1807 1545 1996 1596 πολιτείας,
2012 1541 2054 1595 ἧς
2069 1548 2222 1604 Ἔφορος

1190 1597 1366 1652 ἀνέγραψε
1378 1629 1388 1648 ,
1408 1599 1452 1639 τὰ
1471 1601 1688 1655 κυριώτατά
1702 1605 1908 1659 ἐπιδραμεῖν
1930 1606 2166 1659 ἀποχρώντως
2178 1608 2220 1649 ἂν

1188 1658 1276 1711 ἔχοι.
1292 1662 1399 1699 Δοκεῖ
1421 1661 1480 1709 δὲ,
1501 1661 1625 1714 φησὶν,
1650 1665 1669 1701 ὃ
1693 1664 1884 1715 νομοθέτης
1908 1665 2073 1718 μέγιστον
2095 1668 2222 1707 ὑποθέ-

1188 1721 1268 1757 σθαι
1284 1725 1362 1763 ταῖς
1378 1719 1521 1758 πόλεσιν
1540 1720 1688 1772 ἀγαθὸν,
1703 1721 1765 1769 τὴν
1782 1724 1978 1778 ἐλευθερίαν
1995 1741 2003 1749 ·
2021 1724 2131 1776 μόνην
2153 1726 2220 1781 γὰρ

1185 1777 1319 1825 ταύτην
1348 1778 1421 1816 ἴδια
1445 1785 1557 1818 ποιεῖν
1578 1783 1647 1819 τῶν
1681 1782 1914 1833 κτησαμένων
1940 1784 2077 1835 τάγαθά
2092 1800 2101 1808 ·
2125 1784 2170 1824 τὰ
2189 1786 2219 1824 δ’

1186 1839 1222 1876 ἐν
1244 1837 1382 1891 δουλείᾳ
1400 1841 1469 1877 τῶν
1493 1838 1674 1893 ἀρχόντων
1688 1870 1699 1891 ,
1724 1841 1802 1879 ἀλλ’
1822 1842 1902 1893 οὐχὶ
1918 1844 1988 1881 τῶν
2009 1844 2215 1897 ἀρχομένων

1184 1890 1272 1936 εἶναι
1292 1912 1300 1920 ·
1330 1904 1401 1941 τοῖς
1433 1898 1462 1936 δ’
1479 1896 1599 1950 ἔχουσι
1624 1897 1756 1946 ταύτην
1774 1900 1932 1954 φυλακῆς
1947 1902 2016 1940 δεῖν
2033 1918 2041 1926 ·
2060 1902 2125 1950 τὴν
2151 1903 2213 1955 μὲν

1184 1951 1242 1996 oliv
1261 1956 1422 2009 ὁμόνοιαν
1445 1957 1673 2009 διχοστασίας
1696 1958 1905 2012 αἱρουμένης
1920 1962 2078 2015 ἀπαντᾷν
2091 1963 2136 2011 ,ἢ
2159 1962 2216 2015 γί-

1183 2032 1279 2055 νεται
1298 2015 1355 2054 διὰ
1375 2016 1576 2061 πλεονεξίαν
1594 2016 1654 2055 καὶ
1674 2014 1810 2072 τρυφήν
1826 2034 1834 2042 ·
1853 2018 2040 2072 σωφρόνως
2067 2020 2134 2074 γὰρ
2156 2020 2215 2059 καὶ

1182 2078 1287 2120 λιτῶς
1306 2079 1410 2122 ζῶσιν
1428 2076 1573 2125 ἅπασιν,
1591 2076 1668 2115 οὔτε
1688 2077 1823 2130 φθόνον,
1844 2078 1914 2116 οὔθ’
1930 2078 2043 2132 ὕὸριν,
2058 2078 2135 2117 οὔτε
2153 2086 2216 2130 μῖ-

1178 2182 1278 2223 ipsius
1290 2205 1300 2221 ‚
1317 2181 1375 2222 qui
1388 2181 1511 2222 primus
1524 2181 1662 2213 insulam
1677 2182 1801 2213 seratur
1817 2182 1977 2215 cicurasse
1994 2183 2115 2223 legibus
2137 2193 2211 2216 con-

1177 2229 1291 2261 dendis
1311 2230 1344 2261 et
1358 2229 1494 2261 urbibus
1507 2238 1545 2260 ac
1563 2228 1802 2269 rebuspublicis
1817 2239 1825 2261 ε
1844 2239 1945 2271 quum
1964 2230 2100 2270 fingeret
2115 2254 2124 2270 ‚
2143 2241 2177 2264 se
2193 2242 2212 2265 a

1176 2282 1254 2309 Jove
1270 2277 1386 2308 afferre
1400 2276 1525 2314 singula
1539 2285 1614 2316 quae
1627 2277 1854 2317 promulgabat
1868 2278 2008 2310 decreta.
2026 2279 2121 2309 Illum
2134 2287 2211 2319 ergo

1175 2325 1365 2357 aemulatum
1378 2324 1531 2364 Minoem,
1543 2332 1645 2364 quum
1658 2333 1716 2364 per
1724 2334 1826 2356 annos
1836 2334 1966 2365 novem,
1980 2326 2017 2357 nt
2028 2325 2168 2364 videtur,
2180 2327 2212 2358 in

1175 2374 1268 2404 antro
1282 2372 1369 2404 Jovis
1384 2374 1471 2403 esset
1494 2374 1714 2403 commoratus
1726 2396 1735 2410 ‚
1759 2373 1942 2413 conscripta
1959 2373 2109 2413 quaedam
2132 2382 2212 2413 prae-

1174 2422 1269 2460 cepta
1282 2419 1430 2452 attulisse
1442 2443 1451 2459 ‚
1469 2428 1610 2459 quorum
1625 2421 1791 2451 auctorem
1807 2424 1919 2451 Jovem
1938 2420 2056 2451 faceret
2074 2429 2082 2450 ε
2100 2419 2210 2460 itaque

1173 2469 1206 2498 et
1217 2470 1400 2499 Homerum
1413 2466 1454 2498 de
1470 2474 1508 2498 eo
1521 2466 1569 2498 sic
1583 2466 1750 2507 scripsisse
1768 2477 1776 2498 :

1866 2514 1915 2544 Ibi
1931 2514 2034 2543 Minos

1296 2563 1458 2602 regnavit,
1472 2568 1520 2592 ter
1534 2568 1596 2592 tres
1609 2564 1662 2602 qui
1677 2562 1850 2601 discipulus
1865 2562 1925 2591 fuit
1938 2573 2035 2591 annos

1297 2611 1436 2649 supremi
1448 2609 1543 2639 Jovis.

1213 2658 1259 2686 De
1272 2659 1366 2688 Creta
1379 2656 1412 2687 in
1431 2657 1576 2688 confesso
1587 2655 1650 2687 hoc
1663 2656 1724 2696 est,
1740 2656 1854 2696 priscis
1866 2664 1937 2687 eam
1950 2656 2150 2696 temporibus
2162 2657 2206 2690 le-

1170 2702 1266 2742 gibus
1279 2704 1414 2744 optimis
1425 2704 1523 2736 fuisse
1539 2704 1766 2744 compositam,
1783 2704 1919 2742 ideoque
1933 2703 1973 2735 ad
1988 2704 2038 2735 sui
2052 2704 2206 2737 imitatio-

1170 2759 1244 2782 nem
1257 2752 1453 2791 pertraxisse
1466 2756 1651 2784 Graecorum
1666 2750 1960 2791 praestantissimos,
1978 2752 2077 2792 inque
2088 2752 2204 2792 primis

1170 2799 1431 2831 Lacedaemonios
1446 2809 1454 2830 ε
1471 2799 1556 2839 quod
1575 2799 1608 2830 et
1623 2798 1715 2830 Plato
1732 2798 1765 2828 in
1776 2798 1913 2837 Legibus
1929 2798 2037 2838 docet,
2052 2801 2086 2831 et
2102 2800 2203 2840 Epho-

1169 2855 1223 2877 rus
1236 2870 1245 2886 ,
1260 2847 1317 2887 qui
1333 2847 1367 2878 in
1383 2849 1529 2887 Europa
1543 2846 1624 2877 hanc
1638 2844 1872 2885 rempublicam
1885 2845 2058 2886 descripsit
2068 2870 2076 2877 .

1652 2899 1714 2930 64.

1209 2956 1254 2985 De
1271 2953 1439 2994 republica
1460 2960 1590 2991 eorum,
1615 2959 1713 2991 quam
1730 2950 1877 2990 Ephorus
1901 2950 2088 2992 descripsit,
2113 2952 2200 2985 suffi-

1168 3000 1233 3032 ciet
1259 3002 1423 3042 praecipua
1457 3007 1656 3040 percurrere.
1683 2999 1798 3029 Fertur
1811 3022 1820 3037 ,
1848 2998 1956 3039 inquit
1967 3022 1976 3038 ‚
2008 2999 2199 3040 legumlator

1167 3049 1346 3080 maximum
1371 3047 1504 3079 urbibus
1528 3045 1650 3076 bonum
1673 3045 1879 3085 supposuisse
1901 3045 2083 3077 libertatem
2103 3055 2111 3077 ε
2130 3047 2198 3078 sola

1165 3097 1250 3130 enim
1265 3097 1335 3127 haec
1351 3095 1436 3126 bona
1449 3093 1578 3134 propria
1595 3101 1708 3123 eorum
1725 3092 1804 3123 facit
1816 3116 1824 3131 ,
1843 3092 1898 3133 qui
1917 3092 1986 3132 ipsa
2008 3093 2171 3134 possident
2186 3103 2194 3125 :

1165 3146 1198 3177 iu
1213 3143 1371 3175 servitute
1383 3140 1438 3181 qui
1452 3141 1540 3179 sunt,
1556 3139 1673 3170 horum
1686 3139 1772 3170 bona
1787 3148 1850 3170 non
1868 3139 2015 3180 ipsorum
2033 3142 2122 3181 sunt,
2138 3142 2193 3174 sed

1163 3191 1383 3224 dominorum.
1399 3187 1562 3219 Libertate
1575 3187 1684 3218 autem
1698 3186 1842 3227 praeditis
1855 3195 1936 3227 opus
1948 3188 1996 3219 est
2009 3187 2078 3227 ejus
2091 3189 2195 3220 custo-

1162 3239 1216 3269 dia
1231 3247 1239 3268 :
1257 3234 1432 3268 concordia
1447 3243 1543 3274 porro
1557 3233 1715 3265 sublatam
1730 3233 1927 3265 discordiam
1948 3234 2095 3274 sequitur
2111 3244 2118 3265 :
2132 3235 2195 3267 dis-

1162 3285 1271 3317 cordia
1288 3285 1345 3315 aut
1360 3282 1402 3314 ob
1418 3281 1588 3313 avaritiam
1603 3305 1614 3322 ,
1631 3283 1688 3313 aut
1713 3281 1755 3314 ob
1771 3281 1886 3313 luxum
1901 3280 2030 3313 exsistit
2045 3290 2054 3312 ε
2074 3290 2149 3313 nam
2166 3282 2194 3315 si

1162 3331 1268 3364 sobrie
1279 3338 1391 3363 omnes
1403 3337 1442 3361 ac
1453 3328 1620 3369 frugaliter
1631 3328 1760 3369 vivant,
1770 3336 1876 3370 neque
1888 3327 2079 3369 invidentia,
2089 3336 2194 3369 neque
