2320 3684
123 199 194 231 168

121 338 317 389 Ἀδμήτου,
335 336 559 382 Πολυποίτης
577 333 739 386 Πειρίθου
751 363 762 381 ,
778 330 945 375 Λεοντεὺς
962 329 1140 385 Κορώνου,

121 396 347 450 Ποδαλείριος
372 396 430 434 καὶ
458 393 619 445 Μαχάων
651 391 886 439 Ἀσκληπιοῦ,
915 388 1142 436 Φιλοκτήτης

121 454 310 502 Ποίαντος,
327 452 531 506 Εὐρύπυλος
549 449 746 500 Εὐαίμονος
757 479 767 496 ,
788 447 1034 502 Πρωτεσίλαος
1052 446 1142 500 Ἰφί-

121 510 225 561 κλου,
246 511 424 554 Μενέλαος
439 507 600 563 Ἀτρέως,
618 507 706 551 Αἴας
724 506 784 545 καὶ
802 509 956 560 Τεῦκρος
970 506 1146 556 Τελαμῶ-

121 586 177 613 νος
188 601 198 618 ,
217 569 420 622 Πάτροκλος
436 566 631 607 Μενοιτίου.
653 565 706 618 (9)
724 563 868 605 Τούτων
885 566 974 618 ὁρῶν
992 563 1032 602 τὸ
1048 565 1145 610 πλῆ-

123 632 179 672 θος
196 627 423 682 Τυνδάρεως,
443 625 632 674 ἐδεδοίκει,
653 623 722 676 μὴ,
745 622 918 678 κριθέντος
938 622 1032 672 ἑνὸς,
1055 638 1145 661 στα-

124 687 292 726 σιάσωσιν
305 689 336 724 οἱ
346 684 474 724 λοιποί.
492 687 509 712 2
520 681 789 736 Ὑποσχομένου
808 681 846 721 δὲ
855 686 916 721 τοῦ
926 680 1145 729 Ὀδυσσέως,

124 745 183 784 ἐὰν
204 744 424 792 συλλάὸηται
454 742 539 797 πρὸς
564 742 622 781 τὸν
658 739 870 789 Πηνελόπης
893 743 987 792 αὑτῷ
1017 739 1146 791 γάμον,

125 803 359 851 ὑποθήσεσθαι
375 801 502 857 τρόπον
519 801 620 850 τινὰ,
647 801 691 839 δι’
710 794 750 839 οἷ
778 799 934 851 μηδεμία
965 798 1148 850 γενήσεται

125 863 246 907 στάσις
258 878 266 887 ·
284 864 330 905 ὡς
343 860 516 914 ὑπέσχετο
533 861 628 914 αὐτῷ
646 858 881 912 συλλήψεσθαι
895 861 913 897 ὃ
927 856 1148 910 Τυνδάρεως,

125 921 260 965 πάντας
278 914 372 959 εἶπεν
403 919 577 974 ἐξορκίσαι
611 917 690 962 τοὺς
722 920 923 970 μνηστῆρας
953 915 1148 968 βοηθήσειν,

126 979 185 1019 ἐὰν
204 983 222 1019 ὃ
240 979 436 1034 προκριθεὶς
464 977 610 1032 νυμφίος
643 976 710 1015 ὑπὸ
738 975 844 1014 ἄλλου
868 974 958 1018 τινὸς
987 975 1151 1021 ἀδικῆται

126 1039 205 1092 περὶ
221 1038 280 1077 τὸν
297 1038 423 1090 γάμον.
452 1041 468 1066 3
481 1034 647 1078 Ἀκούσας
671 1034 708 1073 δὲ
727 1038 829 1072 τοῦτο
847 1032 1056 1086 Τυνδάρεως
1072 1030 1152 1075 τοὺς

128 1101 332 1151 μνηστῆρας
345 1095 525 1150 ἐξορκίζει·
546 1094 605 1133 καὶ
624 1091 804 1132 Μενέλαον
826 1091 888 1143 μὲν
913 1091 1015 1135 αὐτὸς
1040 1093 1152 1143 αἱρεῖ-

127 1172 185 1195 ται
201 1155 362 1209 νυμφίον,
380 1154 548 1194 Ὀδυσσεῖ
568 1151 606 1191 δὲ
628 1150 725 1205 παρὰ
748 1149 898 1203 Ἰκαρίου
923 1148 1153 1201 μνηστεύεται

128 1213 351 1263 Πηνελόπην.

581 1297 692 1305 ——e-

469 1353 717 1386 ΚΕΦΑΛΑῙΟΝ
750 1351 816 1383 1Α’.

183 1427 236 1478 (1)
257 1423 434 1467 Μενέλαος
452 1422 514 1474 μὲν
540 1416 598 1460 οῧν
627 1420 660 1465 ἐξ
680 1418 829 1466 Ἑλένης
848 1416 1040 1471 Ἑρμιόνην
1061 1416 1158 1468 ἐγέν-

132 1501 233 1534 νησε,
253 1484 312 1523 καὶ
329 1482 419 1522 κατά
437 1497 532 1524 τινας
548 1478 786 1531 Νικόστρατον
799 1493 808 1501 ·
829 1478 868 1515 ἐκ
885 1475 1011 1523 δούλης
1030 1475 1157 1529 Πιερί-

132 1546 207 1593 δος,
226 1542 323 1595 γένος
340 1540 552 1587 Αἰτωλίδος,
566 1537 609 1586 ἢ,
628 1537 786 1589 καθάπερ
807 1533 1028 1578 Ἀκουσίλαός
1051 1550 1156 1588 φησι,

129 1601 330 1656 Τηριδάης,
343 1596 569 1650 Μεγαπένθη·
585 1597 624 1634 ἐκ
642 1594 827 1638 Κνωσσίας
845 1592 882 1632 δὲ
893 1592 1049 1647 νύμφης,
1066 1592 1157 1631 κατὰ

132 1661 314 1712 Εὔμηλον,
333 1658 552 1707 Ξενόδαμον.

183 1719 236 1771 (2)
254 1720 336 1758 Τῶν
356 1715 393 1754 δὲ
419 1717 458 1754 ἐκ
479 1713 598 1761 Λήδας
616 1710 812 1764 γενομένων
831 1709 982 1758 παίδων,
1004 1709 1157 1764 Κάστωρ

131 1778 194 1830 μὲν
213 1778 314 1824 ἤσκει
333 1775 377 1814 τὰ
396 1773 487 1813 κατὰ
503 1771 671 1824 πόλεμον,
691 1768 919 1816 Πολυδεύκης
936 1767 973 1806 δὲ
991 1768 1135 1819 πυγμήν
1148 1784 1156 1792 ·

130 1836 190 1874 καὶ
211 1834 269 1874 διὰ
282 1829 524 1885 τὴν’ἀνδρείαν
551 1829 748 1877 ἐκλήθησαν
774 1826 962 1880 ἀμφότεροι
986 1825 1159 1864 Διόσκου-

132 1910 195 1947 ροι.
211 1891 450 1943 2Βουλόμενοι
471 1889 508 1929 δὲ
526 1892 640 1941 γῆμαι
657 1887 718 1930 τὰς
729 1885 932 1925 Λευκίππου
956 1884 1157 1938 θυγατέρας,

132 1956 172 1991 ἐκ
195 1951 385 1999 Μεσσήνης
403 1949 642 2003 ἁρπάσαντες,
662 1945 810 1997 ἔγημαν.
842 1943 914 1983 Καὶ
937 1943 1069 1995 γίνεται
1095 1942 1158 1994 μὲν

132 2010 376 2052 Πολυδεύκους
402 2007 461 2046 καὶ
496 2005 633 2053 Φοίὸης
655 2003 880 2051 Μνησίλεως·
913 2002 1092 2055 Κάστορος
1122 1999 1160 2040 δὲ

133 2069 375 2123 καὶᾸἹλαείρας
394 2065 570 2116 Ἀνώγων.
590 2064 606 2089 3
618 2062 834 2104 Ἐλάσαντες
845 2060 883 2099 δὲ
903 2061 942 2098 ἐκ
959 2063 1021 2107 τῆς
1038 2060 1162 2114 Ἀρκα-

135 2129 210 2173 δίας
229 2131 318 2181 βοῶν
334 2125 430 2165 λείαν
453 2123 543 2175 μετὰ
561 2125 630 2161 τῶν
649 2119 828 2174 Ἀφαρέως
847 2118 982 2159 παίδων
1005 2118 1085 2157 Ἴδα
1101 2118 1160 2156 καὶΙ

133 2187 311 2239 Λυγκέως,
330 2184 571 2240 ἐπιτρέπουσιν
588 2180 669 2234 Ἴδᾳ
684 2181 819 2218 διελεῖν·
840 2181 858 2217 ὃ
874 2177 931 2226 δὲ,
949 2175 1063 2238 τεμᾷἐν
1080 2179 1160 2229 βοῦν

135 2249 182 2290 εἷς
196 2245 285 2299 μέρη
303 2243 477 2298 τέσσαρα,
494 2245 555 2280 τοῦ
573 2238 713 2294 πρώτου
737 2235 998 2290 καταφαγόντος
1011 2240 1086 2273 εἰπε
1101 2239 1163 2282 τῆς

135 2305 229 2349 λείας
245 2304 284 2342 τὸ
302 2303 413 2355 ἥμισυ
434 2301 594 2348 ἔσεσθαι,
621 2298 680 2337 καὶ
700 2300 761 2335 τοῦ
787 2294 946 2349 δευτέρου
965 2294 1005 2333 τὸ
1029 2294 1161 2333 λοιπόν.

138 2363 210 2402 Καὶ
234 2362 367 2416 φθάσας
389 2358 619 2407 κατηνάλωσε
641 2355 681 2394 τὸ
705 2353 808 2407 μέρος
836 2353 875 2392 τὸ
903 2352 990 2390 ἴδιον
1025 2355 1162 2406 πρῶτον

136 2422 232 2466 Ἴδας
243 2452 253 2470 ,
273 2420 332 2459 καὶ
349 2419 388 2458 τὸ
408 2422 468 2458 τοῦ
489 2417 639 2469 ἀδελφοῦ
651 2430 659 2438 ·
676 2413 735 2452 καὶ
751 2412 825 2463 μετ’
845 2411 975 2450 ἐκείνου
988 2410 1051 2457 τὴν
1068 2411 1163 2449 λείαν

138 2483 184 2525 εἷς
196 2478 384 2526 Μεσσήνην
396 2478 518 2525 ἤλασε.
535 2492 550 2516 4
560 2471 842 2527 Στρατεύσαντες
854 2470 890 2509 δὲ
903 2470 959 2508 ἐπὶ
973 2469 1163 2517 Μεσσήνην

138 2546 170 2582 οἱ
189 2540 412 2594 Διόσκουροι,
429 2538 492 2585 τήν
510 2553 546 2575 τε
564 2535 660 2574 λείαν
679 2533 812 2582 ἐκείνην
830 2531 888 2570 καὶ
906 2531 1039 2579 πολλὴν
1054 2532 1164 2579 ἄλλην

141 2599 406 2647 συνελαύνουσι,
423 2597 483 2635 καὶ
499 2595 557 2634 τὸν
578 2591 679 2633 Ἴδαν
698 2591 765 2630 ὑπὸ
781 2587 858 2645 δρυῒ
878 2590 1010 2642 ἐλόχων
1028 2590 1087 2629 καὶ
1107 2590 1165 2629 τὸν

141 2658 294 2711 Λυγκέα.
325 2655 480 2709 Λυγκεὺς
513 2654 550 2694 δὲ
582 2652 665 2691 ἰδὼν
690 2651 857 2703 Κάστορα
886 2649 1056 2700 ἐμήνυσεν
1074 2648 1166 2702 Ἴδᾳ·

141 2721 298 2761 κάκεῖνος
320 2715 423 2755 αὐτὸν
455 2713 592 2753 κτείνει.
612 2713 628 2738 5
645 2708 873 2755 Πολυδεύκης
890 2707 926 2746 δὲ
946 2707 1082 2752 ἐδίωξεν
1102 2709 1168 2745 αὖ-

142 2776 238 2825 τοὺς,
253 2775 312 2814 καὶ
329 2774 387 2813 τὸν
407 2773 468 2825 μὲν
492 2769 633 2822 Λυγκέα
652 2767 779 2807 κτείνει
804 2766 844 2805 τὸ
865 2765 944 2820 δόρυ
958 2764 1147 2819 προέμενος
1159 2781 1167 2789 ·

143 2836 200 2874 τὸν
217 2834 254 2873 δὲ
270 2832 365 2874 Ἴδαν
386 2831 536 2879 διώκων,
556 2827 693 2882 βληθεὶς
710 2826 768 2865 ὑπ’
793 2824 923 2863 ἐκείνου
950 2823 1061 2878 πέτρα
1079 2823 1170 2862 κατὰ

144 2897 206 2939 τῆς
221 2894 392 2946 κεφαλῆς,
411 2890 532 2928 πίπτει
549 2885 744 2928 σκοτωθείς.
764 2893 780 2916 ‘3
802 2883 874 2923 Καὶ
892 2881 979 2925 Ζεὺς
993 2881 1089 2921 Ἴδαν
1108 2898 1171 2920 κε-

149 2954 266 3003 ραυνοῖ
279 2983 288 3000 ,
307 2948 532 2995 Πολυδεύκην
552 2946 589 2986 δὲ
606 2947 653 2988 εἷς
669 2942 812 2998 οὐρανὸν
835 2941 965 2993 ἀνάγει.
984 2940 1045 2988 Μὴ
1066 2942 1171 2993 δεχο-

150 3009 254 3060 μένου
275 3009 311 3047 δὲ
331 3006 574 3049 Πολυδεύκους
599 3003 662 3051 τὴν
690 3000 895 3050 ἀθανασίαν,
922 2999 1018 3043 ὄντος
1050 3003 1171 3053 νεκροῦ

151 3067 330 3120 Κάστορος
341 3098 351 3115 ,
367 3065 452 3109 Ζεὺς
471 3062 678 3118 ἀμφοτέροις
690 3093 700 3111 ,
715 3060 799 3114 παρ’
812 3058 948 3112 ἡμέραν
962 3057 1021 3096 καὶ
1037 3059 1072 3096 ἐν
1087 3061 1174 3100 θεοῖς

152 3121 239 3164 εἶναι
252 3125 309 3162 καὶ
325 3127 359 3162 ἐν
378 3127 511 3171 θνητοῖς
521 3154 530 3170 ,
543 3122 663 3160 ἔδωκε.
674 3123 690 3148 7
705 3117 964 3158 Μεταστάντων
977 3115 1012 3154 δὲ
1023 3118 1068 3160 εἷς
1080 3114 1174 3158 θεοὺς

152 3186 221 3222 τῶν
248 3181 482 3234 Διοσκούρων,
515 3179 724 3233 Τυνδάρεως
759 3174 1073 3228 μεταπεμψάμενος
1095 3175 1174 3212 Με-

153 3242 275 3281 νέλαον
301 3242 347 3285 εἷς
375 3239 555 3291 Σπάρτην,
583 3237 695 3289 τούτῳ
718 3235 781 3283 τὴν
803 3234 980 3288 βασιλείαν
1009 3231 1174 3287 παρέδω-

154 3316 226 3340 κεν.

671 187 1052 227 ΑΠΟΛΛΟΔΩΡΟΥ
1079 185 1424 225 ΒῙΒΛῙΟΘΗΚΗΣ
1452 187 1494 234 Γ,
1524 185 1658 235 ια“,·ιὸ’.

53 295 56 299 ’
120 279 296 331 Ἰάλμενος
312 279 428 333 Ἄρεος
439 309 449 327 ,
469 276 672 331 Ἐλεφήνωρ
685 273 957 322 Χαλκώδοντος,
975 272 1141 324 Εὔμηλος

1197 284 1321 324 Martis,
1343 284 1521 325 Elephenor
1537 283 1777 319 Chalcodontis,
1797 281 1951 314 Eumelus
1966 281 2107 321 Admeti,
2122 281 2216 323 Poly-

1198 342 1300 382 poetes
1314 341 1472 383 Pirithoi,
1488 344 1648 376 Leonteus
1663 341 1797 381 Coroni,
1816 338 1994 372 Podalirius
2011 341 2043 372 et
2061 340 2218 372 Machaon

1199 398 1392 440 AEsculapii,
1414 399 1606 432 Philoctetes
1626 399 1768 431 Poeantis
1781 421 1790 437 ,
1811 396 1993 438 Eurypylus
2013 397 2217 438 Evaemonis,

1200 456 1397 489 Protesilaus
1413 457 1538 498 Iphicli,
1554 457 1717 490 Menelaus
1735 456 1835 495 Atrei,
1854 455 1934 496 Ajax
1949 455 1982 487 et
1999 456 2122 487 Teucer
2134 454 2220 488 Tela-

1201 514 1307 547 monis
1320 538 1330 554 ‚
1358 516 1525 548 Patroclus
1546 515 1699 549 Menoetii.
1724 515 1770 556 (9)
1798 516 1923 547 Horum
1955 512 2070 545 videns
2090 513 2220 546 turbam

1202 572 1390 613 Tyndareus
1405 573 1585 614 verebatur,
1600 582 1654 614 ne,
1674 574 1700 606 si
1715 581 1818 605 unum
1834 572 1994 612 deligeret,
2010 570 2123 612 reliqui
2139 571 2222 605 sedi·

1202 630 1323 664 tionem
1333 631 1522 664 excitarent.
1533 635 1548 655 ⁴²
1560 635 1678 666 Verum
1690 634 1820 675 Ulysses
1833 635 1996 675 pollicitus
2008 638 2070 676 est,
2082 635 2110 668 si
2118 635 2158 668 ad
2169 637 2224 668 Pe·

1204 689 1329 731 nelopae
1343 691 1474 732 nuptias
1489 691 1712 733 adipiscendas
1728 693 1790 725 sibi
1806 693 1990 734 adjumento
2010 694 2091 727 foret
2101 718 2111 735 ,
2129 694 2225 727 ratio·

1205 760 1279 783 nem
1296 760 1331 784 se
1355 753 1634 794 suppeditaturum
1650 779 1660 796 ,
1691 764 1754 796 qua
1778 756 1867 788 nulla
1893 758 1978 790 esset
2004 757 2088 790 inter
2110 764 2226 799 procos

1206 809 1330 842 oritura
1345 810 1506 844 discordia
1512 822 1522 852 ;
1540 813 1647 853 atque,
1665 821 1766 854 quum
1783 814 1969 855 adJuturum
1988 823 2023 847 se
2037 814 2227 855 Tyndareus

1206 869 1423 909 promisisset,
1437 869 1606 902 universos
1623 879 1739 912 prooos
1754 871 1838 903 dixit
1859 872 2066 913 jureJuraudo
2091 872 2229 905 obstrin-

1207 926 1329 967 gendos
1345 936 1427 967 esse,
1444 930 1479 959 ut
1492 928 1651 960 delectum
1666 929 1741 961 filiae
1757 938 1914 971 sponsum
1931 930 2094 963 defensuri
2108 933 2227 972 essent,

1209 985 1237 1016 si
1251 984 1292 1016 ab
1302 985 1365 1016 alio
1375 986 1516 1026 quodam
1528 988 1658 1027 propter
1668 987 1798 1028 nuptias
1808 987 1924 1028 injuria
1937 988 2125 1021 afficeretur.
2137 991 2230 1027 ³Quo

1209 1043 1321 1076 audito
1336 1044 1524 1084 Tyndareus
1536 1044 1745 1085 ,iurisiurandi
1758 1045 1908 1086 religione
1916 1055 2030 1088 procos
2043 1047 2230 1088 obstrinxit,

1210 1105 1242 1134 et
1251 1102 1431 1134 Menelaum
1438 1102 1512 1135 filiae
1522 1111 1677 1143 sponsum
1684 1103 1871 1144 declaravit;
1882 1105 1990 1146 Ulyssi
1997 1114 2074 1138 vero
2083 1105 2124 1138 ab
2130 1105 2233 1140 Icario
2260 1102 2264 1105 ’

1212 1160 1404 1202 Penelopam
1417 1161 1451 1192 in
1465 1161 1707 1193 matrimonium
1722 1163 1882 1204 poposcit.

1676 1303 1777 1313 ——-

1617 1355 1754 1386 CAPUT
1775 1355 1830 1386 XI.

1258 1423 1304 1465 (1)
1326 1423 1490 1456 Menelaus
1509 1424 1618 1464 itaque
1636 1432 1676 1456 ex
1700 1424 1819 1456 Helene
1839 1423 2033 1456 Hermionen
2055 1425 2167 1465 genuit
2186 1426 2236 1465 et,

1215 1482 1394 1515 secundum
1416 1482 1592 1524 quosdam,
1616 1482 1852 1523 Nicostratum;
1875 1491 1915 1514 ex
1936 1482 2062 1515 Pieride
2085 1491 2177 1516 serva
2196 1482 2238 1516 ab

1215 1541 1334 1573 AEtolia
1349 1541 1498 1580 oriunda,
1514 1541 1600 1580 sive,
1616 1543 1653 1572 ut
1665 1541 1832 1573 Acusilaus
1849 1540 1946 1577 dicit,
1964 1550 1982 1573 e
1995 1541 2128 1573 Teridae
2137 1543 2238 1583 Mega-

1216 1599 1389 1641 penthem;
1412 1607 1453 1631 ex
1473 1598 1609 1632 Cnossia
1632 1598 1794 1640 nympha,
1817 1597 1953 1630 Eumelo
1968 1601 2116 1639 auctore,
2133 1600 2238 1631 Xeno-

1215 1658 1359 1690 damum.

1259 1734 1305 1776 (2)
1328 1736 1354 1766 E
1370 1733 1466 1766 Ledae
1482 1733 1556 1766 filiis
1570 1734 1685 1766 Castor
1698 1742 1766 1766 rem
1790 1733 1977 1772 militarem,
1994 1733 2109 1766 Pollux
2124 1733 2231 1775 pugila

1217 1804 1288 1835 tum
1304 1803 1494 1843 exercebat,
1522 1804 1555 1835 et
1570 1804 1699 1844 propter
1720 1803 1940 1835 fortitudinem
1960 1811 2052 1835 suam
2068 1803 2164 1835 ambo
2189 1812 2239 1845 ap-

1218 1873 1328 1914 pellati
1341 1874 1419 1906 sunt
1434 1874 1595 1905 Dioscuri.
1611 1876 1625 1895 ²
1635 1874 1698 1911 Qui
1711 1882 1813 1914 quum
1823 1873 1979 1915 Leucippi
1992 1873 2072 1906 filias
2084 1874 2118 1906 in
2134 1873 2239 1906 matri·

1218 1942 1364 1974 monium
1380 1950 1507 1974 sumere
1525 1945 1689 1983 cuperent,
1705 1952 1723 1974 e
1735 1944 1881 1975 Messene
1892 1944 2001 1984 raptas
2014 1943 2194 1983 duxerunt;
2209 1943 2244 1976 et

1219 2012 1343 2044 Polluci
1359 2020 1400 2044 ex
1415 2011 1535 2044 Phoebe
1553 2013 1649 2044 natus
1664 2013 1714 2044 est
1729 2012 1914 2051 Mnesiieus,
1933 2012 2060 2045 castori
2071 2021 2112 2044 ex
2123 2011 2242 2044 Hilaira

1221 2085 1367 2123 Anogon.
1381 2085 1394 2104 ²
1405 2083 1514 2119 Quum
1526 2090 1604 2114 vero
1622 2081 1722 2114 boum
1738 2081 1880 2122 praedam
1892 2091 1932 2115 ex
1943 2082 2079 2114 Arcadia
2088 2091 2152 2114 una
2167 2091 2243 2115 cum

1220 2148 1277 2181 Ida
1291 2149 1324 2180 et
1345 2149 1474 2188 Lynceo
1496 2146 1701 2188 abegissent,
1722 2146 1915 2179 divisionem
1937 2148 2008 2188 eius
2026 2147 2094 2180 Idae
2114 2148 2245 2189 permit-

1221 2219 1305 2248 tunt.
1323 2218 1407 2248 Tum
1423 2216 1492 2256 ille,
1510 2216 1593 2248 bove
1606 2216 1638 2248 in
1654 2218 1806 2256 quattuor
1818 2218 1925 2256 partes
1946 2215 2094 2256 conciso,
2108 2216 2166 2257 qui
2186 2215 2246 2258 pri-

1222 2295 1296 2318 mus
1313 2288 1435 2328 partem
1458 2294 1551 2318 suam
1570 2285 1783 2325 devoraverit,
1804 2285 1845 2325 ei,
1863 2284 1958 2325 dixit,
1976 2284 2096 2326 praedae
2113 2285 2182 2317 fore
2200 2285 2247 2317 di-

1222 2355 1372 2394 midium,
1386 2354 1528 2387 secundo
1542 2354 1718 2394 reliquum;
1731 2362 1796 2394 quo
1809 2353 1864 2384 vix
1880 2352 1968 2385 dicto
1982 2353 2092 2385 statim
2109 2354 2142 2386 et
2153 2362 2245 2386 suam

1223 2425 1325 2466 ipsius
1341 2427 1373 2457 et
1388 2424 1495 2456 fratris
1511 2426 1635 2465 partem
1657 2423 1836 2462 absumsit,
1856 2424 1951 2463 atque
1963 2431 2039 2455 cum
2050 2432 2088 2456 eo
2105 2423 2247 2464 praedam

1223 2499 1391 2529 Messenen
1409 2495 1556 2528 abduxit.
1571 2498 1583 2517 ⁴
1596 2494 1659 2527 Sed
1671 2494 1826 2527 adversus
1838 2495 2003 2526 Messenen
2013 2493 2148 2534 profecti
2160 2494 2247 2527 Dios-

1225 2567 1294 2606 curi
1318 2568 1388 2599 tum
1410 2565 1498 2597 illam
1515 2566 1585 2597 tum
1610 2563 1705 2595 aliam
1728 2563 1864 2595 multam
1883 2562 2028 2603 praedam
2043 2563 2193 2595 auserunt
2210 2572 2247 2596 ac

1225 2639 1292 2672 Idae
1308 2639 1341 2670 et
1356 2640 1485 2678 Lynceo
1499 2636 1560 2668 sub
1575 2644 1697 2676 quercu
1714 2635 1918 2666 insidiantur.
1935 2636 2085 2675 Lynceus
2100 2644 2177 2668 vero
2191 2637 2249 2669 Ca-

1227 2709 1347 2740 storem
1361 2706 1566 2748 conspicatus
1578 2705 1733 2738 indicavit
1745 2705 1823 2746 Idae,
1842 2704 1899 2746 qui
1914 2713 1989 2737 eum
1999 2704 2167 2737 interfecit.
2184 2707 2249 2738 ”At

1227 2779 1342 2811 Pollux
1358 2778 1418 2809 hos
1431 2777 1598 2808 insecutus
1613 2778 1779 2817 Lynceum
1793 2775 1919 2807 hastam
1931 2774 2092 2816 jaculatus
2109 2776 2248 2816 prostra-

1228 2847 1294 2887 vit,
1313 2846 1369 2879 sed
1392 2846 1470 2878 dum
1493 2845 1585 2878 Idam
1605 2845 1856 2886 persequebatur
1869 2868 1879 2884 ,
1898 2844 2011 2885 lapidis
2025 2844 2092 2876 ictu
2106 2843 2146 2876 ab
2161 2844 2248 2877 eoin

1229 2916 1331 2957 capite
1344 2923 1516 2956 percussus
1529 2916 1578 2946 est
1588 2915 1621 2946 et
1643 2913 1794 2954 vertigine
1811 2914 1978 2954 correptus
1994 2913 2120 2945 cecidit.
2142 2912 2249 2946 ⁶Tum
2302 2949 2308 2955 ⁸

1230 2986 1357 3027 Jupiter
1380 2984 1471 3016 Idam
1496 2982 1630 3014 fulmine
1653 2982 1779 3014 necavit
1805 2983 1838 3014 et
1852 2981 2014 3014 Pollucem
2029 2981 2122 3013 duxit
2137 2982 2171 3013 in
2189 2990 2250 3014 οω-
2292 2966 2295 2972 ⁷

1230 3053 1309 3085 lum.
1326 3053 1434 3090 Quum
1444 3059 1520 3082 vero
1536 3049 1662 3089 Pollux,
1675 3050 1808 3081 castore
1823 3050 1963 3089 mortuo,
1977 3048 2250 3082 immortalitatem

1231 3123 1403 3160 recusaret,
1421 3119 1546 3160 Jupiter
1561 3117 1720 3149 ambobus
1732 3116 1892 3148 concessit
1905 3116 2033 3148 alternis
2043 3116 2156 3148 diebus
2168 3117 2251 3150 inter

1232 3192 1309 3224 deos
1325 3189 1447 3222 versari
1460 3191 1492 3220 et
1506 3188 1589 3220 iuter
1605 3187 1767 3218 mortales.
1794 3185 1936 3218 ⁷Relatis
1958 3185 2054 3226 igitur
2071 3186 2153 3218 inter
2173 3185 2251 3219 deos

1233 3259 1410 3298 Dioscuris,
1425 3257 1613 3299 Tyndareus
1626 3255 1780 3288 arcessito
1797 3255 1943 3296 Spartam
1957 3254 2102 3288 Menelao
2116 3263 2250 3297 regnum

1199 3366 1202 3378 1
1235 3329 1374 3363 tradidit.

1683 3389 1786 3399 ——-
