2320 3684
166 181 242 214 374

164 261 337 314 συμμιγὲς
363 263 423 302 καὶ
447 263 626 318 σποράδην
655 256 766 311 εἶναι,
795 261 954 315 Σπαρτοὶ
975 260 1186 308 ἐκλήθησαν.

163 322 209 360 Οἱ
230 320 266 359 δὲ
292 321 446 370 Θηὸαῖοι
468 321 512 361 τὰ
531 322 609 375 περὶ
630 322 743 360 αὐτῶν
770 321 903 374 ψευδῶς
933 318 1189 374 ἐτερατούργη-

162 394 240 419 σαν.

643 438 706 477 29.

214 497 329 537 Schol
361 498 495 549 Eurip.
515 497 649 536 Phoen.
682 498 757 545 674
784 495 859 536 ;Ὁ
880 493 942 548 μὲν
972 495 1190 549 Στησίχορος

161 557 196 594 ἓν
219 555 407 610 Εὖρωπείᾳ
430 555 494 603 τὴν
521 555 668 603 Ἀθηνᾶν
695 553 909 610 ἐσπαρκέναι
941 553 1020 599 τοὺς
1047 554 1190 598 ὀδόντας

162 614 284 668 φησίν·
303 617 321 652 ὁ
339 613 375 653 δὲ
396 614 599 668 Ἀνδροτίων
619 613 794 669 σπαρτοὺς
814 613 938 658 αὐτοὺς
956 613 1060 667 φησί,
1079 613 1136 652 διὰ
1149 612 1188 651 τὸ

162 671 467 719 ἀκολουθήσαντας
485 672 610 717 αὐτοὺς
638 675 678 712 ἐκ
703 673 875 721 Φοινίκης
897 672 1034 726 Κάδμῳ
1052 671 1189 726 σπορά-

163 731 226 776 δην
246 732 399 776 οἷκῆσαι.

197 789 374 835 Δ8ἰθ1)ε·1ίε.
419 791 594 842 reposuit
629 789 931 838 ἀκολουθήσαντας
962 788 1086 833 αὐτοὺς
1116 803 1189 842 pro

178 848 278 886 ἀκολ.
300 851 407 902 αὐτῷ.
429 850 627 888 Berkelius
647 850 766 888 deleri
779 850 904 888 voluit
923 848 1071 901 Κάδμῳ.

215 968 342 1004 Tzetz.
359 965 407 1004 ad
424 967 617 1019 Lycophr.
639 968 738 1005 1206
755 981 764 1004 :
783 966 985 1021 Ἀνδροτίων
1004 965 1040 1004 δὲ
1060 968 1078 1005 ὁ
1095 967 1190 1005 ἱστο-

161 1023 253 1120 ἓικὸς
268 1025 357 1075 μετὰ
384 1025 568 1080 σποράδων
584 1027 687 1064 τινῶν
705 1025 790 1080 φησὶ
805 1025 864 1065 τὸν
882 1025 1029 1076 Κάδμον
1050 1027 1097 1069 εἷς
1114 1025 1189 1072 Θή-

188 1098 227 1126 ας
246 1084 369 1124 ἐλθεῖν.
490 1093 494 1097 ’

648 1155 711 1192 31.

216 1211 344 1249 Schol.
363 1212 412 1250 ad
431 1215 590 1251 Homer.
609 1213 682 1251 Od.
703 1214 755 1260 Λ,
778 1226 850 1260 271
875 1227 883 1250 :
910 1211 1030 1260 Λάϊος,
1050 1214 1068 1250 ὁ
1082 1210 1188 1250 Οἰδί-

158 1269 264 1314 ποδος
277 1269 406 1324 πατὴρ,
417 1270 514 1325 παρὰ
527 1271 664 1311 Φοίδου
677 1270 844 1323 μαντείαν
861 1269 994 1319 λαὸὼν,
1008 1269 1062 1308 δ’τι
1074 1268 1188 1308 τικτό-

159 1343 261 1379 μενος
277 1335 359 1373 παῖς
375 1330 436 1367 ἀπ’
444 1332 549 1369 αὐτοῦ
565 1332 698 1384 ἀναιρεῖ
717 1329 834 1377 αὐτὸν,
854 1329 1038 1375 Ἰοκάστην
1051 1328 1187 1380 γήμας,

159 1393 264 1440 γεννᾷ
287 1387 480 1437 Οἰδίποδα,
500 1389 560 1427 καὶ
579 1392 701 1427 τοῦτον
719 1387 876 1435 ἐκτίθησι
893 1389 1058 1427 Σικυῶνι.
1084 1389 1131 1426 Οἱ
1151 1385 1187 1425 δὲ

159 1445 371 1499 ἵπποφορὸοὶ
386 1445 619 1490 ἀναλαὸόντες
632 1446 771 1500 ἔτρεφον
783 1445 899 1484 αὐτόν.
913 1445 1075 1488 Ἥλικίας
1086 1444 1122 1483 δὲ
1135 1461 1189 1497 γε·

158 1503 299 1555 νόμενος
314 1507 332 1542 ὃ
350 1505 516 1548 Οἰδίπους
528 1499 631 1553 ἦλθεν
648 1507 695 1549 εἷς
707 1504 845 1553 Θήὸας,
854 1506 1026 1552 ἐπιζητῶν
1043 1503 1121 1548 τοὺς
1131 1520 1189 1556 γο-

158 1562 250 1608 νέας.
282 1563 501 1607 Ἀποκτείνας
519 1562 555 1602 δὲ
576 1563 747 1607 ἀκουσίως
762 1563 820 1602 τὸν
837 1562 993 1617 πατέρα,
1013 1562 1189 1614 λαμὸάνει

159 1621 244 1675 πρὸς
261 1621 388 1674 γάμον,
405 1624 468 1661 οὐκ
486 1621 597 1674 εἷδὼς,
613 1622 676 1670 τὴν
697 1622 833 1675 μητέρα
845 1653 856 1671 ,
879 1622 1131 1674 ἐπιλυσάμενος
1149 1622 1189 1661 τὸ

158 1684 220 1728 τῆς
240 1681 394 1736 Σφιγγὸς
415 1681 576 1733 αἴνιγμα,
591 1681 632 1720 τὸ
649 1681 765 1734 λέγον,
779 1681 814 1720 τί
834 1681 966 1730 δίπους,
983 1681 1017 1720 τί
1032 1681 1188 1735 τρίπους,

159 1740 192 1779 τί
220 1741 422 1794 τετράπους.
466 1740 554 1792 (Καὶ
582 1741 744 1793 λέγομεν,
775 1740 829 1780 ὅτι
851 1740 892 1779 τὸ
918 1740 1035 1785 δίπους
1054 1741 1147 1780 ἐστὶν
1171 1744 1189 1780 ὁ

159 1799 350 1854 ἅνθρωπος,
378 1799 418 1838 τὸ
449 1799 591 1854 τρίπους
616 1800 727 1854 γέρων
763 1800 946 1853 βαστάζων
979 1801 1188 1855 βακτηρίαν,

158 1859 218 1897 καὶ
244 1858 284 1897 τὸ
315 1858 506 1912 τετράπους
530 1859 570 1898 τὸ
599 1858 723 1906 νήπιον
743 1859 783 1898 τὸ
803 1858 1022 1913 συρόμενον.)
1049 1859 1190 1899 Γίνεται

159 1916 196 1955 δὲ
222 1919 261 1956 ἐκ
288 1917 419 1956 τούτων
439 1918 628 1965 Ἐτεοκλῆς
657 1918 718 1956 καὶ
743 1918 985 1966 Πολυνείκης,
1001 1918 1062 1956 καὶ
1079 1921 1189 1970 θυγα-

158 1975 254 2030 τέρες
277 1975 454 2027 Ἀντιγόνη
471 1977 532 2015 καὶ
550 1977 712 2028 Ἰσμήνη.
730 1976 903 2030 ε’Υστερον
930 1976 966 2015 δὲ
980 1980 1002 2024 ἡ
1024 1977 1188 2025 Ἰοκάστη

158 2036 367 2086 ἐπιγνοῦσα,
390 2034 442 2073 ὅτι
462 2037 512 2088 τῷ
531 2035 630 2074 παιδὶ
656 2035 856 2089 παρεμίγη,
875 2035 1002 2083 ἑαυτὴν
1031 2035 1189 2091 ἀνήρτη-

158 2169 307 2208 venisse;
322 2168 430 2209 itaque
448 2169 552 2210 Sparti
566 2168 644 2201 inde
667 2177 783 2200 nomen
799 2169 979 2208 traxerunt,
994 2169 1082 2210 quod
1095 2171 1186 2202 erant

159 2216 308 2248 homines
322 2224 362 2247 ex
378 2216 516 2248 diversis
531 2215 611 2247 locis
627 2215 807 2248 commixti.
828 2215 972 2247 Thebani
997 2225 1075 2249 vero
1087 2216 1185 2248 histo-

160 2263 242 2294 riam
258 2271 370 2294 eorum
387 2263 579 2294 monstrosis
596 2262 772 2295 mendaciis
788 2262 1023 2295 deformarunt.

641 2328 703 2360 29.

202 2386 405 2419 Stesichorus
433 2387 467 2418 in
490 2389 637 2427 Europea
660 2387 840 2418 Minervam
867 2386 947 2419 dicit
968 2386 1080 2419 dentes
1102 2395 1187 2428 spar-

160 2435 263 2474 sisse3
279 2433 436 2466 Andr-otio
451 2443 528 2465 vero
543 2434 588 2465 ait
599 2443 655 2466 eos
668 2434 845 2474 appellatos
861 2442 931 2465 esse
943 2435 1087 2474 spartos,
1101 2434 1187 2475 quod

161 2490 237 2514 cum
252 2481 377 2514 Cadmo
394 2489 432 2513 ex
448 2480 613 2513 Phoenicia
627 2480 754 2512 advecti
770 2480 908 2522 sparsim
922 2480 1133 2513 habitassent.

644 2546 705 2578 30.

205 2603 362 2636 Androtio
380 2605 553 2635 historicus
569 2601 730 2635 Cadmum
747 2601 792 2633 ait
808 2610 883 2633 cum
907 2601 1095 2633 hominibus
1114 2602 1188 2642 qui-

162 2651 299 2684 busdam
314 2651 389 2682 hinc
403 2649 491 2682 illinc
505 2649 647 2682 collectis
659 2648 786 2681 Thebas
800 2648 938 2680 venisse.

646 2713 708 2746 31.

204 2773 313 2812 Laius,
330 2772 444 2813 OEdipi
457 2772 548 2813 pater
559 2795 569 2811 ‚
587 2779 689 2811 quum
705 2769 747 2802 ab
762 2769 911 2811 Apolline
920 2768 1086 2800 oraculum
1102 2776 1189 2800 acce·

163 2821 276 2862 pisset‚
296 2829 331 2853 se
344 2830 361 2852 a
373 2820 449 2859 filio,
469 2819 495 2851 si
506 2828 601 2860 quem
618 2818 786 2859 geniturus
803 2818 900 2855 esset,
919 2815 1122 2848 intersectum
1136 2815 1187 2854 iri,

165 2868 323 2910 OEdipum
333 2893 342 2908 ,
356 2876 453 2908 quem
470 2876 511 2899 ex
530 2869 653 2899 Iocaste
670 2865 832 2906 suscepit,
847 2864 881 2896 in
897 2862 1047 2904 Sicyonia
1063 2862 1190 2903 regione

165 2916 265 2955 (num
282 2917 318 2947 in
330 2916 459 2947 Boeotz'a
473 2917 492 2945 Ρ
525 2915 558 2946 V.
578 2922 658 2954 quae
683 2912 725 2945 de
739 2914 876 2952 Sicyone
900 2912 935 2944 et
955 2909 996 2943 de
1011 2919 1132 2951 campo
1145 2912 1190 2942 Si-

166 2963 285 3001 cyonio
300 2963 335 2992 in
358 2962 488 2992 Boeotia
503 2958 742 2991 memorabilia
755 2957 905 2998 protulit
927 2959 1036 2998 Unqer
1053 2958 1090 2988 in
1107 2956 1189 2989 The-

167 3008 245 3040 ban.
279 3007 455 3039 paradox.
477 3015 514 3047 p.
543 3009 603 3038 363
618 3006 686 3047 sq.)
718 3005 879 3045 exposuit.
915 3006 1083 3045 Equorum
1112 3011 1189 3035 vero

166 3058 309 3095 pastores
332 3063 407 3086 eum
434 3053 636 3085 sustulerunt
658 3054 690 3084 et
705 3050 899 3083 nutriebant.
918 3051 1059 3092 OEdipus
1088 3058 1189 3090 quum

166 3101 367 3142 pubertatem
382 3101 544 3140 ingressus
556 3101 652 3138 esset,
662 3098 789 3131 Thebas
802 3098 963 3140 profectus
979 3101 1028 3129 est
1042 3098 1189 3138 parentes

165 3149 371 3188 quaesiturus.
399 3150 447 3179 lta
471 3147 591 3178 factum
605 3148 673 3185 est,
693 3149 728 3178 ut
743 3146 866 3186 patrem
882 3144 1042 3177 occideret
1055 3144 1187 3184 invitus,

165 3197 300 3225 matrem
320 3195 463 3225 nesciens
486 3202 619 3225 uxorem
645 3193 796 3231 duceret,
822 3192 928 3223 soluto
945 3191 1093 3232 Sphingis
1115 3190 1189 3223 aeni-

165 3242 293 3280 gmate,
322 3241 407 3280 quod
437 3240 488 3270 his
512 3240 620 3271 verbis
645 3248 832 3280 expressum
861 3240 948 3270 erat:
976 3238 1061 3275 Quid
1082 3237 1188 3278 bipes,

165 3286 243 3326 quid
270 3285 367 3326 tripes
382 3310 391 3324 ‚
418 3285 496 3325 quid
520 3286 721 3326 quadrupes?
739 3287 856 3326 (Atque
874 3286 1023 3324 dicimus,
1039 3285 1187 3326 bipedem

164 3341 235 3364 esse
252 3332 357 3363 virum
375 3357 382 3372 ,
399 3332 550 3373 tripedem
565 3342 672 3364 senem
690 3333 805 3364 baculo
820 3333 988 3372 nitentem,
1008 3332 1187 3373 quadrupe-

164 3379 238 3412 dem
262 3379 414 3411 infantem
433 3381 620 3420 repentem)
643 3382 690 3411 Ex
713 3380 764 3411 his
785 3380 931 3420 prognati
948 3381 1024 3412 sunt
1038 3378 1184 3411 Eteocles

885 171 1241 214 ANDROTIONIS
1269 171 1604 214 FRAGMENTA.

1246 274 1317 298 σεν.
1331 259 1377 301 Ὁ
1395 261 1431 301 δὲ
1445 261 1624 310 Οἰδίπους,
1643 260 1798 301 ἐκπεσὼν
1818 260 1884 300 ὑπὸ
1896 260 2080 316 Κρέοντος,
2104 255 2209 310 ἦλθεν
2224 263 2273 308 εἷς

1244 317 1308 366 τὴν
1326 319 1485 368 Ἀττικὴν
1498 352 1508 368 ,
1526 321 1586 359 καὶ
1604 319 1740 375 ᾤκησεν
1758 319 1885 359 Ἱππέα
1899 320 2063 360 Κολωνὸν
2091 320 2271 373 καλούμε-

1245 393 1317 429 νον,
1333 379 1393 417 καὶ
1408 379 1556 418 ἱκέτευεν
1575 382 1610 418 ἓν
1628 382 1678 434 τῷ
1695 380 1778 433 ἱερῷ
1793 381 1862 418 τῶν
1883 382 1981 429 θεῶν,
2000 378 2198 434 Δήμητρος,
2212 380 2272 419 καὶ

1247 435 1446 490 Πολιούχου
1459 437 1603 486 Ἀθηνᾶς
1617 438 1677 477 καὶ
1688 437 1779 482 Διός.
1794 436 1979 489 Ἀγόμενος
1991 436 2059 490 (δὲ)
2072 436 2139 476 ὑπὸ
2146 436 2274 492 Κρέον-

1244 510 1302 539 τος
1322 494 1422 549 ἔσχεν
1442 498 1599 536 ἀπιστεῖν
1630 497 1768 545 Θησέα.
1795 497 1978 535 Τελευτῶν
2003 495 2040 535 δὲ
2061 498 2081 535 ὁ
2106 496 2274 541 Οἰδίπους

1246 554 1303 593 διὰ
1331 558 1441 610 γῆρας
1469 556 1689 611 παρεκάλεσε
1706 555 1764 595 τὸν
1785 554 1932 604 Θησέα,
1957 555 2081 607 μηδενὶ
2098 557 2168 594 τῶν
2190 557 2274 604 8⁷1--

1246 614 1355 654 δαίων
1386 614 1493 661 δεῖξαι
1522 616 1581 655 τὸν
1612 616 1734 670 τάφον.
1767 615 1960 662 Ἐθελῆσαι
1986 614 2054 669 γὰρ
2086 614 2191 654 αὐτὸν
2211 616 2273 654 καὶ

1245 673 1365 727 νεκρὸν
1382 674 1597 714 αἰκίσασθαι.
1614 674 1660 714 Ἥ
1684 673 1820 727 ἱστορία
1837 673 1934 727 παρὰ
1953 672 2185 726 Ἀνδροτίωνι.

1300 732 1484 781 Ἰοκάστην
1518 733 1607 785 γήμ.
1644 732 1910 785 reponendum
1939 746 2021 770 esse
2053 745 2126 783 pro
2169 732 2273 784 vulg.

1247 790 1468 840 Ἐπικάστην
1500 792 1590 844 γήμ.
1618 792 1818 843 sequentia
1845 791 1987 830 docere
2005 790 2195 829 videntur.

1756 851 1821 889 32.

1299 908 1428 946 Schol.
1449 908 1629 959 Sophocl.
1651 909 1754 948 OEd.
1771 909 1855 948 Col.
1876 913 1950 956 744
1967 922 1976 945 :
1992 905 2121 947 Αὗτόθι
2135 906 2184 959 (ἐν
2202 907 2276 945 Κο-

1246 968 1361 1021 λωνῷ)
1378 966 1464 1020 φασὶ
1479 967 1684 1006 Ποσειδῶνα
1701 969 1840 1020 πρῶτον
1857 966 1986 1012 ἵππους
2006 965 2120 1011 ζεῦξαι
2132 964 2192 1004 καὶ
2209 979 2278 1017 χα-

1246 1026 1404 1064 λινῶσαι.
1475 1025 1520 1065 Ὁ
1549 1024 1616 1079 γὰρ
1637 1025 1802 1069 Κολωνὸς
1829 1024 1956 1069 ἱππεὺς
1983 1023 2173 1075 ὠνομάσθη
2193 1021 2277 1076 παρ’

1248 1083 1288 1127 ἃς
1305 1083 1470 1136 ἐξεθέμην
1491 1084 1604 1127 αἰτίας
1624 1084 1716 1123 κατὰ
1736 1083 1980 1137 Ἀνδροτίωνα.

1299 1144 1451 1181 Scilicet
1477 1143 1523 1181 ad
1554 1143 1671 1181 verba
1692 1143 1895 1194 Sophoclis
1924 1142 2085 1190 εὔιππον,
2119 1140 2276 1180 εὔπωλον

1246 1202 1498 1240 adnotaverat
1532 1203 1791 1240 Scholiastes:
1824 1201 1918 1254 Ilotp’
1948 1200 2028 1240 ὅσον
2057 1203 2076 1239 ὅ
2115 1198 2278 1243 Κολωνὸς

1246 1259 1370 1303 ἱππεὺς
1387 1259 1525 1313 ἐλέγετο
1543 1260 1604 1299 καὶ
1627 1260 1808 1299 Ποσειδῶν
1834 1259 1895 1298 καὶ
1923 1259 2050 1307 Ἀθηνᾶ
2078 1257 2197 1297 αὐτόθι
2212 1256 2279 1296 ἴπ-

1247 1333 1335 1356 πιοι.

1734 1377 1797 1415 33.

1299 1441 1460 1476 Pausan.
1479 1440 1519 1476 X
1532 1466 1543 1486 ,
1569 1437 1591 1474 8
1614 1451 1623 1474 :
1643 1434 1945 1483 Καταστήσασθαι
1966 1434 2003 1473 δὲ
2021 1434 2197 1487 συνέδριον
2215 1434 2275 1472 ἐν-

1246 1498 1357 1534 ταῦθα
1377 1494 1560 1542 Ἑλλήνων
1585 1496 1616 1533 οἳ
1643 1493 1706 1546 μὲν
1730 1492 1965 1548 Ἀμφικτύονα
1989 1492 2047 1531 τὸν
2074 1491 2276 1531 Δευκαλίω-

1248 1569 1304 1598 νος
1324 1554 1523 1606 νομίζουσι,
1541 1553 1602 1592 καὶ
1623 1553 1692 1592 ἀπὸ
1716 1552 1841 1592 τούτου
1859 1557 1931 1596 τοῖς
1949 1552 2169 1591 συνελθοῦσιν
2199 1549 2278 1589 ἐπί-

1248 1615 1372 1662 κλησιν
1405 1612 1657 1667 Ἀμφικτύονας
1684 1612 1856 1664 γενέσθαι.
1878 1610 2083 1665 Ἀνδροτίων
2110 1609 2147 1648 δὲ
2171 1610 2206 1647 ἐν
2231 1611 2276 1662 τῇ

1249 1672 1380 1711 Ἀτθίδι
1398 1671 1463 1727 ἔφη
1480 1675 1684 1725 συγγραφῇ,
1701 1673 1748 1714 ὡς
1760 1670 1949 1724 τοεξαρχῆς
1966 1669 2130 1724 ἀφίκοντο
2144 1670 2178 1711 ἐς
2191 1669 2278 1707 Δελ-

1248 1730 1332 1785 φοὺς
1358 1730 1454 1784 παρὰ
1481 1732 1551 1768 τῶν
1580 1728 1859 1783 προσοικούντων
1890 1726 2187 1782 συνεδρεύσοντες·
2216 1724 2278 1763 καὶ

1248 1792 1486 1841 ὀνομασθῆναι
1532 1788 1595 1840 μὲν
1631 1787 1876 1841 Ἀμφικτίονας
1913 1786 1994 1830 τοὺς
2028 1783 2277 1833 συνελθόντας,

1248 1851 1432 1896 ἐκνικῆσαι
1453 1847 1490 1891 δὲ
1508 1847 1575 1886 ἀνὰ
1596 1847 1722 1901 χρόνον
1739 1846 1779 1885 τὸ
1793 1850 1853 1884 νῦν
1871 1861 1989 1900 σφισιν
2009 1844 2132 1896 ὄνομα.

1733 1911 1796 1949 34.

1302 1977 1428 2016 Schol.
1457 1976 1638 2028 Sophocl.
1659 1975 1758 2015 OEd.
1780 1975 1861 2014 Col.
1897 1976 1997 2020 1046
2014 1973 2172 2026 (1108):
2200 1972 2279 2012 Ἀν-

1250 2035 1393 2090 δροτίων
1409 2033 1471 2087 μὲν
1487 2031 1545 2073 οὖν
1559 2034 1685 2088 γράφει
1701 2035 1760 2084 ,οὗ
1778 2034 1838 2072 τὸν
1855 2032 2047 2085 Εὔμολπον
2062 2034 2170 2086 εὑρεῖν
2181 2031 2278 2083 [τὴν]

1245 2171 1276 2201 et
1288 2168 1453 2209 Polynices
1469 2167 1534 2204 tilii,
1553 2167 1712 2208 Antigone
1727 2168 1760 2199 et
1773 2168 1899 2198 Ismene
1909 2165 1995 2197 tiliae.
2010 2166 2126 2198 Postea
2139 2166 2277 2204 Iocaste,

1244 2224 1347 2256 quum
1383 2215 1587 2256 cognovisset
1623 2223 1659 2246 se
1683 2223 1759 2246 cum
1784 2213 1849 2245 filio
1879 2212 2088 2245 consuevisse
2100 2236 2108 2251 ,
2140 2212 2212 2253 ipsa
2242 2219 2278 2243 se

1245 2262 1427 2303 suspendit.
1457 2261 1598 2302 OEdipus
1625 2269 1702 2293 vero
1727 2270 1746 2292 a
1770 2262 1907 2293 Creonte
1921 2259 2076 2300 expulsus
2091 2258 2124 2290 in
2137 2258 2276 2291 Atticam

1246 2309 1341 2348 abiit,
1358 2309 1391 2341 in
1406 2318 1508 2350 eaque
1528 2308 1663 2340 incoluit
1683 2308 1843 2341 Colonum
1858 2307 2031 2348 Hippium,
2048 2308 2142 2346 atque
2158 2304 2275 2347 suppli·

1245 2356 1339 2388 cahat
1356 2357 1388 2387 in
1409 2356 1527 2397 templo
1542 2355 1683 2394 Cereris,
1700 2355 1855 2387 Minervae
1866 2378 1876 2393 ,
1890 2353 2039 2395 praesidis
2054 2352 2154 2393 arcis,
2172 2354 2205 2384 et
2220 2354 2277 2384 Jo-

1246 2403 1306 2434 vis.
1323 2405 1368 2435 Ac
1382 2412 1484 2444 quum
1495 2406 1599 2436 Creon
1611 2411 1685 2434 eum
1696 2402 1792 2433 vellet
1804 2401 1974 2441 abducere,
1985 2399 2139 2439 obtinuit,
2153 2401 2190 2431 ut
2199 2398 2277 2431 The-

1247 2458 1321 2482 seus
1336 2451 1364 2482 ei
1381 2459 1445 2482 non
1459 2450 1700 2491 obsequeretur.
1715 2452 1824 2487 Quum
1841 2457 1908 2489 prae
1931 2448 2022 2480 senio
2041 2447 2110 2479 vita
2128 2445 2273 2484 cederet,

1246 2496 1407 2527 Theseum
1426 2495 1617 2527 adhortatus
1631 2497 1691 2533 est,
1710 2504 1749 2526 ne
1764 2495 1916 2535 cuiquam
1931 2493 2159 2525 Thebanorum
2175 2491 2276 2533 sepul-

1248 2551 1339 2574 crum
1356 2544 1541 2574 ostenderet
1558 2552 1566 2573 ε
1583 2543 1642 2574 hos
1660 2542 1746 2574 enim
1770 2542 1879 2582 ipsum
1901 2541 1998 2573 etiam
2018 2542 2183 2571 mortuum
2200 2547 2275 2571 con-

1248 2589 1387 2622 tumeliis
1399 2590 1574 2622 effecturos
1588 2597 1670 2621 esse.
1701 2591 1779 2620 Haec
1795 2588 1835 2620 ab
1850 2587 2048 2619 Androtione
2070 2588 2252 2618 narrantur.

1728 2652 1790 2684 32.

1288 2715 1337 2747 Ibi
1357 2715 1403 2756 (in
1419 2715 1555 2754 Colono)
1577 2716 1762 2755 Neptunum
1785 2714 1893 2745 ferunt
1920 2713 2060 2754 primum
2080 2721 2182 2753 equos
2203 2712 2274 2753 Jun-

1248 2763 1335 2794 xisse
1348 2765 1380 2794 et
1395 2762 1495 2794 frenis
1512 2762 1655 2800 rexisse3
1671 2778 1712 2783 -—
1729 2760 1872 2793 colonus
1897 2759 1984 2791 enim
2010 2758 2148 2799 Hippius
2169 2757 2273 2799 appel-

1247 2810 1332 2842 latus
1348 2811 1414 2848 est,
1432 2812 1469 2842 ut
1493 2809 1670 2842 secundum
1687 2808 1916 2839 Androtionem
1937 2806 2095 2847 exposui,
2129 2805 2206 2846 quia
2226 2803 2271 2837 ibi

1248 2859 1324 2888 sunt
1338 2858 1506 2897 Neptunus
1521 2858 1554 2888 et
1569 2855 1714 2888 Minerva
1725 2854 1845 2896 Hippii.

1288 2973 1495 3005 Conventum
1522 2973 1708 3003 Graecorum
1732 2971 1796 3002 hoc
1822 2969 1855 3001 in
1881 2969 1952 3002 loco
1974 2969 2015 3001 ab
2033 2967 2270 3010 Amphictyone

1247 3021 1459 3052 constitutum
1477 3028 1557 3057 esse,
1574 3018 1778 3050 Deucalionis
1793 3017 1870 3055 silio,
1896 3015 2043 3048 nonnulli
2063 3014 2211 3054 credunt,
2227 3013 2269 3046 ab

1247 3076 1349 3108 eoque
1361 3066 1416 3107 qui
1429 3065 1638 3098 convenirent
1651 3064 1827 3106 appellatos
1841 3073 1913 3096 esse
1928 3062 2189 3103 Amphictyones.
2206 3062 2269 3092 An-

1247 3114 1353 3146 drotio
1368 3113 1491 3145 veroin
1507 3112 1636 3145 Atthide
1649 3111 1739 3152 dicit,
1756 3111 1797 3143 ab
1812 3110 1905 3142 initio
1921 3110 2063 3151 Delphos
2078 3107 2268 3140 convenisse

1247 3161 1303 3202 qui
1321 3161 1355 3193 in
1371 3160 1489 3192 vicinia
1505 3159 1698 3198 habitarent,
1715 3166 1835 3198 eosque
1851 3157 2028 3198 appellatos
2048 3162 2118 3187 esse
2139 3152 2267 3194 Amphi-

1246 3208 1368 3240 ctiones
1383 3231 1392 3246 ‚
1409 3207 1581 3248 postmodo
1596 3215 1673 3238 vero
1687 3205 1865 3237 obtinuisse
1881 3212 2011 3242 nomen,
2033 3210 2098 3243 quo
2114 3208 2202 3232 nunc
2217 3207 2266 3240 ap-

1246 3255 1404 3297 pellantur
1419 3254 1682 3295 Amphictyones.

1725 3316 1786 3348 34.

1287 3375 1440 3409 Androtio
1461 3374 1593 3414 scribit,
1612 3383 1676 3405 non
1696 3374 1782 3405 hunc
1807 3372 2002 3412 Eumolpum
2019 3368 2180 3401 invenisse
2209 3365 2263 3398 ini-
