2320 3684
143 206 191 239 92
857 193 1178 234 PHERECYDIS
1205 193 1537 235 FRAGMENTA.

143 286 213 323 τῶν
235 283 313 323 καθ’
331 282 432 322 αὑτὸν
447 281 639 333 γενόμενος.
654 279 739 318 Ἔτι
755 277 831 322 νέος
848 277 912 328 ὢν,
928 278 1095 318 ἐθεάσατο
1110 279 1168 318 τὸν

144 340 281 395 πατέρα
306 341 363 380 διὰ
384 355 494 393 γηρας
513 337 580 376 ὑπὸ
611 339 681 376 τῶν
704 336 842 390 Ἀγρίου
861 336 996 375 παίδων
1019 340 1080 385 τῆς
1102 341 1169 391 βα-

145 400 276 445 σιλείας
291 398 558 448 ε’κὸαλλόμενον.
569 394 732 449 Διόπερ’
713 401 846 449 αναιρεῖ
857 394 936 440 τούς
945 411 984 434 τε
999 395 1170 450 ἀνεψιους,

145 460 205 498 καὶ
225 459 286 499 συν
304 460 420 501 αὐτοῖς
438 455 609 499 ἀκουσίως
631 452 778 509 ἀδελφόν
812 455 912 507 (cod.
929 456 1024 496 Ven.
1050 457 1170 495 ἀκουσ.

145 518 203 557 τὸν
223 516 388 571 ἀνεψιόν).
408 513 542 566 Φυγὼν
569 512 606 552 δὲ
629 515 675 557 εἷς
696 512 821 567 Ἄργος
859 529 946 568 προς
967 512 1172 568 Ἄδραστον,

147 574 295 627 βασιλέα
312 577 373 621 τῆς
396 571 532 627 χώρας,
549 571 748 625 καθαρσίων
769 587 808 610 τε
823 571 989 625 τυγχάνει
1006 572 1092 627 πρὸς
1111 574 1174 611 αὗ-

145 638 206 673 τοῦ
220 663 230 680 ,
249 633 309 672 καὶ
330 637 439 684 γαμεῖ
458 632 559 684 (cod.
576 634 670 670 Ven.
698 630 887 683 λαμὸάνει)
905 629 970 679 τὴν
990 633 1094 671 αὐτοῦ
1115 635 1174 670 θυ-

83 714 86 717 >
144 691 275 746 γατέρα
293 690 477 738 Διιπύλην.
497 689 542 728 Ἡ
557 689 693 744 ἱστορία
711 688 808 744 παρὰ
828 689 1025 744 Φερεκύδῃ.

197 815 324 854 Schol.
342 814 495 853 Pindar.
513 814 648 852 Isthm.
670 828 703 862 1,
724 827 774 865 79
789 828 798 851 :
812 812 884 853 Τὸν
902 813 1040 853 Μινύαν
1058 816 1090 853 οἱ
1110 814 1173 865 μὲν

146 874 364 927 Ὀρχομενοῦ
387 872 670 924 γενεαλογοῦσιν,
693 873 739 915 ὣς
764 871 990 926 Φερεκύδης,
1022 871 1107 912 ἔνιοι
1138 873 1175 912 δὲ

144 932 297 983 ἔμπαλιν
321 931 379 970 τὸν
398 930 630 985 Ὀρχομενὸν,
670 929 804 969 Μινύου
819 944 828 953 ·
850 929 933 970 ἔνιοι
959 930 996 970 δὲ
1015 930 1175 985 ἀμφοτέ-

145 1007 222 1045 ρους
242 989 467 1035 Ἐτεοκλέους
479 991 731 1042 γενεαλογοῦσι.

587 1070 733 1082 -ῲ-

473 1119 627 1158 LIBER
655 1118 843 1159 NONUS.

197 1188 317 1228 Libro
336 1202 441 1227 nono
461 1197 499 1226 et
517 1188 666 1226 decimo
687 1201 767 1238 prae
784 1188 918 1226 ceteris
935 1187 1076 1226 fabulae
1104 1192 1172 1226 Ar-

144 1249 285 1287 cadicae
311 1256 350 1286 et
375 1248 576 1286 Laconicae
614 1255 786 1285 tractatae
821 1255 923 1285 suut.
953 1247 1060 1285 Sicut
1082 1260 1176 1285 vero

145 1307 409 1359 Apollodorus
441 1307 595 1357 mythos
621 1305 825 1344 Arcadicos
851 1305 891 1342 in
923 1304 1018 1342 duas
1047 1313 1176 1355 partes

145 1366 344 1417 dispescit,
364 1378 531 1417 quarum
555 1365 675 1403 altera
693 1379 716 1402 a
734 1365 893 1414 Pelasgo
911 1362 1069 1414 ejusque
1091 1363 1162 1401 stir

145 1439 194 1476 pe
222 1425 338 1464 dueta
357 1433 414 1463 est
427 1455 438 1473 ‚
466 1425 585 1462 altera
604 1423 653 1462 ab
670 1423 835 1462 Atlantis
851 1421 1001 1460 filiabus
1023 1421 1177 1460 descen-

145 1484 221 1532 dit,
237 1484 371 1522 eodem
389 1484 467 1521 fere
484 1483 600 1521 modo
619 1482 857 1532 Pherecydes
871 1494 953 1519 rem
967 1481 1176 1519 instituisse

144 1543 315 1589 videtur,
346 1543 398 1580 ita
417 1550 461 1579 ut
481 1542 586 1579 illam
606 1554 729 1588 nono,
760 1541 859 1578 hanc
890 1539 1042 1578 decimo
1075 1539 1176 1578 libro

145 1602 365 1652 assignaret.
398 1600 505 1638 Idem
528 1608 696 1638 statuere
715 1599 805 1638 licet
825 1599 872 1637 de
891 1598 1030 1637 sabulis
1049 1601 1175 1637 Laco-

145 1661 263 1708 nicis,
284 1673 447 1711 quarum
479 1659 720 1709 antiquiores
742 1658 827 1696 illas
863 1658 911 1696 de
937 1658 1096 1709 Lelege‚
1129 1658 1177 1696 de

146 1723 290 1758 Eurota
315 1727 387 1756 etc.
418 1731 523 1755 nono
550 1717 651 1755 libro
683 1726 856 1755 narratas
873 1729 955 1754 esse
972 1725 1068 1767 puto
1077 1733 1088 1765 ;
1109 1716 1176 1766 qui

145 1792 239 1816 vero
268 1792 290 1816 a
316 1777 591 1816 Lacedaemone
631 1789 751 1827 genus
786 1774 1004 1822 ducebant,
1042 1789 1177 1813 eorum

145 1836 346 1874 historiam
375 1836 423 1874 de
459 1834 703 1873 Atlantidum
739 1833 928 1884 progenie
960 1833 1172 1871 narrationi

145 1895 330 1933 intextam
350 1907 432 1932 esse
451 1893 563 1931 valde
583 1901 641 1931 est
659 1891 874 1944 probabile.
900 1892 1023 1942 Igitur
1036 1892 1085 1929 ad
1103 1905 1175 1929 no-

146 1967 239 1991 num
276 1953 420 1991 librum
448 1952 650 1990 referenda
672 1960 762 1990 sunt
791 1951 1003 2002 fragmenta
1032 1951 1079 1988 de
1105 1954 1177 1988 Pe-

147 2013 252 2063 lasgo
269 2012 363 2064 (85),
380 2012 429 2049 de
443 2011 598 2050 Callisto
615 2010 709 2061 (86),
723 2010 769 2048 de
785 2013 977 2060 Lycurgo,
995 2009 1042 2046 de
1055 2012 1178 2047 Ereu-

148 2071 319 2109 thalione
339 2069 435 2122 (87);
459 2078 498 2108 et
523 2083 572 2108 ex
603 2068 806 2107 Laconicis
835 2067 975 2106 fabulis
1006 2067 1103 2105 illud
1129 2067 1177 2104 de

147 2131 271 2178 Elato,
285 2130 384 2167 Icari
410 2129 584 2182 (fortasse
603 2128 702 2178 regis
719 2127 851 2175 Cariae‚
874 2139 990 2177 quem
1003 2127 1179 2177 Hyginus

148 2188 239 2227 Fab.
265 2202 337 2239 ι9ο
357 2186 645 2239 commemorat)
672 2187 751 2225 filio
793 2184 891 2238 (88);
909 2185 1000 2223 huic
1020 2184 1177 2236 adjunxi

150 2248 167 2284 s
166 2261 194 2284 r.
217 2249 267 2297 89
283 2247 330 2285 de
343 2247 485 2297 OEtylo
498 2249 698 2297 Spartano.

201 2370 360 2420 Dionys.
383 2369 641 2407 Halicarnass.
668 2367 860 2405 Archaeol.
883 2380 915 2413 1,
933 2380 968 2405 c.
989 2367 1034 2404 13
1052 2378 1061 2401 :
1082 2363 1179 2417 Φέρε

150 2521 260 2553 brinos
273 2520 432 2552 interfecit
445 2521 477 2552 et
487 2520 603 2560 praeter
615 2528 669 2551 eos
680 2519 876 2558 fratremque
892 2526 1000 2556 suum,
1015 2516 1178 2553 Oleniam‚

150 2568 283 2601 invitus.
301 2567 422 2608 Fugit'
413 2576 446 2598 in
459 2566 643 2607 Argolidem
659 2566 700 2598 ad
714 2566 901 2604 Adrastum,
917 2565 1004 2597 illius
1026 2567 1123 2596 terrae
1139 2573 1183 2596 re-

150 2625 235 2656 gem,
248 2616 280 2647 et
293 2617 465 2656 postquam
478 2613 519 2646 ab
531 2614 727 2655 eoexpiatus
739 2622 772 2645 ei
773 2616 824 2653 at
840 2611 938 2644 filiam
948 2612 1017 2652 ejus
1034 2612 1182 2653 Diipylen

151 2671 286 2695 uxorem
301 2661 407 2694 duxit.

635 2716 696 2748 84.

194 2773 321 2812 Minyas
341 2770 538 2804 orchomeni
553 2769 642 2803 filius
660 2773 721 2804 est.

614 2841 739 2852 ..ι’-

491 2884 643 2923 LIBER
669 2883 851 2923 NONUS.

639 2960 702 2993 85.

198 3017 259 3049 Sed
270 3026 325 3058 age
335 3020 367 3050 et
377 3020 534 3072 quantum
544 3019 757 3050 OEnotrorum
769 3017 866 3050 fuerit
878 3025 978 3058 genus
990 3016 1184 3048 demonstre-

157 3072 242 3103 mus,
260 3064 354 3096 allato
373 3074 413 3097 ex
431 3065 545 3106 priscis
566 3065 779 3106 sciiptorihus
794 3064 877 3096 alius
891 3063 955 3095 viri
971 3062 1182 3102 testimonio,

158 3111 371 3151 Pherecydis'
363 3122 509 3153 inquam,
526 3113 582 3153 qui
599 3113 679 3144 nulli
696 3111 942 3144 Atheniensium
958 3111 992 3142 in
1006 3108 1184 3142 scribendis

159 3157 353 3198 genealogiis
369 3159 531 3190 secundus
555 3159 627 3190 suit.
648 3159 704 3191 Ille
717 3159 804 3190 enim
826 3158 866 3190 de
890 3157 1020 3198 regibus
1034 3150 1182 3189 Arcadiae

159 3204 206 3237 sic
227 3204 394 3244 loquitur:
417 3207 493 3236 «Ex
509 3206 639 3245 Pelasgo
656 3207 687 3237 et
703 3205 854 3238 Deianira
866 3206 962 3236 natus
975 3205 1025 3236 est
1039 3205 1182 3244 Lycaon.

162 3251 254 3283 «Hic
270 3251 363 3283 duxit
379 3260 513 3283 uxorem
528 3252 680 3292 Cy-llenen
691 3276 699 3291 ‚
716 3253 849 3284 Naidem
866 3251 1044 3292 nympham
1056 3273 1065 3289 ,
1087 3259 1107 3281 a
1121 3257 1186 3289 qua

162 3312 178 3326 «ι
195 3307 290 3330 mons
303 3297 434 3339 Cyllene
448 3298 564 3330 dictus.
582 3313 596 3326 n
616 3299 747 3337 Deinde,
765 3301 938 3340 postquam
954 3297 1115 3330 recensuit
1134 3305 1184 3327 eo-

161 3354 234 3376 rum
250 3344 378 3385 liberos,
392 3346 425 3377 et
440 3354 590 3385 quaenam
610 3345 679 3376 loca
695 3354 808 3377 eorum
827 3345 1051 3385 unusquisque
1066 3343 1185 3375 habita—

161 3393 214 3432 rit,
230 3391 360 3423 OEnotri
394 3394 424 3423 et
448 3392 588 3424 Peucetii
614 3392 762 3423 meminit
781 3393 831 3423 his
845 3392 952 3423 verbis
972 3402 979 3422 :
1001 3404 1015 3418 α
1031 3391 1073 3422 Et
1085 3391 1183 3422 OEno-

1229 278 1271 327 δὴ
1293 279 1353 318 καὶ
1371 280 1411 319 τὸ
1427 279 1525 332 γένος
1542 279 1622 318 ὅσον
1637 274 1680 328 ἦν
1699 280 1739 319 τὸ
1760 282 1830 319 τῶν
1847 279 2035 336 Οἰνώτρων
2059 282 2250 331 ἀποδείξω-

1230 354 1306 390 μεν,
1323 337 1438 393 ἕτερον
1451 338 1559 393 ἄνδρα
1571 341 1640 378 τῶν
1654 339 1810 393 ἀρχαίων
1826 340 2052 394 συγγραφέων
2067 342 2251 396 παρασχό-

1231 412 1327 448 μενοι
1346 397 1527 452 μάρτυρα,
1550 397 1755 452 Φερεκύδην
1775 400 1846 437 τῶν
1869 398 2056 446 Ἀθηναίων
2075 402 2248 452 (casaub.

1230 455 1396 494 malebat
1411 456 1469 495 τὸν
1486 455 1680 508 Ἀθηναῖον)
1692 456 1908 531 γενεαλόγων
1928 458 2064 503 οὐδενὸς
2080 459 2252 514 δεύτερον.

1231 514 1432 562 Πεποίηται
1447 514 1514 569 γὰρ
1533 516 1628 568 αὐτῷ
1647 516 1728 568 περὶ
1747 518 1816 554 τῶν
1840 518 1874 554 ἐν
1895 516 2061 570 Ἀρκαδία
2088 520 2253 569 βασιλευ-

1232 571 1368 612 σάντων
1388 567 1456 612 ωδε
1471 576 1490 613 ὁ
1508 572 1629 624 λόγος·
1655 576 1869 626 «Πελασγοῦ
1888 575 1948 614 καὶ
1966 576 2176 630 Δηϊανείρης
2193 577 2253 630 γί-

1231 646 1327 670 νεται
1342 632 1505 671 Λυκάων.
1523 626 1636 676 Οὗτος
1651 638 1757 684 γαμεῖ
1774 633 1974 682 Κυλλήνην,
1987 631 2089 682 νηίδα
2101 633 2255 690 νύμφην,

1233 690 1290 743 ἀφ’
1308 694 1350 738 ἧς
1368 690 1407 729 τὸ
1426 689 1502 744 ὅρος
1514 693 1536 737 ἡ
1552 691 1720 739 Κυλλήνη
1737 693 1936 731 καλεῖται.»
1955 692 2108 732 Ἔπειτα
2123 693 2199 738 τους
2215 695 2256 734 ἐκ

1232 747 1363 787 τούτων
1383 748 1609 801 γεννηθέντας
1628 749 1773 798 διεξιὼν,
1787 750 1847 789 καὶ
1866 750 1961 795 τίνας
1975 751 2102 796 τόπους
2115 751 2257 793 ἕκαστοι

1233 806 1364 846 τούτων
1390 807 1546 868 ᾤκησαν,
1565 807 1748 860 Οἰνώτρου
1764 808 1825 847 καὶ
1844 810 2037 849 Πευκετίου
2030 810 2257 872 ”uiuit-limes-

1234 882 1291 904 ται
1304 865 1447 918 ,λέγων
1467 859 1576 904 ωδε-ι
1577 865 1666 905 «Καὶ
1696 866 1893 920 Οἴνωτρος,
1922 868 1980 922 ἀφ’
2011 873 2051 908 οὗ
2085 869 2258 924 Οἴνωτροι

1234 923 1440 974 καλέονται,
1459 926 1526 964 οῖ’
1510 941 1545 964 εν
1572 925 1705 979 Ἰταλίῃ
1732 924 1922 970 οἰκέοντες·
1953 926 2012 965 καὶ
2045 927 2234 973 Πευκέτιος
2247 959 2258 978 ,

1234 983 1293 1037 ἀφ’
1318 987 1358 1022 ου
1382 982 1569 1024 Πευκέτιοι
1594 983 1806 1034 καλέονται,
1837 986 1869 1023 οἱ
1900 986 1936 1023 ἓν
1964 987 2015 1039 τῷ
2035 985 2147 1040 Ἰονίῳ
2171 987 2258 1027 κόλ-

1233 1057 1301 1095 πῳ.
1314 1060 1330 1078 ι)

1714 1109 1777 1147 86.

1288 1172 1468 1223 Apollod.
1480 1176 1550 1222 ΙΙΙ,
1562 1173 1598 1220 8,
1611 1185 1654 1210 2.
1671 1172 1835 1224 Εὔμηλος
1848 1172 1885 1211 δὲ
1898 1173 1959 1212 καί
1973 1189 2061 1217 τινες
2075 1189 2130 1212 ετε
2114 1188 2185 1227 ροι
2197 1173 2261 1213 λε-

1234 1244 1336 1280 γουσι
1371 1229 1527 1269 Λυκάονι
1565 1230 1625 1270 >tal
1660 1231 1833 1285 θυγατέρα
1865 1231 2058 1272 Καλλιστω
2085 1231 2256 1285 γενέσθαι.

1235 1287 1395 1332 Ἡσίοδος
1412 1288 1475 1339 μὲν
1492 1287 1560 1342 γὰρ
1579 1288 1688 1337 αὐτὴν
1707 1290 1791 1342 μίαν
1816 1284 1905 1329 εἶναι
1926 1292 1995 1329 τῶν
2017 1292 2176 1344 Νυμφῶν
2198 1290 2262 1330 λε’-

1235 1361 1310 1398 γει·
1330 1345 1444 1391 Ασιος
1463 1347 1500 1385 δὲ
1520 1347 1703 1398 Νυκτέως,
1722 1348 1927 1403 Φερεκύδης
1943 1348 1981 1387 δὲ
2003 1349 2162 1397 Κητέως.

1715 1418 1779 1457 87.

1290 1482 1417 1521 Schol.
1435 1485 1547 1520 Hom.
1569 1484 1614 1521 Il.
1632 1485 1684 1531 H,
1703 1497 1749 1534 9·
1765 1480 1939 1545 Ἀρηΐθοος
1955 1486 1974 1523 ὁ
1990 1484 2203 1533 Βοιωτὸς,”
2179 1501 2260 1539 αρι-

1236 1555 1316 1584 στος
1331 1542 1401 1579 τῶν
1419 1540 1497 1579 κατ’
1518 1540 1621 1580 αὑτὸν
1641 1541 1883 1595 ἀνθρώπων,’
1865 1559 1907 1590 ην
1927 1542 2051 1587 διαὸὰς
2069 1545 2116 1587 εἷς
2132 1543 2262 1597 Ἀρκα-

1236 1599 1324 1637 δίαν.
1349 1601 1414 1638 Ἤν
1431 1598 1498 1653 γὰρ
1513 1600 1695 1653 ἁψιμαχία
1710 1617 1762 1645 τις
1772 1602 1843 1640 ἐκεῖ
1861 1601 2004 1656 Ἀρκάσι
2019 1618 2058 1641 τε
2074 1602 2135 1641 καὶ
2148 1605 2263 1642 Βοιω-

1236 1664 1308 1702 τοῖς
1328 1663 1399 1701 τοῖς
1419 1659 1523 1697 αὐτοῦ
1542 1659 1701 1704 πολίταις
1718 1660 1798 1714 περὶ
1815 1659 1903 1715 ὅρων
1917 1676 1991 1712 γης.
2006 1661 2185 1709 Πλείστην
2209 1663 2264 1700 ἐν-

1235 1719 1350 1755 τεῦθεν
1374 1717 1588 1769 κατεσύρατο
1607 1717 1715 1758 λείαν.
1733 1717 2002 1773 Καταφρόνησιν
2023 1718 2059 1757 δὲ
2078 1721 2182 1758 αὐτοῦ
2196 1735 2264 1771 με-

1236 1775 1349 1827 γάλην
1372 1774 1586 1826 ἓμὸαλόντος
1613 1782 1685 1820 τοῖς
1711 1777 1888 1830 Ἀρκάσιν,
1911 1780 2134 1831 Λυκοῦργος,
2154 1781 2173 1817 ὁ
2193 1781 2264 1818 τῶν

1236 1835 1385 1873 ἐνταῦθα
1404 1834 1590 1888 κράτιστος
1623 1835 1729 1889 ἀνὴρ,
1762 1836 1867 1889 λόχον
1901 1836 2064 1886 καθίσας,
2095 1836 2199 1876 αὐτόν
2228 1853 2267 1876 τε

1239 1895 1353 1932 ἀνεῖλε
1376 1893 1435 1931 καὶ
1454 1892 1517 1941 τὴν
1546 1894 1763 1947 παντευχίαν
1796 1896 1902 1934 αὐτοῦ
1931 1894 2021 1947 μετὰ
2039 1898 2102 1942 τῆς
2119 1895 2266 1948 κορύνης

1237 1950 1341 1990 ἔλαὸε
1353 1982 1364 1999 ,
1384 1951 1443 1990 καὶ
1462 1951 1526 1999 τὴν
1543 1951 1640 1991 λείαν
1663 1953 1922 1992 ἔπανεσώσατο.
1943 1953 1989 1992 Ἡ
2013 1953 2150 2006 ἱστορία
2170 1953 2268 2007 παρὰ

1237 2009 1434 2063 Φερεκύδῃ.
1457 2012 1601 2050 Eadem
1619 2013 1659 2050 in
1682 2016 1816 2050 Arsen.
1836 2012 1980 2050 Violar.
1997 2026 2035 2063 p.
2059 2014 2145 2050 132.

1291 2069 1417 2108 Schol.
1434 2072 1546 2108 Hom.
1561 2070 1605 2108 Il.
1626 2073 1679 2118 H,
1701 2071 1773 2108 135
1789 2085 1798 2107 :
1817 2068 1899 2110 Φεὰ
1913 2069 1950 2108 δὲ
1965 2070 2066 2114 πόλις
2080 2073 2142 2117 τῆς
2161 2069 2267 2109 Ἤλι-

1238 2128 1311 2171 δος·
1326 2129 1357 2165 οἳ
1381 2126 1439 2179 δὲ,
1456 2130 1520 2175 τῆς
1537 2100 1738 2182 Ἀρκαδίας,
1756 2128 1840 2182 παρ’
1875 2127 1919 2175 ἣν
1951 2131 1970 2167 ὃ
1992 2128 2175 2182 Ἰαρδοίνης
2200 2130 2266 2182 ῥεῖ.

1240 2184 1345 2226 Ἀλλὰ
1369 2185 1430 2224 καὶ
1447 2189 1469 2234 ἡ
1500 2186 1596 2226 Φειὰ
1623 2185 1946 2258 παραθαλάσσιος’
1930 2186 2022 2225 εστί·
2042 2186 2102 2224 καὶ
2123 2186 2266 2240 Ἰάρδα-

1239 2260 1294 2288 νος
1317 2245 1383 2296 οὖχ
1398 2247 1522 2298 ὁρᾶται
1550 2245 1709 2297 ποταμὸς
1726 2245 1858 2284 αυτόθι.
1877 2245 2038 2296 Ἄμεινον
2057 2239 2116 2284 ουν
2135 2247 2183 2289 ὡς
2205 2245 2267 2284 Δί-

1239 2306 1366 2357 δυμος·
1384 2305 1513 2359 Φήρᾳ,
1537 2305 1686 2360 Σπάρτῃ
1701 2337 1711 2355 ,
1734 2306 1794 2344 καὶ
1809 2305 1990 2360 Δαρδάνου
2016 2306 2102 2358 (leg.
2126 2303 2267 2358 Ἰαρδά-

1237 2365 1313 2417 νου)
1332 2364 1422 2418 ἀμφὶ
1436 2366 1567 2418 ῥέεθρα·
1587 2363 1676 2403 οὕτω
1695 2363 1762 2419 γὰρ
1781 2364 1839 2403 καὶ
1856 2363 2060 2419 Φερεκύδης
2071 2365 2213 2417 ἱστορεῖ.

1242 2528 1258 2543 «
1275 2518 1357 2555 trus,
1371 2525 1389 2548 a
1401 2526 1466 2558 quo
1480 2517 1608 2550 OEnotri
1623 2516 1832 2548 nominantur
1846 2539 1855 2555 ‚
1869 2515 1925 2556 qui
1941 2516 1975 2547 in
1988 2515 2081 2548 Italia
2098 2514 2265 2554 habitant3

1243 2575 1259 2590 u
1277 2571 1315 2594 ac
1328 2563 1515 2603 Peucetius,
1535 2572 1554 2595 a
1575 2572 1641 2604 quo
1659 2562 1803 2595 Peucetii
1826 2561 2049 2604 appellantur,
2069 2561 2126 2602 qui
2145 2560 2179 2592 in
2194 2560 2268 2592 sinu

1242 2610 1378 2643 «Ionio.
1396 2623 1425 2642 ».

1723 2676 1784 2709 86.

1282 2739 1416 2772 Callisto
1429 2738 1493 2770 filia
1508 2740 1557 2771 est
1571 2739 1670 2771 Cetei.

1691 2841 1705 2857 ,Α
1716 2804 1780 2842 87.

1282 2870 1455 2903 Areithous
1464 2894 1474 2910 ‚
1488 2872 1639 2910 Boeotus,
1657 2868 1946 2911 praestantissimus
1962 2862 2138 2908 aequalium
2147 2889 2157 2906 ‚
2170 2865 2262 2906 traje-

1241 2919 1327 2949 cerat
1349 2918 1381 2949 in
1400 2918 1570 2949 Arcadiam
1586 2927 1596 2956 ;
1614 2919 1682 2949 erat
1694 2916 1781 2948 enim
1803 2915 1844 2947 de
1858 2915 1978 2946 finibus
1999 2912 2164 2946 contentio
2185 2911 2268 2943 inter

1245 2965 1386 2997 Arcades
1402 2966 1435 2997 et
1451 2967 1597 3003 Boeotos‚
1621 2963 1691 3004 ejus
1715 2962 1815 2994 cives.
1834 2961 2011 2993 Plurimam
2031 2959 2077 2991 ibi
2097 2958 2174 2991 fecit
2188 2966 2268 2999 prae·

1241 3012 1328 3044 dam.
1345 3014 1455 3049 Quum
1468 3020 1545 3043 vero
1556 3010 1590 3041 in
1605 3018 1758 3050 magnum
1774 3010 1973 3040 contemtum
1987 3006 2131 3038 venisset
2141 3004 2268 3037 Arcadi·

1242 3059 1323 3098 bus,
1339 3060 1531 3111 Lycurgus,
1547 3057 1598 3088 vir
1617 3057 1714 3097 hujus
1734 3055 1871 3096 regionis
1887 3055 2054 3095 princeps,
2073 3051 2207 3084 structis
2219 3051 2264 3083 in-

1242 3106 1334 3138 sidiis
1355 3107 1388 3137 et
1413 3105 1521 3146 ipsum
1548 3103 1670 3136 occidit
1698 3105 1730 3135 et
1748 3104 1850 3134 totam
1879 3102 1948 3141 eJus
1974 3099 2172 3132 armaturam
2190 3106 2266 3130 cum

1240 3153 1333 3186 clava
1347 3151 1433 3193 cepit
1449 3154 1546 3192 atque
1561 3150 1704 3191 praedam
1719 3148 1933 3189 recuperavit.

1282 3200 1369 3232 Phea
1384 3198 1485 3231 urbs
1477 3207 1510 3230 ιιι
1524 3197 1619 3230 Elide
1632 3197 1705 3237 sita,
1721 3195 1901 3228 secundum
1919 3193 2020 3225 alios·
2013 3202 2048 3224 ιιι
2070 3190 2210 3224 Arcadia
2224 3190 2265 3222 ad

1224 3271 1226 3273 >
1242 3243 1431 3280 Jar'danam.
1451 3245 1514 3278 Sed
1531 3245 1616 3276 Phea
1632 3243 1713 3274 mari
1727 3242 1850 3282 adjacet
1865 3243 1898 3273 et
1910 3240 2068 3272 Jardanas
2085 3238 2205 3270 fluvius
2218 3235 2263 3268 ibi

1242 3303 1306 3325 non
1317 3291 1522 3334 conspicitur.
1531 3290 1646 3323 Melius
1655 3289 1751 3330 igitur
1761 3288 1920 3329 Didymus
1931 3286 2130 3328 iegit,‹1›41pqt,
2141 3283 2265 3326 Σπάρτῃ

1241 3342 1294 3373 καὶ
1310 3339 1467 3382 Ἰαρδάνου
1490 3339 1565 3379 ἀμφὶ
1589 3337 1711 3379 ῥέεθρα,
1738 3344 1813 3368 nam
1842 3335 1886 3366 ita
1907 3332 2109 3374 Pherecydes
2135 3336 2266 3411 quoque

1243 3390 1362 3420 nai-iat.
