2320 3684
153 196 228 230 3⁷2

203 332 386 384 Stephan.
407 321 543 381 ⁶Byz.:
589 329 814 383 Παρπάρων,
853 328 983 383 χωρίον
1011 331 1049 368 ἐν
1083 329 1182 385 Ἀσία

152 390 356 432 Αἷολικόν..
376 388 447 430 ,Ὁ
463 388 608 435 πολίτης
623 387 900 442 Παρπαρώνιος,
919 387 989 427 ἀπὸ
1007 391 1069 435 τῆς
1085 391 1182 443 Παρυ

150 449 311 504 πάρωνος
333 450 512 501 γενικῆς..
518 445 768 499 ..Ἀνδροτίων
789 447 818 484 δ’
847 448 882 484 ἐν
905 445 1012 500 τρίτω
1029 447 1184 492 Ἀτθίδος

152 506 465 561 Παρπαρωνιώτας
494 504 616 559 φησίν·
650 503 725 543 ἔστι
742 504 811 544 δὲε
792 521 839 549 ως
855 504 925 544 ἀπὸ
943 510 1005 544 τοῦ
1025 508 1182 559 Παρπα-

153 567 279 622 ρωνία,
296 568 344 609 ὡς
366 562 551 605 Θεσσαλία
570 563 836 612 Θεσσαλιώτης.

204 695 429 741 Harpocrat.
446 704 454 726 :
478 687 574 728 Δέκα
590 688 650 727 καὶ
670 689 888 741 δεκαδοῦχος.
958 683 1096 743 ῗΗρχον
1117 689 1181 742 μὲν

151 751 182 787 οἱ
203 747 287 787 δέκα
315 750 346 787 οἳ
376 746 466 799 μετὰ
495 746 574 791 τοὺς
598 747 787 802 τριάκοντα
809 748 1059 793 καταστάντες.
1092 749 1182 803 Περὶ

151 810 220 846 τῶν
247 806 337 859 μετὰ
363 806 426 853 τὴν
458 805 650 846 κατάλυσιν
689 809 758 846 τῶν
798 808 986 861 τριάκοντα
1019 808 1183 856 Ἀθήνησι

151 865 463 920 χειροτονηθέντων
485 865 619 919 ἀνδρῶν
654 865 741 905 δέκα
769 867 828 905 καὶ
854 869 924 906 τῶν
946 866 1023 915 ἑξῆς
1047 867 1183 921 εἴρηκεν

153 924 357 979 Ἀνδροτίων
374 926 409 963 ἐν
427 927 472 977 τῇ
490 924 605 979 τρίτῃ.

205 985 346 1023 Eadem
362 1014 372 1032 ‚
407 984 472 1022 sed
495 985 650 1032 mutila,
680 984 888 1023 Phavorin.
914 989 1064 1024 Desunt
1083 986 1184 1024 enim

164 1043 301 1096 εἴρηκεν
318 1065 370 1073 --
388 1042 501 1096 τρίτῃ.

208 1164 462 1213 Harpocratst
495 1160 682 1205 Μόλπις..
687 1161 869 1206 ,Μόλπις
893 1165 912 1200 ὃ
943 1177 1012 1200 των
1042 1163 1077 1200 ἐν
1095 1164 1185 1201 Πει-

156 1225 263 1273 ραιεῖ·
284 1222 315 1258 οἱ
336 1220 366 1259 δ’
383 1219 450 1274 ἄρα
491 1218 581 1271 μετὰ
604 1219 683 1263 τους
705 1220 893 1273 τριάκοντα
916 1219 1044 1259 δέκα”
1021 1235 1187 1273 αρχοντες

153 1283 263 1333 ἠρχον
282 1279 317 1318 ἐν
332 1281 541 1333 Πειραιεῖ,
521 1295 569 1317 ων
587 1282 668 1324 εἷς’
651 1295 693 1326 ην
712 1282 730 1318 ὁ
747 1279 939 1328 Μόλπις,
920 1295 967 1323 ως
983 1278 1186 1332 Ἀνδροτίων

155 1339 189 1376 ἐν
206 1338 306 1392 τρίτῃ
327 1338 488 1382 Ἀτθίδος.

642 1397 701 1435 12.

209 1458 436 1507 Harpocrat.
458 1471 466 1494 :
501 1455 706 1509 Ὀφρύνειον
780 1455 880 1499 πόλις
897 1455 972 1494 ἐστὶ
987 1459 1050 1503 τῆς
1063 1455 1189 1508 Τρωά-

156 1515 230 1564 δος,
250 1516 296 1558 ὡς
320 1515 419 1561 δηλοῖ
435 1514 638 1569 Ἀνδροτίων
660 1517 695 1553 ἐν
714 1515 813 1569 τρίτῃ
835 1515 997 1560 Ἀτθίδος.

546 1651 700 1691 LIBER
728 1652 793 1692 IV.

649 1720 709 1758 13.

205 1779 330 1817 Schol.
358 1780 472 1818 Arist.
496 1778 597 1817 Nub.
621 1780 695 1828 981
720 1795 727 1816 :
751 1779 923 1834 Βουφόνια
955 1780 1057 1833 ἑορτὴ
1084 1780 1190 1827 Ἀθη-

157 1838 263 1877 ναίων
282 1837 374 1876 πάνυ
396 1838 544 1892 ἀρχαία·
563 1839 598 1876 ἓν
615 1837 682 1892 γὰρ
699 1844 770 1883 τοῖς
789 1838 980 1882 Διιπολίοις
1000 1839 1085 1893 φασι
1107 1842 1188 1892 βοῦν

157 1897 197 1935 τὸ
213 1896 370 1935 πόπανον
388 1902 604 1952 καταφαγεῖν
617 1896 658 1935 τὸ
676 1897 1007 1959 παρεσκευασμένον
1027 1898 1112 1951 πρὸς
1125 1898 1188 1946 τὴν

157 1955 291 1994 θυσίαν·
312 1956 490 1995 Θαύλωνα
517 1956 554 1995 δέ
570 1972 649 1995 τινα
669 1958 716 2000 ὡς
735 1960 775 1995 ει
766 1973 808 2009 χε
825 1955 912 1995 πε)’
895 1973 966 1996 εκει
986 1959 1190 1996 ἀποκτεῖναι

157 2014 216 2053 τὸν
240 2017 335 2067 βουν,
356 2014 446 2053 καθὰ
470 2031 530 2053 και
549 2014 753 2068 Ἀνδροτίων
778 2015 956 2067 μέμνηται
975 2016 1034 2055 διὰ
1052 2019 1114 2064 τῆς
1132 2033 1191 2056 τε-

159 2073 204 2112 TUI
227 2089 248 2111 τ
293 2103 300 2111 .

208 2089 358 2171 &gildam
393 2133 574 2185 leguntur
600 2134 705 2185 apud
739 2135 997 2173 Phavorinum
1026 2145 1065 2173 et
1098 2136 1190 2174 Sui—

656 2249 692 2283 9.

201 2302 385 2342 Parparon,
414 2300 501 2341 regio
525 2301 560 2332 in
589 2301 665 2333 Asia
681 2301 815 2335 AEolica.
828 2322 870 2329 —
886 2302 996 2343 Civis,
1015 2305 1192 2344 Parparo-

160 2349 241 2381 m‘us
254 2356 274 2379 a
288 2347 431 2388 genitivo
450 2348 654 2389 Parparonis.
672 2349 832 2382 Androtio
848 2352 955 2382 autem
970 2350 1066 2382 tertio
1089 2351 1191 2382 Atthi-

159 2395 211 2427 dis
228 2396 506 2436 Parparomotas
521 2403 578 2427 eos
593 2398 699 2427 vocat.
718 2398 777 2428 Est
792 2396 827 2428 id
842 2400 951 2429 autem
972 2398 1066 2439 quasi
1085 2406 1104 2430 a
1118 2399 1192 2430 Par-

158 2442 302 2484 pamma,
315 2444 352 2473 ut
371 2450 390 2474 a
407 2442 573 2474 Thessalia
597 2442 836 2476 Thessaliotes.

203 2556 327 2586 Decem
349 2555 382 2586 et
404 2555 594 2586 Decemvir.
622 2555 742 2586 Rerum
772 2554 857 2586 enim
889 2555 1097 2596 potiebantur
1130 2555 1193 2587 viri

161 2600 287 2640 decem,
304 2600 361 2642 qui
377 2602 451 2642 post
466 2600 597 2641 triginta
611 2601 699 2633 viros
721 2601 890 2633 constituti
906 2604 998 2634 erant
1043 2605 1192 2635 Ceterum

162 2648 203 2680 de
218 2647 299 2679 viris
314 2647 426 2680 decem
442 2647 499 2689 qui
517 2648 653 2680 Athenis
670 2647 768 2679 creati
783 2649 872 2688 sunt,
886 2657 988 2688 quum
1001 2648 1192 2689 abrogatum

162 2694 242 2727 viris
259 2694 391 2735 triginta
403 2696 490 2727 esset
504 2695 690 2736 imperium,
708 2697 741 2727 et
756 2695 797 2727 de
811 2694 874 2727 illis
890 2704 964 2736 quae
977 2698 1087 2728 secuta
1104 2698 1192 2737 sunt,

162 2742 248 2774 dixit
265 2742 421 2775 Androtio
441 2741 523 2774 libro
544 2742 654 2775 tertio.

206 2848 323 2889 Molpis
339 2857 380 2880 ex
405 2848 444 2880 iis
466 2850 534 2880 erat
549 2849 607 2890 qui
627 2848 661 2880 in
675 2847 799 2880 Piraeeo
824 2848 995 2890 imperium
1020 2848 1192 2880 habebant.

165 2895 293 2927 Etenim
309 2897 384 2936 post
398 2895 530 2936 triginta
552 2895 640 2928 viros
665 2895 839 2928 decemviri
867 2896 901 2927 in
927 2895 1048 2927 Piraeeo
1065 2895 1196 2936 impera-

166 2941 256 2981 bant,
273 2951 412 2982 quorum
429 2951 514 2975 unus
544 2942 608 2975 fuit
622 2943 751 2984 Molpis,
774 2946 808 2975 ut
826 2943 982 2975 Andr-otio
1004 2943 1100 2975 refert
1115 2942 1196 2974 libro

167 2989 308 3021 Atthidis
322 2989 427 3021 tertio.

212 3094 422 3135 Opliryneum
438 3098 489 3127 est
504 3095 582 3128 urbs
608 3097 743 3129 Troadis
760 3120 769 3136 ,
801 3099 836 3128 ut
864 3096 1005 3129 declarat
1040 3095 1197 3129 Androtio

171 3140 251 3172 libro
268 3141 410 3174 Atthidis
424 3143 529 3174 tertio.

546 3244 699 3283 LIBER
733 3245 796 3284 lV.

657 3309 718 3341 13.

216 3356 421 3397 Buphom'a‚
446 3357 564 3389 festum
591 3360 835 3392 Atheniensium
862 3362 1146 3401 vetustissimum3
1165 3361 1197 3392 in

176 3402 323 3444 Diipoliis
349 3403 435 3435 enini
461 3403 577 3436 bovem
614 3405 719 3437 ferunt
750 3407 928 3441 comedisse
952 3409 1132 3449 placentam
1157 3408 1196 3440 ad

801 202 806 206 ·
856 185 1207 227 ANDROTloNIS
1236 188 1564 229 FRAGMENTA.

1240 273 1338 312 dam.
1359 278 1418 313 Ex
1435 274 1552 314 Suida
1569 274 1728 313 Siehclis
1749 283 1894 327 receplt
1914 283 2140 327 scmpturam
2161 274 2266 316 926-

1238 333 1334 371 λωνα
1364 347 1436 385 pro
1466 333 1657 382 Βαύλωνα,
1689 348 1774 384 quae
1802 348 1848 372 eo
1875 335 2128 373 confirmatur
2159 335 2265 386 quod

1238 393 1341 443 apud
1369 393 1603 444 Hesychium
1628 392 1855 433 Θαυλωνίδαι
1882 394 1923 431 ἰιι
1949 394 2128 445 Diipoliis
2159 407 2265 432 sacra

1240 450 1372 489 secisse
1394 451 1587 490 dicuntur.

1725 504 1784 542 14.

1294 563 1424 614 steph.
1443 566 1533 614 Byz.
1551 578 1560 601 :
1587 562 1827 616 Ἀργεννοῦσα,
1850 562 1954 610 νήσος
1972 562 2058 616 πρὸς
2074 565 2116 616 τῇ
2133 562 2267 616 ἠπείρῳ

1238 623 1302 668 τῆς
1330 621 1497 675 Τρωάδος
1571 621 1610 660 τὸ
1631 621 1761 660 ἐθνικὸν
1780 620 2046 675 Ἀργεννούσιος.
2065 621 2266 676 Ἀνδροτίων

1240 681 1275 718 ἐν
1297 679 1451 734 τετάρτῳ
1471 683 1532 728 τῆς
1553 680 1703 724 Ἀτθίδος
1721 680 1779 719 διὰ
1797 684 1857 719 τοῦ
1878 697 1900 718 ι.

1641 822 1792 860 LIBER
1821 821 1870 860 V.

1732 886 1790 923 15.

1295 945 1426 996 Steph.
1465 949 1580 995 Byz.:
1625 943 1802 993 Μαλιεὺς,
1842 943 1950 988 πόλις
1985 942 2166 995 ἐπώνυμος
2201 945 2269 982 τῶν

1243 1004 1421 1042 Μαλιέων.
1508 1003 1554 1043 ‘O
1584 1003 1730 1050 πολίτης
1756 1002 1923 1046 Μαλιεύς.
1951 1002 2059 1042 Ἔστι
2090 1002 2150 1040 καὶ
2184 1004 2272 1042 Μα-

1242 1062 1362 1106 λιακὸς
1393 1062 1531 1106 κόλπος.
1565 1061 1717 1114 Λέγεται
1745 1061 1806 1100 καὶ
1837 1061 2047 1109 Μαλεάτης·
2069 1060 2272 1115 Ἀνδροτίων

1243 1120 1410 1174 πέμπτῳ.

1735 1174 1792 1211 16.

1296 1233 1424 1284 Steph.
1440 1236 1529 1283 Byz.
1555 1248 1564 1270 :
1589 1231 1835 1285 Μεθουριάδες,
1865 1233 1967 1278 νῆσοι
1985 1229 2113 1282 μεταξὺ
2131 1230 2276 1282 Αἰγίνης

1244 1291 1305 1329 καὶ
1326 1291 1484 1338 Ἀττικῆς
1507 1290 1656 1339 πλησίον
1675 1291 1884 1344 Τροιζῆνος·
1906 1289 2107 1343 Ἀνδροτίων
2122 1287 2276 1343 πέμπτῳ

1246 1349 1406 1393 Ατθίδος.

1731 1407 1791 1445 17.

1299 1471 1527 1519 Harpocrat.
1550 1483 1558 1504 :
1580 1465 1819 1520 Κηφισόδοτος
1907 1465 2111 1519 Ἀνδροτίων
2132 1466 2166 1504 ἐν
2183 1464 2278 1516 πέμ-

1245 1543 1316 1579 πτῃ
1341 1526 1493 1572 Ἀτθίδος
1518 1528 1667 1579 ἱστορεῖ,
1691 1528 1738 1570 ὡς
1763 1523 2066 1572 Ἀλωπεκόννησον
2080 1525 2274 1578 πολιορκῶν

1247 1585 1545 1640 ἀπεχειροτονήθη
1556 1617 1566 1635 ,
1586 1585 1647 1624 καὶ
1665 1584 1793 1638 κριθεὶς
1806 1584 1912 1631 ἑάλω,
1932 1583 1992 1622 καὶ
2009 1583 2154 1622 ἀπέτισε
2172 1582 2277 1622 πέντε

1245 1644 1416 1684 τάλαντα.

1300 1704 1445 1743 Eadem
1465 1703 1582 1741 habet
1597 1703 1732 1741 Suidas
1742 1733 1752 1751 ‚
1773 1702 1940 1740 auctoris
1953 1700 2108 1739 nomine
2123 1700 2276 1738 omisso.

1301 1763 1438 1810 Quinti
1464 1763 1553 1800 libri
1585 1762 1840 1812 fragmentum
1869 1759 1916 1798 de
1945 1759 2093 1810 Hagnia
2126 1757 2204 1796 vid.
2237 1758 2277 1796 in

1246 1822 1417 1861 Philoch.
1440 1824 1570 1861 CLIII.

1639 1943 1793 1982 LIBER
1820 1942 1889 1982 VI.

1734 2012 1792 2049 18.

1301 2075 1436 2126 steph.
1462 2077 1551 2124 Byz.
1575 2087 1583 2110 ε
1609 2070 1733 2126 Αἷραὶ,
1752 2069 1852 2113 πόλις
1875 2067 2111 2112 Μακεδονίας·
2129 2066 2205 2106 ἔστι
2217 2067 2277 2107 καὶ

1249 2134 1338 2182 ἄλλη
1358 2133 1503 2177 Ἰωνίας.
1521 2131 1573 2172 Τὸ
1602 2130 1734 2170 ἐθνικὸν
1756 2128 1894 2183 Aipeia,
1910 2129 1951 2167 τὸ
1969 2127 2006 2167 δὲ
2030 2131 2093 2175 τῆς
2115 2128 2277 2168 Μακεδο-

1245 2243 1439 2277 sacrificium
1453 2243 1664 2284 apparatam,
1678 2239 1879 2272 Thaulonem
1893 2246 1970 2269 vero
1983 2236 2094 2270 statim
2109 2235 2214 2269 securi
2232 2234 2278 2267 in·

1243 2290 1407 2324 tersecisse
1424 2289 1555 2329 bovem,
1592 2265 1681 2329 quo’d
1698 2285 1855 2319 Androtio
1873 2293 2002 2326 quoque
2019 2286 2176 2316 memorat
2196 2281 2278 2315 libro

1244 2340 1374 2380 quarto.

1285 2440 1487 2479 Argenuusa‚
1526 2436 1632 2468 insula
1646 2388 1748 2476 propt}
1758 2389 1982 2466 {ontinentem
1999 2430 2168 2463 Troadis..
2175 2430 2278 2462 .-Gen

1244 2485 1301 2518 tile
1316 2486 1549 2540 Argenuusius.
1569 2483 1727 2516 Androtio
1744 2482 1826 2514 libro
1841 2482 1956 2522 quarto
1971 2478 2113 2513 Atthidis
2131 2479 2192 2510 hoc
2217 2486 2274 2510 no·

1245 2542 1318 2566 men
1335 2542 1391 2574 per
1407 2534 1419 2565 i
1434 2531 1556 2564 scribit.

1646 2604 1802 2643 LIBER
1830 2603 1879 2642 V.

1289 2725 1443 2764 Malieus,
1467 2724 1545 2756 urbs
1559 2731 1579 2755 a
1595 2730 1659 2763 qua
1688 2668 1796 2753 Μειῖἰὲἱ
1808 2718 2067 2752 denominantur.
2071 2715 2204 2749 ——civis
2216 2715 2280 2748 Ma-

1247 2771 1338 2804 lieus.
1356 2774 1415 2804 Est
1431 2779 1562 2812 quoque
1578 2769 1731 2803 Maliacus
1746 2767 1849 2799 3ἰιιιι3
1865 2765 1994 2798 Dicitur
2007 2771 2136 2805 quoque
2151 2762 2278 2795 Malea·
2310 2806 2315 2811 ‹

1250 2822 1308 2855 tes,
1325 2820 1411 2860 quod
1426 2821 1561 2860 usurpat
1573 2816 1729 2850 Androtio
1745 2815 1828 2847 libro
1850 2813 1976 2855 quinto

1290 2919 1522 2958 Methuriades,
1541 2917 1657 2950 insulae
1688 2870 1837 2956 AEgligam
1856 2914 1940 2946 inter
1956 2915 1988 2945 et
2002 2911 2141 2944 Atticam
2153 2934 2162 2951 ,
2178 2917 2280 2952 prope

1249 2969 1445 3007 Troezenem‚
1459 2966 1499 2998 de
1517 2964 1636 3006 quibus
1654 2962 1811 2996 Androtio
1826 2961 1908 2993 libro
1924 2960 2038 3001 quinto
2046 2957 2202 2991 Atthidis.

1291 3081 1543 3124 Cephisodotus.
1574 3026 1873 3118 Hic‚utA1ner0ti0
1893 3075 1974 3106 libro
2005 3073 2120 3126 quinto
2135 3069 2279 3104 Atthidis

1250 3129 1356 3168 refert,
1373 3128 1651 3169 Alopeconnesum
1665 3123 1820 3156 obsidens
1842 3123 1987 3154 remotus
2002 3122 2051 3152 est
2072 3118 2218 3161 imperio,
2232 3116 2278 3149 vi-

1250 3178 1386 3217 ctusque
1402 3175 1436 3207 in
1449 3174 1572 3216 judicio
1585 3172 1705 3205 talenta
1717 3170 1861 3211 quinque
1878 3167 2046 3210 persolvit.

1641 3245 1795 3337 LIBRI}
1821 3245 1888 3284 VI.

1293 3363 1401 3400 AE,rae
1425 3359 1501 3391 urbs
1515 3357 1738 3396 Macedoniae;
1765 3357 1816 3388 est
1840 3355 1936 3387 etiam
1953 3354 2015 3386 alia
2027 3351 2136 3385 Ioniae.
2153 3347 2280 3383 Gentile

1251 3407 1415 3447 AErensis;
1429 3407 1485 3439 sed
1502 3404 1718 3439 Macedonicae
1739 3402 1829 3435 urbis
1847 3401 1964 3444 gentile
1985 3403 2034 3433 est
2053 3401 2190 3433 AEraeus.
2216 3396 2276 3429 Est
