2320 3684
155 189 231 223 304

153 285 199 310 ea
232 271 376 309 d1misit
394 287 405 319 ;
433 270 549 320 quid,
570 269 676 320 quod
695 282 744 306 ne
761 268 897 306 hortos
914 266 1073 318 quidem
1093 278 1184 304 suos

154 338 193 368 et
211 330 355 381 praedia
371 329 420 368 ab
440 329 486 366 iis
503 328 646 366 muniri
666 327 777 375 sivit,
798 326 863 364 sed
881 325 1004 364 cuivis
1017 354 1026 372 ,
1044 324 1184 376 quibus

153 388 362 441 indigeret,
383 401 428 426 ea
443 386 532 424 inde
549 398 699 434 sumere
717 383 931 436 permisit.»
950 386 1009 423 W
1005 384 1129 425 ichers,

206 524 432 571 Harpocrat.
455 532 464 554 :
485 517 631 557 Λύκειον
730 515 765 555 ἓν
788 518 858 555 τῶν
881 516 965 570 παρ’
993 515 1185 564 Ἀθηναίοις

152 578 355 631 γυμνασίων
376 576 450 615 ἐστὶ
468 575 615 615 Λύκειον
627 591 635 599 ·
653 574 672 614 ὃ
689 574 903 627 Θεόπομπος
925 573 988 626 μὲν
1012 575 1048 614 ἐν
1067 577 1110 626 τῇ
1128 573 1186 614 κα’

154 640 287 691 (vulgo
304 640 338 676 ἓν
355 640 399 690 τῇ
416 635 523 688 κατὰ)
543 635 801 690 Πεισιστράτου
818 636 905 687 (leg.
931 635 1185 689 Πεισίστρατον

154 712 202 736 ex
236 697 355 736 Suida
371 704 409 734 et
433 695 517 733 cod.
535 695 668 747 Coisl.)
684 693 832 741 ποιῇσαί
865 694 1013 749 [φησιν].
1043 698 1186 733 Praeter

154 756 312 795 Suidam
340 756 420 794 haec
440 755 642 806 exscripsit
657 755 828 793 Photius.

559 827 803 845 *OQ-—

529 872 684 911 LIBER
712 871 839 911 XXII.

211 996 417 1034 Athenaeus
449 998 511 1043 X,
537 1009 576 1047 p.
600 999 697 1043 442,
717 997 768 1033 F:
790 992 1005 1045 Θεόπομπος
1033 993 1062 1031 δ’
1089 994 1124 1031 ἐν
1140 995 1185 1046 τῇ

154 1054 298 1109 δευτέρα
315 1054 374 1093 καὶ
401 1055 540 1106 εἰκοστῇ
565 1053 645 1108 περὶ
676 1052 881 1092 Χαλκιδέων
901 1054 1048 1106 ἱστορῶν
1065 1053 1133 1090 τῶν
1151 1053 1186 1090 ἐν

154 1113 282 1168 Θρᾴκῃ
315 1112 439 1166 φησίν·
465 1112 711 1165 «Ἐτύγχανον
729 1110 797 1165 γὰρ
825 1113 894 1149 τῶν
917 1111 978 1163 μὲν
998 1109 1186 1163 βελτίστων

154 1172 443 1224 ἐπιτηδευμάτων
473 1173 729 1226 ὑπερορῶντες,
756 1169 814 1209 ἐπὶ
833 1169 871 1208 δὲ
889 1168 968 1212 τοὺς
985 1168 1110 1211 πότους
1127 1167 1186 1206 καὶ

156 1230 328 1284 ῥαθυμίαν
346 1230 406 1269 καὶ
423 1229 557 1277 πολλὴν
575 1228 766 1268 ἀκολασίαν
786 1227 990 1282 ὡρμηκότες
1013 1229 1186 1272 ἐπιεικῶς.

154 1289 208 1329 Τὸ
227 1289 259 1328 δ’
275 1287 342 1327 εἰσὶ
361 1287 489 1333 πάντες
507 1290 540 1328 οἱ
559 1289 698 1342 Θρᾷκες
713 1285 946 1327 πολυπόται.»

633 1352 718 1391 150.

209 1413 450 1464 Stephanus:
472 1410 714 1466 Χυτρόπολις,
742 1409 889 1464 Θρᾴκης
916 1408 1058 1463 χωρίον.
1091 1407 1187 1448 Θεό-

155 1486 296 1523 πομπος
311 1472 542 1510 Φιλιππικῶν
572 1470 719 1523 εἰκοστῷ
744 1467 911 1522 δευτέρῳ·
937 1468 1148 1522 «Παρῇλθεν
1165 1469 1188 1514 ἧ

156 1530 377 1584 Χυτρόπολις
418 1544 473 1581 χω
492 1529 509 1545 *
543 1526 790 1582 ἀπῳκισμένον
825 1526 860 1572 ἐξ
895 1526 1103 1581 Ἀφύτεως.»
1136 1525 1190 1566 Τὸ

156 1589 288 1627 ἐθνικὸν
304 1587 381 1636 ἑξῆς
397 1587 535 1638 ἐπάγει·
549 1605 564 1621 «
578 1585 847 1638 Εἷσδεξαμένων
865 1584 902 1624 δὲ
917 1588 986 1624 τῶν
1005 1587 1191 1639 Χυτροπο-

155 1655 260 1692 λιτων
279 1655 407 1692 αὐτῶν.
419 1671 434 1688 »

208 1713 355 1752 Pinedo
372 1711 557 1763 conjecit:
574 1711 751 1764 παρῆλθεν
768 1709 990 1764 Χρυσόπολιν
1007 1709 1148 1764 χώριον.

631 1776 718 1815 151.

209 1839 440 1887 Harpocrat.
462 1849 471 1872 :
491 1833 654 1889 Θέρμαν,
683 1834 854 1887 Αἰσχίνης
880 1835 916 1873 ἓν
931 1836 976 1887 τῇ
1007 1849 1192 1888 παραπρε-

157 1893 277 1938 σὸείας
293 1893 477 1947 ἀπολογίᾳ.
505 1892 661 1947 Θρᾴκιον
696 1891 799 1931 τοῦτό
829 1894 904 1931 ἐστι
937 1885 1120 1945 πόλισμα,
1145 1894 1193 1938 ὣς

158 1953 218 1992 καὶ
235 1952 448 2005 Θεόπομπος
467 1954 502 1991 ἓν
521 1954 660 2005 εἰκοστῇ
682 1950 827 2006 δευτέρᾳ
844 1951 961 2006 φησίν.

211 2012 390 2050 Plurimis
409 2012 577 2051 Therma
597 2012 689 2049 urbs
709 2020 766 2050 est
791 2011 1041 2050 Macedoniae.
1062 2015 1121 2050 Ne
1138 2020 1195 2050 ta-

159 2084 248 2108 men
282 2079 488 2121 propterea
506 2083 593 2108 cum
625 2070 841 2108 Wichersio
873 2078 1038 2108 statuam
1061 2070 1194 2108 Theo-

159 2143 347 2181 pompum
364 2129 411 2167 de
430 2129 504 2167 alia
530 2129 648 2179 hujus
665 2129 832 2166 nominis
858 2129 956 2166 urbe
983 2129 1193 2179 cogitasse,

634 2242 719 2276 148.

203 2297 345 2337 Lyceum
359 2319 369 2335 ‚
394 2298 444 2327 est
459 2303 559 2327 unum
573 2302 592 2327 e
617 2294 794 2335 gymnasiis
809 2294 1055 2327 Atheniensium
1072 2304 1080 2326 :
1101 2295 1191 2336 quod

161 2343 390 2383 Theopompus
405 2342 438 2373 in
457 2341 614 2382 vigesimo
642 2341 759 2383 primo,
781 2341 948 2374 Pisistrato
972 2344 1123 2383 regnante
1140 2351 1191 2374 ex-

161 2391 321 2421 structum
337 2388 440 2421 fuisse
455 2389 607 2421 testatur.

594 2449 757 2463 -—·0·—-

522 2493 677 2532 LIBER
706 2493 832 2532 XXII.

207 2618 438 2658 Theopompus
451 2625 543 2655 vero,
559 2615 644 2647 libro
658 2615 802 2647 secundo
815 2619 847 2648 et
863 2615 1031 2655 vicesimo,
1045 2615 1086 2648 de
1104 2615 1194 2649 Chal·

167 2664 356 2697 cidensibus
370 2663 516 2696 Thraciae
541 2671 696 2702 narrans,
721 2662 765 2694 ait
783 2672 790 2693 :
809 2675 825 2690 «
843 2664 974 2703 Optima
990 2662 1139 2694 instituta
1161 2662 1194 2694 hi

166 2715 298 2754 insuper
312 2711 479 2751 habentes,
496 2710 529 2742 in
542 2709 802 2751 compotationes
816 2711 849 2742 et
869 2709 1039 2741 mollitiem
1052 2710 1085 2741 et
1097 2717 1194 2740 omne

167 2768 269 2800 genus
296 2758 462 2798 flagitiosae
483 2757 624 2789 luxuriae
645 2765 779 2798 prorsus
804 2756 951 2789 ruebant.
983 2758 1065 2789 Sunt
1087 2757 1195 2788 autem

167 2806 247 2838 tales
260 2805 399 2838 Thraces
415 2813 528 2837 omnes
544 2803 684 2836 bibaces.
703 2815 719 2831 »

209 2909 435 2951 Chytropolis,
451 2910 599 2943 Thraciae
619 2857 801 2942 cz1is5tgllum.
819 2909 1049 2951 Theopompus
1075 2907 1194 2949 Philip-

170 2958 317 2998 picorum
330 2957 472 2990 secundo
485 2960 517 2990 et
529 2957 683 2989 vicesimo
698 2965 706 2987 :
724 2967 740 2984 ι(
754 2957 905 2988 Pervenit
918 2954 1132 2997 Chytropolin
1145 2963 1195 2986 ca-

170 3004 298 3035 stellum
317 3028 326 3043 ,
356 3004 492 3045 Aphytis
508 3003 679 3035 coloniam.
697 3015 714 3032 »
733 3002 860 3035 Gentile
888 3002 1004 3035 deinde
1037 3001 1168 3035 adducit
1188 3011 1196 3034 :

173 3063 189 3078 κ
212 3051 453 3092 Excipientibus
468 3060 545 3084 vero
564 3050 798 3092 Chytropolitis
813 3059 899 3083 eum.
909 3063 925 3079 »

213 3156 364 3195 Therma,
402 3158 570 3189 AEschines
587 3157 619 3188 in
637 3105 792 3198 Xssdlogia
807 3156 847 3188 de
862 3155 942 3188 falsa
957 3155 1125 3196 legatione.
1139 3155 1199 3187 Est

173 3203 318 3234 Thraciae
331 3204 535 3243 oppidulum,
549 3207 584 3235 ιιι
596 3204 825 3245 Theopompus
841 3205 978 3236 testatur
991 3203 1198 3235 libroRerum

173 3250 422 3292 Philippicarum
436 3250 593 3290 vigesimo
612 3250 766 3283 secundo.

217 3353 407 3393 Thestorus,
429 3356 464 3385 ut
483 3355 623 3394 Cytorus
635 3305 907 3394 ,¹1‘ijrl2isThi-aciae.
926 3354 1154 3395 Theopompus
1166 3352 1200 3385 li-

176 3400 235 3432 bro
254 3400 407 3440 vigesimo
425 3400 578 3432 secundo.

867 177 1171 218 THEOPOMPI
1198 177 1530 218 FRAGMENTA.

1241 274 1346 304 vetat
1362 267 1519 318 Steph.:
1542 266 1669 320 Θέρμη
1682 296 1693 316 ,
1709 265 1810 310 πόλις
1826 264 1973 319 Θρᾴκης
1983 295 1994 314 ,
2013 264 2270 319 Ἀπολλόδωρος

1241 323 1278 362 δὲ
1295 324 1515 369 Μακεδονίας
1531 324 1617 379 φησὶ
1634 324 1694 364 καὶ
1710 324 1941 372 Θουκυδίδης,
1958 332 1996 361 et
2015 323 2270 375 fragmentum

1242 385 1428 435 Hecataei(
1435 399 1449 422 1
1462 385 1523 437 16)
1541 385 1644 436 apud
1661 385 1849 423 eundem:
1869 384 1931 423 Ἐν
1943 383 1972 421 δ’
1981 385 2075 437 αὐτῷ
2085 382 2272 438 (Θερμαίῳ

1242 441 1379 496 κόλπῳ)
1399 442 1525 497 ΘέρμιπΙ
1535 474 1546 493 ,
1559 442 1659 487 πόλις
1675 442 1857 490 Ἑλλήνων
1875 438 2057 495 Θρηίκων.

1295 560 1430 612 steph.
1463 563 1553 610 Byz.
1576 575 1585 597 :
1620 501 1809 613 Θέστίξρῖς
1821 589 1831 607 ,
1868 562 1915 601 ὡς
1950 557 2138 612 Κύτωρος,
2169 557 2272 604 πόλις

1244 617 1409 672 Θρᾴκης·
1428 617 1642 670 Θεόπομπος
1655 620 1795 670 εἰκοστῇ
1814 618 1967 671 δευτέρα.

1298 738 1406 777 Idem
1426 753 1434 775 :
1453 738 1641 792 Ὀμάριον,
1687 680 1799 781 argvi-
1834 735 2031 781 Θετταλίας
2046 752 2054 760 ·
2105 734 2273 788 Θεόπομ-

1243 811 1306 840 πος
1323 798 1552 836 Φιλιππικῶν
1570 798 1716 850 εἰκοστῷ
1734 795 1895 850 δευτέρῳ.

1297 918 1404 957 Idem
1426 934 1434 956 :
1453 918 1637 970 Σύμαιθα,
1669 861 2008 963 πόξῗςίίΘετταλίας.
2044 917 2091 958 Ὁ
2129 917 2276 965 πολίτης

1244 977 1463 1028 Συμαιθεὺς,
1482 979 1528 1022 ὡς
1544 976 1755 1029 Θεόπομπος
1772 979 2003 1018 Φιλιππικῶν
2022 977 2170 1027 εἰκοστῷ
2190 976 2275 1015 δευ-

1242 1034 1346 1089 τέρῳ.

1591 1143 1746 1182 LIBER
1782 1142 1930 1181 XXIII.

1299 1253 1501 1291 Athenaeus
1516 1256 1567 1302 X,
1578 1267 1617 1304 p.
1633 1254 1721 1300 436,
1729 1256 1772 1301 Β,
1784 1256 1813 1292 C
1826 1266 1835 1290 :
1847 1252 1910 1292 Ἐν
1926 1251 1963 1291 δὲ
1979 1253 2023 1304 τῇ
2035 1250 2135 1305 τρίτῃ
2154 1251 2214 1291 καὶ
2231 1253 2279 1290 εἰ·-

1245 1313 1356 1362 κοστῇ
1376 1310 1458 1365 περὶ
1475 1310 1685 1365 Χαριδήμου
1701 1315 1762 1350 τοῦ
1787 1310 1950 1364 Ὠρείτου
1977 1309 2222 1363 διηγούμενος,
2241 1308 2279 1348 ὃν

1246 1370 1423 1416 Ἀθηναῖοι
1446 1369 1594 1417 πολίτην
1634 1369 1856 1417 ἐποιήσαντο,
1891 1368 1996 1423 φησί·
2019 1368 2124 1416 «Τήν
2146 1383 2185 1407 τε
2211 1367 2281 1423 γὰρ

1247 1428 1382 1467 δίαιταν
1400 1430 1534 1483 ἑωρᾶτο
1557 1427 1620 1475 τὴν
1640 1428 1718 1467 καθ’
1737 1427 1873 1482 ἡμέραν
1891 1429 2022 1480 ἀσελγῆ
2041 1426 2100 1466 καὶ
2116 1425 2279 1474 τοιαύτην

1246 1486 1470 1538 ποιούμενος,
1490 1486 1581 1526 ὥστε
1594 1485 1706 1526 πίνειν
1723 1486 1783 1525 καὶ
1800 1486 1935 1539 μεθύειν
1949 1486 2023 1535 ἀεὶ,
2040 1485 2100 1526 καὶ
2116 1491 2282 1539 γυναῖκας

1248 1544 1430 1599 ἐλευθέρας
1455 1545 1586 1597 ἐτόλμα
1615 1545 1840 1599 διαφθείρειν·
1865 1544 1924 1584 καὶ
1941 1546 1990 1590 εἰς
2007 1547 2171 1584 τοσοῦτον
2190 1559 2282 1597 προ-

1247 1606 1351 1651 ῇλθεν
1372 1603 1559 1658 ἀκρασίας,
1580 1603 1672 1643 ὥστε
1692 1603 1873 1659 μειράκιόν
1898 1619 1933 1643 τι
1954 1602 2053 1658 παρὰ
2071 1606 2134 1650 τῇς
2155 1603 2282 1656 βουλῇς

1248 1665 1311 1710 τῇς
1326 1665 1395 1701 τῶν
1414 1662 1608 1702 Ὀλυνθίων
1626 1665 1733 1702 αἰτεῖν
1751 1662 1986 1716 ἐπιχείρησεν,
2003 1662 2022 1701 ὃ
2037 1661 2102 1710 τὴν
2123 1659 2187 1713 μὲν
2203 1660 2281 1715 ὄψιν

1248 1715 1290 1768 ἦν
1315 1719 1439 1765 εὐειδὲς
1464 1721 1525 1760 καὶ
1545 1721 1690 1776 χάριεν,
1710 1721 1881 1775 ἐτύγχανε
1905 1721 1942 1760 δὲ
1966 1722 2056 1773 μετὰ
2073 1719 2205 1775 Δέρδου
2221 1722 2282 1759 τοῦ

1249 1779 1452 1824 Μακεδόνος
1463 1780 1689 1833 αἰχμάλωτον
1700 1779 1944 1832 γεγενημένον.
1957 1797 1972 1815 »
1986 1779 2167 1830 Eiusdem
2178 1792 2281 1818 men-

1250 1841 1393 1879 tionem
1414 1841 1505 1879 facit
1522 1842 1658 1880 AElian.
1678 1844 1724 1880 V.
1741 1845 1788 1880 H.
1808 1843 1857 1888 11,
1876 1846 1938 1886 [μ.

1305 1953 1541 2004 Stephanus:
1560 1952 1716 2002 Αἰόλιον,
1735 1955 1797 2000 τῆς
1813 1951 1959 2006 Θρᾴκης
1976 1951 2199 2006 Χεῤῥονήσου
2217 1949 2284 1990 πό-

1249 2011 1313 2054 λις.
1330 2009 1543 2063 Θεόπομπος
1558 2011 1592 2049 ἐν
1611 2012 1844 2055 Φιλιππικοῖς
1859 2012 1999 2062 εἰκοστῇ
2015 2008 2129 2064 τρίτη·
2151 2009 2285 2049 αἘπο-

1253 2069 1376 2123 ρεύθην
1399 2071 1448 2114 εἰς
1463 2069 1565 2108 πόλιν
1583 2069 1723 2108 Αἰόλιον
1743 2072 1804 2117 τῇς
1823 2069 1981 2116 Ἀττικῇς
1999 2067 2062 2120 μὲν
2079 2084 2200 2116 ουσαν,
2219 2083 2285 2107 πο-

1251 2127 1478 2182 λιτευομένην
1498 2127 1534 2167 δὲ
1552 2128 1642 2180 μετὰ
1658 2127 1902 2169 Χαλκιδέων.»
1922 2128 2117 2167 Berkelius
2149 2128 2282 2179 legen·-

1725 2243 1811 2276 153.

1294 2300 1463 2333 Omarium
1479 2324 1488 2340 ‚
1504 2300 1583 2333 urbs
1599 2300 1774 2333 Thessaliae
1785 2324 1795 2340 ‚
1818 2299 1858 2332 de
1873 2308 1938 2340 qua
1948 2299 2179 2340 Theopompus
2199 2297 2282 2330 libro

1255 2348 1399 2381 secundo
1415 2350 1448 2382 et
1463 2349 1622 2389 vigesimo
1640 2347 1908 2390 Philippicorum.

1725 2407 1814 2440 154.

1295 2466 1472 2507 Symaetha‚
1495 2466 1572 2498 urbs
1587 2465 1772 2499 Thessaliae.
1790 2465 1882 2498 Civis
1898 2463 2116 2506 Symaetheas,
2135 2465 2172 2496 ut
2183 2462 2284 2496 Theo·

1252 2522 1390 2555 pompus
1406 2513 1658 2555 Philippicorum
1675 2512 1818 2545 secundo
1832 2514 1864 2545 et
1878 2511 2045 2544 vicesimo.

1663 2586 1883 2602 *m*—

1601 2643 1754 2682 LIBER
1791 2643 1936 2682 XXIII.

1296 2765 1395 2797 Libro
1410 2765 1566 2797 vicesimo
1587 2765 1683 2798 tertio
1699 2765 1739 2798 de
1761 2764 1955 2797 Charidemo
1976 2762 2067 2796 orita
2102 2761 2282 2801 disserens,
2307 2795 2310 2798 ,

1257 2821 1356 2852 quem
1386 2813 1597 2845 Athenienses
1619 2812 1753 2845 civitate
1783 2811 2004 2851 donaverant,
2033 2809 2282 2850 (Theopompus)
2308 2817 2318 2847 ᾗ

1255 2859 1301 2890 ait
1318 2869 1326 2890 :
1348 2872 1363 2887 «
1378 2861 1460 2891 Nam
1472 2859 1670 2900 quotidianae
1683 2859 1760 2890 vitae
1776 2859 1931 2891 rationem
1948 2857 2054 2899 palam
2072 2856 2115 2889 ita
2127 2855 2282 2888 lascivam

1256 2905 1518 2946 luxuriosamque
1531 2905 1683 2944 instituit,
1697 2907 1733 2936 ut
1744 2905 1872 2937 assidue
1884 2906 2010 2946 potaret
2022 2903 2282 2943 temulentusque

1256 2955 1361 2992 esset,
1381 2954 1413 2984 et
1429 2952 1578 2993 ingenuis
1597 2951 1787 2984 mulieribus
1804 2952 1871 2983 vim
1894 2950 2010 2983 inferre
2024 2952 2205 2982 conaretur.
2222 2950 2283 2980 De-
2303 2971 2305 2974 ⁴

1256 2999 1354 3040 nique
1365 3008 1404 3032 eo
1419 3008 1520 3040 usque
1535 3007 1723 3040 progressus
1739 3000 1789 3031 est
1804 2997 2070 3038 intemperantiae,
2084 2998 2122 3028 ut
2134 3005 2154 3027 a
2168 2997 2282 3028 senatu

1257 3047 1484 3088 Olynthiorum
1509 3045 1786 3078 adolescentulum
1819 3045 1959 3086 aliquem
1990 3052 2123 3085 poscere
2151 3043 2282 3075 auderet

1258 3093 1435 3125 formosum
1451 3095 1703 3133 venustumque,
1717 3091 1863 3133 quicum
1878 3091 1983 3124 Derda
1993 3090 2168 3123 Macedone
2183 3089 2292 3133 capti-⁴

1257 3149 1320 3173 vus
1331 3141 1400 3173 erat
1415 3140 1529 3172 sactus.
1539 3153 1555 3168 »

1725 3197 1814 3231 156.

1299 3259 1440 3292 AEolium
1453 3282 1462 3298 ‚
1481 3258 1627 3291 Thraciae
1642 3257 1820 3299 peninsula¹
1843 3257 1997 3298 oppidum
2013 3280 2021 3296 ,
2038 3255 2079 3288 de
2101 3264 2167 3296 quo
2182 3255 2281 3288 Theo·

1259 3315 1397 3348 pompus
1410 3308 1529 3338 Rerum
1547 3305 1797 3346 Philippicarum
1814 3304 1895 3336 libro
1914 3305 2009 3336 tertio
2037 3305 2069 3335 et
2098 3301 2254 3343 vigesimo
2267 3309 2298 3333 ε·

1262 3366 1278 3381 α
1300 3354 1467 3386 Profectus
1504 3361 1577 3385 sum
1612 3351 1772 3391 aeolium,
1810 3351 1925 3384 Attica]
1954 3351 2084 3390 urbem,
2121 3349 2175 3383 sed
2207 3357 2280 3394 qun

1259 3401 1382 3442 legibus
1397 3398 1656 3432 Chalcidensium
1674 3398 1788 3431 utitur.
1807 3413 1821 3426 n

2286 3211 2318 3227 <vv
