2320 3684
775 121 1080 162 ΤΗΕΟΡΟΜΡΙ
1107 115 1443 162 FRAGMENTA.

2102 131 2179 166 329

55 211 286 263 Θεόπομπος,
313 212 332 249 ὁ
365 209 478 263 φήσας
509 210 544 247 ἐν
577 207 696 251 ἄλλοις
728 207 875 261 πλήρεις
907 200 996 246 εἶναι
1024 206 1087 252 τὰς
1146 224 1205 247 ται
1228 209 1418 260 Αἰγῦται...
1440 207 1654 261 Θεόπομπος
1673 207 1710 247 δὲ
1731 207 1883 262 Αἷγυέας
1914 209 2038 254 αὐτούς
2061 225 2179 264 φησιν.

57 270 200 317 Ἀθήνας
220 269 526 309 Διονυσοκολάκων
543 266 603 306 καὶ
619 268 753 308 ναυτῶν
771 265 832 304 καὶ
854 267 1065 304 λωποδυτῶν
1076 297 1086 315 ,

57 328 108 368 ἔτι
137 328 174 367 δὲ
201 326 494 383 ψευδομαρτύρων
522 325 582 365 καὶ
612 326 839 379 συκοφαντῶν
870 324 932 363 καὶ
962 326 1088 378 ψευδο-

56 387 257 441 κλητήρων.

110 451 202 485 Haec
247 447 420 484 desumta
463 443 643 482 videntur
682 456 732 481 ex
771 441 872 480 libro
905 441 1088 479 vicesimo

58 507 208 558 quinto.

109 623 317 662 Athenaeus
344 624 395 660 X.
424 634 462 671 p.
492 619 651 667 435,B:
670 618 747 657 Κάν
777 616 873 671 ἄλλῳ
904 615 1002 671 μέρει
1026 617 1089 663 τῆς

56 680 211 735 ἱστορίας
228 679 371 734 γράφει,
392 678 573 721 Φίλιππος
595 671 637 724 ἦν
660 676 706 716 τὰ
732 675 795 728 μὲν
822 676 923 730 φύσει
944 674 1091 726 μανικὸς

57 741 117 780 καὶ
132 738 308 795 προπετὴς
326 738 383 778 ἐπὶΙ
398 740 466 777 τῶν
481 735 664 787 κινδύνων,
683 734 729 774 τὰ
752 734 788 773 δὲ
811 733 868 773 διὰ
889 734 1017 786 μέθην·
1044 728 1088 782 ἦν

57 799 125 853 γὰρ
141 797 359 847 πολυπότης,
373 796 435 835 καὶ
454 795 625 839 πολλάκις
645 792 781 846 μεθύων
797 793 984 840 ἐξεὸοήθει.

261 874 266 881 ¹
541 855 632 893 299.

111 924 219 962 Idem
235 925 324 970 XV,
343 935 381 972 p.
403 933 492 968 700,
509 921 563 957 F:
582 915 866 970 Ξυλολυχνούχῳ
887 915 924 955 δὲ
950 915 1089 968 μέμνη-

57 998 115 1020 ται
129 980 276 1026 ’Άλεξις·
295 979 356 1018 καὶ
375 977 469 1031 τάχα
486 976 599 1030 τούτῳ
614 975 733 1028 ὅμοιον
749 975 823 1014 ἔστι
836 975 876 1014 τὸ
889 974 988 1029 παρὰ
1001 977 1091 1015 Θεο-

57 1040 191 1094 πόμπῳ
209 1037 530 1090 ὀὸελισκολύχνιον.

534 1095 623 1133 300.

110 1159 301 1197 Lucianus
321 1154 497 1195 Macrob.
528 1169 560 1193 c.
589 1169 634 1192 10
657 1169 666 1192 ε
693 1153 814 1207 Τήρης
841 1151 878 1191 δὲ
905 1152 1088 1207 Ὀδρυσῶν

60 1218 240 1272 βασιλεὺς,
254 1217 346 1256 καθά
369 1232 455 1271 φησι
480 1214 693 1267 Θεόπομπος
705 1243 715 1262 ,
734 1213 794 1253 δύο
810 1213 869 1252 καὶ
884 1213 1091 1261 ἐνενήκοντα

58 1280 146 1317 ἐτῶν
158 1276 396 1324 ἐτελεύτησεν.
410 1278 527 1313 Teres
540 1275 605 1312 hic
619 1283 856 1312 memoratur
870 1287 892 1311 a
904 1274 1089 1325 Xenoph.

59 1337 185 1380 Anah.
204 1338 277 1375 VII
287 1367 297 1385 ‚
310 1350 332 1373 2
344 1365 355 1384 ‚
373 1347 436 1372 22.

533 1392 623 1432 301.

111 1455 306 1506 Longinus
335 1453 426 1509 Περὶ
454 1453 558 1508 ὕψους
589 1466 622 1490 c.
646 1452 708 1500 31,
745 1466 760 1488 1
785 1466 794 1488 :
819 1467 834 1484 «
849 1447 967 1493 Δεινὸς
995 1447 1043 1488 ὢν
1073 1452 1091 1488 ὃ

59 1509 242 1558 Φίλιππος
255 1515 546 1566 ἀναγκοφαγῆσαι
561 1510 769 1564 πράγματα.
781 1527 796 1544 »

539 1570 630 1609 302.

111 1634 217 1671 Theo
230 1637 346 1683 Prog.
363 1645 395 1670 c.
419 1647 453 1679 1,
465 1645 504 1683 p.
524 1645 547 1681 9
563 1645 572 1668 :
590 1629 636 1668 Ὁ
651 1628 688 1667 δὲ
704 1627 935 1679 Θεόπομπος·
953 1644 969 1661 «
987 1626 1090 1665 Ἐπί-

59 1707 193 1743 σταμαι
210 1689 279 1744 γὰρ
302 1689 354 1728 ὅτι
372 1689 452 1734 τοὺς
471 1688 534 1741 μὲν
553 1691 684 1733 ζῶντας
701 1686 827 1726 πολλοὶ
856 1687 944 1738 μετὰ
963 1688 1091 1739 δυσμε-

57 1749 150 1793 νείας
165 1748 361 1795 ἐξετάζουσι
371 1780 381 1798 ,
395 1754 466 1792 τοῖς
487 1747 524 1787 δὲ
540 1745 806 1794 τετελευτηκόσι
829 1745 888 1785 διὰ
905 1746 944 1785 τὸ
959 1747 1092 1794 πλῆθος

13 1802 16 1804 ’
57 1811 126 1848 τῶν
147 1811 246 1857 ἐτῶν,
261 1809 426 1847 ἐπανιᾶσι
443 1806 522 1850 τοὺς
539 1806 693 1860 φθόνους.
712 1824 727 1841 »

110 1927 351 1978 Stephanus:
369 1924 494 1977 Αἴγυς·
514 1865 856 1970 πίξιῗᾎακωνικῆς.
873 1953 879 1960 .
898 1952 906 1960 .
926 1923 972 1963 Οἱ
991 1923 1091 1960 πολῖ-

59 2056 241 2093 nominavit
254 2061 483 2101 Theopompus
498 2059 554 2092 ille
575 2058 901 2091 maledicentissimus
913 2080 923 2096 ‚
936 2057 994 2098 qui
1014 2055 1090 2088 alibi

56 2108 140 2140 dixit
150 2108 274 2148 plenas
287 2116 358 2140 esse
378 2107 526 2140 Athenas
543 2107 832 2146 ,Dionysiacorum
845 2103 1092 2137 adulatoribus

57 2157 91 2188 et
103 2156 236 2191 nautis,
254 2157 289 2187 et
308 2154 588 2195 „aramum-ibus,
605 2155 679 2185 tum
693 2152 806 2194 falsis
825 2151 965 2184 testibus
979 2175 989 2191 ‚
1005 2159 1093 2192 syco-

56 2202 212 2243 phantis,
222 2201 335 2243 salsis
347 2200 657 2242 subscriptoribus.

98 2309 289 2347 Rursusque
318 2306 404 2339 idem
436 2306 693 2347 (Theopompus)
719 2305 754 2337 in
787 2305 849 2337 alia
873 2303 1090 2336 Historiarum

58 2357 147 2395 parte
174 2354 285 2386 scribit
301 2363 309 2385 2
328 2367 343 2381 «
361 2353 527 2394 Philippus
552 2353 670 2394 partim
698 2352 829 2394 quidem
845 2354 962 2383 natura
983 2351 1023 2383 ad
1043 2351 1091 2382 fu-

58 2409 164 2434 rorem
190 2410 312 2442 pronus
333 2402 366 2433 et
390 2401 425 2432 in
440 2401 593 2442 periculis
617 2409 759 2441 praeceps
777 2400 856 2439 snit,
874 2398 992 2440 panim
1012 2407 1090 2431 vero

58 2456 96 2480 ex
112 2449 311 2481 temulentia.
329 2448 406 2481 Fuit
421 2448 508 2481 enim
524 2447 641 2489 bibax;
660 2449 692 2480 et
707 2456 794 2489 saepe
808 2447 917 2480 ebrius
930 2446 965 2478 in
980 2447 1090 2479 hostes

60 2495 130 2527 lvii.
156 2509 172 2524 »

531 2550 621 2583 299.

101 2601 373 2643 Xylolychnuchi
381 2602 416 2643 (i.
425 2611 453 2634 e.
463 2601 669 2634 candelabri
684 2601 800 2643 liqnei)
811 2600 959 2634 meminit
966 2600 1088 2634 Alexis:

60 2657 97 2680 ac
122 2649 260 2682 fortasse
284 2649 390 2682 simile
414 2649 476 2681 hoc
497 2651 546 2681 est
571 2649 600 2681 ei
620 2649 709 2690 quod
733 2648 821 2690 apud
842 2649 1089 2691 Theopompum

35 2720 38 2721 ν
60 2695 383 2738 obeliscolychmum
399 2696 598 2729 nominatur.

528 2751 615 2783 300.

99 2803 207 2841 Terea,
225 2801 425 2844 Odrysarum
439 2811 507 2843 rex,
527 2804 564 2834 ut
579 2801 675 2834 refert
690 2802 931 2843 Theopompus,
948 2800 1088 2833 duorum

61 2850 93 2882 et
107 2849 279 2891 nonaginta
291 2858 451 2882 annorum
467 2858 568 2891 quum
588 2852 686 2890 esset,
701 2849 793 2881 obiit.

531 2904 619 2936 301.

105 2967 121 2983 ιι
143 2957 252 2993 Quum
275 2955 443 2997 Philippus
467 2956 596 2997 (inquit
619 2954 870 2997 Theopompusl
899 2954 1021 2987 valeret
1036 2963 1087 2987 res

62 3003 249 3036 necessitate
265 3004 399 3044 cogente
413 3004 577 3036 devorare.
602 3017 618 3031 ιι

529 3058 619 3091 302.

102 3108 355 3150 Theopompus:
380 3122 397 3138 «ι
415 3110 499 3142 Satis
527 3110 615 3142 enim
639 3110 707 3141 scio
733 3109 768 3141 iu
791 3109 936 3141 viventes
963 3117 983 3140 a
1009 3108 1087 3139 mul.

62 3155 103 3187 tis
118 3155 247 3194 acerbe,
270 3156 392 3196 inquit,
416 3156 536 3197 inquiri
553 3166 561 3188 :
578 3156 716 3189 moi-tuis
733 3165 828 3195 vero,
854 3156 931 3197 quia
954 3156 1087 3196 longum

62 3202 189 3243 tempus
205 3203 398 3244 intercessit,
418 3204 537 3236 remitti
551 3203 708 3236 invidiam
723 3203 942 3236 consuevisse.
963 3216 979 3231 »

528 3258 619 3314 30Βὸ

105 3308 220 3348 AEgys‚
236 3308 392 3349 oppidum
421 3307 628 3342 Laconicum.
646 3310 743 3342 Cives
763 3311 888 3350 AEgytae

65 3362 202 3396 pompus
219 3363 295 3387 vero
310 3355 490 3396 oppidanos
510 3359 684 3398 AEgyenses
701 3357 857 3389 nominat.

982 3310 1086 3341 Theo-

1200 326 1308 365 Idem
1324 342 1333 364 :
1350 326 1518 380 Ἀκύφας,
1537 267 1725 380 πόλιῗῡιῗία
1742 329 1807 374 τῆς
1826 328 1989 382 Δωρικῆς
2009 328 2182 383 τετραπό-

1147 384 1233 428 λεως
1244 414 1256 434 ,
1278 386 1326 430 ὡς
1345 387 1572 438 Θεόπομπος.
1590 387 1645 426 Cf.
1665 386 1808 426 strabo
1827 389 1886 436 X,
1907 400 1947 438 p.
1960 387 2051 437 654,
2071 393 2115 426 A.

1678 446 1697 468 Γ

1201 501 1340 539 Idem:
1372 502 1579 558 Ἀλίσαρνα,
1606 445 1713 548 ἰζ-Ξόῖιῖςι
1749 505 1812 551 τῆς
1841 503 2010 558 Τρωάδος
2048 503 2180 560 χώρας.

1148 557 1376 612 Θεόπομπος.

1622 622 1711 661 306.

1203 677 1311 715 Idem
1338 693 1346 716 :
1370 678 1531 731 Ἀχανοὶ,
1556 679 1650 725 ἔθνος
1685 680 1770 735 πρὸς
1797 683 1841 734 τῇ
1874 680 2028 734 Σκυθία,
2062 680 2096 719 οἳ
2121 681 2180 720 καὶ

1149 736 1313 790 Ἀχαρνοὶ
1329 736 1493 790 λέγονται
1510 739 1608 793 παρὰ
1627 739 1846 795 Θεοπόμπῳ.

1616 799 1669 836 30
1698 829 1707 837 .

1203 853 1335 893 Idem:
1355 855 1506 907 Βουθία,
1533 856 1633 902 πόλις
1661 800 1809 902 'inviae
1827 857 2041 910 Θεόπομπος
2054 856 2090 896 δὲ
2109 873 2182 911 χω-

1150 912 1222 967 ρίον
1243 913 1361 968 φησίν.
1636 928 1639 930 ·

1628 976 1718 1014 308.

1202 1032 1332 1072 Idem:
1352 1031 1608 1087 Ἑρμώνασσα,
1631 1037 1736 1082 νῆσος
1753 1034 1860 1089 μικρὰ
1876 1035 1977 1074 πόλιν
1997 1035 2130 1088 ἔχουσα
2146 1037 2182 1074 ἐν

1148 1094 1200 1146 τῷ
1215 1092 1405 1146 Κιμμερίῳ
1419 1092 1592 1150 Βοσπόρῳ
1602 1124 1613 1143 ,
1627 1093 1757 1133 Ἰώνων
1778 1094 1981 1133 ἄποικον....
1994 1093 2184 1139 Ἑκαταῖος

1150 1156 1188 1195 δὲ
1214 1157 1274 1197 καὶ
1303 1157 1517 1209 Θεόπομπος
1534 1158 1636 1197 πόλιν
1661 1158 1769 1206 αὐτήν
1791 1174 1909 1213 φασιν.

1204 1276 1337 1314 Idem:
1358 1276 1547 1325 Μελιταῖα,
1564 1218 1903 1321 πόὶῗῖθώετταλίας·
2012 1276 2185 1329 Θεόπομ-

1149 1349 1213 1378 πος
1233 1333 1270 1372 δὲ
1290 1334 1479 1375 Μελίτειαν
1505 1335 1614 1384 αὐτήν
1632 1352 1750 1390 φησιν.

1204 1443 1312 1492 Idem
1327 1468 1336 1490 :
1350 1452 1566 1508 Νεάνδρεια,
1581 1396 1869 1507 πόέλιιςοΐρωάδος
1893 1453 1929 1492 ἐν
1955 1451 2184 1501 Ἑλλησπόν-

1149 1528 1254 1566 τῳ....
1291 1511 1431 1564 λέγεται
1463 1513 1523 1552 καὶ
1543 1513 1733 1567 Νεάνδριον
1765 1511 1972 1567 οὐδετέρως,
2004 1514 2051 1558 ὡς
2086 1511 2183 1553 Θεό-

1149 1586 1303 1623 πομπος.
1623 1602 1695 1663 3η

1203 1684 1311 1722 Idem
1328 1699 1336 1722 :
1356 1683 1504 1733 Σκίθαι,
1524 1683 1624 1728 πόλις
1644 1682 1791 1738 Θρᾴκης
1806 1683 1956 1730 πλησίον
1977 1683 2181 1728 Ποτιδαίας.

1150 1744 1197 1783 ‘O
1215 1743 1362 1791 πολίτης
1379 1745 1563 1791 Σκιθαῖος,
1583 1743 1629 1787 ὥς
1648 1759 1736 1797 φησι
1752 1741 1978 1794 Θεόπομπος.

1657 1804 1672 1839 1
1708 1832 1716 1841 .

1203 1862 1312 1900 Idem
1333 1876 1342 1899 :
1365 1860 1538 1916 Σκῦὅρος,
1569 1803 1703 1915 χωζίοῗ
1732 1859 1990 1910 Μακεδονικὸν,
2019 1861 2066 1904 ὥς
2087 1859 2182 1900 Θεό-

1150 1936 1302 1973 πομπος.
1480 1937 1483 1941 ·

1624 2060 1714 2094 304.

1191 2113 1360 2155 Acyphas‚
1376 2113 1454 2146 urbs
1470 2122 1536 2145 una
1549 2121 1590 2145 ex
1606 2111 1771 2154 Tetrapoli
1786 2112 1904 2145 Dorica
1914 2136 1923 2153 ‚
1940 2112 1980 2146 de
2003 2121 2069 2154 qua
2082 2113 2181 2146 Theo-

1149 2169 1290 2202 pompus
1303 2161 1502 2194 mentionem
1517 2160 1603 2192 facit.

1190 2267 1349 2307 Alisama,
1367 2266 1446 2299 urbs
1461 2266 1607 2306 Troadis,
1618 2214 1756 2299 {gg-ore
1767 2265 1990 2307 Theopompo.

1619 2334 1709 2366 306.

1188 2387 1324 2426 Aeliani,
1336 2395 1414 2428 gens
1426 2385 1511 2419 circa
1521 2385 1699 2427 Scythiam,
1710 2394 1808 2426 quam
1818 2385 2047 2426 Theopompus
2059 2382 2177 2415 Achar-

1146 2443 1207 2466 nos
1221 2434 1401 2475 nuncupat.

1187 2539 1412 2581 Buthia‚urbs
1430 2539 1541 2572 Ioniae.
1556 2487 1786 2579 Theigdmpus
1800 2537 1960 2578 regionem
1976 2534 2131 2567 nominat.

1617 2598 1706 2630 308.

1188 2656 1406 2686 Hermonassa
1428 2676 1437 2693 ,
1463 2652 1570 2684 insula
1597 2660 1698 2692 parva
1726 2659 1801 2682 cum
1828 2649 1908 2681 urbe
1936 2648 1968 2680 in
1998 2647 2176 2680 Cimmerio

1144 2703 1309 2743 Bosporo,
1327 2702 1444 2732 Ionum
1471 2699 1648 2732 colonia....
1675 2699 1846 2730 Hecataeus
1868 2698 1979 2728 autem
2006 2697 2040 2727 et
2075 2695 2172 2727 Theo-

1144 2757 1284 2790 pompus
1300 2748 1414 2780 urbem
1429 2755 1500 2779 eam
1513 2747 1644 2778 vocant.

1185 2858 1339 2899 Melitaea,
1357 2857 1435 2890 urbs
1450 2804 1747 2889 Thessaliagfzam
1762 2852 1989 2894 Theopompus
2012 2852 2174 2885 Meliteam

1144 2906 1292 2948 appellat.

1613 2961 1633 2992 3
1642 2960 1657 2992 1
1666 2960 1702 2991 0.

1185 3020 1352 3054 Neandrea
1363 3043 1372 3059 ‚
1388 3018 1466 3051 urbs
1483 3016 1618 3050 Troadis
1642 3016 1676 3047 in
1691 3015 1936 3056 Hellesponto...
1951 3015 2076 3049 Dicitur
2096 3025 2175 3059 quo-

1143 3077 1208 3109 que
1220 3066 1415 3100 Neandrium
1433 3073 1546 3106 genere
1560 3065 1674 3096 neutro
1698 3062 1784 3104 apud
1800 3062 2055 3104 Theopompum.

1613 3126 1702 3160 311.

1186 3189 1323 3227 Scithae‚
1350 3186 1428 3219 urbs
1459 3184 1604 3218 Thraciae
1630 3193 1730 3226 prope
1768 3185 1958 3217 Potidaeam.
1985 3185 2076 3220 Civis
2099 3189 2173 3231 Scy-

1143 3238 1263 3277 thaeus‚
1280 3238 1317 3268 ut
1330 3234 1436 3275 inquit
1448 3233 1693 3273 Theopompus.

1184 3352 1338 3394 Scybrus,
1352 3351 1438 3392 regio
1452 3296 1659 3383 Macedonig
1666 3297 1729 3389 ffut
1743 3349 1981 3390 Theopompus.
