2320 3684
140 208 216 242 246
907 200 1102 240 EPHORI
1129 200 1459 240 FRAGMENTA.

139 291 171 329 οἱ
201 290 458 345 Ἐπιζεφύριοι,
489 290 564 331 ἐπεὶ
591 293 736 344 Λοκρῶν
765 289 903 327 ἄποικοι
934 289 1004 326 τῶν
1036 289 1071 326 ἐν
1108 287 1159 340 τῷ
1217 284 1394 330 Δαύλιοςὸ
1411 285 1568 339 Κρίσσης
1580 286 1743 340 τύραννος
1760 285 2036 338 γεγένηται,τῆ’ς
2047 287 2127 341 περὶ
2146 289 2233 328 Δελ-

141 352 324 406 Κρισσαίῳ
339 352 479 405 κόλπῳ,
498 350 619 403 μικρὸν
640 349 782 402 ὕστερον
799 350 862 394 τ’ῆς
890 346 959 385 ἀπὸ
978 345 1160 400 Κρότωνος
1216 343 1297 397 φοὺς
1307 374 1318 393 ,
1334 342 1381 388 ὥς
1398 359 1502 398 φησιν
1518 343 1679 398 Ἔφορος.

139 414 198 453 καὶ
213 414 444 467 Συρακουσῶν
460 410 603 452 κτίσεως
619 406 872 450 ἀποικισθέντες
886 405 954 444 ὑπὸ
972 404 1159 447 Εὖάνθους.
1693 398 1763 458 50..
1792 450 1799 458 .
1821 450 1828 458 .
1975 451 1982 458 ¹

139 473 292 527 Ἔφορος
312 472 341 509 δ7
355 472 417 509 οὐκ
434 464 472 508 εῧ
483 500 492 518 ,
513 470 582 506 τῶν
597 465 813 506 Ὀπουντίων
835 466 980 518 Λοκρῶν
998 462 1160 506 ἀποίκους
1269 449 1407 487 Strabo
1422 453 1484 495 VI,
1501 462 1537 500 P·
1560 450 1649 498 408,
1665 450 1711 487 de
1728 451 1863 488 Steihae
1883 449 2046 487 ambltffl
2060 449 2176 490 Ἔνιοι
2197 450 2235 491 δὲ

139 531 262 586 φήσας.
284 532 340 571 Cf.
358 536 517 570 Pausan.
537 531 610 576 ΙΙΙ,
629 541 688 575 19,
709 528 861 575 Scymn.
879 524 953 561 316
971 539 1025 576 sq.
1217 506 1449 561 ἁπλούστερον
1470 508 1646 560 εἰρήκασι,
1675 507 1792 561 ὥσπερ
1811 507 1963 561 Ἔφορος
1984 506 2042 545 τόν
2067 524 2107 560 γε
2132 509 2237 563 περί“

615 594 679 632 47.
1216 566 1323 603 πλουν
1340 569 1480 619 ἡμερῶν
1505 566 1564 605 καὶ
1583 569 1716 604 νυκτῶν
1740 565 1778 604 ε’.
1800 571 1833 605 J.
1855 569 1955 604 Bake
1981 567 2029 604 ad
2057 568 2234 606 Posidon.
2287 582 2293 587 ·

1217 637 1255 674 p.
1278 626 1444 676 131‚p1·o
1470 623 1497 663 ε’
1526 625 1979 676 19ςίνιι1ῑη’,υῑΤὶιυογά.
2003 625 2188 673 habetVI,
2204 639 2236 664 1.

193 655 409 702 strahow,
429 668 461 692 c.
483 667 514 700 ῐ,
536 656 572 701 8,
593 667 630 704 p.
657 653 731 702 398
747 653 845 698 εΤῆς
867 649 904 688 δὲ
922 651 991 688 τῶν
1013 651 1158 701 Λοκρῶν
1700 678 1762 714 51.

138 712 373 767 νομογραφίας
387 711 565 768 ,ἣμνησθεὶς
580 711 748 764 Ἔφορος,
765 710 809 758 ἣν
828 709 999 752 Ζάλευκος
1016 704 1160 747 συνέτα-

140 771 206 818 ξεν,
230 770 270 809 ἔκ
288 788 326 810 τε
344 773 413 810 τῶν
437 772 622 823 Κρητικῶν
643 767 815 821 νομίμων,
845 768 903 806 καὶ
929 767 1158 815 Λακωνικῶν,

140 829 199 867 καὶ
231 830 270 867 ἐκ
292 831 361 867 τῶν
386 827 690 882 Ἀρεοπαγιτικῶν,
714 826 818 881 φησὶν
845 828 880 865 ἐν
907 829 978 869 τοῖς
1011 824 1160 878 πρώτοις

139 887 294 926 καινίσαι
312 891 431 926 τοῦτον
449 886 507 925 τὸν
523 885 712 934 Ζάλευκον,
732 884 785 924 ὅτι
798 915 808 931 ,
825 886 894 922 τῶν
914 883 1078 938 πρότερον
1098 881 1159 928 τὰς

141 946 266 998 ζημίας
282 951 351 989 τοῖς
373 947 551 989 δικασταῖς
580 944 839 998 ἐπιτρεψάντων
858 942 980 996 ὁρίζειν
1000 942 1055 996 ἐφ’
1071 942 1157 981 ἑκά-

141 1019 233 1047 στοις
248 1010 318 1047 τοῖς
336 1004 561 1055 ἀδικήμασιν,
581 1004 707 1046 ἐκεῖνος
722 1003 757 1040 ἓν
776 1008 847 1046 τοῖς
861 1001 979 1052 νόμοις
989 999 1158 1053 διώρισεν·

140 1062 330 1124 ἡγούμενος
361 1062 422 1106 τὰς
456 1062 518 1113 μὲν
538 1061 680 1113 γνώμας
705 1063 773 1099 τῶν
799 1061 970 1099 δικαστῶν
1003 1058 1160 1120 οὖχὶητὰς

1269 729 1407 767 Strabo
1422 730 1488 777 VI,
1509 743 1547 780 p.
1565 735 1638 774 414
1650 744 1658 767 :
1672 728 1877 768 Διετέλεσαν
1896 727 2001 782 μέχρι
2021 729 2120 782 δεῦρο
2136 731 2240 769 Eme·-

1215 785 1269 823 λοὶ
1285 786 1345 825 καὶ
1366 786 1510 825 Σικανοὶ
1530 787 1590 824 καὶ
1613 786 1794 839 Μόργητες
1816 786 1875 825 καὶ
1903 786 2002 824 ἄλλοι
2024 786 2114 830 τινὲς
2136 785 2240 838 νεμό-

1217 859 1314 894 μενοι
1326 843 1389 891 τὴν
1403 847 1521 892 νῆσον,
1535 838 1582 882 ῶν
1594 838 1682 891 ἦσαν
1697 845 1756 883 καὶ
1772 844 1926 898 ’16ηρες,
1938 844 2066 898 οὕσπερ
2084 844 2242 899 πρώτους

1219 901 1322 954 φησὶν
1342 905 1410 940 τῶν
1434 902 1619 956 βαρὸάρων
1639 902 1793 957 ’Ἔφορος
1816 902 1978 954 λέγεσθαι
1997 906 2059 950 τῆς
2078 903 2241 948 Σικελίας

1216 959 1378 1003 οἰκιστάς.

1271 1036 1286 1053 α
1296 1019 1435 1056 Strabo
1464 1018 1516 1070 (in
1533 1020 1782 1070 excerpendis
1796 1019 2048 1070 scriptoribus
2062 1033 2242 1057 nonnun-

168 1123 179 1136 ‚
490 1124 511 1132 Ν
578 1122 589 1135 9
620 1122 642 1131 Ν
735 1126 748 1132 -
815 1119 823 1135 x
875 1118 885 1136 x
963 1121 973 1134 ³
1006 1118 1015 1135 x
1091 1121 1101 1133 ἢ
1218 1091 1331 1128 quam
1345 1078 1598 1127 negligentius
1612 1079 1808 1129 versatus),
1828 1079 1981 1115 minime
1997 1092 2090 1116 vero
2106 1078 2241 1128 Epho-

141 1121 247 1164 αυτὰς
266 1126 354 1160 εἶναι
370 1121 448 1175 περὶ
464 1137 534 1159 των
551 1136 679 1169 “unffi'’
698 1121 767 1158 δεῑν
791 1121 827 1158 δε
850 1135 913 1162 τας
937 1134 1041 1161 αυτας
1059 1119 1161 1169 [mm
1218 1149 1295 1180 rus,
1308 1136 1505 1173 Sicfanoset
1513 1136 1642 1174 Iberes
1656 1136 1867 1186 distinguit,
1877 1150 1973 1187 quos
1986 1137 2139 1174 eosdem
2149 1136 2243 1173 fuis-

142 1179 196 1218 ἀεὶ
215 1178 277 1223 τὰς
289 1179 429 1230 ζημίας,
447 1179 532 1232 ὅπερ
552 1178 643 1223 ἄξιον
663 1178 858 1230 8ΠΡΡῙΘνίῐ
870 1178 1050 1228 Gasan·]
1066 1179 1159 1215 ἕπαῑ·
1219 1207 1259 1232 se
1273 1195 1479 1232 certissime
1499 1203 1656 1232 constat.
1674 1197 1718 1232 V.
1733 1195 1982 1244 Thucyd.V1‚
2001 1195 2244 1242 2,Philistum

140 1244 222 1276 νεῖν·
239 1238 298 1276 καὶ
314 1238 353 1277 τὸ
370 1237 612 1290 ἇπλουστέρως
627 1237 707 1291 περὶ
722 1239 791 1275 τῶν
810 1237 921 1274 αὐτῶν
939 1235 1162 1287 συμὸολαίων
1221 1266 1282 1302 ap·
1298 1252 1459 1291 Diodor-
1472 1257 1518 1301 v,
1532 1255 1568 1301 6,
1589 1253 1712 1291 Schol-
1726 1256 1882 1291 Homer·
1901 1253 1974 1291 Od·
1991 1255 2136 1300 XXIV’
2155 1254 2245 1299 306,

141 1296 310 1342 διατάξαι.
335 1296 502 1350 Θουρίους
520 1297 549 1334 δ’
569 1296 708 1350 ὕστερον
730 1295 892 1349 ἀκριὸοῦν
906 1293 1067 1337 θέλοντας
1084 1294 1162 1347 περὶ
1222 1311 1337 1350 Sil-[us
1354 1311 1439 1348 Ital.
1456 1315 1560 1359 XIV’
1579 1312 1642 1360 35,
1663 1314 1710 1349 31·
1731 1329 1746 1345 „
1765 1313 1898 1350 Mam..

141 1357 210 1393 τῶν
239 1354 367 1408 ἄκρων,
391 1354 624 1408 ἐνδοξοτέρους
649 1354 712 1406 μὲν
735 1353 909 1406 γενέσθαι,
930 1352 1089 1405 χείρονας
1109 1351 1163 1390 δέ·
1703 1364 1766 1401 52·

142 1415 362 1464 εὐνομεῖσθαι
380 1413 469 1467 γὰρ,
490 1416 527 1452 οὐ
556 1413 634 1457 τοὺς
664 1416 698 1452 ἐν
715 1419 786 1456 τοῖς
802 1411 920 1462 νόμοις
941 1412 1079 1449 ἅπαντα
1096 1426 1163 1464 φυ-
1276 1415 1413 1453 Strabo
1436 1419 1501 1464 VI,
1524 1423 1612 1464 410,
1631 1417 1679 1454 de
1703 1419 1812 1454 Naxo
1831 1425 1869 1454 et
1893 1416 2059 1467 Megaris
2073 1431 2081 1454 :
2146 1415 2248 1463 Φησὶ

140 1473 373 1525 λαττομένους
386 1473 431 1512 τὰ
447 1475 516 1511 τῶν
538 1475 775 1527 συκοφαντῶν,
794 1471 882 1510 ἀλλὰ
898 1470 977 1514 τοὺς
993 1469 1164 1522 ἐμμένον-
1224 1472 1261 1512 δὲ
1284 1473 1413 1517 ταύτας
1430 1473 1582 1528 ’Ἔφορος
1610 1474 1751 1528 πρώτας
1775 1477 1958 1522 κτισθῆναι
1985 1473 2101 1518 πόλεις
2116 1474 2248 1522 εΕλλη..

140 1547 202 1575 τας
218 1538 287 1575 τοῖς
303 1532 422 1574 ἅπλῶς
441 1531 622 1582 κειμένοις·
641 1533 674 1569 Τ
677 1534 757 1569 Οῧτο
771 1529 806 1568 δὲ
823 1530 882 1568 καὶ
900 1529 1053 1568 Πλάτων
1071 1528 1166 1583 εἴρη-
1222 1532 1316 1575 νίδας
1334 1534 1368 1570 ἐν
1386 1533 1529 1586 Σικελία
1543 1533 1837 1586 πεντεκαιδεκάτῃ
1851 1539 1953 1586 γενεᾷ
1969 1532 2058 1584 μετὰ
2077 1531 2121 1572 τὰ
2135 1534 2250 1586 Τρωϊ-

141 1606 213 1639 κεν,
232 1590 284 1629 ὅτι
302 1590 385 1643 παρ’
404 1585 452 1633 οἷς
470 1591 626 1628 πλεῖστοι
645 1588 762 1640 νόμοι,
778 1588 838 1627 καὶ
858 1588 950 1627 δίκαι
968 1587 1063 1641 παρὰ
1083 1587 1165 1626 τού-
1223 1590 1268 1629 κά
1280 1606 1288 1614 ·
1303 1590 1381 1634 τοὺς
1398 1590 1465 1644 γὰρ
1484 1591 1649 1645 πρότερον
1668 1590 1814 1630 δεδιέναι
1826 1590 1872 1630 τὰ
1884 1590 2058 1645 λῃστήρια
2073 1593 2142 1629 τῶν
2155 1591 2250 1644 Τυῤ-

141 1664 232 1697 τοις,
253 1648 311 1686 καὶ
331 1647 398 1700 βίοι
417 1647 610 1701 μοχθηροί·
625 1647 782 1701 καθάπερ
804 1647 864 1686 καὶ
883 1647 965 1700 παρ’
985 1640 1035 1690 οἷς
1054 1646 1164 1698 ἰατροὶ
1191 1634 1197 1692 i
1225 1651 1336 1702 ῥηνῶν
1356 1649 1415 1687 καὶ
1446 1649 1509 1696 τὴν
1527 1649 1694 1700 ὠμότητα
1711 1652 1780 1688 τῶν
1797 1649 1907 1702 ταύτῃ
1935 1648 2133 1703 βαρὸάρων,
2158 1648 2250 1687 ὥστε

141 1706 286 1754 πολλοὶ,
304 1706 362 1744 καὶ
380 1704 500 1749 νόσους
516 1706 605 1750 εἰκὸς
622 1699 710 1744 εἶναι
727 1706 871 1748 πολλάς.
886 1707 941 1746 Cf.
960 1707 1165 1744 Athenaeus
1225 1706 1314 1758 μηδὲ
1350 1707 1426 1745 κατ’
1464 1707 1632 1760 ἐμπορίαν
1667 1709 1778 1746 πλεῖν.
1811 1706 1971 1747 Θεοκλέα
1997 1706 2026 1745 δ’
2046 1707 2224 1752 Ἀθηναῖον
2238 1737 2250 1756 ,

142 1770 212 1814 XI,
227 1780 265 1816 p.
289 1766 376 1813 508,
391 1768 543 1815 Scymn.
560 1766 630 1803 Ch.
649 1767 738 1814 349,
755 1765 915 1802 Diodor.
936 1768 1027 1813 XII,
1047 1779 1109 1803 21.
1222 1764 1480 1817 παρενεχθέντα
1499 1765 1638 1816 ἀνέμοις
1673 1767 1719 1809 εἷς
1754 1766 1932 1813 Σικελίαν,
1952 1767 2166 1811 κατανοῆσαι
2185 1763 2249 1812 τήν

622 1824 683 1861 48.
1222 1839 1259 1862 τε
1279 1822 1452 1862 οὐδένειαν
1471 1826 1541 1862 τῶν
1561 1823 1768 1877 ἀνθρώπων,
1782 1823 1842 1861 καὶ
1857 1823 1920 1870 τὴν
1942 1822 2067 1876 ἀρετὴν
2086 1825 2147 1870 τῆς
2165 1825 2228 1874 γῆς
2241 1839 2250 1847 ·

197 1882 334 1921 Strabo
351 1886 415 1929 VI,
435 1896 471 1933 p.
493 1884 565 1926 403
580 1897 587 1919 :
604 1881 735 1937 ’ᾨκουν
760 1881 796 1919 δὲ
814 1881 974 1931 Ἰάπυγες
993 1881 1052 1919 τὸν
1074 1881 1166 1935 Κρό-
1223 1882 1458 1920 ἐπανελθόντα
1479 1881 1540 1930 δὲ,
1562 1881 1761 1929 Ἀθηναίους
1788 1881 1851 1931 μὲν
1881 1881 1930 1933 μὴ
1951 1887 2091 1929 πεῖσαι,
2110 1881 2251 1921 Χαλκι-

141 1955 236 1979 τωνα
255 1939 435 1993 πρότερον,
453 1942 499 1983 ὡς
518 1938 669 1993 ’Ἔφορός
686 1955 802 1992 φησιν.
1224 1939 1302 1983 δέας
1319 1939 1356 1978 δὲ
1371 1939 1449 1983 τοὺς
1461 1941 1496 1979 ἐν
1513 1939 1645 1993 Εὗὸοία
1661 1938 1808 1991 συχνοὺς
1817 1939 2085 1992 παραλαὸόντα,
2103 1938 2162 1976 καὶ
2180 1941 2250 1977 τῶν

622 1999 685 2037 49.
1225 1997 1352 2037 Ἰώνων
1369 1999 1467 2042 τινὰς
1480 2029 1490 2047 ,
1509 1997 1559 2036 ἔτι
1577 1998 1613 2036 δὲ
1637 1997 1799 2052 Δωριέων
1819 1997 1851 2036 οἳ
1867 1996 2006 2040 πλείους
2022 1990 2111 2044 ἦσαν
2127 1997 2251 2047 Μεγα-

195 2057 335 2094 Strabo
352 2060 416 2104 VI,
430 2070 468 2107 p.
488 2058 584 2101 406:
604 2055 773 2103 Οἷκιστὴς
787 2054 825 2093 δὲ
843 2058 904 2094 τοῦ
920 2057 1165 2095 Μεταποντίου
1227 2063 1295 2110 ρεῖς
1308 2088 1318 2106 ,
1335 2059 1485 2095 πλεῦσαι
1497 2073 1505 2081 ·
1523 2056 1600 2100 τοὺς
1618 2056 1680 2108 μὲν
1696 2050 1754 2094 οῧν
1773 2055 1972 2099 Χαλκιδέας
1987 2055 2105 2094 κτίσαι
2121 2053 2252 2100 Νάξον,

1192 1935 1197 1957 i

142 2166 267 2200 colonia
282 2174 394 2198 eorum
408 2165 630 2204 Locrensium,
647 2165 703 2206 qui
718 2166 752 2196 in
766 2165 837 2197 sinu
854 2165 993 2197 crissaeo
1005 2165 1163 2206 habitant,

143 2215 184 2247 ab
199 2213 346 2246 Evanthe
361 2212 498 2244 deducta
510 2237 518 2250 ,
534 2221 600 2243 non
616 2212 718 2243 multo
733 2214 807 2253 post
833 2215 1006 2245 Crotonem
1026 2215 1058 2245 et
1078 2215 1168 2253 Syra-

142 2269 238 2292 cusas
263 2259 421 2291 conditas.
449 2258 579 2290 Falsum
604 2261 654 2290 est
674 2261 801 2297 autem,
827 2259 915 2299 quod
942 2259 1091 2299 Ephorus
1110 2267 1166 2290 eos

142 2306 349 2339 Locrensium
364 2306 579 2346 Opuntiorum
598 2305 673 2337 facit
689 2306 832 2337 colonos.

184 2403 334 2434 Ceterum
360 2399 510 2440 Ephorus
537 2399 747 2430 Locrensium
773 2399 881 2440 legum
906 2399 1101 2431 mentionem
1127 2398 1169 2430 sa-

142 2447 242 2486 cieus,
258 2455 339 2487 quas
361 2454 399 2477 ex
416 2445 638 2484 Cretensium,
672 2447 838 2477 Laconum
853 2449 883 2477 et
904 2446 1167 2486 Areopagitarum

142 2493 262 2534 legibus
279 2493 433 2524 Zaleucus
450 2492 642 2532 composuit,
660 2492 700 2523 ab
717 2493 776 2524 hoc
791 2492 825 2524 id
846 2492 877 2523 in
895 2492 1007 2532 primis
1024 2501 1107 2523 nove
1122 2491 1167 2523 in-

142 2540 293 2572 stitutum
308 2547 382 2571 esse
392 2538 504 2577 tradit,
520 2538 621 2578 quod,
633 2547 735 2578 quum
754 2539 876 2579 priores
895 2538 1030 2578 singulis
1043 2538 1168 2570 delictis

142 2595 247 2628 poenae
257 2585 461 2627 imponendae
475 2586 609 2618 modum
626 2594 663 2617 ac
677 2585 895 2617 definitionem
910 2586 1075 2626 judicibus
1092 2595 1164 2626 per-

142 2633 316 2672 misissent,
334 2633 447 2674 ipsein
464 2632 587 2673 legibus
602 2641 714 2673 poenas
731 2632 899 2673 expressit,
928 2635 1016 2664 ratus
1041 2635 1167 2663 senten-

141 2681 204 2712 tias
218 2680 365 2721 judicum
390 2679 430 2711 de
446 2679 542 2711 rebus
559 2679 673 2711 iisdem
687 2687 753 2710 non
766 2687 836 2710 esse
848 2678 977 2710 easdem
995 2689 1002 2709 :
1020 2680 1166 2719 oportere

142 2731 250 2759 autem
274 2726 405 2763 easdem
440 2726 451 2766 (
467 2735 594 2767 semper
625 2735 737 2767 poenas
765 2734 847 2764 esse,
878 2725 966 2765 quod
1000 2724 1166 2762 debemus)

141 2774 273 2806 laudare
290 2797 299 2812 ,
327 2775 360 2805 et
389 2772 423 2805 id
451 2773 538 2814 quod
567 2773 747 2814 simplicius
777 2772 818 2804 de
849 2771 1068 2803 contractibus
1096 2779 1169 2802 eon-

143 2822 259 2853 stituit.
276 2821 415 2852 Thurios
439 2821 566 2859 autem,
594 2828 695 2861 quum
715 2819 828 2860 postea
863 2819 1017 2859 temporis
1040 2818 1164 2858 singula

143 2868 184 2900 ad
206 2868 416 2900 subtilitatem
438 2867 580 2907 exigere,
604 2869 656 2906 et,
677 2866 766 2907 quod
788 2866 822 2897 in
861 2874 988 2906 quaque
1019 2874 1054 2897 re
1082 2874 1168 2897 sum-

143 2925 233 2947 mum
267 2918 353 2948 esset
366 2940 375 2956 ,
405 2915 554 2956 persequi
595 2915 802 2952 conarentur,
847 2914 1001 2953 majorem
1037 2912 1168 2952 quidem

143 2963 360 2994 celebritatem
384 2963 496 2993 nactos
519 2970 610 3000 esse,
638 2961 696 2993 sed
717 2959 952 3001 rempublicam
976 2958 1167 2991 deteriorem

146 3008 310 3040 habuisse.
329 3008 453 3048 Quippe
468 3007 563 3039 bonis
577 3008 642 3048 regi
657 3007 781 3048 legibus
794 3016 861 3038 non
879 3015 953 3046 eos,
966 3006 1023 3048 qui
1038 3014 1167 3038 omnem

143 3054 313 3086 calumniae
326 3055 432 3086 locum
448 3055 562 3086 volunt
574 3055 785 3095 praecludere,
800 3055 855 3086 sed
872 3053 927 3094 qui
943 3054 1028 3094 leges
1042 3053 1167 3094 simpli-

144 3100 222 3131 citer
237 3101 372 3140 scriptas
393 3101 483 3132 omni
504 3110 580 3132 cura
605 3103 747 3133 tuentur.
769 3104 873 3142 Atque
892 3101 939 3132 ita
957 3101 1053 3133 etiam
1075 3100 1167 3131 Plato

145 3146 385 3186 pronunciavit,
401 3147 487 3186 apud
497 3156 579 3187 quos
598 3147 745 3188 plurimae
756 3150 864 3180 essent
878 3148 980 3189 leges,
1002 3147 1089 3188 apud
1107 3147 1168 3178 hos

1705 2173 1767 2207 49.

1265 2231 1415 2272 Ephorus
1443 2232 1560 2273 tradit,
1580 2230 1758 2272 Metaponti
1768 2229 1968 2261 conditorem
1984 2228 2085 2269 fuisse
2098 2227 2250 2260 Daulium

1225 2277 1356 2318 crissae,
1373 2278 1442 2318 ejus
1457 2287 1532 2319 quae
1547 2288 1646 2320 prope
1662 2277 1803 2318 Delphos
1818 2277 1879 2315 est,
1893 2278 2079 2316 tyrannum.

1706 2343 1769 2375 50.

1266 2404 1419 2436 Nonnulli
1437 2406 1618 2447 simplicius
1635 2414 1704 2438 rem
1723 2404 1955 2445 exposuerunt,
1971 2404 2008 2435 ut
2027 2402 2178 2444 Ephorus
2193 2401 2250 2443 qui

1224 2451 1363 2530 Siciligm
1377 2452 1645 2493 circumnavigari
1659 2452 1705 2483 ait
1723 2451 1865 2492 quinque
1880 2450 1941 2491 [an
1954 2451 2028 2482 octo
2039 2449 2064 2491 Ρ]
2084 2449 2200 2482 diebus
2213 2458 2251 2482 ac

1223 2499 1310 2530 nocti
1336 2507 1385 2531 us.

1704 2563 1766 2597 51.

1225 2662 1294 2701 alii,
1311 2663 1368 2703 qui
1382 2663 1520 2694 insulam
1540 2663 1716 2695 incolerent
1731 2674 1739 2700 ;
1762 2662 1881 2703 quibus
1897 2660 2037 2694 addendi
2061 2661 2139 2693 sunt
2152 2660 2248 2693 etiam

1225 2708 1332 2740 Iberes
1341 2732 1350 2748 ,
1364 2717 1446 2749 quos
1460 2710 1607 2750 Ephorus
1625 2709 1747 2750 primos
1770 2708 1981 2740 barbarorum
2002 2707 2102 2740 fuisse
2116 2707 2178 2747 ait,
2192 2705 2251 2748 qui

1225 2756 1308 2787 hanc
1324 2755 1462 2787 insulam
1475 2756 1701 2788 inhabitarent.

1705 2809 1768 2841 52.

1267 2861 1415 2900 Ephorus
1422 2860 1545 2898 scribit,
1553 2862 1620 2891 Nax
1626 2868 1680 2891 um
1687 2861 1720 2891 et
1728 2861 1855 2900 Megara
1865 2860 2052 2891 Graecorum
2067 2856 2250 2898 antiquissi-

1191 2166 1202 3158 —ss———ffl

1225 3151 1296 3174 rum
1306 3141 1338 3172 vi
1351 3150 1389 3172 eo
1402 3139 1557 3177 delatum,
1574 3147 1648 3170 cum
1663 3137 1842 3168 incolarum
1859 3138 2027 3177 vilitatem,
2043 3139 2114 3168 tum
2133 3134 2248 3168 insulae

145 3191 241 3223 etiam
258 3192 328 3223 lites
345 3201 415 3224 esse
427 3195 459 3224 et
475 3194 576 3225 malos
591 3203 695 3226 mores
707 3205 716 3234 ;
729 3195 814 3226 sicut
829 3195 934 3226 morbi
945 3194 1084 3226 solerent
1098 3199 1169 3225 esse
1225 3189 1379 3221 virtutem
1389 3186 1618 3226 ei‹1›lO¹”³SSss;e't
1628 3184 1762 3216 domum
1785 3192 1946 3222 reversus,
1961 3192 2061 3224 quum
2082 3182 2249 3215 Atheni&

2272 3214 2311 3223 οἳ.

2279 3223 2293 3243 ρ’

146 3237 250 3277 multi,
264 3238 319 3270 ubi
335 3239 429 3270 multi
444 3242 551 3271 essent
564 3241 691 3272 medici.
1226 3236 1329 3274 sibus,
1350 3235 1385 3266 ut
1404 3233 1563 3265 coloniam
1578 3232 1611 3263 in
1631 3239 1701 3263 eam
1719 3230 1925 3268 deducerent,
1941 3239 2005 3261 non
2022 3229 2248 3270 persuaderet,
2284 3251 2285 3254 η

1265 2615 1439 2647 Manebant
1455 2614 1561 2648 adhuc
1578 2616 1696 2655 Siculi,
1714 2614 1837 2654 Sicani,
1857 2616 2034 2655 Mon-getes,
2050 2614 2084 2647 et
2103 2612 2250 2646 nonnulli
2303 2631 2311 2646 ι-

1225 2916 1295 2939 mas
1308 2908 1342 2938 in
1353 2906 1736 2945 Siciliacivitates,XV¹¹¹³
1751 2906 2005 2946 postTrojanum
2017 2905 2138 2936 bellum
2155 2906 2249 2936 aetate
2290 2895 2298 2938 f

1227 2954 1374 2986 conditas
1388 2952 1498 2984 tuisse.
1514 2953 1719 2992 Antiquiores
1732 2952 1818 2983 enim
1831 2952 2070 2992 Tyrrhenorum
2085 2949 2251 2982 latrocinia
2279 2948 2298 2985 «Ξ

1228 3003 1260 3033 et
1275 2999 1497 3032 crudelitatem
1514 2998 1724 3030 barbarorum
1746 2999 1804 3030 has
1820 2998 1964 3038 regiones
1978 2997 2184 3028 incolentium
2206 2996 2252 3029 ita
2285 2996 2297 3038 A]

1227 3047 1463 3088 reformidasse,
1475 3048 1561 3078 utne
1575 3046 1764 3076 mercaturae
1780 3044 1911 3084 quidem
1933 3043 2090 3075 faciundae
2106 3041 2251 3083 gratiain
2290 3046 2295 3048 ⁷

1228 3095 1370 3127 Siciliam
1381 3093 1612 3133 navigaverint.
1628 3091 1798 3123 Theoclem
1811 3099 1888 3122 vero
1901 3090 2129 3122 Atheniensem
2143 3090 2251 3120 vento·
2291 3087 2293 3090 ’

624 3290 686 3322 48,
1225 3291 1342 3322 magno
1362 3279 1623 3313 Chalcidensium
1642 3277 1798 3309 Euboeam
1814 3277 2028 3310 habitantium
2047 3284 2182 3308 numero
2197 3273 2248 3307 ad-
2292 3303 2294 3305 ,

188 3330 337 3371 Ephorus
370 3331 479 3363 scribit
505 3334 678 3365 Crotonem
703 3336 777 3366 ante
801 3333 841 3366 ab
869 3334 1041 3374 Iapygibus
1067 3333 1168 3365 fuisse
1225 3330 1326 3367 scito,
1358 3336 1418 3359 nec
1440 3335 1506 3358 non
1522 3328 1660 3363 Ionum,
1680 3324 1970 3363 Doriensiumque‚
1992 3331 2130 3363 quorum
2146 3320 2247 3362 major
2287 3320 2289 3322 ’

147 3376 335 3408 habitatam.
429 3410 435 3415 ,
1225 3385 1299 3418 pars
1315 3377 1518 3415 Megarenses
1533 3374 1634 3410 erant,
1647 3371 1681 3402 in
1698 3370 1839 3403 Siciliam
1853 3371 2020 3411 navigasse
2038 3380 2046 3401 :
2069 3378 2107 3402 ac
2124 3365 2246 3401 Chalc-i-
