2294 3704
143 179 272 207 κων

386 241 910 307 PHERECYDES.

196 372 433 422 Pherecydes
454 371 605 407 suerunt
621 365 712 410 duo,
731 363 825 400 alter
843 360 1097 412 philosophus
1111 373 1160 397 ex

146 435 255 481 Syro,
274 432 370 468 alter
390 427 592 465 historicus
609 420 853 460 Atheniensis
867 418 907 471 (*
917 419 943 471 ).
968 419 1078 456 Prior
1089 418 1160 456 etsi

147 529 177 560 p.
198 520 315 550 360.1n
325 519 399 546 Lex.
411 509 530 542 inedito
543 506 640 539 Paris.
650 504 748 546 (apud
756 502 986 545 wyttenbach.
996 501 1156 535 Plutarch.

146 568 224 597 tom.
244 568 275 602 1,
294 571 324 603 p.
348 555 625 597 xL111)leguntnr
646 553 715 584 haec
731 560 739 582 τ
756 551 974 592 Παραλλήλους
996 551 1050 591 μὲν
1077 549 1160 590 βίους

149 614 274 652 λέγομεν
286 609 338 640 καὶ
353 606 460 646 ἄνδρας
472 600 680 644 παραλλήλους
691 621 701 638 ,
721 597 823 629 οὐκέτι
840 597 873 629 δὲ
882 596 962 628 κατὰ
973 596 1064 633 ἄλλας
1078 594 1162 626 πτώ-

150 669 230 696 σεις,
252 656 315 688 οἷον
337 653 411 694 βίων
430 647 645 691 παραλλήλων,
660 646 680 683 ἢ
706 644 736 676 ἐν
758 646 820 680 τοῖς
838 644 1040 685 παραλλήλοις
1063 643 1159 684 βίοις·

150 706 193 736 ἔτι
207 705 238 735 δὲ
250 702 339 741 ἦττον
352 696 471 729 λεκτέον
487 696 606 732 ἑνικῶς,
618 691 809 734 παράλληλον
825 690 901 731 βίον,
914 691 1011 722 Οὐδὲν
1024 690 1082 732 γάρ
1097 691 1160 722 ἐστι

149 752 238 782 ἄλλο·
259 748 369 788 μᾶλλον
391 744 423 775 δὲ
445 741 579 780 λεκτέον,
597 739 667 780 (ὅτι)
683 739 713 770 ἐν
734 740 796 773 τοῖς
814 737 891 778 βίοις
906 740 968 773 τοῖς
990 738 1061 779 παρ’
1075 738 1161 775 ἀλλή.

150 799 218 832 λους
239 791 471 833 τεθεωρημένοις
482 811 491 828 ,
509 789 529 826 ἢ
546 789 608 818 τῶν
622 785 739 827 ἀνδρῶν
760 786 823 815 τῶν
844 785 916 825 παρ’
931 784 1076 821 ἀλλήλους
1100 783 1163 821 ἐξη-

149 842 306 882 τασμένων
321 837 497 871 Ἑλλάνικος
510 837 601 866 τοῦτο
621 834 735 874 ἱστορεῖ
754 831 784 862 ἐν
798 832 861 866 τοῖς
871 832 939 861 κατ’
953 830 1069 868 ἄλληλα
1080 854 1090 870 ,
1105 831 1162 862 οὐκ

149 891 179 921 ἐν
194 891 256 924 τοῖς
268 886 335 917 κατ’
352 883 510 920 ἀλλήλους.
528 885 563 912 ln
579 879 696 920 quibus
722 876 874 909 Hellanici
890 885 1006 908 nomen
1027 877 1164 918 exempli

147 943 242 968 causa
262 933 371 964 fictum
395 938 465 961 esse
478 928 623 962 videtur,
639 925 700 957 nisi
715 925 794 956 sorte
815 924 905 955 locus
920 924 965 956 ita
985 923 1162 965 intelligen-

146 983 207 1014 dus
222 982 288 1019 est,
310 981 347 1010 ut
369 978 439 1009 haec
455 975 643 1016 deprompta
669 972 733 1004 sint
754 980 794 1003 ex
818 971 936 1011 scripto
956 971 1164 1011 grammatico

147 1026 305 1062 Hellanici
320 1023 522 1057 chorizontis.

189 1079 263 1107 naec
279 1081 379 1113 quum
393 1070 479 1111 typis
492 1069 559 1108 jam
570 1074 687 1098 excusa
702 1065 818 1104 essent,
831 1064 947 1111 nactus
957 1072 1028 1095 sum
1043 1063 1083 1096 de
1094 1064 1166 1096 Hel-

147 1117 251 1149 lanico
268 1110 569 1146 commentationem
585 1117 604 1139 a
623 1107 760 1138 Prellero
779 1107 994 1145 conscriptam
1009 1105 1020 1146 (
1034 1106 1165 1146 Dorpati

147 1164 339 1196 Livanorum
360 1158 470 1197 1840),
484 1156 517 1188 in
542 1163 606 1196 qua
620 1154 670 1185 vir
694 1152 915 1192 doctissimus,
933 1151 1019 1192 quod
1035 1161 1164 1193 magno-

148 1212 222 1246 pere
237 1202 372 1243 gaudeo,
386 1200 419 1232 in
435 1197 579 1239 plurimis
594 1203 721 1227 mecum
738 1193 914 1231 consentit;
931 1193 965 1224 in
986 1194 1164 1234 nonnullis,

147 1250 279 1283 minoris
306 1249 494 1290 plerumque
518 1242 686 1281 momenti,
705 1241 798 1274 aliter
813 1240 938 1272 statuit.
969 1241 1163 1281 AEgyptiaca,

147 1297 296 1331 Nomima
323 1293 509 1331 Barbanna,
525 1291 641 1322 Ἐθνῶν
669 1288 844 1329 ὀνομασίαι,
864 1289 940 1329 Περὶ
966 1288 1072 1327 ἐθνῶν,
1089 1291 1164 1329 Scy-

147 1345 271 1383 thiaca,
287 1342 440 1383 Cypriaca
456 1348 474 1370 a
494 1338 662 1379 personato
678 1336 786 1376 aliquo
812 1334 975 1366 Hellanico
991 1336 1166 1376 composita

148 1400 217 1424 esse
235 1388 453 1425 demonstran
469 1383 606 1425 genuina
620 1391 718 1423 opera
734 1381 774 1413 ad
790 1383 858 1413 tres
873 1381 992 1413 classes
1008 1383 1138 1414 revocat
1156 1393 1163 1413 :

150 1442 176 1478 1,
193 1436 408 1478 qencaloqica
423 1428 650 1472 (Deucalionia,
661 1426 827 1466 Phoronis,
843 1427 1012 1468 Atlantias‚
1023 1428 1166 1468 Troica);

151 1489 181 1524 2,
209 1479 478 1522 choroqraphica
505 1475 644 1516 (Atthis,
667 1474 779 1505 AEolica
793 1497 802 1513 ‚
825 1474 988 1514 Lesbiaca,
1016 1475 1166 1516 Persica),

151 1535 182 1571 3,
196 1529 431 1567 chronoloqzca
449 1523 664 1565 (sacerdotes,
681 1521 918 1561 Carneonicae).
936 1523 974 1553 In
989 1522 1168 1562 genealogi-

149 1578 197 1609 cis
209 1576 305 1617 igitur
327 1573 426 1605 alium
449 1574 546 1610 atque
567 1577 624 1609 ego
640 1567 784 1600 ordinem
800 1568 931 1607 statuit;
946 1569 1042 1608 atque
1063 1569 1167 1601 Atthi-

148 1624 224 1656 dem
235 1622 276 1654 ab
293 1620 331 1653 iis
350 1617 499 1659 seiungit.
517 1615 611 1655 Quod
627 1614 735 1646 minus
749 1616 835 1646 recte
849 1614 967 1646 factum
986 1622 1057 1646 esse
1071 1623 1113 1647 ex
1130 1615 1169 1646 iis

151 1679 225 1711 quae
251 1677 346 1709 supra
372 1666 411 1698 de
434 1664 633 1703 Phoronide,
649 1663 740 1703 cujus
767 1662 879 1694 decem
900 1661 974 1692 libri
994 1661 1135 1694 citantur
1149 1670 1168 1694 a

150 1717 259 1758 steph.
286 1720 359 1755 Byz.
373 1737 382 1753 ,
393 1712 619 1753 exposuimus,
636 1709 766 1750 patebit.
783 1708 886 1740 Sumit
910 1708 995 1740 enim
1015 1709 1169 1740 Prellerus

150 1763 349 1797 Hellanicum
366 1769 415 1792 res
431 1759 541 1792 eodem
559 1757 655 1789 modo
670 1756 838 1787 adornasse
853 1764 917 1795 quo
934 1757 1043 1795 postea
1070 1756 1168 1796 Apol-

149 1811 310 1843 lodorum.
349 1808 408 1840 sed
439 1814 635 1847 quamquam
667 1811 761 1834 nemo
791 1801 919 1842 negabit
942 1803 1168 1842 Apollodorum

152 1856 304 1890 Hellanici
329 1863 410 1896 opus
425 1853 544 1894 saepius
566 1850 784 1888 consuluisse,
798 1850 909 1880 tamen
929 1849 1096 1889 dispositio
1117 1859 1168 1882 re-

153 1914 224 1937 rum
236 1904 269 1935 in
281 1902 474 1935 Bibliotheca
490 1899 591 1931 multo
611 1897 810 1930 artificiosior
834 1897 884 1927 est
898 1918 907 1934 ,
922 1905 1018 1936 quam
1035 1898 1072 1928 ut
1099 1905 1169 1928 eam

150 1950 314 1984 Hellanico
329 1949 526 1986 tribuamus;
544 1946 677 1977 deorum
695 1942 835 1974 historiae
848 1943 881 1973 in
898 1943 1058 1974 Hellanico
1082 1943 1169 1975 nulla

151 1994 227 2024 sunt
242 1990 392 2030 vestigia3
410 1988 484 2020 inde
500 1996 575 2019 vero
592 1984 679 2026 quod
696 1983 873 2016 secundum
890 1984 1005 2024 stirpes
1020 1993 1070 2016 res
1087 1984 1170 2016 divi·

152 2040 194 2071 sit
213 2036 437 2079 Apollodorus,
450 2034 530 2066 nihil
546 2033 651 2073 colligi
667 2033 790 2074 potest;
805 2031 916 2062 eadem
938 2031 1023 2071 apud
1046 2033 1170 2064 veteres

150 2084 364 2126 logographos
377 2082 490 2114 divisio
505 2082 587 2120 erat,
604 2081 652 2112 uti
669 2089 700 2111 v.
716 2087 745 2110 c.
760 2087 809 2119 ap.
829 2077 1044 2118 Pherecydem
1056 2101 1065 2116 ,
1079 2079 1170 2119 cujus

149 2141 261 2164 rerum
290 2129 440 2162 tractatio
455 2128 585 2170 propius
610 2128 676 2168 Jam
698 2126 740 2158 ad
765 2125 1008 2166 Apollodoream
1035 2126 1167 2158 accedit.

151 2179 210 2212 sed
227 2178 366 2219 spatium
384 2177 458 2208 huic
482 2175 602 2207 notulae
617 2175 673 2206 vix
687 2182 874 2206 concessum
889 2182 954 2204 non
969 2173 1089 2214 patitur
1103 2173 1171 2205 diu-

153 2227 217 2258 tius
232 2226 282 2257 his
299 2234 351 2256 me
367 2222 540 2255 immorari.
560 2226 665 2262 Quare
681 2220 784 2253 missis
797 2221 913 2252 ceteris
925 2245 934 2260 ,
951 2221 1030 2252 satis
1046 2220 1170 2252 habebo

153 2272 305 2304 nonnulla
332 2280 350 2302 a
377 2270 513 2302 Prellero
540 2269 634 2300 allata
650 2269 862 2309 subJunxisse.
877 2288 920 2295 -
931 2272 976 2299 De
991 2267 1171 2300 Hellanico

152 2314 378 2354 qrammate'co
389 2311 498 2342 laudat
510 2311 703 2342 Grauertum
719 2311 752 2342 in
766 2314 850 2341 Mus.
863 2310 965 2341 Rhen.
981 2312 1007 2348 l,
1019 2313 1050 2348 2,
1064 2317 1097 2349 p.
1111 2311 1170 2340 204

151 2358 442 2401 sqq-Pamphilae
451 2357 675 2389 auctoritatem
688 2366 787 2398 nuper
803 2359 966 2396 Krugerus
976 2365 1104 2396 qnoque
1115 2356 1172 2387 im-

154 2406 306 2448 pugnavit
323 2406 354 2436 in
371 2404 492 2436 libello:
503 2404 750 2445 Epicritischer
761 2405 902 2444 Beitray
913 2411 956 2434 zu
969 2402 1035 2435 den
1053 2404 1170 2435 Unter-

152 2453 349 2493 suchunqen
362 2454 395 2484 u'.
408 2451 442 2483 d.
454 2451 529 2482 Leb.
540 2451 573 2482 d.
596 2450 746 2491 Thucyd.
756 2450 877 2482 Berlin
893 2452 1088 2482 1839.—Pro
1104 2459 1172 2482 cor-

154 2503 249 2541 rupto
256 2500 310 2531 illo
320 2509 329 2530 .·
340 2499 410 2535 Διὸς
421 2498 592 2539 πολυτυχία
604 2502 777 2530 Creuzerus
787 2497 907 2538 (symb.
920 2501 945 2536 l,
954 2506 985 2538 p.
998 2501 1037 2529 36
1047 2497 1096 2529 ed.
1110 2500 1173 2530 ter-

151 2547 287 2587 liaellcgi
303 2547 373 2577 vult
387 2545 607 2586 πολυπτυχίαν.
618 2546 762 2586 Πτώχαι,
779 2544 835 2584 ait,
853 2544 932 2576 sind
957 2544 1172 2585 Olympi-§elle

158 2595 276 2627 Rollen
305 2601 370 2625 von
386 2592 448 2624 der
458 2594 558 2623 Haut
585 2591 647 2623 cler
670 2594 770 2632 Zieye
790 2591 974 2623 Amalthea
989 2592 1171 2631 (?!)—Was

154 2641 243 2673 diese
254 2641 371 2672 Rollen
382 2641 417 2671 in
429 2639 527 2671 ihren
540 2639 649 2670 viclen
660 2640 780 2671 Falten
791 2637 1049 2679 enthacten‚das
1055 2640 1172 2671 Gesetz

155 2688 217 2719 der
224 2689 343 2720 Natur
354 2685 428 2719 und
440 2685 498 2718 des
517 2687 655 2724 Gentes,
665 2686 728 2718 das
740 2687 784 2717 ist
798 2686 869 2722 Διὸς
884 2685 1172 2726 πολυπτυχία,ιιηά

155 2734 415 2772 wunderbaren,
430 2732 483 2772 osc
495 2733 758 2772 rcelhsellmflen
774 2732 1008 2773 InhaltsQuae
1022 2732 1172 2773 interpre-

155 2781 234 2811 tatio
245 2790 307 2811 non
316 2781 407 2820 longe
418 2780 506 2811 abest
522 2780 562 2811 ab
572 2789 719 2820 ea‚qnam
729 2788 787 2820 ego
800 2780 939 2819 tentavi;
950 2781 1047 2812 modo
1058 2789 1172 2812 caveas

155 2835 282 2866 capram
302 2827 502 2859 istam—Fr.
522 2830 540 2859 3
557 2827 680 2859 Preller.
710 2827 914 2859 scribendum
938 2828 1117 2869 suspicatur
1141 2828 1171 2859 ἐν

156 2875 219 2908 ταῖς
233 2873 481 2914 ἱστορίαις.-ῈΓ.
502 2877 520 2905 4
533 2874 660 2906 Preller.
679 2873 792 2905 scribit
810 2883 817 2904 :
834 2875 865 2905 ἐν
879 2875 1010 2916 δευτέρῳ
1036 2874 1171 2916 Φορωνί-

155 2919 217 2957 δος,
234 2919 282 2950 uti
296 2921 603 2961 nos—Fragmentis
613 2921 828 2952 Deucalioniae
842 2920 1006 2952 addendus
1022 2924 1069 2952 est
1084 2921 1173 2952 locus

156 2972 196 2994 ex
213 2964 405 3004 Epinierism,
425 2971 516 2998 Hom.
536 2976 585 3007 ap.
599 2969 707 2999 Cram.
722 2967 839 2998 Anecd.
858 2968 982 2999 Ωιι-01.
1002 2971 1074 3008 1‚p.
1093 2969 1170 2998 344:

155 3010 330 3047 Ἑλλάνικος
344 3013 375 3042 δέ
387 3023 393 3028 ·
407 3025 421 3039 ¹<
434 3015 494 3044 Καὶ
508 3015 621 3045 Πελίαν
639 3014 817 3055 ὠνόμασθεν
828 3014 930 3054 αὐτὸν,
942 3014 1007 3046 ἐπεὶ
1021 3015 1170 3051 ἐπελιώθη

156 3057 240 3098 αὐτῷ
266 3059 285 3094 ἡ
303 3058 370 3098 ὄψις
383 3060 570 3091 λακτισθέντι
586 3061 646 3092 ὑπὸ
659 3065 713 3092 τοῦ
726 3062 856 3093 ἵππου.»
873 3061 919 3093 Cf.
938 3061 1118 3102 Apollodor.
1140 3063 1169 3102 7,

157 3107 188 3142 ι,
207 3108 238 3141 a,
256 3106 284 3135 8.

200 3151 243 3189 (*)
268 3149 381 3181 Snidas
396 3160 403 3180 :
421 3152 609 3192 Φερεκύδης,
631 3155 766 3194 Βᾰὸυος,
788 3155 903 3196 Σύριος.
926 3154 1016 3186 Ἔστι
1034 3155 1066 3186 δὲ
1081 3158 1171 3193 νῆσος

156 3196 211 3237 μία
229 3199 289 3227 τῶν
304 3197 470 3228 Κυκλάδων
486 3200 505 3235 ἡ
523 3199 602 3239 Σύρα
614 3222 622 3234 ,
644 3201 773 3237 πλησίον
789 3202 902 3239 Δήλου.
922 3202 1031 3242 Γέγονε
1047 3202 1080 3233 δὲ
1094 3202 1173 3233 κατὰ

155 3243 207 3274 τὸν
219 3245 281 3274 τῶν
301 3243 409 3274 Λυδῶν
427 3244 554 3283 βασιλέα
572 3245 748 3284 Ἀλυάττην·
770 3249 810 3283 ὡς
830 3251 1008 3289 συγχρονεῖν
1021 3251 1083 3284 τοῖς
1097 3248 1173 3279 ἑπτὰ

156 3292 276 3330 σοφοῖς,
299 3290 351 3320 καὶ
376 3289 518 3330 τετάχθαι
541 3292 608 3332 περὶ
627 3293 682 3329 τὴν
711 3294 741 3332 μ’
763 3294 973 3334 Ὀλυμπιάδα·
995 3294 1172 3336 διδαχθῆναι

155 3336 188 3367 δὲ
204 3336 254 3367 ὑπ’
270 3336 364 3367 αὐτοῦ
383 3336 564 3378 Πυθαγόραν
587 3337 691 3378 λόγος·
709 3340 798 3371 αὐτὸν
813 3341 844 3371 δὲ
861 3341 917 3372 οὐκ
938 3342 1107 3379 ἠσκηκέναι
1120 3352 1171 3372 κα-

984 153 1049 191 DE
1078 152 1396 191 PHERECYDE.

1218 234 1266 275 ad
1279 251 1348 276 nos
1361 251 1437 275 non
1451 238 1630 290 pertinet,
1652 246 1789 287 tamen,
1803 240 1894 290 quia
1910 253 1930 278 a
1946 241 2058 279 Suida
2071 241 2229 292 aliisque

1219 309 1304 334 cum
1319 297 1437 335 altero
1449 310 1708 348 saepenumero
1722 299 1982 347 confunditur,
2005 299 2052 337 de
2066 309 2230 351 utroque

1219 354 1330 392 nobis
1343 355 1548 393 dicendum
1568 365 1637 394 est.

1271 415 1506 465 Pherecydes
1518 415 1782 467 philosophus,
1792 415 1941 466 Babyos
1952 417 2062 464 filius,
2070 429 2117 466 pa
2122 416 2231 454 triam

1219 472 1353 510 habuit
1373 475 1510 522 Syrum
1525 474 1602 511 sive
1623 476 1755 524 Syram
1776 475 1855 512 sive
1875 476 2036 525 Syriam,
2056 487 2171 512 unam
2185 487 2234 511 ex

1220 530 1447 580 Cycladibus
1466 532 1612 569 insulis.
1629 535 1712 570 Hoc
1725 533 1858 583 patriae
1876 546 2016 570 nomen
2029 532 2061 569 si
2077 529 2235 582 conjun-

1220 601 1286 638 gas
1303 601 1389 626 cum
1409 589 1454 626 iis
1467 617 1477 633 ,
1497 602 1581 639 quae
1598 589 1645 627 de
1667 590 1841 628 doctrina
1859 590 2085 641 Pherecydis
2101 598 2139 627 et
2158 602 2232 641 qna

1221 659 1302 684 eam
1322 646 1478 698 adeptus
1498 648 1546 684 sit
1567 648 1715 686 ratione
1732 649 1951 696 traduntur,
1968 662 2038 686 nec
2050 661 2126 685 non
2149 660 2235 685 cum

1221 704 1422 742 ambitioso
1444 705 1610 755 quodam
1634 707 1822 744 seriorum
1844 708 2074 758 scriptorum
2094 705 2236 756 studio,

1223 763 1331 800 facile
1345 763 1584 814 intelligitur,
1601 765 1667 814 qui
1682 765 1821 802 factum
1834 766 1895 813 sit,
1916 775 1959 804 ut
1972 765 2074 816 apud
2095 765 2235 803 multos

1222 822 1448 873 scriptores,
1475 835 1572 872 quos
1593 822 1792 872 diligenter
1810 831 1980 860 recenset
1999 826 2122 861 Sturz.
2142 836 2180 874 p.
2199 835 2236 870 α,

1222 881 1346 918 natale
1370 881 1498 918 Nostri
1515 881 1636 918 solum
1662 881 1702 918 in
1723 881 1892 932 Syriam,
1912 882 2006 919 Asiae
2028 881 2238 932 regionem,

1222 940 1281 976 vel
1303 939 1495 988 Assyriam
1511 939 1732 976 translatum
1750 939 1809 976 sit.

1275 997 1380 1034 Vixit
1397 996 1633 1046 Pherecydes
1652 996 1859 1034 secundum
1874 996 2028 1034 Suidam
2040 1026 2051 1045 ,
2076 996 2240 1047 Alyattis

1225 1056 1474 1106 temporibuS,
1490 1055 1694 1093 secundnm
1710 1056 1870 1106 Diogen.
1881 1055 2076 1093 Laertium
2090 1055 2136 1106 (1,
2151 1070 2163 1092 ι
2173 1068 2195 1092 2
2204 1054 2240 1107 1)

1223 1115 1284 1152 Ol.
1316 1113 1377 1163 59.
1425 1117 1550 1160 Quam
1595 1113 1901 1151 testimoniorum
1947 1113 2238 1165 discrepantiam

1225 1172 1329 1220 (nam
1345 1171 1514 1221 Alyattes
1531 1171 1737 1209 secundum
1758 1171 1897 1209 Euseb.
1908 1170 1989 1221 jam
2002 1172 2060 1210 01.
2071 1172 2117 1215 54
2130 1172 2241 1209 mori-

1225 1230 1300 1280 tur)
1314 1230 1513 1268 Clintonus
1529 1230 1585 1280 (F.
1603 1232 1650 1267 H.
1673 1243 1711 1280 p.
1722 1244 1745 1279 9
1760 1231 1898 1281 Kriig.)
1918 1244 1966 1268 ex
1977 1243 2084 1268 more
2094 1230 2241 1280 vulgari

1224 1289 1277 1326 ita
1300 1289 1502 1326 conciliare
1528 1289 1624 1334 vult,
1649 1296 1692 1325 ut
1715 1286 1853 1339 γέγονεν
1878 1287 1981 1337 apud
2003 1286 2156 1325 Suidam
2173 1286 2241 1334 sit,

1225 1356 1332 1383 natus
1346 1356 1409 1384 est.
1430 1347 1562 1391 Falso3
1582 1346 1798 1384 differentia
1821 1346 1886 1383 illa
1897 1344 1944 1382 ad
1959 1344 2120 1382 eandem
2135 1344 2242 1382 chro-

1226 1407 1467 1457 nologiarum
1491 1406 1751 1443 confusionem
1775 1404 1972 1443 referenda
1988 1412 2064 1452 est,
2090 1403 2138 1440 de
2167 1416 2242 1454 qua

1227 1465 1274 1502 ad
1295 1465 1494 1502 Xanthum
1508 1464 1651 1501 monui.
1666 1464 1827 1502 Videtur
1839 1463 1975 1502 Suidas
1987 1461 2242 1511 Pherecydem

1227 1531 1372 1573 septem
1398 1521 1692 1572 olympiadibus
1709 1523 1877 1573 priorem
1893 1521 2065 1572 posuisse
2081 1519 2157 1571 (01.
2177 1519 2240 1569 52)

1227 1594 1340 1631 quam
1357 1581 1561 1631 Diogenes,
1578 1579 1685 1630 cujus
1701 1594 1794 1617 vero
1808 1579 1974 1616 rationes
1984 1579 2152 1616 veriores
2163 1590 2244 1616 esse

1228 1648 1307 1676 tum
1325 1653 1372 1676 ex
1386 1639 1468 1677 aliis
1486 1637 1710 1676 testimoniis
1724 1646 1884 1684 constat,
1900 1646 1978 1675 tum
1996 1651 2044 1674 ex
2061 1638 2244 1675 Cicerone

1228 1698 1355 1750 (Tusc.
1387 1700 1423 1745 Ι,
1461 1696 1544 1748 16),
1565 1697 1631 1747 qui
1658 1710 1745 1735 eum
1779 1696 1963 1748 aequalem
1987 1695 2077 1733 facit
2106 1695 2242 1734 Servio

1227 1756 1366 1794 Tullio.

1281 1815 1352 1853 Hic
1367 1814 1484 1865 igitur
1496 1812 1736 1862 Pherecydes
1755 1827 1776 1850 a
1794 1812 1948 1850 serioris
1963 1812 2034 1850 aevi
2051 1811 2246 1863 scriptori-

1228 1872 1313 1919 bus,
1336 1885 1500 1922 quorum
1519 1871 1675 1910 nomina
1693 1870 1911 1908 exscribere
1929 1871 2054 1918 taedet,
2074 1884 2150 1907 uno
2168 1870 2246 1908 sere

1228 1944 1295 1968 ore
1306 1931 1528 1981 Pythagorae
1545 1930 1724 1980 magister
1739 1929 1853 1967 fuisse
1870 1929 2023 1967 dicitur.
2039 1933 2127 1980 Ipse
2142 1941 2245 1976 vero,

1229 1990 1357 2035 aiunt,
1378 1989 1519 2026 nullius
1540 1988 1759 2038 magisterio
1781 2001 1871 2025 usus
1888 1988 2111 2038 sapientiam
2139 1999 2245 2024 suam

1229 2047 1357 2084 hausit
1385 2060 1434 2084 ex
1461 2046 1607 2083 arcanis
1637 2045 1745 2082 libris
1762 2045 1994 2083 Phoenicum.
2026 2045 2088 2083 Sic
2108 2052 2247 2095 praeter

1229 2105 1385 2144 Suidam
1415 2105 1587 2142 referunt
1610 2105 1782 2142 Clemens
1808 2103 2105 2151 Alexandrinus,
2135 2103 2246 2141 Philo

1229 2163 1403 2214 Byblius,
1430 2163 1640 2213 Hesychius
1659 2163 1826 2201 Milesius
1846 2171 1884 2200 et
1902 2162 2133 2200 Eustathius.
2154 2162 2248 2198 Dio-

1229 2234 1341 2273 genes
1353 2225 1480 2259 Laert.
1494 2222 1533 2272 (l.
1549 2222 1613 2258 l.et
1629 2224 1688 2271 11,
1707 2220 1768 2272 46)
1783 2234 1870 2258 enm
1883 2221 2071 2259 Pittacum
2084 2219 2248 2258 audiisse

1230 2280 1343 2327 dicit,
1380 2288 1494 2330 atque
1522 2279 1690 2317 Thaletis
1721 2280 1880 2330 gloriam
1910 2279 2127 2316 aemulatum
2153 2291 2247 2315 esse.

1230 2338 1285 2376 Cf.
1309 2338 1479 2378 Suidam.
1499 2338 1670 2388 Josepho
1691 2337 1839 2388 (contra
1857 2337 1997 2389 Apion.
2012 2341 2044 2384 I,
2064 2350 2103 2387 p.
2129 2335 2246 2383 1034,

1232 2397 1301 2448 E),
1319 2397 1431 2434 sicuti
1447 2396 1586 2434 Thales
1606 2404 1644 2434 et
1659 2396 1903 2446 Pythagoras,
1921 2396 2191 2447 AEgyptiorum
2210 2403 2248 2432 et

1230 2455 1493 2494 Chaldaeorum
1511 2446 1830 2504 fuit⁸discipulus‚
1846 2463 1960 2504 atque
1976 2455 2016 2492 in
2039 2457 2246 2504 AEgyptum

1231 2515 1302 2551 iter
1320 2512 1367 2550 ab
1388 2526 1433 2550 eo
1448 2521 1667 2563 susceptum
1687 2526 1768 2550 esse
1785 2513 1935 2550 disertis
1949 2511 2077 2550 verbis
2091 2511 2246 2549 tradunt

1231 2599 1382 2639 θηγητὴν,
1409 2597 1473 2629 ἀλλ’
1499 2597 1605 2628 ἑαυτὸν
1627 2597 1785 2637 ἀσκῆσαι,
1811 2595 2003 2638 κτησάμενον
2027 2596 2066 2628 τὰ
2092 2596 2248 2628 Φοινίκων

1230 2645 1390 2687 ἀπόκρυφοι
1417 2644 1532 2685 βιὸλία.
1555 2645 1684 2686 Πρῶτον
1711 2644 1743 2675 δὲ
1770 2645 1946 2686 συγγραφὴν
1978 2644 2140 2684 ἐξενεγκεῖν
2166 2645 2248 2684 πεζῷ

1229 2692 1312 2733 λόγῳ
1321 2692 1397 2727 τινὲς
1408 2693 1581 2732 ἱστοροῦσιν
1590 2713 1599 2729 ,
1615 2690 1724 2732 ἑτέρων
1736 2693 1826 2722 τοῦτο
1840 2691 1881 2726 εἰς
1892 2690 2016 2731 Κάδμον
2032 2690 2084 2721 τὸν
2096 2690 2247 2727 Μιλήσιον

1229 2738 1390 2780 φερόντων.
1415 2738 1476 2768 Καὶ
1492 2739 1612 2778 πρῶτον
1631 2738 1683 2768 τὸν
1698 2737 1766 2779 περὶ
1787 2740 1841 2774 τῆς
1866 2737 2132 2777 μετεμψυχώσεως
2157 2736 2247 2776 λόγον

1230 2785 1467 2825 εἰσηγήσασθαι.
1487 2784 1683 2822 Ἐζηλοτὺπει
1702 2784 1734 2815 δὲ
1753 2784 1807 2821 τὴν
1830 2782 1967 2821 Θάλητος
1993 2783 2092 2819 δόξαν.
2118 2783 2180 2814 Καὶ
2201 2793 2247 2814 τε·

1230 2833 1320 2872 λευτᾷ
1332 2831 1393 2862 ὑπὸ
1414 2830 1547 2868 πλήθους
1559 2831 1698 2872 φθειρῶν.
1715 2830 1805 2861 Ἐστι
1825 2830 1855 2861 δὲ
1874 2831 2013 2869 ἅπαντα,
2029 2829 2050 2860 ἃ
2065 2830 2246 2871 συνέγραψε,

1230 2881 1342 2909 ταῦτα·
1357 2876 1571 2917 Ἑπτάμυχος,
1594 2877 1661 2914 ἤτοι
1680 2876 1855 2918 Θεοκρασία
1873 2878 1892 2914 ἢ
1909 2876 2059 2916 Θεογονία
2073 2875 2245 2916 (scribend.

1230 2924 1358 2955 videtur
1383 2923 1558 2963 Θεολογία).
1588 2923 1678 2954 Ἔστι
1699 2923 1730 2954 δὲ
1753 2923 1903 2963 Θεολογία
1931 2923 2005 2963 (scr.
2034 2923 2196 2963 Θεογονία)
2215 2923 2247 2954 ἐν

1231 2970 1357 3012 βιὸλίοις
1371 2970 1445 3001 δέκα
1455 2993 1464 3009 ,
1482 2969 1599 3010 ἔχουσα
1612 2970 1687 3000 θεῶν
1700 2969 1818 3009 γένεσιν
1833 2971 1885 3001 καὶ
1900 2969 2071 3010 διαδόχους.

1272 3017 1446 3058 Φερεκύδης
1466 3017 1636 3056 Ἀθηναῖος,
1659 3016 1859 3058 πρεσὸύτερος
1875 3020 1929 3048 τοῦ
1955 3016 2085 3058 Συρίου,
2107 3016 2141 3047 ὃν
2159 3015 2247 3056 λόγος

1229 3063 1268 3094 τὰ
1287 3063 1420 3104 Ὀρφέως
1437 3065 1634 3103 συναγαγεῖν·
1659 3063 1787 3104 ἔγραψεν
1813 3063 2005 3103 Αὐτόχθονας
2018 3072 2025 3079 ·
2047 3062 2111 3094 ἐστι
2131 3063 2163 3094 δὲ
2178 3064 2247 3104 περὶ

1230 3113 1282 3147 τῆς
1298 3110 1432 3146 Ἀττικῆς
1452 3108 1666 3151 ἀρχαιολογίας
1692 3109 1722 3140 ἐν
1743 3109 1869 3150 βιὸλίοις
1891 3110 1975 3140 δέκα.
1993 3109 2193 3151 Παραινέσεις
2208 3110 2247 3140 δι’

1231 3156 1325 3187 ἐπῶν.
1340 3156 1508 3197 Πορφύριος
1524 3156 1556 3186 δὲ
1573 3159 1627 3187 τοῦ
1649 3156 1795 3197 προτέρου
1811 3156 1918 3187 οὐδένα
1943 3156 2063 3196 δέχεται
2085 3156 2247 3198 πρεσὸύτε-

1231 3214 1282 3245 ρον
1293 3226 1301 3242 ,
1326 3202 1391 3233 ἀλλ’
1411 3202 1525 3234 ἐκεῖνον
1542 3202 1634 3243 μόνον
1649 3204 1766 3242 ἡγεῖται
1779 3202 1914 3244 ἀρχηγὸν
1933 3205 2119 3244 συγγραφῆς.

1272 3249 1444 3290 Φερεκύδης
1460 3249 1566 3290 Λέριος
1579 3272 1588 3287 ,
1610 3249 1760 3290 ἱστορικὸς
1772 3272 1780 3287 ,
1795 3249 1927 3289 γεγονὼς
1939 3249 1997 3290 πρὸ
2016 3248 2119 3288 ὀλίγου
2134 3251 2188 3285 τῆς
2203 3252 2247 3278 οὲ’

1230 3294 1435 3336 Ὀλυμπιάδος
1445 3305 1453 3311 ·
1469 3294 1583 3337 ἔγραψε
1599 3296 1667 3337 περὶ
1683 3294 1799 3337 Λέρου,
1817 3295 1885 3337 περὶ
1900 3293 2088 3335 Ἰφιγενείας,
2103 3294 2171 3336 περὶ
2185 3295 2248 3324 τῶν

1233 3343 1383 3374 Διονύσου
1400 3343 1510 3383 ἑορτῶν
1522 3365 1530 3380 ,
1548 3343 1600 3373 καὶ
1613 3342 1702 3372 ἄλλα.
