<?xml version="1.0" encoding="UTF-8"?>
<!DOCTYPE html PUBLIC "-//W3C//DTD XHTML 1.0 Transitional//EN"
    "http://www.w3.org/TR/xhtml1/DTD/xhtml1-transitional.dtd">
<html xmlns="http://www.w3.org/1999/xhtml" xml:lang="en" lang="en">
 <head>
  <title>
</title>
<meta http-equiv="Content-Type" content="text/html;charset=utf-8" />
  <meta name='ocr-system' content='tesseract 3.04.00' />
  <meta name='ocr-capabilities' content='ocr_page ocr_carea ocr_par ocr_line ocrx_word'/>
</head>
<body>
  <div class='ocr_page' id='page_1' title='image "./fragmentahistori01mueluoft_0265.png"; bbox 0 0 2320 3684; ppageno 0'>
   <div class='ocr_carea' id='block_1_1' title="bbox 555 134 2145 189">
    <p class='ocr_par' dir='ltr' id='par_1_1' title="bbox 555 134 2145 189">
     <span class='ocr_line' id='line_1_1' title="bbox 555 134 2145 189; baseline -0.001 -13"><span class='ocrx_word' id='word_1_1' title='bbox 555 173 564 176; x_wconf 83' lang='lat'>-</span> <span class='ocrx_word' id='word_1_2' title='bbox 612 136 943 179; x_wconf 73' lang='lat' dir='ltr'>APOLLonom</span> <span class='ocrx_word' id='word_1_3' title='bbox 971 134 1329 176; x_wconf 83' lang='lat' dir='ltr'>BIBLIOTHECAE</span> <span class='ocrx_word' id='word_1_4' title='bbox 1357 138 1431 188; x_wconf 92' lang='lat'>111,</span> <span class='ocrx_word' id='word_1_5' title='bbox 1448 143 1486 189; x_wconf 73' lang='grc' dir='ltr'>τ,</span> <span class='ocrx_word' id='word_1_6' title='bbox 1513 144 1550 176; x_wconf 81' lang='lat' dir='ltr'>s.</span> <span class='ocrx_word' id='word_1_7' title='bbox 2074 143 2145 187; x_wconf 70' lang='lat'>163</span> 
     </span>
    </p>
   </div>
   <div class='ocr_carea' id='block_1_2' title="bbox 1 219 2161 1230">
    <p class='ocr_par' dir='ltr' id='par_1_2' title="bbox 32 219 1092 815">
     <span class='ocr_line' id='line_1_2' title="bbox 32 219 1063 280; baseline -0.014 -8"><span class='ocrx_word' id='word_1_8' title='bbox 32 230 212 275; x_wconf 77' lang='grc' dir='ltr'>ἀνελόντες</span> <span class='ocrx_word' id='word_1_9' title='bbox 229 228 310 274; x_wconf 77' lang='grc' dir='ltr'>τοὺς</span> <span class='ocrx_word' id='word_1_10' title='bbox 327 231 390 268; x_wconf 76' lang='grc' dir='ltr'>τοῦ</span> <span class='ocrx_word' id='word_1_11' title='bbox 408 225 541 280; x_wconf 77' lang='grc' dir='ltr'>πατρὸς</span> <span class='ocrx_word' id='word_1_12' title='bbox 562 223 704 279; x_wconf 81' lang='grc' dir='ltr'>φονέας,</span> <span class='ocrx_word' id='word_1_13' title='bbox 723 219 1003 276; x_wconf 86' lang='grc' dir='ltr'>παραγενόμενοί</span> <span class='ocrx_word' id='word_1_14' title='bbox 1023 236 1063 259; x_wconf 90' lang='grc' dir='ltr'>τε</span> 
     </span>
     <span class='ocr_line' id='line_1_3' title="bbox 32 280 1064 346; baseline -0.014 -14"><span class='ocrx_word' id='word_1_15' title='bbox 32 294 80 336; x_wconf 84' lang='grc' dir='ltr'>εἷς</span> <span class='ocrx_word' id='word_1_16' title='bbox 101 292 263 346; x_wconf 88' lang='grc' dir='ltr'>Ψωφῖδα</span> <span class='ocrx_word' id='word_1_17' title='bbox 279 289 340 329; x_wconf 83' lang='grc' dir='ltr'>καὶ</span> <span class='ocrx_word' id='word_1_18' title='bbox 356 286 590 343; x_wconf 79' lang='grc' dir='ltr'>παρελθόντες</span> <span class='ocrx_word' id='word_1_19' title='bbox 606 286 654 329; x_wconf 86' lang='grc' dir='ltr'>εἷς</span> <span class='ocrx_word' id='word_1_20' title='bbox 668 286 714 323; x_wconf 84' lang='grc' dir='ltr'>τὰ</span> <span class='ocrx_word' id='word_1_21' title='bbox 735 282 894 336; x_wconf 85' lang='grc' dir='ltr'>βασίλεια</span> <span class='ocrx_word' id='word_1_22' title='bbox 908 312 918 331; x_wconf 93' lang='grc'>,</span> <span class='ocrx_word' id='word_1_23' title='bbox 947 280 1007 320; x_wconf 87' lang='grc' dir='ltr'>τόν</span> <span class='ocrx_word' id='word_1_24' title='bbox 1025 297 1064 319; x_wconf 87' lang='grc' dir='ltr'>τε</span> 
     </span>
     <span class='ocr_line' id='line_1_4' title="bbox 32 340 1064 402; baseline -0.013 -11"><span class='ocrx_word' id='word_1_25' title='bbox 32 350 164 402; x_wconf 81' lang='grc' dir='ltr'>Φηγέα</span> <span class='ocrx_word' id='word_1_26' title='bbox 179 349 245 388; x_wconf 79' lang='grc' dir='ltr'>καὶ</span> <span class='ocrx_word' id='word_1_27' title='bbox 263 348 327 396; x_wconf 87' lang='grc' dir='ltr'>τὴν</span> <span class='ocrx_word' id='word_1_28' title='bbox 347 352 496 399; x_wconf 83' lang='grc' dir='ltr'>γυναῖκα</span> <span class='ocrx_word' id='word_1_29' title='bbox 519 346 625 383; x_wconf 77' lang='grc' dir='ltr'>αὐτοῦ</span> <span class='ocrx_word' id='word_1_30' title='bbox 642 343 830 382; x_wconf 86' lang='grc' dir='ltr'>κτείνουσι.</span> <span class='ocrx_word' id='word_1_31' title='bbox 848 340 1064 393; x_wconf 79' lang='grc' dir='ltr'>Διωχθέντες</span> 
     </span>
     <span class='ocr_line' id='line_1_5' title="bbox 36 398 1064 464; baseline -0.012 -15"><span class='ocrx_word' id='word_1_32' title='bbox 36 410 72 449; x_wconf 82' lang='grc' dir='ltr'>δὲ</span> <span class='ocrx_word' id='word_1_33' title='bbox 91 408 174 464; x_wconf 81' lang='grc' dir='ltr'>ἄχρι</span> <span class='ocrx_word' id='word_1_34' title='bbox 197 407 351 460; x_wconf 83' lang='grc' dir='ltr'><strong>Τεγέας,</strong></span> <span class='ocrx_word' id='word_1_35' title='bbox 371 403 681 452; x_wconf 66' lang='grc' dir='ltr'>ἐπιὸοηθησάντων</span> <span class='ocrx_word' id='word_1_36' title='bbox 705 403 893 453; x_wconf 83' lang='grc' dir='ltr'>Τεγεατῶν</span> <span class='ocrx_word' id='word_1_37' title='bbox 919 398 980 438; x_wconf 89' lang='grc' dir='ltr'>καί</span> <span class='ocrx_word' id='word_1_38' title='bbox 1006 415 1064 438; x_wconf 89' lang='grc' dir='ltr'>τι-</span> 
     </span>
     <span class='ocr_line' id='line_1_6' title="bbox 35 457 1063 522; baseline -0.012 -14"><span class='ocrx_word' id='word_1_39' title='bbox 35 484 104 508; x_wconf 91' lang='grc' dir='ltr'>νων</span> <span class='ocrx_word' id='word_1_40' title='bbox 131 467 308 522; x_wconf 84' lang='grc' dir='ltr'>Ἀργείων,</span> <span class='ocrx_word' id='word_1_41' title='bbox 334 463 517 511; x_wconf 86' lang='grc' dir='ltr'>ἐσώθησαν</span> <span class='ocrx_word' id='word_1_42' title='bbox 531 494 542 511; x_wconf 93' lang='grc'>,</span> <span class='ocrx_word' id='word_1_43' title='bbox 562 464 610 507; x_wconf 84' lang='grc' dir='ltr'>εἷς</span> <span class='ocrx_word' id='word_1_44' title='bbox 630 460 741 516; x_wconf 76' lang='grc' dir='ltr'>φυγὴν</span> <span class='ocrx_word' id='word_1_45' title='bbox 773 463 843 500; x_wconf 80' lang='grc' dir='ltr'>τῶν</span> <span class='ocrx_word' id='word_1_46' title='bbox 863 457 1063 513; x_wconf 81' lang='grc' dir='ltr'>Ψωφιδίων</span> 
     </span>
     <span class='ocr_line' id='line_1_7' title="bbox 33 518 1064 582; baseline -0.011 -14"><span class='ocrx_word' id='word_1_47' title='bbox 33 527 251 582; x_wconf 81' lang='grc' dir='ltr'>τραπέντων.</span> <span class='ocrx_word' id='word_1_48' title='bbox 270 526 322 578; x_wconf 88' lang='grc'>(7)</span> <span class='ocrx_word' id='word_1_49' title='bbox 343 523 583 571; x_wconf 83' lang='grc' dir='ltr'>Δηλώσαντες</span> <span class='ocrx_word' id='word_1_50' title='bbox 599 521 635 561; x_wconf 83' lang='grc' dir='ltr'>δὲ</span> <span class='ocrx_word' id='word_1_51' title='bbox 666 524 709 569; x_wconf 76' lang='grc' dir='ltr'>τῆ</span> <span class='ocrx_word' id='word_1_52' title='bbox 735 521 842 575; x_wconf 75' lang='grc' dir='ltr'>μητρὶ</span> <span class='ocrx_word' id='word_1_53' title='bbox 859 523 992 567; x_wconf 76' lang='grc' dir='ltr'>ταῦτα,</span> <span class='ocrx_word' id='word_1_54' title='bbox 1005 518 1064 557; x_wconf 91' lang='grc' dir='ltr'>τόν</span> 
     </span>
     <span class='ocr_line' id='line_1_8' title="bbox 34 577 1066 641; baseline -0.011 -15"><span class='ocrx_word' id='word_1_55' title='bbox 34 604 74 627; x_wconf 86' lang='grc' dir='ltr'>τε</span> <span class='ocrx_word' id='word_1_56' title='bbox 93 586 199 641; x_wconf 76' lang='grc' dir='ltr'>ὅρμον</span> <span class='ocrx_word' id='word_1_57' title='bbox 218 584 278 624; x_wconf 77' lang='grc' dir='ltr'>καὶ</span> <span class='ocrx_word' id='word_1_58' title='bbox 300 583 360 622; x_wconf 81' lang='grc' dir='ltr'>τὸν</span> <span class='ocrx_word' id='word_1_59' title='bbox 384 582 517 622; x_wconf 86' lang='grc' dir='ltr'>πέπλον</span> <span class='ocrx_word' id='word_1_60' title='bbox 544 579 699 624; x_wconf 80' lang='grc' dir='ltr'>ἐλθόντες</span> <span class='ocrx_word' id='word_1_61' title='bbox 726 581 773 624; x_wconf 84' lang='grc' dir='ltr'>εἷς</span> <span class='ocrx_word' id='word_1_62' title='bbox 796 577 950 633; x_wconf 76' lang='grc' dir='ltr'>Δελφοὺς</span> <span class='ocrx_word' id='word_1_63' title='bbox 981 578 1066 616; x_wconf 80' lang='grc' dir='ltr'>ἀνέ-</span> 
     </span>
     <span class='ocr_line' id='line_1_9' title="bbox 37 636 1069 696; baseline -0.01 -12"><span class='ocrx_word' id='word_1_64' title='bbox 37 649 136 685; x_wconf 89' lang='grc' dir='ltr'>θεντο</span> <span class='ocrx_word' id='word_1_65' title='bbox 165 642 259 683; x_wconf 77' lang='grc' dir='ltr'>κατὰ</span> <span class='ocrx_word' id='word_1_66' title='bbox 283 641 470 696; x_wconf 83' lang='grc' dir='ltr'>πρόσταξιν</span> <span class='ocrx_word' id='word_1_67' title='bbox 498 639 684 694; x_wconf 84' lang='grc' dir='ltr'>Ἀχελώου.</span> <span class='ocrx_word' id='word_1_68' title='bbox 716 638 948 694; x_wconf 83' lang='grc' dir='ltr'>Πορευθέντες</span> <span class='ocrx_word' id='word_1_69' title='bbox 966 636 1001 675; x_wconf 86' lang='grc' dir='ltr'>δὲ</span> <span class='ocrx_word' id='word_1_70' title='bbox 1022 638 1069 681; x_wconf 86' lang='grc' dir='ltr'>εἷς</span> 
     </span>
     <span class='ocr_line' id='line_1_10' title="bbox 46 696 1070 757; baseline -0.007 -15"><span class='ocrx_word' id='word_1_71' title='bbox 46 704 110 753; x_wconf 83' lang='grc' dir='ltr'>τὴν</span> <span class='ocrx_word' id='word_1_72' title='bbox 132 703 319 757; x_wconf 86' lang='grc' dir='ltr'>Ἤπειρον,</span> <span class='ocrx_word' id='word_1_73' title='bbox 335 700 614 755; x_wconf 86' lang='grc' dir='ltr'>συναθροίζουσιν</span> <span class='ocrx_word' id='word_1_74' title='bbox 634 698 838 752; x_wconf 81' lang='grc' dir='ltr'>οἰκήτορας,</span> <span class='ocrx_word' id='word_1_75' title='bbox 858 697 918 736; x_wconf 74' lang='grc' dir='ltr'>καὶ</span> <span class='ocrx_word' id='word_1_76' title='bbox 936 696 1070 742; x_wconf 77' lang='grc' dir='ltr'>κτίζου-</span> 
     </span>
     <span class='ocr_line' id='line_1_11' title="bbox 38 762 352 815; baseline -0.013 -11"><span class='ocrx_word' id='word_1_77' title='bbox 38 778 92 804; x_wconf 91' lang='grc' dir='ltr'>σιν</span> <span class='ocrx_word' id='word_1_78' title='bbox 112 762 352 815; x_wconf 80' lang='grc' dir='ltr'>Ἀκαρνανίαν.</span> 
     </span>
    </p>

    <p class='ocr_par' dir='ltr' id='par_1_3' title="bbox 1 815 2161 1230">
     <span class='ocr_line' id='line_1_12' title="bbox 92 815 1071 876; baseline -0.008 -14"><span class='ocrx_word' id='word_1_79' title='bbox 92 821 313 876; x_wconf 72' lang='grc' dir='ltr'>2Εὐριπίδης</span> <span class='ocrx_word' id='word_1_80' title='bbox 335 819 371 859; x_wconf 86' lang='grc' dir='ltr'>δέ</span> <span class='ocrx_word' id='word_1_81' title='bbox 390 834 510 874; x_wconf 85' lang='grc' dir='ltr'>φησιν,</span> <span class='ocrx_word' id='word_1_82' title='bbox 530 817 774 870; x_wconf 82' lang='grc' dir='ltr'>Ἀλκμαίωνα,</span> <span class='ocrx_word' id='word_1_83' title='bbox 804 815 896 856; x_wconf 83' lang='grc' dir='ltr'>κατὰ</span> <span class='ocrx_word' id='word_1_84' title='bbox 923 815 990 855; x_wconf 79' lang='grc' dir='ltr'>τὸν</span> <span class='ocrx_word' id='word_1_85' title='bbox 1008 817 1071 863; x_wconf 74' lang='grc' dir='ltr'>τῆς</span> 
     </span>
     <span class='ocr_line' id='line_1_13' title="bbox 40 875 1071 938; baseline -0.009 -15"><span class='ocrx_word' id='word_1_86' title='bbox 40 883 166 937; x_wconf 87' lang='grc' dir='ltr'>μανίας</span> <span class='ocrx_word' id='word_1_87' title='bbox 198 882 337 938; x_wconf 88' lang='grc' dir='ltr'>χρόνον,</span> <span class='ocrx_word' id='word_1_88' title='bbox 358 883 398 920; x_wconf 84' lang='grc' dir='ltr'>ἐκ</span> <span class='ocrx_word' id='word_1_89' title='bbox 437 882 602 923; x_wconf 78' lang='grc' dir='ltr'>Μαντοῦς</span> <span class='ocrx_word' id='word_1_90' title='bbox 633 878 817 933; x_wconf 87' lang='grc' dir='ltr'>Τειρεσίου</span> <span class='ocrx_word' id='word_1_91' title='bbox 849 878 979 921; x_wconf 73' lang='grc' dir='ltr'>παῖδας</span> <span class='ocrx_word' id='word_1_92' title='bbox 1010 875 1071 915; x_wconf 87' lang='grc' dir='ltr'>δύο</span> 
     </span>
     <span class='ocr_line' id='line_1_14' title="bbox 39 935 1071 996; baseline -0.008 -14"><span class='ocrx_word' id='word_1_93' title='bbox 39 946 224 996; x_wconf 75' lang='grc' dir='ltr'>γεννῆσαι,</span> <span class='ocrx_word' id='word_1_94' title='bbox 243 940 456 996; x_wconf 82' lang='grc' dir='ltr'>Ἀμφίλοχον</span> <span class='ocrx_word' id='word_1_95' title='bbox 486 938 546 978; x_wconf 83' lang='grc' dir='ltr'>καὶ</span> <span class='ocrx_word' id='word_1_96' title='bbox 577 937 751 993; x_wconf 82' lang='grc' dir='ltr'>θυγατέρα</span> <span class='ocrx_word' id='word_1_97' title='bbox 772 935 986 991; x_wconf 85' lang='grc' dir='ltr'>Τισιφόνην·</span> <span class='ocrx_word' id='word_1_98' title='bbox 1005 950 1071 974; x_wconf 90' lang='grc' dir='ltr'>κο-</span> 
     </span>
     <span class='ocr_line' id='line_1_15' title="bbox 42 995 1073 1055; baseline -0.009 -13"><span class='ocrx_word' id='word_1_99' title='bbox 42 1002 197 1055; x_wconf 89' lang='grc' dir='ltr'>μίσαντα</span> <span class='ocrx_word' id='word_1_100' title='bbox 216 1000 252 1040; x_wconf 81' lang='grc' dir='ltr'>δὲ</span> <span class='ocrx_word' id='word_1_101' title='bbox 269 1002 316 1044; x_wconf 86' lang='grc' dir='ltr'>εἷς</span> <span class='ocrx_word' id='word_1_102' title='bbox 332 998 503 1053; x_wconf 90' lang='grc' dir='ltr'>Κόρινθον</span> <span class='ocrx_word' id='word_1_103' title='bbox 521 997 566 1036; x_wconf 83' lang='grc' dir='ltr'>τὰ</span> <span class='ocrx_word' id='word_1_104' title='bbox 585 997 695 1052; x_wconf 83' lang='grc' dir='ltr'>βρέφη</span> <span class='ocrx_word' id='word_1_105' title='bbox 711 997 833 1036; x_wconf 80' lang='grc' dir='ltr'>δοῦναι</span> <span class='ocrx_word' id='word_1_106' title='bbox 849 995 988 1050; x_wconf 85' lang='grc' dir='ltr'>τρέφειν</span> <span class='ocrx_word' id='word_1_107' title='bbox 1002 997 1073 1034; x_wconf 91' lang='grc' dir='ltr'>Κο-</span> 
     </span>
     <span class='ocr_line' id='line_1_16' title="bbox 43 1053 1071 1116; baseline -0.008 -16"><span class='ocrx_word' id='word_1_108' title='bbox 43 1061 179 1116; x_wconf 88' lang='grc' dir='ltr'>ρινθίων</span> <span class='ocrx_word' id='word_1_109' title='bbox 204 1061 341 1113; x_wconf 87' lang='grc' dir='ltr'>βασιλεῖ</span> <span class='ocrx_word' id='word_1_110' title='bbox 374 1057 535 1111; x_wconf 86' lang='grc' dir='ltr'>Κρέοντι.</span> <span class='ocrx_word' id='word_1_111' title='bbox 556 1057 657 1096; x_wconf 75' lang='grc' dir='ltr'>3Καὶ</span> <span class='ocrx_word' id='word_1_112' title='bbox 678 1055 742 1104; x_wconf 85' lang='grc' dir='ltr'>τὴν</span> <span class='ocrx_word' id='word_1_113' title='bbox 764 1053 826 1108; x_wconf 78' lang='grc' dir='ltr'>μὲν</span> <span class='ocrx_word' id='word_1_114' title='bbox 863 1053 1071 1109; x_wconf 73' lang='grc' dir='ltr'>Τισιφόνην,</span> 
     </span>
     <span class='ocr_line' id='line_1_17' title="bbox 43 1114 1073 1172; baseline -0.007 -13"><span class='ocrx_word' id='word_1_115' title='bbox 43 1121 286 1172; x_wconf 75' lang='grc' dir='ltr'>διενεγκοῦσαν</span> <span class='ocrx_word' id='word_1_116' title='bbox 308 1116 500 1172; x_wconf 79' lang='grc' dir='ltr'>εὐμορφίᾳ,</span> <span class='ocrx_word' id='word_1_117' title='bbox 535 1115 604 1155; x_wconf 78' lang='grc' dir='ltr'>ὑπὸ</span> <span class='ocrx_word' id='word_1_118' title='bbox 631 1118 695 1164; x_wconf 75' lang='grc' dir='ltr'>τῆς</span> <span class='ocrx_word' id='word_1_119' title='bbox 711 1114 885 1170; x_wconf 81' lang='grc' dir='ltr'>Κρέοντος</span> <span class='ocrx_word' id='word_1_120' title='bbox 909 1119 1073 1167; x_wconf 90' lang='grc' dir='ltr'>γυναῐκος</span> 
     </span>
     <span class='ocr_line' id='line_1_18' title="bbox 1 1172 2161 1230; baseline -0.005 -13"><span class='ocrx_word' id='word_1_121' title='bbox 1 1199 4 1201; x_wconf 95' lang='grc'><strong><em>·</em></strong></span> <span class='ocrx_word' id='word_1_122' title='bbox 43 1180 360 1230; x_wconf 71' lang='grc' dir='ltr'>ἀπεμποληθῆναι,</span> <span class='ocrx_word' id='word_1_123' title='bbox 393 1175 587 1219; x_wconf 86' lang='grc' dir='ltr'>δεδοικυίας</span> <span class='ocrx_word' id='word_1_124' title='bbox 625 1174 674 1226; x_wconf 83' lang='grc' dir='ltr'>μὴ</span> <span class='ocrx_word' id='word_1_125' title='bbox 722 1174 845 1228; x_wconf 84' lang='grc' dir='ltr'>Κρέων</span> <span class='ocrx_word' id='word_1_126' title='bbox 873 1172 981 1220; x_wconf 74' lang='grc' dir='ltr'>αὐτὴν</span> <span class='ocrx_word' id='word_1_127' title='bbox 1009 1188 1072 1225; x_wconf 90' lang='grc' dir='ltr'>γα·</span> <span class='ocrx_word' id='word_1_128' title='bbox 1128 1182 1235 1212; x_wconf 88' lang='lat' dir='ltr'>Creon</span> <span class='ocrx_word' id='word_1_129' title='bbox 1250 1187 1322 1211; x_wconf 85' lang='lat' dir='ltr'>eam</span> <span class='ocrx_word' id='word_1_130' title='bbox 1340 1178 1375 1210; x_wconf 87' lang='lat' dir='ltr'>in</span> <span class='ocrx_word' id='word_1_131' title='bbox 1390 1178 1578 1219; x_wconf 83' lang='lat' dir='ltr'>conjugium</span> <span class='ocrx_word' id='word_1_132' title='bbox 1602 1177 1755 1217; x_wconf 77' lang='lat' dir='ltr'><strong>sumeret,</strong></span> <span class='ocrx_word' id='word_1_133' title='bbox 1770 1175 1902 1208; x_wconf 83' lang='lat' dir='ltr'>vendita</span> <span class='ocrx_word' id='word_1_134' title='bbox 1915 1177 1964 1207; x_wconf 92' lang='lat' dir='ltr'>est</span> <span class='ocrx_word' id='word_1_135' title='bbox 1979 1176 2011 1207; x_wconf 92' lang='lat' dir='ltr'>in</span> <span class='ocrx_word' id='word_1_136' title='bbox 2025 1175 2161 1207; x_wconf 89' lang='lat' dir='ltr'>servitu-</span> 
     </span>
    </p>
   </div>
   <div class='ocr_carea' id='block_1_3' title="bbox 42 1232 2163 1461">
    <p class='ocr_par' dir='ltr' id='par_1_4' title="bbox 42 1232 2163 1461">
     <span class='ocr_line' id='line_1_19' title="bbox 43 1232 2163 1289; baseline -0.004 -4"><span class='ocrx_word' id='word_1_137' title='bbox 43 1236 153 1289; x_wconf 69' lang='grc' dir='ltr'>μετὴν</span> <span class='ocrx_word' id='word_1_138' title='bbox 184 1235 396 1284; x_wconf 66' lang='grc' dir='ltr'>ποιήσηται·</span> <span class='ocrx_word' id='word_1_139' title='bbox 427 1234 486 1273; x_wconf 66' lang='grc' dir='ltr'>τὸν</span> <span class='ocrx_word' id='word_1_140' title='bbox 516 1233 553 1272; x_wconf 71' lang='grc' dir='ltr'>δὲ</span> <span class='ocrx_word' id='word_1_141' title='bbox 586 1233 812 1285; x_wconf 68' lang='grc' dir='ltr'>Ἀλκμαίωνα</span> <span class='ocrx_word' id='word_1_142' title='bbox 850 1232 1074 1286; x_wconf 67' lang='grc' dir='ltr'>ἀγοράσαντα</span> <span class='ocrx_word' id='word_1_143' title='bbox 1100 1241 1103 1272; x_wconf 60' lang='grc' dir='ltr'>ἶ</span> <span class='ocrx_word' id='word_1_144' title='bbox 1129 1251 1205 1281; x_wconf 87' lang='lat' dir='ltr'>tem.</span> <span class='ocrx_word' id='word_1_145' title='bbox 1223 1251 1305 1281; x_wconf 89' lang='lat' dir='ltr'>Eam</span> <span class='ocrx_word' id='word_1_146' title='bbox 1323 1257 1402 1281; x_wconf 83' lang='lat' dir='ltr'>vero</span> <span class='ocrx_word' id='word_1_147' title='bbox 1426 1248 1588 1280; x_wconf 89' lang='lat' dir='ltr'>mercatus</span> <span class='ocrx_word' id='word_1_148' title='bbox 1604 1249 1654 1279; x_wconf 90' lang='lat' dir='ltr'>est</span> <span class='ocrx_word' id='word_1_149' title='bbox 1668 1246 1845 1285; x_wconf 71' lang='lat' dir='ltr'>Alcmaeon,</span> <span class='ocrx_word' id='word_1_150' title='bbox 1862 1246 1993 1287; x_wconf 85' lang='lat' dir='ltr'>ignarus</span> <span class='ocrx_word' id='word_1_151' title='bbox 2017 1254 2109 1277; x_wconf 83' lang='lat' dir='ltr'>suam</span> <span class='ocrx_word' id='word_1_152' title='bbox 2129 1254 2163 1277; x_wconf 89' lang='lat' dir='ltr'>se</span> 
     </span>
     <span class='ocr_line' id='line_1_20' title="bbox 42 1289 1075 1348; baseline -0.007 -13"><span class='ocrx_word' id='word_1_153' title='bbox 42 1294 174 1343; x_wconf 86' lang='grc' dir='ltr'>ταύτην</span> <span class='ocrx_word' id='word_1_154' title='bbox 189 1294 296 1348; x_wconf 86' lang='grc' dir='ltr'>ἔχειν,</span> <span class='ocrx_word' id='word_1_155' title='bbox 316 1295 378 1332; x_wconf 83' lang='grc' dir='ltr'>οὔκ</span> <span class='ocrx_word' id='word_1_156' title='bbox 391 1291 506 1332; x_wconf 82' lang='grc' dir='ltr'>εἰδότα</span> <span class='ocrx_word' id='word_1_157' title='bbox 520 1291 585 1340; x_wconf 84' lang='grc' dir='ltr'>τὴν</span> <span class='ocrx_word' id='word_1_158' title='bbox 604 1294 728 1331; x_wconf 76' lang='grc' dir='ltr'>ἑαυτοῦ</span> <span class='ocrx_word' id='word_1_159' title='bbox 749 1290 945 1344; x_wconf 83' lang='grc' dir='ltr'>θυγατέρα,</span> <span class='ocrx_word' id='word_1_160' title='bbox 969 1289 1075 1344; x_wconf 90' lang='grc' dir='ltr'>θερά-</span> 
     </span>
     <span class='ocr_line' id='line_1_21' title="bbox 43 1349 1075 1408; baseline -0.006 -14"><span class='ocrx_word' id='word_1_161' title='bbox 43 1369 191 1394; x_wconf 88' lang='grc' dir='ltr'>παιναν·</span> <span class='ocrx_word' id='word_1_162' title='bbox 209 1351 518 1408; x_wconf 61' lang='grc' dir='ltr'>4παραγενόμενον</span> <span class='ocrx_word' id='word_1_163' title='bbox 540 1350 576 1389; x_wconf 84' lang='grc' dir='ltr'>δὲ</span> <span class='ocrx_word' id='word_1_164' title='bbox 599 1352 645 1395; x_wconf 86' lang='grc' dir='ltr'>εἷς</span> <span class='ocrx_word' id='word_1_165' title='bbox 663 1349 831 1405; x_wconf 90' lang='grc' dir='ltr'>Κόρινθον</span> <span class='ocrx_word' id='word_1_166' title='bbox 847 1350 904 1389; x_wconf 78' lang='grc' dir='ltr'>ἐπὶ</span> <span class='ocrx_word' id='word_1_167' title='bbox 923 1349 987 1397; x_wconf 81' lang='grc' dir='ltr'>τὴν</span> <span class='ocrx_word' id='word_1_168' title='bbox 1005 1352 1075 1388; x_wconf 80' lang='grc' dir='ltr'>τῶν</span> 
     </span>
     <span class='ocr_line' id='line_1_22' title="bbox 42 1409 1076 1461; baseline -0.006 -8"><span class='ocrx_word' id='word_1_169' title='bbox 42 1414 174 1453; x_wconf 84' lang='grc' dir='ltr'>τέκνων</span> <span class='ocrx_word' id='word_1_170' title='bbox 193 1412 398 1460; x_wconf 85' lang='grc' dir='ltr'>ἀπαίτησιν,</span> <span class='ocrx_word' id='word_1_171' title='bbox 417 1411 477 1450; x_wconf 78' lang='grc' dir='ltr'>καὶ</span> <span class='ocrx_word' id='word_1_172' title='bbox 493 1410 552 1450; x_wconf 85' lang='grc' dir='ltr'>τὸν</span> <span class='ocrx_word' id='word_1_173' title='bbox 570 1409 642 1449; x_wconf 71' lang='grc' dir='ltr'>υἱὸν</span> <span class='ocrx_word' id='word_1_174' title='bbox 664 1409 891 1461; x_wconf 86' lang='grc' dir='ltr'>κομίσασθαι.</span> <span class='ocrx_word' id='word_1_175' title='bbox 907 1409 979 1448; x_wconf 79' lang='grc' dir='ltr'>Καὶ</span> <span class='ocrx_word' id='word_1_176' title='bbox 994 1409 1026 1448; x_wconf 78' lang='lat' dir='ltr'>’A</span> <span class='ocrx_word' id='word_1_177' title='bbox 1033 1425 1076 1461; x_wconf 91' lang='grc' dir='ltr'>μ-</span> 
     </span>
    </p>
   </div>
   <div class='ocr_carea' id='block_1_4' title="bbox 42 1467 1495 1585">
    <p class='ocr_par' dir='ltr' id='par_1_5' title="bbox 42 1467 1495 1585">
     <span class='ocr_line' id='line_1_23' title="bbox 45 1467 1076 1528; baseline -0.005 -16"><span class='ocrx_word' id='word_1_178' title='bbox 45 1472 208 1528; x_wconf 86' lang='grc' dir='ltr'>φίλοχος,</span> <span class='ocrx_word' id='word_1_179' title='bbox 235 1470 328 1511; x_wconf 81' lang='grc' dir='ltr'>κατὰ</span> <span class='ocrx_word' id='word_1_180' title='bbox 353 1468 538 1525; x_wconf 76' lang='grc' dir='ltr'>χρησμοὺς</span> <span class='ocrx_word' id='word_1_181' title='bbox 559 1467 796 1521; x_wconf 81' lang='grc' dir='ltr'>Ἀπόλλωνος,</span> <span class='ocrx_word' id='word_1_182' title='bbox 826 1468 1076 1521; x_wconf 80' lang='grc' dir='ltr'>Ἀμφιλοχικὸν</span> 
     </span>
     <span class='ocr_line' id='line_1_24' title="bbox 42 1504 1495 1585; baseline -0.01 -14"><span class='ocrx_word' id='word_1_183' title='bbox 42 1529 165 1585; x_wconf 82' lang='grc' dir='ltr'>Ἄργος</span> <span class='ocrx_word' id='word_1_184' title='bbox 180 1529 331 1585; x_wconf 83' lang='grc' dir='ltr'>ᾤκησεν.</span> <span class='ocrx_word' id='word_1_185' title='bbox 1102 1504 1107 1551; x_wconf 66' lang='grc' dir='ltr'>Ι</span> <span class='ocrx_word' id='word_1_186' title='bbox 1130 1526 1313 1560; x_wconf 86' lang='lat' dir='ltr'>habitatum</span> <span class='ocrx_word' id='word_1_187' title='bbox 1326 1525 1495 1558; x_wconf 84' lang='lat' dir='ltr'>concessit.</span> 
     </span>
    </p>
   </div>
   <div class='ocr_carea' id='block_1_5' title="bbox 1116 235 2150 349">
    <p class='ocr_par' dir='ltr' id='par_1_6' title="bbox 1116 235 2150 349">
     <span class='ocr_line' id='line_1_25' title="bbox 1116 235 2148 278; baseline 0.004 -12"><span class='ocrx_word' id='word_1_188' title='bbox 1116 236 1150 266; x_wconf 87' lang='lat' dir='ltr'>et</span> <span class='ocrx_word' id='word_1_189' title='bbox 1161 235 1278 269; x_wconf 88' lang='lat' dir='ltr'>deinde</span> <span class='ocrx_word' id='word_1_190' title='bbox 1287 237 1486 278; x_wconf 89' lang='lat' dir='ltr'>Psophidem</span> <span class='ocrx_word' id='word_1_191' title='bbox 1509 236 1644 278; x_wconf 77' lang='lat' dir='ltr'>profecti</span> <span class='ocrx_word' id='word_1_192' title='bbox 1660 237 1846 278; x_wconf 76' lang='lat' dir='ltr'>regiamque</span> <span class='ocrx_word' id='word_1_193' title='bbox 1870 236 2006 278; x_wconf 86' lang='lat' dir='ltr'>ingressi</span> <span class='ocrx_word' id='word_1_194' title='bbox 2021 238 2054 270; x_wconf 86' lang='lat' dir='ltr'>et</span> <span class='ocrx_word' id='word_1_195' title='bbox 2069 238 2148 271; x_wconf 90' lang='lat' dir='ltr'>Phe-</span> 
     </span>
     <span class='ocr_line' id='line_1_26' title="bbox 1118 307 2150 349; baseline 0.003 -12"><span class='ocrx_word' id='word_1_196' title='bbox 1118 313 1214 346; x_wconf 87' lang='lat' dir='ltr'>geurn</span> <span class='ocrx_word' id='word_1_197' title='bbox 1227 307 1260 338; x_wconf 90' lang='lat' dir='ltr'>et</span> <span class='ocrx_word' id='word_1_198' title='bbox 1269 315 1404 339; x_wconf 88' lang='lat' dir='ltr'>uxorem</span> <span class='ocrx_word' id='word_1_199' title='bbox 1414 308 1442 349; x_wconf 86' lang='lat' dir='ltr'>ej</span> <span class='ocrx_word' id='word_1_200' title='bbox 1446 316 1484 340; x_wconf 91' lang='lat' dir='ltr'>us</span> <span class='ocrx_word' id='word_1_201' title='bbox 1494 307 1659 342; x_wconf 87' lang='lat' dir='ltr'>occidunt.</span> <span class='ocrx_word' id='word_1_202' title='bbox 1670 307 1853 349; x_wconf 88' lang='lat' dir='ltr'>Psophidiis</span> <span class='ocrx_word' id='word_1_203' title='bbox 1866 309 1975 340; x_wconf 87' lang='lat' dir='ltr'>autem</span> <span class='ocrx_word' id='word_1_204' title='bbox 1990 307 2150 349; x_wconf 78' lang='lat' dir='ltr'>fugientes</span> 
     </span>
    </p>
   </div>
   <div class='ocr_carea' id='block_1_6' title="bbox 1087 222 1094 336">
    <p class='ocr_par' dir='ltr' id='par_1_7' title="bbox 1087 222 1094 336">
     <span class='ocr_line' id='line_1_27' title="bbox 1087 222 1094 336; baseline 0 3348"><span class='ocrx_word' id='word_1_205' title='bbox 1087 222 1094 336; x_wconf 95' lang='lat' dir='ltr'> </span> 
     </span>
    </p>
   </div>
   <div class='ocr_carea' id='block_1_7' title="bbox 1118 376 2153 763">
    <p class='ocr_par' dir='ltr' id='par_1_8' title="bbox 1118 376 2153 763">
     <span class='ocr_line' id='line_1_28' title="bbox 1118 376 2151 421; baseline 0.004 -15"><span class='ocrx_word' id='word_1_206' title='bbox 1118 383 1223 416; x_wconf 90' lang='lat' dir='ltr'>usque</span> <span class='ocrx_word' id='word_1_207' title='bbox 1235 376 1277 408; x_wconf 92' lang='lat' dir='ltr'>ad</span> <span class='ocrx_word' id='word_1_208' title='bbox 1291 379 1425 418; x_wconf 78' lang='lat' dir='ltr'>Tegeam</span> <span class='ocrx_word' id='word_1_209' title='bbox 1442 378 1700 420; x_wconf 82' lang='lat' dir='ltr'>insequentibus,</span> <span class='ocrx_word' id='word_1_210' title='bbox 1717 379 1892 421; x_wconf 82' lang='lat' dir='ltr'>Tegeatum</span> <span class='ocrx_word' id='word_1_211' title='bbox 1908 380 1940 412; x_wconf 88' lang='lat' dir='ltr'>et</span> <span class='ocrx_word' id='word_1_212' title='bbox 1955 379 2151 420; x_wconf 88' lang='lat' dir='ltr'>Argivorum</span> 
     </span>
     <span class='ocr_line' id='line_1_29' title="bbox 1121 445 2151 489; baseline 0.005 -14"><span class='ocrx_word' id='word_1_213' title='bbox 1121 445 1326 483; x_wconf 88' lang='lat' dir='ltr'>quorundam</span> <span class='ocrx_word' id='word_1_214' title='bbox 1338 446 1460 478; x_wconf 75' lang='lat' dir='ltr'>auxilio</span> <span class='ocrx_word' id='word_1_215' title='bbox 1473 447 1668 488; x_wconf 86' lang='lat' dir='ltr'>Psophidios</span> <span class='ocrx_word' id='word_1_216' title='bbox 1683 447 1837 489; x_wconf 83' lang='lat' dir='ltr'>fugarunt</span> <span class='ocrx_word' id='word_1_217' title='bbox 1846 449 1879 480; x_wconf 90' lang='lat' dir='ltr'>et</span> <span class='ocrx_word' id='word_1_218' title='bbox 1891 448 1955 489; x_wconf 85' lang='lat' dir='ltr'>ipsi</span> <span class='ocrx_word' id='word_1_219' title='bbox 1970 447 2151 480; x_wconf 84' lang='lat' dir='ltr'>incolumes</span> 
     </span>
     <span class='ocr_line' id='line_1_30' title="bbox 1119 515 2153 561; baseline 0.006 -16"><span class='ocrx_word' id='word_1_220' title='bbox 1119 515 1303 547; x_wconf 84' lang='lat' dir='ltr'>evaserunt.</span> <span class='ocrx_word' id='word_1_221' title='bbox 1337 516 1382 557; x_wconf 93' lang='lat'>(7)</span> <span class='ocrx_word' id='word_1_222' title='bbox 1401 518 1464 554; x_wconf 89' lang='lat' dir='ltr'>Qui</span> <span class='ocrx_word' id='word_1_223' title='bbox 1487 517 1544 549; x_wconf 93' lang='lat' dir='ltr'>ubi</span> <span class='ocrx_word' id='word_1_224' title='bbox 1566 518 1636 550; x_wconf 86' lang='lat' dir='ltr'>haec</span> <span class='ocrx_word' id='word_1_225' title='bbox 1659 519 1755 551; x_wconf 86' lang='lat' dir='ltr'>matri</span> <span class='ocrx_word' id='word_1_226' title='bbox 1777 521 2012 561; x_wconf 84' lang='lat' dir='ltr'>exposuerant,</span> <span class='ocrx_word' id='word_1_227' title='bbox 2031 519 2153 552; x_wconf 89' lang='lat' dir='ltr'>monile</span> 
     </span>
     <span class='ocr_line' id='line_1_31' title="bbox 1120 584 2151 631; baseline 0.007 -16"><span class='ocrx_word' id='word_1_228' title='bbox 1120 586 1153 616; x_wconf 88' lang='lat' dir='ltr'>et</span> <span class='ocrx_word' id='word_1_229' title='bbox 1170 584 1303 626; x_wconf 83' lang='lat' dir='ltr'>peplum</span> <span class='ocrx_word' id='word_1_230' title='bbox 1315 585 1458 627; x_wconf 87' lang='lat' dir='ltr'>Delphos</span> <span class='ocrx_word' id='word_1_231' title='bbox 1475 588 1610 628; x_wconf 81' lang='lat' dir='ltr'>profecti</span> <span class='ocrx_word' id='word_1_232' title='bbox 1625 597 1663 621; x_wconf 83' lang='lat' dir='ltr'>ex</span> <span class='ocrx_word' id='word_1_233' title='bbox 1680 589 1811 622; x_wconf 84' lang='lat' dir='ltr'>Acheloi</span> <span class='ocrx_word' id='word_1_234' title='bbox 1836 590 1993 631; x_wconf 90' lang='lat' dir='ltr'>imperato</span> <span class='ocrx_word' id='word_1_235' title='bbox 2010 589 2151 631; x_wconf 84' lang='lat' dir='ltr'>Apollini</span> 
     </span>
     <span class='ocr_line' id='line_1_32' title="bbox 1121 655 2152 698; baseline 0.004 -14"><span class='ocrx_word' id='word_1_236' title='bbox 1121 655 1362 686; x_wconf 86' lang='lat' dir='ltr'>consecrarunt.</span> <span class='ocrx_word' id='word_1_237' title='bbox 1380 655 1543 695; x_wconf 85' lang='lat' dir='ltr'>Progressi</span> <span class='ocrx_word' id='word_1_238' title='bbox 1560 655 1676 689; x_wconf 90' lang='lat' dir='ltr'>deinde</span> <span class='ocrx_word' id='word_1_239' title='bbox 1693 658 1728 689; x_wconf 91' lang='lat' dir='ltr'>in</span> <span class='ocrx_word' id='word_1_240' title='bbox 1742 657 1878 698; x_wconf 87' lang='lat' dir='ltr'>Epirum</span> <span class='ocrx_word' id='word_1_241' title='bbox 1890 681 1899 697; x_wconf 95' lang='lat'>,</span> <span class='ocrx_word' id='word_1_242' title='bbox 1913 657 2056 690; x_wconf 85' lang='lat' dir='ltr'>collectis</span> <span class='ocrx_word' id='word_1_243' title='bbox 2068 656 2152 689; x_wconf 90' lang='lat' dir='ltr'>colo-</span> 
     </span>
     <span class='ocr_line' id='line_1_33' title="bbox 1122 723 1716 763; baseline 0.005 -8"><span class='ocrx_word' id='word_1_244' title='bbox 1122 723 1186 763; x_wconf 90' lang='lat' dir='ltr'>nis,</span> <span class='ocrx_word' id='word_1_245' title='bbox 1198 723 1296 756; x_wconf 90' lang='lat' dir='ltr'>urbes</span> <span class='ocrx_word' id='word_1_246' title='bbox 1314 723 1460 756; x_wconf 88' lang='lat' dir='ltr'>condunt</span> <span class='ocrx_word' id='word_1_247' title='bbox 1477 724 1512 756; x_wconf 92' lang='lat' dir='ltr'>in</span> <span class='ocrx_word' id='word_1_248' title='bbox 1527 726 1716 758; x_wconf 84' lang='lat' dir='ltr'>Acarnania.</span> 
     </span>
    </p>
   </div>
   <div class='ocr_carea' id='block_1_8' title="bbox 1089 395 1096 667">
    <p class='ocr_par' dir='ltr' id='par_1_9' title="bbox 1089 395 1096 667">
     <span class='ocr_line' id='line_1_34' title="bbox 1089 395 1096 667; baseline 0 3017"><span class='ocrx_word' id='word_1_249' title='bbox 1089 395 1096 667; x_wconf 95' lang='lat' dir='ltr'> </span> 
     </span>
    </p>
   </div>
   <div class='ocr_carea' id='block_1_9' title="bbox 1125 829 2156 943">
    <p class='ocr_par' dir='ltr' id='par_1_10' title="bbox 1125 829 2156 943">
     <span class='ocr_line' id='line_1_35' title="bbox 1165 829 2156 874; baseline 0.004 -13"><span class='ocrx_word' id='word_1_250' title='bbox 1165 829 1342 872; x_wconf 75' lang='lat' dir='ltr'>2Euripide</span> <span class='ocrx_word' id='word_1_251' title='bbox 1356 831 1487 862; x_wconf 88' lang='lat' dir='ltr'>auctore</span> <span class='ocrx_word' id='word_1_252' title='bbox 1499 829 1750 872; x_wconf 86' lang='lat' dir='ltr'>Alcmaeon,qu0</span> <span class='ocrx_word' id='word_1_253' title='bbox 1762 834 1906 874; x_wconf 87' lang='lat' dir='ltr'>tempore</span> <span class='ocrx_word' id='word_1_254' title='bbox 1913 832 2105 873; x_wconf 84' lang='lat' dir='ltr'>insaniebat,</span> <span class='ocrx_word' id='word_1_255' title='bbox 2114 841 2156 865; x_wconf 86' lang='lat' dir='ltr'>ex</span> 
     </span>
     <span class='ocr_line' id='line_1_36' title="bbox 1125 899 2156 943; baseline 0.002 -12"><span class='ocrx_word' id='word_1_256' title='bbox 1125 899 1247 940; x_wconf 87' lang='lat' dir='ltr'>Manto,</span> <span class='ocrx_word' id='word_1_257' title='bbox 1261 899 1394 932; x_wconf 79' lang='lat' dir='ltr'>Tiresiae</span> <span class='ocrx_word' id='word_1_258' title='bbox 1408 899 1484 937; x_wconf 89' lang='lat' dir='ltr'>filia,</span> <span class='ocrx_word' id='word_1_259' title='bbox 1503 899 1587 934; x_wconf 90' lang='lat' dir='ltr'>duos</span> <span class='ocrx_word' id='word_1_260' title='bbox 1600 899 1718 932; x_wconf 89' lang='lat' dir='ltr'>liberos</span> <span class='ocrx_word' id='word_1_261' title='bbox 1735 901 1889 943; x_wconf 82' lang='lat' dir='ltr'>suscepit,</span> <span class='ocrx_word' id='word_1_262' title='bbox 1905 901 2156 942; x_wconf 88' lang='lat' dir='ltr'>Amphilochum</span> 
     </span>
    </p>
   </div>
   <div class='ocr_carea' id='block_1_10' title="bbox 1093 668 1099 912">
    <p class='ocr_par' dir='ltr' id='par_1_11' title="bbox 1093 668 1099 912">
     <span class='ocr_line' id='line_1_37' title="bbox 1093 668 1099 912; baseline 0 2772"><span class='ocrx_word' id='word_1_263' title='bbox 1093 668 1099 912; x_wconf 95' lang='lat' dir='ltr'> </span> 
     </span>
    </p>
   </div>
   <div class='ocr_carea' id='block_1_11' title="bbox 1124 969 2161 1081">
    <p class='ocr_par' dir='ltr' id='par_1_12' title="bbox 1124 969 2161 1081">
     <span class='ocr_line' id='line_1_38' title="bbox 1124 969 2157 1012; baseline 0.003 -10"><span class='ocrx_word' id='word_1_264' title='bbox 1124 969 1229 1002; x_wconf 89' lang='lat' dir='ltr'>filium</span> <span class='ocrx_word' id='word_1_265' title='bbox 1241 969 1406 1012; x_wconf 81' lang='lat' dir='ltr'>filiamque</span> <span class='ocrx_word' id='word_1_266' title='bbox 1422 969 1638 1012; x_wconf 82' lang='lat' dir='ltr'>Tisiphonen3</span> <span class='ocrx_word' id='word_1_267' title='bbox 1666 979 1748 1012; x_wconf 90' lang='lat' dir='ltr'>quos</span> <span class='ocrx_word' id='word_1_268' title='bbox 1769 972 1963 1005; x_wconf 84' lang='lat' dir='ltr'>corinthum</span> <span class='ocrx_word' id='word_1_269' title='bbox 1985 973 2157 1005; x_wconf 86' lang='lat' dir='ltr'>translatos</span> 
     </span>
     <span class='ocr_line' id='line_1_39' title="bbox 1126 1038 2161 1081; baseline -0.002 -8"><span class='ocrx_word' id='word_1_270' title='bbox 1126 1038 1258 1073; x_wconf 85' lang='lat' dir='ltr'>Creonti</span> <span class='ocrx_word' id='word_1_271' title='bbox 1271 1038 1515 1073; x_wconf 87' lang='lat' dir='ltr'>Corinthiorum</span> <span class='ocrx_word' id='word_1_272' title='bbox 1523 1039 1588 1080; x_wconf 87' lang='lat' dir='ltr'>regi</span> <span class='ocrx_word' id='word_1_273' title='bbox 1601 1039 1688 1071; x_wconf 88' lang='lat' dir='ltr'>dedit</span> <span class='ocrx_word' id='word_1_274' title='bbox 1701 1039 1896 1072; x_wconf 83' lang='lat' dir='ltr'>educandos.</span> <span class='ocrx_word' id='word_1_275' title='bbox 1908 1043 1922 1062; x_wconf 77' lang='lat'>⁵</span> <span class='ocrx_word' id='word_1_276' title='bbox 1929 1042 1975 1072; x_wconf 85' lang='lat' dir='ltr'>Ac</span> <span class='ocrx_word' id='word_1_277' title='bbox 1984 1039 2161 1081; x_wconf 91' lang='lat' dir='ltr'>Tisiphone</span> 
     </span>
    </p>
   </div>
   <div class='ocr_carea' id='block_1_12' title="bbox 1095 913 1101 1106">
    <p class='ocr_par' dir='ltr' id='par_1_13' title="bbox 1095 913 1101 1106">
     <span class='ocr_line' id='line_1_40' title="bbox 1095 913 1101 1106; baseline 0 2578"><span class='ocrx_word' id='word_1_278' title='bbox 1095 913 1101 1106; x_wconf 95' lang='lat' dir='ltr'> </span> 
     </span>
    </p>
   </div>
   <div class='ocr_carea' id='block_1_13' title="bbox 1098 1107 1101 1119">
    <p class='ocr_par' dir='ltr' id='par_1_14' title="bbox 1098 1107 1101 1119">
     <span class='ocr_line' id='line_1_41' title="bbox 1098 1107 1101 1119; baseline 0 0"><span class='ocrx_word' id='word_1_279' title='bbox 1098 1107 1101 1119; x_wconf 77' lang='lat' dir='ltr'>l</span> 
     </span>
    </p>
   </div>
   <div class='ocr_carea' id='block_1_14' title="bbox 1127 1106 2160 1150">
    <p class='ocr_par' dir='ltr' id='par_1_15' title="bbox 1127 1106 2160 1150">
     <span class='ocr_line' id='line_1_42' title="bbox 1127 1106 2160 1150; baseline -0.003 -9"><span class='ocrx_word' id='word_1_280' title='bbox 1127 1109 1240 1141; x_wconf 82' lang='lat' dir='ltr'>formae</span> <span class='ocrx_word' id='word_1_281' title='bbox 1254 1108 1475 1150; x_wconf 86' lang='lat' dir='ltr'>pulcritudine</span> <span class='ocrx_word' id='word_1_282' title='bbox 1489 1107 1661 1147; x_wconf 84' lang='lat' dir='ltr'>excellens,</span> <span class='ocrx_word' id='word_1_283' title='bbox 1678 1116 1698 1139; x_wconf 87' lang='lat' dir='ltr'>a</span> <span class='ocrx_word' id='word_1_284' title='bbox 1710 1107 1859 1140; x_wconf 83' lang='lat' dir='ltr'>creontis</span> <span class='ocrx_word' id='word_1_285' title='bbox 1875 1115 1989 1146; x_wconf 88' lang='lat' dir='ltr'>uxore,</span> <span class='ocrx_word' id='word_1_286' title='bbox 2006 1106 2106 1138; x_wconf 88' lang='lat' dir='ltr'>verita</span> <span class='ocrx_word' id='word_1_287' title='bbox 2119 1115 2160 1138; x_wconf 91' lang='lat' dir='ltr'>ne</span> 
     </span>
    </p>
   </div>
   <div class='ocr_carea' id='block_1_15' title="bbox 1098 1122 1103 1234">
    <p class='ocr_par' dir='ltr' id='par_1_16' title="bbox 1098 1122 1103 1234">
     <span class='ocr_line' id='line_1_43' title="bbox 1098 1122 1103 1234; baseline 0 2450"><span class='ocrx_word' id='word_1_288' title='bbox 1098 1122 1103 1234; x_wconf 95' lang='lat' dir='ltr'> </span> 
     </span>
    </p>
   </div>
   <div class='ocr_carea' id='block_1_16' title="bbox 1100 1275 2166 1437">
    <p class='ocr_par' dir='ltr' id='par_1_17' title="bbox 1100 1275 2166 1437">
     <span class='ocr_line' id='line_1_44' title="bbox 1100 1275 2164 1359; baseline -0.004 -8"><span class='ocrx_word' id='word_1_289' title='bbox 1100 1275 1104 1359; x_wconf 52' lang='grc' dir='ltr'>ἱ</span> <span class='ocrx_word' id='word_1_290' title='bbox 1129 1319 1230 1351; x_wconf 89' lang='lat' dir='ltr'>filiam</span> <span class='ocrx_word' id='word_1_291' title='bbox 1243 1318 1362 1351; x_wconf 90' lang='lat' dir='ltr'>habere</span> <span class='ocrx_word' id='word_1_292' title='bbox 1378 1318 1539 1351; x_wconf 84' lang='lat' dir='ltr'>ancillam.</span> <span class='ocrx_word' id='word_1_293' title='bbox 1552 1317 1696 1351; x_wconf 83' lang='lat' dir='ltr'>⁴Deinde</span> <span class='ocrx_word' id='word_1_294' title='bbox 1706 1317 1748 1350; x_wconf 88' lang='lat' dir='ltr'>ad</span> <span class='ocrx_word' id='word_1_295' title='bbox 1763 1317 1882 1350; x_wconf 92' lang='lat' dir='ltr'>liberos</span> <span class='ocrx_word' id='word_1_296' title='bbox 1898 1316 2090 1358; x_wconf 82' lang='lat' dir='ltr'>repetendos</span> <span class='ocrx_word' id='word_1_297' title='bbox 2104 1318 2164 1348; x_wconf 87' lang='lat' dir='ltr'>Co-</span> 
     </span>
     <span class='ocr_line' id='line_1_45' title="bbox 1130 1386 2166 1437; baseline -0.003 -16"><span class='ocrx_word' id='word_1_298' title='bbox 1130 1388 1277 1421; x_wconf 88' lang='lat' dir='ltr'>rinthum</span> <span class='ocrx_word' id='word_1_299' title='bbox 1299 1388 1463 1437; x_wconf 51' lang='lat' dir='ltr'>protectus</span> <span class='ocrx_word' id='word_1_300' title='bbox 1477 1387 1580 1420; x_wconf 83' lang='lat' dir='ltr'>filium</span> <span class='ocrx_word' id='word_1_301' title='bbox 1599 1396 1730 1430; x_wconf 88' lang='lat' dir='ltr'>quoque</span> <span class='ocrx_word' id='word_1_302' title='bbox 1746 1386 1894 1420; x_wconf 86' lang='lat' dir='ltr'>abduxit.</span> <span class='ocrx_word' id='word_1_303' title='bbox 1912 1389 2018 1428; x_wconf 85' lang='lat' dir='ltr'>Atque</span> <span class='ocrx_word' id='word_1_304' title='bbox 2032 1387 2166 1427; x_wconf 85' lang='lat' dir='ltr'>Amphi-</span> 
     </span>
    </p>
   </div>
   <div class='ocr_carea' id='block_1_17' title="bbox 1101 1361 1106 1500">
    <p class='ocr_par' dir='ltr' id='par_1_18' title="bbox 1101 1361 1106 1500">
     <span class='ocr_line' id='line_1_46' title="bbox 1101 1361 1106 1500; baseline 0 2184"><span class='ocrx_word' id='word_1_305' title='bbox 1101 1361 1106 1500; x_wconf 95' lang='lat' dir='ltr'> </span> 
     </span>
    </p>
   </div>
   <div class='ocr_carea' id='block_1_18' title="bbox 1131 1456 2167 1499">
    <p class='ocr_par' dir='ltr' id='par_1_19' title="bbox 1131 1456 2167 1499">
     <span class='ocr_line' id='line_1_47' title="bbox 1131 1456 2167 1499; baseline -0.003 -9"><span class='ocrx_word' id='word_1_306' title='bbox 1131 1458 1245 1491; x_wconf 91' lang='lat' dir='ltr'>lochus</span> <span class='ocrx_word' id='word_1_307' title='bbox 1268 1457 1427 1499; x_wconf 86' lang='lat' dir='ltr'>Apollinis</span> <span class='ocrx_word' id='word_1_308' title='bbox 1457 1457 1589 1489; x_wconf 89' lang='lat' dir='ltr'>oraculo</span> <span class='ocrx_word' id='word_1_309' title='bbox 1610 1456 1754 1489; x_wconf 90' lang='lat' dir='ltr'>monitus</span> <span class='ocrx_word' id='word_1_310' title='bbox 1780 1461 1881 1497; x_wconf 84' lang='lat' dir='ltr'>Argos</span> <span class='ocrx_word' id='word_1_311' title='bbox 1903 1456 2167 1498; x_wconf 83' lang='lat' dir='ltr'>Amphilochium</span> 
     </span>
    </p>
   </div>
   <div class='ocr_carea' id='block_1_19' title="bbox 511 1599 1696 1609">
    <p class='ocr_par' dir='ltr' id='par_1_20' title="bbox 511 1599 1696 1609">
     <span class='ocr_line' id='line_1_48' title="bbox 511 1599 1696 1609; baseline -0.003 -3"><span class='ocrx_word' id='word_1_312' title='bbox 511 1599 601 1606; x_wconf 81' lang='lat'>-——-</span> <span class='ocrx_word' id='word_1_313' title='bbox 1607 1601 1696 1609; x_wconf 68' lang='lat'>--</span> 
     </span>
    </p>
   </div>
   <div class='ocr_carea' id='block_1_20' title="bbox 396 1639 1774 1677">
    <p class='ocr_par' dir='ltr' id='par_1_21' title="bbox 396 1639 1774 1677">
     <span class='ocr_line' id='line_1_49' title="bbox 396 1639 1774 1677; baseline 0 -2"><span class='ocrx_word' id='word_1_314' title='bbox 396 1643 648 1675; x_wconf 78' lang='grc' dir='ltr'>ΚΕΦΑΑΑΙΟΝ</span> <span class='ocrx_word' id='word_1_315' title='bbox 669 1639 722 1674; x_wconf 85' lang='lat'>11&#39;.</span> <span class='ocrx_word' id='word_1_316' title='bbox 1525 1645 1664 1677; x_wconf 85' lang='lat' dir='ltr'><strong>CAPUT</strong></span> <span class='ocrx_word' id='word_1_317' title='bbox 1686 1645 1774 1676; x_wconf 84' lang='lat' dir='ltr'>VIII.</span> 
     </span>
    </p>
   </div>
   <div class='ocr_carea' id='block_1_21' title="bbox 0 1700 2171 3352">
    <p class='ocr_par' dir='ltr' id='par_1_22' title="bbox 0 1700 2169 2705">
     <span class='ocr_line' id='line_1_50' title="bbox 97 1700 2164 1757; baseline -0.001 -10"><span class='ocrx_word' id='word_1_318' title='bbox 97 1701 153 1755; x_wconf 87' lang='lat'>(1)</span> <span class='ocrx_word' id='word_1_319' title='bbox 174 1701 441 1753; x_wconf 76' lang='grc' dir='ltr'>Ἔπανάγο)μεν</span> <span class='ocrx_word' id='word_1_320' title='bbox 454 1700 490 1740; x_wconf 71' lang='grc' dir='ltr'>δὲ</span> <span class='ocrx_word' id='word_1_321' title='bbox 509 1704 570 1739; x_wconf 70' lang='grc' dir='ltr'>νῦν</span> <span class='ocrx_word' id='word_1_322' title='bbox 587 1700 694 1740; x_wconf 69' lang='grc' dir='ltr'>πάλιν</span> <span class='ocrx_word' id='word_1_323' title='bbox 720 1700 778 1740; x_wconf 65' lang='grc' dir='ltr'>ἐπὶ</span> <span class='ocrx_word' id='word_1_324' title='bbox 796 1701 854 1740; x_wconf 72' lang='grc' dir='ltr'>τὸν</span> <span class='ocrx_word' id='word_1_325' title='bbox 869 1700 1055 1753; x_wconf 77' lang='grc' dir='ltr'>Πελασγόν</span> <span class='ocrx_word' id='word_1_326' title='bbox 1069 1717 1077 1725; x_wconf 93' lang='grc'><em>·</em></span> <span class='ocrx_word' id='word_1_327' title='bbox 1175 1715 1219 1757; x_wconf 84' lang='lat'>(1)</span> <span class='ocrx_word' id='word_1_328' title='bbox 1245 1716 1319 1748; x_wconf 86' lang='lat' dir='ltr'>Jam</span> <span class='ocrx_word' id='word_1_329' title='bbox 1336 1714 1538 1747; x_wconf 88' lang='lat' dir='ltr'>redeundum</span> <span class='ocrx_word' id='word_1_330' title='bbox 1549 1713 1645 1746; x_wconf 89' lang='lat' dir='ltr'>nobis</span> <span class='ocrx_word' id='word_1_331' title='bbox 1657 1714 1708 1746; x_wconf 84' lang='lat' dir='ltr'>est</span> <span class='ocrx_word' id='word_1_332' title='bbox 1725 1712 1766 1745; x_wconf 87' lang='lat' dir='ltr'>ad</span> <span class='ocrx_word' id='word_1_333' title='bbox 1780 1713 1962 1754; x_wconf 83' lang='lat' dir='ltr'>Pelasgum,</span> <span class='ocrx_word' id='word_1_334' title='bbox 1972 1721 2069 1753; x_wconf 90' lang='lat' dir='ltr'>quem</span> <span class='ocrx_word' id='word_1_335' title='bbox 2082 1714 2164 1744; x_wconf 90' lang='lat' dir='ltr'>Acu-</span> 
     </span>
     <span class='ocr_line' id='line_1_51' title="bbox 44 1759 2162 1814; baseline -0.002 -6"><span class='ocrx_word' id='word_1_336' title='bbox 44 1761 82 1802; x_wconf 68' lang='grc' dir='ltr'>ὃν</span> <span class='ocrx_word' id='word_1_337' title='bbox 101 1761 321 1805; x_wconf 73' lang='grc' dir='ltr'>Ἀκουσίλαος</span> <span class='ocrx_word' id='word_1_338' title='bbox 341 1759 404 1813; x_wconf 75' lang='grc' dir='ltr'>μὲν</span> <span class='ocrx_word' id='word_1_339' title='bbox 425 1759 506 1804; x_wconf 72' lang='grc' dir='ltr'>Διὸς</span> <span class='ocrx_word' id='word_1_340' title='bbox 522 1759 617 1812; x_wconf 74' lang='grc' dir='ltr'>λέγει</span> <span class='ocrx_word' id='word_1_341' title='bbox 647 1759 708 1798; x_wconf 63' lang='grc' dir='ltr'>καὶ</span> <span class='ocrx_word' id='word_1_342' title='bbox 736 1759 871 1807; x_wconf 68' lang='grc' dir='ltr'>Νιόὸης</span> <span class='ocrx_word' id='word_1_343' title='bbox 882 1790 892 1809; x_wconf 94' lang='grc'>,</span> <span class='ocrx_word' id='word_1_344' title='bbox 918 1759 1078 1812; x_wconf 69' lang='grc' dir='ltr'>καθάπερ</span> <span class='ocrx_word' id='word_1_345' title='bbox 1133 1774 1246 1814; x_wconf 88' lang='lat' dir='ltr'>silaus,</span> <span class='ocrx_word' id='word_1_346' title='bbox 1261 1776 1298 1806; x_wconf 92' lang='lat' dir='ltr'>ut</span> <span class='ocrx_word' id='word_1_347' title='bbox 1311 1774 1406 1806; x_wconf 88' lang='lat' dir='ltr'>antea</span> <span class='ocrx_word' id='word_1_348' title='bbox 1422 1773 1623 1812; x_wconf 87' lang='lat' dir='ltr'>monuimus,</span> <span class='ocrx_word' id='word_1_349' title='bbox 1640 1772 1734 1814; x_wconf 50' lang='lat' dir='ltr'>Jews</span> <span class='ocrx_word' id='word_1_350' title='bbox 1750 1774 1782 1804; x_wconf 89' lang='lat' dir='ltr'>et</span> <span class='ocrx_word' id='word_1_351' title='bbox 1797 1772 1916 1804; x_wconf 84' lang='lat' dir='ltr'>Niobes</span> <span class='ocrx_word' id='word_1_352' title='bbox 1939 1771 2041 1804; x_wconf 85' lang='lat' dir='ltr'>filium</span> <span class='ocrx_word' id='word_1_353' title='bbox 2061 1771 2141 1803; x_wconf 87' lang='lat' dir='ltr'>dicit</span> <span class='ocrx_word' id='word_1_354' title='bbox 2153 1796 2162 1807; x_wconf 83' lang='lat'><strong>.</strong></span> 
     </span>
     <span class='ocr_line' id='line_1_52' title="bbox 46 1818 2166 1873; baseline -0.004 -3"><span class='ocrx_word' id='word_1_355' title='bbox 46 1821 230 1873; x_wconf 61' lang='grc' dir='ltr'>ὃἰι“έθεξ’“εν,</span> <span class='ocrx_word' id='word_1_356' title='bbox 259 1820 421 1864; x_wconf 72' lang='grc' dir='ltr'>Ἡσίοδος</span> <span class='ocrx_word' id='word_1_357' title='bbox 449 1819 485 1858; x_wconf 67' lang='grc' dir='ltr'>δὲ</span> <span class='ocrx_word' id='word_1_358' title='bbox 517 1818 725 1873; x_wconf 67' lang='grc' dir='ltr'>αὐτόχθονα·</span> <span class='ocrx_word' id='word_1_359' title='bbox 747 1819 764 1844; x_wconf 78' lang='lat'>²</span> <span class='ocrx_word' id='word_1_360' title='bbox 783 1818 918 1859; x_wconf 67' lang='grc' dir='ltr'>Τούτου</span> <span class='ocrx_word' id='word_1_361' title='bbox 938 1818 999 1858; x_wconf 57' lang='grc' dir='ltr'>καὶ</span> <span class='ocrx_word' id='word_1_362' title='bbox 1016 1822 1080 1866; x_wconf 73' lang='grc' dir='ltr'>ἰ’ἧς</span> <span class='ocrx_word' id='word_1_363' title='bbox 1132 1833 1296 1866; x_wconf 86' lang='lat' dir='ltr'>Hesiodus</span> <span class='ocrx_word' id='word_1_364' title='bbox 1323 1841 1402 1865; x_wconf 84' lang='lat' dir='ltr'>vero</span> <span class='ocrx_word' id='word_1_365' title='bbox 1423 1831 1620 1873; x_wconf 84' lang='lat' dir='ltr'>indigenam.</span> <span class='ocrx_word' id='word_1_366' title='bbox 1644 1832 1775 1872; x_wconf 61' lang='lat' dir='ltr'>*Hujus</span> <span class='ocrx_word' id='word_1_367' title='bbox 1795 1833 1828 1863; x_wconf 91' lang='lat' dir='ltr'>et</span> <span class='ocrx_word' id='word_1_368' title='bbox 1851 1830 2022 1871; x_wconf 88' lang='lat' dir='ltr'>Meliboeae‚</span> <span class='ocrx_word' id='word_1_369' title='bbox 2045 1830 2166 1863; x_wconf 89' lang='lat' dir='ltr'>Oceani</span> 
     </span>
     <span class='ocr_line' id='line_1_53' title="bbox 47 1877 2167 1933; baseline -0.001 -10"><span class='ocrx_word' id='word_1_370' title='bbox 47 1881 217 1921; x_wconf 76' lang='grc' dir='ltr'>Ὠκεανοῦ</span> <span class='ocrx_word' id='word_1_371' title='bbox 233 1879 402 1933; x_wconf 72' lang='grc' dir='ltr'>θυγατρὸς</span> <span class='ocrx_word' id='word_1_372' title='bbox 419 1878 632 1926; x_wconf 65' lang='grc' dir='ltr'>Μελῑὸοίας,</span> <span class='ocrx_word' id='word_1_373' title='bbox 649 1877 695 1927; x_wconf 73' lang='grc' dir='ltr'>ἢ,</span> <span class='ocrx_word' id='word_1_374' title='bbox 718 1878 878 1932; x_wconf 71' lang='grc' dir='ltr'>καθαίεερ</span> <span class='ocrx_word' id='word_1_375' title='bbox 896 1877 997 1917; x_wconf 73' lang='grc' dir='ltr'>ἄλλοι</span> <span class='ocrx_word' id='word_1_376' title='bbox 1015 1877 1079 1917; x_wconf 84' lang='grc' dir='ltr'>λέ·</span> <span class='ocrx_word' id='word_1_377' title='bbox 1105 1899 1107 1909; x_wconf 91' lang='grc'><strong><em>·</em></strong></span> <span class='ocrx_word' id='word_1_378' title='bbox 1132 1892 1207 1925; x_wconf 86' lang='lat' dir='ltr'>filiae</span> <span class='ocrx_word' id='word_1_379' title='bbox 1223 1892 1292 1924; x_wconf 85' lang='lat' dir='ltr'>sive</span> <span class='ocrx_word' id='word_1_380' title='bbox 1306 1916 1315 1933; x_wconf 95' lang='lat'>,</span> <span class='ocrx_word' id='word_1_381' title='bbox 1335 1893 1374 1924; x_wconf 86' lang='lat' dir='ltr'>ut</span> <span class='ocrx_word' id='word_1_382' title='bbox 1391 1890 1446 1923; x_wconf 88' lang='lat' dir='ltr'>alii</span> <span class='ocrx_word' id='word_1_383' title='bbox 1459 1891 1576 1923; x_wconf 85' lang='lat' dir='ltr'>volunt</span> <span class='ocrx_word' id='word_1_384' title='bbox 1589 1914 1599 1931; x_wconf 93' lang='lat'>,</span> <span class='ocrx_word' id='word_1_385' title='bbox 1623 1890 1774 1931; x_wconf 87' lang='lat' dir='ltr'>Cyllenes</span> <span class='ocrx_word' id='word_1_386' title='bbox 1799 1890 1952 1931; x_wconf 83' lang='lat' dir='ltr'>nymphae</span> <span class='ocrx_word' id='word_1_387' title='bbox 1965 1914 1975 1930; x_wconf 92' lang='lat'>,</span> <span class='ocrx_word' id='word_1_388' title='bbox 1996 1889 2083 1922; x_wconf 86' lang='lat' dir='ltr'>filius</span> <span class='ocrx_word' id='word_1_389' title='bbox 2099 1891 2167 1922; x_wconf 88' lang='lat' dir='ltr'>erat</span> 
     </span>
     <span class='ocr_line' id='line_1_54' title="bbox 0 1936 2167 1994; baseline -0.004 -6"><span class='ocrx_word' id='word_1_390' title='bbox 0 1960 3 1963; x_wconf 58' lang='lat'><em>⁴</em></span> <span class='ocrx_word' id='word_1_391' title='bbox 46 1955 163 1993; x_wconf 73' lang='grc' dir='ltr'>γουσι,</span> <span class='ocrx_word' id='word_1_392' title='bbox 180 1939 319 1994; x_wconf 71' lang='grc' dir='ltr'>νύμφης</span> <span class='ocrx_word' id='word_1_393' title='bbox 347 1938 554 1986; x_wconf 71' lang='grc' dir='ltr'>Κυλλήνης,</span> <span class='ocrx_word' id='word_1_394' title='bbox 577 1943 660 1982; x_wconf 75' lang='grc' dir='ltr'>παῖς</span> <span class='ocrx_word' id='word_1_395' title='bbox 681 1939 834 1978; x_wconf 70' lang='grc' dir='ltr'>Λυκάων</span> <span class='ocrx_word' id='word_1_396' title='bbox 863 1936 1018 1989; x_wconf 68' lang='grc' dir='ltr'>ἐγένετο·</span> <span class='ocrx_word' id='word_1_397' title='bbox 1044 1937 1080 1981; x_wconf 77' lang='grc' dir='ltr'>ὃς</span> <span class='ocrx_word' id='word_1_398' title='bbox 1133 1953 1276 1992; x_wconf 84' lang='lat' dir='ltr'>Lycaon,</span> <span class='ocrx_word' id='word_1_399' title='bbox 1291 1950 1348 1991; x_wconf 92' lang='lat' dir='ltr'>qui</span> <span class='ocrx_word' id='word_1_400' title='bbox 1361 1948 1543 1981; x_wconf 83' lang='lat' dir='ltr'>Arcadibus</span> <span class='ocrx_word' id='word_1_401' title='bbox 1558 1949 1721 1990; x_wconf 88' lang='lat' dir='ltr'>imperans</span> <span class='ocrx_word' id='word_1_402' title='bbox 1737 1956 1755 1980; x_wconf 90' lang='lat' dir='ltr'>e</span> <span class='ocrx_word' id='word_1_403' title='bbox 1770 1947 1882 1980; x_wconf 86' lang='lat' dir='ltr'>multis</span> <span class='ocrx_word' id='word_1_404' title='bbox 1901 1947 2056 1980; x_wconf 76' lang='lat' dir='ltr'>uxoribus</span> <span class='ocrx_word' id='word_1_405' title='bbox 2072 1947 2167 1988; x_wconf 90' lang='lat' dir='ltr'>quin-</span> 
     </span>
     <span class='ocr_line' id='line_1_55' title="bbox 49 1996 2169 2053; baseline -0.001 -13"><span class='ocrx_word' id='word_1_406' title='bbox 49 1998 242 2052; x_wconf 81' lang='grc' dir='ltr'>βασιλεύων</span> <span class='ocrx_word' id='word_1_407' title='bbox 260 1997 451 2053; x_wconf 67' lang='grc' dir='ltr'>Ἀρκάδων,</span> <span class='ocrx_word' id='word_1_408' title='bbox 470 1999 510 2036; x_wconf 79' lang='grc' dir='ltr'>ἔκ</span> <span class='ocrx_word' id='word_1_409' title='bbox 529 1998 669 2036; x_wconf 78' lang='grc' dir='ltr'>πολλῶν</span> <span class='ocrx_word' id='word_1_410' title='bbox 686 1999 861 2049; x_wconf 77' lang='grc' dir='ltr'>γυναικῶν</span> <span class='ocrx_word' id='word_1_411' title='bbox 881 1996 1079 2043; x_wconf 75' lang='grc' dir='ltr'>πεντήκον-</span> <span class='ocrx_word' id='word_1_412' title='bbox 1132 2010 1287 2052; x_wconf 83' lang='lat' dir='ltr'>quaginta</span> <span class='ocrx_word' id='word_1_413' title='bbox 1302 2008 1421 2042; x_wconf 85' lang='lat' dir='ltr'>liberos</span> <span class='ocrx_word' id='word_1_414' title='bbox 1435 2007 1578 2049; x_wconf 88' lang='lat' dir='ltr'>suscepit</span> <span class='ocrx_word' id='word_1_415' title='bbox 1593 2017 1600 2039; x_wconf 80' lang='lat' dir='ltr'>z</span> <span class='ocrx_word' id='word_1_416' title='bbox 1616 2007 1825 2046; x_wconf 76' lang='lat' dir='ltr'>³Maenalum,</span> <span class='ocrx_word' id='word_1_417' title='bbox 1841 2007 2070 2049; x_wconf 87' lang='lat' dir='ltr'>Thesprotum,</span> <span class='ocrx_word' id='word_1_418' title='bbox 2085 2007 2169 2039; x_wconf 91' lang='lat' dir='ltr'>Heli-</span> 
     </span>
     <span class='ocr_line' id='line_1_56' title="bbox 47 2055 2168 2121; baseline -0.003 -17"><span class='ocrx_word' id='word_1_419' title='bbox 47 2073 92 2098; x_wconf 62' lang='grc' dir='ltr'>σα</span> <span class='ocrx_word' id='word_1_420' title='bbox 106 2059 234 2102; x_wconf 73' lang='grc' dir='ltr'>παῖδας</span> <span class='ocrx_word' id='word_1_421' title='bbox 247 2057 410 2110; x_wconf 69' lang='grc' dir='ltr'>ἐγέννησε</span> <span class='ocrx_word' id='word_1_422' title='bbox 423 2073 431 2081; x_wconf 88' lang='grc'><em>“</em></span> <span class='ocrx_word' id='word_1_423' title='bbox 446 2057 669 2104; x_wconf 70' lang='grc' dir='ltr'>3Μαίναλον,</span> <span class='ocrx_word' id='word_1_424' title='bbox 684 2055 916 2110; x_wconf 70' lang='grc' dir='ltr'>Θεσπρωτὸν,</span> <span class='ocrx_word' id='word_1_425' title='bbox 929 2055 1080 2105; x_wconf 54' lang='grc' dir='ltr'>υΕλικα,</span> <span class='ocrx_word' id='word_1_426' title='bbox 1105 2104 1107 2121; x_wconf 60' lang='grc' dir='ltr'>Ι</span> <span class='ocrx_word' id='word_1_427' title='bbox 1133 2079 1215 2110; x_wconf 90' lang='lat' dir='ltr'>cem,</span> <span class='ocrx_word' id='word_1_428' title='bbox 1229 2070 1431 2112; x_wconf 87' lang='lat' dir='ltr'>Nyctimum,</span> <span class='ocrx_word' id='word_1_429' title='bbox 1444 2068 1647 2108; x_wconf 78' lang='lat' dir='ltr'>Peucetiam,</span> <span class='ocrx_word' id='word_1_430' title='bbox 1663 2069 1863 2107; x_wconf 86' lang='lat' dir='ltr'>Gauconem,</span> <span class='ocrx_word' id='word_1_431' title='bbox 1886 2067 2090 2106; x_wconf 90' lang='lat' dir='ltr'>Mecisteum‚</span> <span class='ocrx_word' id='word_1_432' title='bbox 2106 2069 2168 2099; x_wconf 91' lang='lat' dir='ltr'>Ho-</span> 
     </span>
     <span class='ocr_line' id='line_1_57' title="bbox 47 2114 2169 2171; baseline -0.005 -6"><span class='ocrx_word' id='word_1_433' title='bbox 47 2116 241 2170; x_wconf 69' lang='grc' dir='ltr'>Νύκτιμον,</span> <span class='ocrx_word' id='word_1_434' title='bbox 261 2117 466 2165; x_wconf 72' lang='grc' dir='ltr'>Πευκέτιον,</span> <span class='ocrx_word' id='word_1_435' title='bbox 479 2115 677 2164; x_wconf 76' lang='grc' dir='ltr'>Καύκωνα,</span> <span class='ocrx_word' id='word_1_436' title='bbox 697 2115 886 2164; x_wconf 68' lang='grc' dir='ltr'>Μηκιστέα</span> <span class='ocrx_word' id='word_1_437' title='bbox 900 2146 910 2164; x_wconf 86' lang='grc'>,</span> <span class='ocrx_word' id='word_1_438' title='bbox 926 2114 1079 2163; x_wconf 75' lang='grc' dir='ltr'>Ὁπλέα,</span> <span class='ocrx_word' id='word_1_439' title='bbox 1105 2126 1108 2164; x_wconf 69' lang='lat'>1</span> <span class='ocrx_word' id='word_1_440' title='bbox 1133 2129 1255 2171; x_wconf 90' lang='lat' dir='ltr'>pleum,</span> <span class='ocrx_word' id='word_1_441' title='bbox 1279 2129 1475 2166; x_wconf 86' lang='lat' dir='ltr'>Macareum,</span> <span class='ocrx_word' id='word_1_442' title='bbox 1498 2126 1705 2167; x_wconf 87' lang='lat' dir='ltr'>Macednum,</span> <span class='ocrx_word' id='word_1_443' title='bbox 1731 2127 1868 2165; x_wconf 87' lang='lat' dir='ltr'>Horum,</span> <span class='ocrx_word' id='word_1_444' title='bbox 1881 2124 2169 2164; x_wconf 88' lang='lat' dir='ltr'>Polichum,Ac0n-</span> 
     </span>
     <span class='ocr_line' id='line_1_58' title="bbox 47 2166 2168 2236; baseline -0.003 -12"><span class='ocrx_word' id='word_1_445' title='bbox 47 2176 239 2231; x_wconf 77' lang='grc' dir='ltr'>Μακαρέα,</span> <span class='ocrx_word' id='word_1_446' title='bbox 258 2175 457 2224; x_wconf 69' lang='grc' dir='ltr'>Μάκεδνον,</span> <span class='ocrx_word' id='word_1_447' title='bbox 474 2174 597 2229; x_wconf 53' lang='grc' dir='ltr'>θορον,</span> <span class='ocrx_word' id='word_1_448' title='bbox 615 2174 786 2229; x_wconf 78' lang='grc' dir='ltr'>Πόλιχον,</span> <span class='ocrx_word' id='word_1_449' title='bbox 800 2174 983 2222; x_wconf 69' lang='grc' dir='ltr'>Ἀκόντην,</span> <span class='ocrx_word' id='word_1_450' title='bbox 1003 2176 1080 2214; x_wconf 79' lang='grc' dir='ltr'>Εὖ·</span> <span class='ocrx_word' id='word_1_451' title='bbox 1104 2166 1108 2236; x_wconf 50' lang='grc' dir='ltr'>ἰ</span> <span class='ocrx_word' id='word_1_452' title='bbox 1133 2191 1206 2230; x_wconf 87' lang='lat' dir='ltr'>ten,</span> <span class='ocrx_word' id='word_1_453' title='bbox 1220 2191 1452 2228; x_wconf 86' lang='lat' dir='ltr'>Evaemonem,</span> <span class='ocrx_word' id='word_1_454' title='bbox 1473 2189 1677 2228; x_wconf 79' lang='lat' dir='ltr'>Ancyorem‚</span> <span class='ocrx_word' id='word_1_455' title='bbox 1698 2185 1919 2226; x_wconf 89' lang='lat' dir='ltr'>Archebaten,</span> <span class='ocrx_word' id='word_1_456' title='bbox 1938 2189 2146 2219; x_wconf 87' lang='lat' dir='ltr'>Carteronem</span> <span class='ocrx_word' id='word_1_457' title='bbox 2159 2209 2168 2224; x_wconf 93' lang='lat'>‚</span> 
     </span>
     <span class='ocr_line' id='line_1_59' title="bbox 47 2234 2166 2289; baseline -0.004 -6"><span class='ocrx_word' id='word_1_458' title='bbox 47 2235 197 2287; x_wconf 55' lang='grc' dir='ltr'>αἵμονα,</span> <span class='ocrx_word' id='word_1_459' title='bbox 213 2235 401 2289; x_wconf 65' lang='grc' dir='ltr'>ἈῪκῦορα,</span> <span class='ocrx_word' id='word_1_460' title='bbox 421 2234 650 2289; x_wconf 63' lang='grc' dir='ltr'>Ἀρχεὸατην,</span> <span class='ocrx_word' id='word_1_461' title='bbox 665 2234 883 2289; x_wconf 73' lang='grc' dir='ltr'>Κοιρ“ι“έρ(’)νοι</span> <span class='ocrx_word' id='word_1_462' title='bbox 894 2264 904 2282; x_wconf 89' lang='grc'>,</span> <span class='ocrx_word' id='word_1_463' title='bbox 924 2234 1081 2286; x_wconf 71' lang='grc' dir='ltr'>ΑἷΥαῖω-</span> <span class='ocrx_word' id='word_1_464' title='bbox 1134 2250 1333 2289; x_wconf 85' lang='lat' dir='ltr'>AEgaeonem,</span> <span class='ocrx_word' id='word_1_465' title='bbox 1349 2245 1538 2286; x_wconf 85' lang='lat' dir='ltr'>Pallantem,</span> <span class='ocrx_word' id='word_1_466' title='bbox 1557 2247 1751 2284; x_wconf 88' lang='lat' dir='ltr'>Eumonem,</span> <span class='ocrx_word' id='word_1_467' title='bbox 1765 2245 1960 2284; x_wconf 81' lang='lat' dir='ltr'>Canethum,</span> <span class='ocrx_word' id='word_1_468' title='bbox 1977 2245 2166 2283; x_wconf 82' lang='lat' dir='ltr'>Prothoum,</span> 
     </span>
     <span class='ocr_line' id='line_1_60' title="bbox 47 2292 2167 2348; baseline -0.002 -10"><span class='ocrx_word' id='word_1_469' title='bbox 47 2309 107 2344; x_wconf 86' lang='grc' dir='ltr'>να,</span> <span class='ocrx_word' id='word_1_470' title='bbox 127 2295 341 2343; x_wconf 79' lang='grc' dir='ltr'>Πάλλαντα,</span> <span class='ocrx_word' id='word_1_471' title='bbox 362 2293 521 2348; x_wconf 47' lang='grc' dir='ltr'>Εὔιὶονα,</span> <span class='ocrx_word' id='word_1_472' title='bbox 550 2294 715 2340; x_wconf 76' lang='grc' dir='ltr'>Κάνηθον</span> <span class='ocrx_word' id='word_1_473' title='bbox 731 2323 742 2342; x_wconf 83' lang='lat'>‚</span> <span class='ocrx_word' id='word_1_474' title='bbox 763 2292 936 2348; x_wconf 73' lang='grc' dir='ltr'>Πρόθοον,</span> <span class='ocrx_word' id='word_1_475' title='bbox 959 2293 1079 2341; x_wconf 75' lang='grc' dir='ltr'>Λίνον,</span> <span class='ocrx_word' id='word_1_476' title='bbox 1134 2306 1267 2345; x_wconf 88' lang='lat' dir='ltr'>Linum,</span> <span class='ocrx_word' id='word_1_477' title='bbox 1284 2305 1527 2340; x_wconf 85' lang='lat' dir='ltr'>Corethontem,</span> <span class='ocrx_word' id='word_1_478' title='bbox 1548 2302 1772 2344; x_wconf 84' lang='lat' dir='ltr'>(Maenalum‚)</span> <span class='ocrx_word' id='word_1_479' title='bbox 1791 2302 1970 2342; x_wconf 89' lang='lat' dir='ltr'>Teleboan,</span> <span class='ocrx_word' id='word_1_480' title='bbox 1991 2302 2167 2343; x_wconf 81' lang='lat' dir='ltr'>Physium‚</span> 
     </span>
     <span class='ocr_line' id='line_1_61' title="bbox 47 2352 2169 2408; baseline -0.004 -7"><span class='ocrx_word' id='word_1_481' title='bbox 47 2354 243 2408; x_wconf 61' lang='grc' dir='ltr'>Κορέθοντα</span> <span class='ocrx_word' id='word_1_482' title='bbox 252 2385 263 2403; x_wconf 82' lang='grc'>,</span> <span class='ocrx_word' id='word_1_483' title='bbox 285 2352 510 2408; x_wconf 52' lang='grc' dir='ltr'>[Μαίναλοᾚ]</span> <span class='ocrx_word' id='word_1_484' title='bbox 525 2356 558 2393; x_wconf 87' lang='lat' dir='ltr'>T</span> <span class='ocrx_word' id='word_1_485' title='bbox 559 2352 725 2402; x_wconf 69' lang='grc' dir='ltr'>ηλεὸόαν,</span> <span class='ocrx_word' id='word_1_486' title='bbox 747 2352 899 2400; x_wconf 74' lang='grc' dir='ltr'>Φύσιον,</span> <span class='ocrx_word' id='word_1_487' title='bbox 914 2353 1079 2402; x_wconf 74' lang='grc' dir='ltr'>Φάσσον,</span> <span class='ocrx_word' id='word_1_488' title='bbox 1132 2367 1305 2404; x_wconf 88' lang='lat' dir='ltr'>Phassum,</span> <span class='ocrx_word' id='word_1_489' title='bbox 1319 2363 1642 2404; x_wconf 86' lang='lat' dir='ltr'>Phthium,Lycium,</span> <span class='ocrx_word' id='word_1_490' title='bbox 1653 2362 1876 2403; x_wconf 84' lang='lat' dir='ltr'>Halipherum‚</span> <span class='ocrx_word' id='word_1_491' title='bbox 1889 2362 2092 2400; x_wconf 89' lang='lat' dir='ltr'>Genetorem,</span> <span class='ocrx_word' id='word_1_492' title='bbox 2108 2362 2169 2392; x_wconf 88' lang='lat' dir='ltr'>Bu-</span> 
     </span>
     <span class='ocr_line' id='line_1_62' title="bbox 38 2411 2168 2468; baseline -0.005 -7"><span class='ocrx_word' id='word_1_493' title='bbox 38 2413 175 2461; x_wconf 73' lang='grc' dir='ltr'>-Φθῖον,</span> <span class='ocrx_word' id='word_1_494' title='bbox 215 2412 363 2462; x_wconf 72' lang='grc' dir='ltr'>Λύκιον,</span> <span class='ocrx_word' id='word_1_495' title='bbox 393 2411 589 2468; x_wconf 65' lang='grc' dir='ltr'>Ἁλίφηρον,</span> <span class='ocrx_word' id='word_1_496' title='bbox 610 2412 802 2466; x_wconf 73' lang='grc' dir='ltr'>Γενέτορα,</span> <span class='ocrx_word' id='word_1_497' title='bbox 835 2412 1078 2461; x_wconf 74' lang='grc' dir='ltr'>Βουκολίωνα,</span> <span class='ocrx_word' id='word_1_498' title='bbox 1134 2425 1306 2464; x_wconf 82' lang='lat' dir='ltr'>colionem,</span> <span class='ocrx_word' id='word_1_499' title='bbox 1318 2423 1478 2463; x_wconf 92' lang='lat' dir='ltr'>Socleum,</span> <span class='ocrx_word' id='word_1_500' title='bbox 1495 2422 1668 2462; x_wconf 83' lang='lat' dir='ltr'>Phineum,</span> <span class='ocrx_word' id='word_1_501' title='bbox 1682 2422 1855 2461; x_wconf 86' lang='lat' dir='ltr'>Eumeten,</span> <span class='ocrx_word' id='word_1_502' title='bbox 1871 2420 2080 2461; x_wconf 84' lang='lat' dir='ltr'>Harpaleum,</span> <span class='ocrx_word' id='word_1_503' title='bbox 2098 2421 2168 2451; x_wconf 84' lang='lat' dir='ltr'>Por-</span> 
     </span>
     <span class='ocr_line' id='line_1_63' title="bbox 48 2470 2169 2527; baseline -0.004 -9"><span class='ocrx_word' id='word_1_504' title='bbox 48 2471 197 2512; x_wconf 68' lang='grc' dir='ltr'>Σωκλέα</span> <span class='ocrx_word' id='word_1_505' title='bbox 209 2504 219 2522; x_wconf 87' lang='grc'>,</span> <span class='ocrx_word' id='word_1_506' title='bbox 234 2471 368 2521; x_wconf 80' lang='grc' dir='ltr'>Φινέα,</span> <span class='ocrx_word' id='word_1_507' title='bbox 383 2471 570 2524; x_wconf 72' lang='grc' dir='ltr'>Εὐμήτην,</span> <span class='ocrx_word' id='word_1_508' title='bbox 586 2471 781 2526; x_wconf 76' lang='grc' dir='ltr'>Ἁρπαλέα,</span> <span class='ocrx_word' id='word_1_509' title='bbox 800 2470 960 2527; x_wconf 83' lang='grc' dir='ltr'>Πορθέα,</span> <span class='ocrx_word' id='word_1_510' title='bbox 978 2472 1082 2511; x_wconf 76' lang='grc' dir='ltr'>Πλά·</span> <span class='ocrx_word' id='word_1_511' title='bbox 1134 2484 1259 2524; x_wconf 88' lang='lat' dir='ltr'>theum,</span> <span class='ocrx_word' id='word_1_512' title='bbox 1273 2482 1453 2522; x_wconf 86' lang='lat' dir='ltr'>Platonem,</span> <span class='ocrx_word' id='word_1_513' title='bbox 1466 2483 1670 2520; x_wconf 84' lang='lat' dir='ltr'>Haemonem,</span> <span class='ocrx_word' id='word_1_514' title='bbox 1690 2480 1896 2521; x_wconf 83' lang='lat' dir='ltr'>Cynaethum,</span> <span class='ocrx_word' id='word_1_515' title='bbox 1907 2480 2073 2517; x_wconf 85' lang='lat' dir='ltr'>Leontem,</span> <span class='ocrx_word' id='word_1_516' title='bbox 2092 2479 2169 2509; x_wconf 85' lang='lat' dir='ltr'>Har-</span> 
     </span>
     <span class='ocr_line' id='line_1_64' title="bbox 48 2530 2169 2585; baseline -0.002 -16"><span class='ocrx_word' id='word_1_517' title='bbox 48 2546 159 2581; x_wconf 85' lang='grc' dir='ltr'>τωνα,</span> <span class='ocrx_word' id='word_1_518' title='bbox 209 2530 368 2583; x_wconf 78' lang='grc' dir='ltr'>Αἵμονα,</span> <span class='ocrx_word' id='word_1_519' title='bbox 410 2530 599 2580; x_wconf 82' lang='grc' dir='ltr'>Κύναιθον,</span> <span class='ocrx_word' id='word_1_520' title='bbox 643 2530 780 2570; x_wconf 81' lang='grc' dir='ltr'>Λέοντα</span> <span class='ocrx_word' id='word_1_521' title='bbox 791 2562 801 2581; x_wconf 94' lang='grc'>,</span> <span class='ocrx_word' id='word_1_522' title='bbox 845 2530 1078 2585; x_wconf 84' lang='grc' dir='ltr'>Ἁρπάλυκον,</span> <span class='ocrx_word' id='word_1_523' title='bbox 1133 2540 1297 2582; x_wconf 84' lang='lat' dir='ltr'>palyeum,</span> <span class='ocrx_word' id='word_1_524' title='bbox 1312 2539 1494 2578; x_wconf 59' lang='lat' dir='ltr'>Benacum,</span> <span class='ocrx_word' id='word_1_525' title='bbox 1510 2537 1883 2574; x_wconf 82' lang='lat' dir='ltr'>Titanan,Mantinoum,</span> <span class='ocrx_word' id='word_1_526' title='bbox 1894 2533 2169 2573; x_wconf 78' lang='lat' dir='ltr'>Clim1·em,Stym-</span> 
     </span>
     <span class='ocr_line' id='line_1_65' title="bbox 49 2587 2169 2645; baseline -0.004 -16"><span class='ocrx_word' id='word_1_527' title='bbox 49 2587 196 2645; x_wconf 84' lang='grc' dir='ltr'>Ἡραιέα</span> <span class='ocrx_word' id='word_1_528' title='bbox 205 2621 215 2639; x_wconf 92' lang='grc'>,</span> <span class='ocrx_word' id='word_1_529' title='bbox 228 2590 399 2639; x_wconf 87' lang='grc' dir='ltr'>Τιτάναν,</span> <span class='ocrx_word' id='word_1_530' title='bbox 416 2589 630 2639; x_wconf 89' lang='grc' dir='ltr'>Μαντίνουν,</span> <span class='ocrx_word' id='word_1_531' title='bbox 642 2590 816 2644; x_wconf 89' lang='grc' dir='ltr'>Κλείτορα</span> <span class='ocrx_word' id='word_1_532' title='bbox 828 2621 838 2639; x_wconf 96' lang='grc'>,</span> <span class='ocrx_word' id='word_1_533' title='bbox 851 2589 1079 2643; x_wconf 85' lang='grc' dir='ltr'>Στύμφαλον,</span> <span class='ocrx_word' id='word_1_534' title='bbox 1134 2597 1281 2639; x_wconf 88' lang='lat' dir='ltr'>phalum,</span> <span class='ocrx_word' id='word_1_535' title='bbox 1300 2595 1552 2628; x_wconf 87' lang='lat' dir='ltr'>Orchomenum.</span> <span class='ocrx_word' id='word_1_536' title='bbox 1566 2598 1581 2618; x_wconf 65' lang='grc' dir='ltr'>ι</span> <span class='ocrx_word' id='word_1_537' title='bbox 1594 2593 1634 2625; x_wconf 82' lang='grc' dir='ltr'>Ηὶ</span> <span class='ocrx_word' id='word_1_538' title='bbox 1651 2592 1801 2634; x_wconf 86' lang='lat' dir='ltr'>superbia</span> <span class='ocrx_word' id='word_1_539' title='bbox 1815 2593 1847 2624; x_wconf 92' lang='lat' dir='ltr'>et</span> <span class='ocrx_word' id='word_1_540' title='bbox 1864 2590 2026 2631; x_wconf 85' lang='lat' dir='ltr'>impietate</span> <span class='ocrx_word' id='word_1_541' title='bbox 2045 2589 2169 2621; x_wconf 85' lang='lat' dir='ltr'>cunctis</span> 
     </span>
     <span class='ocr_line' id='line_1_66' title="bbox 0 2645 2168 2705; baseline -0.005 -16"><span class='ocrx_word' id='word_1_542' title='bbox 0 2675 1 2678; x_wconf 65' lang='lat'><em>=</em></span> <span class='ocrx_word' id='word_1_543' title='bbox 51 2647 277 2704; x_wconf 84' lang='grc' dir='ltr'>Ὀρχόμενον.</span> <span class='ocrx_word' id='word_1_544' title='bbox 296 2649 313 2675; x_wconf 83' lang='lat'>4</span> <span class='ocrx_word' id='word_1_545' title='bbox 331 2645 441 2690; x_wconf 68' lang='grc' dir='ltr'>Οὗτοι</span> <span class='ocrx_word' id='word_1_546' title='bbox 472 2650 606 2695; x_wconf 80' lang='grc' dir='ltr'>πάντας</span> <span class='ocrx_word' id='word_1_547' title='bbox 631 2650 833 2705; x_wconf 83' lang='grc' dir='ltr'>ἀνθρώπους</span> <span class='ocrx_word' id='word_1_548' title='bbox 866 2649 1079 2704; x_wconf 71' lang='grc' dir='ltr'>ὑπερέὸαλον</span> <span class='ocrx_word' id='word_1_549' title='bbox 1106 2664 1108 2671; x_wconf 62' lang='grc'><strong>“</strong></span> <span class='ocrx_word' id='word_1_550' title='bbox 1135 2654 1328 2687; x_wconf 85' lang='lat' dir='ltr'>mortalibus</span> <span class='ocrx_word' id='word_1_551' title='bbox 1353 2653 1599 2685; x_wconf 85' lang='lat' dir='ltr'>antesteterunt.</span> <span class='ocrx_word' id='word_1_552' title='bbox 1626 2653 1732 2688; x_wconf 85' lang='lat' dir='ltr'>Quare</span> <span class='ocrx_word' id='word_1_553' title='bbox 1757 2649 1901 2690; x_wconf 87' lang='lat' dir='ltr'>Jupiter,</span> <span class='ocrx_word' id='word_1_554' title='bbox 1922 2651 1958 2679; x_wconf 91' lang='lat' dir='ltr'>ut</span> <span class='ocrx_word' id='word_1_555' title='bbox 1980 2649 2094 2679; x_wconf 89' lang='lat' dir='ltr'>horum</span> <span class='ocrx_word' id='word_1_556' title='bbox 2110 2648 2168 2679; x_wconf 89' lang='lat' dir='ltr'>im-</span> 
     </span>
    </p>

    <p class='ocr_par' dir='ltr' id='par_1_23' title="bbox 52 2674 2171 3352">
     <span class='ocr_line' id='line_1_67' title="bbox 52 2674 2169 2763; baseline -0.005 -16"><span class='ocrx_word' id='word_1_557' title='bbox 52 2708 286 2763; x_wconf 75' lang='grc' dir='ltr'>ὖπερηφανεία</span> <span class='ocrx_word' id='word_1_558' title='bbox 304 2709 364 2748; x_wconf 85' lang='grc' dir='ltr'>καὶ</span> <span class='ocrx_word' id='word_1_559' title='bbox 383 2709 537 2763; x_wconf 70' lang='grc' dir='ltr'>ἀσεὸείᾳ.</span> <span class='ocrx_word' id='word_1_560' title='bbox 559 2709 646 2754; x_wconf 78' lang='grc' dir='ltr'>Ζεὺς</span> <span class='ocrx_word' id='word_1_561' title='bbox 668 2709 705 2748; x_wconf 83' lang='grc' dir='ltr'>δὲ</span> <span class='ocrx_word' id='word_1_562' title='bbox 734 2711 847 2749; x_wconf 73' lang='grc' dir='ltr'>αὐτῶν</span> <span class='ocrx_word' id='word_1_563' title='bbox 874 2708 1082 2762; x_wconf 87' lang='grc' dir='ltr'>βουλόμενος</span> <span class='ocrx_word' id='word_1_564' title='bbox 1105 2674 1109 2744; x_wconf 58' lang='grc' dir='ltr'>λ</span> <span class='ocrx_word' id='word_1_565' title='bbox 1136 2714 1266 2756; x_wconf 83' lang='lat' dir='ltr'>pietatis</span> <span class='ocrx_word' id='word_1_566' title='bbox 1297 2712 1477 2754; x_wconf 88' lang='lat' dir='ltr'>periculum</span> <span class='ocrx_word' id='word_1_567' title='bbox 1506 2711 1648 2750; x_wconf 81' lang='lat' dir='ltr'>faceret,</span> <span class='ocrx_word' id='word_1_568' title='bbox 1681 2711 1789 2742; x_wconf 79' lang='lat' dir='ltr'>sumta</span> <span class='ocrx_word' id='word_1_569' title='bbox 1810 2707 1951 2739; x_wconf 90' lang='lat' dir='ltr'>hominis</span> <span class='ocrx_word' id='word_1_570' title='bbox 1979 2707 2169 2739; x_wconf 86' lang='lat' dir='ltr'>mercenarii</span> 
     </span>
     <span class='ocr_line' id='line_1_68' title="bbox 52 2764 2170 2823; baseline -0.005 -17"><span class='ocrx_word' id='word_1_571' title='bbox 52 2765 114 2815; x_wconf 72' lang='grc' dir='ltr'>τὴν</span> <span class='ocrx_word' id='word_1_572' title='bbox 131 2767 291 2807; x_wconf 74' lang='grc' dir='ltr'>ἀσέὸειαν</span> <span class='ocrx_word' id='word_1_573' title='bbox 315 2768 503 2823; x_wconf 85' lang='grc' dir='ltr'>πειράσαι,</span> <span class='ocrx_word' id='word_1_574' title='bbox 527 2769 696 2813; x_wconf 80' lang='grc' dir='ltr'>εἰκασθεὶς</span> <span class='ocrx_word' id='word_1_575' title='bbox 715 2769 812 2823; x_wconf 83' lang='grc' dir='ltr'>ἀνδρὶ</span> <span class='ocrx_word' id='word_1_576' title='bbox 832 2767 987 2822; x_wconf 82' lang='grc' dir='ltr'>χερνήτῃ</span> <span class='ocrx_word' id='word_1_577' title='bbox 1007 2784 1082 2806; x_wconf 92' lang='grc' dir='ltr'>πα-</span> <span class='ocrx_word' id='word_1_578' title='bbox 1135 2774 1250 2813; x_wconf 81' lang='lat' dir='ltr'>forma,</span> <span class='ocrx_word' id='word_1_579' title='bbox 1274 2772 1313 2804; x_wconf 87' lang='lat' dir='ltr'>ad</span> <span class='ocrx_word' id='word_1_580' title='bbox 1333 2780 1390 2804; x_wconf 90' lang='lat' dir='ltr'>eos</span> <span class='ocrx_word' id='word_1_581' title='bbox 1405 2770 1540 2803; x_wconf 86' lang='lat' dir='ltr'>accedit.</span> <span class='ocrx_word' id='word_1_582' title='bbox 1554 2771 1660 2802; x_wconf 84' lang='lat' dir='ltr'>⁶Tum</span> <span class='ocrx_word' id='word_1_583' title='bbox 1678 2768 1710 2799; x_wconf 87' lang='lat' dir='ltr'>hi</span> <span class='ocrx_word' id='word_1_584' title='bbox 1725 2766 1899 2799; x_wconf 84' lang='lat' dir='ltr'>invitantes</span> <span class='ocrx_word' id='word_1_585' title='bbox 1915 2773 1989 2797; x_wconf 90' lang='lat' dir='ltr'>eum</span> <span class='ocrx_word' id='word_1_586' title='bbox 2009 2764 2149 2806; x_wconf 90' lang='lat' dir='ltr'>hospitio</span> <span class='ocrx_word' id='word_1_587' title='bbox 2161 2788 2170 2804; x_wconf 96' lang='lat'>,</span> 
     </span>
     <span class='ocr_line' id='line_1_69' title="bbox 53 2823 2171 2882; baseline -0.005 -17"><span class='ocrx_word' id='word_1_588' title='bbox 53 2825 317 2879; x_wconf 75' lang='grc' dir='ltr'>ραγίνεται.5οἱ</span> <span class='ocrx_word' id='word_1_589' title='bbox 332 2826 368 2865; x_wconf 84' lang='grc' dir='ltr'>δὲ</span> <span class='ocrx_word' id='word_1_590' title='bbox 389 2826 491 2866; x_wconf 80' lang='grc' dir='ltr'>αὐτὸν</span> <span class='ocrx_word' id='word_1_591' title='bbox 507 2828 564 2866; x_wconf 82' lang='grc' dir='ltr'>ἐπὶ</span> <span class='ocrx_word' id='word_1_592' title='bbox 577 2828 670 2882; x_wconf 70' lang='grc' dir='ltr'>ξενία</span> <span class='ocrx_word' id='word_1_593' title='bbox 687 2827 910 2876; x_wconf 89' lang='grc' dir='ltr'>καλέσαντες,</span> <span class='ocrx_word' id='word_1_594' title='bbox 929 2826 1082 2882; x_wconf 81' lang='grc' dir='ltr'>σφάξαν·</span> <span class='ocrx_word' id='word_1_595' title='bbox 1134 2842 1152 2866; x_wconf 93' lang='lat' dir='ltr'>e</span> <span class='ocrx_word' id='word_1_596' title='bbox 1167 2831 1385 2865; x_wconf 86' lang='lat' dir='ltr'>conterraneis</span> <span class='ocrx_word' id='word_1_597' title='bbox 1403 2839 1540 2872; x_wconf 90' lang='lat' dir='ltr'>puerum</span> <span class='ocrx_word' id='word_1_598' title='bbox 1570 2828 1731 2869; x_wconf 88' lang='lat' dir='ltr'>quendam</span> <span class='ocrx_word' id='word_1_599' title='bbox 1748 2825 1997 2867; x_wconf 82' lang='lat' dir='ltr'>jugulaverunt,</span> <span class='ocrx_word' id='word_1_600' title='bbox 2015 2824 2109 2865; x_wconf 86' lang='lat' dir='ltr'>cujus</span> <span class='ocrx_word' id='word_1_601' title='bbox 2127 2823 2171 2855; x_wconf 90' lang='lat' dir='ltr'>vi·</span> 
     </span>
     <span class='ocr_line' id='line_1_70' title="bbox 53 2883 2170 2941; baseline -0.005 -17"><span class='ocrx_word' id='word_1_602' title='bbox 53 2898 107 2928; x_wconf 79' lang='grc' dir='ltr'>τες</span> <span class='ocrx_word' id='word_1_603' title='bbox 124 2883 184 2924; x_wconf 78' lang='grc' dir='ltr'>ἕνα</span> <span class='ocrx_word' id='word_1_604' title='bbox 202 2888 271 2924; x_wconf 83' lang='grc' dir='ltr'>τῶν</span> <span class='ocrx_word' id='word_1_605' title='bbox 299 2886 498 2940; x_wconf 85' lang='grc' dir='ltr'>ἐπιχωρίων</span> <span class='ocrx_word' id='word_1_606' title='bbox 518 2888 628 2926; x_wconf 86' lang='grc' dir='ltr'>παῖδα</span> <span class='ocrx_word' id='word_1_607' title='bbox 640 2918 650 2936; x_wconf 97' lang='grc'>,</span> <span class='ocrx_word' id='word_1_608' title='bbox 674 2893 745 2931; x_wconf 86' lang='grc' dir='ltr'>τοῖς</span> <span class='ocrx_word' id='word_1_609' title='bbox 764 2889 868 2941; x_wconf 80' lang='grc' dir='ltr'>ἱεροῖς</span> <span class='ocrx_word' id='word_1_610' title='bbox 888 2887 933 2925; x_wconf 90' lang='grc' dir='ltr'>τὰ</span> <span class='ocrx_word' id='word_1_611' title='bbox 956 2885 1081 2925; x_wconf 83' lang='grc' dir='ltr'>τούτου</span> <span class='ocrx_word' id='word_1_612' title='bbox 1136 2901 1227 2925; x_wconf 75' lang='lat' dir='ltr'>scere</span> <span class='ocrx_word' id='word_1_613' title='bbox 1251 2900 1327 2924; x_wconf 89' lang='lat' dir='ltr'>cum</span> <span class='ocrx_word' id='word_1_614' title='bbox 1347 2890 1554 2923; x_wconf 87' lang='lat' dir='ltr'>victimarum</span> <span class='ocrx_word' id='word_1_615' title='bbox 1578 2895 1675 2920; x_wconf 86' lang='lat' dir='ltr'>carne</span> <span class='ocrx_word' id='word_1_616' title='bbox 1696 2884 1872 2917; x_wconf 84' lang='lat' dir='ltr'>commixta</span> <span class='ocrx_word' id='word_1_617' title='bbox 1884 2908 1893 2924; x_wconf 91' lang='lat'>‚</span> <span class='ocrx_word' id='word_1_618' title='bbox 1913 2883 2041 2915; x_wconf 86' lang='lat' dir='ltr'>Maenali</span> <span class='ocrx_word' id='word_1_619' title='bbox 2061 2883 2170 2915; x_wconf 80' lang='lat' dir='ltr'>fratris</span> 
     </span>
     <span class='ocr_line' id='line_1_71' title="bbox 55 2941 2170 3000; baseline -0.005 -18"><span class='ocrx_word' id='word_1_620' title='bbox 55 2943 239 2997; x_wconf 77' lang='grc' dir='ltr'>σπλάγχνα</span> <span class='ocrx_word' id='word_1_621' title='bbox 270 2944 585 2997; x_wconf 83' lang='grc' dir='ltr'>συναναμίξαντες,</span> <span class='ocrx_word' id='word_1_622' title='bbox 620 2945 832 3000; x_wconf 86' lang='grc' dir='ltr'>παρέθεσαν,</span> <span class='ocrx_word' id='word_1_623' title='bbox 855 2941 1082 2998; x_wconf 65' lang='grc' dir='ltr'>’συμὸουλεύ-</span> <span class='ocrx_word' id='word_1_624' title='bbox 1135 2951 1214 2982; x_wconf 82' lang='lat' dir='ltr'>natu</span> <span class='ocrx_word' id='word_1_625' title='bbox 1231 2949 1366 2981; x_wconf 88' lang='lat' dir='ltr'>maximi</span> <span class='ocrx_word' id='word_1_626' title='bbox 1380 2956 1490 2986; x_wconf 89' lang='lat' dir='ltr'>suasu,</span> <span class='ocrx_word' id='word_1_627' title='bbox 1505 2946 1539 2977; x_wconf 90' lang='lat' dir='ltr'>in</span> <span class='ocrx_word' id='word_1_628' title='bbox 1562 2944 1657 2985; x_wconf 87' lang='lat' dir='ltr'>epulo</span> <span class='ocrx_word' id='word_1_629' title='bbox 1672 2943 1701 2975; x_wconf 90' lang='lat' dir='ltr'>ei</span> <span class='ocrx_word' id='word_1_630' title='bbox 1716 2944 1946 2984; x_wconf 82' lang='lat' dir='ltr'>apposuerunt.</span> <span class='ocrx_word' id='word_1_631' title='bbox 1961 2942 2028 2973; x_wconf 60' lang='lat' dir='ltr'>‘At</span> <span class='ocrx_word' id='word_1_632' title='bbox 2043 2941 2170 2982; x_wconf 84' lang='lat' dir='ltr'>Jupiter</span> 
     </span>
     <span class='ocr_line' id='line_1_72' title="bbox 57 2999 2166 3060; baseline -0.007 -16"><span class='ocrx_word' id='word_1_633' title='bbox 57 3014 176 3046; x_wconf 78' lang='grc' dir='ltr'>σαντος</span> <span class='ocrx_word' id='word_1_634' title='bbox 193 3007 254 3042; x_wconf 80' lang='grc' dir='ltr'>τοῦ</span> <span class='ocrx_word' id='word_1_635' title='bbox 269 3003 506 3059; x_wconf 74' lang='grc' dir='ltr'>πρεσὸυτέρου</span> <span class='ocrx_word' id='word_1_636' title='bbox 528 3005 678 3060; x_wconf 83' lang='grc' dir='ltr'>ἀδελφοῦ</span> <span class='ocrx_word' id='word_1_637' title='bbox 698 3005 895 3044; x_wconf 88' lang='grc' dir='ltr'>Μαινάλου.</span> <span class='ocrx_word' id='word_1_638' title='bbox 913 3004 1027 3048; x_wconf 78' lang='grc' dir='ltr'>6Ζεὺς</span> <span class='ocrx_word' id='word_1_639' title='bbox 1046 3004 1082 3043; x_wconf 85' lang='grc' dir='ltr'>δὲ</span> <span class='ocrx_word' id='word_1_640' title='bbox 1135 3016 1284 3039; x_wconf 86' lang='lat' dir='ltr'>mensam</span> <span class='ocrx_word' id='word_1_641' title='bbox 1301 3005 1418 3039; x_wconf 86' lang='lat' dir='ltr'>evertit</span> <span class='ocrx_word' id='word_1_642' title='bbox 1433 3013 1472 3036; x_wconf 92' lang='lat' dir='ltr'>eo</span> <span class='ocrx_word' id='word_1_643' title='bbox 1485 3003 1516 3035; x_wconf 92' lang='lat' dir='ltr'>in</span> <span class='ocrx_word' id='word_1_644' title='bbox 1537 3003 1629 3038; x_wconf 85' lang='lat' dir='ltr'>loco,</span> <span class='ocrx_word' id='word_1_645' title='bbox 1652 3001 1709 3041; x_wconf 91' lang='lat' dir='ltr'>qui</span> <span class='ocrx_word' id='word_1_646' title='bbox 1724 3008 1813 3031; x_wconf 90' lang='lat' dir='ltr'>nunc</span> <span class='ocrx_word' id='word_1_647' title='bbox 1836 3001 1998 3040; x_wconf 87' lang='lat' dir='ltr'>Trapezus</span> <span class='ocrx_word' id='word_1_648' title='bbox 2018 2999 2166 3030; x_wconf 85' lang='lat' dir='ltr'>vocatur.</span> 
     </span>
     <span class='ocr_line' id='line_1_73' title="bbox 55 3058 2170 3118; baseline -0.005 -17"><span class='ocrx_word' id='word_1_649' title='bbox 55 3058 117 3108; x_wconf 74' lang='grc' dir='ltr'>τὴν</span> <span class='ocrx_word' id='word_1_650' title='bbox 137 3059 199 3112; x_wconf 83' lang='grc' dir='ltr'>μὲν</span> <span class='ocrx_word' id='word_1_651' title='bbox 213 3060 386 3116; x_wconf 85' lang='grc' dir='ltr'>τράπεζαν</span> <span class='ocrx_word' id='word_1_652' title='bbox 405 3062 604 3117; x_wconf 82' lang='grc' dir='ltr'>ἀνέτρεψεν,</span> <span class='ocrx_word' id='word_1_653' title='bbox 622 3062 703 3102; x_wconf 84' lang='grc' dir='ltr'>ἔνθα</span> <span class='ocrx_word' id='word_1_654' title='bbox 719 3068 780 3102; x_wconf 78' lang='grc' dir='ltr'>νῦν</span> <span class='ocrx_word' id='word_1_655' title='bbox 800 3066 1003 3118; x_wconf 78' lang='grc' dir='ltr'>Τραπεζοῦς</span> <span class='ocrx_word' id='word_1_656' title='bbox 1018 3079 1084 3102; x_wconf 85' lang='grc' dir='ltr'>κα-</span> <span class='ocrx_word' id='word_1_657' title='bbox 1136 3068 1320 3107; x_wconf 87' lang='lat' dir='ltr'>Lycaonem</span> <span class='ocrx_word' id='word_1_658' title='bbox 1349 3072 1427 3096; x_wconf 85' lang='lat' dir='ltr'>vero</span> <span class='ocrx_word' id='word_1_659' title='bbox 1454 3064 1487 3095; x_wconf 88' lang='lat' dir='ltr'>et</span> <span class='ocrx_word' id='word_1_660' title='bbox 1510 3062 1628 3094; x_wconf 83' lang='lat' dir='ltr'>liberos</span> <span class='ocrx_word' id='word_1_661' title='bbox 1653 3061 1721 3101; x_wconf 89' lang='lat' dir='ltr'>ejus</span> <span class='ocrx_word' id='word_1_662' title='bbox 1749 3059 1885 3091; x_wconf 81' lang='lat' dir='ltr'>fulmine</span> <span class='ocrx_word' id='word_1_663' title='bbox 1906 3058 1988 3090; x_wconf 88' lang='lat' dir='ltr'>ictos</span> <span class='ocrx_word' id='word_1_664' title='bbox 2007 3058 2170 3092; x_wconf 81' lang='lat' dir='ltr'>interfecit</span> 
     </span>
     <span class='ocr_line' id='line_1_74' title="bbox 56 3117 2168 3167; baseline -0.004 -8"><span class='ocrx_word' id='word_1_665' title='bbox 56 3118 164 3158; x_wconf 79' lang='grc' dir='ltr'>λεῑται</span> <span class='ocrx_word' id='word_1_666' title='bbox 185 3123 203 3159; x_wconf 83' lang='grc' dir='ltr'><strong><em>ὃ</em></strong></span> <span class='ocrx_word' id='word_1_667' title='bbox 227 3120 350 3165; x_wconf 86' lang='grc' dir='ltr'>τόπος·</span> <span class='ocrx_word' id='word_1_668' title='bbox 372 3122 538 3161; x_wconf 83' lang='grc' dir='ltr'>Λυκάονα</span> <span class='ocrx_word' id='word_1_669' title='bbox 559 3122 595 3161; x_wconf 81' lang='grc' dir='ltr'>δὲ</span> <span class='ocrx_word' id='word_1_670' title='bbox 615 3122 674 3161; x_wconf 76' lang='grc' dir='ltr'>καὶ</span> <span class='ocrx_word' id='word_1_671' title='bbox 706 3122 830 3161; x_wconf 80' lang='grc' dir='ltr'>τούτου</span> <span class='ocrx_word' id='word_1_672' title='bbox 847 3124 974 3167; x_wconf 84' lang='grc' dir='ltr'>παῖδας</span> <span class='ocrx_word' id='word_1_673' title='bbox 1002 3125 1083 3161; x_wconf 83' lang='grc' dir='ltr'>ἐκε-</span> <span class='ocrx_word' id='word_1_674' title='bbox 1136 3128 1253 3167; x_wconf 85' lang='lat' dir='ltr'>praeter</span> <span class='ocrx_word' id='word_1_675' title='bbox 1267 3123 1456 3164; x_wconf 88' lang='lat' dir='ltr'>Nyctimum</span> <span class='ocrx_word' id='word_1_676' title='bbox 1475 3122 1555 3153; x_wconf 90' lang='lat' dir='ltr'>natu</span> <span class='ocrx_word' id='word_1_677' title='bbox 1572 3119 1757 3152; x_wconf 90' lang='lat' dir='ltr'>minimum.</span> <span class='ocrx_word' id='word_1_678' title='bbox 1772 3120 1870 3151; x_wconf 88' lang='lat' dir='ltr'>Terra</span> <span class='ocrx_word' id='word_1_679' title='bbox 1886 3117 1972 3150; x_wconf 90' lang='lat' dir='ltr'>enim</span> <span class='ocrx_word' id='word_1_680' title='bbox 1983 3117 2120 3150; x_wconf 85' lang='lat' dir='ltr'>sublatis</span> <span class='ocrx_word' id='word_1_681' title='bbox 2135 3118 2168 3150; x_wconf 92' lang='lat' dir='ltr'>in</span> 
     </span>
     <span class='ocr_line' id='line_1_75' title="bbox 59 3174 2167 3234; baseline -0.007 -15"><span class='ocrx_word' id='word_1_682' title='bbox 59 3176 230 3231; x_wconf 76' lang='grc' dir='ltr'>ραύνωσε,</span> <span class='ocrx_word' id='word_1_683' title='bbox 250 3180 356 3234; x_wconf 81' lang='grc' dir='ltr'>χωρὶς</span> <span class='ocrx_word' id='word_1_684' title='bbox 373 3185 433 3219; x_wconf 82' lang='grc' dir='ltr'>τοῦ</span> <span class='ocrx_word' id='word_1_685' title='bbox 454 3181 628 3220; x_wconf 83' lang='grc' dir='ltr'>νεωτάτου</span> <span class='ocrx_word' id='word_1_686' title='bbox 654 3182 837 3234; x_wconf 77' lang='grc' dir='ltr'>Νυκτίμου</span> <span class='ocrx_word' id='word_1_687' title='bbox 850 3198 858 3206; x_wconf 92' lang='grc'><em>·</em></span> <span class='ocrx_word' id='word_1_688' title='bbox 877 3184 1083 3234; x_wconf 71' lang='grc' dir='ltr'>ἀνασχοῦσα</span> <span class='ocrx_word' id='word_1_689' title='bbox 1137 3182 1239 3214; x_wconf 86' lang='lat' dir='ltr'>altum</span> <span class='ocrx_word' id='word_1_690' title='bbox 1258 3180 1411 3212; x_wconf 87' lang='lat' dir='ltr'>manibus</span> <span class='ocrx_word' id='word_1_691' title='bbox 1430 3182 1462 3211; x_wconf 89' lang='lat' dir='ltr'>et</span> <span class='ocrx_word' id='word_1_692' title='bbox 1480 3178 1596 3210; x_wconf 84' lang='lat' dir='ltr'>dextra</span> <span class='ocrx_word' id='word_1_693' title='bbox 1611 3176 1703 3210; x_wconf 86' lang='lat' dir='ltr'>Jovis</span> <span class='ocrx_word' id='word_1_694' title='bbox 1718 3175 1969 3216; x_wconf 86' lang='lat' dir='ltr'>comprehensa,</span> <span class='ocrx_word' id='word_1_695' title='bbox 1983 3174 2070 3207; x_wconf 85' lang='lat' dir='ltr'>illius</span> <span class='ocrx_word' id='word_1_696' title='bbox 2087 3175 2167 3206; x_wconf 84' lang='lat' dir='ltr'>iram</span> 
     </span>
     <span class='ocr_line' id='line_1_76' title="bbox 56 3235 1347 3295; baseline 0.003 -18"><span class='ocrx_word' id='word_1_697' title='bbox 56 3235 121 3291; x_wconf 71' lang='grc' dir='ltr'>γὰρ</span> <span class='ocrx_word' id='word_1_698' title='bbox 137 3240 159 3284; x_wconf 85' lang='grc' dir='ltr'><strong>ἣ</strong></span> <span class='ocrx_word' id='word_1_699' title='bbox 179 3239 231 3286; x_wconf 78' lang='grc' dir='ltr'>Γῆ</span> <span class='ocrx_word' id='word_1_700' title='bbox 247 3239 308 3282; x_wconf 86' lang='grc' dir='ltr'>τὰς</span> <span class='ocrx_word' id='word_1_701' title='bbox 320 3246 440 3294; x_wconf 88' lang='grc' dir='ltr'>χεῖρας</span> <span class='ocrx_word' id='word_1_702' title='bbox 451 3271 461 3289; x_wconf 88' lang='grc'>,</span> <span class='ocrx_word' id='word_1_703' title='bbox 480 3241 539 3279; x_wconf 89' lang='grc' dir='ltr'>καὶ</span> <span class='ocrx_word' id='word_1_704' title='bbox 557 3244 620 3288; x_wconf 73' lang='grc' dir='ltr'>τῆς</span> <span class='ocrx_word' id='word_1_705' title='bbox 639 3241 748 3286; x_wconf 82' lang='grc' dir='ltr'>δεξιᾶς</span> <span class='ocrx_word' id='word_1_706' title='bbox 764 3245 824 3280; x_wconf 78' lang='grc' dir='ltr'>τοῦ</span> <span class='ocrx_word' id='word_1_707' title='bbox 845 3241 925 3286; x_wconf 77' lang='grc' dir='ltr'>Διὸς</span> <span class='ocrx_word' id='word_1_708' title='bbox 943 3242 1083 3295; x_wconf 76' lang='grc' dir='ltr'>ἐφαψα-</span> <span class='ocrx_word' id='word_1_709' title='bbox 1137 3238 1347 3281; x_wconf 72' lang='lat' dir='ltr'>compescuit·</span> 
     </span>
     <span class='ocr_line' id='line_1_77' title="bbox 57 3294 590 3352; baseline 0.011 -19"><span class='ocrx_word' id='word_1_710' title='bbox 57 3294 142 3345; x_wconf 77' lang='grc' dir='ltr'>μένη</span> <span class='ocrx_word' id='word_1_711' title='bbox 153 3327 163 3345; x_wconf 86' lang='grc'>,</span> <span class='ocrx_word' id='word_1_712' title='bbox 179 3297 242 3345; x_wconf 73' lang='grc' dir='ltr'>τὴν</span> <span class='ocrx_word' id='word_1_713' title='bbox 261 3298 365 3352; x_wconf 88' lang='grc' dir='ltr'>ὂργὴν</span> <span class='ocrx_word' id='word_1_714' title='bbox 380 3298 590 3339; x_wconf 83' lang='grc' dir='ltr'>κατέπαυσε.</span> 
     </span>
    </p>
   </div>
   <div class='ocr_carea' id='block_1_22' title="bbox 107 3355 2166 3445">
    <p class='ocr_par' dir='ltr' id='par_1_24' title="bbox 107 3355 2166 3445">
     <span class='ocr_line' id='line_1_78' title="bbox 107 3355 2166 3414; baseline -0 -20"><span class='ocrx_word' id='word_1_715' title='bbox 107 3355 162 3407; x_wconf 76' lang='lat'>(2)</span> <span class='ocrx_word' id='word_1_716' title='bbox 186 3356 366 3408; x_wconf 86' lang='grc' dir='ltr'>Νυκτίμου</span> <span class='ocrx_word' id='word_1_717' title='bbox 393 3356 429 3395; x_wconf 79' lang='grc' dir='ltr'>δὲ</span> <span class='ocrx_word' id='word_1_718' title='bbox 450 3357 514 3405; x_wconf 74' lang='grc' dir='ltr'>τὴν</span> <span class='ocrx_word' id='word_1_719' title='bbox 546 3359 724 3411; x_wconf 85' lang='grc' dir='ltr'>βασιλείαν</span> <span class='ocrx_word' id='word_1_720' title='bbox 759 3357 1042 3414; x_wconf 73' lang='grc' dir='ltr'>παραλαὸόντος,</span> <span class='ocrx_word' id='word_1_721' title='bbox 1063 3359 1081 3395; x_wconf 81' lang='grc' dir='ltr'>ὁ</span> <span class='ocrx_word' id='word_1_722' title='bbox 1181 3365 1226 3406; x_wconf 82' lang='grc'>(2)</span> <span class='ocrx_word' id='word_1_723' title='bbox 1239 3365 1416 3405; x_wconf 88' lang='lat' dir='ltr'>Postquam</span> <span class='ocrx_word' id='word_1_724' title='bbox 1429 3363 1598 3404; x_wconf 87' lang='lat' dir='ltr'>Nyctimus</span> <span class='ocrx_word' id='word_1_725' title='bbox 1611 3370 1744 3403; x_wconf 84' lang='lat' dir='ltr'>regnum</span> <span class='ocrx_word' id='word_1_726' title='bbox 1760 3361 2166 3403; x_wconf 86' lang='lat' dir='ltr'>susceperat,Deucalionis</span> 
     </span>
     <span class='ocr_line' id='line_1_79' title="bbox 2060 3416 2108 3445; baseline 0.021 -1"><span class='ocrx_word' id='word_1_727' title='bbox 2060 3416 2108 3445; x_wconf 83' lang='lat' dir='ltr'>ll.</span> 
     </span>
    </p>
   </div>
   <div class='ocr_carea' id='block_1_23' title="bbox 1104 1914 1108 2100">
    <p class='ocr_par' dir='ltr' id='par_1_25' title="bbox 1104 1914 1108 2100">
     <span class='ocr_line' id='line_1_80' title="bbox 1104 1914 1108 2100; baseline 0 1584"><span class='ocrx_word' id='word_1_728' title='bbox 1104 1914 1108 2100; x_wconf 95' lang='lat' dir='ltr'> </span> 
     </span>
    </p>
   </div>
   <div class='ocr_carea' id='block_1_24' title="bbox 1105 2574 1109 2661">
    <p class='ocr_par' dir='ltr' id='par_1_26' title="bbox 1105 2574 1109 2661">
     <span class='ocr_line' id='line_1_81' title="bbox 1105 2574 1109 2661; baseline 0 1023"><span class='ocrx_word' id='word_1_729' title='bbox 1105 2574 1109 2661; x_wconf 95' lang='lat' dir='ltr'> </span> 
     </span>
    </p>
   </div>
  </div>
 </body>
</html>
