2320 3684
919 134 1148 176 MARMOR

1176 132 1390 174 PARIUM.

1257 241 1352 282 Annus

1217 304 1380 329 'mai-moris.

127 384 176 428 48
204 385 239 422 A
253 394 331 432 quo
342 379 391 418 ad
403 379 672 418 Marathonem
683 392 814 430 pugna
828 381 1025 418 commissa
1038 389 1095 419 est
1105 380 1152 418 ab

205 439 502 478 Atheniensibus
520 446 654 476 contra
667 442 813 484 Persas,
827 448 865 477 et
879 441 1152 490 Artaphernem

204 498 313 537 Darii
332 506 531 549 nepotem,
557 497 747 535 exercitus
769 497 925 546 ducem,
950 510 1025 549 qua
1046 498 1151 536 vice-

204 566 295 597 runt
315 556 585 605 Athenienses,
609 556 700 593 anni
720 558 951 604 CCXXVII,
972 558 1153 595 archonte

205 616 367 656 Athenis
394 615 564 654 secundo
587 615 819 664 Phoemppoe
850 617 890 653 in
911 629 989 666 quo
1018 616 1153 667 proelio

205 690 282 715 una
315 675 476 715 certavit
507 674 710 725 AEschylus
739 683 854 726 poeta
892 688 1011 712 annos
1040 683 1153 713 natus

204 738 370 774 XXXV.
450 729 461 745 ⁹

126 799 177 844 ⁴9
206 794 239 834 A
255 806 333 845 quo
346 791 576 839 Simonides,
592 791 799 830 Simonidis
814 800 940 843 poetae
960 804 1067 840 avus,
1087 792 1153 842 qui

205 860 243 891 et
261 857 338 902 ipse
354 851 426 888 fuit
453 858 584 902 poeta,
603 854 723 887 vincit
735 850 915 896 Atheni53
938 858 977 888 et
1011 851 1152 889 Darius

206 912 291 951 obit
304 941 314 959 ‚
327 914 478 950 Xerxes
492 924 584 949 vero
600 909 684 961 ejus
704 910 803 948 filius
825 912 949 948 Persis
963 911 1129 962 imperat
1143 940 1152 958 ‚

205 974 298 1008 anni
315 969 535 1022 [CCX]XV‚
573 969 759 1007 archonte
780 969 938 1007 Athenis
969 969 1151 1007 Aristide.

128 1029 175 1068 50
202 1033 237 1068 A
267 1041 346 1079 quo
375 1027 580 1078 AEschylus
615 1036 731 1078 poeta
767 1027 952 1078 tragoedia
984 1029 1153 1079 primum

203 1087 313 1134 vicit,
335 1094 374 1123 et
393 1086 597 1137 Euripides
613 1094 729 1137 poeta
745 1095 858 1124 natus
881 1095 952 1134 est,
975 1095 1014 1124 et
1030 1088 1152 1127 Stesi-

205 1145 343 1184 chorus
357 1152 472 1195 poeta
485 1149 521 1181 in
533 1145 721 1183 Graeciam
733 1149 848 1194 venit,
860 1146 950 1183 anni
960 1148 1153 1194 CCXXII,

205 1203 390 1242 archonte
409 1202 572 1241 Athenis
592 1203 818 1241 Philocrate.

128 1262 174 1301 51
204 1265 240 1301 A
260 1274 340 1313 quo
361 1263 514 1300 Xerxes
529 1261 773 1312 navigiorum
792 1270 950 1312 pontem
968 1261 1099 1312 junxit
1114 1263 1154 1301 in

205 1320 471 1370 Hellesponto,
481 1327 520 1358 et
531 1319 723 1358 Athonem
734 1319 915 1371 perfodit,
930 1329 968 1358 et
981 1322 1022 1359 in
1029 1322 1156 1360 Ther-

204 1378 369 1429 mopylis
386 1390 515 1429 pugna
529 1379 733 1416 commissa
745 1387 814 1426 est,
835 1386 873 1417 et
891 1391 1021 1430 pugna
1036 1393 1152 1417 nava-

203 1437 250 1475 lis
269 1451 291 1476 a
310 1437 452 1476 Graecis
473 1436 521 1475 ad
539 1437 769 1475 Salaminem
787 1446 922 1476 contra
938 1441 1089 1486 Persas,
1112 1439 1150 1476 in

204 1509 279 1546 qua
301 1496 475 1533 vicerunt
488 1495 631 1542 Graeci,
652 1496 741 1533 anni
756 1498 947 1544 CCXVII,
967 1497 1152 1536 archonte

203 1554 361 1592 Athenis
383 1553 562 1594 Calliade.

125 1611 174 1650 52
203 1616 238 1650 A
247 1625 325 1664 quo
333 1612 381 1650 ad
389 1613 544 1650 Plataeas
553 1625 681 1663 pugna
690 1613 893 1651 commissa
905 1621 962 1651 est
975 1613 1024 1652 ab
1034 1614 1151 1653 Athe-

205 1670 399 1708 niensibus
420 1678 556 1709 contra
573 1670 819 1709 Mardonium
837 1673 978 1710 Xerxis
1001 1673 1150 1722 ducem,

203 1730 244 1767 in
274 1743 351 1780 qua
378 1730 556 1767 'vicerunt
577 1730 844 1777 Athenienses,
867 1739 906 1768 et
924 1732 1152 1770 Mardonius

203 1788 385 1827 occubuit
399 1788 440 1826 in
458 1802 607 1840 pugna,
627 1797 664 1828 et
680 1789 778 1841 ignis
794 1789 953 1828 defluxit
972 1795 1009 1828 in
1025 1793 1152 1829 Sicilia

203 1847 303 1885 circa
317 1850 484 1896 AEtnam‚
507 1847 597 1886 anni
614 1849 779 1898 CCXVI,
794 1848 978 1888 archonte
992 1850 1152 1888 Athenis

203 1906 416 1957 Xantippo.

127 1964 175 2002 53
205 1966 241 2001 A
260 1977 338 2014 quo
368 1963 489 2001 Gelon
511 1963 739 2001 Dinomenis
759 1964 859 2002 filius
881 1966 1072 2013 Syracusis
1086 1974 1150 2016 ty—

203 2019 403 2060 rannidem
429 2021 654 2073 occupavit,
686 2023 775 2061 anni
794 2023 925 2062 CCXV
938 2052 948 2070 ‚
967 2025 1152 2064 archonte

203 2080 361 2119 Athenis
376 2080 633 2118 Timosthene.
695 2101 697 2103 >

125 2141 174 2185 54
203 2143 238 2178 Α
256 2153 334 2191 quo
349 2139 565 2178 Simonides
579 2140 792 2190 Leoprepis
808 2140 925 2190 filius,
939 2142 1064 2189 Ceius,
1085 2143 1150 2193 qui

203 2198 442 2237 memorandi
459 2206 581 2236 artem
598 2199 745 2236 invenit
757 2227 768 2248 ,
788 2199 880 2237 vicit
898 2201 1055 2239 Athenis
1075 2201 1149 2240 do-

199 2271 310 2304 cens,
339 2266 377 2295 et
405 2264 534 2295 statuae
556 2258 688 2309 positae
713 2257 866 2296 fuerunt
889 2260 1090 2298 Harmodii
1114 2269 1152 2298 et

206 2316 488 2368 Aristogitonis,
507 2317 597 2354 anni
611 2316 812 2368 CCXII[I],
831 2317 1015 2356 archonte
1032 2319 1152 2357 Athe-

201 2375 259 2413 nis
278 2375 496 2413 Adimanto.
777 2422 779 2424 Ι

124 2434 172 2472 55
203 2438 237 2472 A
267 2447 345 2484 quo
372 2434 489 2472 Hiero
528 2434 723 2483 Syracusis
757 2434 998 2484 tyrannidem
1031 2449 1148 2473 occu-

201 2493 322 2543 pavit,
342 2492 432 2530 anni
451 2494 629 2539 CCVIII,
659 2492 841 2530 archonte
862 2493 1016 2532 Athenis
1044 2495 1150 2534 Cha—

201 2560 292 2590 rete.
313 2551 419 2590 Vixit
436 2559 564 2589 autem
579 2560 617 2589 et
635 2551 887 2602 Epicharmus
905 2561 1016 2604 poeta
1037 2554 1150 2605 hujus

202 2619 387 2661 tempore.

123 2669 171 2707 56
202 2674 231 2707 A
246 2682 324 2720 quo
340 2667 550 2719 Sophocles
569 2669 733 2719 Sophilli
752 2670 864 2718 filius,
882 2672 949 2721 qui
967 2685 987 2708 e
1003 2673 1151 2711 Colono

202 2728 285 2774 suit,
301 2727 395 2765 vicit
414 2727 594 2778 tragoedia
608 2740 728 2766 annos
742 2737 853 2766 natus
865 2730 1046 2778 XXVIII,
1062 2732 1150 2769 anni

202 2789 329 2833 CCVI,
349 2785 535 2824 archonte
554 2786 709 2824 Athenis
725 2788 979 2838 Apsephione.

124 2846 171 2893 57
201 2848 235 2883 A
250 2858 328 2896 quo
346 2844 392 2882 ad
409 2847 526 2894 AEgos
541 2845 680 2883 flumen
700 2845 799 2896 lapis
812 2847 963 2895 cecidit,
980 2857 1018 2885 et
1030 2848 1151 2887 Simo-

201 2903 307 2941 nides
325 2911 442 2954 poeta
462 2902 559 2940 obiit
573 2904 694 2941 aetatis
708 2917 809 2941 anno
829 2908 915 2953 XC,
933 2908 1020 2943 anni
1042 2910 1149 2956 CCV,

201 2961 386 2999 archonte
401 2961 565 2999 Athenis
581 2962 839 3012 Theagenide.

124 3019 171 3057 58
201 3023 234 3058 A
261 3033 338 3070 quo
370 3020 582 3058 Alexander
606 3020 723 3068 obiit,
754 3021 853 3059 filius
888 3031 1014 3060 autem
1048 3023 1150 3061 illius

199 3078 400 3116 Perdiccas
452 3078 727 3117 Macedonibus
775 3081 978 3131 imperavit
991 3110 1000 3128 ,
1060 3083 1147 3118 anni

200 3139 376 3184 CXCIX,
395 3137 579 3174 archonte
595 3138 756 3176 Athenis
777 3140 986 3190 Euthippo.

122 3197 171 3247 59
200 3201 235 3235 A
252 3210 329 3247 quo
342 3196 543 3246 AEschylus
564 3206 691 3247 poeta,
710 3211 829 3248 quum
849 3199 1009 3236 vixisset
1028 3212 1148 3237 annos

199 3257 329 3294 LXIX
341 3285 352 3303 ,
392 3254 489 3292 obiit
523 3255 563 3292 in
600 3259 692 3293 Gela
726 3257 863 3295 Siciliae
897 3257 994 3295 urbe
1008 3288 1018 3306 ‚
1057 3259 1145 3296 anni

199 3318 375 3362 CXCIII,
395 3314 577 3352 archonte
597 3315 757 3353 Athenis
773 3317 889 3355 Callia
908 3317 1047 3367 primo.

1271 393 1345 427 227

1256 432 1363 485 (226)

1175 788 1249 825 225
1277 790 1335 827 vel
1362 790 1436 826 226

1257 841 1362 894 (225)

1417 916 1423 937 i

1268 1036 1343 1061 222

1253 1076 1362 1129 (221)

1265 1272 1339 1306 217

1255 1311 1360 1363 (216)

1267 1612 1341 1649 216

1251 1664 1358 1716 (215)

1264 1963 1340 2001 215

1251 2017 1356 2068 (214)

1251 2141 1359 2192 21[3]

1264 2436 1339 2473 208

1473 256 1582 282 rex-iod.
1606 255 1706 282 Julian.

1483 305 1577 328 Annus
1584 303 1697 328 medius.

1540 387 1640 430 4224

1539 791 1642 829 4225

1542 1029 1645 1077 4229

1540 1261 1640 1306 4234

1540 1613 1641 1657 4235
1684 1649 1688 1654 ,

1535 2442 1637 2481 4242

1536 2674 1638 2718 4245

1535 2852 1637 2895 4246

1536 3025 1637 3071 4253

1534 3201 1634 3245 4258

1864 153 1867 157 ’
2138 138 2207 176 551

1773 305 1879 336 olymp.
1895 311 1918 330 ¹.
2037 307 2121 332 Attio.

1807 382 1897 431 72,3
1973 381 2183 432 Phoenippo

2019 437 2057 472 ΙΙ
2077 448 2140 473 ar-

2001 487 2154 526 chonte.

1808 798 1896 842 72,4
1998 793 2169 831 Aristide

1983 848 2178 884 archonte.
2232 888 2238 898 Ι

1810 1028 1898 1074 73,4
2013 1028 2143 1066 Philo-

1988 1090 2091 1119 crate
2106 1095 2171 1119 ar-

1999 1134 2156 1173 chonte.

1811 1262 1895 1309 75‚¹
1995 1262 2162 1300 Calliade

1982 1315 2177 1353 archonte.

1810 1615 1899 1662 75,2
1975 1616 2179 1666 Xantippo

1981 1668 2176 1707 archonte.

1836 1967 1898 2015 5‚3
2013 1969 2147 2006 Tinio-

1961 2020 2110 2060 .sthene
2126 2035 2187 2059 ar-

2001 2074 2155 2113 chonte.

1807 2143 1897 2191 75,4
1974 2144 2186 2182 Adimanto

1979 2198 2175 2236 archonte.

1808 2451 1893 2485 77,1
1999 2438 2161 2476 Charete

1980 2492 2176 2529 archonte.

1808 2680 1899 2720 77,4
1980 2674 2180 2724 Apsephi-

1998 2740 2071 2763 one
2090 2740 2156 2764 ar-

2001 2780 2154 2818 chonte.

1810 2862 1828 2895 7
1836 2849 1871 2897 8,
1881 2863 1894 2885 1
1974 2850 2183 2901 Theageni-

2012 2903 2058 2940 de
2078 2917 2142 2941 ar-

2000 2957 2151 2994 chonte.

1805 3031 1893 3075 79,4
1972 3027 2172 3078 Euthippo

1977 3080 2172 3118 archonte.

1802 3203 1823 3238 8
1833 3216 1845 3239 1
1855 3230 1865 3249 ,
1874 3216 1888 3239 1
1998 3204 2118 3242 Callia
2135 3208 2153 3242 Ι

1969 3257 2171 3296 archonte.
