2320 3684
736 165 1068 206 APOLLODORI
1096 167 1429 208 FRAGMENTA.

22 268 60 306 p.
76 254 119 291 61
129 268 165 304 9,
177 257 222 292 A.
238 253 398 291 Photius
412 252 450 290 in
461 254 573 290 Lex.:
587 249 798 304 Λιτυέρσαν,
815 250 908 304 ᾠδήν
921 267 1000 290 τινα
1009 251 1052 299 ἥν

2062 181 2137 214 435

1120 256 1281 300 ductam,
1303 258 1389 292 deos
1409 258 1535 292 laneos
1540 258 1659 306 pedes
1676 257 1823 296 habere.
1842 260 2057 311 Significat&
2068 277 2153 304 vero

23 311 163 365 ᾄδουσιν
183 313 214 350 οἳ
232 310 430 365 Θερίζοντες,
444 311 490 353 ὡς
509 307 682 361 ἐπίσημόν
699 324 777 348 τινα
799 309 967 361 γεγονότα
983 313 1052 349 τῶν
1111 315 1250 351 decimo
1266 330 1391 352 mense
1412 331 1535 354 semen
1550 322 1588 355 in
1613 328 1714 356 utero
1727 324 1934 359 animatum
1954 325 2009 360 ad
2023 319 2139 364 vibam

21 372 184 409 παλαιῶν
215 370 273 410 τὸν
299 367 498 423 Αιτυέρσαν
535 368 822 421 ἀνακαλούμενοι.
845 370 1052 408 Eichstadt.

21 433 81 468 De
99 429 217 469 dram.
238 436 472 479 com-satyr.
490 442 528 480 p.
550 429 597 466 16
614 441 698 480 sqq.

504 499 568 537 38.

76 563 240 615 Hesych.
256 579 264 601 :
278 562 441 618 Ἀγρεὺςδ
451 564 531 603 Πᾶν
544 561 642 617 παρὰ
655 562 859 612 Ἀθηναίοις,
875 563 920 606 ὥς
933 563 1057 602 Ἀπολ-

22 623 183 677 λόδωρος.
204 627 263 662 Ex
282 624 418 663 eodem
442 624 679 675 Apollodoro
702 625 859 662 fluxisse
878 624 1058 662 videntur

23 697 109 735 quae
123 683 170 721 de
184 683 370 735 flagellata
386 683 499 721 Panis
510 691 634 721 statua
643 692 849 721 narrantur
860 697 921 735 ap.
931 683 1056 722 schol.

22 742 216 782 Theocriti
234 746 330 791 VII,
356 756 441 790 107.

76 860 240 900 Suidas:
263 859 524 914 Ἄμφιφῶντες,
553 861 768 904 πλακοῦντος
796 853 900 904 εἶδος·
939 857 1062 903 οἵτινες

23 918 195 972 ἐγίνοντο,
218 918 276 958 ὅτε
293 922 312 958 ὁ
336 918 432 966 ἥλιος
460 918 520 957 καὶ
547 921 569 966 ἡ
599 918 729 967 σελήνη
767 914 861 974 πρωῒ
882 918 969 972 ὑπὲρ
997 921 1061 970 γῆς

25 977 218 1033 φαίνονται.
236 976 288 1018 Ἢ
305 975 359 1017 ὅτι
376 976 535 1030 ἐκόμιζον
551 977 655 1017 αὐτὸν
674 978 740 1029 (sc.
755 977 814 1017 τὸν
827 979 1060 1028 πλακοῦντα),

24 1036 128 1092 δαδία
163 1036 309 1089 ἡμμένα
336 1036 610 1091 περιπηγνύντες
644 1036 700 1076 ἐπ’
725 1037 822 1091 αὐτῷ
834 1053 842 1061 ·
867 1034 914 1081 ὥς
955 1052 1060 1090 φησιν

23 1102 298 1156 Ἀπολλόδωρος.

76 1162 132 1201 Cf.
145 1176 183 1200 v.
201 1161 409 1201 Ἀνάστατοι
498 1160 729 1212 ὀνομάζονται
747 1159 783 1199 δὲ
801 1160 1039 1215 Ἀμφιφῶντες
1050 1191 1059 1209 ,

22 1222 70 1265 ὥς
89 1220 152 1272 μέν
172 1236 280 1269 τινες,
299 1219 352 1259 ὅτι
367 1219 447 1258 τότε
463 1220 637 1272 γίνονται,
656 1218 714 1259 ὅτε
740 1219 837 1267 ἥλιός
859 1235 898 1258 τε
920 1219 981 1258 καὶ
998 1235 1061 1258 σε-

22 1278 112 1327 λήνη
130 1274 224 1333 πρωῒ
244 1278 330 1333 ὑπὲρ
351 1281 415 1330 γῆς
433 1278 635 1332 φαίνονται·
656 1280 703 1322 ὡς
725 1277 762 1317 δὲ
783 1277 1059 1331 Ἀπολλόδωρος,

23 1336 77 1377 ὅτι
94 1337 295 1389 κομίζουσιν
328 1336 453 1381 αὐτοὺς
472 1337 572 1391 δαδία
598 1336 744 1388 ἡμμένα
769 1335 1061 1390 παραπηγνύντες

0 1429 1 1432 ¹
22 1396 79 1437 ἐπ’
111 1392 238 1435 αὐτῶν.
267 1397 390 1448 Igitur
423 1405 620 1448 postrema
651 1404 800 1434 tantum
834 1395 1060 1447 Apollodori

25 1466 124 1496 sunt.
143 1457 198 1495 Cf.
217 1457 355 1495 Pollux
373 1455 440 1496 lib.
458 1456 607 1505 V1,75‚
623 1455 834 1506 Hesych.v.
846 1454 1059 1508 Ἀμφιφόων,

23 1515 236 1555 casaubon.
255 1515 304 1554 ad
322 1515 458 1553 Athen.
479 1518 587 1563 XIV,
602 1528 640 1566 p.
655 1515 745 1562 645,
765 1518 812 1552 A.

75 1650 231 1689 Suidas:
253 1649 499 1705 Ταυροπόλον·
519 1649 584 1697 τὴν
603 1649 766 1704 Ἄρτεμιν
781 1665 789 1674 ·
808 1648 863 1688 ὅτι
876 1651 922 1694 ὡς
935 1654 1060 1704 ταῦρος

21 1708 169 1764 περίεισι
189 1708 319 1759 πάντα,
335 1711 383 1754 ὣς
403 1708 671 1764 Ἀπολλόδωρος.

60 1767 236 1818 Eadem,
260 1768 327 1807 sed
357 1782 434 1807 non
470 1770 670 1807 nominato
700 1769 961 1820 Apollodoro,
996 1782 1058 1820 ap.

22 1829 148 1878 Etym.
169 1831 222 1866 M.
245 1841 283 1866 v.
303 1826 546 1882 Ταυροπόλον.
579 1827 726 1866 Eadem.
743 1827 861 1866 habet
889 1827 998 1865 Phot.
1019 1828 1059 1865 in

21 1887 127 1935 Lex„
162 1886 336 1938 Apostol.
356 1890 506 1934 XVIII,
544 1889 606 1925 23».
640 1890 697 1925 Ex
715 1901 832 1938 opere
861 1885 941 1940 περὶ
971 1888 1058 1924 θεῶν
1087 1908 1091 1922 ι

21 1942 100 1982 haec
116 1958 199 1983 esse
212 1945 388 1984 desumta
406 1954 569 1997 apparet
582 1959 631 1983 ex
649 1945 774 1984 Sphol.
793 1945 842 1983 ad
860 1946 1057 1997 Aristoph.
1085 1941 1091 1990 ξ

21 2003 179 2054 Lysistr.
203 2010 275 2053 447
296 2018 303 2040 :
323 2002 380 2051 Νὴ
400 2002 464 2052 τὴν
482 2004 719 2059 ταυροπόλον]
742 2003 834 2043 οὕτω
850 2002 914 2052 τὴν
937 2003 1059 2058 Ἄρτε-
1086 1993 1091 2029 ξ

21 2075 83 2115 μιν
98 2061 256 2102 ἐκάλουν.
272 2061 349 2110 Τὴν
369 2061 406 2102 δὲ
425 2062 539 2102 αἰτίαν
560 2062 819 2117 Ἀπολλόδωρος
840 2064 875 2102 ἐν
895 2066 950 2117 τῷ
978 2063 1058 2118 περὶ

22 2121 124 2161 Θεῶν
152 2120 336 2160 ἐκτίθεται.
358 2119 466 2161 Ἐστι
485 2121 522 2160 δὲ
549 2120 606 2161 ὅτε
631 2122 691 2161 καὶ
719 2121 787 2169 τὴν
803 2121 1058 2170 Ἀθηνᾶνοῦτω

21 2179 199 2229 καλοῦσιν,
218 2181 271 2224 ὥς,
282 2179 491 2232 Ξενομήδης
508 2183 650 2235 ἱστορεῖ.

509 2253 573 2290 41.

74 2314 246 2355 Macrob.
264 2318 342 2354 Sat.
365 2319 403 2363 I,
428 2317 473 2354 8:
493 2318 569 2354 Cur
584 2327 708 2355 autem
727 2319 912 2355 Saturnus
929 2322 1006 2368 ipse
1020 2323 1056 2355 in

21 2374 251 2424 compedibus
280 2379 438 2422 visatur,
462 2379 612 2414 Verrius
638 2379 792 2414 Flaccus
822 2391 990 2414 caussam
1019 2391 1058 2414 se

23 2434 190 2483 ignorare
217 2436 312 2472 dicit.
354 2437 392 2470 V
387 2448 490 2472 erum
523 2437 613 2473 milii
637 2438 850 2485 Apollodori
875 2439 979 2473 lectio
1009 2441 1059 2473 sic

0 2515 1 2525 ι
21 2496 203 2543 suggerit:
224 2509 239 2525 «ι
255 2494 460 2531 Saturnum
478 2497 720 2544 Apollodorus
745 2498 898 2545 alligari
915 2499 971 2532 ait
983 2510 1061 2544 per
1085 2527 1090 2560 Ι

21 2563 162 2588 annum
179 2554 287 2589 laneo
302 2556 469 2599 vinculo,
480 2563 519 2591 et
529 2557 618 2591 solvi
637 2556 692 2591 ad
704 2556 800 2591 diem
821 2554 889 2591 sibi
892 2555 1053 2602 festum,
1084 2570 1089 2592 ;

22 2610 63 2646 id
77 2619 131 2648 est
154 2625 279 2648 mense
293 2612 360 2649 hoc
376 2612 572 2659 decembri,
593 2623 702 2663 atque
722 2616 807 2650 inde
824 2614 1055 2663 proverbium
1083 2631 1089 2674 Ι

62 2778 180 2823 Ἂγρώς
196 2780 231 2822 (i.
248 2789 277 2813 e.
287 2783 464 2814 venationi
474 2737 681 2824 pfgjectus)
693 2785 764 2816 Pan
778 2784 959 2825 appellatur
969 2784 1054 2825 apud

22 2825 244 2868 Athenienses,
259 2830 345 2862 teste
365 2829 572 2871 Apollodoro.

53 2920 326 2964 mphcphonws-
334 2924 439 2965 (quasi
449 2879 758 2966 Girgiimluoentes),
772 2925 994 2967 placentarum
1009 2935 1057 2967 ge-

23 2973 102 3006 nus,
119 2976 194 3008 quae
209 2971 288 3002 tunc
300 2971 510 3013 parabantur,
530 2981 631 3013 quum
649 2973 697 3004 sol
711 2975 743 3005 et
758 2973 839 3005 luna>
850 2982 945 3005 mane
957 2982 1056 3014 supra

23 3012 141 3046 terram
156 3019 357 3057 apparerent.
374 3019 434 3050 Vel
448 3019 494 3051 sie
506 3019 687 3061 appellatae,
701 3021 789 3061 quod
812 3029 867 3053 eas
886 3020 1054 3052 circumse-

25 3059 152 3102 rolant,
180 3062 296 3096 faculis
323 3064 513 3099 ardentibus
534 3066 658 3100 circum
676 3076 731 3100 eas
745 3068 889 3109 undique
904 3067 998 3107 fixis,
1018 3070 1055 3099 ut

23 3107 237 3148 Apollodorus
251 3111 357 3144 docet.

65 3203 263 3246 Ταυροπόλον
279 3205 417 3238 Dianam
437 3163 568 3247 dicuii(t);
596 3209 684 3249 quod
713 3217 770 3241 ceu
801 3212 914 3242 taurus
944 3210 1052 3242 omnia

25 3253 200 3283 circumeat
211 3254 244 3283 et
257 3252 390 3294 lustret3
410 3256 448 3286 ut
467 3255 682 3296 Apollodorus
698 3256 752 3288 ait.

67 3343 202 3377 Aeroria·
220 3345 363 3386 (summa
378 3356 453 3389 pars
469 3304 603 3391 misius)
617 3373 626 3390 ,
649 3351 742 3392 quus
765 3350 884 3382 incolae
899 3350 1052 3382 dicuntur

27 3389 198 3432 Aci-oritae3
215 3391 295 3426 istac
305 3402 381 3427 vero
395 3396 610 3437 appellatione
624 3397 711 3439 apud
722 3397 892 3438 Sicyonios
905 3397 1050 3430 Bacchus

1111 376 1352 422 grandescere
1367 390 1379 411 .·
1395 379 1503 425 quod,
1526 379 1640 415 donec
1658 386 1882 430 erumpatin
1902 385 2031 430 lucem,
2053 389 2143 422 mol-

1114 431 1208 469 libus
1223 443 1372 471 naturoe
1386 439 1544 473 vinculis
1560 439 1752 477 detinetur.
1770 457 1785 474 »

1605 501 1667 542 42.

1169 555 1275 594 Idem
1308 561 1345 606 Ι,
1374 572 1451 596 20:
1479 564 1730 612 AE'sculapium
1761 576 1850 602 vero
1880 570 2036 606 eundem
2068 584 2147 608 esse

1115 623 1227 663 atque
1242 619 1466 666 Apollinem,
1490 633 1563 656 non
1591 624 1706 659 solum
1728 624 1814 660 hinc
1833 626 2026 674 probatur,
2050 631 2150 678 quod

1116 686 1166 710 ex
1179 676 1240 710 illo
1259 685 1370 712 natus
1382 680 1552 723 creditum
1568 682 1636 716 sed
1654 684 1754 730 quod
1768 687 1804 719 ei
1816 693 1853 720 et
1869 689 1936 732 jus
1951 688 2147 724 divinatio-

1117 736 1175 769 nis
1198 735 1419 785 adjungitur.
1440 738 1539 774 Nam
1557 741 1797 787 Apollodorus
1819 747 1856 778 in
1887 743 1997 790 libris,
2021 746 2149 795 quibus

1119 794 1243 828 titulus
1255 802 1311 830 est
1332 793 1411 846 περὶ
1435 796 1534 841 θεῶν,
1556 797 1680 835 scribit
1693 802 1793 848 qaod
1803 805 2036 854 AEsculapius
2054 808 2147 842 divi-

1119 851 1327 888 nationibus
1342 862 1380 889 et
1393 859 1706 904 auguriisproesit.
1718 859 1796 895 Nec
1810 865 1956 907 mirum,
1973 867 2148 913 siquidem

1119 910 1315 947 medicina?
1331 921 1443 961 atque
1462 914 1724 952 divinationum
1742 924 1958 957 consociatae
1981 933 2071 960 sant
2087 925 2148 960 di—

1118 971 1295 1017 sciplinoe.

1174 1029 1342 1066 Omnino
1363 1029 1475 1080 plura
1489 1030 1527 1067 in
1544 1031 1733 1070 Macrobii
1750 1035 2004 1076 Saturnalium
2024 1040 2151 1090 primo

1119 1099 1167 1123 ex
1189 1087 1420 1138 Apollodori
1444 1101 1561 1139 opere
1590 1090 1664 1127 isto
1693 1090 1829 1130 hausta
1858 1106 1938 1132 esse
1966 1099 2152 1148 suspicari

1120 1145 1219 1182 licet.
1265 1149 1445 1194 Hcynius.

1173 1264 1306 1315 steph.
1329 1266 1418 1315 Byz.
1434 1279 1442 1300 ε
1465 1264 1654 1320 Ἀκρώρεια
1666 1297 1676 1315 ,
1693 1266 1799 1320 ἄκρον
1818 1267 1933 1321 ὄρους,
1951 1271 1986 1308 ἐν
2004 1265 2033 1324 ᾧ
2047 1274 2078 1310 οἱ
2098 1274 2152 1312 οἷ·-

1119 1326 1257 1366 κοῧντες
1281 1323 1519 1378 Ἀκρωρεῖται.
1546 1324 1653 1364 Οὕτω
1673 1325 1709 1365 δὲ
1740 1327 1838 1381 παρὰ
1857 1329 2061 1373 Σικυωνίοις
2081 1333 2155 1369 ἐτι-

1120 1388 1212 1434 μᾶτο
1236 1383 1269 1433 [ὁ
1292 1382 1486 1434 Διόνυσος].
1525 1383 1713 1425 Ἐκαλεῖτο
1733 1385 1770 1424 δὲ
1804 1385 1901 1440 παρὰ
1930 1387 1993 1439 μὲν
2012 1391 2155 1428 Σικυω-

1118 1440 1200 1485 νίοις
1220 1441 1467 1496 Ἀκρωρείτης,
1496 1442 1593 1497 παρὰ
1612 1443 1647 1482 δὲ
1685 1445 1960 1490 Μεταποντίνοις
1987 1447 2154 1503 Ἐρίιριος.

1120 1500 1378 1556 Ἀπολλόδωρός
1397 1517 1513 1556 φησιν.

1608 1562 1688 1600 44.-

1173 1620 1301 1659 Idem:
1323 1619 1490 1668 Ἰλισσὸς,
1514 1620 1671 1671 ποταμὸς
1689 1624 1751 1669 τῆς
1772 1623 1949 1672 Ἀττικῆς,
1971 1626 2033 1663 «ἐν
2053 1618 2082 1663 ὦ
2099 1642 2157 1664 τι-

1120 1675 1256 1724 μῶνται
1294 1674 1330 1711 αἱ
1367 1674 1510 1712 Μοῦσαι
1541 1673 1746 1719 Ἰλισσίδες»
1759 1706 1770 1724 ,
1805 1678 1852 1721 ὡς
1884 1677 2154 1732 Ἀπολλόδωρος.

1119 1735 1203 1771 Hoc
1218 1763 1228 1781 ,
1249 1735 1348 1771 sicut
1362 1732 1466 1784 quod
1485 1733 1677 1772 antecedit
1697 1735 1956 1786 fragmentum
1981 1739 2155 1789 Heynius

1119 1792 1168 1831 ad
1188 1792 1409 1844 Periegesin
1428 1793 1659 1845 Apollodori
1678 1795 1819 1833 retulit.

1565 1878 1703 1889 ,ψ-

1526 1921 1754 1960 ΧΡΟΝΙΚΑ

1602 2004 1672 2028 slve

1421 2056 1612 2087 XPONJKH
1635 2057 1849 2089 ΣΥΝΤΑΞιΣ.

1172 2126 1228 2159 De
1246 2121 1320 2159 hoc
1344 2120 1445 2158 libro
1475 2123 1662 2170 Scymnus
1682 2121 1799 2160 Chius
1831 2136 1863 2159 v.
1894 2123 1939 2159 16
1961 2136 2042 2174 sqq.
2061 2123 2155 2161 dicit

1118 2181 1199 2219 haec
1216 2193 1225 2219 ε

1200 2250 1291 2282 Ἔστι
1306 2250 1332 2282 δ’
1354 2249 1375 2281 ἃ
1396 2249 1503 2292 γράφω
1518 2251 1658 2280 τοιαῦτα.
1677 2250 1749 2286 Τοῖς
1764 2249 1795 2280 ἐν
1812 2249 1968 2291 Περγάμῳ

1202 2298 1395 2339 βασιλεῦσιν,
1419 2296 1462 2327 ὧν
1475 2298 1495 2334 ἡ
1513 2295 1586 2331 δόξα
1599 2297 1653 2327 καὶ
1665 2296 1857 2334 τεθνηκότων

1199 2345 1284 2387 παρὰ
1298 2347 1394 2377 πᾶσιν
1408 2346 1481 2384 ἡμῖν
1499 2345 1586 2380 ζῶσα
1599 2343 1649 2374 διὰ
1663 2343 1776 2380 παντὸς
1794 2343 1888 2384 μένει,

1199 2395 1263 2424 τῶν
1278 2392 1423 2423 Ἀττικῶν
1438 2402 1484 2427 τις
1500 2390 1638 2431 γνησίων
1652 2402 1686 2422 τε
1699 2390 1882 2432 φιλολόγων,

1199 2440 1333 2480 γεγονὼς
1348 2438 1504 2476 ἀκουστὴς
1519 2437 1682 2478 Διογένους
1698 2441 1753 2469 τοῦ
1769 2439 1919 2476 Στωϊκοῦ,

1200 2486 1438 2528 συνεσχολακὼς
1453 2486 1486 2517 δὲ
1503 2486 1598 2517 πολὺν
1620 2484 1808 2527 Ἀριστάρχῳ
1823 2485 1944 2527 χρόνον,

1200 2534 1375 2570 συνέταξατ’
1392 2533 1454 2565 ἀπὸ
1468 2536 1522 2571 τῆς
1538 2534 1679 2575 Τρωῖκῆς
1694 2533 1841 2569 ἁλώσεως

1199 2581 1422 2624 χρονογραφίαν
1439 2582 1629 2622 στοιχοῦσαν
1648 2579 1719 2622 ἄχρι
1739 2582 1793 2611 τοῦ
1809 2582 1861 2610 νῦν
1883 2578 1962 2620 βίου.

1199 2630 1278 2668 'Eva
1294 2630 1327 2662 δὲ
1342 2627 1565 2671 τετταράκοντα
1580 2628 1654 2670 πρὸς
1668 2630 1731 2664 τοῖς
1749 2627 1858 2668 χιλίοις

1119 2729 1342 2762 honorabatur
1359 2739 1366 2759 ε
1386 2727 1566 2760 vocabatur
1580 2728 1688 2759 autem
1703 2725 1789 2766 apud
1805 2724 1972 2765 Sicyonios
1991 2724 2149 2756 Acrorita.

1115 2777 1203 2819 apud
1218 2775 1457 2818 Metapontinos
1466 2774 1619 2816 Eriphius
1635 2797 1644 2813 ,
1663 2775 1700 2806 ut
1714 2771 1927 2814 Apollodorus
1943 2771 2100 2812 perhibet.

1602 2834 1664 2866 44.

1160 2891 1287 2929 Ilissus,
1303 2890 1422 2921 Atticae
1436 2888 1568 2927 fluvius,
1588 2886 1629 2918 ad
1644 2893 1741 2927 quem
1758 2885 1909 2917 coluntur
1924 2886 2030 2916 Musae
2052 2884 2147 2916 Ilissi-

1114 2939 1184 2978 des,
1202 2940 1240 2969 ut
1258 2936 1472 2978 Apollodorus
1491 2935 1597 2967 refert.

1574 2999 1691 3009 *⁴0⁶-

1489 3052 1768 3091 CHRONICA.

1155 3114 1237 3150 Quae
1253 3111 1364 3143 scribo
1382 3112 1459 3142 sunt
1482 3109 1572 3141 talia.
1600 3109 1805 3150 Pergamenis
1833 3109 1977 3150 regibus,
2007 3119 2144 3151 qnorum

1113 3159 1214 3200 gloria
1229 3158 1327 3190 etiam
1356 3158 1561 3189 mortuorum
1590 3155 1678 3198 apud
1693 3164 1807 3188 omnes
1823 3165 1884 3188 nos
1913 3155 1990 3188 viva
2020 3165 2146 3198 sempor

1114 3209 1236 3248 manet,
1254 3207 1434 3239 Atticorum
1449 3205 1567 3246 aliquis
1586 3213 1805 3246 verorumque
1817 3203 2053 3245 philologorum
2067 3229 2075 3244 ,
2089 3207 2144 3246 qui

1112 3256 1217 3287 suerat
1243 3254 1371 3286 auditor
1396 3252 1550 3294 Diogenis
1570 3252 1682 3292 Stoici,
1708 3251 1952 3293 condiscipulus
1981 3261 2059 3284 vero
2078 3253 2144 3284 Ari-

1111 3303 1231 3335 starchi
1256 3302 1352 3343 longo
1370 3303 1517 3342 tempore
1532 3324 1541 3339 ,
1578 3299 1771 3340 conscripsit
1800 3308 1819 3331 a
1850 3300 1989 3340 Trojano
2017 3299 2144 3331 excidio

1112 3349 1401 3390 chronographiam
1414 3347 1676 3389 progredientem
1691 3355 1794 3387 usque
1807 3346 1846 3379 ad
1864 3349 2057 3388 praesentem
2072 3351 2144 3379 «νω-

1112 3399 1189 3429 tem.
1211 3398 1322 3429 Annos
1338 3398 1447 3428 autem
1463 3394 1680 3436 quadraginta
1693 3403 1790 3436 supra
1805 3393 1891 3427 mille
1904 3394 2033 3426 definite
2050 3402 2142 3435 expo-

1961 3456 2009 3484 28.
