2320 3684
891 143 1086 183 EPHORI
1115 144 1448 184 FRAGMENTA.

2157 154 2232 190 237

114 235 277 276 Pausan.
303 238 352 283 V,
371 234 427 285 8)·
458 232 589 285 Ἴφιτόν
617 247 655 270 τε
680 233 789 270 θεῖναι
815 229 874 269 τὸν
893 230 1138 281 Ὀλυμπιακὸν
1203 232 1232 269 δ’
1250 231 1453 287 Εὐρυσθένη
1474 230 1533 271 καὶ
1555 231 1718 286 Προκλῆ,
1738 228 1883 285 Ἄργους
1914 231 1951 271 δὲ
1969 233 2146 285 Τήμενον,
2173 236 2233 274 καὶ

113 296 245 345 ἀγῶνα,
265 296 365 348 ἱερῶν
385 292 492 332 ὄντων
510 293 579 330 τῶν
597 288 745 330 Ἠλείων
756 305 764 313 ·
784 291 824 328 ἐκ
838 288 879 337 δὴ
892 290 962 327 τῶν
973 287 1140 327 τοιούτων

114 351 257 399 αὔξησιν
277 350 397 391 λαὸεἷν
417 350 495 394 τοὺς
514 347 714 402 ἀνθρώπους
727 364 735 372 ·
757 350 826 386 τῶν
849 347 916 402 γὰρ
943 346 1058 386 ἄλλων
1088 347 1142 386 ἀεὶ

112 410 360 463 πολεμούντων
379 409 464 463 πρὸς
485 407 668 456 ἀλλήλους,
689 406 806 459 μόνοις
835 406 986 461 ὑπάρξαι
1007 404 1140 453 πολλὴν

113 468 270 522 εἰρήνην·
304 469 368 507 οὐκ
409 469 521 511 αὐτοῖς
558 465 676 518 μόνον,
711 465 801 505 ἀλλὰ
830 466 891 504 καὶ
926 471 998 509 τοῖς
1023 464 1140 513 ξένοις,

112 526 204 565 ὥστε
234 527 292 566 καὶ
325 527 535 580 εὖανδρῆσαι
567 524 724 577 μάλιστα
743 524 885 564 πάντων
909 522 1007 577 παρὰ
1027 528 1141 562 τοῦτο.

111 585 276 624 Φείδωνα
293 584 328 623 δὲ
339 585 396 624 τὸν
418 585 582 640 Ἀργεῖον,
602 583 746 622 δέκατον
763 583 825 635 μὲν
839 583 922 622 ὄντα
935 582 1004 621 ἀπὸ
1019 585 1052 622 Τ
1053 581 1144 634 ημέ-

110 659 183 691 νου,
204 644 349 695 δυνάμει
368 644 397 682 δ’
424 642 728 698 ὖπερὸεὸλημένον
748 641 826 686 τοὺς
852 642 928 680 κατ’
948 641 1064 690 αὐτὸν,
1083 642 1142 696 ἀφ’

110 698 152 751 ἧς
170 703 233 750 τήν
261 719 299 741 τε
322 702 420 750 λῆξιν
439 702 523 750 ὅλην
547 701 695 740 ἀνέλαὸε
719 701 783 749 τὴν
810 700 976 753 Τημένου
997 701 1142 739 διεσπα-

113 753 242 813 σμένην
252 762 414 806 εἷςπλείω
430 761 518 814 μέρη
529 777 537 785 ·
555 761 615 799 καὶ
635 760 746 815 με’τρα
765 760 877 814 ἐξεῦρε
889 759 932 798 τὰ
945 759 1142 799 Φειδώνεια

110 819 329 872 καλούμενα,
348 821 408 859 καὶ
429 819 622 871 σταθμοὺς,
650 819 710 858 καὶ
735 819 892 871 νόμισμα
915 818 1143 872 κεχαραγμέ-

115 895 181 927 νον,
203 878 244 918 τό
262 895 299 918 τε
324 879 423 928 ἄλλο,
443 879 503 921 καὶ
522 879 561 918 τὸ
581 881 771 933 ἀργυροῦν·
793 879 877 932 πρὸς
898 877 1046 927 τούτοις,
1066 879 1143 916 ἐπι-

111 938 229 977 θέσθαι
251 939 310 977 καὶ
333 944 410 984 ταῖς
444 939 500 992 ὑφ’
516 937 731 992 Ἡρακλέους
762 937 969 991 αἱρεθείσαις
991 937 1141 986 πόλεσι,

109 998 169 1036 καὶ
199 997 277 1041 τοὺς
303 1000 439 1048 ἀγῶνας
471 997 586 1043 ἀξιοῦν
613 998 745 1036 τιθέναι
777 996 892 1046 αὐτὸν,
927 996 985 1040 οὒς
1015 998 1143 1040 ἐκεῖνος

109 1057 229 1104 ἔθηκε·
249 1057 381 1095 τούτων
403 1056 439 1095 δὲ
460 1050 547 1095 εἶναι
572 1056 631 1095 καὶ
647 1056 706 1095 τὸν
729 1055 990 1108 Ὀλυμπιακόν-
1010 1056 1069 1094 καὶ
1098 1055 1139 1104 δὴ

104 1115 315 1168 βιασάμενον
336 1115 524 1155 ἐπελθόντα
541 1119 650 1156 θεῖναι
672 1117 794 1166 αὐτὸν,
811 1116 890 1156 οὔτε
906 1120 975 1156 τῶν
997 1116 1148 1157 Ἠλείων

103 1173 252 1226 ἐχόντων
278 1174 371 1213 ὅπλα
390 1174 480 1213 ὥστε
504 1174 663 1222 κωλύειν,
683 1175 740 1214 διὰ
758 1175 821 1224 τὴν
842 1176 1000 1230 εἰρήνην,
1019 1178 1088 1214 τῶν
1112 1191 1149 1214 τε

104 1233 220 1271 ἄλλων
251 1233 494 1288 κρατουμένων
522 1237 566 1287 τῇ
599 1235 795 1288 δυναστείᾳ·
822 1237 860 1274 οὗ
898 1235 966 1287 μὴν
1000 1234 1079 1279 τούς
1111 1251 1150 1287 γε

103 1291 261 1336 Ἠλείους
302 1292 502 1346 ἀναγράψαι
554 1291 617 1340 τὴν
657 1292 748 1332 θέσιν
787 1293 930 1341 ταύτην·
966 1292 1056 1332 ἀλλὰ
1089 1292 1150 1332 καὶ

104 1351 196 1390 ὅπλα
219 1351 417 1398 κτήσασθαι
447 1351 503 1391 διὰ
534 1356 656 1403 τοῦτο,
685 1352 745 1391 καὶ
771 1352 981 1405 ἀρξαμένους
1007 1354 1147 1391 ἐπικου-

106 1413 175 1463 ρεῖν
205 1410 320 1464 σφίσιν
353 1413 480 1456 αὐτοῖς·
517 1411 755 1465 συμπράττειν
783 1411 818 1450 δὲ
841 1412 901 1450 καὶ
922 1413 1148 1463 Λακεδαιμο-

104 1469 214 1516 υίους,
239 1469 306 1507 εἴτε
331 1470 569 1519 φθονήσαντας
597 1474 639 1523 τῇ
661 1470 717 1509 διὰ
735 1470 799 1518 τὴν
819 1470 959 1524 εἰρήνην
985 1470 1149 1523 εὐτυχίᾳ,

106 1527 175 1566 εἴτε
202 1527 260 1566 καὶ
281 1528 464 1582 συνεργοὺς
490 1528 576 1574 ἕξειν
604 1528 814 1580 νομίσαντας
843 1529 929 1582 πρὸς
962 1529 1001 1568 τὸ
1038 1545 1148 1568 κατα-

104 1588 209 1626 λῦσαι
228 1586 285 1624 τὸν
314 1586 478 1626 Φείδωνα
499 1587 719 1640 ἀφῃρημένον
739 1587 861 1631 αὐτοὺς
877 1587 940 1635 τὴν
959 1587 1149 1639 ἡγεμονίαν

107 1646 176 1683 τῶν
194 1645 502 1696 Πελοποννησίων,
519 1646 561 1694 ἣν
582 1648 706 1685 ἐκεῖνοι
723 1646 981 1701 προεκέκτηντο
992 1662 999 1670 ·
1017 1646 1078 1684 καὶ
1096 1646 1137 1694 δὴ

107 1702 169 1742 καὶ
197 1706 460 1756 συγκαταλῦσαι
489 1704 547 1743 τὸν
574 1705 760 1744 Φείδωνα·
789 1705 867 1750 τοὺς
898 1703 934 1743 δὲ
963 1721 1141 1757 συγκατα-

108 1762 279 1801 σκευάσαι
295 1770 366 1807 τοὶς
390 1763 541 1809 Ἠλείοις
556 1764 619 1813 τήν
641 1781 678 1804 τε
698 1767 865 1812 Πισᾶτιν,
885 1764 944 1802 καὶ
964 1753 1028 1810 τῆν
1051 1765 1139 1816 Τρι-

107 1821 247 1876 φυλίαν.

162 1942 301 1980 Strabo
325 1946 430 1991 VIII,
451 1956 484 1981 c.
501 1944 574 1993 8,§
595 1944 631 1992 5,
656 1958 695 1995 p.
716 1944 788 1993 597
813 1943 890 1980 fin.:
908 1942 987 1981 Οὐκ
1007 1939 1136 1978 ἄτοπον

106 2000 136 2038 δ’
153 2000 238 2044 ἴσως
256 2001 316 2040 καὶ
333 2001 412 2045 τοὺς
444 2002 598 2046 οἰκιστὰς
619 2005 822 2054 προσθεῖναι
850 2003 920 2039 τῶν
939 2001 1003 2047 τὴν
1023 2001 1139 2038 Πελο-

105 2058 278 2108 πόννησον
316 2060 518 2110 οἰκούντων,
543 2060 600 2105 οὒς
623 2055 717 2100 εἶπεν
746 2060 912 2114 Ἔφορος,
941 2058 1021 2103 τοὺς
1050 2056 1138 2105 μετὰ

105 2118 168 2166 τὴν
186 2118 427 2172 Ἡρακλειδῶν
445 2120 591 2159 κάθοδον
606 2137 614 2145 ·
633 2121 804 2174 Κορίνθου
819 2121 882 2171 μὲν
897 2118 1060 2166 Ἀλήτην,
1077 2119 1139 2157 Σι-

105 2179 235 2221 κυῶνος
259 2176 295 2216 δὲ
312 2178 482 2226 Φάλκην,
511 2178 654 2231 Ἀχαΐας
686 2178 723 2217 δὲ
750 2178 964 2230 Τισαμενὸν,
994 2176 1139 2219 ’Ἤλιδος

1201 292 1270 329 τῶν
1289 291 1369 346 περὶ
1386 290 1450 338 τὴν
1466 289 1590 339 Ἀκτὴν
1607 292 1751 343 Αἰγαῖον
1774 290 1818 343 (Ρ)
1835 291 1895 329 καὶ
1913 291 2125 345 Δηϊφόντην.

1255 349 1311 388 Cf.
1326 363 1411 400 quae
1433 350 1578 388 habent
1589 354 1749 388 Pausan.
1762 353 1820 399 11,
1840 354 1884 388 18
1897 365 1907 397 ;
1920 355 2011 401 VII,
2033 353 2056 390 6
2071 366 2081 398 ;
2097 353 2232 403 Polyb.

1202 411 1264 455 11,
1290 415 1358 454 413
1389 409 1528 447 Strabo
1564 406 1677 457 VIII,
1703 423 1742 461 p.
1771 409 1865 454 588;
1904 413 2091 461 Scymnus
2117 413 2234 450 Chius

1204 467 1279 504 530
1293 480 1391 518 sqq.,
1405 469 1468 518 qui
1485 481 1633 517 omnes,
1661 478 1843 507 monente
1857 470 2018 520 Marxio,
2031 471 2234 524 Ephorum

1203 534 1292 563 ante
1317 527 1450 564 oculos
1474 527 1653 565 habuisse
1677 528 1871 566 videntur.

1695 628 1754 667 17.

1257 702 1384 740 Schol.
1410 702 1557 739 Platon.
1584 714 1622 752 p.
1664 703 1753 751 368,
1778 703 1816 740 in
1854 705 2111 755 explicatione
2135 720 2234 757 pro-

1203 760 1325 799 verbii
1365 759 1446 803 Διὸς
1475 758 1642 813 Κόρινθος
1660 770 1800 812 praeter
1823 763 2122 814 Aristophanem
2151 765 2234 802 lau-

1202 822 1266 859 dat
1285 819 1346 859 καὶ
1370 819 1524 874 Ἔφορον
1557 820 1591 857 ἐν
1618 820 1646 857 α’
1668 820 1858 874 Ἱστοριῶν.
1889 827 2018 870 Quare
2037 836 2235 877 apponere

1202 881 1314 918 liceat
1334 880 1460 918 Schol.
1479 878 1588 917 Pind.
1616 881 1727 917 Nem.
1741 883 1825 928 VII,
1844 881 1916 918 155
1932 896 1940 918 ε
1956 881 2103 929 Ἀλήτης
2126 882 2233 921 ἐλθὼν

1201 939 1281 992 περὶ
1298 942 1359 985 τῆς
1380 940 1415 976 ἐν
1437 937 1598 991 Κορίνθῳ
1615 938 1792 990 βασιλείας
1808 941 1984 992 προσῆλθε
2010 944 2061 995 τῷ
2081 941 2234 996 μαντείῳ

1202 1001 1251 1051 τῷ
1277 1000 1312 1037 ἐν
1342 995 1510 1050 Δωδώνῃ,
1540 996 1561 1034 δ’
1587 998 1662 1035 ἐστι
1681 1001 1741 1035 τοῦ
1762 997 1854 1044 Διὸς,
1880 998 1939 1036 καὶ
1960 998 2108 1052 ἔχρησεν
2139 1002 2234 1055 αὐτῷ

1201 1057 1280 1097 τότε
1298 1056 1501 1111 κρατήσειν,
1528 1055 1586 1094 ὅτε
1614 1071 1665 1099 τις
1688 1056 1736 1109 δῷ
1758 1058 1868 1108 βῶλον
1895 1060 1977 1108 γ’ἥς·
1999 1058 2178 1098 ἐπιθέσθαι
2197 1060 2234 1098 δὲ

1201 1118 1320 1171 ἡμέρᾳ
1348 1114 1614 1170 πολυστεφάνῳ.
1645 1114 1780 1154 Ἐλθὼν
1810 1109 1868 1154 οῦν
1904 1117 1938 1154 ἐν
1969 1118 2127 1172 Κορίνθῳ
2157 1113 2234 1171 ἧτει

1200 1175 1280 1215 τινὰ
1301 1177 1464 1229 ἀγροῖκον
1488 1175 1591 1229 ἄρτον
1617 1177 1635 1213 ὁ
1661 1173 1818 1221 Ἀλήτης.
1838 1174 1881 1213 Ὁ
1910 1173 1946 1213 δὲ
1974 1176 2091 1214 λαὸὼν
2122 1179 2233 1229 βῶλον

1202 1234 1343 1274 ἔδωκεν.
1364 1235 1542 1274 Ἐτελεῖτο
1574 1233 1611 1272 δὲ
1642 1233 1702 1272 καὶ
1726 1233 1828 1272 θυσία
1856 1239 1926 1277 τοῖς
1945 1241 2075 1288 νεκροῖς
2099 1238 2133 1274 ἐν
2159 1238 2234 1274 Κο-

1203 1294 1318 1349 ρίνθῳ,
1339 1294 1382 1332 δι’
1407 1295 1450 1341 ἣν
1465 1296 1527 1341 τῆς
1544 1292 1679 1336 πόλεως
1695 1294 1730 1331 ἐν
1751 1292 1932 1344 μνήμασιν
1962 1293 2067 1341 οὔσης
2084 1294 2234 1347 ἐπέρχε-

1201 1370 1259 1392 ται
1284 1356 1302 1392 ὃ
1335 1353 1494 1402 Ἀλήτης,
1530 1352 1589 1391 καὶ
1626 1347 1704 1405 εἶρε
1731 1351 1905 1405 Κρέοντος
1935 1353 2124 1406 θυγατέρας
2154 1354 2233 1408 περὶ

1201 1412 1375 1460 συνθήκας
1403 1411 1602 1464 γενομένας.
1625 1408 1766 1464 Ἔφησέ
1785 1427 1835 1460 τε,
1865 1411 1925 1450 ἐὰν
1954 1412 2127 1466 κρατήσῃ,
2148 1412 2233 1457 ἕξειν

1200 1471 1264 1519 τὴν
1293 1469 1466 1524 νεωτέραν
1499 1472 1612 1509 αὐτῶν
1639 1470 1724 1524 πρὸς
1751 1470 1880 1522 γάμον.
1917 1470 1989 1510 Καὶ
2023 1470 2181 1509 πείθεται
2211 1475 2233 1519 ἡ

1199 1530 1286 1584 κόρη
1298 1560 1308 1578 ,
1329 1529 1390 1568 καὶ
1409 1529 1602 1583 προδίδωσι
1618 1528 1681 1577 τὴν
1702 1529 1823 1578 πόλιν,
1839 1528 1900 1573 τὰς
1919 1528 2034 1573 πύλας
2053 1530 2233 1579 ἀνοίξασα,

1199 1590 1260 1628 καὶ
1289 1594 1410 1643 κρατεῖ
1442 1592 1460 1627 ὁ
1489 1588 1659 1637 Ἀλήτης,
1680 1588 1741 1627 καὶ
1772 1588 1953 1640 ὠνόμασεν
1990 1588 2121 1639 αὐτὴν,
2154 1589 2235 1633 Διὸς

1201 1648 1381 1701 Κόρινθον,
1399 1646 1518 1695 ἐπειδὴ
1546 1647 1604 1685 διὰ
1631 1650 1694 1694 τ’ἧς
1725 1647 1888 1698 μαντείας
1910 1651 1971 1686 τοῦ
1997 1647 2078 1692 Διὸς
2095 1651 2117 1695 ἡ
2140 1648 2233 1702 ἀρχὴ

1200 1709 1247 1752 εἰς
1272 1707 1375 1746 αὐτὸν
1394 1701 1490 1754 ἦλθε.
1515 1711 1573 1746 De
1604 1707 1713 1745 Alete
1739 1707 2023 1745 Corinthiorum
2046 1706 2143 1746 urbe
2163 1721 2235 1758 po-

1202 1767 1271 1804 tito
1296 1766 1344 1804 cf.
1370 1770 1532 1805 Pausan.
1556 1769 1614 1814 II,
1646 1775 1682 1813 4,
1705 1779 1743 1816 p.
1778 1768 1863 1816 193,
1883 1766 2010 1804 Schol.
2037 1767 2145 1805 Pind.
2171 1768 2232 1806 ol.

1199 1829 1312 1873 XIII,
1336 1839 1396 1874 17,
1411 1828 1559 1864 Conon.
1584 1827 1646 1873 26,
1668 1826 1894 1877 Wesseling.
1920 1825 1969 1863 a”d
1990 1826 2151 1864 Diodor.
2177 1829 2234 1874 ΙΙ,

1695 1969 1754 2007 18.

1253 2053 1394 2093 Strabo
1419 2056 1527 2100 VIII,
1546 2065 1586 2104 p.
1609 2051 1708 2089 560:
1730 2049 1833 2098 Φησὶ
1857 2050 1886 2088 δ’
1903 2047 2056 2106 Ἔφορος
2078 2051 2136 2090 καὶ
2154 2051 2233 2096 τοὺς

1198 2110 1457 2165 κατασχόντας,
1483 2110 1548 2158 τὴν
1584 2109 1795 2157 Λακωνικὴν
1828 2109 2078 2163 εΗρακλείδας,
2116 2112 2234 2164 Εὐρυ-

1199 2172 1303 2218 σθένη
1328 2186 1367 2208 τε
1392 2169 1452 2208 καὶ
1474 2170 1636 2222 Προκλῆ,
1657 2169 1780 2207 διελεῖν
1799 2169 1845 2230 ευῖς
1871 2167 1906 2213 ἓξ
1925 2167 2030 2222 μέρη,
2051 2167 2111 2206 καὶ
2127 2167 2231 2207 πολί-

105 2235 135 2274 δ’
154 2235 318 2286 Ὄξυλον,
341 2237 530 2285 Μεσσήνης
548 2237 584 2276 δὲ
610 2239 852 2292 Κρεσφόντην,
874 2237 1134 2281 Λακεδαίμονος
1199 2247 1259 2270 σαι
1290 2229 1354 2278 τὴν
1390 2228 1530 2282 χώραν·
1573 2228 1656 2280 μίαν
1679 2226 1742 2279 μὲν
1782 2230 1842 2266 οὖν
1884 2229 1954 2266 τῶν
1993 2227 2142 2279 μερίδων
2170 2228 2232 2271 τὰς

107 2378 197 2402 arma
210 2370 295 2402 Eleis
309 2370 461 2410 traderet,
475 2380 689 2413 egressusque
703 2380 815 2404 eorum
828 2371 909 2403 fines
922 2370 1078 2411 reciperet
1088 2379 1096 2408 ;
1107 2371 1139 2401 et

106 2418 232 2459 Iphitus
248 2418 455 2460 Olympicum
477 2422 640 2451 certamen
664 2419 848 2451 institueret
873 2417 1069 2450 consecratis
1097 2415 1138 2448 ad

104 2465 193 2497 hunc
208 2465 343 2497 modum
359 2465 457 2498 Eleis.
480 2467 548 2499 Ista
562 2467 597 2498 in
617 2475 716 2498 causa
739 2466 889 2505 suerunt,
907 2474 966 2497 cur
982 2464 1051 2496 Elei
1071 2472 1138 2496 cre-

103 2514 240 2544 scerent.
257 2511 403 2553 Reliquis
416 2512 502 2545 enim
516 2513 718 2546 continenter
734 2512 767 2545 in
787 2521 822 2545 se
837 2512 921 2545 bella
937 2511 1136 2553 gerentibus,

103 2560 182 2592 solis
203 2560 290 2592 Eleis
314 2562 470 2602 perpetua
491 2560 553 2593 suit
574 2570 639 2602 pax
660 2571 669 2600 ;
689 2569 794 2602 neque
806 2560 886 2602 ipsis
903 2560 1012 2598 modo,
1030 2558 1088 2591 sed
1105 2561 1138 2590 et

102 2616 216 2640 eorum
238 2607 432 2649 hospitibus.
467 2609 687 2647 Quamobrem
715 2608 859 2641 maxima
884 2608 929 2640 ibi
966 2607 1135 2639 hominum

103 2656 195 2697 copia
210 2655 348 2688 exstitit.
380 2658 421 2688 At
437 2664 514 2689 vero
533 2656 636 2689 Phido
656 2656 814 2697 Argivus,
832 2655 979 2688 decimus
993 2663 1012 2686 a
1024 2657 1136 2687 Teme-

105 2711 159 2743 no,
172 2704 205 2735 et
219 2703 373 2735 omnibus
386 2712 455 2735 suae
469 2703 671 2745 tempestatis
687 2703 886 2745 principibus
899 2703 1044 2744 potentia
1056 2711 1136 2743 prae-

105 2751 195 2782 stans
212 2750 290 2791 (qua
309 2758 388 2782 usus
405 2752 437 2782 et
452 2753 552 2782 totam
568 2751 702 2783 Temeni
719 2751 958 2784 successionem
975 2751 1008 2782 in
1026 2751 1136 2792 plures

98 2796 268 2829 -divulsam
284 2798 391 2839 partes
404 2797 443 2829 ad
461 2806 496 2830 se
509 2798 645 2839 recepit,
672 2801 704 2831 et
720 2808 888 2831 mensuras
902 2798 1044 2838 invenit,
1061 2807 1136 2840 quac

107 2845 281 2878 Phidoneoe
309 2845 482 2885 dicuntur,
510 2848 607 2887 atque
624 2845 789 2887 pondera,
820 2848 852 2879 et
877 2850 1040 2878 monetam
1060 2855 1135 2878 cum

110 2892 218 2933 aliam,
240 2895 311 2926 tum
335 2895 516 2933 argenteam
538 2893 729 2934 procudit):
754 2893 782 2925 is
803 2902 878 2935 ergo
894 2893 997 2926 Phido
1019 2897 1136 2934 praeter

107 2940 169 2975 dia
183 2940 325 2972 facinora
338 2940 472 2972 adortus
489 2941 540 2973 est
553 2940 650 2973 etiam
665 2949 720 2973 eas
736 2941 832 2973 urbes
844 2965 853 2981 ,
870 2950 952 2982 quas
968 2940 1134 2982 quondam

105 2988 258 3020 Hercules
273 2990 412 3029 ceperat,
427 2987 554 3029 sibique
569 2988 632 3020 hoc
648 2988 830 3021 vindicavit
847 2990 883 3021 ut
898 2997 936 3021 ea
949 2989 1017 3030 ipse
1032 2992 1133 3020 certa-

99 3031 195 3073 [mina
215 3036 423 3075 procuraret,
444 3044 519 3075 quae
537 3034 579 3067 ab
594 3035 735 3068 Hercule
754 3036 887 3068 'fuerant
903 3036 1053 3068 instituta
1069 3045 1076 3067 ε
1094 3036 1134 3068 de

104 3090 243 3122 quorum
269 3090 403 3113 numero
419 3082 481 3114 suit
505 3082 603 3114 etiam
630 3083 850 3124 Olympicum.
871 3085 914 3115 Et
938 3083 1070 3124 quidem
1100 3084 1133 3114 in

107 3128 290 3170 Olympiam
303 3129 468 3169 profectus
484 3129 639 3169 obtinuit,
659 3133 694 3162 ut
711 3130 779 3171 ipse
801 3130 969 3162 certamini
985 3130 1037 3162 isti
1056 3139 1135 3171 prae-

105 3177 201 3215 esset,
225 3184 327 3216 quum
346 3185 451 3216 neque
466 3176 553 3208 Eleis
569 3177 610 3209 ad
629 3178 885 3218 propulsandum
902 3187 991 3209 arma
1007 3180 1133 3216 essent,

106 3220 138 3252 in
154 3220 306 3253 diuturna
322 3222 458 3255 versatis
473 3231 552 3263 pace
563 3247 572 3263 ,
599 3233 703 3265 neque
718 3224 788 3256 aliis
802 3249 811 3264 ‚
830 3233 912 3265 quos
935 3224 988 3256 ille
1003 3234 1062 3256 sua
1080 3234 1133 3265 po-

106 3266 206 3298 tentia
219 3271 431 3307 oppresserat.
450 3268 518 3301 Elei
544 3272 652 3302 autem
670 3280 735 3302 non
762 3272 941 3304 retulerunt
957 3272 989 3303 in
1005 3272 1133 3304 tabulas

106 3313 203 3346 istam
219 3314 403 3346 certaminis
419 3315 678 3358 celebrationem,
697 3319 751 3351 sed
771 3319 870 3351 armis
885 3319 1007 3360 paratis
1024 3319 1131 3351 defen-

108 3360 182 3393 dere
193 3369 262 3393 sese
273 3363 450 3402 coeperunt,
466 3363 516 3394 usi
532 3364 571 3395 ad
584 3365 645 3396 hoc
658 3365 778 3397 auxilio
788 3367 1109 3400 Lacedaemoniorum
1123 3377 1130 3397 :

1197 2367 1267 2400 sive
1280 2366 1314 2398 hi
1326 2365 1480 2398 Eleorum
1494 2362 1638 2397 felicitati
1654 2373 1673 2396 a
1686 2372 1765 2405 pace
1778 2363 1932 2405 profectae
1944 2363 2144 2403 invidebant,
2160 2363 2230 2395 sive

1196 2416 1312 2447 horum
1330 2412 1475 2445 subsidio
1504 2420 1538 2444 se
1555 2411 1734 2444 Phidonem
1759 2410 1934 2452 sperabant
1952 2410 2151 2451 dejecturos‚
2172 2410 2228 2451 qui

1197 2461 1277 2504 ipsis
1297 2460 1472 2502 pristinum
1494 2460 1530 2491 in
1545 2459 1799 2500 Peloponnesios
1820 2458 2036 2500 principatum
2053 2457 2226 2489 ademerat.

1196 2511 1279 2543 Sane
1294 2510 1327 2541 et
1345 2516 1406 2549 ope
1421 2507 1473 2540 usi
1495 2507 1648 2539 Eleorum
1666 2505 1814 2547 Spartani
1840 2505 2020 2537 Phidonem
2042 2505 2230 2536 everterunt

1195 2559 1228 2590 et
1249 2557 1335 2590 Eleis
1363 2555 1406 2588 ad
1430 2554 1642 2588 obtinendam
1660 2553 1838 2586 Pisatidem
1859 2560 1897 2584 ac
1922 2551 2119 2593 Triphyliam
2139 2550 2227 2592 adju-

1195 2607 1306 2637 mento
1324 2603 1466 2635 fuerunt.

1235 2714 1398 2749 Fortassis
1413 2712 1502 2746 haud
1519 2711 1661 2744 absurde
1680 2719 1735 2743 eos
1751 2715 2048 2742 commemoravero
2073 2707 2147 2747 hic,
2169 2708 2225 2749 qui

1195 2764 1237 2796 ab
1250 2764 1383 2805 Ephoro
1396 2762 1549 2794 dicuntur
1565 2759 1749 2791 conditores
1777 2759 1988 2796 auctoresque
2002 2755 2173 2789 civitatum
2191 2756 2224 2788 in

1195 2811 1419 2852 Peloponneso
1439 2810 1512 2849 post
1528 2806 1668 2839 reditum
1687 2803 1941 2842 Heraclidarum.
1958 2802 1983 2834 Ii
2001 2801 2150 2842 fuerunt,
2164 2804 2225 2835 Co-

1194 2858 1294 2891 rinthi
1311 2856 1439 2895 Aletes,
1456 2854 1604 2895 Sicyonis
1620 2852 1772 2891 Phalces,
1790 2849 1920 2882 Achaiae
1933 2849 2126 2881 Tisamenus
2137 2874 2147 2890 ‚
2164 2849 2227 2881 Eli-

1193 2905 1243 2938 dis
1257 2904 1402 2945 oxylus‚
1418 2904 1576 2934 Messenae
1602 2899 1837 2939 Cresphontes,
1857 2895 2101 2928 Lacedaemonis
2126 2897 2226 2937 Eury-

1194 2954 1325 2986 sthenes
1340 2959 1377 2983 ac
1394 2949 1525 2982 Procles
1538 2972 1548 2988 ,
1576 2951 1735 2987 Argorum
1757 2946 1918 2977 Temenus
1931 2967 1941 2984 ,
1971 2942 2006 2975 in
2027 2942 2135 2976 littore
2150 2943 2224 2976 sitae

1195 2999 1336 3041 regionis
1353 2999 1473 3037 AEgeus
1490 2998 1522 3028 et
1539 2994 1749 3035 Deiphontes.

1678 3052 1694 3085 1
1705 3052 1739 3084 7.

1234 3117 1326 3151 Jovis
1340 3113 1519 3148 Corinthus
1531 3134 1540 3151 ‚
1551 3119 1652 3152 prov.
1674 3110 1824 3152 Ephorus
1838 3108 1923 3141 libro
1945 3108 2052 3163 primo
2071 3108 2222 3141 Historia-

1191 3175 1275 3198 rum3

1674 3205 1691 3239 1
1700 3206 1736 3238 8.

1233 3271 1383 3312 Ephorus
1399 3268 1498 3300 tradit
1519 3266 1705 3300 Heraclidas
1721 3265 1880 3297 Laconica
1895 3264 2030 3306 potitos,
2047 3262 2222 3304 Eurysthe-

1190 3327 1265 3351 nem
1279 3321 1311 3349 et
1330 3316 1486 3354 Proclem‚
1502 3315 1664 3356 regionem
1681 3315 1714 3345 in
1732 3322 1789 3346 sex
1804 3314 1912 3354 partes
1925 3311 2077 3345 divisisse
2089 3312 2122 3342 et
2136 3309 2221 3341 urbi-

1190 3366 1252 3398 bus
1272 3364 1492 3405 frequentasse
1506 3375 1515 3404 ;
1539 3365 1635 3403 atque
1651 3361 1767 3393 harum
1791 3360 1930 3402 partium
1954 3367 2051 3391 unam
2064 3381 2073 3396 ‚
2100 3356 2222 3389 scilicet
