2320 3684
770 140 838 181 AN
845 140 1125 179 DROTIONIS
1153 139 1487 180 FRAGMENTA.

2097 147 2172 180 :375

59 227 204 282 μύησιν,
221 226 297 266 ἀλλ’
323 226 393 265 ἀπὸ
425 224 548 265 τούτου
581 224 771 276 Εὔμολπον
797 223 960 276 πέμπτον
980 240 1087 277 γεγο-
1146 227 1236 266 Τάδ’
1256 226 1349 265 ἐστὶν
1366 226 1443 279 οὐχὶ
1461 225 1746 275 Πελοπόννησος,
1762 225 1841 265 ἀλλ’
1849 223 1988 269 Ἰάονες.
2004 225 2122 271 Ἴωνες
2139 226 2175 265 δὲ

57 286 156 327 νότοι.
175 285 367 337 Εὐμόλπου
393 283 461 339 γὰρ
489 281 650 335 γενέσθαι
672 282 844 337 Κήρυκα,
863 286 924 321 τοῦ
946 281 982 321 δὲ
1011 283 1087 322 Εὔ-
1147 286 1187 323 ἐκ
1213 289 1275 324 τοῦ
1295 285 1412 340 ἑτέρου
1437 284 1562 339 μέρους
1580 285 1707 329 οὕτως·
1724 284 1801 324 τάδ’
1827 284 1921 324 ἐστὶν
1945 286 2008 323 οὐκ
2024 284 2176 336 Ἰάονες,

59 347 209 399 μολπον,
234 347 296 383 τοῦ
322 342 357 381 δὲ
385 345 565 382 Μουσαῖον
587 341 647 380 τὸν
681 340 846 389 ποιητὴν,
873 344 934 380 τοῦ
953 339 990 379 δὲ
1018 340 1090 380 Εὕ-
1149 343 1240 382 ἀλλὰ
1267 344 1545 392 Πελοπόννησος.
1577 343 1694 384 εὨστε
1724 342 1803 388 τοὺς
1843 342 1906 395 μὲν
1943 342 2036 383 ἔνθεν
2065 338 2176 394 εἶναι,

59 406 208 458 μολπον,
225 403 284 442 τὸν
310 400 562 447 καταδείξαντα
579 399 644 449 τὴν
675 399 820 453 μύησιν,
840 399 900 439 καὶ
929 400 1089 454 ἱεροφάν-

57 479 122 512 την
138 461 317 515 γεγονότα.

113 521 368 561 Scribendum
391 519 544 558 videtur
566 521 605 558 οὖ
633 518 692 557 τὸν
721 519 859 573 πρῶτον
883 516 1090 570 Εὔμολπον,

59 581 167 633 quod
201 579 360 619 Sicbelis
390 579 610 631 proposuit.
630 578 758 618 Possis
778 579 894 616 etiam
923 577 1090 616 scribere

59 641 99 679 οὗ
126 642 248 678 τοῦτον
267 637 325 677 τὸν
349 637 443 689 Εὔμ.
454 668 465 686 ,
483 646 527 676 ut
538 638 752 690 Eumolpus
768 636 1022 689 significetur,
1043 636 1091 674 de

59 712 137 750 quo
170 697 288 736 modo
317 696 396 748 egit
421 697 665 736 scholiastes.
691 699 868 735 Ceterum
902 695 1026 734 codex
1054 704 1091 733 et

59 757 210 795 Triclin.
230 751 304 808 pro
320 754 525 808 Ἀνδροτίων
547 755 694 846 &ghent
711 753 877 808 Ἄνδρων.

112 861 246 914 steph.
260 864 350 912 Byz.
366 876 376 899 ε
395 859 630 914 Τετράπολις,
645 862 708 907 τῆς
727 860 886 908 Ἀττικῆς
955 859 1094 913 Ἄνδρον

59 919 143 959 τίων
164 919 201 958 δὲ
213 918 459 975 τετραπόλιδός
475 935 569 1011 <pne-5
583 918 640 958 διὰ
657 923 719 959 τοῦ
739 920 770 958 δ.

113 1027 308 1065 AElian.V.
325 1029 371 1065 H.
385 1029 491 1076 VIII,
508 1028 530 1064 6
543 1041 551 1063 :
564 1028 646 1066 Τῶν
661 1025 818 1080 ἀρχαίων
839 1026 925 1080 φασὶ
938 1026 1092 1080 Θρᾳκῶν

63 1083 199 1137 μηδένα
224 1083 434 1123 ἐπίστασθαι
469 1083 678 1139 γράμματα.
712 1084 818 1124 Ἀλλὰ
845 1084 904 1123 καὶ
937 1083 1093 1135 ἐνόμιζον

65 1143 249 1198 αἴσχιστον
277 1136 365 1182 εἶναι
399 1143 526 1187 πάντες
556 1146 589 1182 οἱ
623 1143 687 1191 τὴν
714 1142 891 1198 Εὐρώπην
923 1144 1095 1187 οἰκοῦντες

63 1202 233 1258 βάρὸαροι
245 1233 255 1252 ,
272 1205 426 1256 χρῆσθαι
445 1202 652 1256 γράμμασιν
664 1216 672 1224 ·
694 1205 726 1241 οἱ
743 1201 780 1241 δὲ
799 1205 833 1242 ἐν
855 1205 900 1256 τῇ
918 1202 1034 1256 Ἀσία,
1048 1204 1094 1245 ὣς

61 1261 175 1315 λόγος,
205 1263 360 1316 ἐχρῶντο
384 1262 500 1305 αὐτοῖς
526 1263 671 1313 μᾶλλον.
695 1260 823 1301 Ἔνθεν
843 1277 897 1300 τοι
926 1261 983 1300 καὶ
1010 1262 1096 1299 τολ-

63 1323 162 1373 μῶσι
174 1320 300 1371 λέγειν,
318 1319 409 1371 μηδὲ
427 1320 485 1360 τὸν
500 1320 636 1376 Ὀρφέα
655 1320 760 1376 σοφὸν
774 1321 952 1374 γεγονέναι
967 1322 1096 1374 Θρᾷκα

62 1379 168 1430 ὄντα,
201 1379 279 1419 ἀλλ’
300 1379 415 1424 ἄλλως
447 1378 524 1424 τοὺς
553 1379 679 1432 μύθους
721 1381 827 1419 αὐτοῦ
849 1380 1094 1432 κατεψεῦσθαι.

63 1441 192 1479 Ταῦτα
209 1438 412 1493 Ἀνδροτίων
426 1438 534 1491 λέγει,
550 1438 582 1478 εἴ
592 1455 643 1493 τῳ
659 1438 782 1483 πιστὸς
791 1438 877 1493 ὑπὲρ
890 1442 953 1486 τῆς
966 1440 1097 1491 ἀγραμ-

62 1498 193 1551 ματίας
207 1498 268 1537 καὶ
284 1498 511 1543 ἀπαιδευσίας
527 1500 680 1552 Θρᾳκῶν
696 1501 950 1553 τεκμηριῶσαι.

115 1561 213 1597 Cum
254 1558 455 1596 Perizonio
493 1559 714 1610 scripsimus
756 1559 991 1612 κατεψεῦσθαι
1023 1571 1096 1609 pro

61 1616 164 1668 vulg.
184 1614 486 1670 καταψεύσασθαι.

115 1730 273 1767 Tzetzes
297 1727 346 1766 ad
366 1671 671 1780 Lycophr?7i,95
688 1745 696 1767 ε
715 1727 759 1769 Ὁ
781 1728 909 1782 Αἰγεὺς
921 1728 1099 1775 Ἀθηναῖος

62 1789 123 1827 καὶ
139 1786 290 1839 γηγενὴς
315 1787 385 1827 ἀπὸ
399 1788 606 1842 Ἐρεχθέως.
629 1787 732 1832 Τινὲς
758 1788 795 1827 δὲ
813 1788 873 1827 καὶ
895 1791 1017 1827 τοῦτον
1038 1785 1098 1826 ἕνα

62 1845 204 1898 λέγουσι
234 1849 306 1885 τῶν
334 1846 570 1886 ἀναδοθέντων
600 1849 641 1886 ἐκ
676 1850 745 1886 τῶν
772 1846 920 1886 ὀδόντων
938 1849 1000 1885 τοῦ
1020 1847 1099 1899 δρά-

63 1920 183 1949 κοντος
202 1908 263 1944 τοῦ
279 1906 314 1944 ἓν
330 1905 490 1956 Θήὸαις,
509 1909 556 1951 ὡς
570 1906 630 1945 καὶ
651 1906 867 1961 Ἀνδροτίων.

117 2017 244 2056 Schol.
276 2019 425 2057 Villois.
456 2023 485 2058 B
520 1967 634 2058 11ῑὲἒῖ
655 2022 703 2068 N,
725 2020 801 2058 685
832 2035 841 2057 :
871 2019 991 2058 Ἄλλοι
1031 2020 1098 2059 εἰσὶ

63 2074 162 2129 παρὰ
179 2075 258 2120 τοὺς
280 2074 424 2127 Ἴωνας,
445 2077 586 2122 Ἰάονες.
607 2078 708 2126 Φησὶ
722 2077 790 2133 γὰρ
807 2078 1026 2133 Ἀνδροτίων,
1046 2078 1099 2118 ὅτι

65 2134 197 2183 στήλην
214 2134 365 2185 ἔστησαν
380 2136 438 2175 ἐπὶ
452 2137 727 2190 Λακεδαίμονος,
745 2138 956 2192 διορίσαντες
969 2137 1097 2182 οὕτως·

66 2276 232 2310 tiationem
245 2301 254 2318 ,
280 2278 335 2311 sed
369 2279 410 2311 ab
434 2288 473 2312 eo
512 2280 661 2321 quintum
692 2282 908 2323 Eumolpum3
936 2282 1098 2323 Eumolpo

65 2324 152 2356 enim
170 2327 364 2367 prognatum
385 2335 456 2359 esse
472 2329 629 2369 Cerycem
639 2353 648 2369 ‚
681 2329 742 2361 hoc
756 2331 865 2362 autem
880 2329 1077 2370 Eumolpum
1088 2353 1098 2370 ,

67 2370 129 2403 boc
150 2371 266 2404 deinde
290 2375 450 2405 Musaeum
477 2377 626 2416 poetam,
642 2375 705 2409 hoc
725 2375 863 2417 denique
881 2377 1098 2418 Eumolpum,

66 2418 122 2459 qui
135 2418 348 2452 initiationem
363 2420 525 2454 invenerit
539 2422 805 2465 caerimoniasque
817 2423 976 2457 docuerit.

115 2513 306 2555 Tetrapolis
315 2516 439 2548 Attica.
451 2516 634 2549 Androtion
649 2517 863 2562 τετραπὸλιδος
874 2527 930 2560 per
942 2519 960 2551 δ
975 2517 1097 2551 scribit.

109 2607 264 2639 Veterum
285 2608 447 2642 Thracum
469 2611 631 2644 neminem
659 2612 750 2645 aiunt
774 2613 940 2645 literarum
960 2612 1099 2654 peritum

72 2652 182 2686 ruisse.
198 2655 286 2692 Quin
301 2656 399 2688 etiam
420 2658 646 2699 turpissimum
661 2668 732 2692 esse
750 2661 958 2693 crediderunt
973 2659 1099 2692 barbari

69 2700 126 2741 qui
140 2702 302 2742 Europam
317 2703 500 2737 incolebant
514 2714 627 2739 omnes
639 2706 740 2739 literis
755 2708 814 2739 uti.
832 2708 895 2746 Qui
909 2707 943 2739 in
956 2708 1032 2739 Asia
1044 2707 1098 2739 ha-

69 2745 231 2788 bitabant,
244 2749 397 2790 maj0rem
412 2760 525 2784 earum
537 2753 700 2786 habebant
715 2755 874 2795 peritiam.
885 2757 991 2793 Quare
1003 2755 1099 2787 etiam

69 2792 175 2827 dicere
202 2795 323 2828 audent
336 2821 346 2838 ,
376 2798 542 2840 Orpheum
571 2801 748 2842 sapientem
772 2802 806 2833 in
834 2802 972 2834 Thracia
1001 2802 1100 2834 fuisse

70 2840 213 2882 nullum,
229 2843 287 2876 sed
299 2846 418 2878 temere
434 2846 560 2880 fabulas
573 2848 615 2880 de
630 2857 669 2880 eo
683 2848 836 2882 confictas
852 2858 934 2882 esse.
949 2851 1029 2881 Haec
1039 2852 1100 2882 An-

70 2885 177 2921 drotio
194 2890 311 2928 tradit,
331 2892 428 2925 sicui
452 2893 516 2926 fide
536 2895 652 2936 diguus
672 2904 744 2929 esse
766 2896 916 2929 videatur
930 2897 970 2929 ad
984 2898 1100 2929 testan-

71 2933 146 2967 dam
163 2936 325 2970 Thracum
340 2938 524 2973 barbariem
538 2944 571 2974 et
589 2942 763 2975 inscitiam.

112 3029 230 3070 AEgeus
244 3032 451 3066 Atheniensis
467 3035 500 3067 et
515 3044 555 3067 ex
581 3038 679 3069 Terra
694 3036 822 3078 genitus
835 3038 876 3070 ab
897 3038 1098 3076 Erechthe03

72 3077 218 3129 nonnulli
233 3088 311 3111 vero
325 3089 400 3113 eum
419 3082 534 3115 dicunt
550 3093 651 3116 unum
667 3094 708 3117 ex
723 3094 840 3118 eorum
850 3096 986 3119 numero
1000 3087 1100 3119 fuisse

72 3129 129 3163 qm
142 3131 183 3155 ex
193 3124 346 3159 dentibus
362 3128 514 3162 draconis
528 3130 563 3162 in
580 3140 656 3173 agro
672 3132 825 3165 Thebano
839 3134 902 3167 orti
923 3136 1048 3174 essent,
1064 3137 1101 3166 ut

73 3168 230 3203 Androtio
244 3181 373 3214 quoque
386 3175 495 3208 tradit.

115 3262 338 3316 Distinguendi
361 3270 438 3302 sunt
457 3270 498 3303 ab
518 3272 653 3305 Ionibus
677 3275 804 3307 laones.
822 3275 908 3307 Dicit
929 3275 1016 3308 enim
1038 3278 1100 3307 An-

75 3307 190 3361 drotto,
205 3314 318 3346 laones
334 3324 447 3349 versus
475 3318 734 3360 Peloponnesum
751 3322 900 3363 posuisse
917 3322 1100 3354 columnam

75 3363 108 3387 m
138 3365 240 3399 caque
269 3362 442 3395 terminum
463 3364 509 3398 ita
525 3366 687 3400 definiisse
701 3377 709 3399 ε
736 3372 816 3401 Haec
833 3371 930 3402 terra
956 3378 1025 3401 non
1049 3370 1101 3401 est

1147 401 1227 445 τοὺς
1246 402 1282 440 δὲ
1298 404 1438 442 ἐκεῖθεν.

1201 461 1309 500 Idem
1339 463 1521 502 Scholion
1550 463 1669 502 habes
1692 463 1733 501 in
1752 462 1966 501 Homericis
1993 464 2176 502 Valcken.

1150 519 1369 559 observati.
1393 522 1432 560 in
1458 526 1637 561 Ammon.
1663 521 1846 573 adjectis:
1868 522 1934 560 sed
1958 522 2012 561 ibi
2038 524 2180 562 omissa

1150 587 1239 616 sunt
1257 579 1376 618 verba
1395 580 1471 619 τάδ’
1494 581 1588 620 ἐστὶν
1608 580 1687 634 οὐχὶ
1755 580 1881 634 μέρους
1898 580 2018 625 οὕτως.

1205 709 1362 749 Aristid.
1383 718 1409 748 t.
1436 713 1517 759 ΠΙ,
1540 723 1576 762 p.
1609 712 1682 759 517
1717 711 1847 762 steph.
1863 725 1871 748 ε
1887 712 1969 764 Οὐχ
1995 710 2182 766 Ἡρόδοτος

1153 768 1301 809 Σόλωνα
1316 767 1483 822 σοφιστὴν
1497 768 1688 817 κέκληκεν;
1702 771 1741 808 οὒ
1752 768 1962 823 Πυθαγόραν
1978 770 2084 810 πάλιν
2093 787 2104 820 ;
2118 771 2182 809 οὐκ

1153 827 1358 882 Ἀνδροτίων
1377 826 1458 873 τοὺς
1475 826 1566 866 ἑπτὰ
1587 827 1753 881 σοφιστὰς
1772 828 2000 882 προσείρηκε;
2022 828 2116 882 λέγω
2138 828 2181 879 δὴ

1151 886 1231 931 τοὺς
1252 886 1390 941 σοφούς.

1206 950 1326 985 Recte
1344 947 1427 984 sine
1444 945 1565 984 dubio
1580 945 1740 985 Siebelis
1783 947 2012 999 suspicatur,
2048 947 2182 999 legen-

1154 1006 1246 1045 dum
1283 1019 1366 1044 esse
1397 1001 1551 1059 Ἄνδρων
1573 1019 1646 1057 pro
1679 1005 1901 1059 Ἀνδροτίων,
1920 1006 2053 1044 Andro
2080 1007 2184 1045 enim

1153 1067 1194 1104 in
1225 1066 1381 1115 Tripode
1414 1064 1463 1102 de
1496 1072 1643 1116 septem
1676 1065 1915 1116 sapientibus
1951 1067 2183 1118 disputavit,

1154 1133 1198 1164 ut
1225 1124 1333 1163 vides
1351 1137 1399 1162 ex
1419 1123 1544 1162 Schol.
1565 1122 1719 1161 Pindar.
1745 1124 1876 1162 Isthm.
1899 1127 1955 1173 ΙΙ,
1980 1139 2038 1172 ¹7·

1209 1249 1402 1290 Plutarch.
1421 1248 1552 1287 Solon.
1576 1262 1607 1286 c.
1635 1248 1696 1297 15,
1717 1248 1766 1286 de
1792 1248 1994 1303 σεισαχθείᾳ
2012 1250 2185 1289 Solonis:

1157 1308 1286 1349 Καίτοι
1304 1307 1394 1352 τινὲς
1416 1306 1586 1361 ἔγραψαν,
1601 1300 1648 1346 ὧν
1667 1308 1761 1346 ἐστιν
1786 1307 2004 1361 Ἀνδροτίων,
2019 1310 2081 1346 οὐκ
2095 1311 2188 1348 ἀπο-

1157 1371 1249 1421 κοπῇ
1281 1369 1409 1422 χρεῶν,
1434 1366 1525 1406 ἀλλὰ
1555 1365 1669 1405 τόκων
1705 1366 1906 1420 μετριότητι
1940 1367 2189 1422 κουφισθέντας

1159 1430 1344 1480 ἀγαπῆσαι
1374 1425 1454 1469 τοὺς
1480 1424 1656 1475 πένητας,
1683 1426 1745 1465 καὶ
1773 1425 1996 1479 σεισάχθειαν
2017 1427 2190 1479 ὀνομάσαι

1157 1487 1196 1526 τὸ
1214 1485 1511 1541 φιλανθρώπευμα
1529 1489 1651 1533 τοῦτο,
1681 1485 1740 1524 καὶ
1767 1484 1831 1533 τὴν
1853 1486 1929 1537 ἅμα
1956 1485 2070 1540 τούτῳ
2090 1485 2192 1538 γενό-

1159 1546 1267 1598 μένην
1290 1547 1360 1585 τῶν
1379 1560 1417 1584 τε
1436 1543 1575 1598 μέτρων
1598 1543 1805 1594 ἐπαύξησιν,
1823 1545 1884 1584 καὶ
1898 1548 1959 1583 τοῦ
1976 1545 2193 1597 νομίσματος

1158 1607 1193 1651 ἐς
1211 1604 1332 1657 τιμήν.

1644 1663 1707 1701 41.

1211 1724 1350 1762 Athen.
1369 1726 1439 1769 IX,
1460 1729 1496 1770 4,
1517 1736 1556 1774 p.
1578 1722 1667 1772 375,
1688 1726 1739 1761 B:
1756 1716 1827 1761 Ἦν
1845 1722 1993 1767 παλαιὸς
2010 1722 2126 1775 νόμος,
2146 1722 2193 1768 ὥς

1159 1798 1263 1838 φησιν
1276 1780 1499 1835 Ἀνδροτίων,
1513 1783 1576 1828 τῆς
1592 1782 1756 1833 ἐπιγονῆς
1769 1780 1871 1820 ἕνεκα
1881 1784 1951 1821 τῶν
1966 1783 2192 1836 θρεμμάτων,

1159 1841 1208 1894 μὴ
1230 1840 1394 1896 σφάττειν
1423 1839 1599 1893 πρόὸατον
1621 1839 1770 1879 ἄπεκτον
1788 1839 1811 1887 ἢ
1832 1840 1967 1880 ἄτοκον·
1991 1840 2044 1879 διὸ
2062 1839 2106 1879 τὰ
2123 1840 2193 1889 ἤδη

1158 1900 1274 1939 τέλεια
1294 1899 1429 1947 ἤσθιον.
1506 1898 1578 1938 Καὶ
1602 1903 1662 1938 νῦν
1680 1899 1716 1938 δὲ
1736 1899 1800 1947 τὴν
1825 1902 1888 1947 τῆς
1907 1900 2050 1948 Ἀθηνᾶς
2065 1899 2193 1954 ἱέρειαν

1159 1960 1233 2005 ἔθος
1246 1961 1285 1999 οὔ
1305 1958 1397 1998 θύειν
1419 1957 1547 2010 ἀμνήν.

1641 2017 1706 2057 42.

1213 2079 1339 2118 Schol.
1356 2079 1472 2117 Arist.
1492 2078 1659 2116 Acharn.
1676 2079 1751 2115 253
1770 2093 1778 2115 :
1799 2079 1845 2116 Οἱ
1867 2079 2068 2126 Παλληνεῖς
2087 2077 2195 2130 δῆμός

1161 2140 1236 2177 ἐστι
1254 2140 1317 2185 τῆς
1333 2137 1513 2186 Ἀττικῆς,
1543 2136 1626 2176 ἔνθα
1641 2136 1888 2191 Πεισιστράτῳ
1909 2137 2110 2191 βουλομένῳ
2134 2154 2196 2176 τυ-

1163 2282 1434 2323 Peloponnesus,
1450 2281 1510 2313 sed
1524 2283 1805 2318 Jaonum;10nes
1821 2289 1899 2313 vero
1913 2281 1954 2313 ab
1970 2281 2068 2314 altera
2081 2284 2193 2322 parte:

1162 2332 1246 2362 Haec
1273 2331 1368 2361 terra
1384 2337 1453 2360 non
1466 2330 1518 2360 est
1533 2331 1694 2367 Iaonum,
1708 2328 1771 2360 sed
1783 2328 2039 2368 Peloponnesus
2054 2338 2065 2359 .·
2089 2328 2135 2359 ita
2158 2329 2195 2360 ut

1161 2376 1192 2407 hi
1220 2375 1261 2408 ab
1280 2376 1340 2408 hac
1358 2378 1467 2417 parte,
1485 2375 1530 2408 illi
1551 2375 1592 2407 ab
1607 2375 1706 2409 altera
1723 2375 1915 2407 habitarent.

1203 2482 1317 2514 Nonne
1332 2482 1518 2515 Herodotus
1539 2430 1896 2522 5010n33⁰sophjstam
1922 2480 2072 2513 vocavit?
2086 2488 2194 2513 nonne

1161 2529 1378 2570 Pythagoram
1394 2530 1507 2562 eodem
1524 2530 1678 2562 nomine?
1694 2538 1801 2561 nonne
1820 2529 1977 2561 Androtio
1996 2527 2042 2568 [l.
2063 2526 2191 2568 Andro]

1161 2577 1285 2617 septem
1299 2576 1371 2609 illos
1385 2577 1549 2618 sophistas
1562 2577 1756 2618 appellavit?
1771 2577 1937 2617 Sapientes
1953 2584 2010 2615 ego
2023 2575 2107 2607 dico.

1201 2682 1367 2723 Nonnulli,
1385 2683 1419 2715 in
1434 2693 1575 2724 quorum
1599 2692 1736 2715 numero
1758 2683 1808 2714 est
1831 2681 1989 2713 Androtio
2002 2704 2010 2719 ‚
2027 2680 2194 2720 scribunt,

1161 2739 1228 2762 non
1261 2730 1452 2763 remissione
1474 2731 1548 2763 aeris
1567 2730 1679 2769 alieni,
1704 2730 1761 2762 sed
1779 2737 1949 2762 usurarum
1973 2727 2194 2761 moderatione

1162 2778 1351 2810 sublevatos
1373 2781 1546 2811 contentos
1564 2779 1665 2810 fuisse
1685 2785 1841 2818 pauperes
1853 2800 1862 2815 ,
1880 2778 1978 2816 atque
1990 2784 2092 2807 novas
2105 2775 2194 2807 tabu-

1162 2824 1208 2857 las
1228 2825 1476 2866 (sisachtlzian)
1491 2825 1677 2857 nominasse
1696 2825 1757 2856 hoc
1773 2822 1963 2855 beneficium
1979 2825 2011 2855 et
2024 2831 2098 2863 quae
2115 2831 2191 2854 cum

1160 2881 1199 2904 eo
1225 2874 1397 2913 conjuncta
1421 2873 1530 2912 erant,
1545 2874 1700 2913 majorem
1740 2870 1900 2902 redditam
1921 2878 2107 2902 mensuram
2137 2878 2192 2902 au-

1161 2923 1316 2961 ctumque
1338 2928 1511 2952 numorum
1525 2920 1675 2962 pretium.

1203 3029 1281 3058 Erat
1301 3028 1396 3058 vetus
1416 3025 1621 3064 institutum,
1645 3026 1682 3056 ut
1707 3023 1864 3055 Androtio
1885 3023 1998 3063 refert,
2025 3032 2090 3064 quo
2108 3023 2192 3065 proli

1161 3083 1292 3115 gregum
1309 3072 1529 3105 consuleretur
1542 3096 1553 3111 ,
1585 3071 1741 3113 pecudem
1760 3080 1826 3103 non
1846 3075 1987 3103 mactare
2015 3070 2190 3111 intonsam,

1161 3123 1218 3153 aut
1246 3129 1320 3161 quae
1343 3119 1488 3151 nondum
1513 3119 1709 3160 peperisset:
1736 3126 1834 3160 quare
1852 3119 1918 3159 jam
1938 3118 2066 3150 adultas
2087 3127 2192 3151 come·

1161 3168 1291 3201 debant.
1368 3169 1473 3208 Atque
1494 3167 1592 3199 etiam
1618 3175 1705 3199 nunc
1731 3166 1872 3206 obtinet,
1899 3169 1935 3198 ut
1963 3166 2117 3199 Minervae
2146 3174 2193 3199 sa-

1165 3215 1279 3248 cerdos
1294 3223 1359 3246 non
1375 3214 1520 3246 immolet
1537 3223 1664 3256 agnam.

1646 3269 1708 3301 42.

1206 3320 1362 3359 Pallenes,
1378 3320 1494 3352 demus
1511 3320 1640 3361 Atticae,
1657 3320 1714 3352 ubi
1729 3321 1843 3352 contra
1856 3320 2076 3358 Pisistratum,
2088 3300 2193 3360 quum

1164 3367 1369 3409 tyrannidem
1378 3368 1558 3409 affectaret,
1580 3368 1793 3401 Athenienses
1812 3368 1984 3400 renitentes
1995 3367 2115 3400 bellum
2133 3374 2201 3407 ges-
