2320 3684
159 228 233 262 358

642 303 704 340 83.

872 211 1175 251 PHYLARCHI
1203 210 1536 253 FRAGMENTA.

1237 302 1372 352 Itaque
1391 315 1510 353 quum
1526 315 1566 340 se
1587 314 1712 354 prope
1727 301 2001 340 amicissimum
2017 304 2098 356 regi
2114 304 2271 358 virginis

207 366 350 418 Hygini
369 364 552 404 Poeticon
570 369 779 400 astronom.
792 361 849 408 Π,
869 365 931 408 40,
945 374 984 412 p.
1008 362 1084 406 413
1122 360 1183 399 ed.
1240 369 1352 411 pater
1370 361 1622 410 ostendisset,
1638 362 1796 399 solenne
1819 362 2049 400 sacrificium
2069 377 2109 402 se
2126 364 2269 404 habere

156 424 359 465 Munckeri
377 438 385 461 ε
404 441 418 456 «
434 425 494 460 De
509 429 658 459 cratera
683 426 812 456 autem
827 418 979 468 (coelesti
989 418 1184 472 nimirum)

1241 418 1340 456 dixit
1364 432 1529 470 eumque
1555 428 1593 457 et
1617 420 1713 457 filias
1745 419 1827 470 ejus
1850 420 1899 458 ad
1920 421 1961 459 id
1989 423 2270 462 conficiendum

155 486 254 523 hanc
284 482 480 521 historiam
506 481 741 528 Phylarcnas
766 477 906 515 scribit
922 495 931 518 ς
947 481 992 516 In
1018 479 1187 517 Cherso—
1240 476 1442 528 invitavit,
1459 478 1525 528 qui
1539 478 1634 516 nihil
1662 479 1772 516 aliter
1790 478 1963 517 futurum
1988 482 2204 532 suspicatus
2226 484 2274 521 fi-

155 557 273 591 neso,
294 555 376 592 quae
390 538 551 577 confinis
579 545 638 574 est
669 534 802 586 Trojae,
825 535 893 574 ubi
917 537 1116 576 Protesilai
1129 551 1186 576 se-

155 603 360 653 pulchrum
402 605 587 635 statutum
610 595 831 646 complures
857 595 1057 645 dixerunt,
1095 597 1187 635 urbs

155 662 322 699 Elaeussa
336 657 496 695 nomine
516 655 671 692 dicitur.
696 658 742 691 In
765 668 842 705 qua
856 655 1079 706 Demiphon
1101 656 1168 707 qui

157 720 243 757 dam
264 731 382 768 quum
414 722 612 766 regnaret,
637 713 772 752 incidit
800 727 932 752 eorum
959 714 1098 753 finibus
1125 729 1190 754 re—

157 778 316 830 pentina
336 775 494 813 vastitas
513 782 551 811 et
579 773 723 811 civium
755 772 969 811 internecio
995 774 1190 821 miranda3

157 850 234 887 qua
254 848 295 873 re
315 833 577 884 Demiphonta
593 839 814 883 permotum
831 832 960 869 ferunt
980 833 1127 871 misisse
1140 833 1190 872 ad

155 894 347 945 Apollinis
383 893 602 940 oraculum,
642 904 812 942 quaerens
847 892 1020 938 (rectius
1049 906 1059 929 z
1085 907 1192 942 (μαε-

157 953 328 1003 rentem)
359 951 574 990 remedium
607 950 808 989 vastitatis.
835 950 1036 1001 Responso
1063 960 1191 990 autem

158 1012 250 1050 dato
270 1020 314 1050 ut
337 1011 546 1062 quotannis
560 1023 636 1047 una
657 1008 706 1046 de
721 1008 912 1046 nobilium
927 1022 1066 1060 genere
1078 1011 1191 1063 virgo

158 1070 230 1109 diis
259 1070 464 1123 penatibus
497 1082 630 1107 eorum
653 1068 945 1117 immolaretur,
973 1069 1192 1121 Demiphon

159 1131 331 1168 omnium
357 1129 453 1167 filias
481 1137 619 1180 praeter
649 1140 736 1164 suas
763 1135 866 1164 sorte
891 1128 1025 1166 ductas
1043 1128 1193 1166 interfi-

160 1189 307 1237 ciebat,
332 1202 455 1239 usque
481 1188 575 1225 dum
607 1186 760 1224 cuidam
786 1187 930 1224 civium
961 1187 1048 1224 loco
1074 1187 1194 1226 nobi—

158 1248 305 1286 lissimo
329 1260 464 1284 eorum
489 1254 581 1283 nato
606 1245 802 1296 perdoluit
826 1245 1025 1296 inceptum
1055 1247 1192 1284 Demi—

159 1307 332 1358 phontis,
346 1307 415 1357 qui
426 1319 565 1356 negare
581 1305 693 1356 coepit
707 1304 754 1342 de
766 1318 833 1342 sua
847 1304 925 1342 filia
939 1319 979 1342 se
989 1318 1192 1356 passurum

161 1365 304 1411 sortiri,
332 1365 407 1402 nisi
439 1364 574 1402 eodem
598 1363 699 1414 regis
734 1363 821 1401 filiae
846 1372 973 1401 essent
995 1363 1191 1414 conjectae.

161 1428 247 1474 Quo
276 1425 376 1462 facto
402 1437 471 1461 rex
497 1431 696 1474 permotus
726 1422 828 1459 illius
856 1422 972 1459 filiam
987 1422 1067 1459 sine
1090 1430 1195 1460 sorte

161 1484 316 1522 ductam
339 1483 552 1528 interfecit3
574 1480 680 1532 quod
705 1481 892 1518 Matusius
919 1481 1088 1529 nomine,
1110 1480 1193 1518 vir-

160 1543 260 1594 ginis
278 1551 401 1593 pater,
415 1543 572 1580 instanti
593 1550 767 1592 tempore
781 1541 976 1579 simulavit
1005 1553 1045 1578 se
1061 1540 1197 1591 patriae

162 1615 294 1640 caussa
327 1616 406 1639 non
430 1614 530 1652 aegre
555 1601 654 1639 serre
678 1601 845 1646 factum;
874 1599 1065 1652 potuisset
1095 1613 1196 1637 enun

162 1670 297 1714 postea
321 1670 425 1700 sorte
450 1663 567 1700 ducta
598 1661 853 1699 nihilominus
880 1660 1058 1706 interire3
1087 1658 1195 1709 quod

162 1721 362 1773 paullatim
400 1721 482 1759 dies
532 1721 612 1772 regi
643 1721 683 1758 in
722 1721 961 1760 oblivionem
994 1718 1195 1771 perduxlt.

1243 535 1311 574 lias
1341 544 1430 574 ante
1456 537 1578 575 misit:
1607 546 1651 575 ut
1681 537 1764 588 ipse
1793 547 2006 589 occupatus
2031 539 2073 576 in
2101 553 2143 578 re
2173 542 2276 580 civili

1243 603 1376 645 postea
1391 597 1549 634 veniret.
1569 596 1684 644 Quod
1696 610 1815 647 quum
1829 597 2026 648 exoptanti
2039 600 2203 638 Matusio
2215 613 2278 638 ac-

1244 653 1418 701 cidisset,
1462 654 1559 692 filias
1594 654 1677 705 ejus
1714 655 1928 703 interfecit,
1974 664 2014 694 et
2053 659 2277 709 sanguinem

1245 725 1376 749 earum
1401 725 1488 750 cum
1516 713 1608 750 vino
1633 713 1673 750 in
1689 721 1836 751 cratere
1862 715 2026 751 mixtum
2054 715 2275 755 advenienti

1245 771 1325 821 regi
1341 785 1412 822 pro
1434 771 1592 822 potione
1605 771 1686 810 dari
1706 771 1833 822 jussit.
1855 773 1933 820 Qui
1946 787 2066 824 quum
2091 774 2186 813 filias
2205 774 2278 814 de·—

1246 829 1432 867 sideraret
1451 838 1490 868 et
1510 831 1604 881 quid
1621 831 1681 869 his
1701 831 1844 869 factum
1864 841 1964 870 esset
1979 833 2177 880 rescisset,
2194 836 2280 872 Ma—

1247 888 1388 926 tusium
1406 902 1493 926 cum
1509 898 1656 928 cratere
1686 890 1726 928 in
1755 902 1860 928 mare
1892 889 2030 941 projici
2043 891 2178 942 jussit3
2201 905 2281 942 quo

1247 947 1347 985 facto
1380 961 1508 994 mare,
1540 962 1619 998 quo
1648 949 1714 987 ille
1739 957 1796 987 est
1833 948 2054 1000 projectus,
2086 950 2283 988 memoriae

1248 1020 1360 1045 causa
1379 1007 1591 1045 Matusium
1617 1021 1721 1046 mare
1746 1017 1927 1046 vocatum
1953 1017 2031 1058 est,
2056 1017 2194 1060 portus
2213 1021 2282 1046 au—

1250 1074 1326 1103 tem
1346 1065 1472 1103 adhuc
1480 1069 1614 1104 Crater
1625 1067 1860 1118 appellatum
1872 1080 1987 1117 quem
2005 1067 2284 1118 antiquiastro-

1249 1125 1325 1176 logi
1341 1125 1462 1163 stellis
1478 1125 1808 1174 deformaverunt,
1828 1134 1872 1163 ut
1890 1126 2068 1164 homines
2086 1125 2284 1164 meminis-

1249 1192 1335 1221 sent
1346 1214 1358 1232 ,
1376 1185 1603 1222 maleficium
1629 1185 1822 1222 neminem
1835 1193 1978 1223 temere
1994 1185 2133 1223 lucrari
2149 1197 2283 1235 posse,

1249 1257 1375 1294 neque
1390 1243 1626 1281 oblivionem
1646 1244 1935 1282 inimicitiarum
1953 1244 2036 1282 fieri
2061 1244 2230 1282 solere.»

1303 1303 1483 1352 Micyllus
1506 1301 1752 1340 scribendum
1779 1310 1908 1340 censet
1923 1304 2141 1351 M'astusr‘us,
2163 1315 2284 1353 quum

1250 1362 1394 1401 Plinius
1414 1362 1509 1399 Hist.
1537 1364 1623 1399 Nat.
1651 1364 1727 1409 IV,
1758 1375 1799 1398 11
1833 1368 1873 1398 et
1895 1360 1996 1398 Mela
2017 1363 2074 1409 ΙΙ,
2097 1374 2119 1398 2
2139 1373 2286 1399 memo-

1251 1429 1338 1459 rent
1361 1421 1584 1458 Mastusiam
1602 1419 1926 1470 promontorium.
1952 1418 2070 1467 Quod
2082 1420 2286 1456 Mactusius

1251 1480 1292 1518 in
1313 1479 1400 1531 ipso
1428 1486 1614 1516 contextu
1649 1478 1810 1517 exhibet
1828 1478 1949 1517 editio
1965 1477 2144 1529 Lugdun.
2170 1478 2283 1515 1608.

1252 1540 1420 1577 Elaeussa
1440 1546 1498 1576 est
1527 1541 1577 1575 Is.
1601 1538 1729 1576 Vossii
1754 1536 1978 1588 conjectura
2000 1551 2074 1588 pro
2097 1536 2286 1587 Phlagusa

1254 1598 1490 1651 (obser-vait.
1505 1596 1553 1635 ad
1566 1598 1704 1635 Melam
1729 1611 1768 1649 p.
1790 1596 1893 1648 130).
1929 1595 2041 1647 Apud
2053 1594 2286 1634 strabonem

1254 1661 1352 1696 XIII
1366 1686 1376 1705 ,
1398 1672 1437 1710 p.
1463 1658 1534 1694 103
1548 1657 1691 1708 legitur
1707 1656 1905 1695 Ἐλεοῦσσα
1917 1685 1928 1704 ,
1953 1653 2059 1706 apud
2077 1654 2285 1693 Arrianum

1255 1716 1406 1768 Expcd.
1420 1717 1527 1756 Alex.
1547 1718 1567 1753 I
1585 1745 1597 1764 ,
1620 1730 1632 1752 ι
1646 1730 1659 1753 1
1673 1745 1684 1764 ‚
1706 1715 1885 1758 Ἐλαιοῦς.

887 2226 1573 2251 &Gom—.—
1587 2241 1595 2245 .
