2294 3704
159 187 272 216 Lxxx

997 169 1064 208 DE
1092 169 1415 209 PHYLARCHO.

157 262 284 299 animo
301 261 436 298 faveat.
455 259 529 298 Sed
536 259 614 309 jam
631 271 707 295 non
726 256 926 294 dubitatur
947 257 1040 308 quin
1057 258 1174 308 Poly—-
1233 258 1299 295 sed
1325 259 1459 295 volens
1485 258 1577 296 falsa
1609 271 1687 295 non
1715 258 1872 295 effinxit.
1901 260 2027 308 Atque
2057 258 2250 297 interdum

156 319 260 358 bium
276 319 441 370 partium
456 318 624 355 studium
639 315 828 353 averitate
839 328 940 365 saepe
956 314 1172 363 abduxerit,

156 391 276 428 quare
297 377 510 415 accuratius
535 371 787 412 examinanda
820 381 928 421 sunt,
961 386 1046 424 quae
1073 374 1173 424 Phy-

155 436 286 474 larcho
313 435 506 485 objecerit.
528 432 669 482 Incipit
685 431 743 468 his
764 429 891 468 verbis
907 433 977 482 (ΙΙ,
1002 431 1144 483 56-63)
1163 446 1171 468 :

157 494 260 533 Ἐπεὶ
276 492 311 531 δὲ
325 496 393 531 τῶν
413 490 504 530 κατὰ
514 489 589 533 τοὺς
608 488 730 532 αὐτοὺς
744 487 882 542 καιροὺς
893 489 1024 542 Ἀράτῳ
1043 505 1173 544 γεγρα-

155 552 268 606 φότων
290 551 373 604 παρ’
398 549 497 592 ἐνίοις
523 549 699 599 ἀποδοχῆς
725 547 878 592 ἀξιοῦται
906 547 1111 600 Φύλαρχος,
1140 551 1173 586 ἓν

155 611 294 652 πολλοῖς
314 606 497 651 ἀντιδοξῶν
521 606 580 644 καὶ
596 605 762 645 τάναντία
781 605 922 660 γράφων
942 607 1056 659 αὐτῷ’
1081 606 1173 660 χρή-

156 683 255 718 σιμον
276 666 314 704 ἂν
334 665 386 712 εἴη
399 695 408 713 ,
423 667 553 716 μᾶλλον
568 664 596 701 δ’
613 666 799 715 ἀναγκαῖον
809 669 893 715 ἡμῖν
912 663 1046 717 Ἀράτῳ
1064 679 1173 717 προῃ-

157 724 316 778 ρημένοις
346 725 611 762 κατακολουθεῖν
634 722 714 775 περὶ
741 725 810 761 τῶν
837 723 1100 772 Κλεομενικῶν,
1125 722 1173 773 μὴ

154 784 365 834 παραλιπεῖν
378 782 550 820 ἄσκεπτον
559 785 661 819 τοῦτο
674 781 714 819 τὸ
727 781 828 833 μέρος
840 810 849 827 ,
865 778 923 818 ἵνα
939 779 987 830 μὴ
1002 779 1041 818 τὸ
1053 781 1176 833 ψεῦδος

155 842 190 878 ἐν
210 846 279 882 τοῖς
297 839 500 892 γράμμασιν
516 840 744 890 ἰσοδυναμοῦν
765 838 992 889 ἀπολίπωμεν
1013 838 1097 892 πρὸς
1111 838 1173 885 τὴν

155 897 331 944 ἀλήθειαν.
354 898 514 937 Καθόλου
536 896 598 949 μὲν
614 893 670 935 οῧν
687 901 705 936 ὁ
724 896 937 950 συγγραφεὺς
949 891 1046 940 οὗτος
1062 896 1175 935 πολλὰ

155 955 237 1008 παρ’
249 955 333 1002 ὅλην
348 954 410 1002 τὴν
425 954 666 1008 πραγματείαν
683 956 759 1001 εἷκῆ
774 953 832 992 καὶ
847 957 892 998 ὡς
908 953 1027 1006 ἔτυχεν
1046 953 1173 1008 εἴρηκε.

159 1013 257 1060 Πλὴν
278 1014 356 1067 περὶ
379 1013 440 1064 μὲν
456 1016 524 1052 τῶν
546 1013 661 1052 ἄλλων
675 1013 758 1057 ἴσως
773 1014 834 1050 οὒκ
851 1015 1038 1064 ἀναγκαῖον
1060 1014 1176 1051 ἐπιτι-

156 1077 224 1122 μᾶν
243 1071 334 1110 κατὰ
362 1072 401 1110 τὸ
421 1071 529 1125 παρὸν
550 1073 620 1110 οὐδ’
638 1071 856 1124 ἐξακριὸοῦν·
879 1070 944 1108 ὅσα
976 1069 1012 1108 δὲ
1032 1087 1174 1109 συνεπι-

154 1128 277 1167 ὅάλλει
294 1136 364 1173 τοῖς
382 1131 438 1183 ὑφ’
463 1131 564 1180 ἡμῶν
586 1128 814 1183 γραφομένοις
839 1134 994 1181 καιροῖς,
1016 1133 1128 1166 ταῦτα
1147 1129 1176 1165 δ’

154 1187 227 1225 ἐστὶ
246 1187 290 1225 τὰ
306 1187 386 1240 περὶ
403 1187 461 1226 τὸν
490 1187 723 1238 Κλεομενικὸν
742 1187 914 1237 πόλεμον,
940 1185 1026 1239 ὑπὲρ
1046 1185 1175 1223 τούτων

155 1245 344 1296 ἀναγκαῖόν
369 1248 460 1284 ἐστιν
490 1249 575 1296 ἡμῖν
606 1246 825 1299 διευκρινεῖν·
857 1245 954 1282 ἔσται
980 1245 1015 1281 δὲ
1040 1243 1176 1287 πάντως

154 1305 326 1355 ἀρκοῦντα
342 1307 453 1341 ταῦτα
475 1304 559 1357 πρὸς
574 1303 613 1341 τὸ
632 1303 691 1342 καὶ
707 1303 769 1350 τὴν
790 1301 873 1349 ὅλην
893 1304 994 1339 αὐτοῦ
1013 1302 1176 1355 προαίρε-

154 1376 208 1398 σιν
237 1361 296 1399 καὶ
317 1360 462 1412 δύναμιν
494 1364 527 1398 ἐν
559 1364 602 1413 τῇ
623 1360 849 1414 πραγματείᾳ
879 1363 1107 1410 καταμαθεῖν.
1127 1382 1175 1387 -

153 1421 257 1457 Vitio
280 1429 408 1457 autem
423 1421 535 1458 vertit
555 1421 788 1470 Phylarcho,
808 1419 912 1468 quod
928 1419 1000 1455 alia
1014 1419 1175 1455 effinxe-

153 1478 222 1525 rit,
245 1479 319 1516 alia
337 1478 530 1525 omiserit,
551 1478 624 1515 alia
645 1478 883 1514 imminuerit
913 1485 980 1514 aut
1000 1477 1174 1513 auxerit:

152 1537 192 1573 id
213 1537 317 1586 quod
348 1545 514 1586 quatuor
540 1537 724 1586 exemplis
745 1535 909 1585 probare
936 1535 1063 1572 studet
1084 1535 1175 1584 (vid.

154 1595 249 1644 frgg.
267 1595 328 1642 51,
351 1596 413 1641 52,
435 1596 497 1642 53,
519 1595 596 1645 54).
621 1599 664 1631 111
683 1595 896 1644 fragmento
919 1595 962 1631 51
994 1593 1175 1643 Polybius

155 1653 247 1690 dicit
266 1654 521 1703 Phylarchum
535 1654 684 1705 prolixe
701 1654 924 1690 Achaeorum
939 1654 1174 1690 atrocitatem

153 1711 192 1747 in
213 1711 473 1749 Mantinenses
497 1713 735 1763 exposuisse,
764 1711 828 1748 sed
855 1712 1024 1749 omisisse
1044 1725 1175 1748 causas

153 1781 239 1818 quae
261 1769 364 1806 illam
385 1770 623 1807 reddiderint
653 1769 918 1806 necessariam.
935 1772 986 1806 Ut
1006 1769 1176 1806 omiserit

153 1827 384 1876 Phylarchus
402 1837 550 1879 partem
566 1841 700 1866 eorum
711 1856 720 1871 ‚
738 1840 822 1877 quae
839 1836 948 1864 antea
962 1828 1176 1864 Mantinen-

153 1883 257 1921 sibus
275 1899 360 1922 cum
377 1887 524 1924 Achaeis
543 1887 836 1924 intercesserant
855 1885 958 1936 (nam
980 1893 1081 1922 certe
1097 1898 1175 1922 non

154 1944 283 1981 onmia
300 1945 460 1996 omisit),
475 1945 563 1995 jure
590 1954 714 1982 tamen
733 1944 780 1981 de
798 1944 1022 1981 Achaeorum
1039 1944 1176 1981 crude-

153 2002 259 2039 litate
286 2012 442 2053 questus
459 2012 536 2051 est,
554 2017 673 2054 quum
692 2003 969 2050 Mantinenses,
987 2003 1053 2053 qui
1080 2016 1176 2052 prae-

153 2061 293 2097 sidium
329 2063 501 2112 recipere
533 2071 570 2099 et
615 2062 715 2112 leges
751 2062 1001 2110 institutaque
1030 2069 1176 2097 mutare

154 2120 276 2156 coacti
302 2129 448 2167 essent,
472 2134 549 2158 non
579 2121 659 2158 sine
689 2120 797 2170 gravi
822 2133 936 2157 causa
956 2119 1004 2156 ab
1026 2119 1175 2156 Achaeis

154 2178 394 2215 defecissent.
444 2201 482 2207 -
519 2182 563 2216 In
601 2179 812 2229 fragmento
845 2180 891 2215 52
931 2178 1176 2228 reprehendit

153 2237 259 2286 quod
278 2237 512 2286 Phylarchus
529 2237 840 2274 Aristomachum
860 2245 1064 2286 tyrannum
1080 2238 1175 2274 mul-

154 2295 200 2331 tis
219 2296 418 2332 tormentis
437 2296 678 2333 interfectum
704 2308 784 2332 esse
802 2295 920 2342 dicat,
940 2308 1060 2344 eaque
1092 2304 1174 2332 tor-

153 2363 280 2391 menta
300 2354 492 2392 describat
512 2364 551 2391 ut
569 2355 763 2405 prodigia,
783 2367 867 2405 quae
885 2355 1055 2391 omnium
1072 2368 1175 2392 com-

152 2412 437 2449 miserationem
462 2414 753 2450 commoverint.
783 2413 1094 2450 Aristomachum
1123 2415 1176 2450 ait

152 2470 335 2521 Polybius
365 2485 441 2508 nou
473 2472 672 2508 tormentis
700 2472 965 2517 interfectum,
986 2471 1053 2508 sed
1079 2473 1173 2509 mari

153 2528 394 2566 submersum
414 2542 515 2575 esse,
536 2530 718 2566 meruisse
744 2542 834 2566 vero
856 2529 955 2565 hunc
981 2529 1174 2566 hominem

154 2589 416 2626 crudelissima
436 2601 595 2638 quaeque
616 2588 817 2638 supplicia.
844 2587 918 2624 Sed
939 2587 985 2624 de
1001 2596 1172 2625 tormen-

155 2647 202 2684 tis
218 2647 300 2684 istis
312 2646 569 2696 Phylarchum
586 2660 675 2683 vera
692 2646 888 2683 tradidisse
908 2654 1067 2683 testatur
1088 2647 1173 2683 Plu-

156 2706 308 2742 tarchus
331 2706 369 2742 iu
391 2708 496 2742 Arat.
518 2711 589 2750 443
619 2713 733 2754 atque
753 2704 858 2754 quod
885 2704 1173 2742 Aristomachus

156 2764 204 2801 ab
226 2764 372 2801 Achaeis
405 2763 563 2810 defecit,
589 2763 628 2800 id
653 2763 825 2800 excusari
849 2770 976 2813 potest
1002 2763 1173 2812 ipsorum

154 2825 382 2862 Achaeorum
400 2824 557 2861 dissidio
579 2831 616 2860 et
632 2822 771 2860 foedere
786 2822 891 2872 quod
909 2822 1074 2858 inierant
1087 2836 1172 2859 cum

155 2882 445 2919 Macedonibus.
479 2886 523 2919 In
552 2882 764 2932 fragmento
798 2882 846 2918 53
875 2880 1055 2930 Polybius
1085 2882 1173 2918 satis

150 2949 375 2988 arroganter
386 2942 557 2990 queritur
567 2940 669 2990 quod
678 2939 908 2989 Phylarchus
918 2940 1173 2988 Megalopoli-

159 3006 333 3035 tanorum
356 3000 468 3036 fidem
489 3007 526 3036 et
545 2999 797 3036 constantiam
817 2996 991 3034 laudibus
1008 3011 1083 3033 non
1104 3010 1171 3033 or-

157 3057 316 3093 naverit.
333 3061 374 3093 In
393 3058 601 3107 fragmento
628 3058 672 3101 54
700 3056 787 3106 jure
807 3055 1062 3104 Phylarchum
1076 3055 1173 3092 levi—

159 3115 244 3150 tatis
262 3115 472 3161 insimulat,
497 3115 600 3164 quod
618 3115 760 3160 tradat,
782 3113 1092 3152 Lacedaemonios
1107 3126 1172 3150 sex

159 3172 275 3209 millia
285 3173 508 3209 talentorum
519 3187 538 3209 e
548 3174 674 3222 praeda
683 3173 998 3223 Megalopolitana
1008 3172 1171 3209 lucratos

158 3243 250 3266 esse.
271 3233 328 3267 Ex
343 3230 399 3267 his
413 3231 519 3267 vides
539 3232 738 3280 Polybium
755 3245 855 3282 saepe
874 3244 956 3268 esse
975 3231 1170 3280 injustum.

157 3287 388 3337 Phylarchus
402 3288 529 3324 omisit
542 3290 722 3326 nonnulla
733 3319 743 3336 ,
763 3303 847 3339 quae
868 3289 1078 3326 Cleomenis
1093 3289 1173 3339 glo—

158 3345 252 3382 riam
270 3345 495 3382 imminuere
508 3355 683 3394 poteraut
698 3348 755 3383 vel
774 3348 923 3384 Achaeis
939 3347 1039 3384 laudi
1053 3355 1171 3394 erant,

159 3412 195 3441 et
215 3405 455 3453 exaggeravit
472 3417 552 3453 quae
574 3405 794 3443 Cleomenes
813 3406 977 3455 gloriose
994 3414 1171 3456 gesserat,

1232 317 1467 366 Phylarchus
1514 317 1668 354 veriora
1707 316 1863 354 tradidit
1903 329 2018 367 quam
2055 315 2251 366 Polybius.

1233 375 1348 421 Quod
1376 375 1438 412 hic
1470 375 1569 411 enim
1596 374 1729 411 scribit
1753 374 1812 425 (V,
1845 373 1931 425 37),
1960 374 2252 423 Archidamum,

1233 434 1367 483 Agidis
1380 437 1436 471 III
1452 434 1626 480 fratrem,
1647 447 1668 470 a
1685 434 1886 471 Cleomene
1902 434 2141 470 interfectum
2159 447 2252 482 esse,

1233 491 1272 528 id
1287 506 1356 542 per
1379 506 1417 530 se
1436 507 1513 530 non
1534 491 1737 542 probabile
1754 500 1832 539 est,
1858 501 1896 529 et
1914 505 1934 528 a
1950 491 2172 539 Plutarcho,
2188 492 2254 542 qui

1233 558 1270 586 et
1286 551 1487 599 Phylarchi
1506 551 1576 587 hac
1599 550 1647 586 de
1663 563 1704 587 re
1719 550 1942 587 sententiam
1959 550 2070 587 affert
2091 550 2150 600 (fr.
2170 551 2254 598 55),

1234 609 1435 646 refutatur.
1453 609 1509 646 Cf.
1526 612 1658 645 Mauso
1677 611 1813 658 Sparta
1837 612 1916 656 ΙΙΙ,
1943 621 1977 655 2,
2005 622 2043 659 p.
2066 608 2254 647 133-140.

1234 665 1414 714 Polybius
1435 679 1551 716 porro
1569 679 1648 703 non
1665 666 1762 703 dixit
1782 667 2023 703 Cleomenem
2043 666 2102 704 bis
2121 680 2255 717 pacem

1233 723 1379 760 Achaeis
1394 723 1578 761 obtulisse
1598 733 1635 760 et
1654 724 1807 774 petiisse
1830 731 1872 760 ut
1887 723 1925 760 in
1943 737 2076 761 eorum
2095 725 2257 762 societa-

1236 789 1311 818 tem
1336 782 1596 832 reciperetur;
1619 782 1665 819 cf.
1692 781 1938 819 Plutarchum
1965 782 2005 818 in
2027 782 2169 820 Cleom.
2191 783 2253 829 16,

1240 853 1299 886 17,
1321 853 1380 889 19,
1396 840 1435 877 in
1455 844 1561 878 Arat.
1581 842 1642 890 39,
1665 846 1726 888 41,
1743 839 1809 877 ubi
1826 847 2008 890 sequutus
2025 848 2081 878 est
2096 841 2256 890 Phylar-

1237 897 1364 934 chum.

1288 955 1594 1006 Plutarchus(in
1626 957 1743 994 Arato
1765 968 1797 993 c.
1829 954 2117 1005 38)assentitur
2131 954 2250 1006 Poly-

1236 1013 1388 1052 biotam
1414 1016 1547 1065 inique
1564 1015 1610 1052 de
1629 1015 1841 1064 Phylarcho
1860 1014 2070 1065 judicanti,
2086 1015 2140 1052 ita
2157 1015 2255 1052 scri-

1235 1072 1328 1110 bens
1341 1089 1348 1110 :
1360 1072 1513 1124 Ὁμοίως
1524 1071 1559 1110 δὲ
1573 1072 1631 1110 καὶ
1648 1071 1838 1125 Φύλαρχος
1854 1071 2016 1125 ἱστόρηκε
2032 1072 2112 1127 περὶ
2126 1072 2255 1111 τούτων

1237 1130 1299 1182 (cf.
1317 1132 1453 1181 fragm.
1470 1131 1550 1181 59),
1569 1125 1598 1182 ᾧ
1613 1129 1661 1181 μὴ
1679 1135 1738 1168 τοῦ
1753 1130 1930 1169 Πολυὸίου
1952 1134 2203 1184 μαρτυροῦντος
2217 1132 2255 1169 οὗ

1235 1187 1324 1226 πάνυ
1340 1206 1374 1228 τι
1391 1188 1564 1227 πιστεύειν
1583 1188 1675 1233 ἄξιον
1693 1184 1734 1235 ἦν
1747 1202 1755 1210 ·
1773 1190 1930 1242 ἐνθουσιᾷ
1938 1187 2006 1242 γὰρ
2023 1187 2105 1227 ὅταν
2122 1188 2257 1242 ἅψηται

1235 1251 1293 1284 τοῦ
1315 1247 1531 1297 Κλεομένους
1553 1247 1611 1285 ὑπ’
1628 1246 1779 1291 εὐνοίας,
1803 1246 1862 1284 καὶ
1882 1246 2037 1300 καθάπερ
2056 1248 2091 1284 ἐν
2115 1247 2198 1299 δίκῃ
2211 1249 2255 1299 τῇ

1235 1305 1369 1358 ἱστορίᾳ
1389 1307 1438 1357 τῷ
1454 1303 1515 1355 μὲν
1531 1303 1746 1358 (τῷἈράτῳ)
1766 1305 1950 1342 ἀντιδικῶν
1969 1305 2136 1353 διατελεῖ,
2155 1306 2206 1357 τῷ
2220 1305 2256 1343 δὲ

1236 1362 1485 1415 συναγορεύων.
1501 1363 1684 1401 Similiter
1699 1363 1738 1399 in
1749 1363 2002 1400 Themistocle
2012 1363 2060 1414 (e.
2078 1365 2142 1410 32)
2150 1363 2255 1413 judi-

1236 1429 1296 1458 cat
1314 1436 1322 1457 ε
1343 1421 1430 1473 Περὶ
1455 1420 1491 1459 δὲ
1507 1423 1575 1458 τῶν
1591 1420 1764 1473 λειψάνων
1785 1421 1856 1471 (τοῦ
1879 1420 2172 1472 Θεμιστοκλέους)
2185 1420 2256 1458 οὔτ’

1236 1478 1412 1531 Ἀνδοκίδῃ
1434 1478 1619 1530 προσέχειν
1646 1478 1738 1522 ἄξιον
1768 1479 1802 1515 ἐν
1819 1479 1870 1530 τῷ
1894 1477 1979 1531 πρὸς
2006 1477 2083 1521 τοὺς
2103 1478 2256 1532 ἑταίρους

1234 1536 1389 1588 λέγοντι,
1408 1537 1635 1590 φωράσαντας
1651 1536 1694 1575 τὰ
1707 1536 1854 1589 λείψανα
1870 1537 2050 1590 διαρῥῖψαι
2062 1535 2142 1581 τοὺς
2155 1537 2258 1584 Ἀθη-

1235 1595 1365 1639 ναίους·
1394 1595 1555 1648 ψεύδεται
1578 1595 1644 1647 γὰρ
1664 1594 1720 1632 ἐπὶ
1740 1594 1797 1632 τὸν
1828 1595 1937 1642 δῆμον
1957 1593 2158 1648 παροξύνων
2177 1594 2255 1638 τοὺς

1235 1653 1492 1706 ὀλιγαρχικούς·
1514 1654 1536 1691 ἅ
1554 1669 1592 1691 τε
1611 1652 1800 1705 Φύλαρχος
1816 1651 1932 1705 ὥσπερ
1950 1654 1984 1690 ἐν
1997 1652 2172 1706 τραγῳδίᾳ
2192 1653 2257 1704 μό-

1234 1726 1290 1748 νον
1317 1713 1355 1749 οὐ
1381 1710 1543 1763 μηχανὴν
1564 1710 1648 1764 ἄρας
1673 1711 1732 1749 καὶ
1759 1709 1966 1762 προαγαγὼν
1995 1710 2152 1749 Νεοκλέα
2175 1709 2254 1749 τινὰ

1234 1769 1293 1807 καὶ
1316 1769 1540 1820 Δημόπολιν,
1563 1767 1652 1811 υἱοὺς
1669 1768 1968 1818 Θεμιστοκλέους,
1989 1770 2106 1818 ἀγῶνα
2130 1767 2252 1819 βούλε-

1234 1843 1292 1865 ται
1314 1834 1417 1866 κινεῖν
1438 1828 1496 1866 καὶ
1520 1827 1649 1873 πάθος,
1677 1826 1695 1864 ὃ
1718 1827 1788 1864 οὐδ’
1817 1825 1856 1864 ἂν
1880 1829 1898 1863 ὁ
1920 1823 2036 1877 τυχὼν
2056 1825 2253 1877 ἀγνοήσειεν

1234 1885 1286 1924 ὅτι
1317 1886 1528 1924 πέπλασται.
1558 1885 1749 1923 Credibile
1781 1893 1858 1932 est,
1885 1885 2142 1934 Phylarchum
2176 1899 2253 1923 non

1234 1945 1358 1995 ipsum
1384 1946 1463 1982 haec
1486 1945 1700 1991 effinxisse,
1732 1944 1797 1981 sed
1825 1957 1869 1981 ea
1894 1943 2095 1993 adoptasse
2116 1951 2159 1980 ut
2177 1957 2254 1980 suae

1234 2004 1414 2041 narrandi
1427 2003 1569 2041 rationi
1584 2003 1746 2040 maxime
1758 2003 2037 2040 convenientia.
2047 2002 2150 2040 Idem
2162 2015 2254 2040 vero

1236 2063 1460 2100 Plutarchus
1477 2063 1516 2100 in
1530 2062 1660 2113 Agidis
1676 2071 1712 2098 et
1725 2061 1938 2099 Cleomenis
1949 2061 2047 2098 Vitis
2059 2062 2254 2111 aPhylar-

1235 2122 1307 2158 cho
1325 2122 1404 2158 sere
1415 2121 1571 2172 pendet,
1589 2120 1953 2158 utiuconstantiaein
1968 2119 2181 2169 judicando
2197 2133 2254 2156 ac-

1234 2180 1359 2217 cusari
1385 2179 1542 2225 debeat;
1563 2179 1762 2215 meliorem
1782 2178 1938 2228 quidem
1965 2178 2103 2214 ducem
2132 2178 2171 2214 in
2194 2177 2253 2214 his

1234 2238 1333 2275 Vitis
1350 2238 1519 2288 reperire
1539 2237 1667 2287 potuit
1685 2237 1832 2274 nullum
1853 2249 1967 2286 quam
1987 2235 2253 2286 Phylarchum,

1235 2298 1301 2347 qui
1325 2311 1385 2335 eas
1418 2298 1699 2335 accuratissime
1729 2305 1767 2334 et
1796 2296 1937 2333 vividis
1968 2294 2162 2332 coloribus
2181 2294 2254 2332 de-

1235 2357 1464 2406 scripsisset,
1491 2357 1529 2393 in
1551 2369 1711 2406 eamque
1740 2354 1966 2393 sententiam
1992 2366 2077 2403 quae
2101 2353 2253 2390 Plutar—

1235 2414 1305 2450 cho
1322 2422 1478 2464 accepta
1494 2422 1587 2451 erat.
1609 2417 1752 2451 Verum
1780 2412 1932 2462 quidem
1953 2419 2028 2457 est,
2055 2411 2094 2448 in
2119 2410 2252 2460 Agidis

1235 2473 1322 2510 Vita
1338 2473 1492 2509 nonnisi
1507 2486 1585 2509 uno
1612 2472 1698 2508 loco
1723 2471 1783 2521 (fr.
1805 2469 1871 2521 34)
1890 2469 2145 2519 Phylarchum
2167 2469 2251 2505 lau-

1235 2531 1335 2575 dari,
1356 2531 1423 2568 sed
1451 2530 1548 2568 bene
1565 2530 1671 2567 Luch
1679 2530 1752 2566 tius
1768 2527 1987 2566 observavit
2000 2526 2251 2564 animadverti

1233 2601 1352 2638 quum
1369 2589 1407 2625 in
1424 2588 1556 2638 Agidis
1580 2596 1659 2624 tum
1685 2588 1724 2623 in
1745 2586 1957 2623 Cleomenis
1989 2585 2071 2621 Vita
2087 2583 2251 2621 eundem

1234 2647 1377 2696 ubique
1401 2655 1571 2683 tenorem
1597 2654 1635 2682 et
1671 2645 1874 2694 spiritum,
1906 2644 1974 2694 qui
1999 2642 2252 2692 Phylarchum

1234 2705 1374 2754 prodat
1401 2704 1536 2741 ducem
1561 2711 1816 2749 constantem,
1839 2710 1880 2738 ut
1899 2714 1977 2738 uno
1997 2708 2142 2737 tantum
2164 2699 2251 2736 loco

1235 2764 1271 2800 in
1303 2763 1435 2812 Agidis
1450 2763 1539 2800 Vita
1561 2762 1610 2814 (c.
1646 2761 1705 2810 15)
1727 2764 1867 2798 Aratus
1896 2768 1934 2796 et
1963 2762 2057 2796 Bato
2083 2757 2250 2795 consulti

1233 2834 1312 2858 esse
1331 2821 1556 2868 videantur3
1576 2820 1738 2857 maxime
1754 2831 1846 2856 vero
1858 2817 2063 2867 Phylarchi
2082 2816 2247 2853 indolem

1233 2892 1418 2930 apparere
1432 2880 1471 2916 in
1490 2879 1536 2916 iis
1553 2892 1637 2928 quae
1651 2878 1698 2914 de
1709 2885 1877 2914 extrema
1892 2875 2024 2925 Agidis
2041 2875 2127 2911 vitae
2141 2882 2249 2925 parte

1234 2938 1453 2984 tradantur3
1477 2937 1515 2974 in
1546 2935 1757 2974 Cleomenis
1789 2942 1915 2971 autem
1933 2933 2043 2977 Vita,
2075 2933 2248 2982 quamvis

1235 3003 1291 3032 ter
1313 3004 1459 3032 tantum
1481 2994 1714 3043 Phylarchus
1732 2991 1908 3028 laudetur
1922 2991 1983 3042 (fr.
2002 2990 2064 3037 55,
2089 2990 2150 3037 56,
2169 2990 2245 3036 57),

1232 3057 1359 3093 omnia
1387 3057 1465 3092 sere
1504 3054 1626 3092 eidem
1655 3052 1900 3090 attribuenda
1931 3064 2038 3097 esse,
2078 3051 2246 3099 exceptis

1233 3115 1361 3164 paucis
1377 3114 1488 3160 locis,
1514 3112 1581 3149 ubi
1607 3115 1766 3156 Aratus,
1789 3108 1973 3158 Polybius
2002 3116 2039 3145 et
2067 3108 2246 3157 Sphaerus

1230 3173 1516 3222 Borysthenites
1533 3170 1695 3208 adhibiti
1708 3170 1782 3206 sint
1794 3173 1838 3213 (c.
1858 3169 1915 3214 16,
1932 3182 1989 3214 17,
2011 3181 2070 3216 19,
2087 3168 2149 3213 25,
2165 3167 2244 3217 27).

1230 3233 1277 3267 Et
1290 3231 1326 3267 in
1346 3229 1575 3279 quibusdam
1589 3227 1741 3277 quidem
1763 3226 1854 3262 locis
1874 3224 2024 3262 aliunde
2043 3224 2246 3261 confirma—

1233 3298 1292 3326 tur
1311 3287 1549 3325 Plutarchum
1567 3285 1780 3334 Phylarcho
1797 3284 1853 3320 uti
1875 3291 2048 3330 auctore,
2069 3281 2244 3332 quamvis

1231 3361 1316 3385 eum
1341 3361 1418 3384 non
1435 3346 1604 3382 nominet
1616 3372 1626 3390 ,
1644 3351 1688 3380 ut
1711 3357 1743 3379 c.
1758 3342 1794 3392 8,
1807 3341 1911 3391 quod
1927 3355 2012 3378 cum
2031 3341 2244 3390 fragmento

1232 3407 1279 3451 46
1298 3406 1359 3457 (de
1379 3401 1635 3453 mothacibus)
1653 3400 1958 3439 contendendum
1979 3408 2033 3436 est
2048 3428 2057 3446 ,
2075 3407 2111 3435 ct
2131 3411 2159 3434 c.
2180 3397 2240 3453 28,
