2320 3684
758 174 1036 215 HELLANICI
1066 176 1396 217 FRAGMENTA.
2131 182 2179 214 53

61 265 140 319 περὶ
166 264 396 319 ἀστραγάλων
438 263 606 318 ὀργισθεὶς
624 262 836 302 ἀπέκτεινεν.
862 262 948 302 Ἐπὶ
980 262 1092 316 τούτῳ
1153 264 1227 315 δος,
1259 264 1305 308 ὥς
1337 281 1440 318 φησιν
1464 265 1682 311 Ἑλλάνικος.
1712 265 1840 303 Schol.
1872 265 1992 304 Paris.
2023 276 2093 314 pro
2120 265 2180 300 τοῦ

63 322 99 362 δὲ
129 324 261 377 φυγὼν,
295 326 343 368 εἷς
366 322 483 364 Φθίαν
508 321 664 376 ἀφίκετο,
694 323 807 370 κάκεῖ,
839 320 931 360 κατὰ
964 321 1093 373 συγγέ·
1150 322 1316 377 ’Ἀρκάδος
1338 323 1455 362 habet
1474 326 1548 363 υἱοῦ
1565 322 1742 378 Ἀρκάδος.

62 398 157 421 νειαν
186 381 336 430 Πηλέως
350 413 360 431 ,
386 381 539 434 Ἀχιλλεῖ
559 382 678 426 συνῆν.
701 378 834 419 Φιλίαν
860 379 889 417 δ’
912 379 1092 432 ὑπερὸάλ-

62 442 191 480 λουσαν
214 439 299 494 πρὸς
315 439 485 487 ἀλλήλους
505 437 789 491 διαφυλάξαντες,
810 441 898 489 ὁμοῦ
917 437 976 475 ἐπὶ
987 436 1094 476 Ἴλιον

63 499 310 555 ἐστράτευσαν.
338 498 386 538 Ἡ
416 496 557 551 ἱστορία
584 495 683 550 παρὰ
706 496 920 550 Ἑλλανίκῳ.

544 555 607 594 58.

118 626 244 666 Schol.
271 628 382 664 Hom.
409 624 482 664 Od.
508 625 552 672 E,
578 623 672 661 125:
689 616 760 663 5'Hit
781 621 881 677 Κρὴς
901 624 920 661 ὁ
943 620 1095 660 Ἰασίων.

63 684 274 728 “Ελλάνικος
293 683 329 722 δὲ
350 683 544 738 Ἠλέκτρας
570 681 632 721 καὶ
657 681 739 726 Διὸς
758 681 861 720 αὐτὸν
885 682 1095 734 γενεαλογεῖ.

64 747 113 782 Et
129 743 305 782 Eustath.
326 742 412 780 adl.
433 743 458 780 1.
480 755 518 792 p.
542 741 656 789 1528,
670 742 710 779 5:
729 739 800 779 Τὸν
815 740 979 780 Ἰασίωνα
989 754 1100 793 γεωρ-

64 801 124 853 γὸν
145 804 167 848 ἡ
185 799 277 839 κατὰ
304 799 363 839 τὸν
383 799 593 839 Ἑλλάνικον
621 799 758 853 ἱστορία
783 798 870 852 ἔχει,
900 800 1026 853 Κρῆτα
1058 798 1098 836 τὸ

64 858 162 911 γένος
176 889 187 908 ,
207 858 287 903 Διὸς
307 857 379 897 υἱὸν
393 857 452 896 καὶ
475 856 644 915 Ἡμέρας.

119 936 135 952 ι
149 921 278 966 Quum
297 918 426 956 Iasion
437 917 554 956 etiam
574 917 622 954 ab
636 916 813 968 Apollod.
834 919 902 963 III,
923 929 983 962 12,
1007 930 1041 966 1,
1063 923 1099 952 et

67 977 196 1015 Schol.
215 976 307 1016 Cod.
321 979 420 1027 Aug.
442 976 491 1014 ad
509 976 643 1026 Eurip.
667 976 826 1015 Phoenn.
858 990 873 1012 1
886 976 970 1021 146,
991 974 1100 1012 dica—

67 1044 130 1073 tur
144 1036 306 1073 Electrae
318 1035 526 1073 Atlantidis
550 1034 615 1086 (de
634 1048 710 1085 qua
732 1048 768 1072 v.
789 1034 923 1085 fragm.
952 1033 1098 1082 LXXI)

66 1103 104 1133 et
122 1095 230 1133 Jovis
249 1094 367 1141 filius,
388 1095 505 1132 frater
524 1094 708 1142 Dardani,
731 1107 812 1130 non
833 1092 983 1140 dubito,
1005 1092 1100 1142 quin

67 1152 227 1207 Ἡμέρας
250 1154 290 1191 in
312 1153 505 1191 Eustathii
523 1153 624 1204 loco,
640 1166 863 1204 quanquam
885 1153 940 1190 ita
961 1152 1101 1202 legitur

66 1212 172 1263 apud
192 1212 356 1250 Phavor.
381 1225 537 1263 quoque
556 1212 597 1250 in
618 1226 652 1250 v.
674 1210 850 1258 Ἰασίωνα,
871 1211 1101 1248 mutandum

67 1277 116 1314 sit
138 1276 179 1313 in
198 1273 406 1329 Ἠλέκτρας.
421 1275 546 1313 Etiam
563 1275 603 1312 in
617 1275 782 1313 Scholiis
798 1274 847 1312 ad
859 1274 1001 1324 Odyss.
1024 1275 1046 1311 Ι.
1061 1274 1100 1321 1.,

66 1348 154 1385 quae
173 1335 388 1373 Creuzerus
407 1334 598 1372 Meletem.
624 1338 666 1372 P.
703 1349 736 1382 1,
765 1348 801 1383 p.
833 1333 898 1383 52,
917 1347 938 1371 e
960 1333 1101 1372 Codice

66 1393 243 1431 Palatino
281 1393 328 1437 45
363 1393 507 1439 edidit,
539 1402 577 1431 et
617 1407 702 1445 quae
733 1396 990 1431 Buttmannus
1025 1406 1102 1430 suae

67 1452 314 1489 scholiorum
336 1452 375 1488 in
397 1451 612 1501 odysseam
631 1451 794 1490 editioni
817 1451 991 1500 inseruit,
1006 1451 1102 1502 legi—

70 1518 132 1547 tur
146 1508 351 1561 Ἠλέκτρας.
372 1528 388 1544 »
417 1513 540 1549 Sturz.

481 1626 693 1643 *uu—-

376 1728 497 1767 ΠΕΡΙ
522 1728 793 1767 ΑΡΚΑΔΙΑΣ.

550 1821 614 1859 59.

123 1900 250 1940 Schol.
272 1899 451 1951 Apollon.
473 1899 601 1938 Rhod.
622 1903 659 1947 1,
685 1901 756 1937 162
773 1915 781 1937 z
797 1899 868 1939 Δύο
882 1899 919 1938 δέ
941 1902 1007 1939 εἶσι
1027 1903 1106 1949 Κη-

71 1963 156 2012 φεῖς·
180 1961 199 1997 ὁ
223 1957 300 2010 μὲν,
319 1958 450 2008 Ἀλεοῦ,
468 1952 508 1996 οῧ
523 1957 735 2010 μνημονεύει
759 1957 1007 2002 Ἀπολλώνιος·
1031 1962 1049 1998 ὃ
1069 1958 1106 1998 δὲ

70 2016 206 2113 ἕτερος,
225 2012 265 2056 οἷ
288 2016 500 2069 μνημονεύει
521 2016 731 2061 Ἑλλάνικος
756 2019 791 2056 ἐν
810 2019 861 2069 τῷ
879 2018 959 2071 περὶ
976 2018 1106 2072 Ἀρκα-

94 2091 158 2120 ιας.
554 2135 619 2174 60„

126 2201 255 2262 schol.
270 2201 453 2252 Apollon.
471 2205 507 2248 Ι,
527 2203 621 2252 769:
635 2202 815 2247 Μαίναλος
828 2201 904 2256 ὅρος
924 2203 1108 2257 Ἀρκαδίας

74 2260 109 2297 ἐν
128 2263 157 2314 ᾧ
176 2263 198 2307 ἡ
214 2259 409 2307 Ἀταλάντη
443 2260 570 2312 δι’ἥγεν,
594 2259 664 2298 ἀπὸ
691 2261 877 2300 Μαινάλου
904 2266 964 2301 τοῦ
985 2262 1108 2317 Ἀρκά-

75 2370 244 2402 interiecit.
263 2370 466 2411 Quapropter
478 2379 581 2411 quum
601 2371 733 2412 sugeret,
750 2372 902 2404 Phthiam
918 2373 1029 2412 venit,
1047 2374 1100 2406 ubi

75 2416 119 2448 ob
133 2416 219 2448 Pelei
237 2416 427 2449 affinitatem
436 2425 512 2449 cum
519 2417 642 2450 Achille
655 2421 804 2451 versatus
818 2421 877 2451 est.
895 2420 960 2457 Qui
972 2420 1104 2460 quidem

77 2465 144 2496 tam
159 2463 278 2496 eximia
292 2463 374 2496 inter
390 2472 426 2496 se
458 2465 563 2506 Juncti
594 2468 783 2499 manserunt
800 2467 944 2499 amicitia
957 2491 966 2507 ‚
985 2470 1022 2499 ut
1041 2477 1106 2500 una

77 2512 190 2543 contra
204 2511 332 2552 Trojam
342 2511 634 2553 proficiscerentur.

120 2616 226 2649 Iasion
242 2619 310 2649 erat
325 2617 489 2650 Cretensis
502 2642 512 2658 ‚
539 2626 637 2659 quem
653 2619 839 2652 Hellanicus
855 2620 950 2653 Jovis
972 2620 1051 2652 dicit
1066 2629 1106 2653 ex

80 2662 207 2696 Electra
220 2663 333 2696 filium.

121 2711 281 2743 Iusionem
297 2710 469 2751 agricolam
489 2713 671 2745 secundum
688 2713 890 2746 Hellanicum
904 2715 1040 2747 historia
1055 2723 1108 2747 ex-

80 2755 180 2797 hibet,
191 2766 304 2798 genere
310 2759 508 2800 Cretensem,
516 2759 609 2791 Jovis
620 2759 722 2792 lilium
733 2763 765 2793 et
772 2763 920 2794 Hemerae
930 2760 1106 2803 (Electrae).

511 2823 687 2837 w·—

413 2871 482 2910 DE
521 2872 766 2914 ARCADIA.

120 2985 194 3038 puo
210 2985 333 3027 Cephei
353 2986 574 3029 distinguendi
605 2992 682 3023 sunt
695 3014 705 3031 ,
729 2999 869 3032 quorum
884 2991 963 3024 alter
978 2993 1028 3023 est
1043 2990 1111 3023 Alei

83 3030 180 3086 tilius,
201 3033 295 3086 cujus
310 3035 509 3068 mentionem
525 3036 635 3077 injecit
649 3038 857 3079 Apollonius3
875 3038 1013 3071 alterum
1031 3038 1111 3079 (Ly-

83 3086 171 3120 curgi
184 3078 298 3120 filium,
306 3090 409 3114 unum
419 3091 458 3115 ex
470 3083 539 3124 apri
547 3083 716 3125 calydonii
726 3085 948 3123 venatoribus)
959 3086 992 3118 in
1002 3085 1111 3118 Rebus

83 3126 248 3161 Arcadicis
262 3127 450 3162 Hellanicus
466 3134 709 3164 commemorat.

125 3232 281 3265 Maenalus
293 3256 302 3272 ‚
315 3242 410 3267 mons
424 3236 586 3277 Arcadiae,
601 3237 635 3269 in
651 3247 717 3278 quo
730 3239 880 3271 Atalanta
895 3239 1043 3280 degebat,
1059 3250 1112 3272 no-

85 3285 161 3310 men
174 3279 298 3320 accepit
310 3289 330 3312 a
344 3282 482 3315 Maenalo
491 3307 500 3323 ‚
519 3284 654 3316 Arcadis
668 3285 751 3325 filio,
766 3287 803 3317 ut
822 3286 1007 3319 Hellanicus
1021 3287 1111 3319 dicit.

127 3385 364 3426 Stymphalides
374 3339 679 3429 Pherecydessstiadit
691 3399 755 3422 non
770 3390 920 3423 mulieres
934 3391 1044 3431 fuisse,
1058 3391 1112 3423 sed

1208 439 1336 476 Schol.
1355 441 1598 490 Apollon.II,
1617 441 1738 478 1055:
1757 437 2007 493 Στυμφαλίδας
2025 435 2185 490 Φερεκύ-

1156 495 1217 542 δης
1236 496 1339 548 φησὶν
1363 498 1401 534 οὐ
1427 503 1593 549 γυναῖκας
1620 498 1700 536 ἀλλ’
1721 496 1857 552 ὄρνιθας
1881 490 1982 545 εἶναι,
2000 494 2060 534 καὶ
2084 496 2185 533 ἀναι-

1159 555 1299 607 ρεθῆναι
1327 555 1412 608 πρὸς
1433 556 1667 609 εΗρακλεόυς,
1694 558 1878 608 πλαταγῆς
1908 554 2063 602 δοθείσης
2091 555 2186 606 αὐτῷ

1156 612 1242 666 πρὸς
1259 612 1298 651 τὸ
1313 620 1455 652 κτυπεῖν
1471 615 1530 653 καὶ
1545 615 1702 668 ἐκφοὸεῖν
1718 614 1836 659 αὐτάς·
1851 614 1978 666 ὁμοίως
1997 613 2058 653 καὶ
2078 613 2184 665 (Cod.

1158 672 1275 710 Paris.
1301 670 1344 710 τὰ
1364 671 1453 710 αὐτὰ
1476 672 1512 711 δὲ
1531 673 1607 725 καὶ)
1627 673 1835 718 Ἑλλάνικος
1854 672 1971 727 φησίν.

1211 730 1320 768 Idem
1339 730 1391 768 ib.
1415 733 1508 779 1057
1522 747 1529 768 :
1544 731 1645 770 Φασὶ
1655 729 1691 769 δὲ
1706 730 1814 779 αὐτὴν
1827 732 1895 784 (sc.
1908 729 1972 777 τὴν
1982 727 2184 780 πλαταγὴν)
2244 751 2247 753 Δ

1157 786 1452 841 ἡφαιστότευκτον
1481 783 1600 837 οὖσαν,
1627 789 1795 843 Ἡρακλεῖ
1826 788 1924 844 παρὰ
1957 791 2019 837 τῆς
2044 788 2188 834 Ἀθηνᾶς

1159 848 1313 894 δοθῆναι.
1341 845 1385 887 Ὁ
1419 846 1455 885 δὲ
1481 846 1688 892 Ἑλλάνικος
1718 848 1820 901 φησὶν
1850 847 1952 887 αὐτὸν
1987 861 2188 886 κατασκευ-

1160 921 1256 945 ασαμ

1604 987 1746 998 *—

1596 1029 1764 1068 ΑΤΘΙΣ.

1646 1093 1709 1133 62.

1213 1151 1352 1190 Euseb.
1377 1156 1498 1203 Praep.
1525 1164 1666 1202 evang.
1694 1155 1753 1202 Χ,
1790 1165 1848 1198 10,
1869 1165 1905 1202 p.
1927 1152 2013 1202 489,
2033 1155 2088 1190 A:
2109 1151 2192 1190 Ἀπὸ

1161 1210 1319 1263 Ὠγυγοῧ
1417 1209 1524 1264 μέχρι
1547 1209 1690 1265 πρώτης
1715 1209 1956 1261 Ὀλυμπιάδος
2035 1209 2096 1256 ἔτη
2115 1225 2194 1247 συν-

1161 1269 1283 1320 ἄγεται
1299 1268 1398 1321 χίλια
1420 1268 1543 1309 εἴκοσι.
1606 1271 1730 1309 Ταῦτα
1747 1267 1815 1321 γὰρ
1826 1268 1869 1306 τὰ
1889 1267 2076 1315 Ἀθηναίων
2095 1270 2193 1305 ἱστο-

1163 1332 1314 1381 ροῦντες,
1334 1326 1542 1371 Ἑλλάνικός
1557 1343 1595 1366 τε
1611 1327 1671 1366 καὶ
1685 1325 1903 1380 Φιλόχορος,
1916 1327 1947 1364 οἱ
1963 1324 2025 1369 τὰς
2041 1325 2194 1368 Ἀτθίδας

1161 1388 1226 1439 (sc.
1243 1386 1454 1440 γράψαντες)
1536 1386 1773 1438 ἐμνήσθησαν.

1215 1505 1500 1556 Harpocration
1521 1506 1561 1542 in
1581 1519 1615 1543 v.
1630 1501 2030 1558 ἜρυθραῖοιεἘρυθρὰ,
2049 1501 2113 1553 μία
2126 1503 2194 1539 τῶν

1162 1562 1231 1601 ὑπὸ
1253 1562 1400 1610 Νηλέως
1430 1567 1492 1602 τοῦ
1512 1562 1650 1616 Κόδρου
1668 1563 1886 1616 κτισθεισῶν,
1916 1563 1962 1604 ὡς
1985 1559 2089 1614 φησὶν
2113 1559 2197 1598 Ἑλ-

1161 1620 1302 1665 λάνικος
1322 1623 1357 1660 ἐν
1378 1621 1540 1660 Ἀτθίσιν.

1218 1740 1392 1777 Eustath.
1420 1739 1469 1777 ad
1499 1743 1655 1778 Homer.
1684 1739 1819 1789 odyss.
1845 1740 1885 1785 Γ,
1910 1752 1947 1789 p.
1984 1736 2096 1784 1454,
2129 1737 2196 1773 3οε

1165 1799 1266 1837 Φασὶ
1285 1798 1346 1837 καὶ
1365 1798 1424 1838 τὸν
1447 1797 1658 1838 Ἑλλάνικον
1676 1799 1838 1852 ἱστορεῖν,
1854 1796 1907 1836 ὅτι
1930 1795 2066 1844 Νηλεὺς
2085 1795 2198 1847 Πελίᾳ

1163 1860 1214 1911 τῷ
1242 1858 1383 1912 ἀδελφῷ
1413 1857 1680 1911 μαχεσάμενος,
1714 1851 1816 1904 ἦλθεν
1846 1855 1880 1901 ἐξ
1909 1857 2053 1895 Ἰωλκοῦ
2081 1855 2128 1898 εἷς
2155 1853 2199 1891 τὰ

1165 1915 1256 1955 κατὰ
1282 1916 1487 1966 Μεσσήνην,
1515 1916 1576 1955 καὶ
1603 1914 1719 1954 ἔκτισε
1748 1914 1872 1955 Πύλον
1886 1917 1955 1953 τῶν
1975 1912 2198 1960 Μεσσηνίων,

1165 1981 1292 2029 μοῖραν
1315 1974 1394 2014 τινὰ
1414 1978 1476 2022 τῆς
1497 1974 1617 2028 χώρας
1638 1973 1887 2028 χαρισαμένων
1907 1974 2011 2026 αὐτῷ.

1219 2035 1347 2073 Schol.
1368 2035 1408 2072 in
1425 2034 1564 2084 Odyss.
1593 2035 1635 2082 Γ,
1653 2041 1687 2081 4,
1712 2047 1749 2084 p.
1765 2034 1814 2073 81
1833 2034 1893 2072 ed.
1909 2037 2128 2071 Buttmann.
2148 2031 2198 2068 ita

1166 2093 1303 2131 habet:
1326 2091 1463 2141 Νηλεὺς
1474 2091 1561 2146 γὰρ,
1582 2094 1628 2136 ὡς
1649 2092 1785 2145 εἴρηται
1811 2092 1968 2145 (Βυηηι.
1992 2099 2095 2129 recte
2112 2088 2199 2142 εἴρη-

1165 2146 1240 2197 κεν)
1257 2145 1484 2194 Ἑλλάνικος,
1505 2145 1759 2198 μαχησάμενος
1780 2144 1869 2197 μετὰ
1888 2144 2034 2194 Πελίου,
2052 2142 2087 2187 ἐξ
2107 2141 2200 2180 Ἰωλ-

1168 2209 1229 2243 κοῦ
1247 2200 1330 2252 ἧκεν
1348 2207 1396 2249 εἷς
1415 2205 1605 2256 Μεσήνην,
1624 2204 1684 2243 καὶ
1707 2204 1770 2251 τὴν
1795 2204 1913 2243 Πύλον
1934 2203 2061 2250 ἔκτισε,
2078 2203 2199 2247 Μεση-

1165 2263 1247 2302 νίων
1265 2263 1385 2318 χώραν
1403 2262 1673 2317 παρασχόντων.

1164 2383 1241 2407 aves
1254 2374 1295 2406 ab
1312 2375 1450 2407 Hercule
1474 2374 1514 2406 de
1531 2374 1638 2406 medio
1651 2374 1807 2413 sublatas,
1828 2373 1912 2406 datis
1935 2373 1964 2405 ei
1981 2372 2197 2412 crepitaculis,

1164 2422 1257 2463 cujus
1273 2423 1382 2455 sonitu
1397 2423 1552 2455 terrorem
1568 2421 1608 2454 iis
1629 2422 1798 2454 incuteret.
1817 2421 1970 2454 Similiter
1987 2421 2053 2461 (vel
2076 2420 2199 2459 eadem)

1165 2469 1262 2501 tradit
1278 2469 1474 2501 Hellanicus.

1212 2516 1454 2558 Crepitaculum
1471 2525 1491 2548 a
1510 2516 1658 2548 Vulcano
1674 2515 1867 2548 fabricatum
1885 2523 1904 2546 a
1919 2514 2062 2546 Minerva
2086 2512 2197 2543 dicunt

1170 2563 1300 2595 Herculi
1317 2563 1427 2595 datum
1442 2572 1526 2604 esse,
1538 2563 1718 2595 secundum
1732 2561 1933 2595 Hellanicum
1948 2569 2022 2592 vero
2038 2560 2105 2600 ipse
2121 2560 2196 2590 Her-

1171 2610 1260 2643 cules
1277 2610 1312 2643 id
1331 2610 1392 2643 sibi
1410 2611 1538 2643 fecerat.

1626 2678 1740 2688 4.-

1586 2721 1784 2760 ATTHIS.

1655 2790 1717 2828 62.

1209 2848 1260 2881 Ab
1277 2851 1423 2890 Ogyge...
1442 2848 1484 2880 ad
1512 2848 1652 2889 primam
1684 2855 1787 2887 usque
1803 2844 2027 2887 Olympiadem
2043 2845 2118 2877 anni
2133 2845 2196 2877 col-

1169 2895 1311 2937 liguntur
1325 2895 1439 2937 viginti
1447 2904 1544 2936 supra
1558 2894 1682 2926 mille...
1699 2895 1776 2925 Haec
1791 2893 1878 2924 enim
1892 2892 2076 2925 Hellanicus
2089 2894 2121 2924 et
2128 2892 2198 2924 Phi-

1169 2943 1320 2976 lochorus
1333 2968 1342 2984 ‚
1359 2943 1416 2984 qui
1431 2951 1482 2975 res
1498 2941 1621 2974 Atticas
1637 2940 1824 2982 prosequuti
1841 2941 1919 2972 sunt
1929 2962 2004 2980 ......
2032 2941 2198 2973 memoriae

1169 2989 1390 3031 prodiderunt.

1213 3093 1354 3134 Erythra
1368 3091 1429 3123 fuit
1444 3091 1528 3123 inter
1543 3090 1622 3123 alias
1637 3090 1777 3123 deducta
1789 3099 1845 3132 per
1856 3090 2008 3130 Neleum‚
2024 3090 2124 3123 filium
2139 3094 2198 3124 Go-

1173 3141 1240 3181 dri,
1259 3143 1296 3172 ut
1311 3138 1498 3172 Hellanicus
1510 3138 1607 3170 refert
1620 3138 1655 3174 in
1667 3138 1794 3170 Atticis.

1654 3197 1718 3231 64.

1214 3251 1401 3284 Hellanicus
1416 3259 1545 3282 narrare
1564 3249 1684 3282 dicitur
1699 3249 1974 3291 quemadmodum
1990 3249 2105 3286 Neleus
2127 3252 2200 3290 post

1173 3300 1333 3330 certamen
1343 3321 1351 3336 ,
1368 3297 1455 3337 quod
1472 3305 1547 3328 cum
1563 3296 1652 3329 Pelia
1664 3296 1762 3329 fratre
1777 3296 1908 3336 habuit,
1922 3305 1962 3328 ex
1977 3296 2063 3329 Iolco
2076 3295 2108 3334 in
2122 3294 2200 3332 Mes-

1174 3344 1296 3376 seniam
1314 3343 1437 3375 veneiit
1456 3343 1565 3384 ibique
1589 3343 1623 3375 in
1639 3343 1766 3385 regione
1782 3353 1801 3376 a
1817 3343 1987 3380 Messeniis
2003 3342 2032 3380 ei
2048 3350 2199 3379 concessa

1175 3390 1289 3432 Pylum
1308 3390 1420 3422 urbem
1435 3390 1624 3423 condiderit.
