2320 3684
127 179 198 212 182

122 260 160 300 δέ
183 276 287 315 φησιν
307 260 479 334 Ἀντίοχος
498 262 516 298 ὃ
534 258 771 312 Συρακούσιος
799 258 927 310 ἀγαθὸν
954 258 1013 298 καὶ
1041 259 1145 314 σοφὸν

123 319 365 393 γεγενημένον,
387 319 447 358 καὶ
469 321 538 357 τῶν
558 316 815 371 πλησιοχώρων
834 316 914 361 τους
939 317 1003 369 μὲν
1031 318 1148 370 λόγοις

122 381 233 417 ἀναπε
219 379 373 427 είθοντα,
391 377 470 421 τους
496 375 531 415 δὲ
555 376 613 430 βία
634 374 908 438 προσαγόμενον,
932 377 1105 416 ἅπασανζ
1092 377 1149 431 υφ’

122 439 236 491 ἑαυτῷ
258 436 470 483 ποιήσασθαι
483 435 545 482 τὴν
563 450 641 486 γην,
659 433 724 482 ὅση
744 434 875 479 ἐντὸς’
857 451 898 482 ην
921 437 991 475 τῶν
1006 434 1148 475 κόλπων

121 512 181 535 του
201 511 239 534 τε
269 493 471 541 Ναπητίνου
489 495 536 545 (ν.
567 493 693 532 Strab.
717 496 793 539 VI,
819 508 856 545 p.
883 496 970 544 391,
984 499 1026 544 B,
1052 495 1147 546 ibiq.

122 554 299 604 Casaub.)
323 569 382 591 και
401 568 462 591 του
495 552 731 599 Σκυλητίνου·
757 551 800 599 ἣν
824 552 866 599 δὴ
892 551 1035 607 πρώτην
1059 555 1150 601 κλη-

123 615 224 659 θῆναι
241 612 391 650 Ἰταλίαν
412 611 468 649 ἐπὶ
485 614 545 650 του
565 611 719 650 Ἰταλου·
737 611 812 650 ἐπεὶ
831 610 867 650 δὲ
882 611 1009 660 ταύτης
1025 614 1151 667 ἐγκρα-

122 670 216 718 τὴς’
201 670 296 723 εγένε
282 685 360 719 ε,το
380 670 439 709 καὶ
457 669 657 724 ἀνθρώπους
675 668 825 715 πολλους
842 663 971 723 εἶχεν(
958 670 1149 720 υπηκόους,

124 728 254 767 αὐτίκα
271 744 340 767 των
366 728 542 780 ἐχομένων
564 727 811 783 ἐπορέγεσθαι,
831 729 890 768 καὶ
913 729 1030 774 πόλεις
1064 746 1149 768 συν-

124 787 430 839 άγεσθαιπολλάς·
443 781 574 826 εἰναιδ’
593 787 695 827 αὐτὸν
714 787 892 842 Οἷνωτρὸν
911 788 1068 840 τὸγένος.

175 901 309 951 steph.
328 903 417 951 Byz.
433 915 442 937 :
457 898 607 954 Βρέττος
619 876 719 945 πόλις
734 901 939 954 Τυῤῥηνῶν,
960 901 1029 939 ἀπὸ
1043 900 1151 954 Βρέτ-

121 974 183 997 του
204 963 263 997 τοῦ
287 958 518 1013 Ἡρακλέους,
538 958 597 998 καὶ
628 958 805 1006 Βαλητίας
823 962 884 1006 τῆς
900 959 1072 1007 Βαλήτου.
1104 961 1151 999 Οἱ

123 1019 296 1062 οἰκοῦντες
333 1017 515 1072 Βρέττιοι,
542 1018 603 1057 και
630 1020 653 1065 ἡ
689 1017 791 1072 χώρα
833 1018 1007 1072 Βρεττία,
1038 1018 1097 1057 καὶ
1126 1022 1148 1066 ἠ

122 1079 278 1128 γλῶσσα.
288 1099 339 1106 --
350 1076 524 1130 Ἀντίοχος
546 1076 583 1115 δὲ
615 1075 679 1124 τὴν
703 1076 856 1117 Ἰταλίαν
900 1077 1039 1130 πρωτόν
1065 1093 1152 1131 φησι

123 1136 295 1182 κληθηναι
317 1135 502 1189 Βρεττίαν,
521 1129 597 1175 εἶτα
613 1135 823 1190 Οἶνωτρίαν

177 1241 317 1280 Strabo
333 1243 401 1288 VI,
422 1242 444 1292 §
475 1247 496 1286 l.
510 1270 520 1289 ,
538 1255 576 1293 p.
600 1242 771 1293 254zp.
791 1254 867 1278 220
895 1242 954 1278 ed.
991 1241 1150 1279 Tzsch.:

124 1299 224 1346 Φησὶ
245 1300 275 1337 δ’
295 1299 488 1353 Ἀντίοχος,
509 1302 543 1339 ἐν
555 1303 605 1354 τῷ
628 1300 707 1354 περὶ
726 1303 789 1347 τῆς
802 1299 952 1342 Ἰταλίας
967 1298 1152 1352 συγγράμ-

124 1375 231 1410 ματι,
259 1358 389 1407 ταύτην
421 1359 571 1399 Ἰταλίαν
598 1361 788 1407 κληθῆναι,
817 1358 876 1397 καὶ
912 1358 990 1410 περὶ
1024 1357 1153 1404 ταύτης

123 1418 347 1472 συγγράφειν,
368 1416 531 1472 πρότερον
556 1418 585 1455 δ’
610 1417 806 1470 Οἷνωτρίαν
823 1415 1151 1470 προσαγορεύεσθαι.

123 1476 249 1530 ςὈριον
286 1477 315 1514 δ’
339 1478 446 1524 αὐτῆς
465 1477 650 1530 ἀποφαίνει
677 1476 763 1530 πρὸς
790 1475 853 1528 μὲν
873 1477 924 1529 τῷ
944 1477 1152 1528 Τυρρηνικῷ

124 1535 291 1588 πελάγει,
311 1535 350 1574 τὸ
371 1535 456 1574 αὐτὸ
475 1534 559 1590 ὅπερ
576 1535 635 1574 καὶ
658 1538 720 1582 τῆς
739 1534 906 1588 Βρεττίας
925 1534 1071 1587 ἔφαμεν,
1093 1533 1151 1572 τὸν

125 1596 219 1633 Δᾶον
242 1593 402 1646 ποταμόν
417 1611 424 1619 ·
446 1594 531 1649 πρὸς
556 1592 591 1633 δὲ
613 1597 664 1648 τῷ
683 1595 859 1647 Σικελικῷ
872 1624 882 1643 ,
902 1593 942 1632 τὸ
961 1593 1151 1632 Μεταπόν-

122 1669 209 1692 τιον.
231 1652 307 1701 Τὴν
326 1652 362 1692 δὲ
382 1654 618 1708 Ταραντίνην,
637 1653 660 1701 ἣ
681 1652 831 1706 συνεχὴς
849 1655 898 1706 τῷ
918 1651 1153 1705 Μεταποντίῳ

123 1713 230 1762 ἐστὶν,
257 1712 354 1757 ἐκτὸς
370 1716 433 1760 τῆς
447 1712 597 1757 Ἰταλίας
628 1712 808 1765 ὀνομάζει,
829 1711 995 1763 Ἰάπυγας
1022 1713 1151 1750 καλῶν.

122 1771 206 1810 'Eu
227 1772 256 1810 δ’
274 1771 459 1826 ἀνώτερον,
480 1771 679 1825 Οἷνωτρούς
709 1787 747 1810 τε
775 1771 834 1810 καὶ
853 1770 1007 1814 Ἰταλοὺς
1031 1769 1154 1822 μόνους

123 1829 188 1884 ἔφη
208 1831 391 1869 καλεῖσθαι
406 1829 486 1874 τοὺς
503 1830 597 1874 ἐντὸς
613 1834 672 1868 τοῦ
687 1832 811 1881 ἰσθμοῦ
830 1829 915 1882 πρὸς
935 1829 993 1868 τὸν
1015 1830 1155 1868 Σικελι-

126 1891 186 1930 κὸν
200 1890 428 1942 κεκλιμένους
441 1890 608 1944 πορθμόν.
619 1888 725 1930 Ἔστι
737 1890 765 1928 δ’
778 1890 879 1934 αὐτὸς
894 1893 912 1928 ὃ
927 1889 1048 1941 ἰσθμὸς
1067 1891 1153 1927 ἑκα-

122 1950 181 1988 τὸν
201 1950 260 1988 καὶ
279 1949 447 1997 ἑξήκοντα
470 1949 628 1996 στάδιοι,
657 1949 785 2001 μεταξὺ
807 1950 899 1987 δυοῖν
922 1948 1076 1996 κόλπων,
1093 1951 1153 1986 τοῦ

125 2025 162 2047 τε
185 2008 439 2057 Ἱππωνιάτου,
461 2008 498 2047 ὃν
523 2008 705 2061 Ἀντίοχος
723 2010 916 2047 Ναπιτῖνον
938 2007 1074 2059 εἴρηκε,
1094 2007 1154 2045 καὶ

128 2072 186 2106 τοῦ
207 2069 467 2115 Σκυλλητικοῦ.
497 2067 694 2121 Περίπλους
714 2067 744 2104 δ’
768 2067 842 2105 ἐστὶ
865 2069 927 2113 τ’ῆς
944 2065 1153 2117 ἀπολαμὸα-

125 2179 347 2219 Syracusanus
359 2179 403 2210 ait
419 2179 506 2210 hunc
522 2178 622 2210 fuisse
638 2178 743 2209 virum
761 2177 898 2218 probum
911 2185 948 2208 ac
962 2176 1149 2217 sapientem,

124 2225 181 2266 qui
196 2225 334 2266 populos
345 2225 470 2257 vicinos
486 2225 602 2266 partim
619 2224 727 2256 verbis
742 2223 881 2263 induxit,
900 2223 1018 2264 partim
1034 2223 1067 2254 vi
1083 2231 1152 2254 coe-

124 2273 182 2313 git,
197 2274 230 2303 et
242 2271 303 2303 sibi
317 2272 465 2312 adjunxit
480 2282 487 2303 ε
506 2275 603 2312 atque
616 2271 661 2303 ita
675 2271 707 2302 in
722 2279 813 2302 suam
828 2271 1020 2311 potestatem
1032 2269 1153 2310 redegit

125 2322 226 2351 totam
240 2319 329 2350 illam
344 2319 507 2360 regionem
524 2327 598 2359 quae
619 2320 669 2350 est
696 2317 778 2349 inter
798 2319 890 2349 sinus
912 2317 1104 2357 Napetinum
1121 2317 1153 2348 et

126 2365 326 2406 Scyletinum
344 2374 351 2396 :
366 2367 462 2406 atque
475 2366 557 2397 hanc
578 2365 715 2406 primam
730 2388 739 2403 ,
766 2364 837 2396 Itali
854 2363 1070 2404 temporibus,
1092 2365 1153 2395 Ita-

125 2414 201 2445 liam
218 2412 318 2444 fuisse
335 2413 539 2454 appellatam.
555 2414 665 2450 Quum
680 2414 788 2443 autem
802 2412 899 2452 hujus
919 2411 1054 2451 imperio
1073 2411 1153 2451 poti-

126 2463 180 2492 tus
196 2460 330 2498 suisset,
343 2462 375 2492 et
390 2460 511 2492 multos
541 2459 678 2501 populos
707 2458 856 2490 subditos
872 2458 1020 2497 haberet,
1045 2457 1153 2489 statim

127 2506 384 2539 dominationem
408 2507 441 2538 in
457 2508 567 2547 gentes
594 2506 746 2537 finitimas
772 2505 960 2544 affectasse,
985 2507 1017 2536 et
1036 2504 1154 2536 multas

128 2553 273 2585 civitates
301 2553 334 2584 in
357 2562 459 2585 unum
484 2556 611 2585 coactas
637 2561 704 2584 suae
729 2552 843 2584 ditioni
870 2551 1045 2592 subjecisse
1064 2551 1152 2583 dicit.

127 2602 223 2632 Hunc
235 2601 344 2631 autem
357 2609 470 2641 genere
483 2602 658 2632 OEnotrum
675 2599 786 2631 fuisse.

170 2695 309 2734 Brettos,
322 2693 400 2726 urbs
417 2695 668 2735 Tyrrhenorum,
682 2701 756 2734 quae
772 2701 790 2724 a
804 2694 912 2725 Bretto
928 2691 1072 2724 Herculis
1090 2691 1156 2723 filio

130 2744 161 2774 et
175 2740 295 2774 Baletia
311 2741 428 2774 Baletae
439 2742 504 2774 iilia
518 2750 636 2774 nomen
651 2740 758 2772 habet.
771 2740 900 2778 Incolae,
913 2739 1036 2771 Brettii.
1050 2740 1156 2779 Atque

131 2788 251 2821 breuia
281 2787 400 2820 dicitur
417 2789 502 2830 regio
518 2791 550 2821 et
564 2788 683 2829 lingua.
705 2787 882 2820 Antiochus
900 2795 976 2818 vero
998 2785 1154 2826 perhibet,

130 2836 257 2867 ltaliam
274 2834 415 2877 primum
444 2837 592 2868 vocatam
605 2835 705 2867 fuisse
721 2833 888 2872 Brettiam‚
911 2832 1026 2865 deinde
1054 2833 1156 2863 OEno-

132 2883 236 2914 triam.

631 2930 667 2963 6.

175 2978 352 3009 Antiochus
368 2977 400 3008 in
414 2985 519 3018 opere,
534 2976 621 3017 quod
635 2976 675 3008 de
695 2974 787 3008 Italia
801 2974 1000 3015 conscripsit,
1015 2974 1098 3005 hanc
1114 2982 1158 3005 re·

134 3024 263 3063 gionem
286 3024 330 3055 ait
351 3024 477 3056 ltaliam
499 3023 690 3065 appellatam
720 3023 838 3062 fuisse,
856 3031 892 3054 ac
924 3022 964 3054 de
978 3030 1015 3053 ea
1028 3029 1064 3053 se
1082 3020 1156 3052 scri-

134 3070 209 3101 here
223 3080 233 3100 .·
252 3071 342 3111 prius
362 3072 470 3103 autem
495 3071 614 3103 dictam
630 3070 731 3103 fuisse
753 3070 949 3102 OEnotriam.
967 3070 1156 3101 Terminum

133 3118 242 3148 autem
261 3117 290 3148 ei
305 3118 488 3157 const—ituit,
504 3118 545 3150 ad
567 3126 654 3150 mare
670 3117 801 3158 quidem
817 3117 1019 3158 Tyrrhenum
1030 3139 1039 3155 ‚
1060 3124 1155 3156 quem

133 3164 165 3193 et
176 3171 236 3194 nos
250 3164 383 3196 Bruttiis
395 3165 629 3205 assignavimus
643 3189 652 3205 ,
673 3167 776 3196 Laum
794 3163 914 3196 flumen
931 3173 939 3193 ι
957 3163 996 3195 ad
1015 3162 1157 3195 Siculum

135 3211 243 3241 autem
263 3209 379 3242 fretum
390 3234 398 3249 ,
413 3211 655 3251 Metapontium.
678 3211 739 3243 Sed
755 3211 960 3243 Tarentinam
977 3210 1157 3250 regionem,

135 3265 210 3296 quac
224 3257 377 3288 continuo
398 3266 508 3297 agrum
534 3259 790 3298 Metapontinum
817 3258 1045 3298 subsequitur,
1069 3259 1160 3289 extra

136 3303 260 3334 ltaliam
281 3303 342 3334 sub
364 3304 502 3344 Iapygiae
517 3305 645 3336 nomine
658 3308 775 3336 censet.
792 3305 886 3346 Apud
902 3305 1095 3336 vetustiores
1108 3313 1160 3335 au-

134 3353 200 3381 tem
217 3350 271 3388 ait,
288 3358 344 3382 eos
359 3352 485 3382 tantum
503 3353 658 3383 OEnotros
672 3361 708 3382 ac
726 3352 821 3383 italos
835 3351 935 3383 fuisse
949 3351 1088 3390 habitos,
1101 3351 1158 3391 qui

135 3397 217 3429 intra
233 3397 387 3428 isthmum
409 3397 462 3429 siti
484 3406 597 3429 versus
618 3398 734 3430 fretum
760 3401 926 3439 vergerent
950 3399 1103 3431 Siculum.
1125 3400 1157 3430 Is

870 171 1121 212 ANTIOCHI
1148 173 1479 216 FRAGMENTA.

1203 261 1350 313 νομένης
1368 263 1486 317 χώρας
1503 263 1589 317 πρὸς
1605 263 1662 303 τὸν
1679 264 1835 318 πορθμὸν
1862 264 1974 315 ἐντὸς,
1995 266 2130 305 στάδιοι
2145 267 2224 306 δισ-

1203 319 1323 371 χιλίοι.
1357 322 1459 360 Μετὰ
1475 321 1512 360 δὲ
1528 326 1639 361 ταῦτα
1651 352 1661 370 ,
1688 322 1923 361 ἐπεκτείνεται
1944 323 2058 376 (φησὶ)
2070 323 2225 377 τοῦνομα

1203 378 1263 417 καὶ
1290 378 1329 418 τὸ
1355 382 1418 427 τῆς
1446 380 1618 430 Ἰταλίας,
1648 381 1706 420 καὶ
1730 381 1770 420 τὸ
1794 384 1863 420 τῶν
1884 383 2087 436 Οἰνωτρῶν,
2119 382 2226 438 μέχρι

1203 440 1265 484 τῆς
1286 439 1551 487 Μεταποντίνης
1573 440 1633 479 καὶ
1666 443 1728 487 τ-ῆς
1761 440 1968 493 Σειρίτιδος·
1996 442 2136 488 οἰκῆσαι
2158 441 2226 495 γὰρ

1203 495 1282 540 τους
1303 496 1428 543 τόπους
1453 497 1595 542 τούτους
1611 498 1757 547 Χῶνας,
1776 499 1989 553 Οἰνωτρικὸν
2007 498 2101 543 ἔθνος
2112 515 2227 538 κατα-

1205 555 1458 607 κοσμούμενον,
1490 557 1549 595 καὶ
1580 556 1642 604 τὴν
1665 573 1730 609 γην
1750 560 1922 610 ὀνομάσαι
1940 556 2080 605 Χώνην.
2114 553 2227 603 Οὗτος

1206 612 1268 664 μὲν
1296 608 1355 653 ουν
1388 614 1632 669 ἄπλουστέρως
1657 615 1774 670 εἴρηκε
1810 616 1870 654 καὶ
1905 618 2099 670 ἀρχαϊκως,
2130 616 2226 656 οὐδὲν

1206 672 1358 727 διορίσας
1375 674 1454 727 περὶ
1473 677 1542 714 τῶν
1562 677 1749 715 Λευκανῶν
1769 675 1826 714 καὶ
1844 678 1912 714 τῶν
1934 675 2120 729 Βρεττίων.

1259 734 1469 783 Hesychius
1485 749 1493 772 τ
1512 733 1639 782 Χώνην
1652 733 1715 782 τὴν
1737 734 1886 773 Ἰταλίαν
1903 733 2082 786 ἔλεγον,“
2057 751 2105 780 ως
2123 750 2231 789 φησιν

1207 790 1381 844 Ἀντίοχος
1395 795 1413 831 ὁ
1430 792 1649 847 Ξενοφάνους
1664 795 1699 832 ἐν
1718 795 1768 846 τῷ
1781 792 1860 846 περὶ
1876 793 2039 837 Ἰταλίας.

1260 933 1418 982 Dionys.
1433 931 1554 970 Halic.
1582 934 1674 970 Ant.
1708 935 1818 971 Rom.
1839 934 1871 980 I,
1901 932 1962 978 73,
2001 944 2039 982 p.
2062 931 2147 979 185,
2171 944 2230 979 10,

1208 993 1268 1031 ed.
1287 993 1432 1030 Reisk.:
1449 991 1494 1029 Εἰ
1516 988 1554 1028 δέ
1572 1005 1623 1033 τις
1645 991 1779 1029 ἀπιδεῖν
1800 990 2012 1042 βουλήσεται
2030 988 2074 1028 τὰ
2089 987 2231 1042 προσώ-

1206 1066 1311 1104 τερα,
1333 1049 1393 1088 καὶ
1412 1049 1512 1103 τρίτη
1531 1063 1582 1092 τις
1605 1047 1818 1102 ἀρχαιοτέρα
1851 1047 1982 1087 τούτων
2009 1047 2231 1102 εὑρεθήσεται

1206 1106 1334 1158 Ῥώμη
1349 1137 1360 1155 ,
1376 1105 1544 1158 γενομένη
1561 1106 1670 1179 πρὶν
1661 1107 1803 1146 Αἰνείαν
1820 1106 1880 1145 καὶ
1900 1109 2027 1160 Τρῶας
2058 1107 2168 1145 ἐλθεῖν
2194 1108 2230 1145 ἐν

1208 1166 1354 1204 Ιταλία.
1374 1168 1499 1205 Ταυτα
1517 1164 1553 1204 δὲ
1570 1167 1608 1204 οὐ
1624 1167 1693 1204 τῶν
1714 1164 1949 1218 ἐπιτυχόντων
1974 1181 2024 1209 τις
2050 1165 2128 1204 οὐδὲ
2145 1165 2231 1204 νέων

1209 1227 1425 1276 συγγραφεὺς
1443 1224 1639 1278 ἱστόρηκεν,
1660 1224 1737 1262 ἀλλ’
1757 1224 1930 1276 Ἀντίοχος
1943 1228 1961 1263 ὃ
1981 1223 2231 1278 Συρακούσιος,

1208 1287 1247 1321 οὑ
1263 1299 1323 1321 και
1337 1281 1501 1336 πρότερον
1519 1282 1707 1334 ἐμνήσθην.
1724 1283 1822 1329 Φησὶ
1837 1281 1873 1320 δὲ
1892 1282 2106 1336 Μόργητος’
2091 1298 2126 1320 εν
2141 1282 2234 1322 Ἰτα-

1207 1341 1267 1395 λία
1290 1340 1545 1393 βασιλεύοντος
1559 1345 1602 1388 ἠν
1621 1338 1657 1378 δὲ
1674 1340 1753 1379 τότε
1771 1340 1907 1379 Ἰταλία
1919 1343 1942 1388 ἡ
1963 1340 2034 1379 ἀπὸ
2053 1339 2234 1394 Τάραντος

1209 1401 1291 1454 ἄχρι
1310 1399 1547 1444 Ποσειδωνίας
1568 1399 1754 1453 παράλιος·
1771 1401 1880 1438 ἐλθεῖν
1899 1399 1984 1454 πρὸς
2002 1398 2104 1437 αυτὸν
2126 1398 2233 1453 ἄνδρα

1210 1458 1382 1513 φυγάδα’
1367 1474 1406 1496 εκ
1428 1457 1583 1510 Ρώμης.
1607 1457 1713 1510 Λέγει
1731 1458 1768 1497 δὲ
1787 1452 1871 1496 ωδε·
1893 1475 1908 1491 «
1918 1458 2020 1497 Ἐπει
2046 1458 2081 1495 δὲ
2102 1457 2234 1502 Ἰταλὸς

1209 1517 1409 1572 κατεγήρα,
1431 1515 1576 1571 Μόργης
1596 1517 1829 1556 ἐδασίλευσεν.
1848 1516 1933 1556 Ἐπι
1949 1516 2072 1556 τούτου
2089 1515 2126 1554 δὲ
2145 1515 2233 1570 ἀνὴρ

1210 1577 1353 1631 ἀφίκετο
1364 1575 1421 1614 ἐκ
1423 1575 1555 1628 Ρώμης
1568 1576 1687 1631 φυγάς.
1700 1575 1882 1621 Σίκελος”
1862 1591 1973 1628 ονομα
1984 1577 2090 1629 αὐτῷ.
2099 1593 2115 1610 »
2130 1574 2234 1615 Κατὰ

1211 1635 1273 1688 μὲν
1294 1635 1335 1683 δὴ
1349 1635 1407 1675 τὸν
1428 1636 1665 1689 Συρακούσιον
1683 1634 1903 1689 συγγραφέα,
1929 1634 2065 1674 παλαιά
2094 1651 2145 1679 τις
2173 1636 2235 1674 εὓ-

1211 1695 1366 1750 ρίσκεται
1383 1699 1597 1748 προτεροῦσα
1616 1710 1684 1733 των
1706 1695 1877 1756 Τρωικῶν
1895 1693 2029 1747 χρόνων
2052 1696 2074 1740 ἡ
2095 1692 2233 1744 Ῥώμη.

1211 1754 1365 1808 Πότερον
1381 1753 1416 1792 δὲ
1433 1753 1511 1808 περὶ
1531 1769 1609 1796 τους
1631 1752 1753 1796 αὐτους
1772 1757 1814 1799 ἠν
1831 1751 1955 1796 τόπους
1967 1783 1977 1801 ,
2009 1754 2043 1791 ἐν
2064 1746 2113 1796 οἶς
2132 1755 2154 1799 ἡ
2174 1755 2234 1791 νῦν

1211 1812 1398 1864 οἰκουμένη
1416 1812 1544 1856 πόλις’
1529 1828 1636 1860 εστιν,
1653 1810 1675 1858 ἢ
1690 1813 1818 1865 χωρίον
1834 1810 1947 1864 ἕτερον
1962 1809 2069 1854 ουτως
2082 1809 2236 1862 ἐτύγχα-

1210 1889 1266 1911 νεν
1285 1870 1552 1923 ὀνομαζόμενον,
1573 1869 1739 1924 ἀσαφὲς
1723 1870 1854 1909 εκείνου
1870 1868 2142 1918 καταλιπόντος,
2165 1868 2235 1908 οὐδ’

1211 1930 1278 1983 ἐγὼ
1298 1930 1448 1982 δύναμαι
1462 1929 1666 1982 συμὸαλεῖν.

1265 2066 1403 2105 Strabo
1433 2070 1481 2114 V,
1514 2080 1550 2117 p.
1582 2073 1656 2111 242
1677 2082 1724 2101 z
1740 2079 1779 2116 p.
1808 2066 1879 2102 186
1911 2065 1973 2104 ed.
2000 2066 2234 2104 Tzschuck.:

1206 2175 1346 2207 isthmus
1369 2175 1548 2207 stadiorum
1572 2178 1705 2207 centum
1726 2176 1760 2207 et
1776 2174 1942 2216 sexaginta
1961 2174 2044 2207 inter
2057 2174 2141 2208 duos
2152 2174 2237 2216 jacet

1207 2223 1308 2262 sinus,
1318 2223 1545 2263 Hipponiatem
1553 2225 1660 2264 (quem
1670 2223 1855 2263 Napitinum
1862 2221 2039 2254 nominavit
2045 2221 2236 2263 Antiochus)

1207 2272 1303 2310 atque
1316 2269 1514 2310 Scylletium.
1529 2270 1711 2311 Longitudo
1723 2270 1852 2310 littoris,
1867 2269 1954 2310 quod
1968 2269 2054 2301 intra
2069 2269 2188 2302 fretum
2204 2270 2237 2302 et

1208 2317 1366 2349 isthmum
1381 2317 1568 2350 continetur
1581 2319 1631 2350 est
1643 2317 1694 2349 bis
1709 2318 1796 2350 mille
1809 2317 1999 2350 stadiorum.
2011 2318 2170 2349 successu
2182 2324 2237 2348 au·

1210 2367 1277 2396 tem
1293 2365 1447 2405 temporis
1476 2365 1521 2397 ait
1536 2365 1638 2397 Italiae
1653 2365 1686 2397 et
1704 2364 1862 2397 OEnotriae
1878 2372 1996 2395 nomen
2011 2363 2111 2395 fuisse
2124 2370 2236 2404 propa-

1212 2413 1323 2452 gatum
1346 2421 1449 2452 usque
1477 2412 1518 2444 ad
1536 2411 1785 2452 Metaponticam
1812 2414 1844 2444 et
1871 2410 2032 2443 Siritidem
2050 2410 2211 2451 regionem
2225 2419 2234 2441 :

1210 2459 1372 2491 habitasse
1387 2460 1473 2491 enim
1495 2468 1532 2491 ea
1548 2459 1618 2491 loca
1631 2459 1760 2492 Chonas
1772 2482 1780 2498 ,
1794 2460 1920 2499 gentem
1938 2457 2139 2489 OEnotricam
2159 2457 2236 2489 satis

1211 2506 1372 2546 nobilem,
1389 2506 1613 2546 territorioque
1628 2515 1745 2537 nomen
1766 2505 1901 2538 Choniac
1918 2505 2041 2536 fecisse.
2059 2506 2164 2544 Atque
2183 2503 2236 2535 hic

1210 2553 1341 2594 quidem
1365 2562 1454 2585 more
1474 2554 1681 2594 antiquorum
1703 2553 1882 2594 simplicius
1911 2552 2041 2584 locutus
2058 2551 2128 2588 est,
2147 2550 2236 2582 nullo

1211 2600 1315 2641 posito
1335 2602 1539 2632 Lucanorum
1552 2602 1584 2632 et
1603 2600 1800 2632 Bruttiorum
1817 2599 2014 2631 discrimine.

1254 2694 1375 2730 Quodsi
1399 2693 1472 2734 quis
1487 2693 1527 2724 ad
1542 2693 1714 2725 remotiora
1725 2693 1883 2734 respicere
1896 2692 1984 2732 velit,
2001 2693 2033 2723 et
2045 2691 2139 2724 tertia
2149 2699 2236 2732 quae·

1214 2741 1289 2772 dam
1302 2742 1405 2772 Roma
1418 2741 1468 2772 his
1485 2741 1648 2781 antiquior
1661 2741 1854 2781 invenietur,
1874 2749 1948 2780 quae
1962 2738 2090 2771 condita
2106 2738 2169 2770 ruit
2181 2746 2235 2770 an-
2279 2770 2282 2771 γ

1212 2790 1342 2827 tequam
1358 2790 1476 2819 AEneas
1489 2790 1520 2819 et
1535 2788 1662 2828 'trojani
1678 2788 1710 2819 in
1733 2788 1859 2820 Italiam
1871 2786 2028 2818 venirent.
2043 2787 2113 2817 Hoc
2128 2787 2235 2817 autem

1212 2843 1272 2866 nec
1288 2834 1428 2874 vulgaris
1445 2834 1561 2874 aliquis
1571 2858 1578 2872 ,
1594 2843 1654 2866 nec
1669 2844 1780 2867 recens
1794 2835 1930 2875 scriptor
1951 2832 2115 2865 memoriae
2130 2832 2236 2873 prodi-

1213 2881 1272 2921 dit,
1291 2881 1347 2913 sed
1373 2881 1551 2913 Antiochus
1568 2884 1800 2922 Syracusanus,
1813 2883 1906 2922 cujus
1915 2882 1948 2913 et
1957 2883 2030 2912 ante
2041 2879 2236 2912 mentionem
2252 2903 2255 2905 -

1213 2928 1284 2960 seci.
1303 2931 1334 2960 Is
1348 2929 1433 2959 enim
1451 2928 1512 2969 ait,
1537 2930 1678 2968 Morgete
1693 2929 1725 2960 in
1747 2929 1838 2960 Italia
1860 2930 2011 2968 regnante
2034 2927 2114 2967 (erat
2129 2928 2236 2958 autem

1214 2978 1291 3006 tunc
1301 2975 1389 3007 ltalia
1402 2984 1420 3006 a
1430 2976 1568 3007 Tarento
1583 2977 1724 3007 Paestum
1737 2984 1840 3015 usque
1853 2983 1909 3006 ora
1919 2974 2092 3013 maritima)
2109 2972 2149 3004 ad
2162 2981 2235 3005 eum
2290 3002 2295 3007 .

1213 3022 1373 3063 quendam
1393 3023 1574 3053 Romanum
1596 3022 1741 3053 exsulem
1760 3021 1897 3053 venisse.
1924 3022 2003 3052 l-laec
2024 3020 2133 3051 autem
2160 3020 2237 3051 sunt
2289 3055 2292 3058 Δ

1214 3070 1314 3110 ipsius
1330 3069 1452 3100 verba.
1445 3079 1451 3085 ·
1470 3070 1670 3121 «Postquam
1683 3068 1784 3100 Italus
1798 3066 1980 3104 consenuit,
1993 3067 2118 3105 Morges
2129 3073 2236 3106 regna-

1213 3116 1271 3147 vit.
1289 3118 1394 3156 Hujus
1414 3117 1576 3156 tempore,
1597 3115 1647 3146 vir
1662 3115 1794 3155 quidam
1819 3114 1949 3145 nomine
1970 3112 2115 3151 Siculus,
2133 3113 2245 3150 Roma,

1213 3163 1380 3204 profugus,
1394 3162 1435 3194 ad
1446 3171 1521 3194 eum
1533 3162 1633 3194 venit.
1637 3174 1653 3190 ν
1673 3164 1777 3202 Atque
1789 3170 1826 3193 ex
1843 3161 1939 3200 hujus
1951 3158 2143 3199 Syracusani
2155 3157 2230 3189 scri·
2285 3193 2288 3197 ,

1214 3210 1314 3251 ptoris
1349 3209 1538 3241 auctoritate
1564 3208 1712 3249 quaedam
1745 3208 1878 3248 antiqua
1894 3209 1996 3238 Roma
2016 3205 2091 3237 belli
2105 3203 2233 3245 TroJ'ani

1215 3256 1412 3297 temporibus
1424 3256 1511 3297 prior
1524 3256 1698 3287 invenitur
1712 3255 1773 3287 Sed
1788 3257 1898 3286 utrum
1913 3254 1944 3285 in
1958 3253 2071 3285 eodem
2087 3252 2158 3284 loco
2171 3250 2234 3283 sita

1214 3303 1284 3336 fuer
1285 3303 1310 3335 1t
1325 3303 1358 3334 in
1376 3312 1441 3344 quo
1461 3303 1564 3335 nostri
1591 3303 1689 3335 seculi
1706 3303 1783 3334 urbs
1803 3301 1973 3341 incolitur,
2003 3309 2044 3332 an
2058 3308 2136 3331 vero
2153 3297 2233 3330 alius

1213 3351 1304 3383 locus
1321 3351 1365 3383 ita
1394 3352 1526 3382 vocatus
1543 3349 1648 3388 suerit,
1675 3358 1776 3390 quum
1799 3350 1853 3381 ille
1879 3357 1946 3380 rem
1964 3325 2058 3380 istam
2081 3346 2233 3378 incertam

1215 3397 1388 3439 reliquerit,
1404 3405 1464 3430 nec
1484 3406 1542 3437 ego
1558 3396 1712 3438 conjicere
1727 3405 1869 3437 possum.
