2320 3684
767 140 800 179 T
801 137 1072 180 HEOPOMPI
1100 133 1433 176 FRAGMENTA.

28 245 54 290 ἡ
74 240 184 280 τῶνδε
198 239 268 277 τῶν
289 234 408 290 δώρων
422 232 583 288 πρόθεσις
595 227 809 282 μειλίγματα
824 231 896 271 τοῖς
914 225 1063 267 κολοιοῖς

30 293 121 340 εἶναι
153 297 214 337 καὶ
247 295 405 335 σπονδῶν
427 289 628 344 ὁμολογίαι,
647 289 695 331 ὡς
718 284 868 329 ἐκείνους
893 283 952 322 τὸν
973 298 1064 336 καρ-

31 358 96 398 πὸν
115 357 174 396 τὸν
200 353 403 408 Δημήτριον
427 349 477 403 μὴ
507 347 704 402 ἀνορύττειν
725 341 994 391 καταὸληθέντα
1019 342 1066 384 εἷς

33 418 97 466 τὴν
113 421 193 470 γῆν,
218 413 308 467 μηδὲ
326 411 568 466 παρεκλέγειν.

91 476 262 516 Eandem
281 486 362 511 rem
382 477 516 509 narrat
539 466 726 518 Antigon.
760 467 909 513 Caryst.
938 460 1065 513 Ἱστορ.

34 534 205 591 παραδόξ.
224 549 255 573 c.
274 533 331 572 ult
345 547 354 570 :
373 529 467 574 Τοὺς
478 527 516 568 δὲ
530 526 611 582 περὶ
626 526 685 565 τὸν
698 523 837 578 Ἀδρίαν
851 524 1069 564 ἐνοικοῦντας

35 593 221 642 Ἐνετοὺς,
263 590 479 642 Θεόπομπον
522 587 685 642 φάσκειν,
721 582 814 622 κατὰ
843 581 903 621 τὸν
937 579 1069 643 σποὶρου

37 654 158 710 καιρὸν
175 658 246 697 τοῖς
261 653 409 694 κολοιοῖς
427 646 656 688 ἀποστέλλειν
675 646 788 699 δῶρα·
805 647 918 682 ταῦτα
936 641 965 679 δ’
982 643 1072 679 εἶναι

38 713 171 769 ψαιστὰ
192 712 252 752 καὶ
280 709 410 762 μάζας·
431 705 646 762 προσθέντας
673 703 710 742 δὲ
736 701 816 746 τοὺς
835 705 948 740 ταῦτα
970 698 1075 750 κομί-

39 775 160 819 ζοντας
175 773 372 823 ἀποχωρεῖν
388 783 398 792 ·
418 769 487 806 τῶν
506 764 542 804 δὲ
560 763 688 818 ὀρνέων
709 761 750 801 τὸ
770 759 833 813 μὲν
859 761 990 806 πλῆθος
1017 756 1074 796 ἐπὶ

40 838 112 876 τοῖς
129 830 236 886 ὁρίοις
251 827 370 882 μένειν
394 829 457 874 τῆς
485 825 604 879 χώρας
628 818 919 876 συνηθροισμένον
933 834 941 842 ·
966 816 1026 855 δύο
1046 816 1075 854 δ’

42 890 66 938 ἢ
90 896 182 944 τρεῖς
204 886 452 943 προσπτάντας
475 884 537 924 καὶ
569 879 837 933 καταμαθόντας
862 877 1078 931 (ἐφίπτασθαι

42 950 164 998 πάλιν,
178 947 337 1000 καθάπερ
354 945 386 985 εἴ
398 959 495 988 τινας
504 941 667 997 πρεσὸεῖς
682 939 705 987 ἢ
719 936 976 980 κατασκόπους.
992 935 1078 974 Ἐὰν

46 1008 110 1063 μὲν
128 1002 187 1048 οὖν
202 1007 242 1047 τὸ
254 1006 402 1058 πλῆ[θος
413 1007 483 1054 τῶν
495 1003 642 1042 κολοιῶν
653 998 850 1052 γεύσωνται
862 999 932 1036 τῶν
945 994 1079 1049 δώρων,

45 1069 113 1121 οὔχ
125 1065 392 1121 ὖπερὸαίνουσιν
417 1062 475 1102 ἐπὶ
491 1060 555 1109 τὴν
573 1059 695 1113 χώραν
719 1059 846 1104 αὐτῶν,
865 1055 925 1094 καὶ
945 1054 1080 1093 οἴδασιν

46 1130 79 1167 οἱ
99 1125 237 1166 Ἑνετοὶ
249 1156 259 1174 ,
280 1123 333 1163 ὅτι
349 1122 488 1161 ἔσονται
507 1122 542 1159 ἐν
560 1118 680 1173 εἰρήνῃ
696 1133 705 1142 ·
725 1116 786 1155 ἐὰν
804 1115 841 1155 δὲ
862 1113 911 1167 μὴ
928 1113 1082 1166 γεύσων-

46 1202 124 1236 ται,
157 1184 240 1224 ὡσεὶ
269 1182 448 1235 πολεμίων
484 1179 607 1234 ἔφοδον
642 1178 758 1220 αὐτοῖς
787 1173 974 1227 γινομένην
992 1172 1083 1212 οὕτω

47 1243 298 1299 προσδοκῶσι].
320 1247 521 1281 Postrema
551 1239 662 1277 uncis
682 1237 831 1275 inclusa
849 1248 897 1273 ex
923 1234 1083 1273 Aristot.

49 1305 138 1344 Mir.
156 1304 326 1343 Auscult.
345 1317 378 1341 c.
406 1315 477 1351 ¹29
498 1298 695 1350 supplevit
716 1294 923 1334 Bentleius.

521 1363 612 1402 144.

105 1433 251 1472 Plinius
269 1435 318 1472 H.
339 1434 387 1470 N.
420 1434 491 1479 III,
518 1443 564 1480 9:
584 1429 846 1477 Theopompus,
873 1433 962 1462 ante
979 1439 1086 1475 quem

53 1508 160 1531 nemo
179 1496 397 1530 mentionem
416 1490 558 1535 habuit,
586 1487 710 1525 urbem
738 1484 932 1538 [Romam]
953 1486 1087 1522 dunta-

52 1562 123 1591 xat
135 1567 160 1590 a
180 1553 299 1590 Gallis
315 1560 459 1602 captam
474 1551 577 1586 dimit.

109 1615 355 1650 «Memoratu
377 1609 535 1660 dignum
546 1615 604 1645 est
614 1606 809 1645 Justinum
839 1604 864 1642 l.
885 1606 964 1642 XX
981 1607 1091 1642 Grae-

55 1685 118 1710 cas
140 1670 255 1710 urbes
273 1670 314 1708 in
337 1669 446 1707 Italia
463 1674 747 1713 recensentem,
774 1662 895 1701 verbo
919 1671 1090 1711 tantum,

55 1743 216 1783 prorsus
236 1736 280 1767 ut
295 1728 576 1780 Theopompus
592 1725 694 1773 fecit,
714 1726 878 1761 Romam
899 1735 1092 1760 memora-

56 1789 171 1838 visse,
187 1801 221 1827 c.
243 1786 264 1825 5
282 1802 291 1826 :
314 1787 390 1825 Sed
413 1789 628 1834 Dionysium
649 1792 834 1835 gerentem
855 1782 1003 1827 bellum,
1037 1785 1093 1818 le-

55 1854 133 1900 gali
149 1851 354 1893 Gallorum,
380 1850 444 1897 qui
461 1855 548 1884 ante
568 1857 710 1883 menses
734 1845 888 1880 Romam
915 1843 1092 1878 incende-

58 1918 156 1955 rant,
184 1913 387 1945 societatem
403 1909 674 1954 amicitiamque
686 1912 851 1953 petentes
869 1903 1019 1938 adeunt.
1037 1901 1092 1939 Cf.

59 1969 125 2016 VI,
146 1967 183 2005 6.
214 1970 268 2006 Ut
301 1979 381 2004 non
412 1964 607 2012 dubitem,
638 1963 732 2014 quin
765 1962 818 1999 ita
848 1961 1095 2012 Theopompi

61 2027 238 2077 exemplo
261 2025 393 2077 egerit.
414 2023 609 2072 Quoniam
627 2035 719 2059 vero
738 2033 831 2071 quas
860 2020 1034 2071 regiones
1058 2029 1096 2057 et

61 2095 192 2138 gentes
204 2085 482 2137 Theopompus
499 2083 573 2121 hoc
588 2082 691 2120 libro
702 2089 904 2129 memorat,
925 2080 1097 2129 Adriam,

61 2144 244 2194 Umbros,
259 2148 441 2190 Venetos,
455 2141 663 2182 earundem
677 2140 821 2178 mentio
835 2139 876 2177 fit
893 2153 915 2177 a
932 2143 954 2178 J
957 2140 1097 2187 ustino‚

62 2213 101 2243 et
120 2205 182 2242 hic
207 2205 245 2242 in
277 2205 324 2242 iis
350 2203 445 2255 ipsis
474 2201 720 2240 recensendis
750 2203 914 2238 Romam
937 2213 959 2237 a
979 2201 1098 2238 Gallis

64 2272 214 2315 captam
228 2264 372 2309 retulit,
388 2262 562 2313 suspicor
576 2260 625 2298 ad
639 2260 741 2298 hunc
750 2258 889 2297 librum
908 2259 1100 2309 pertinere

65 2321 320 2374 fragmentum
349 2322 432 2359 sive
469 2321 600 2373 potius
634 2319 822 2357 indicium
852 2318 1100 2371 Theopompi

65 2382 169 2434 apud
189 2382 364 2420 Plinium.
390 2380 558 2426 Accedit,
579 2379 685 2430 quod
706 2379 880 2417 Justinus
897 2378 978 2416 haec
998 2387 1100 2417 retu-

67 2441 110 2479 lit
128 2442 308 2492 Dionysii
338 2441 378 2478 in
403 2440 555 2478 Italiam
573 2439 860 2490 expeditionem
891 2451 1075 2477 enarrans
1090 2469 1100 2488 ‚

67 2513 152 2551 quae
175 2500 431 2552 Theopompo
442 2499 535 2537 item
552 2499 795 2536 occasionem
814 2497 1024 2549 proebuisse
1041 2498 1102 2536 vi—

68 2558 220 2608 dentur,
242 2567 284 2597 ut
301 2558 348 2596 de
366 2557 500 2596 iisdem
520 2555 636 2595 rebus
655 2564 795 2607 ageret,
815 2556 1007 2608 siquidem
1029 2557 1104 2596 hoc

69 2670 195 2703 muneri
207 2670 353 2709 mittere3
368 2677 442 2710 quae
457 2667 590 2709 quidem
603 2667 726 2700 idcirco
737 2669 936 2709 proponunt,
956 2669 994 2701 ut
1009 2669 1103 2701 velut

69 2718 269 2760 placamenta
290 2716 470 2749 monedulis
482 2715 558 2756 sint,
570 2718 602 2748 et
617 2715 758 2747 induciae
773 2724 849 2747 cum
871 2715 910 2748 iis
929 2719 1044 2757 pactae,
1062 2726 1103 2749 ne

70 2764 196 2799 Cereris
211 2764 353 2798 fructum
376 2766 469 2796 terrae
495 2762 709 2796 commissum
731 2763 902 2804 recedunt,
921 2766 977 2796 aut
1002 2764 1107 2797 suble-

71 2813 157 2854 gant.

115 2861 256 2892 Venetos
283 2857 415 2891 Adi-iam
437 2856 619 2891 accolentes
639 2857 871 2899 Theopompus
888 2857 936 2891 ait
951 2858 1106 2891 sementis

75 2907 220 2948 tempore
247 2905 432 2938 monedulis
461 2912 598 2937 munera
620 2905 748 2937 mittere
775 2914 783 2936 :
802 2905 872 2937 haec
892 2907 1041 2938 constare
1065 2915 1107 2938 ex

73 2953 228 2995 placentis
242 2956 275 2986 et
286 2953 386 2985 mazis
402 2962 411 2984 t
429 2952 480 2984 his
493 2951 652 2993 expositis
677 2951 766 2984 abire
781 2952 837 2993 qui
851 2953 1106 2994 apportaverint;

75 3000 185 3033 avium
201 3003 310 3033 autem
335 2999 583 3033 multitudinem
601 2999 636 3031 in
653 3001 749 3031 terrae
774 2998 957 3032 confinibus
976 3008 1107 3032 manere

75 3049 312 3088 congregatam,
329 3048 412 3079 duas
426 3055 504 3078 vero
516 3046 568 3078 vel
599 3049 667 3078 tres
703 3046 866 3086 advolare,
881 3049 914 3079 et
943 3056 1045 3088 quum
1058 3055 1109 3079 res

61 3094 335 3134 ,recognoverint‚
353 3102 466 3125 rursus
480 3093 610 3126 avolare
623 3116 633 3133 ,
649 3093 742 3134 quasi
763 3093 884 3134 legatos
900 3093 1061 3134 quosdam
1077 3095 1110 3126 et

77 3140 304 3182 exploratores.
316 3141 346 3173 Si
355 3141 601 3173 monedularum
615 3140 791 3173 multitudo
807 3149 940 3173 munera
948 3143 1066 3182 gustat,
1077 3141 1109 3173 in

59 3210 64 3227 x
79 3194 190 3219 eorum
212 3190 327 3219 terrani
344 3196 409 3219 non
424 3187 547 3227 volant,
568 3189 665 3228 atque
681 3188 788 3219 sciunt
799 3188 969 3227 Veneti‚se
984 3189 1015 3220 in
1032 3196 1111 3229 pace

79 3232 208 3266 futuros
222 3242 293 3266 esse
308 3234 355 3266 :si
375 3243 453 3267 vero
467 3243 534 3266 non
547 3235 692 3275 gustant,
710 3234 804 3276 quasi
818 3234 961 3268 hostium
975 3234 1112 3267 invasio-

80 3288 154 3312 nem
171 3280 234 3313 sibi
254 3281 422 3314 imminete
439 3281 630 3323 praevident.

558 3330 644 3364 145.

123 3381 271 3414 Meminit
291 3390 366 3414 vero
384 3381 558 3414 eorundem
580 3383 818 3424 (connaronnm
843 3386 876 3415 et
892 3381 1107 3423 paliurorum)

2078 135 2154 170 308

1126 223 1228 261 libro
1246 222 1294 261 de
1307 220 1496 271 Dionysio
1512 228 1676 270 tyranno
1695 218 1871 270 quaedam
1888 217 2083 270 exposuit,
2116 226 2157 256 ut

1125 291 1276 321 constat
1294 295 1343 321 ex
1356 282 1490 332 fragm.
1515 280 1601 326 146.
1613 295 1628 313 υ
1646 280 1705 318 W
1701 279 1826 317 iehers.

1182 418 1388 457 Athenaeus
1410 420 1516 465 XIV,
1537 431 1575 468 p.
1594 417 1749 466 650‚A:
1767 412 1982 465 Θεόπομπος
2001 415 2031 452 δ’
2051 416 2087 455 ἐν
2107 417 2161 455 εἷ-

1128 479 1238 529 κοστῇ
1263 476 1387 530 πρώτῃ
1420 477 1652 516 Φιλιππικῶν
1686 472 1898 527 μνημονεύει
1932 474 2046 515 αὐτῶν
2070 476 2161 530 (τῶν

1130 535 1307 589 κοννάρων
1322 534 1384 574 καὶ
1402 534 1631 589 παλιούρων).

1608 594 1693 633 146.

1186 652 1292 691 Idem
1313 656 1382 701 VI,
1413 666 1452 703 p.
1479 654 1568 701 261,
1610 658 1643 691 Λ
1657 668 1664 690 :
1679 653 1751 693 Καὶ
1784 654 1865 708 περὶ
1908 655 2090 695 Διονυσίου
2132 654 2168 694 δὲ

1133 711 1179 751 τὰ
1197 710 1431 765 παραπλήσια
1447 713 1578 764 ἱστορεῖ
1595 713 1629 749 ἐν
1648 715 1691 764 τῇ
1708 711 1832 766 πρώτῃ
1848 714 1935 768 πρὸς
1954 720 2030 758 ταῖς
2047 713 2169 753 εἴκοσι·

1137 768 1340 814 «Διονύσιος
1366 772 1384 807 ὁ
1408 770 1573 814 Σικελίας
1598 770 1766 823 τύραννος
1796 771 1874 816 τοὺς
1901 772 2170 817 ἀποὸάλλοντας

1136 828 1200 872 τὰς
1233 827 1351 872 οὐσίας
1377 829 1424 871 εἷς
1448 828 1555 879 μέθας
1582 828 1642 866 καὶ
1666 829 1791 875 κύὸους
1822 832 1882 870 καὶ
1908 832 1972 879 τὴν
2007 833 2170 880 τοιαύτην

1139 888 1329 927 ἀκολασίαν
1344 903 1352 912 ·
1366 887 1538 935 ἠὸούλετο
1553 886 1620 941 γὰρ
1632 887 1786 933 ἅπαντας
1801 883 1890 929 εἶναι
1906 894 2175 947 διεφθαρμένους

1138 949 1199 988 καὶ
1219 947 1390 1003 φαύλους·
1408 947 1466 991 οὒς
1482 947 1543 986 καὶ
1559 941 1597 986 εὖ
1613 954 1784 1001 περιεῖπε.
1795 967 1811 982 »

1196 1013 1242 1048 In
1263 1009 1469 1060 postremis
1492 1007 1746 1046 Casaubonus
1766 1009 2045 1049 restituendum
2066 1020 2177 1063 putat

1142 1069 1200 1113 οὒς
1219 1067 1330 1122 ἐφίλει
1354 1067 1415 1105 καὶ
1432 1060 1469 1105 εῧ
1500 1072 1671 1112 περιεῖπε.
1694 1068 2061 1118 Schweighaeuserus
2090 1079 2179 1122 post

1143 1127 1200 1173 οὕς
1212 1128 1394 1166 omissum
1412 1126 1547 1165 statuit
1558 1124 1813 1178 ἀνελάμὸανεν.
1831 1128 1963 1166 Paullo
1975 1137 2063 1167 ante
2080 1130 2179 1167 enim

1143 1188 1285 1226 Athen.
1304 1187 1424 1224 dixit:
1438 1183 1545 1225 Ἀλλὰ
1563 1184 1633 1237 μὴν
1658 1185 1718 1224 καὶ
1741 1184 1819 1229 τοὺς
1838 1186 2102 1232 ἀποὸάλλοντας
2120 1187 2182 1232 τὰς

1146 1245 1263 1289 οὐσίας
1282 1247 1328 1289 εἰς
1346 1244 1453 1297 μέθας
1469 1244 1530 1283 καὶ
1551 1243 1679 1286 κύὸους
1691 1275 1701 1294 ,
1719 1244 1780 1283 καὶ
1796 1244 1861 1292 τὴν
1872 1245 2035 1293 τοιαύτην
2055 1249 2183 1285 ἀκολα-

1147 1305 1239 1351 σίαν,
1266 1306 1304 1343 οὖ
1332 1304 1436 1356 μόνον
1457 1307 1475 1342 ὁ
1491 1303 1673 1347 Διονύσιος
1693 1304 1951 1356 ἀνελάμὸανεν,
1971 1306 2061 1343 ἀλλὰ
2083 1305 2142 1344 καὶ
2167 1309 2185 1344 ὃ

1149 1363 1342 1408 Φίλιππος,
1376 1367 1473 1411 Quae
1511 1372 1708 1415 postrema
1742 1364 1854 1402 simul
1890 1365 2062 1404 indicant
2075 1395 2085 1413 ‚
2112 1366 2185 1405 nisi

1149 1425 1274 1473 fallor,
1304 1423 1504 1475 quomodo
1533 1423 1815 1474 Theopompus
1841 1423 1915 1462 hoc
1945 1424 2186 1475 Philippico—

1149 1497 1236 1522 rum
1255 1483 1357 1522 libro
1374 1483 1422 1521 ad
1441 1496 1501 1521 res
1520 1482 1699 1532 Dionysii
1717 1482 1849 1520 fecerit
1869 1483 2161 1534 digressionem.

1206 1608 1316 1646 Idem
1335 1610 1437 1655 XII,
1461 1621 1499 1658 p.
1522 1606 1612 1654 532,
1637 1600 1687 1645 F':
1708 1606 1836 1646 Καίτοι
1873 1610 1891 1647 ὁ
1923 1607 2042 1662 πατὴρ
2075 1610 2190 1648 αὐτῶν

1152 1666 1408 1720 Πεισίστρατος
1428 1664 1577 1720 μετρίως
1595 1666 1725 1719 ἐχρῆτο
1741 1671 1818 1710 ταῖς
1834 1667 1990 1715 ἡδοναῖς,
2010 1667 2095 1706 ὥστ’
2119 1668 2191 1706 οὐδ’

1153 1728 1189 1765 ἐν
1224 1732 1297 1769 τοῖς
1311 1724 1455 1778 χωρίοις
1495 1724 1566 1763 οὐδ’
1584 1726 1619 1763 ἐν
1640 1730 1711 1769 τοῖς
1727 1726 1854 1772 κήποις
1873 1725 2032 1780 φύλακας
2051 1726 2191 1781 ἐφίστα,

1154 1788 1201 1830 ὡς
1217 1784 1432 1836 Θεόπομπος
1449 1785 1580 1838 ἱστορεῖ
1597 1785 1632 1822 ἐν
1650 1787 1694 1838 τῇ
1711 1784 1836 1839 πρώτῃ
1847 1786 1907 1824 καὶ
1928 1787 2070 1840 εἰκοστῇ
2083 1817 2093 1835 ,
2115 1787 2193 1825 ἀλλ’

1154 1844 1208 1884 εἴα
1227 1844 1286 1883 τὸν
1303 1842 1512 1897 βουλόμενον
1529 1842 1683 1882 εἰσιόντα
1700 1844 1887 1883 ἀπολαύειν
1922 1845 1982 1884 καὶ
1999 1845 2194 1898 λαμὸοἷνειν

1155 1899 1203 1944 ὧν
1222 1904 1372 1953 δεηθείη.

1211 1965 1422 2016 «Suspicor
1445 1963 1746 2015 Theopompum
1764 1964 1804 2002 in
1820 1964 1868 2002 iis
1880 1992 1890 2009 ‚
1909 1978 1995 2015 quae
2012 1965 2087 2004 hoc
2114 1966 2195 2004 fra-

1158 2033 1356 2077 gmentum
1389 2023 1635 2075 praecedunt,
1666 2036 1841 2062 narrasse
1859 2024 2090 2075 Dionysium
2105 2056 2114 2072 ‚
2133 2034 2196 2075 ty-

1158 2084 1358 2122 rannidem
1388 2082 1463 2120 sibi
1492 2082 1776 2120 vindicaturum
1789 2112 1799 2129 ‚
1830 2096 1877 2121 eo
1907 2084 2196 2122 multitudinem

1157 2143 1364 2182 adduxisse
1377 2172 1387 2191 ,
1407 2150 1450 2180 ut
1468 2150 1669 2180 sexcentos
1682 2142 1862 2181 custodes
1875 2171 1885 2189 ,
1906 2157 2004 2194 quos
2016 2144 2099 2195 ipse
2120 2144 2198 2182 vel-

1158 2203 1231 2247 let,
1245 2202 1410 2253 eligendi
1430 2210 1662 2253 potestatem
1689 2201 1764 2253 ipsi
1790 2202 1962 2240 facerent
1977 2233 1988 2251 ‚
2009 2203 2198 2240 Pisistrati

1163 2261 1408 2300 Atheniensis
1442 2262 1665 2312 exemplum
1699 2261 1892 2301 imitatum
1905 2290 1914 2306 ‚
1956 2270 1998 2300 ut
2038 2262 2199 2313 legimus

1161 2321 1267 2372 apud
1301 2320 1522 2359 Diodorum
1552 2323 1672 2368 XIII,
1698 2320 1762 2370 95.
1790 2324 1917 2372 Atque
1938 2335 1981 2359 ea
2002 2322 2200 2359 occasione

1162 2380 1299 2419 incidit
1326 2381 1489 2419 sortasse
1508 2380 1789 2431 Theopompus
1815 2380 1853 2418 in
1884 2380 2070 2419 Pisistrati
2089 2394 2199 2417 men-

1163 2441 1333 2487 tionem,
1352 2439 1418 2491 qui
1447 2448 1575 2478 tamen
1602 2439 1832 2477 custodibus
1861 2440 1935 2477 illis
1955 2439 2003 2476 ad
2024 2439 2200 2489 tyranni-

1164 2499 1252 2536 dem
1279 2499 1579 2550 comparandam
1610 2507 1785 2546 tantum,
1816 2512 1895 2536 non
1926 2511 2017 2535 vero
2041 2497 2090 2535 ad
2115 2510 2199 2534 eam

1166 2559 1316 2596 saeviter
1335 2558 1587 2596 exercendam
1604 2571 1696 2596 usus
1716 2567 1793 2606 est;
1810 2557 2000 2608 siquidem
2018 2570 2083 2594 eos
2095 2563 2201 2608 post-

1168 2671 1202 2703 et
1216 2670 1446 2712 Theopompus
1473 2669 1556 2702 libro
1569 2669 1676 2711 primo
1688 2671 1722 2702 et
1751 2667 1906 2701 vicesimo
1933 2667 2198 2709 Philippicorum.

1644 2746 1733 2780 146.

1209 2812 1257 2843 De
1272 2810 1430 2852 Dionysio
1446 2810 1558 2843 eadem
1574 2811 1684 2842 narrat
1702 2810 1791 2842 idern
1807 2809 1945 2850 scriptor
1969 2808 2076 2850 primo
2104 2809 2138 2840 et
2154 2807 2196 2840 vi-

1167 2857 1289 2890 cesimo
1305 2858 1388 2890 libro
1405 2868 1444 2890 ιιι
1462 2858 1640 2899 Dionysius
1664 2856 1781 2889 Siciliae
1805 2858 1963 2897 tyrannus
1975 2879 1984 2895 ‚
2003 2855 2128 2897 inquit,
2144 2864 2200 2891 eos

1169 2904 1324 2947 [maxime
1338 2905 1512 2947 recipiebat
1521 2905 1547 2946 ]‚
1564 2905 1620 2946 qui
1635 2903 1865 2946 patrimonium
1879 2912 1976 2936 suum
1989 2903 2024 2935 iu
2037 2905 2200 2944 compota·

1168 2952 1274 2987 tiones
1289 2952 1371 2985 etin
1386 2952 1489 2984 aleam
1511 2954 1543 2984 et
1565 2951 1597 2983 id
1615 2959 1715 2992 genus
1731 2950 1877 2983 lasciviae
1900 2950 2117 2992 prodigerent.
2133 2953 2198 2983 Vo-

1167 2999 1255 3032 lebat
1283 3000 1370 3032 enim
1397 3007 1510 3031 omnes
1533 3007 1604 3031 esse
1620 2997 1764 3039 perditos
1789 2999 1822 3031 et
1837 2997 2037 3039 flagitiosos:
2053 2997 2200 3039 talesque

1169 3047 1318 3079 homines
1331 3045 1534 3079 adsciscebat
1557 3045 1763 3086 fovebatque.
1782 3058 1799 3073 ν

1639 3127 1727 3162 147.

1211 3194 1253 3226 At
1276 3193 1367 3234 pater
1392 3191 1520 3225 illorum
1560 3191 1702 3234 (Hippioe
1725 3194 1757 3225 et
1788 3192 1977 3234 Hipparchi)
2010 3193 2199 3226 Pisistratus

1174 3239 1337 3272 moderate
1353 3247 1432 3270 usus
1442 3241 1510 3270 erat
1524 3238 1768 3280 voluptatibus;
1784 3239 1829 3272 ita
1847 3239 1980 3280 quidem
1995 3242 2032 3272 ut
2043 3248 2103 3272 nec
2120 3249 2199 3281 prae-

1171 3285 1236 3317 diis
1250 3285 1318 3317 suis
1330 3293 1390 3320 nec
1412 3285 1515 3317 hortis
1535 3285 1688 3318 custodes
1703 3286 1898 3327 praeficeret,
1920 3288 1956 3319 ut
1971 3289 2081 3319 narrat
2098 3287 2198 3319 Theo-

1172 3340 1310 3373 pompus
1324 3331 1407 3364 libro
1422 3331 1578 3364 vicesimo
1592 3333 1707 3374 primo,
1723 3333 1780 3366 sed
1797 3333 1919 3366 volenti
1930 3334 2047 3376 cuique
2060 3334 2198 3375 potesta-

1171 3382 1238 3412 tem
1252 3380 1371 3412 saceret
1383 3379 1523 3412 intrandi
1537 3380 1740 3422 fruendique,
1753 3383 1786 3414 et
1795 3381 1945 3414 sumendi
1957 3381 2044 3423 quod
2055 3384 2197 3424 cuperet.
