2320 3684
763 149 1084 189 PHILOCHORI
1114 149 1444 189 FRAGMENTA.

309 251 394 289 117.
425 251 595 302 [Olymp.
622 250 747 297 XCII,
769 247 822 301 2.]

99 312 230 353 schol.
258 311 387 361 Eurip.
403 313 533 348 Orest.
561 310 658 357 371:
682 307 761 361 Πρὸ
785 306 970 351 Διοκλέους
985 338 995 356 ,
1024 307 1076 361 ἐφ’

45 366 86 411 οἶ
98 370 156 410 τὸν
180 369 352 423 Ὀρέστην
370 367 501 413 ἐδίδαξε
515 398 526 418 ,
549 366 836 419 Λακεδαιμονίων
850 366 1077 419 πρεσὸευσα-

48 430 162 483 μένων
181 429 259 483 περὶ
277 427 430 483 εἰρήνης,
452 426 707 475 ἀπιστήσαντες
725 427 899 474 Ἀθηναῖοι
914 427 954 464 οὗ
970 441 1079 479 προσ-

46 489 178 536 ήκαντο
188 487 245 527 ἐπὶ
262 486 429 540 ἄρχοντος
439 485 655 539 Θεοπόμπου
665 515 675 534 ,
692 484 728 528 ὃς
743 479 786 532 ἧν
800 484 869 538 πρὸ
880 483 1077 531 Διοκλέους,

45 551 93 593 ὥς
107 550 237 602 ἱστορεῖ
255 545 463 600 Φιλόχορος.

505 605 591 643 118.

100 666 226 704 Schol.
240 665 372 716 Eurip.
385 667 451 703 Or.
463 678 509 712 77
519 678 534 701 1
549 679 557 701 :
571 663 648 718 Πρὸ
664 664 750 702 ἐτῶν
763 662 822 702 δύο
838 665 900 710 τῆς
914 663 1079 701 διδασκα-

45 723 124 768 λίας
138 727 199 763 τοῦ
211 724 377 777 Ὀρέστου
392 722 492 765 αὐτός
514 723 547 776 (ὁ
565 723 747 777 Κλεοφῶν)
774 724 868 762 ἐστιν
883 725 900 761 ὁ
916 721 1080 766 κωλύσας

47 781 199 828 σπονδὰς
231 781 392 835 γενέσθαι
425 781 615 829 Ἀθηναίοις
644 782 730 836 πρὸς
762 781 1078 834 Λακεδαιμονίους,

47 845 93 888 ὥς
111 842 309 897 Φιλόχορος
325 845 467 896 ἱστορεῖ.

323 902 409 940 119.
440 902 611 954 [Olymp.
629 905 751 950 XCII,
769 903 820 955 3.]

101 961 227 1000 Scnol.
261 961 309 999 ad
340 961 537 1013 Aristoph.
569 963 670 1001 Plut.
690 976 765 1013 972
783 977 790 998 :
808 959 894 1002 Ὅτι
917 961 954 1000 δὲ
990 962 1081 1001 κατὰ

49 1018 244 1072 γράμματα
263 1019 491 1073 ἐκληροῦντο,
508 1019 725 1074 προείρηται.
746 1022 801 1060 Οὐ
818 1020 887 1072 μὴν
912 1020 1004 1060 ἀλλὰ
1021 1021 1080 1060 καὶ

50 1077 231 1117 ἐδούλευον
263 1072 358 1117 οὗτοι
382 1081 434 1132 τῷ
445 1078 514 1133 πρὸ
535 1079 659 1118 τούτου
679 1079 749 1119 ἔτει
765 1079 964 1134 ἀρξάμενοι.
980 1080 1081 1128 Φησὶ

50 1136 117 1190 γὰρ
146 1136 356 1191 Φιλόχορος·
372 1156 387 1172 «
400 1137 486 1177 Ἐπὶ
509 1139 738 1178 Γλαυκίππου
751 1139 811 1178 καὶ
829 1144 851 1187 ἡ
868 1139 975 1192 βουλὴ
990 1140 1082 1179 κατὰ

49 1195 198 1250 γράμμα
227 1195 306 1235 τότε
334 1198 473 1252 πρῶτον
510 1197 710 1247 ἐκαθέζετο,
730 1198 790 1237 καὶ
817 1198 869 1237 ἔτι
891 1203 949 1238 νῦν
970 1200 1082 1250 ὄμνυ-

50 1270 104 1294 σιν
126 1255 187 1294 ἇπ’
206 1254 336 1294 ἐκείνου
351 1257 571 1295 καθεδεῖσθαι
593 1259 628 1296 ἐν
648 1259 699 1311 τῷ
718 1258 950 1312 γραμματείῳ
962 1289 971 1306 ,
988 1252 1017 1312 ᾧ
1041 1257 1081 1297 ἂν

49 1313 200 1366 λάχωσι.
213 1333 227 1349 u

103 1377 179 1411 Pro
196 1368 290 1412 οὗτοι
309 1375 508 1427 legendum
524 1389 605 1414 esse
620 1375 729 1420 οὕτως
746 1377 896 1415 monuit
911 1376 1083 1425 siebelis;

0 1433 3 1437 '
50 1433 91 1470 in
108 1432 359 1484 sequentibus
380 1435 527 1473 Potitus
544 1439 587 1475 L.
606 1439 652 1475 A.
670 1449 707 1487 p.
734 1438 806 1486 196
828 1436 927 1474 bene
947 1436 1083 1474 scribit

50 1493 86 1531 ἐν
104 1494 155 1544 τῷ
173 1491 360 1547 γράμματι
380 1507 454 1545 pro
471 1495 505 1532 ἐν
521 1496 572 1547 τῷ
595 1494 841 1548 γραμματείῳ.
856 1491 858 1493 ’

300 1564 390 1602 120.
423 1565 597 1616 [Olymp.
617 1568 762 1614 XCIII,
785 1566 836 1617 2.]

103 1623 231 1661 Schol.
253 1623 302 1661 ad
318 1623 516 1675 Aristoph.
531 1627 627 1662 Ran.
645 1638 719 1671 720
731 1639 739 1660 :
753 1626 818 1678 Τῷ
834 1624 993 1679 προτέρῳ
1014 1625 1083 1664 ἔτει

3 1696 13 1700 ”
50 1680 109 1720 ἐπὶ
132 1681 352 1733 Ἀντιγένους.
375 1681 482 1720 Ἀλλὰ
503 1687 600 1736 νικᾷ,
624 1683 729 1735 φησὶ,
756 1687 908 1736 χρυσοῦν
925 1684 1082 1737 νόμισμα

50 1742 214 1787 κοπῆναι.
236 1739 306 1780 Καὶ
329 1739 527 1794 Φιλόχορος
547 1740 696 1792 ὁμοίως,
715 1741 755 1780 τὸ
779 1744 818 1780 ἐκ
843 1745 912 1780 τῶν
941 1747 1082 1797 χρυσῶν

51 1801 183 1841 Νικῶν.

102 1861 146 1897 In
166 1858 294 1897 verbis
306 1857 412 1898 Ἀλλὰ
430 1864 511 1912 νικᾷ
522 1859 641 1899 latere
657 1859 809 1898 videtur
822 1861 990 1900 auctoris
1006 1875 1081 1900 no-

51 1930 137 1955 men
152 1946 161 1962 ,
182 1918 228 1956 ad
244 1918 351 1969 quod
366 1933 452 1972 φησι
468 1918 678 1956 referatur:
698 1932 787 1956 nam
803 1920 1082 1971 Aristophanes

51 1989 129 2015 non
147 1977 240 2015 dicit
252 2007 262 2025 ‚
285 1977 358 2015 sub
377 1977 566 2028 Antigene
586 1977 769 2016 archonte
789 1991 926 2016 aureos
942 1992 1082 2017 numos

52 2049 164 2074 cusos
185 2049 278 2074 esse.
306 2035 509 2074 Probanda
533 2036 652 2087 igitur
677 2045 734 2074 est
767 2038 925 2075 Bentleii
947 2038 1081 2089 conje—

53 2102 163 2132 ctura
176 2092 382 2138 Ἑλλάνικός
395 2109 514 2147 φησιν.
529 2095 636 2132 Idem
648 2095 868 2134 Hellanicus
879 2095 928 2134 ab
945 2097 1082 2135 eodem

53 2153 264 2191 Scholiasta
286 2154 414 2205 paullo
434 2162 521 2191 ante
538 2153 584 2191 ad
604 2167 701 2191 vers.
722 2155 796 2202 706
819 2155 994 2193 laudatus
1011 2165 1081 2204 est,

94 2314 178 2347 Ante
199 2312 344 2346 Dioclem
371 2312 558 2346 archontem
570 2336 580 2353 ,
604 2313 667 2346 sub
686 2322 752 2355 quo
769 2315 916 2347 Orestem
940 2310 1085 2348 sahulam'

52 2361 188 2400 docuit,
214 2369 318 2402 quum
338 2360 576 2393 Lacedaemonii
593 2361 716 2402 legatos
739 2362 908 2394 mitterent
926 2362 967 2395 de
981 2372 1060 2404 pace
1073 2387 1082 2403 ,

54 2408 266 2441 Athenienses
281 2416 347 2439 non
361 2406 637 2448 obtemperarunt,
652 2408 776 2440 nullam
792 2408 832 2440 iis
849 2408 946 2441 fidem
962 2409 1082 2442 haben-

54 2458 122 2494 tes,
138 2455 294 2487 archonte
315 2454 548 2496 Theopompo,
566 2454 623 2496 qui
649 2455 713 2487 hoc
736 2464 869 2488 munere
889 2456 1084 2498 fungebatur

52 2503 128 2535 aute
140 2501 298 2542 Dioclem,
314 2502 351 2534 ut
366 2501 464 2534 tradit
480 2502 705 2534 Philochorus.

55 2615 58 2617 Δ
92 2597 226 2630 Duobus
241 2596 334 2629 annis
349 2599 423 2629 ante
435 2605 533 2638 quam
549 2598 679 2630 Orestes
691 2597 804 2630 ‘fabula
815 2598 902 2631 edita
917 2601 976 2639 est,
991 2598 1082 2633 Cleo·

53 2643 142 2685 plion
163 2643 352 2686 impedivit,
382 2653 423 2676 ne
447 2644 660 2676 Athenienses
679 2644 826 2677 inducias
850 2645 990 2677 facerent
1005 2653 1080 2677 cum

54 2690 322 2735 Lacedaemoniis,
338 2692 376 2722 ut
390 2694 500 2723 narrat
513 2691 738 2723 Philochorus.

94 2785 261 2816 senatores
277 2787 363 2817 sorte
374 2785 492 2818 ductos
510 2794 582 2818 esse
597 2786 774 2818 secundam
789 2786 910 2826 literas,
927 2788 1023 2819 antea
1037 2787 1082 2819 di-

54 2833 149 2874 ctum,
158 2833 223 2865 est:
242 2832 298 2864 sed
311 2832 407 2865 etiam
424 2833 615 2865 sententiam
629 2833 691 2865 hoc
701 2833 798 2865 modo
808 2834 970 2873 dicebant,
987 2834 1081 2875 cujus

54 2878 101 2912 rei
113 2878 242 2911 initium
253 2879 397 2912 fecerant
413 2889 499 2912 anno
521 2882 595 2913 ante
619 2889 716 2922 quam
733 2881 848 2913 Plutus
870 2881 978 2913 fabula
993 2882 1080 2914 edita

56 2927 116 2959 est.
134 2926 344 2958 Philochorus
357 2927 444 2959 enim
457 2927 504 2960 ait
521 2937 528 2959 :
546 2940 562 2955 (ι
579 2928 742 2960 Archonte
756 2927 936 2969 Glaucippo
950 2931 1080 2961 senatus

54 2971 194 3014 primum
208 2973 339 3005 sedebat
351 2974 528 3006 secundum
546 2974 665 3014 literas,
679 2977 776 3016 atque
798 2975 986 3008 etiamnunc
1004 2976 1080 3009 inde

55 3018 163 3052 abillo
174 3021 319 3062 tempore
332 3022 443 3062 jurant
462 3022 639 3061 senatores,
656 3031 690 3055 se
705 3031 744 3054 eo
758 3022 882 3062 ordine,
901 3032 997 3064 quem
1012 3023 1080 3055 lite-

50 3074 101 3099 τω
115 3074 185 3098 sors
199 3066 392 3107 attribuerit,
408 3068 443 3100 in
459 3071 574 3101 senatu
588 3078 735 3102 sessuros
750 3078 832 3102 esse.
854 3083 869 3097 »

98 3160 262 3193 Archonte
277 3162 434 3202 Antigene
446 3171 531 3195 anno
547 3165 623 3196 ante
638 3172 737 3205 quam
753 3165 854 3196 Ranae
874 3164 969 3196 editae
984 3166 1078 3203 sunt,

57 3214 174 3239 numos
191 3215 304 3240 aureos
315 3217 411 3241 cusos
427 3218 498 3242 esse
512 3209 592 3242 dicit
601 3210 801 3242 Hellanicus.
813 3212 919 3251 Atque
933 3210 1079 3242 similiter

46 3252 268 3303 1³Pbilochorus
282 3263 401 3288 numos
413 3265 454 3289 ex
467 3257 572 3289 aureis
586 3257 739 3290 Victoriis
755 3266 852 3289 cusos
865 3258 1034 3289 memorat.

100 3359 302 3400 Erasinides‚
319 3369 404 3393 unus
416 3370 455 3393 ex
472 3312 750 3401 illis1i2nlselicibus‚
767 3362 821 3403 qui
840 3361 879 3393 ad
905 3361 1078 3401 Arginusas

2085 159 2160 191 403

1133 236 1199 275 ubi
1223 237 1270 275 de
1289 251 1417 289 pugna
1436 238 1558 276 navali
1588 238 1634 275 ad
1665 239 1871 289 Arginusas
1907 240 2042 291 agitur.
2065 244 2164 279 Pun-

1133 303 1237 332 ctum
1251 304 1340 346 post
1357 295 1567 348 Ἀντιγένους
1585 297 1786 335 delendum
1801 306 1869 335 est.

1598 362 1681 399 121.

1163 419 1312 478 mSchol.
1336 420 1384 457 ad
1420 421 1616 471 Aristoph.
1651 424 1748 460 Ran.
1788 423 1908 473 1196:
1931 422 2165 476 Ἐρασινίδης.

1136 479 1199 519 Εἲς
1208 479 1277 515 τῶν
1292 476 1371 532 περὶ
1383 477 1627 531 Ἀργέννουσαν
1643 480 1962 533 στρατηγησάντων
1974 482 2166 534 δυστυχῶς.

1136 535 1301 574 Ἀπέθανε
1331 535 1368 574 δὲ
1400 537 1566 591 δημοσίᾳ,
1584 532 1680 583 οὗτός
1698 554 1736 577 τε
1765 539 1826 579 καὶ
1846 542 1876 578 οἱ
1899 542 2167 592 ὑπομείναντες,

1135 593 1360 646 Θράσυλλος,
1379 597 1575 648 Περικλῆς,
1595 599 1746 646 Λυσίας,
1761 598 2050 652 Ἀριστοκράτης,
2079 603 2166 638 Διο-

1137 652 1265 704 μέδων,
1280 652 1327 697 ὥς
1344 670 1430 708 φησι
1444 655 1655 710 Φιλόχορος.

1402 719 1486 757 122.
1516 721 1686 772 [Olymp.
1704 725 1842 771 xclv,
1865 724 1911 774 i.]

1192 786 1382 834 Harpocr.
1405 798 1441 821 v.
1461 785 1680 838 Συγγραφεῖς
1703 801 1712 824 z
1796 786 2006 840 Εἷθισμένον
2025 782 2067 835 ἦν
2086 788 2170 841 παρ’

1137 840 1330 888 Ἀθηναίοις
1344 870 1354 889 ,
1372 841 1476 880 ὁπότε
1493 842 1563 881 δέοι
1579 843 1709 890 πλῆθός
1726 861 1759 883 τι
1777 848 1970 899 αἱρεῖσθαι,
1989 847 2036 890 εἷς
2061 846 2168 900 ῥητὴν

1136 899 1274 953 ἡμέραν
1293 899 1463 954 εἰσφέρειν
1479 902 1621 953 γνώμας
1640 904 1687 946 εἷς
1705 902 1762 942 τὸν
1782 905 1903 956 δῆμον.
1923 907 2038 944 Τοῦτο
2057 904 2094 944 δὲ
2111 905 2170 943 καὶ

1137 958 1206 1013 πρὸ
1236 961 1298 1006 τῆς
1331 959 1582 1004 καταστάσεως
1599 963 1669 999 τῶν
1687 962 1716 999 υ’
1735 962 1870 1014 ἐγένετο
1882 994 1892 1012 ,
1920 963 2011 1002 καθὰ
2027 966 2172 1004 Θουκυ-

1138 1018 1234 1067 δίδης
1253 1020 1287 1057 ἐν
1308 1021 1352 1071 τῇ
1372 1018 1476 1071 ὀγδόῃ
1498 1019 1601 1074 φησίν
1615 1034 1622 1041 ·
1645 1038 1660 1054 «
1674 1020 1735 1060 Ἐν
1758 1020 1794 1059 δὲ
1810 1023 1920 1075 τούτῳ
1944 1023 1994 1076 τῷ
2010 1027 2121 1077 καιρῷ
2141 1026 2172 1062 οἷ

1137 1077 1219 1131 περὶ
1260 1077 1476 1131 Πείσανδρον
1516 1077 1690 1126 ἐλθόντες,
1733 1079 1828 1124 εὐθὺς
1860 1083 1928 1119 τῶν
1964 1083 2094 1120 λοιπῶν
2126 1082 2173 1120 εἴ-

1138 1152 1244 1190 χοντο
1256 1167 1266 1186 ,
1284 1137 1344 1175 καὶ
1363 1138 1503 1191 πρῶτον
1534 1136 1597 1189 μὲν
1618 1138 1676 1176 τὸν
1701 1140 1810 1189 δῆμον
1835 1139 2057 1185 συλλέξαντες
2077 1135 2172 1180 εἶπον

1144 1195 1306 1247 γνώμην,
1324 1194 1409 1234 δέκα
1430 1195 1555 1249 ἄνδρας
1572 1196 1711 1235 ἑλέσθαι
1729 1198 1949 1251 συγγραφέας
1962 1200 2173 1252 αὐτοκράτο-

1141 1271 1202 1309 ρας
1216 1285 1227 1304 ,
1253 1254 1393 1298 τούτους
1410 1254 1447 1294 δὲ
1478 1254 1740 1309 ξυγγράψαντας
1769 1256 1914 1308 γνώμην
1935 1257 2121 1309 ἐξενεγκεῖν
2141 1261 2173 1301 ἐς

1139 1314 1200 1353 τὸν
1223 1315 1333 1364 δῆμον
1365 1317 1398 1359 ἐς
1432 1314 1569 1368 ἡμέραν
1595 1315 1716 1369 ῥητὴν,
1743 1315 1866 1354 καθότι
1884 1316 2010 1370 ἄριστα
2037 1317 2177 1364 ἡπόλις

1141 1373 1333 1421 οἰκήσεται.
1345 1392 1360 1409 »
1377 1368 1496 1414 ῗΗσαν
1515 1373 1551 1412 δὲ
1572 1377 1603 1412 οἱ
1622 1374 1685 1427 μὲν
1704 1375 1832 1419 πάντες
1850 1381 2059 1430 συγγραφεῖς
2072 1377 2176 1429 τριά-

1140 1449 1246 1472 κοντα
1273 1434 1305 1471 οἱ
1331 1432 1409 1471 τότε
1433 1432 1645 1486 αἱρεθέντες,
1675 1434 1767 1472 καθά
1791 1450 1895 1488 φησιν
1919 1434 2119 1488 Ἀνδροτίων
2139 1451 2176 1473 τε

1143 1490 1204 1530 καὶ
1219 1491 1438 1545 Φιλόχορος,
1454 1492 1616 1546 ἑκάτερος
1635 1495 1668 1531 ἐν
1689 1496 1732 1545 τῇ
1753 1493 1891 1532 Ἀτθίδι.
1910 1492 1956 1532 Ὁ
1974 1493 2009 1532 ’δὲ
2032 1494 2176 1533 Θουκυ-

1142 1551 1238 1598 δίδης
1262 1555 1331 1590 τῶν
1354 1551 1438 1594 δέκα
1461 1552 1700 1603 ἐμνημόνευσε
1729 1551 1844 1604 μόνων
1863 1554 1932 1590 τῶν
1957 1552 2176 1605 προδούλων.

1195 1613 1281 1649 Haec
1300 1611 1464 1662 repetita
1479 1620 1569 1649 sunt
1583 1625 1605 1650 a
1623 1612 1740 1650 Suida
1752 1642 1762 1660 ,
1786 1615 1909 1662 Etym.
1931 1616 1981 1649 Μ.
2004 1621 2175 1658 auctore,

1140 1669 1280 1708 Photio
1296 1670 1336 1707 in
1355 1672 1447 1708 Lex.
1470 1679 1507 1707 et
1530 1671 1751 1708 Phavorino
1776 1670 1812 1708 h.
1835 1685 1873 1708 v.
1902 1670 2060 1708 Sicbelis
2084 1671 2176 1708 inli-

1139 1729 1304 1766 nitivum
1321 1727 1491 1782 εἰσφέρειν
1504 1730 1677 1780 reposuit
1691 1743 1738 1768 ex
1748 1730 1967 1768 Phavorino
1983 1743 2053 1780 pro
2071 1731 2175 1780 vulg.

1139 1786 1314 1841 εἰσέφερε,
1333 1796 1371 1826 et
1386 1788 1599 1826 eliminavit
1618 1786 1737 1841 ὥσπερ
1754 1797 1841 1825 ante
1862 1790 1908 1831 εἷς
1929 1786 2049 1840 ῥητὴν,
2070 1789 2177 1839 quod

1140 1855 1179 1884 et
1201 1860 1223 1884 a
1240 1847 1377 1895 Suida,
1398 1847 1617 1885 Phavorino
1650 1856 1687 1884 et
1723 1847 1864 1885 photio
1897 1847 2082 1884 omissum
2106 1857 2174 1885 est.

1138 1905 1226 1943 Vid.
1244 1906 1412 1956 Thucyd.
1430 1909 1539 1954 VIII,
1558 1907 1621 1954 67.

1402 1975 1487 2014 123.
1519 1977 1685 2027 [Olymp.
1707 1979 1838 2024 XCIV,
1854 1976 1905 2026 2.]

1192 2041 1319 2079 Schol.
1345 2041 1393 2078 ad
1425 2042 1621 2093 Aristoph.
1650 2041 1746 2079 Plut.
1780 2042 1898 2084 1146:
1917 2039 2004 2078 ‘'O-ct
2026 2039 2114 2090 μετὰ
2133 2039 2172 2078 τὸ

1139 2101 1316 2138 κατελθεῖν
1334 2099 1413 2144 τοὺς
1430 2099 1519 2151 μετὰ
1536 2098 1790 2152 Θρασυὸούλου
1807 2098 1933 2146 Φυλὴν
1956 2097 2176 2138 καταλαὸόν-

1140 2174 1202 2201 τας
1215 2188 1225 2207 ,
1258 2158 1319 2197 καὶ
1359 2160 1580 2206 νικήσανταςΡ
1597 2160 1631 2196 ἐν
1663 2161 1823 2212 Πειραιεῖ
1854 2157 1932 2201 τοὺς
1964 2158 2174 2211 τριάκοντα,

1144 2273 1278 2298 munere
1293 2266 1500 2306 imperatorio
1510 2265 1742 2306 fungebantur:
1757 2274 1832 2297 nam
1842 2267 1875 2297 et
1891 2265 1942 2297 hic
1960 2265 2070 2306 populi
2080 2266 2174 2306 jussu

1143 2312 1259 2353 capitis
1294 2313 1490 2355 supplicium
1519 2313 1618 2346 subiit
1654 2315 1687 2345 et
1714 2313 1812 2345 ceteri
1847 2313 1902 2354 qui
1935 2316 2174 2350 remanserant,

1142 2359 1330 2401 Thrasyllus
1340 2383 1350 2399 ,
1366 2361 1505 2393 Pericles
1515 2384 1524 2400 ,
1540 2360 1666 2401 Lysias,
1683 2360 1906 2398 Aristocrates‚
1922 2359 2100 2392 Diomedon
2110 2383 2118 2397 ‚
2140 2364 2174 2390 ut

1142 2406 1240 2439 tradit
1255 2407 1476 2441 Philochorus.

1613 2475 1700 2507 122.

1185 2533 1386 2564 consuetum
1403 2532 1464 2564 fuit
1491 2532 1576 2574 apud
1603 2533 1815 2565 Athenienses
1830 2556 1838 2571 ‚
1864 2533 1900 2563 ut
1915 2532 2170 2571 quotiescunque
2198 2532 2201 2534 ’

1145 2576 1268 2618 aliquid
1283 2577 1323 2610 de
1340 2578 1506 2619 republica
1521 2578 1762 2611 decernendum
1778 2580 1864 2609 esset
1875 2600 1884 2615 ‚
1899 2578 2020 2608 statuto
2035 2576 2087 2608 die
2103 2585 2168 2608 sen-

1144 2626 1242 2658 tentia
1257 2626 1298 2658 ad
1317 2627 1474 2668 populum
1490 2627 1662 2660 referretur
1675 2652 1682 2658 .
1704 2630 1774 2659 Hoc
1798 2629 1906 2658 autem
1929 2628 2002 2656 ante
2019 2625 2170 2656 constitu-

1141 2673 1263 2705 tionem
1277 2674 1584 2715 quadringentorum
1598 2674 1693 2706 etiam
1706 2674 1812 2711 fiebat,
1824 2675 1860 2704 ut
1871 2671 2075 2712 Thucydides
2088 2671 2169 2703 libro

1143 2721 1262 2753 octavo
1278 2722 1417 2754 testatur
1434 2730 1442 2751 z
1460 2734 1475 2748 α
1490 2723 1616 2754 Interea
1640 2730 1716 2754 vero
1741 2720 1895 2761 temporis
1918 2719 2071 2750 Pisander
2091 2719 2168 2759 ejus·

1141 2776 1205 2808 que
1218 2768 1348 2809 collegae
1364 2769 1506 2801 Athenas
1520 2769 1641 2801 reversi
1663 2767 1836 2800 confestim
1854 2767 1967 2798 ceteris
1980 2766 2168 2806 peragendis

1141 2824 1270 2856 operam
1286 2816 1361 2848 dare
1381 2817 1559 2856 coeperunt.
1584 2820 1630 2847 Ac
1646 2815 1786 2855 primum
1807 2814 1937 2859 quidem
1957 2813 2075 2855 populo
2095 2822 2168 2845 coa-

1141 2864 1195 2895 cto
1210 2863 1400 2895 sententiam
1414 2862 1588 2901 dixerunt,
1610 2861 1722 2893 decem
1738 2861 1827 2892 viros
1846 2860 1951 2900 legum
1968 2860 2168 2892 conscriben-

1141 2909 1255 2941 darum
1276 2918 1390 2941 caussa
1404 2908 1587 2949 deligendos
1598 2932 1607 2948 ‚
1626 2916 1723 2949 penes
1740 2916 1821 2948 quos
1838 2907 1975 2938 liberum
1996 2907 2166 2948 imperium

1140 2959 1246 2988 esset:
1262 2957 1296 2987 hi
1313 2965 1388 2988 vero
1406 2956 1604 2995 rogationem
1627 2955 1780 2995 scriptam
1802 2954 1841 2986 ad
1869 2955 2023 2995 populum
2048 2955 2086 2986 ad
2104 2963 2167 2987 cer-

1140 3004 1207 3033 tam
1222 3001 1307 3033 diem
1324 3001 1443 3033 ferrent
1456 3024 1464 3039 ‚
1481 3009 1545 3040 qua
1561 3001 1684 3032 ratione
1704 3000 1884 3040 respublica
1899 3001 2019 3040 optime
2034 3001 2167 3032 admini-

1139 3049 1233 3081 strari
1261 3049 1383 3090 posset.
1400 3061 1415 3075 n
1432 3049 1533 3080 Erant
1554 3050 1663 3080 autem
1684 3056 1797 3080 omnes
1826 3048 1951 3089 legibus
1984 3049 2164 3082 scribendis

1139 3098 1218 3128 tunc
1231 3096 1321 3127 electi
1338 3103 1472 3127 numero
1494 3095 1636 3135 triginta,
1651 3097 1688 3126 ut
1700 3095 1745 3126 ait
1758 3094 1916 3126 Androtio
1942 3097 1975 3127 et
1998 3096 2163 3128 Philocho-

1139 3152 1205 3181 rus,
1224 3144 1359 3183 uterque
1373 3142 1405 3173 in
1427 3142 1568 3173 Atthide.
1587 3141 1791 3182 Thucydides
1817 3151 1894 3174 vero
1912 3145 2036 3174 tantum
2054 3142 2162 3176 decem

1139 3188 1352 3221 Probulorum
1366 3188 1560 3220 mentionem
1576 3188 1662 3220 facit.

1604 3248 1676 3285 123

1180 3312 1243 3349 Qui
1260 3320 1335 3343 cum
1357 3310 1558 3351 Thrasybulo
1580 3311 1713 3352 Phylam
1734 3315 1972 3352 occupaverant
1985 3315 2017 3344 et
2030 3312 2160 3353 triginta

1140 3359 1228 3390 viros
1241 3359 1273 3390 in
1283 3359 1402 3390 Piraeeo
1411 3359 1566 3399 vicerant,
1575 3367 1676 3399 quum
1685 3359 1827 3392 Athenas
1837 3359 2018 3398 rediissent,
2027 3359 2159 3391 sciscere

2026 3412 2075 3442 26.
