<?xml version="1.0" encoding="UTF-8"?>
<!DOCTYPE html PUBLIC "-//W3C//DTD XHTML 1.0 Transitional//EN"
    "http://www.w3.org/TR/xhtml1/DTD/xhtml1-transitional.dtd">
<html xmlns="http://www.w3.org/1999/xhtml" xml:lang="en" lang="en">
 <head>
  <title>
</title>
<meta http-equiv="Content-Type" content="text/html;charset=utf-8" />
  <meta name='ocr-system' content='tesseract 3.04.00' />
  <meta name='ocr-capabilities' content='ocr_page ocr_carea ocr_par ocr_line ocrx_word'/>
</head>
<body>
  <div class='ocr_page' id='page_1' title='image "./fragmentahistori01mueluoft_0516.png"; bbox 0 0 2320 3684; ppageno 0'>
   <div class='ocr_carea' id='block_1_1' title="bbox 113 202 234 248">
    <p class='ocr_par' dir='ltr' id='par_1_1' title="bbox 113 202 234 248">
     <span class='ocr_line' id='line_1_1' title="bbox 113 202 234 248; baseline 0.017 -9"><span class='ocrx_word' id='word_1_1' title='bbox 113 246 115 248; x_wconf 6' lang='grc' dir='ltr'>μ</span> <span class='ocrx_word' id='word_1_2' title='bbox 157 202 234 241; x_wconf 77' lang='grc'>414</span> 
     </span>
    </p>
   </div>
   <div class='ocr_carea' id='block_1_2' title="bbox 153 338 1197 2110">
    <p class='ocr_par' dir='ltr' id='par_1_2' title="bbox 154 338 1191 990">
     <span class='ocr_line' id='line_1_2' title="bbox 207 338 1181 390; baseline -0.008 -5.984"><span class='ocrx_word' id='word_1_3' title='bbox 207 345 333 384; x_wconf 89' lang='lat' dir='ltr'>Schol.</span> <span class='ocrx_word' id='word_1_4' title='bbox 347 347 503 382; x_wconf 90' lang='lat' dir='ltr'>Homer.</span> <span class='ocrx_word' id='word_1_5' title='bbox 525 353 739 390; x_wconf 83' lang='lat' dir='ltr'>anonymus</span> <span class='ocrx_word' id='word_1_6' title='bbox 753 338 802 377; x_wconf 91' lang='lat' dir='ltr'>ad</span> <span class='ocrx_word' id='word_1_7' title='bbox 816 338 957 389; x_wconf 86' lang='lat' dir='ltr'>odyss.</span> <span class='ocrx_word' id='word_1_8' title='bbox 973 341 1077 387; x_wconf 89' lang='lat' dir='ltr'>XX,</span> <span class='ocrx_word' id='word_1_9' title='bbox 1095 353 1110 376; x_wconf 91' lang='lat'><strong>1</strong></span> <span class='ocrx_word' id='word_1_10' title='bbox 1120 339 1181 376; x_wconf 82' lang='lat'>56:</span> 
     </span>
     <span class='ocr_line' id='line_1_3' title="bbox 153 396 1182 462; baseline -0.008 -18.89"><span class='ocrx_word' id='word_1_11' title='bbox 153 403 257 444; x_wconf 84' lang='grc' dir='ltr'>Ἐπεὶ</span> <span class='ocrx_word' id='word_1_12' title='bbox 280 402 339 441; x_wconf 83' lang='grc' dir='ltr'>καὶ</span> <span class='ocrx_word' id='word_1_13' title='bbox 369 407 476 440; x_wconf 80' lang='grc' dir='ltr'>πᾶσιν</span> <span class='ocrx_word' id='word_1_14' title='bbox 489 398 620 462; x_wconf 80' lang='grc' dir='ltr'>ἑορτή.</span> <span class='ocrx_word' id='word_1_15' title='bbox 645 396 722 445; x_wconf 83' lang='grc' dir='ltr'>Τὴν</span> <span class='ocrx_word' id='word_1_16' title='bbox 742 397 928 448; x_wconf 87' lang='grc' dir='ltr'>νεομηνίαν</span> <span class='ocrx_word' id='word_1_17' title='bbox 954 396 1094 436; x_wconf 85' lang='grc' dir='ltr'>πάντων</span> <span class='ocrx_word' id='word_1_18' title='bbox 1113 398 1182 436; x_wconf 81' lang='grc' dir='ltr'>τῶν</span> 
     </span>
     <span class='ocr_line' id='line_1_4' title="bbox 154 453 1184 514; baseline -0.007 -12"><span class='ocrx_word' id='word_1_19' title='bbox 154 465 239 502; x_wconf 81' lang='grc' dir='ltr'>θεῶν</span> <span class='ocrx_word' id='word_1_20' title='bbox 262 461 458 514; x_wconf 84' lang='grc' dir='ltr'>νομίζουσιν</span> <span class='ocrx_word' id='word_1_21' title='bbox 477 453 578 497; x_wconf 69' lang='grc' dir='ltr'>εἶναι.</span> <span class='ocrx_word' id='word_1_22' title='bbox 604 456 749 505; x_wconf 82' lang='grc' dir='ltr'>Ταύτην</span> <span class='ocrx_word' id='word_1_23' title='bbox 776 456 844 511; x_wconf 82' lang='grc' dir='ltr'>γὰρ</span> <span class='ocrx_word' id='word_1_24' title='bbox 868 459 902 495; x_wconf 79' lang='grc' dir='ltr'>οἳ</span> <span class='ocrx_word' id='word_1_25' title='bbox 924 456 1088 511; x_wconf 88' lang='grc' dir='ltr'>πρόγονοι</span> <span class='ocrx_word' id='word_1_26' title='bbox 1114 462 1184 501; x_wconf 86' lang='grc' dir='ltr'>τοῖς</span> 
     </span>
     <span class='ocr_line' id='line_1_5' title="bbox 154 511 1184 572; baseline -0.005 -11"><span class='ocrx_word' id='word_1_27' title='bbox 154 526 241 566; x_wconf 82' lang='grc' dir='ltr'>Θεοῖς</span> <span class='ocrx_word' id='word_1_28' title='bbox 261 520 440 568; x_wconf 86' lang='grc' dir='ltr'>ἀνεθεσαν,</span> <span class='ocrx_word' id='word_1_29' title='bbox 458 519 515 558; x_wconf 85' lang='grc' dir='ltr'>διὰ</span> <span class='ocrx_word' id='word_1_30' title='bbox 530 518 570 557; x_wconf 85' lang='grc' dir='ltr'>τὸ</span> <span class='ocrx_word' id='word_1_31' title='bbox 588 516 730 572; x_wconf 83' lang='grc' dir='ltr'>πρώτην</span> <span class='ocrx_word' id='word_1_32' title='bbox 749 516 857 565; x_wconf 77' lang='grc' dir='ltr'>αὐτὴν</span> <span class='ocrx_word' id='word_1_33' title='bbox 875 511 964 556; x_wconf 84' lang='grc' dir='ltr'>εἶναι</span> <span class='ocrx_word' id='word_1_34' title='bbox 983 521 1044 556; x_wconf 82' lang='grc' dir='ltr'>τοῦ</span> <span class='ocrx_word' id='word_1_35' title='bbox 1065 517 1184 569; x_wconf 85' lang='grc' dir='ltr'>μηνὸς,</span> 
     </span>
     <span class='ocr_line' id='line_1_6' title="bbox 154 577 1184 633; baseline -0.007 -12"><span class='ocrx_word' id='word_1_36' title='bbox 154 581 271 624; x_wconf 86' lang='grc' dir='ltr'>πάσας</span> <span class='ocrx_word' id='word_1_37' title='bbox 287 595 325 619; x_wconf 89' lang='grc' dir='ltr'>τε</span> <span class='ocrx_word' id='word_1_38' title='bbox 335 579 396 623; x_wconf 86' lang='grc' dir='ltr'>τὰς</span> <span class='ocrx_word' id='word_1_39' title='bbox 409 577 520 633; x_wconf 80' lang='grc' dir='ltr'>ἀρχὰς</span> <span class='ocrx_word' id='word_1_40' title='bbox 536 579 722 632; x_wconf 72' lang='grc' dir='ltr'>προσῆψαν</span> <span class='ocrx_word' id='word_1_41' title='bbox 737 578 853 621; x_wconf 79' lang='grc' dir='ltr'>αὐτοῖς</span> <span class='ocrx_word' id='word_1_42' title='bbox 869 578 977 631; x_wconf 80' lang='grc' dir='ltr'>ὀρθῶς</span> <span class='ocrx_word' id='word_1_43' title='bbox 993 580 1184 622; x_wconf 77' lang='grc' dir='ltr'>ποιοῦντες·</span> 
     </span>
     <span class='ocr_line' id='line_1_7' title="bbox 155 635 1188 693; baseline -0.004 -15"><span class='ocrx_word' id='word_1_44' title='bbox 155 639 233 683; x_wconf 90' lang='grc' dir='ltr'>τους</span> <span class='ocrx_word' id='word_1_45' title='bbox 253 638 321 693; x_wconf 82' lang='grc' dir='ltr'>γὰρ</span> <span class='ocrx_word' id='word_1_46' title='bbox 341 637 506 677; x_wconf 86' lang='grc' dir='ltr'>ἁπάντων</span> <span class='ocrx_word' id='word_1_47' title='bbox 535 637 707 691; x_wconf 86' lang='grc' dir='ltr'>ἄρχοντας</span> <span class='ocrx_word' id='word_1_48' title='bbox 725 635 805 680; x_wconf 90' lang='grc' dir='ltr'>τους</span> <span class='ocrx_word' id='word_1_49' title='bbox 823 636 962 689; x_wconf 79' lang='grc' dir='ltr'>ὁμοίους</span> <span class='ocrx_word' id='word_1_50' title='bbox 976 635 1046 691; x_wconf 80' lang='grc' dir='ltr'>χρὴ</span> <span class='ocrx_word' id='word_1_51' title='bbox 1064 635 1188 690; x_wconf 88' lang='grc' dir='ltr'>γεραί-</span> 
     </span>
     <span class='ocr_line' id='line_1_8' title="bbox 156 695 1187 754; baseline -0.003 -16"><span class='ocrx_word' id='word_1_52' title='bbox 156 715 248 754; x_wconf 90' lang='grc' dir='ltr'>ρειν·</span> <span class='ocrx_word' id='word_1_53' title='bbox 278 698 338 738; x_wconf 74' lang='grc' dir='ltr'>καὶ</span> <span class='ocrx_word' id='word_1_54' title='bbox 357 700 427 737; x_wconf 82' lang='grc' dir='ltr'>τῶν</span> <span class='ocrx_word' id='word_1_55' title='bbox 457 696 562 736; x_wconf 94' lang='grc' dir='ltr'>σίτων</span> <span class='ocrx_word' id='word_1_56' title='bbox 582 697 644 741; x_wconf 85' lang='grc' dir='ltr'>τὰς</span> <span class='ocrx_word' id='word_1_57' title='bbox 676 695 842 751; x_wconf 74' lang='grc' dir='ltr'>ἀπαρχὰς</span> <span class='ocrx_word' id='word_1_58' title='bbox 872 703 960 736; x_wconf 85' lang='grc' dir='ltr'>πᾶσι</span> <span class='ocrx_word' id='word_1_59' title='bbox 993 702 1065 741; x_wconf 85' lang='grc' dir='ltr'>τοῖς</span> <span class='ocrx_word' id='word_1_60' title='bbox 1099 701 1187 742; x_wconf 87' lang='grc' dir='ltr'>θεοῖς</span> 
     </span>
     <span class='ocr_line' id='line_1_9' title="bbox 155 755 1188 827; baseline -0.003 -29"><span class='ocrx_word' id='word_1_61' title='bbox 155 758 396 811; x_wconf 83' lang='grc' dir='ltr'>ἀπονέμομεν·</span> <span class='ocrx_word' id='word_1_62' title='bbox 414 761 476 797; x_wconf 79' lang='grc' dir='ltr'>τοῦ</span> <span class='ocrx_word' id='word_1_63' title='bbox 497 757 526 796; x_wconf 88' lang='grc' dir='ltr'>δ’</span> <span class='ocrx_word' id='word_1_64' title='bbox 547 756 766 800; x_wconf 81' lang='grc' dir='ltr'>’Λπόλλωνος</span> <span class='ocrx_word' id='word_1_65' title='bbox 759 755 912 827; x_wconf 68' lang='grc' dir='ltr'>ωταύτην</span> <span class='ocrx_word' id='word_1_66' title='bbox 933 761 1022 796; x_wconf 78' lang='grc' dir='ltr'>εἶναι</span> <span class='ocrx_word' id='word_1_67' title='bbox 1037 756 1188 809; x_wconf 85' lang='grc' dir='ltr'>νομίζειν</span> 
     </span>
     <span class='ocr_line' id='line_1_10' title="bbox 154 815 1189 873; baseline -0.003 -16"><span class='ocrx_word' id='word_1_68' title='bbox 154 818 292 873; x_wconf 80' lang='grc' dir='ltr'>ἡμέραν</span> <span class='ocrx_word' id='word_1_69' title='bbox 311 816 474 866; x_wconf 88' lang='grc' dir='ltr'>εἰκότως,</span> <span class='ocrx_word' id='word_1_70' title='bbox 500 816 540 855; x_wconf 83' lang='grc' dir='ltr'>τὸ</span> <span class='ocrx_word' id='word_1_71' title='bbox 568 818 707 870; x_wconf 78' lang='grc' dir='ltr'>πρῶτον</span> <span class='ocrx_word' id='word_1_72' title='bbox 731 817 803 869; x_wconf 81' lang='grc' dir='ltr'>φῶς</span> <span class='ocrx_word' id='word_1_73' title='bbox 829 817 880 870; x_wconf 84' lang='grc' dir='ltr'>τῷ</span> <span class='ocrx_word' id='word_1_74' title='bbox 907 815 1106 870; x_wconf 82' lang='grc' dir='ltr'>αἰτιωτάτῳ</span> <span class='ocrx_word' id='word_1_75' title='bbox 1128 820 1189 854; x_wconf 83' lang='grc' dir='ltr'>τοῦ</span> 
     </span>
     <span class='ocr_line' id='line_1_11' title="bbox 155 874 1191 930; baseline -0.002 -15"><span class='ocrx_word' id='word_1_76' title='bbox 155 876 283 930; x_wconf 86' lang='grc' dir='ltr'>πυρός·</span> <span class='ocrx_word' id='word_1_77' title='bbox 300 876 447 915; x_wconf 81' lang='grc' dir='ltr'>ἐκάλουν</span> <span class='ocrx_word' id='word_1_78' title='bbox 475 892 514 914; x_wconf 90' lang='grc' dir='ltr'>τε</span> <span class='ocrx_word' id='word_1_79' title='bbox 543 874 646 914; x_wconf 77' lang='grc' dir='ltr'>αὐτὸν</span> <span class='ocrx_word' id='word_1_80' title='bbox 663 874 723 914; x_wconf 79' lang='grc' dir='ltr'>καὶ</span> <span class='ocrx_word' id='word_1_81' title='bbox 754 874 962 926; x_wconf 84' lang='grc' dir='ltr'>Νεομήνιον.</span> <span class='ocrx_word' id='word_1_82' title='bbox 981 875 1026 914; x_wconf 89' lang='grc' dir='ltr'><strong>Ἥ</strong></span> <span class='ocrx_word' id='word_1_83' title='bbox 1053 874 1191 929; x_wconf 82' lang='grc' dir='ltr'>ἱστορία</span> 
     </span>
     <span class='ocr_line' id='line_1_12' title="bbox 154 934 470 990; baseline 0 -17"><span class='ocrx_word' id='word_1_84' title='bbox 154 935 252 989; x_wconf 78' lang='grc' dir='ltr'>παρὰ</span> <span class='ocrx_word' id='word_1_85' title='bbox 267 934 470 990; x_wconf 88' lang='grc' dir='ltr'>Φιλοχόρῳ.</span> 
     </span>
    </p>

    <p class='ocr_par' dir='ltr' id='par_1_3' title="bbox 155 992 1192 1225">
     <span class='ocr_line' id='line_1_13' title="bbox 209 992 1192 1046; baseline 0 -15"><span class='ocrx_word' id='word_1_86' title='bbox 209 995 368 1033; x_wconf 83' lang='lat' dir='ltr'>Siebelis</span> <span class='ocrx_word' id='word_1_87' title='bbox 388 1003 491 1033; x_wconf 85' lang='lat' dir='ltr'>recte</span> <span class='ocrx_word' id='word_1_88' title='bbox 509 994 615 1033; x_wconf 85' lang='lat' dir='ltr'>haud</span> <span class='ocrx_word' id='word_1_89' title='bbox 635 992 751 1032; x_wconf 88' lang='lat' dir='ltr'>dubie</span> <span class='ocrx_word' id='word_1_90' title='bbox 779 994 934 1046; x_wconf 82' lang='lat' dir='ltr'>scripsit</span> <span class='ocrx_word' id='word_1_91' title='bbox 960 999 1032 1037; x_wconf 88' lang='grc' dir='ltr'>τοῖς</span> <span class='ocrx_word' id='word_1_92' title='bbox 1059 992 1192 1045; x_wconf 81' lang='grc' dir='ltr'>ὁμοίοις</span> 
     </span>
     <span class='ocr_line' id='line_1_14' title="bbox 157 1052 1190 1105; baseline 0 -14"><span class='ocrx_word' id='word_1_93' title='bbox 157 1068 230 1105; x_wconf 85' lang='lat' dir='ltr'>pro</span> <span class='ocrx_word' id='word_1_94' title='bbox 247 1052 326 1098; x_wconf 80' lang='grc' dir='ltr'>τοὺς</span> <span class='ocrx_word' id='word_1_95' title='bbox 351 1052 492 1104; x_wconf 79' lang='grc' dir='ltr'>ὁμοίους</span> <span class='ocrx_word' id='word_1_96' title='bbox 511 1061 550 1091; x_wconf 90' lang='lat' dir='ltr'>et</span> <span class='ocrx_word' id='word_1_97' title='bbox 566 1052 754 1104; x_wconf 84' lang='grc' dir='ltr'>νομίζομεν</span> <span class='ocrx_word' id='word_1_98' title='bbox 769 1066 842 1105; x_wconf 85' lang='lat' dir='ltr'>pro</span> <span class='ocrx_word' id='word_1_99' title='bbox 860 1052 1024 1105; x_wconf 87' lang='grc' dir='ltr'>νομίζειν.</span> <span class='ocrx_word' id='word_1_100' title='bbox 1046 1053 1190 1092; x_wconf 82' lang='lat' dir='ltr'>Confe—</span> 
     </span>
     <span class='ocr_line' id='line_1_15' title="bbox 155 1112 1190 1164; baseline -0.002 -14"><span class='ocrx_word' id='word_1_101' title='bbox 155 1126 219 1151; x_wconf 86' lang='lat' dir='ltr'>ras</span> <span class='ocrx_word' id='word_1_102' title='bbox 234 1113 363 1152; x_wconf 90' lang='lat' dir='ltr'>Schol.</span> <span class='ocrx_word' id='word_1_103' title='bbox 383 1112 432 1150; x_wconf 87' lang='lat' dir='ltr'>ad</span> <span class='ocrx_word' id='word_1_104' title='bbox 456 1113 653 1164; x_wconf 81' lang='lat' dir='ltr'>Aristoph.</span> <span class='ocrx_word' id='word_1_105' title='bbox 673 1112 775 1151; x_wconf 88' lang='lat' dir='ltr'>Plut.</span> <span class='ocrx_word' id='word_1_106' title='bbox 798 1126 896 1160; x_wconf 79' lang='lat'>1127</span> <span class='ocrx_word' id='word_1_107' title='bbox 919 1121 959 1150; x_wconf 88' lang='lat' dir='ltr'>et</span> <span class='ocrx_word' id='word_1_108' title='bbox 981 1112 1190 1151; x_wconf 86' lang='lat' dir='ltr'>Phavorin.</span> 
     </span>
     <span class='ocr_line' id='line_1_16' title="bbox 155 1171 577 1225; baseline -0.005 -14"><span class='ocrx_word' id='word_1_109' title='bbox 155 1175 249 1211; x_wconf 86' lang='lat' dir='ltr'>Lex.</span> <span class='ocrx_word' id='word_1_110' title='bbox 267 1186 304 1210; x_wconf 84' lang='lat' dir='ltr'>v.</span> <span class='ocrx_word' id='word_1_111' title='bbox 326 1171 577 1225; x_wconf 78' lang='grc' dir='ltr'>Τοῦντετροίδι.</span> 
     </span>
    </p>

    <p class='ocr_par' dir='ltr' id='par_1_4' title="bbox 633 1230 719 1268">
     <span class='ocr_line' id='line_1_17' title="bbox 633 1230 719 1268; baseline 0.012 -1"><span class='ocrx_word' id='word_1_112' title='bbox 633 1230 719 1268; x_wconf 88' lang='grc'><strong>179.</strong></span> 
     </span>
    </p>

    <p class='ocr_par' dir='ltr' id='par_1_5' title="bbox 155 1291 1193 1528">
     <span class='ocr_line' id='line_1_18' title="bbox 210 1291 1192 1345; baseline -0.005 -11"><span class='ocrx_word' id='word_1_113' title='bbox 210 1295 339 1334; x_wconf 88' lang='lat' dir='ltr'>Photii</span> <span class='ocrx_word' id='word_1_114' title='bbox 358 1298 451 1333; x_wconf 87' lang='lat' dir='ltr'><strong>Lex.</strong></span> <span class='ocrx_word' id='word_1_115' title='bbox 469 1294 517 1332; x_wconf 89' lang='lat' dir='ltr'>ab</span> <span class='ocrx_word' id='word_1_116' title='bbox 535 1298 663 1334; x_wconf 86' lang='lat' dir='ltr'><strong>Herm.</strong></span> <span class='ocrx_word' id='word_1_117' title='bbox 681 1293 740 1331; x_wconf 92' lang='lat' dir='ltr'>ed.</span> <span class='ocrx_word' id='word_1_118' title='bbox 765 1307 803 1344; x_wconf 90' lang='lat' dir='ltr'>p.</span> <span class='ocrx_word' id='word_1_119' title='bbox 834 1299 908 1338; x_wconf 91' lang='lat'>444</span> <span class='ocrx_word' id='word_1_120' title='bbox 924 1306 932 1329; x_wconf 75' lang='grc' dir='ltr'><em>τ</em></span> <span class='ocrx_word' id='word_1_121' title='bbox 954 1291 1080 1345; x_wconf 89' lang='grc' dir='ltr'>Τρίτος</span> <span class='ocrx_word' id='word_1_122' title='bbox 1100 1306 1192 1344; x_wconf 83' lang='grc' dir='ltr'>κρα-</span> 
     </span>
     <span class='ocr_line' id='line_1_19' title="bbox 155 1350 1191 1409; baseline -0.005 -14"><span class='ocrx_word' id='word_1_123' title='bbox 155 1353 241 1409; x_wconf 83' lang='grc' dir='ltr'>τὴρ,</span> <span class='ocrx_word' id='word_1_124' title='bbox 257 1353 340 1400; x_wconf 80' lang='grc' dir='ltr'>Διὸς</span> <span class='ocrx_word' id='word_1_125' title='bbox 351 1352 498 1401; x_wconf 80' lang='grc' dir='ltr'>τελείου,</span> <span class='ocrx_word' id='word_1_126' title='bbox 517 1355 673 1406; x_wconf 70' lang='grc' dir='ltr'>σωτῆρος</span> <span class='ocrx_word' id='word_1_127' title='bbox 685 1368 692 1376; x_wconf 93' lang='grc'><em>·</em></span> <span class='ocrx_word' id='word_1_128' title='bbox 715 1354 852 1405; x_wconf 87' lang='grc' dir='ltr'>πρῶτος</span> <span class='ocrx_word' id='word_1_129' title='bbox 869 1351 936 1406; x_wconf 87' lang='grc' dir='ltr'>γὰρ</span> <span class='ocrx_word' id='word_1_130' title='bbox 959 1350 1089 1394; x_wconf 84' lang='grc' dir='ltr'>τέλειος</span> <span class='ocrx_word' id='word_1_131' title='bbox 1108 1352 1191 1405; x_wconf 85' lang='grc' dir='ltr'>ἀρι-</span> 
     </span>
     <span class='ocr_line' id='line_1_20' title="bbox 157 1409 1193 1469; baseline -0.004 -16"><span class='ocrx_word' id='word_1_132' title='bbox 157 1415 244 1468; x_wconf 84' lang='grc' dir='ltr'>θμὸς</span> <span class='ocrx_word' id='word_1_133' title='bbox 264 1418 283 1454; x_wconf 90' lang='grc' dir='ltr'>ὁ</span> <span class='ocrx_word' id='word_1_134' title='bbox 296 1414 395 1469; x_wconf 86' lang='grc' dir='ltr'>τρία,</span> <span class='ocrx_word' id='word_1_135' title='bbox 411 1414 464 1454; x_wconf 78' lang='grc' dir='ltr'>ὅτι</span> <span class='ocrx_word' id='word_1_136' title='bbox 481 1413 555 1467; x_wconf 84' lang='grc' dir='ltr'>ἔχει</span> <span class='ocrx_word' id='word_1_137' title='bbox 576 1411 690 1467; x_wconf 80' lang='grc' dir='ltr'>ἀρχὴν</span> <span class='ocrx_word' id='word_1_138' title='bbox 717 1411 778 1450; x_wconf 80' lang='grc' dir='ltr'>καὶ</span> <span class='ocrx_word' id='word_1_139' title='bbox 804 1411 903 1456; x_wconf 86' lang='grc' dir='ltr'>τέλος</span> <span class='ocrx_word' id='word_1_140' title='bbox 917 1410 977 1450; x_wconf 84' lang='grc' dir='ltr'>καὶ</span> <span class='ocrx_word' id='word_1_141' title='bbox 997 1409 1125 1463; x_wconf 83' lang='grc' dir='ltr'>μέσην,</span> <span class='ocrx_word' id='word_1_142' title='bbox 1145 1411 1193 1454; x_wconf 82' lang='grc' dir='ltr'>ὡς</span> 
     </span>
     <span class='ocr_line' id='line_1_21' title="bbox 158 1472 756 1528; baseline -0.007 -14"><span class='ocrx_word' id='word_1_143' title='bbox 158 1475 357 1528; x_wconf 84' lang='grc' dir='ltr'>Φιλόχορος</span> <span class='ocrx_word' id='word_1_144' title='bbox 377 1475 412 1512; x_wconf 83' lang='grc' dir='ltr'>ἐν</span> <span class='ocrx_word' id='word_1_145' title='bbox 434 1475 485 1526; x_wconf 84' lang='grc' dir='ltr'>τῷ</span> <span class='ocrx_word' id='word_1_146' title='bbox 503 1472 584 1523; x_wconf 80' lang='grc' dir='ltr'>περὶ</span> <span class='ocrx_word' id='word_1_147' title='bbox 601 1473 756 1525; x_wconf 79' lang='grc' dir='ltr'>ἡμερῶν.</span> 
     </span>
    </p>

    <p class='ocr_par' dir='ltr' id='par_1_6' title="bbox 159 1565 1194 1828">
     <span class='ocr_line' id='line_1_22' title="bbox 213 1565 1192 1672; baseline -0.001 -35"><span class='ocrx_word' id='word_1_148' title='bbox 213 1599 349 1638; x_wconf 89' lang='lat' dir='ltr'>Suidas</span> <span class='ocrx_word' id='word_1_149' title='bbox 377 1613 386 1636; x_wconf 90' lang='lat'>:</span> <span class='ocrx_word' id='word_1_150' title='bbox 417 1595 631 1640; x_wconf 85' lang='grc' dir='ltr'>Ἀλκυονίδες</span> <span class='ocrx_word' id='word_1_151' title='bbox 654 1565 808 1650; x_wconf 47' lang='grc' dir='ltr'>ἡμέραι·</span> <span class='ocrx_word' id='word_1_152' title='bbox 838 1597 874 1634; x_wconf 79' lang='grc' dir='ltr'>αἱ</span> <span class='ocrx_word' id='word_1_153' title='bbox 897 1595 1070 1635; x_wconf 82' lang='grc' dir='ltr'>εὖδιειναί.</span> <span class='ocrx_word' id='word_1_154' title='bbox 1103 1597 1192 1672; x_wconf 77' lang='grc' dir='ltr'>Περὶ</span> 
     </span>
     <span class='ocr_line' id='line_1_23' title="bbox 160 1653 1192 1710; baseline -0.003 -12"><span class='ocrx_word' id='word_1_155' title='bbox 160 1662 220 1698; x_wconf 75' lang='grc' dir='ltr'>τοῦ</span> <span class='ocrx_word' id='word_1_156' title='bbox 243 1660 392 1710; x_wconf 77' lang='grc' dir='ltr'>ἀριθμοῦ</span> <span class='ocrx_word' id='word_1_157' title='bbox 418 1655 653 1709; x_wconf 81' lang='grc' dir='ltr'>διαφέρονται.</span> <span class='ocrx_word' id='word_1_158' title='bbox 684 1653 887 1706; x_wconf 84' lang='grc' dir='ltr'>Σιμωνίδης</span> <span class='ocrx_word' id='word_1_159' title='bbox 913 1654 981 1709; x_wconf 83' lang='grc' dir='ltr'>γὰρ</span> <span class='ocrx_word' id='word_1_160' title='bbox 1017 1655 1061 1694; x_wconf 85' lang='grc' dir='ltr'>ια’</span> <span class='ocrx_word' id='word_1_161' title='bbox 1086 1655 1192 1709; x_wconf 82' lang='grc' dir='ltr'>φησὶν</span> 
     </span>
     <span class='ocr_line' id='line_1_24' title="bbox 159 1712 1194 1769; baseline -0.001 -14"><span class='ocrx_word' id='word_1_162' title='bbox 159 1716 265 1760; x_wconf 78' lang='grc' dir='ltr'>αὐτὰς</span> <span class='ocrx_word' id='word_1_163' title='bbox 277 1717 338 1755; x_wconf 76' lang='grc' dir='ltr'>καὶ</span> <span class='ocrx_word' id='word_1_164' title='bbox 356 1714 631 1769; x_wconf 59' lang='grc' dir='ltr'>5Ἀριστοτέλης</span> <span class='ocrx_word' id='word_1_165' title='bbox 616 1729 651 1752; x_wconf 90' lang='grc' dir='ltr'>εν</span> <span class='ocrx_word' id='word_1_166' title='bbox 665 1719 735 1757; x_wconf 87' lang='grc' dir='ltr'>τοῖς</span> <span class='ocrx_word' id='word_1_167' title='bbox 753 1713 834 1767; x_wconf 77' lang='grc' dir='ltr'>περὶ</span> <span class='ocrx_word' id='word_1_168' title='bbox 851 1712 961 1767; x_wconf 88' lang='grc' dir='ltr'>ζῴων·</span> <span class='ocrx_word' id='word_1_169' title='bbox 979 1714 1194 1769; x_wconf 90' lang='grc' dir='ltr'>Δημαγόρας</span> 
     </span>
     <span class='ocr_line' id='line_1_25' title="bbox 159 1772 790 1828; baseline -0.008 -12"><span class='ocrx_word' id='word_1_170' title='bbox 159 1776 195 1815; x_wconf 85' lang='grc' dir='ltr'>δὲ</span> <span class='ocrx_word' id='word_1_171' title='bbox 213 1780 231 1815; x_wconf 90' lang='grc' dir='ltr'>ὁ</span> <span class='ocrx_word' id='word_1_172' title='bbox 248 1775 386 1828; x_wconf 85' lang='grc' dir='ltr'>Σάμιος</span> <span class='ocrx_word' id='word_1_173' title='bbox 397 1774 440 1824; x_wconf 86' lang='grc' dir='ltr'>ζ’,</span> <span class='ocrx_word' id='word_1_174' title='bbox 460 1774 519 1813; x_wconf 82' lang='grc' dir='ltr'>καὶ</span> <span class='ocrx_word' id='word_1_175' title='bbox 536 1772 735 1827; x_wconf 87' lang='grc' dir='ltr'>Φιλόχορος</span> <span class='ocrx_word' id='word_1_176' title='bbox 748 1775 790 1812; x_wconf 88' lang='grc' dir='ltr'>θ’.</span> 
     </span>
    </p>

    <p class='ocr_par' dir='ltr' id='par_1_7' title="bbox 158 1831 1197 2110">
     <span class='ocr_line' id='line_1_26' title="bbox 212 1831 1193 1883; baseline -0.005 -8"><span class='ocrx_word' id='word_1_177' title='bbox 212 1836 418 1874; x_wconf 84' lang='lat' dir='ltr'>Pausanias</span> <span class='ocrx_word' id='word_1_178' title='bbox 434 1835 475 1872; x_wconf 91' lang='lat' dir='ltr'>in</span> <span class='ocrx_word' id='word_1_179' title='bbox 492 1833 634 1872; x_wconf 88' lang='lat' dir='ltr'>Lexieo</span> <span class='ocrx_word' id='word_1_180' title='bbox 647 1832 696 1870; x_wconf 90' lang='lat' dir='ltr'>ab</span> <span class='ocrx_word' id='word_1_181' title='bbox 709 1831 911 1870; x_wconf 84' lang='lat' dir='ltr'>Eustathio</span> <span class='ocrx_word' id='word_1_182' title='bbox 924 1832 972 1870; x_wconf 93' lang='lat' dir='ltr'>ad</span> <span class='ocrx_word' id='word_1_183' title='bbox 995 1831 1039 1870; x_wconf 92' lang='lat' dir='ltr'>Il.</span> <span class='ocrx_word' id='word_1_184' title='bbox 1059 1846 1097 1883; x_wconf 89' lang='lat' dir='ltr'>p.</span> <span class='ocrx_word' id='word_1_185' title='bbox 1117 1834 1193 1882; x_wconf 90' lang='lat'>776</span> 
     </span>
     <span class='ocr_line' id='line_1_27' title="bbox 158 1891 1197 1943; baseline -0.004 -10"><span class='ocrx_word' id='word_1_186' title='bbox 158 1895 335 1933; x_wconf 89' lang='lat' dir='ltr'>laudatus</span> <span class='ocrx_word' id='word_1_187' title='bbox 351 1903 391 1932; x_wconf 90' lang='lat' dir='ltr'>et</span> <span class='ocrx_word' id='word_1_188' title='bbox 409 1892 583 1932; x_wconf 87' lang='lat' dir='ltr'>Eudocia</span> <span class='ocrx_word' id='word_1_189' title='bbox 614 1905 652 1943; x_wconf 93' lang='lat' dir='ltr'>p.</span> <span class='ocrx_word' id='word_1_190' title='bbox 674 1891 721 1929; x_wconf 85' lang='lat'>35</span> <span class='ocrx_word' id='word_1_191' title='bbox 740 1891 896 1929; x_wconf 91' lang='lat' dir='ltr'>eosdem</span> <span class='ocrx_word' id='word_1_192' title='bbox 921 1894 1143 1942; x_wconf 87' lang='lat' dir='ltr'>Demagorae</span> <span class='ocrx_word' id='word_1_193' title='bbox 1159 1900 1197 1930; x_wconf 91' lang='lat' dir='ltr'>et</span> 
     </span>
     <span class='ocr_line' id='line_1_28' title="bbox 159 1950 1195 1998; baseline -0.004 -5"><span class='ocrx_word' id='word_1_194' title='bbox 159 1954 387 1994; x_wconf 83' lang='lat' dir='ltr'>Philochori</span> <span class='ocrx_word' id='word_1_195' title='bbox 412 1965 594 1990; x_wconf 88' lang='lat' dir='ltr'>numeros</span> <span class='ocrx_word' id='word_1_196' title='bbox 626 1951 812 1998; x_wconf 83' lang='lat' dir='ltr'>afferunt,</span> <span class='ocrx_word' id='word_1_197' title='bbox 840 1950 1078 1988; x_wconf 86' lang='lat' dir='ltr'>Simonidem</span> <span class='ocrx_word' id='word_1_198' title='bbox 1102 1965 1195 1989; x_wconf 87' lang='lat' dir='ltr'>vero</span> 
     </span>
     <span class='ocr_line' id='line_1_29' title="bbox 161 2009 1196 2062; baseline -0.003 -11"><span class='ocrx_word' id='word_1_199' title='bbox 161 2022 200 2052; x_wconf 90' lang='lat' dir='ltr'>et</span> <span class='ocrx_word' id='word_1_200' title='bbox 217 2013 463 2051; x_wconf 78' lang='lat' dir='ltr'>Aristotelem</span> <span class='ocrx_word' id='word_1_201' title='bbox 480 2011 651 2062; x_wconf 89' lang='lat' dir='ltr'>quinque</span> <span class='ocrx_word' id='word_1_202' title='bbox 671 2009 752 2047; x_wconf 89' lang='lat' dir='ltr'>dies</span> <span class='ocrx_word' id='word_1_203' title='bbox 768 2009 975 2059; x_wconf 91' lang='lat' dir='ltr'>Alcyonios</span> <span class='ocrx_word' id='word_1_204' title='bbox 994 2022 1196 2048; x_wconf 82' lang='lat' dir='ltr'>numerare</span> 
     </span>
     <span class='ocr_line' id='line_1_30' title="bbox 162 2071 310 2110; baseline -0.014 0"><span class='ocrx_word' id='word_1_205' title='bbox 162 2071 310 2110; x_wconf 88' lang='lat' dir='ltr'>dicunt.</span> 
     </span>
    </p>
   </div>
   <div class='ocr_carea' id='block_1_3' title="bbox 163 2127 1196 2308">
    <p class='ocr_par' dir='ltr' id='par_1_8' title="bbox 163 2127 1196 2308">
     <span class='ocr_line' id='line_1_31' title="bbox 637 2127 724 2165; baseline -0.011 0"><span class='ocrx_word' id='word_1_206' title='bbox 637 2127 724 2165; x_wconf 84' lang='lat'>181.</span> 
     </span>
     <span class='ocr_line' id='line_1_32' title="bbox 215 2194 1122 2246; baseline -0.002 -12"><span class='ocrx_word' id='word_1_207' title='bbox 215 2196 372 2234; x_wconf 85' lang='lat' dir='ltr'>Proclus</span> <span class='ocrx_word' id='word_1_208' title='bbox 393 2196 441 2234; x_wconf 89' lang='lat' dir='ltr'>ad</span> <span class='ocrx_word' id='word_1_209' title='bbox 456 2194 614 2234; x_wconf 88' lang='lat' dir='ltr'>Hesiod.</span> <span class='ocrx_word' id='word_1_210' title='bbox 629 2197 730 2246; x_wconf 90' lang='lat' dir='ltr'>Opp.</span> <span class='ocrx_word' id='word_1_211' title='bbox 751 2202 789 2232; x_wconf 91' lang='lat' dir='ltr'>et</span> <span class='ocrx_word' id='word_1_212' title='bbox 805 2197 853 2233; x_wconf 91' lang='lat' dir='ltr'>D.</span> <span class='ocrx_word' id='word_1_213' title='bbox 872 2208 959 2243; x_wconf 90' lang='lat'><strong>770,</strong></span> <span class='ocrx_word' id='word_1_214' title='bbox 979 2208 1018 2246; x_wconf 88' lang='lat' dir='ltr'>p.</span> <span class='ocrx_word' id='word_1_215' title='bbox 1036 2196 1122 2246; x_wconf 89' lang='lat'>169,</span> 
     </span>
     <span class='ocr_line' id='line_1_33' title="bbox 163 2251 1196 2308; baseline -0.001 -14"><span class='ocrx_word' id='word_1_216' title='bbox 163 2254 363 2308; x_wconf 88' lang='grc' dir='ltr'>Φιλόχορος</span> <span class='ocrx_word' id='word_1_217' title='bbox 382 2253 420 2293; x_wconf 81' lang='grc' dir='ltr'>δὲ</span> <span class='ocrx_word' id='word_1_218' title='bbox 441 2256 475 2293; x_wconf 84' lang='grc' dir='ltr'>ἐν</span> <span class='ocrx_word' id='word_1_219' title='bbox 492 2255 543 2308; x_wconf 80' lang='grc' dir='ltr'>τῷ</span> <span class='ocrx_word' id='word_1_220' title='bbox 560 2253 641 2307; x_wconf 79' lang='grc' dir='ltr'>περὶ</span> <span class='ocrx_word' id='word_1_221' title='bbox 668 2254 811 2306; x_wconf 81' lang='grc' dir='ltr'>ἡμερῶν</span> <span class='ocrx_word' id='word_1_222' title='bbox 830 2251 953 2292; x_wconf 87' lang='grc' dir='ltr'>Ἡλίου</span> <span class='ocrx_word' id='word_1_223' title='bbox 979 2253 1039 2292; x_wconf 84' lang='grc' dir='ltr'>καὶ</span> <span class='ocrx_word' id='word_1_224' title='bbox 1066 2253 1196 2294; x_wconf 81' lang='grc' dir='ltr'>Ἀπόλ-</span> 
     </span>
    </p>
   </div>
   <div class='ocr_carea' id='block_1_4' title="bbox 161 2312 652 2366">
    <p class='ocr_par' dir='ltr' id='par_1_9' title="bbox 161 2312 652 2366">
     <span class='ocr_line' id='line_1_34' title="bbox 161 2312 652 2366; baseline -0.006 -13"><span class='ocrx_word' id='word_1_225' title='bbox 161 2316 271 2359; x_wconf 90' lang='grc' dir='ltr'>λωνος</span> <span class='ocrx_word' id='word_1_226' title='bbox 287 2313 382 2366; x_wconf 83' lang='grc' dir='ltr'>λέγει</span> <span class='ocrx_word' id='word_1_227' title='bbox 399 2312 506 2361; x_wconf 81' lang='grc' dir='ltr'>αὐτήν</span> <span class='ocrx_word' id='word_1_228' title='bbox 533 2312 652 2364; x_wconf 80' lang='grc' dir='ltr'>(ἔνην).</span> 
     </span>
    </p>
   </div>
   <div class='ocr_carea' id='block_1_5' title="bbox 164 2392 311 2401">
    <p class='ocr_par' dir='ltr' id='par_1_10' title="bbox 164 2392 311 2401">
     <span class='ocr_line' id='line_1_35' title="bbox 164 2392 311 2401; baseline 0 1283"><span class='ocrx_word' id='word_1_229' title='bbox 164 2392 311 2401; x_wconf 95' lang='lat' dir='ltr'> </span> 
     </span>
    </p>
   </div>
   <div class='ocr_carea' id='block_1_6' title="bbox 164 2475 1196 2888">
    <p class='ocr_par' dir='ltr' id='par_1_11' title="bbox 164 2475 1196 2888">
     <span class='ocr_line' id='line_1_36' title="bbox 186 2475 1196 2511; baseline 0.002 -4"><span class='ocrx_word' id='word_1_230' title='bbox 186 2504 189 2507; x_wconf 95' lang='grc'><strong>.</strong></span> <span class='ocrx_word' id='word_1_231' title='bbox 208 2478 435 2511; x_wconf 77' lang='lat' dir='ltr'>Neomeniam</span> <span class='ocrx_word' id='word_1_232' title='bbox 451 2475 602 2508; x_wconf 89' lang='lat' dir='ltr'>omnibus</span> <span class='ocrx_word' id='word_1_233' title='bbox 620 2475 682 2507; x_wconf 82' lang='lat' dir='ltr'>diis</span> <span class='ocrx_word' id='word_1_234' title='bbox 704 2484 828 2508; x_wconf 80' lang='lat' dir='ltr'>sacram</span> <span class='ocrx_word' id='word_1_235' title='bbox 848 2484 919 2508; x_wconf 87' lang='lat' dir='ltr'>esse</span> <span class='ocrx_word' id='word_1_236' title='bbox 938 2475 1093 2508; x_wconf 83' lang='lat' dir='ltr'>credunt:</span> <span class='ocrx_word' id='word_1_237' title='bbox 1113 2477 1196 2509; x_wconf 87' lang='lat' dir='ltr'>hanc</span> 
     </span>
     <span class='ocr_line' id='line_1_37' title="bbox 164 2523 1196 2565; baseline -0.002 -7"><span class='ocrx_word' id='word_1_238' title='bbox 164 2525 252 2559; x_wconf 92' lang='lat' dir='ltr'>enim</span> <span class='ocrx_word' id='word_1_239' title='bbox 268 2524 331 2557; x_wconf 88' lang='lat' dir='ltr'>diis</span> <span class='ocrx_word' id='word_1_240' title='bbox 348 2527 581 2556; x_wconf 86' lang='lat' dir='ltr'>consecrarunt</span> <span class='ocrx_word' id='word_1_241' title='bbox 602 2523 752 2563; x_wconf 85' lang='lat' dir='ltr'>majores,</span> <span class='ocrx_word' id='word_1_242' title='bbox 768 2523 856 2564; x_wconf 89' lang='lat' dir='ltr'>quod</span> <span class='ocrx_word' id='word_1_243' title='bbox 865 2531 903 2556; x_wconf 88' lang='lat' dir='ltr'>ea</span> <span class='ocrx_word' id='word_1_244' title='bbox 916 2524 966 2556; x_wconf 89' lang='lat' dir='ltr'>est</span> <span class='ocrx_word' id='word_1_245' title='bbox 973 2523 1078 2564; x_wconf 89' lang='lat' dir='ltr'>prima</span> <span class='ocrx_word' id='word_1_246' title='bbox 1091 2524 1196 2565; x_wconf 89' lang='lat' dir='ltr'>cujus-</span> 
     </span>
     <span class='ocr_line' id='line_1_38' title="bbox 169 2569 1194 2615; baseline -0.004 -9"><span class='ocrx_word' id='word_1_247' title='bbox 169 2582 234 2615; x_wconf 86' lang='lat' dir='ltr'>que</span> <span class='ocrx_word' id='word_1_248' title='bbox 245 2571 367 2604; x_wconf 82' lang='lat' dir='ltr'>mensis</span> <span class='ocrx_word' id='word_1_249' title='bbox 393 2570 472 2603; x_wconf 85' lang='lat' dir='ltr'>dies.</span> <span class='ocrx_word' id='word_1_250' title='bbox 487 2572 592 2611; x_wconf 80' lang='lat' dir='ltr'>Atque</span> <span class='ocrx_word' id='word_1_251' title='bbox 600 2577 715 2601; x_wconf 86' lang='lat' dir='ltr'>omnes</span> <span class='ocrx_word' id='word_1_252' title='bbox 729 2569 888 2610; x_wconf 80' lang='lat' dir='ltr'>primitias</span> <span class='ocrx_word' id='word_1_253' title='bbox 899 2569 940 2601; x_wconf 89' lang='lat' dir='ltr'>iis</span> <span class='ocrx_word' id='word_1_254' title='bbox 952 2572 1194 2611; x_wconf 84' lang='lat' dir='ltr'>consecrarunt,</span> 
     </span>
     <span class='ocr_line' id='line_1_39' title="bbox 166 2616 1196 2661; baseline -0.004 -9"><span class='ocrx_word' id='word_1_255' title='bbox 166 2620 265 2661; x_wconf 87' lang='lat' dir='ltr'>idque</span> <span class='ocrx_word' id='word_1_256' title='bbox 281 2627 411 2651; x_wconf 91' lang='lat' dir='ltr'>summo</span> <span class='ocrx_word' id='word_1_257' title='bbox 423 2618 496 2659; x_wconf 87' lang='lat' dir='ltr'>jure</span> <span class='ocrx_word' id='word_1_258' title='bbox 513 2627 521 2648; x_wconf 93' lang='lat'>:</span> <span class='ocrx_word' id='word_1_259' title='bbox 538 2617 595 2658; x_wconf 90' lang='lat' dir='ltr'>qui</span> <span class='ocrx_word' id='word_1_260' title='bbox 611 2616 697 2649; x_wconf 91' lang='lat' dir='ltr'>enim</span> <span class='ocrx_word' id='word_1_261' title='bbox 712 2616 858 2648; x_wconf 87' lang='lat' dir='ltr'>omnium</span> <span class='ocrx_word' id='word_1_262' title='bbox 876 2624 982 2648; x_wconf 91' lang='lat' dir='ltr'>rerum</span> <span class='ocrx_word' id='word_1_263' title='bbox 999 2618 1076 2648; x_wconf 87' lang='lat' dir='ltr'>sunt</span> <span class='ocrx_word' id='word_1_264' title='bbox 1091 2619 1196 2648; x_wconf 87' lang='lat' dir='ltr'>aucto·</span> 
     </span>
     <span class='ocr_line' id='line_1_40' title="bbox 170 2663 1196 2707; baseline -0.002 -9"><span class='ocrx_word' id='word_1_265' title='bbox 170 2676 222 2700; x_wconf 90' lang='lat' dir='ltr'>res</span> <span class='ocrx_word' id='word_1_266' title='bbox 236 2691 245 2707; x_wconf 92' lang='lat'>‚</span> <span class='ocrx_word' id='word_1_267' title='bbox 265 2674 321 2698; x_wconf 89' lang='lat' dir='ltr'>eos</span> <span class='ocrx_word' id='word_1_268' title='bbox 338 2664 500 2697; x_wconf 89' lang='lat' dir='ltr'>similibus</span> <span class='ocrx_word' id='word_1_269' title='bbox 514 2665 641 2705; x_wconf 84' lang='lat' dir='ltr'>oportet</span> <span class='ocrx_word' id='word_1_270' title='bbox 655 2663 728 2695; x_wconf 90' lang='lat' dir='ltr'>coli.</span> <span class='ocrx_word' id='word_1_271' title='bbox 747 2663 854 2695; x_wconf 88' lang='lat' dir='ltr'>Etiam</span> <span class='ocrx_word' id='word_1_272' title='bbox 870 2663 1018 2695; x_wconf 90' lang='lat' dir='ltr'>ciborum</span> <span class='ocrx_word' id='word_1_273' title='bbox 1035 2663 1196 2704; x_wconf 81' lang='lat' dir='ltr'>primitias</span> 
     </span>
     <span class='ocr_line' id='line_1_41' title="bbox 168 2710 1196 2751; baseline -0.001 -6"><span class='ocrx_word' id='word_1_274' title='bbox 168 2712 321 2746; x_wconf 90' lang='lat' dir='ltr'>omnibus</span> <span class='ocrx_word' id='word_1_275' title='bbox 346 2712 409 2744; x_wconf 86' lang='lat' dir='ltr'>diis</span> <span class='ocrx_word' id='word_1_276' title='bbox 425 2711 612 2743; x_wconf 84' lang='lat' dir='ltr'>tribuimus.</span> <span class='ocrx_word' id='word_1_277' title='bbox 629 2710 768 2751; x_wconf 86' lang='lat' dir='ltr'>Apollini</span> <span class='ocrx_word' id='word_1_278' title='bbox 795 2719 872 2743; x_wconf 90' lang='lat' dir='ltr'>vero</span> <span class='ocrx_word' id='word_1_279' title='bbox 899 2711 985 2742; x_wconf 88' lang='lat' dir='ltr'>hanc</span> <span class='ocrx_word' id='word_1_280' title='bbox 1010 2710 1097 2743; x_wconf 88' lang='lat' dir='ltr'>diem</span> <span class='ocrx_word' id='word_1_281' title='bbox 1126 2720 1196 2744; x_wconf 89' lang='lat' dir='ltr'>esse</span> 
     </span>
     <span class='ocr_line' id='line_1_42' title="bbox 169 2757 1196 2799; baseline -0.002 -7"><span class='ocrx_word' id='word_1_282' title='bbox 169 2768 294 2792; x_wconf 88' lang='lat' dir='ltr'>sacram</span> <span class='ocrx_word' id='word_1_283' title='bbox 314 2759 490 2798; x_wconf 88' lang='lat' dir='ltr'>credimus,</span> <span class='ocrx_word' id='word_1_284' title='bbox 509 2760 547 2790; x_wconf 85' lang='lat' dir='ltr'>ut</span> <span class='ocrx_word' id='word_1_285' title='bbox 561 2766 619 2799; x_wconf 87' lang='lat' dir='ltr'>par</span> <span class='ocrx_word' id='word_1_286' title='bbox 638 2758 688 2790; x_wconf 88' lang='lat' dir='ltr'>est</span> <span class='ocrx_word' id='word_1_287' title='bbox 703 2781 712 2797; x_wconf 88' lang='lat'><strong>,</strong></span> <span class='ocrx_word' id='word_1_288' title='bbox 728 2757 847 2799; x_wconf 89' lang='lat' dir='ltr'>quippe</span> <span class='ocrx_word' id='word_1_289' title='bbox 862 2757 999 2798; x_wconf 85' lang='lat' dir='ltr'>primam</span> <span class='ocrx_word' id='word_1_290' title='bbox 1018 2758 1124 2790; x_wconf 88' lang='lat' dir='ltr'>lucem</span> <span class='ocrx_word' id='word_1_291' title='bbox 1142 2758 1196 2790; x_wconf 86' lang='lat' dir='ltr'>tri-</span> 
     </span>
     <span class='ocr_line' id='line_1_43' title="bbox 167 2804 1195 2848; baseline -0.002 -8"><span class='ocrx_word' id='word_1_292' title='bbox 167 2808 304 2841; x_wconf 89' lang='lat' dir='ltr'>buentes</span> <span class='ocrx_word' id='word_1_293' title='bbox 332 2807 418 2848; x_wconf 86' lang='lat' dir='ltr'>ignis</span> <span class='ocrx_word' id='word_1_294' title='bbox 446 2805 594 2838; x_wconf 86' lang='lat' dir='ltr'>auctori:</span> <span class='ocrx_word' id='word_1_295' title='bbox 611 2814 711 2846; x_wconf 87' lang='lat' dir='ltr'>quare</span> <span class='ocrx_word' id='word_1_296' title='bbox 735 2813 810 2837; x_wconf 92' lang='lat' dir='ltr'>eum</span> <span class='ocrx_word' id='word_1_297' title='bbox 834 2804 1036 2846; x_wconf 79' lang='lat' dir='ltr'>appellabant</span> <span class='ocrx_word' id='word_1_298' title='bbox 1063 2807 1195 2838; x_wconf 86' lang='lat' dir='ltr'>Neome-</span> 
     </span>
     <span class='ocr_line' id='line_1_44' title="bbox 168 2852 723 2888; baseline -0.007 0"><span class='ocrx_word' id='word_1_299' title='bbox 168 2855 271 2888; x_wconf 88' lang='lat' dir='ltr'>nium.</span> <span class='ocrx_word' id='word_1_300' title='bbox 289 2853 399 2887; x_wconf 83' lang='lat' dir='ltr'>Tradit</span> <span class='ocrx_word' id='word_1_301' title='bbox 413 2854 483 2886; x_wconf 81' lang='lat' dir='ltr'>haec</span> <span class='ocrx_word' id='word_1_302' title='bbox 498 2852 723 2886; x_wconf 85' lang='lat' dir='ltr'>Philochorus.</span> 
     </span>
    </p>
   </div>
   <div class='ocr_carea' id='block_1_7' title="bbox 169 2951 1197 3465">
    <p class='ocr_par' dir='ltr' id='par_1_12' title="bbox 169 2951 1196 3128">
     <span class='ocr_line' id='line_1_45' title="bbox 211 2951 1193 2994; baseline -0.004 -6"><span class='ocrx_word' id='word_1_303' title='bbox 211 2955 369 2988; x_wconf 88' lang='lat' dir='ltr'>Poculum</span> <span class='ocrx_word' id='word_1_304' title='bbox 379 2953 522 2993; x_wconf 88' lang='lat' dir='ltr'>tertium,</span> <span class='ocrx_word' id='word_1_305' title='bbox 533 2953 625 2986; x_wconf 80' lang='lat' dir='ltr'>Jovis</span> <span class='ocrx_word' id='word_1_306' title='bbox 636 2952 839 2992; x_wconf 79' lang='lat' dir='ltr'>perfectoris,</span> <span class='ocrx_word' id='word_1_307' title='bbox 851 2952 1051 2993; x_wconf 82' lang='lat' dir='ltr'>servatoris;</span> <span class='ocrx_word' id='word_1_308' title='bbox 1068 2951 1193 2994; x_wconf 86' lang='lat' dir='ltr'>primus</span> 
     </span>
     <span class='ocr_line' id='line_1_46' title="bbox 169 2997 1192 3042; baseline -0.004 -8"><span class='ocrx_word' id='word_1_309' title='bbox 169 3002 255 3035; x_wconf 91' lang='lat' dir='ltr'>enim</span> <span class='ocrx_word' id='word_1_310' title='bbox 284 3009 438 3033; x_wconf 90' lang='lat' dir='ltr'>numerus</span> <span class='ocrx_word' id='word_1_311' title='bbox 467 2999 628 3042; x_wconf 80' lang='lat' dir='ltr'>perfectus</span> <span class='ocrx_word' id='word_1_312' title='bbox 653 3001 703 3031; x_wconf 88' lang='lat' dir='ltr'>est</span> <span class='ocrx_word' id='word_1_313' title='bbox 721 3007 875 3032; x_wconf 89' lang='lat' dir='ltr'>numerus</span> <span class='ocrx_word' id='word_1_314' title='bbox 898 2998 1077 3039; x_wconf 83' lang='lat' dir='ltr'>ternarius;</span> <span class='ocrx_word' id='word_1_315' title='bbox 1106 2997 1192 3039; x_wconf 91' lang='lat' dir='ltr'>quod</span> 
     </span>
     <span class='ocr_line' id='line_1_47' title="bbox 171 3045 1196 3088; baseline -0.003 -7"><span class='ocrx_word' id='word_1_316' title='bbox 171 3050 266 3082; x_wconf 87' lang='lat' dir='ltr'>habet</span> <span class='ocrx_word' id='word_1_317' title='bbox 279 3049 410 3081; x_wconf 90' lang='lat' dir='ltr'>initium</span> <span class='ocrx_word' id='word_1_318' title='bbox 425 3071 435 3088; x_wconf 87' lang='lat'><strong>,</strong></span> <span class='ocrx_word' id='word_1_319' title='bbox 453 3047 551 3080; x_wconf 82' lang='lat' dir='ltr'>linem</span> <span class='ocrx_word' id='word_1_320' title='bbox 566 3049 599 3080; x_wconf 90' lang='lat' dir='ltr'>et</span> <span class='ocrx_word' id='word_1_321' title='bbox 619 3046 764 3080; x_wconf 88' lang='lat' dir='ltr'>medium</span> <span class='ocrx_word' id='word_1_322' title='bbox 777 3069 787 3087; x_wconf 91' lang='lat'>‚</span> <span class='ocrx_word' id='word_1_323' title='bbox 811 3047 847 3078; x_wconf 87' lang='lat' dir='ltr'>ut</span> <span class='ocrx_word' id='word_1_324' title='bbox 867 3045 1077 3079; x_wconf 85' lang='lat' dir='ltr'>Philochorus</span> <span class='ocrx_word' id='word_1_325' title='bbox 1095 3046 1141 3079; x_wconf 83' lang='lat' dir='ltr'>ait</span> <span class='ocrx_word' id='word_1_326' title='bbox 1161 3045 1196 3077; x_wconf 90' lang='lat' dir='ltr'>in</span> 
     </span>
     <span class='ocr_line' id='line_1_48' title="bbox 170 3095 454 3128; baseline -0.004 0"><span class='ocrx_word' id='word_1_327' title='bbox 170 3097 252 3128; x_wconf 83' lang='lat' dir='ltr'>libro</span> <span class='ocrx_word' id='word_1_328' title='bbox 265 3096 306 3128; x_wconf 93' lang='lat' dir='ltr'>de</span> <span class='ocrx_word' id='word_1_329' title='bbox 321 3095 454 3128; x_wconf 85' lang='lat' dir='ltr'>Diebus.</span> 
     </span>
    </p>

    <p class='ocr_par' dir='ltr' id='par_1_13' title="bbox 639 3142 727 3175">
     <span class='ocr_line' id='line_1_49' title="bbox 639 3142 727 3175; baseline 0 0"><span class='ocrx_word' id='word_1_330' title='bbox 639 3142 655 3175; x_wconf 93' lang='lat'>1</span> <span class='ocrx_word' id='word_1_331' title='bbox 665 3142 727 3175; x_wconf 92' lang='grc'>80.</span> 
     </span>
    </p>

    <p class='ocr_par' dir='ltr' id='par_1_14' title="bbox 171 3186 1197 3372">
     <span class='ocr_line' id='line_1_50' title="bbox 215 3186 1196 3230; baseline -0.003 -9"><span class='ocrx_word' id='word_1_332' title='bbox 215 3189 361 3230; x_wconf 75' lang='lat' dir='ltr'>Alcyonii</span> <span class='ocrx_word' id='word_1_333' title='bbox 374 3189 443 3221; x_wconf 86' lang='lat' dir='ltr'>dies</span> <span class='ocrx_word' id='word_1_334' title='bbox 465 3200 473 3221; x_wconf 71' lang='grc' dir='ltr'>ε</span> <span class='ocrx_word' id='word_1_335' title='bbox 491 3191 513 3221; x_wconf 87' lang='lat' dir='ltr'>i.</span> <span class='ocrx_word' id='word_1_336' title='bbox 531 3196 559 3221; x_wconf 90' lang='lat' dir='ltr'>e.</span> <span class='ocrx_word' id='word_1_337' title='bbox 578 3188 693 3221; x_wconf 89' lang='lat' dir='ltr'>sereni.</span> <span class='ocrx_word' id='word_1_338' title='bbox 711 3190 760 3220; x_wconf 88' lang='lat' dir='ltr'>De</span> <span class='ocrx_word' id='word_1_339' title='bbox 774 3196 910 3220; x_wconf 88' lang='lat' dir='ltr'>numero</span> <span class='ocrx_word' id='word_1_340' title='bbox 933 3195 1046 3220; x_wconf 88' lang='lat' dir='ltr'>eorum</span> <span class='ocrx_word' id='word_1_341' title='bbox 1061 3186 1196 3228; x_wconf 84' lang='lat' dir='ltr'>scripto·</span> 
     </span>
     <span class='ocr_line' id='line_1_51' title="bbox 171 3234 1196 3270; baseline -0.004 0"><span class='ocrx_word' id='word_1_342' title='bbox 171 3246 221 3270; x_wconf 88' lang='lat' dir='ltr'>res</span> <span class='ocrx_word' id='word_1_343' title='bbox 236 3237 318 3268; x_wconf 83' lang='lat' dir='ltr'>inter</span> <span class='ocrx_word' id='word_1_344' title='bbox 330 3245 364 3268; x_wconf 87' lang='lat' dir='ltr'>se</span> <span class='ocrx_word' id='word_1_345' title='bbox 378 3236 585 3269; x_wconf 88' lang='lat' dir='ltr'>dissentiunt.</span> <span class='ocrx_word' id='word_1_346' title='bbox 601 3235 781 3268; x_wconf 87' lang='lat' dir='ltr'>Simonides</span> <span class='ocrx_word' id='word_1_347' title='bbox 793 3235 878 3268; x_wconf 89' lang='lat' dir='ltr'>enim</span> <span class='ocrx_word' id='word_1_348' title='bbox 891 3234 1043 3267; x_wconf 85' lang='lat' dir='ltr'>undecim</span> <span class='ocrx_word' id='word_1_349' title='bbox 1055 3243 1112 3267; x_wconf 86' lang='lat' dir='ltr'>eos</span> <span class='ocrx_word' id='word_1_350' title='bbox 1124 3242 1196 3267; x_wconf 89' lang='lat' dir='ltr'>esse</span> 
     </span>
     <span class='ocr_line' id='line_1_52' title="bbox 171 3283 1197 3324; baseline -0.002 -8"><span class='ocrx_word' id='word_1_351' title='bbox 171 3284 261 3323; x_wconf 89' lang='lat' dir='ltr'>dicit,</span> <span class='ocrx_word' id='word_1_352' title='bbox 285 3285 323 3315; x_wconf 91' lang='lat' dir='ltr'>ut</span> <span class='ocrx_word' id='word_1_353' title='bbox 339 3283 526 3316; x_wconf 88' lang='lat' dir='ltr'>Aristoteles</span> <span class='ocrx_word' id='word_1_354' title='bbox 542 3285 573 3316; x_wconf 91' lang='lat' dir='ltr'>in</span> <span class='ocrx_word' id='word_1_355' title='bbox 593 3284 735 3316; x_wconf 79' lang='lat' dir='ltr'>Historia</span> <span class='ocrx_word' id='word_1_356' title='bbox 750 3283 943 3315; x_wconf 84' lang='lat' dir='ltr'>Animalium</span> <span class='ocrx_word' id='word_1_357' title='bbox 961 3293 971 3323; x_wconf 89' lang='lat'>;</span> <span class='ocrx_word' id='word_1_358' title='bbox 1002 3285 1197 3324; x_wconf 86' lang='lat' dir='ltr'>Demagoras</span> 
     </span>
     <span class='ocr_line' id='line_1_53' title="bbox 171 3331 960 3372; baseline -0.003 -9"><span class='ocrx_word' id='word_1_359' title='bbox 171 3340 250 3364; x_wconf 87' lang='lat' dir='ltr'>vero</span> <span class='ocrx_word' id='word_1_360' title='bbox 266 3331 404 3370; x_wconf 61' lang='lat' dir='ltr'>samius„</span> <span class='ocrx_word' id='word_1_361' title='bbox 418 3333 538 3372; x_wconf 80' lang='lat' dir='ltr'>septem</span> <span class='ocrx_word' id='word_1_362' title='bbox 557 3341 566 3371; x_wconf 91' lang='lat'>;</span> <span class='ocrx_word' id='word_1_363' title='bbox 595 3332 819 3370; x_wconf 79' lang='lat' dir='ltr'>Philochorus,</span> <span class='ocrx_word' id='word_1_364' title='bbox 831 3339 960 3363; x_wconf 88' lang='lat' dir='ltr'>novem.</span> 
     </span>
    </p>

    <p class='ocr_par' dir='ltr' id='par_1_15' title="bbox 215 3424 1197 3465">
     <span class='ocr_line' id='line_1_54' title="bbox 215 3424 1197 3465; baseline -0.002 -7"><span class='ocrx_word' id='word_1_365' title='bbox 215 3425 426 3458; x_wconf 88' lang='lat' dir='ltr'>Philochorus</span> <span class='ocrx_word' id='word_1_366' title='bbox 445 3424 477 3455; x_wconf 92' lang='lat' dir='ltr'>in</span> <span class='ocrx_word' id='word_1_367' title='bbox 491 3424 574 3456; x_wconf 86' lang='lat' dir='ltr'>libro</span> <span class='ocrx_word' id='word_1_368' title='bbox 590 3424 629 3456; x_wconf 91' lang='lat' dir='ltr'>de</span> <span class='ocrx_word' id='word_1_369' title='bbox 652 3425 771 3457; x_wconf 87' lang='lat' dir='ltr'>Diebus</span> <span class='ocrx_word' id='word_1_370' title='bbox 785 3425 921 3465; x_wconf 84' lang='lat' dir='ltr'>primam</span> <span class='ocrx_word' id='word_1_371' title='bbox 938 3424 1096 3465; x_wconf 85' lang='lat' dir='ltr'>cujusque</span> <span class='ocrx_word' id='word_1_372' title='bbox 1112 3433 1197 3456; x_wconf 85' lang='lat' dir='ltr'>men-</span> 
     </span>
    </p>
   </div>
   <div class='ocr_carea' id='block_1_8' title="bbox 871 193 1553 250">
    <p class='ocr_par' dir='ltr' id='par_1_16' title="bbox 871 193 1553 250">
     <span class='ocr_line' id='line_1_55' title="bbox 871 193 1553 250; baseline -0.001 -17"><span class='ocrx_word' id='word_1_373' title='bbox 871 193 1190 250; x_wconf 75' lang='lat' dir='ltr'>PHILOCHORI</span> <span class='ocrx_word' id='word_1_374' title='bbox 1219 193 1553 235; x_wconf 85' lang='lat' dir='ltr'><strong>FRAGMENTA.</strong></span> 
     </span>
    </p>
   </div>
   <div class='ocr_carea' id='block_1_9' title="bbox 1242 283 2273 678">
    <p class='ocr_par' dir='ltr' id='par_1_17' title="bbox 1715 283 1798 321">
     <span class='ocr_line' id='line_1_56' title="bbox 1715 283 1798 321; baseline 0.036 -3"><span class='ocrx_word' id='word_1_375' title='bbox 1715 283 1798 321; x_wconf 84' lang='lat'>182.</span> 
     </span>
    </p>

    <p class='ocr_par' dir='ltr' id='par_1_18' title="bbox 1242 341 2271 570">
     <span class='ocr_line' id='line_1_57' title="bbox 1293 341 2270 394; baseline 0.001 -15"><span class='ocrx_word' id='word_1_376' title='bbox 1293 341 1400 380; x_wconf 89' lang='lat' dir='ltr'>Idem</span> <span class='ocrx_word' id='word_1_377' title='bbox 1419 342 1467 380; x_wconf 83' lang='lat' dir='ltr'>ad</span> <span class='ocrx_word' id='word_1_378' title='bbox 1495 342 1583 391; x_wconf 88' lang='lat'><strong>780,</strong></span> <span class='ocrx_word' id='word_1_379' title='bbox 1613 356 1650 393; x_wconf 92' lang='lat' dir='ltr'>p.</span> <span class='ocrx_word' id='word_1_380' title='bbox 1675 345 1760 392; x_wconf 82' lang='lat'><strong>173,</strong></span> <span class='ocrx_word' id='word_1_381' title='bbox 1789 347 1818 382; x_wconf 90' lang='lat' dir='ltr'>B</span> <span class='ocrx_word' id='word_1_382' title='bbox 1837 358 1845 381; x_wconf 76' lang='grc' dir='ltr'>ε</span> <span class='ocrx_word' id='word_1_383' title='bbox 1866 342 2068 394; x_wconf 73' lang='grc' dir='ltr'>Ἱστάμενον</span> <span class='ocrx_word' id='word_1_384' title='bbox 2095 344 2189 394; x_wconf 80' lang='grc' dir='ltr'>μῆνα</span> <span class='ocrx_word' id='word_1_385' title='bbox 2223 345 2270 386; x_wconf 82' lang='grc' dir='ltr'>ὡς</span> 
     </span>
     <span class='ocr_line' id='line_1_58' title="bbox 1242 397 2270 455; baseline 0.003 -18"><span class='ocrx_word' id='word_1_386' title='bbox 1242 397 1365 438; x_wconf 81' lang='grc' dir='ltr'>εἰκάδα</span> <span class='ocrx_word' id='word_1_387' title='bbox 1395 399 1526 452; x_wconf 83' lang='grc' dir='ltr'>ἔλεγον,</span> <span class='ocrx_word' id='word_1_388' title='bbox 1563 399 1653 451; x_wconf 84' lang='grc' dir='ltr'>μετὰ</span> <span class='ocrx_word' id='word_1_389' title='bbox 1686 400 1722 439; x_wconf 84' lang='grc' dir='ltr'>δὲ</span> <span class='ocrx_word' id='word_1_390' title='bbox 1757 406 1858 441; x_wconf 77' lang='grc' dir='ltr'>τοῦτο</span> <span class='ocrx_word' id='word_1_391' title='bbox 1900 402 2042 455; x_wconf 85' lang='grc' dir='ltr'>πρώτης</span> <span class='ocrx_word' id='word_1_392' title='bbox 2074 401 2270 455; x_wconf 81' lang='grc' dir='ltr'>φθίνοντος,</span> 
     </span>
     <span class='ocr_line' id='line_1_59' title="bbox 1244 458 2271 515; baseline 0.003 -19"><span class='ocrx_word' id='word_1_393' title='bbox 1244 458 1406 513; x_wconf 83' lang='grc' dir='ltr'>δευτέρας</span> <span class='ocrx_word' id='word_1_394' title='bbox 1433 459 1622 514; x_wconf 83' lang='grc' dir='ltr'>φθίνοντος.</span> <span class='ocrx_word' id='word_1_395' title='bbox 1657 460 1855 515; x_wconf 75' lang='grc' dir='ltr'>Φιλόχορος</span> <span class='ocrx_word' id='word_1_396' title='bbox 1880 460 1916 500; x_wconf 85' lang='grc' dir='ltr'>δὲ</span> <span class='ocrx_word' id='word_1_397' title='bbox 1941 460 2058 505; x_wconf 86' lang='grc' dir='ltr'>πάσας</span> <span class='ocrx_word' id='word_1_398' title='bbox 2087 460 2150 505; x_wconf 85' lang='grc' dir='ltr'>τὰς</span> <span class='ocrx_word' id='word_1_399' title='bbox 2179 465 2271 515; x_wconf 83' lang='grc' dir='ltr'>τρεῖς</span> 
     </span>
     <span class='ocr_line' id='line_1_60' title="bbox 1242 515 1594 570; baseline 0.006 -14"><span class='ocrx_word' id='word_1_400' title='bbox 1242 515 1338 570; x_wconf 83' lang='grc' dir='ltr'>λέγει</span> <span class='ocrx_word' id='word_1_401' title='bbox 1355 520 1416 565; x_wconf 78' lang='grc' dir='ltr'>τῆς</span> <span class='ocrx_word' id='word_1_402' title='bbox 1439 518 1594 567; x_wconf 83' lang='grc' dir='ltr'>Ἀθηνᾶς.</span> 
     </span>
    </p>

    <p class='ocr_par' dir='ltr' id='par_1_19' title="bbox 1244 578 2273 678">
     <span class='ocr_line' id='line_1_61' title="bbox 1298 578 2273 631; baseline 0.001 -16"><span class='ocrx_word' id='word_1_403' title='bbox 1298 578 1577 631; x_wconf 90' lang='lat' dir='ltr'>Moschopulus</span> <span class='ocrx_word' id='word_1_404' title='bbox 1593 579 1749 618; x_wconf 85' lang='lat' dir='ltr'>exhibet</span> <span class='ocrx_word' id='word_1_405' title='bbox 1771 578 1836 624; x_wconf 77' lang='grc' dir='ltr'>ἕως</span> <span class='ocrx_word' id='word_1_406' title='bbox 1856 578 2012 628; x_wconf 87' lang='grc' dir='ltr'>εἰκάδος,</span> <span class='ocrx_word' id='word_1_407' title='bbox 2037 579 2143 630; x_wconf 89' lang='lat' dir='ltr'>quod</span> <span class='ocrx_word' id='word_1_408' title='bbox 2169 578 2273 630; x_wconf 87' lang='lat' dir='ltr'>apud</span> 
     </span>
     <span class='ocr_line' id='line_1_62' title="bbox 1244 637 1805 678; baseline 0.004 -5"><span class='ocrx_word' id='word_1_409' title='bbox 1244 637 1423 675; x_wconf 90' lang='lat' dir='ltr'>Proclum</span> <span class='ocrx_word' id='word_1_410' title='bbox 1440 638 1716 676; x_wconf 89' lang='lat' dir='ltr'>restituendum</span> <span class='ocrx_word' id='word_1_411' title='bbox 1737 646 1805 678; x_wconf 87' lang='lat' dir='ltr'>est.</span> 
     </span>
    </p>
   </div>
   <div class='ocr_carea' id='block_1_10' title="bbox 1713 703 1798 741">
    <p class='ocr_par' dir='ltr' id='par_1_20' title="bbox 1713 703 1798 741">
     <span class='ocr_line' id='line_1_63' title="bbox 1713 703 1798 741; baseline 0.012 -1"><span class='ocrx_word' id='word_1_412' title='bbox 1713 703 1798 741; x_wconf 91' lang='lat'>183.</span> 
     </span>
    </p>
   </div>
   <div class='ocr_carea' id='block_1_11' title="bbox 1248 762 2278 1112">
    <p class='ocr_par' dir='ltr' id='par_1_21' title="bbox 1248 762 2278 1043">
     <span class='ocr_line' id='line_1_64' title="bbox 1300 762 2275 817; baseline -0.001 -15"><span class='ocrx_word' id='word_1_413' title='bbox 1300 765 1409 803; x_wconf 89' lang='lat' dir='ltr'>Idem</span> <span class='ocrx_word' id='word_1_414' title='bbox 1432 765 1481 803; x_wconf 92' lang='lat' dir='ltr'>ad</span> <span class='ocrx_word' id='word_1_415' title='bbox 1498 766 1586 814; x_wconf 87' lang='lat'>810,</span> <span class='ocrx_word' id='word_1_416' title='bbox 1616 779 1652 817; x_wconf 90' lang='lat' dir='ltr'>p.</span> <span class='ocrx_word' id='word_1_417' title='bbox 1687 766 1773 815; x_wconf 90' lang='lat'><strong>178,</strong></span> <span class='ocrx_word' id='word_1_418' title='bbox 1802 765 1945 813; x_wconf 73' lang='grc' dir='ltr'>ΒεΤὴν</span> <span class='ocrx_word' id='word_1_419' title='bbox 1969 762 2275 811; x_wconf 77' lang='grc' dir='ltr'>ἐννεακαιδεκάτην</span> 
     </span>
     <span class='ocr_line' id='line_1_65' title="bbox 1248 822 2276 879; baseline -0.002 -17"><span class='ocrx_word' id='word_1_420' title='bbox 1248 825 1294 867; x_wconf 84' lang='grc' dir='ltr'>ὣς</span> <span class='ocrx_word' id='word_1_421' title='bbox 1312 823 1371 862; x_wconf 84' lang='grc' dir='ltr'>καὶ</span> <span class='ocrx_word' id='word_1_422' title='bbox 1388 822 1452 871; x_wconf 81' lang='grc' dir='ltr'>τὴν</span> <span class='ocrx_word' id='word_1_423' title='bbox 1472 825 1775 872; x_wconf 84' lang='grc' dir='ltr'>ὀκτωκαιδεκάτην</span> <span class='ocrx_word' id='word_1_424' title='bbox 1790 825 1835 864; x_wconf 88' lang='grc' dir='ltr'>τὰ</span> <span class='ocrx_word' id='word_1_425' title='bbox 1848 825 1980 879; x_wconf 87' lang='grc' dir='ltr'>πάτρια</span> <span class='ocrx_word' id='word_1_426' title='bbox 1998 827 2068 863; x_wconf 81' lang='grc' dir='ltr'>τῶν</span> <span class='ocrx_word' id='word_1_427' title='bbox 2086 822 2276 870; x_wconf 86' lang='grc' dir='ltr'>Ἀθηναίων</span> 
     </span>
     <span class='ocr_line' id='line_1_66' title="bbox 1248 881 2278 938; baseline 0 -18"><span class='ocrx_word' id='word_1_428' title='bbox 1248 885 1441 935; x_wconf 85' lang='grc' dir='ltr'>καθαρμοῖς</span> <span class='ocrx_word' id='word_1_429' title='bbox 1482 883 1674 922; x_wconf 82' lang='grc' dir='ltr'>ἀποδίδωσι</span> <span class='ocrx_word' id='word_1_430' title='bbox 1714 884 1774 923; x_wconf 85' lang='grc' dir='ltr'>καὶ</span> <span class='ocrx_word' id='word_1_431' title='bbox 1816 886 2049 938; x_wconf 85' lang='grc' dir='ltr'>ἀποτροπαῖς·</span> <span class='ocrx_word' id='word_1_432' title='bbox 2079 881 2278 935; x_wconf 76' lang='grc' dir='ltr'>Φιλόχορος</span> 
     </span>
     <span class='ocr_line' id='line_1_67' title="bbox 1248 939 2278 997; baseline 0.001 -18"><span class='ocrx_word' id='word_1_433' title='bbox 1248 940 1343 993; x_wconf 82' lang='grc' dir='ltr'>λέγει</span> <span class='ocrx_word' id='word_1_434' title='bbox 1373 940 1490 981; x_wconf 81' lang='grc' dir='ltr'>καὶ</span> <span class='ocrx_word' id='word_1_435' title='bbox 1509 943 1698 997; x_wconf 84' lang='grc' dir='ltr'>ἀμφότεροι</span> <span class='ocrx_word' id='word_1_436' title='bbox 1730 943 1893 996; x_wconf 83' lang='grc' dir='ltr'>ἐξηγηταὶ</span> <span class='ocrx_word' id='word_1_437' title='bbox 1927 945 1996 982; x_wconf 86' lang='grc' dir='ltr'>τῶν</span> <span class='ocrx_word' id='word_1_438' title='bbox 2028 942 2184 996; x_wconf 86' lang='grc' dir='ltr'>πατρίων</span> <span class='ocrx_word' id='word_1_439' title='bbox 2213 939 2278 980; x_wconf 88' lang='grc' dir='ltr'>ἄν-</span> 
     </span>
     <span class='ocr_line' id='line_1_68' title="bbox 1250 1001 1337 1043; baseline 0 -5"><span class='ocrx_word' id='word_1_440' title='bbox 1250 1001 1270 1038; x_wconf 90' lang='grc' dir='ltr'>δ</span> <span class='ocrx_word' id='word_1_441' title='bbox 1293 1016 1337 1043; x_wconf 89' lang='grc' dir='ltr'>ες.</span> 
     </span>
    </p>

    <p class='ocr_par' dir='ltr' id='par_1_22' title="bbox 1272 1015 1992 1112">
     <span class='ocr_line' id='line_1_69' title="bbox 1272 1015 1992 1112; baseline 0.004 -15"><span class='ocrx_word' id='word_1_442' title='bbox 1272 1015 1470 1098; x_wconf 74' lang='lat' dir='ltr'>pAlterius</span> <span class='ocrx_word' id='word_1_443' title='bbox 1490 1069 1658 1112; x_wconf 84' lang='lat' dir='ltr'>exegetae</span> <span class='ocrx_word' id='word_1_444' title='bbox 1674 1075 1815 1100; x_wconf 92' lang='lat' dir='ltr'>nomen</span> <span class='ocrx_word' id='word_1_445' title='bbox 1837 1062 1992 1101; x_wconf 85' lang='lat' dir='ltr'>excidit.</span> 
     </span>
    </p>
   </div>
   <div class='ocr_carea' id='block_1_12' title="bbox 1663 1135 1858 1150">
    <p class='ocr_par' dir='ltr' id='par_1_23' title="bbox 1663 1135 1858 1150">
     <span class='ocr_line' id='line_1_70' title="bbox 1663 1135 1858 1150; baseline 0 -2"><span class='ocrx_word' id='word_1_446' title='bbox 1663 1135 1858 1150; x_wconf 40' lang='lat'>⁴00⁹*-</span> 
     </span>
    </p>
   </div>
   <div class='ocr_carea' id='block_1_13' title="bbox 1248 1170 2283 2185">
    <p class='ocr_par' dir='ltr' id='par_1_24' title="bbox 1515 1170 2011 1272">
     <span class='ocr_line' id='line_1_71' title="bbox 1515 1170 2011 1224; baseline 0.006 -16"><span class='ocrx_word' id='word_1_447' title='bbox 1515 1170 1742 1209; x_wconf 85' lang='grc' dir='ltr'>ΔΗΑΙΑΚΑ</span> <span class='ocrx_word' id='word_1_448' title='bbox 1770 1172 1935 1211; x_wconf 82' lang='grc' dir='ltr'>ΒΙΒΛΙΑ</span> <span class='ocrx_word' id='word_1_449' title='bbox 1967 1171 2011 1224; x_wconf 82' lang='grc' dir='ltr'>β’.</span> 
     </span>
     <span class='ocr_line' id='line_1_72' title="bbox 1724 1235 1810 1272; baseline 0 -1"><span class='ocrx_word' id='word_1_450' title='bbox 1724 1235 1810 1272; x_wconf 90' lang='grc'><strong>184.</strong></span> 
     </span>
    </p>

    <p class='ocr_par' dir='ltr' id='par_1_25' title="bbox 1248 1298 2281 1531">
     <span class='ocr_line' id='line_1_73' title="bbox 1305 1298 2279 1350; baseline 0.001 -14"><span class='ocrx_word' id='word_1_451' title='bbox 1305 1299 1425 1337; x_wconf 90' lang='lat' dir='ltr'>Clem.</span> <span class='ocrx_word' id='word_1_452' title='bbox 1443 1298 1552 1336; x_wconf 86' lang='lat' dir='ltr'>Alex.</span> <span class='ocrx_word' id='word_1_453' title='bbox 1573 1298 1739 1336; x_wconf 92' lang='lat' dir='ltr'>Admon.</span> <span class='ocrx_word' id='word_1_454' title='bbox 1758 1298 1806 1335; x_wconf 91' lang='lat' dir='ltr'>ad</span> <span class='ocrx_word' id='word_1_455' title='bbox 1821 1306 1921 1349; x_wconf 85' lang='lat' dir='ltr'>gent.</span> <span class='ocrx_word' id='word_1_456' title='bbox 1939 1312 1976 1350; x_wconf 89' lang='lat' dir='ltr'>p.</span> <span class='ocrx_word' id='word_1_457' title='bbox 2002 1299 2062 1348; x_wconf 81' lang='lat'>18,</span> <span class='ocrx_word' id='word_1_458' title='bbox 2089 1302 2139 1347; x_wconf 93' lang='lat' dir='ltr'>D,</span> <span class='ocrx_word' id='word_1_459' title='bbox 2153 1299 2279 1350; x_wconf 63' lang='lat' dir='ltr'>sylb:</span> 
     </span>
     <span class='ocr_line' id='line_1_74' title="bbox 1250 1355 2280 1412; baseline 0.002 -17"><span class='ocrx_word' id='word_1_460' title='bbox 1250 1356 1447 1411; x_wconf 86' lang='grc' dir='ltr'>Φιλόχορος</span> <span class='ocrx_word' id='word_1_461' title='bbox 1465 1355 1501 1395; x_wconf 80' lang='grc' dir='ltr'>δὲ</span> <span class='ocrx_word' id='word_1_462' title='bbox 1519 1358 1554 1395; x_wconf 82' lang='grc' dir='ltr'>ἒν</span> <span class='ocrx_word' id='word_1_463' title='bbox 1574 1356 1683 1410; x_wconf 82' lang='grc' dir='ltr'>Τήνῳ</span> <span class='ocrx_word' id='word_1_464' title='bbox 1703 1355 1908 1396; x_wconf 79' lang='grc' dir='ltr'>Ποσειδῶνά</span> <span class='ocrx_word' id='word_1_465' title='bbox 1931 1373 2017 1412; x_wconf 84' lang='grc' dir='ltr'>φησι</span> <span class='ocrx_word' id='word_1_466' title='bbox 2034 1361 2203 1410; x_wconf 85' lang='grc' dir='ltr'>τιμᾶσθαι</span> <span class='ocrx_word' id='word_1_467' title='bbox 2219 1362 2280 1397; x_wconf 84' lang='grc' dir='ltr'>ἰα-</span> 
     </span>
     <span class='ocr_line' id='line_1_75' title="bbox 1248 1415 2281 1471; baseline 0.003 -18"><span class='ocrx_word' id='word_1_468' title='bbox 1248 1415 1329 1469; x_wconf 91' lang='grc' dir='ltr'>τρόν</span> <span class='ocrx_word' id='word_1_469' title='bbox 1343 1432 1351 1440; x_wconf 88' lang='grc'><em>·</em></span> <span class='ocrx_word' id='word_1_470' title='bbox 1372 1415 1504 1471; x_wconf 88' lang='grc' dir='ltr'>Κρόνον</span> <span class='ocrx_word' id='word_1_471' title='bbox 1523 1415 1559 1454; x_wconf 86' lang='grc' dir='ltr'>δὲ</span> <span class='ocrx_word' id='word_1_472' title='bbox 1574 1417 1769 1456; x_wconf 78' lang='grc' dir='ltr'>ἐπικεῖσθαι</span> <span class='ocrx_word' id='word_1_473' title='bbox 1784 1416 1931 1471; x_wconf 76' lang='grc' dir='ltr'>Σικελίᾳ</span> <span class='ocrx_word' id='word_1_474' title='bbox 1941 1416 2002 1456; x_wconf 83' lang='grc' dir='ltr'>καὶ</span> <span class='ocrx_word' id='word_1_475' title='bbox 2018 1418 2165 1456; x_wconf 80' lang='grc' dir='ltr'>ἐνταῦθα</span> <span class='ocrx_word' id='word_1_476' title='bbox 2179 1417 2281 1456; x_wconf 76' lang='grc' dir='ltr'>αὐτὸν</span> 
     </span>
     <span class='ocr_line' id='line_1_76' title="bbox 1249 1477 1428 1531; baseline 0 -16"><span class='ocrx_word' id='word_1_477' title='bbox 1249 1477 1428 1531; x_wconf 86' lang='grc' dir='ltr'>τετάφθαι.</span> 
     </span>
    </p>

    <p class='ocr_par' dir='ltr' id='par_1_26' title="bbox 1251 1537 2283 2185">
     <span class='ocr_line' id='line_1_77' title="bbox 1305 1537 2282 1589; baseline 0.002 -15"><span class='ocrx_word' id='word_1_478' title='bbox 1305 1540 1434 1584; x_wconf 90' lang='lat' dir='ltr'>Quum</span> <span class='ocrx_word' id='word_1_479' title='bbox 1463 1537 1617 1575; x_wconf 85' lang='lat' dir='ltr'>aliunde</span> <span class='ocrx_word' id='word_1_480' title='bbox 1652 1537 1746 1576; x_wconf 90' lang='lat' dir='ltr'>nihil</span> <span class='ocrx_word' id='word_1_481' title='bbox 1769 1546 1919 1576; x_wconf 90' lang='lat' dir='ltr'>constet</span> <span class='ocrx_word' id='word_1_482' title='bbox 1940 1538 1989 1576; x_wconf 87' lang='lat' dir='ltr'>de</span> <span class='ocrx_word' id='word_1_483' title='bbox 2017 1538 2092 1576; x_wconf 90' lang='lat' dir='ltr'>hoc</span> <span class='ocrx_word' id='word_1_484' title='bbox 2111 1537 2282 1589; x_wconf 88' lang='lat' dir='ltr'>Neptuni</span> 
     </span>
     <span class='ocr_line' id='line_1_78' title="bbox 1251 1596 2282 1649; baseline 0.001 -14"><span class='ocrx_word' id='word_1_485' title='bbox 1251 1605 1508 1648; x_wconf 81' lang='lat' dir='ltr'>cognomento</span> <span class='ocrx_word' id='word_1_486' title='bbox 1523 1596 1692 1648; x_wconf 88' lang='lat' dir='ltr'>Apollini</span> <span class='ocrx_word' id='word_1_487' title='bbox 1703 1597 1929 1649; x_wconf 90' lang='lat' dir='ltr'>plerumque</span> <span class='ocrx_word' id='word_1_488' title='bbox 1943 1597 2102 1645; x_wconf 89' lang='lat' dir='ltr'>tributo,</span> <span class='ocrx_word' id='word_1_489' title='bbox 2119 1598 2282 1637; x_wconf 90' lang='lat' dir='ltr'>Lenzius</span> 
     </span>
     <span class='ocr_line' id='line_1_79' title="bbox 1253 1654 2282 1710; baseline 0.002 -16"><span class='ocrx_word' id='word_1_490' title='bbox 1253 1669 1324 1707; x_wconf 86' lang='lat' dir='ltr'>pro</span> <span class='ocrx_word' id='word_1_491' title='bbox 1343 1654 1461 1709; x_wconf 86' lang='grc' dir='ltr'>ἰατρὸν</span> <span class='ocrx_word' id='word_1_492' title='bbox 1492 1657 1568 1707; x_wconf 88' lang='lat' dir='ltr'>legi</span> <span class='ocrx_word' id='word_1_493' title='bbox 1587 1656 1711 1695; x_wconf 86' lang='lat' dir='ltr'>voluit</span> <span class='ocrx_word' id='word_1_494' title='bbox 1743 1655 1855 1710; x_wconf 83' lang='grc' dir='ltr'>ὀρθόν.</span> <span class='ocrx_word' id='word_1_495' title='bbox 1879 1661 2098 1709; x_wconf 86' lang='lat' dir='ltr'>Perperam.</span> <span class='ocrx_word' id='word_1_496' title='bbox 2130 1658 2282 1696; x_wconf 88' lang='lat' dir='ltr'>Etenim</span> 
     </span>
     <span class='ocr_line' id='line_1_80' title="bbox 1253 1715 2282 1768; baseline 0.001 -15"><span class='ocrx_word' id='word_1_497' title='bbox 1253 1719 1479 1767; x_wconf 85' lang='lat' dir='ltr'>Neptunum</span> <span class='ocrx_word' id='word_1_498' title='bbox 1499 1724 1602 1754; x_wconf 89' lang='lat' dir='ltr'>arcte</span> <span class='ocrx_word' id='word_1_499' title='bbox 1622 1715 1867 1766; x_wconf 88' lang='lat' dir='ltr'>conjunctum</span> <span class='ocrx_word' id='word_1_500' title='bbox 1887 1729 1969 1754; x_wconf 89' lang='lat' dir='ltr'>esse</span> <span class='ocrx_word' id='word_1_501' title='bbox 1987 1730 2074 1754; x_wconf 89' lang='lat' dir='ltr'>cum</span> <span class='ocrx_word' id='word_1_502' title='bbox 2090 1717 2282 1768; x_wconf 88' lang='lat' dir='ltr'>Apolline,</span> 
     </span>
     <span class='ocr_line' id='line_1_81' title="bbox 1252 1775 2282 1827; baseline 0.002 -15"><span class='ocrx_word' id='word_1_503' title='bbox 1252 1776 1306 1813; x_wconf 88' lang='lat' dir='ltr'>ita</span> <span class='ocrx_word' id='word_1_504' title='bbox 1337 1783 1379 1812; x_wconf 88' lang='lat' dir='ltr'>ut</span> <span class='ocrx_word' id='word_1_505' title='bbox 1399 1776 1497 1813; x_wconf 89' lang='lat' dir='ltr'>alter</span> <span class='ocrx_word' id='word_1_506' title='bbox 1529 1776 1568 1813; x_wconf 92' lang='lat' dir='ltr'>in</span> <span class='ocrx_word' id='word_1_507' title='bbox 1601 1776 1756 1814; x_wconf 89' lang='lat' dir='ltr'>alterius</span> <span class='ocrx_word' id='word_1_508' title='bbox 1788 1776 1916 1814; x_wconf 87' lang='lat' dir='ltr'>locum</span> <span class='ocrx_word' id='word_1_509' title='bbox 1949 1776 2058 1827; x_wconf 88' lang='lat' dir='ltr'>quasi</span> <span class='ocrx_word' id='word_1_510' title='bbox 2091 1775 2282 1824; x_wconf 86' lang='lat' dir='ltr'>succedat,</span> 
     </span>
     <span class='ocr_line' id='line_1_82' title="bbox 1252 1835 2283 1888; baseline 0.001 -15"><span class='ocrx_word' id='word_1_511' title='bbox 1252 1835 1355 1873; x_wconf 88' lang='lat' dir='ltr'>haud</span> <span class='ocrx_word' id='word_1_512' title='bbox 1375 1836 1508 1887; x_wconf 88' lang='lat' dir='ltr'>paucis</span> <span class='ocrx_word' id='word_1_513' title='bbox 1528 1835 1744 1875; x_wconf 87' lang='lat' dir='ltr'>declaratur</span> <span class='ocrx_word' id='word_1_514' title='bbox 1761 1836 1901 1875; x_wconf 88' lang='lat' dir='ltr'>fabulis</span> <span class='ocrx_word' id='word_1_515' title='bbox 1933 1840 1993 1888; x_wconf 86' lang='lat' dir='ltr'>(v.</span> <span class='ocrx_word' id='word_1_516' title='bbox 2023 1850 2120 1888; x_wconf 93' lang='lat' dir='ltr'>quos</span> <span class='ocrx_word' id='word_1_517' title='bbox 2139 1836 2188 1875; x_wconf 91' lang='lat' dir='ltr'>de</span> <span class='ocrx_word' id='word_1_518' title='bbox 2214 1836 2283 1874; x_wconf 89' lang='lat' dir='ltr'>has</span> 
     </span>
     <span class='ocr_line' id='line_1_83' title="bbox 1255 1895 2282 1947; baseline 0.004 -16"><span class='ocrx_word' id='word_1_519' title='bbox 1255 1908 1295 1931; x_wconf 84' lang='lat' dir='ltr'>re</span> <span class='ocrx_word' id='word_1_520' title='bbox 1314 1895 1444 1932; x_wconf 91' lang='lat' dir='ltr'>laudat</span> <span class='ocrx_word' id='word_1_521' title='bbox 1474 1897 1516 1933; x_wconf 89' lang='lat' dir='ltr'>C.</span> <span class='ocrx_word' id='word_1_522' title='bbox 1536 1898 1747 1934; x_wconf 86' lang='lat' dir='ltr'>Hermann.</span> <span class='ocrx_word' id='word_1_523' title='bbox 1773 1896 1813 1933; x_wconf 90' lang='lat' dir='ltr'>in</span> <span class='ocrx_word' id='word_1_524' title='bbox 1842 1896 1981 1935; x_wconf 90' lang='lat' dir='ltr'>Scient.</span> <span class='ocrx_word' id='word_1_525' title='bbox 2011 1896 2194 1947; x_wconf 87' lang='lat' dir='ltr'>Antiquit.</span> <span class='ocrx_word' id='word_1_526' title='bbox 2215 1899 2282 1935; x_wconf 84' lang='lat' dir='ltr'>Gr·</span> 
     </span>
     <span class='ocr_line' id='line_1_84' title="bbox 1256 1953 2283 2008; baseline 0.004 -18"><span class='ocrx_word' id='word_1_527' title='bbox 1256 1954 1370 2004; x_wconf 84' lang='lat'><strong>§96‚</strong></span> <span class='ocrx_word' id='word_1_528' title='bbox 1395 1953 1469 2004; x_wconf 83' lang='lat'>12).</span> <span class='ocrx_word' id='word_1_529' title='bbox 1504 1954 1600 1992; x_wconf 90' lang='lat' dir='ltr'>Inde</span> <span class='ocrx_word' id='word_1_530' title='bbox 1625 1968 1719 1992; x_wconf 88' lang='lat' dir='ltr'>vero</span> <span class='ocrx_word' id='word_1_531' title='bbox 1741 1955 1855 1993; x_wconf 89' lang='lat' dir='ltr'>etiam</span> <span class='ocrx_word' id='word_1_532' title='bbox 1875 1955 1968 1993; x_wconf 91' lang='lat' dir='ltr'>illud</span> <span class='ocrx_word' id='word_1_533' title='bbox 1994 1955 2112 2008; x_wconf 82' lang='grc' dir='ltr'>ἰατροῦ</span> <span class='ocrx_word' id='word_1_534' title='bbox 2141 1969 2283 1994; x_wconf 88' lang='lat' dir='ltr'>nomen</span> 
     </span>
     <span class='ocr_line' id='line_1_85' title="bbox 1255 2013 2282 2067; baseline 0.004 -17"><span class='ocrx_word' id='word_1_535' title='bbox 1255 2013 1527 2065; x_wconf 86' lang='lat' dir='ltr'>explicandum</span> <span class='ocrx_word' id='word_1_536' title='bbox 1558 2028 1666 2062; x_wconf 90' lang='lat' dir='ltr'>esse,</span> <span class='ocrx_word' id='word_1_537' title='bbox 1708 2013 1802 2065; x_wconf 81' lang='lat' dir='ltr'>jam,</span> <span class='ocrx_word' id='word_1_538' title='bbox 1821 2029 1870 2053; x_wconf 87' lang='lat' dir='ltr'>ex</span> <span class='ocrx_word' id='word_1_539' title='bbox 1895 2029 1942 2053; x_wconf 93' lang='lat' dir='ltr'>eo</span> <span class='ocrx_word' id='word_1_540' title='bbox 1976 2015 2064 2053; x_wconf 86' lang='lat' dir='ltr'>licet</span> <span class='ocrx_word' id='word_1_541' title='bbox 2089 2016 2282 2067; x_wconf 82' lang='lat' dir='ltr'>augurari,</span> 
     </span>
     <span class='ocr_line' id='line_1_86' title="bbox 1255 2073 2283 2125; baseline 0.004 -15"><span class='ocrx_word' id='word_1_542' title='bbox 1255 2073 1360 2123; x_wconf 88' lang='lat' dir='ltr'>quod</span> <span class='ocrx_word' id='word_1_543' title='bbox 1379 2073 1492 2122; x_wconf 84' lang='lat' dir='ltr'>aedes,</span> <span class='ocrx_word' id='word_1_544' title='bbox 1513 2087 1599 2125; x_wconf 90' lang='lat' dir='ltr'>quae</span> <span class='ocrx_word' id='word_1_545' title='bbox 1617 2075 1656 2112; x_wconf 94' lang='lat' dir='ltr'>in</span> <span class='ocrx_word' id='word_1_546' title='bbox 1677 2077 1784 2112; x_wconf 90' lang='lat' dir='ltr'>Teno</span> <span class='ocrx_word' id='word_1_547' title='bbox 1803 2075 1926 2112; x_wconf 88' lang='lat' dir='ltr'>insula</span> <span class='ocrx_word' id='word_1_548' title='bbox 1941 2077 2122 2125; x_wconf 87' lang='lat' dir='ltr'>Neptuno</span> <span class='ocrx_word' id='word_1_549' title='bbox 2144 2088 2283 2114; x_wconf 87' lang='lat' dir='ltr'>conse-</span> 
     </span>
     <span class='ocr_line' id='line_1_87' title="bbox 1255 2133 2281 2185; baseline 0.003 -15"><span class='ocrx_word' id='word_1_550' title='bbox 1255 2141 1360 2171; x_wconf 84' lang='lat' dir='ltr'>crata</span> <span class='ocrx_word' id='word_1_551' title='bbox 1376 2142 1471 2181; x_wconf 84' lang='lat' dir='ltr'>erat,</span> <span class='ocrx_word' id='word_1_552' title='bbox 1491 2134 1683 2185; x_wconf 87' lang='lat' dir='ltr'>Apollinis</span> <span class='ocrx_word' id='word_1_553' title='bbox 1707 2133 1819 2185; x_wconf 88' lang='lat' dir='ltr'>jussu</span> <span class='ocrx_word' id='word_1_554' title='bbox 1846 2142 2042 2173; x_wconf 85' lang='lat' dir='ltr'>exstructa</span> <span class='ocrx_word' id='word_1_555' title='bbox 2058 2135 2281 2173; x_wconf 84' lang='lat' dir='ltr'>dicebatur:</span> 
     </span>
    </p>
   </div>
   <div class='ocr_carea' id='block_1_14' title="bbox 1143 2191 2122 2245">
    <p class='ocr_par' dir='ltr' id='par_1_27' title="bbox 1143 2191 2122 2245">
     <span class='ocr_line' id='line_1_88' title="bbox 1143 2191 2122 2245; baseline 0.003 -16"><span class='ocrx_word' id='word_1_556' title='bbox 1143 2200 1194 2235; x_wconf 80' lang='lat' dir='ltr'>A:</span> <span class='ocrx_word' id='word_1_557' title='bbox 1254 2205 1293 2229; x_wconf 87' lang='lat' dir='ltr'>v.</span> <span class='ocrx_word' id='word_1_558' title='bbox 1317 2191 1456 2230; x_wconf 85' lang='lat' dir='ltr'>Strabo</span> <span class='ocrx_word' id='word_1_559' title='bbox 1473 2195 1526 2240; x_wconf 90' lang='lat' dir='ltr'>X,</span> <span class='ocrx_word' id='word_1_560' title='bbox 1545 2207 1585 2245; x_wconf 91' lang='lat' dir='ltr'>p.</span> <span class='ocrx_word' id='word_1_561' title='bbox 1605 2194 1694 2242; x_wconf 88' lang='grc'>486,</span> <span class='ocrx_word' id='word_1_562' title='bbox 1715 2194 1832 2231; x_wconf 87' lang='lat' dir='ltr'>Tacit.</span> <span class='ocrx_word' id='word_1_563' title='bbox 1854 2197 1952 2232; x_wconf 86' lang='lat' dir='ltr'>Ann.</span> <span class='ocrx_word' id='word_1_564' title='bbox 1968 2197 2038 2242; x_wconf 89' lang='lat'>111,</span> <span class='ocrx_word' id='word_1_565' title='bbox 2060 2195 2122 2232; x_wconf 83' lang='lat'>63.</span> 
     </span>
    </p>
   </div>
   <div class='ocr_carea' id='block_1_15' title="bbox 1308 2253 2282 2368">
    <p class='ocr_par' dir='ltr' id='par_1_28' title="bbox 1308 2253 2282 2368">
     <span class='ocr_line' id='line_1_89' title="bbox 1733 2253 1820 2292; baseline 0.023 -2"><span class='ocrx_word' id='word_1_566' title='bbox 1733 2253 1820 2292; x_wconf 90' lang='lat'>185.</span> 
     </span>
     <span class='ocr_line' id='line_1_90' title="bbox 1308 2315 2282 2368; baseline 0.004 -15"><span class='ocrx_word' id='word_1_567' title='bbox 1308 2315 1415 2354; x_wconf 91' lang='lat' dir='ltr'>Idem</span> <span class='ocrx_word' id='word_1_568' title='bbox 1432 2315 1526 2355; x_wconf 90' lang='lat' dir='ltr'>ibid.</span> <span class='ocrx_word' id='word_1_569' title='bbox 1543 2330 1581 2368; x_wconf 91' lang='lat' dir='ltr'>p.</span> <span class='ocrx_word' id='word_1_570' title='bbox 1597 2318 1660 2366; x_wconf 81' lang='lat'>30,</span> <span class='ocrx_word' id='word_1_571' title='bbox 1675 2319 1728 2355; x_wconf 93' lang='lat' dir='ltr'>D:</span> <span class='ocrx_word' id='word_1_572' title='bbox 1746 2316 1913 2357; x_wconf 88' lang='grc' dir='ltr'>Τελεσίου</span> <span class='ocrx_word' id='word_1_573' title='bbox 1931 2320 1992 2356; x_wconf 83' lang='grc' dir='ltr'>τοῦ</span> <span class='ocrx_word' id='word_1_574' title='bbox 2017 2317 2216 2368; x_wconf 84' lang='grc' dir='ltr'>Ἀθηναίου,</span> <span class='ocrx_word' id='word_1_575' title='bbox 2235 2318 2282 2364; x_wconf 79' lang='grc' dir='ltr'>ὥς</span> 
     </span>
    </p>
   </div>
   <div class='ocr_carea' id='block_1_16' title="bbox 2106 2395 2276 2401">
    <p class='ocr_par' dir='ltr' id='par_1_29' title="bbox 2106 2395 2276 2401">
     <span class='ocr_line' id='line_1_91' title="bbox 2106 2395 2276 2401; baseline 0 0"><span class='ocrx_word' id='word_1_576' title='bbox 2106 2395 2276 2401; x_wconf 95' lang='lat' dir='ltr'> </span> 
     </span>
    </p>
   </div>
   <div class='ocr_carea' id='block_1_17' title="bbox 1251 2425 2320 2634">
    <p class='ocr_par' dir='ltr' id='par_1_30' title="bbox 1251 2425 2278 2520">
     <span class='ocr_line' id='line_1_92' title="bbox 1251 2425 2278 2468; baseline 0.005 -11"><span class='ocrx_word' id='word_1_577' title='bbox 1251 2425 1298 2458; x_wconf 91' lang='lat' dir='ltr'>sis</span> <span class='ocrx_word' id='word_1_578' title='bbox 1330 2425 1417 2458; x_wconf 90' lang='lat' dir='ltr'>diem</span> <span class='ocrx_word' id='word_1_579' title='bbox 1447 2426 1459 2467; x_wconf 94' lang='lat'>(</span> <span class='ocrx_word' id='word_1_580' title='bbox 1472 2426 1567 2467; x_wconf 84' lang='grc' dir='ltr'>ἔνην)</span> <span class='ocrx_word' id='word_1_581' title='bbox 1590 2426 1655 2460; x_wconf 90' lang='lat' dir='ltr'>Soli</span> <span class='ocrx_word' id='word_1_582' title='bbox 1671 2429 1769 2468; x_wconf 83' lang='lat' dir='ltr'>atque</span> <span class='ocrx_word' id='word_1_583' title='bbox 1784 2427 1924 2468; x_wconf 87' lang='lat' dir='ltr'>Apollini</span> <span class='ocrx_word' id='word_1_584' title='bbox 1952 2436 2076 2460; x_wconf 88' lang='lat' dir='ltr'>sacram</span> <span class='ocrx_word' id='word_1_585' title='bbox 2099 2437 2169 2462; x_wconf 87' lang='lat' dir='ltr'>esse</span> <span class='ocrx_word' id='word_1_586' title='bbox 2188 2429 2278 2462; x_wconf 82' lang='lat' dir='ltr'>dicit.</span> 
     </span>
     <span class='ocr_line' id='line_1_93' title="bbox 1720 2487 1808 2520; baseline -0.023 0"><span class='ocrx_word' id='word_1_587' title='bbox 1720 2487 1808 2520; x_wconf 86' lang='lat'>182.</span> 
     </span>
    </p>

    <p class='ocr_par' dir='ltr' id='par_1_31' title="bbox 1293 2544 2281 2588">
     <span class='ocr_line' id='line_1_94' title="bbox 1293 2544 2281 2588; baseline 0.005 -14"><span class='ocrx_word' id='word_1_588' title='bbox 1293 2544 1438 2575; x_wconf 86' lang='lat' dir='ltr'>Mensem</span> <span class='ocrx_word' id='word_1_589' title='bbox 1455 2544 1618 2586; x_wconf 85' lang='grc' dir='ltr'>ἱστάμενον</span> <span class='ocrx_word' id='word_1_590' title='bbox 1636 2545 1870 2587; x_wconf 86' lang='lat' dir='ltr'>(incipientem)</span> <span class='ocrx_word' id='word_1_591' title='bbox 1884 2545 2045 2579; x_wconf 78' lang='lat' dir='ltr'>vocabant</span> <span class='ocrx_word' id='word_1_592' title='bbox 2058 2555 2164 2588; x_wconf 87' lang='lat' dir='ltr'>usque</span> <span class='ocrx_word' id='word_1_593' title='bbox 2179 2546 2221 2579; x_wconf 88' lang='lat' dir='ltr'>ad</span> <span class='ocrx_word' id='word_1_594' title='bbox 2237 2546 2281 2579; x_wconf 86' lang='lat' dir='ltr'>vi-</span> 
     </span>
    </p>

    <p class='ocr_par' dir='ltr' id='par_1_32' title="bbox 1252 2590 2320 2634">
     <span class='ocr_line' id='line_1_95' title="bbox 1252 2590 2320 2634; baseline 0.005 -12"><span class='ocrx_word' id='word_1_595' title='bbox 1252 2590 1405 2623; x_wconf 84' lang='lat' dir='ltr'>cesimam</span> <span class='ocrx_word' id='word_1_596' title='bbox 1419 2591 1505 2624; x_wconf 89' lang='lat' dir='ltr'>diem</span> <span class='ocrx_word' id='word_1_597' title='bbox 1517 2615 1527 2631; x_wconf 88' lang='lat'>‚</span> <span class='ocrx_word' id='word_1_598' title='bbox 1543 2593 1618 2633; x_wconf 90' lang='lat' dir='ltr'>post</span> <span class='ocrx_word' id='word_1_599' title='bbox 1643 2592 1728 2624; x_wconf 89' lang='lat' dir='ltr'>hanc</span> <span class='ocrx_word' id='word_1_600' title='bbox 1744 2601 1823 2625; x_wconf 85' lang='lat' dir='ltr'>vero</span> <span class='ocrx_word' id='word_1_601' title='bbox 1838 2591 1990 2625; x_wconf 84' lang='lat' dir='ltr'>dicebant</span> <span class='ocrx_word' id='word_1_602' title='bbox 2004 2593 2122 2634; x_wconf 85' lang='lat' dir='ltr'>prima,</span> <span class='ocrx_word' id='word_1_603' title='bbox 2137 2593 2279 2627; x_wconf 81' lang='lat' dir='ltr'>secunda</span> <span class='ocrx_word' id='word_1_604' title='bbox 2316 2607 2320 2610; x_wconf 96' lang='lat'>·</span> 
     </span>
    </p>
   </div>
   <div class='ocr_carea' id='block_1_18' title="bbox 1251 2637 2311 2727">
    <p class='ocr_par' dir='ltr' id='par_1_33' title="bbox 1251 2637 2311 2727">
     <span class='ocr_line' id='line_1_96' title="bbox 1252 2637 2311 2683; baseline 0.007 -15"><span class='ocrx_word' id='word_1_605' title='bbox 1252 2637 1304 2669; x_wconf 85' lang='lat' dir='ltr'>die</span> <span class='ocrx_word' id='word_1_606' title='bbox 1322 2638 1477 2679; x_wconf 84' lang='grc' dir='ltr'>φθίνοντος</span> <span class='ocrx_word' id='word_1_607' title='bbox 1504 2639 1719 2680; x_wconf 87' lang='lat' dir='ltr'>(desinentis).</span> <span class='ocrx_word' id='word_1_608' title='bbox 1740 2639 1955 2672; x_wconf 89' lang='lat' dir='ltr'>Philochorus</span> <span class='ocrx_word' id='word_1_609' title='bbox 1982 2641 2050 2680; x_wconf 86' lang='lat' dir='ltr'>ait,</span> <span class='ocrx_word' id='word_1_610' title='bbox 2075 2649 2189 2674; x_wconf 87' lang='lat' dir='ltr'>omnes</span> <span class='ocrx_word' id='word_1_611' title='bbox 2211 2642 2279 2675; x_wconf 77' lang='lat' dir='ltr'>tres</span> <span class='ocrx_word' id='word_1_612' title='bbox 2310 2679 2311 2683; x_wconf 13' lang='grc' dir='ltr'><strong>Ἰ</strong></span> 
     </span>
     <span class='ocr_line' id='line_1_97' title="bbox 1251 2685 1888 2727; baseline 0.006 -12"><span class='ocrx_word' id='word_1_613' title='bbox 1251 2685 1373 2717; x_wconf 88' lang='lat' dir='ltr'>mensis</span> <span class='ocrx_word' id='word_1_614' title='bbox 1389 2687 1496 2727; x_wconf 87' lang='lat' dir='ltr'>partes</span> <span class='ocrx_word' id='word_1_615' title='bbox 1512 2687 1669 2719; x_wconf 79' lang='lat' dir='ltr'>Minervae</span> <span class='ocrx_word' id='word_1_616' title='bbox 1685 2695 1792 2719; x_wconf 87' lang='lat' dir='ltr'>sacras</span> <span class='ocrx_word' id='word_1_617' title='bbox 1807 2695 1888 2719; x_wconf 62' lang='lat' dir='ltr'>esse.</span> 
     </span>
    </p>
   </div>
   <div class='ocr_carea' id='block_1_19' title="bbox 1724 2752 1812 2786">
    <p class='ocr_par' dir='ltr' id='par_1_34' title="bbox 1724 2752 1812 2786">
     <span class='ocr_line' id='line_1_98' title="bbox 1724 2752 1812 2786; baseline 0.011 -1"><span class='ocrx_word' id='word_1_618' title='bbox 1724 2752 1812 2786; x_wconf 88' lang='grc'><strong>183.</strong></span> 
     </span>
    </p>
   </div>
   <div class='ocr_carea' id='block_1_20' title="bbox 1251 2807 2314 2992">
    <p class='ocr_par' dir='ltr' id='par_1_35' title="bbox 1251 2807 2314 2992">
     <span class='ocr_line' id='line_1_99' title="bbox 1293 2807 2277 2850; baseline 0.003 -11"><span class='ocrx_word' id='word_1_619' title='bbox 1293 2807 1368 2840; x_wconf 88' lang='lat' dir='ltr'>Dies</span> <span class='ocrx_word' id='word_1_620' title='bbox 1385 2808 1626 2842; x_wconf 87' lang='lat' dir='ltr'>undevicesima</span> <span class='ocrx_word' id='word_1_621' title='bbox 1649 2811 1681 2842; x_wconf 90' lang='lat' dir='ltr'>et</span> <span class='ocrx_word' id='word_1_622' title='bbox 1704 2808 1967 2842; x_wconf 83' lang='lat' dir='ltr'>duodevicesima</span> <span class='ocrx_word' id='word_1_623' title='bbox 1990 2817 2032 2842; x_wconf 83' lang='lat' dir='ltr'>ex</span> <span class='ocrx_word' id='word_1_624' title='bbox 2053 2809 2158 2850; x_wconf 80' lang='lat' dir='ltr'>patrio</span> <span class='ocrx_word' id='word_1_625' title='bbox 2182 2810 2277 2842; x_wconf 85' lang='lat' dir='ltr'>Athe·</span> 
     </span>
     <span class='ocr_line' id='line_1_100' title="bbox 1252 2854 2311 2890; baseline 0.003 -4"><span class='ocrx_word' id='word_1_626' title='bbox 1252 2854 1413 2887; x_wconf 87' lang='lat' dir='ltr'>niensium</span> <span class='ocrx_word' id='word_1_627' title='bbox 1430 2864 1519 2888; x_wconf 87' lang='lat' dir='ltr'>more</span> <span class='ocrx_word' id='word_1_628' title='bbox 1534 2856 1723 2888; x_wconf 89' lang='lat' dir='ltr'>tribuuntur</span> <span class='ocrx_word' id='word_1_629' title='bbox 1736 2856 1984 2889; x_wconf 88' lang='lat' dir='ltr'>lustrationibus</span> <span class='ocrx_word' id='word_1_630' title='bbox 1999 2858 2031 2889; x_wconf 85' lang='lat' dir='ltr'>et</span> <span class='ocrx_word' id='word_1_631' title='bbox 2051 2857 2278 2890; x_wconf 82' lang='lat' dir='ltr'>obsecrationi·</span> <span class='ocrx_word' id='word_1_632' title='bbox 2306 2859 2311 2885; x_wconf 75' lang='grc' dir='ltr'><em>ὲ</em></span> 
     </span>
     <span class='ocr_line' id='line_1_101' title="bbox 1251 2901 2314 2946; baseline 0.005 -13"><span class='ocrx_word' id='word_1_633' title='bbox 1251 2901 1326 2942; x_wconf 92' lang='lat' dir='ltr'>bus,</span> <span class='ocrx_word' id='word_1_634' title='bbox 1353 2904 1390 2934; x_wconf 87' lang='lat' dir='ltr'>ut</span> <span class='ocrx_word' id='word_1_635' title='bbox 1405 2903 1538 2934; x_wconf 82' lang='lat' dir='ltr'>tradunt</span> <span class='ocrx_word' id='word_1_636' title='bbox 1551 2903 1764 2936; x_wconf 84' lang='lat' dir='ltr'>Philochorus</span> <span class='ocrx_word' id='word_1_637' title='bbox 1780 2905 1813 2936; x_wconf 89' lang='lat' dir='ltr'>et</span> <span class='ocrx_word' id='word_1_638' title='bbox 1816 2927 1917 2935; x_wconf 86' lang='grc'><strong>........</strong></span> <span class='ocrx_word' id='word_1_639' title='bbox 1935 2927 1944 2944; x_wconf 90' lang='grc'>,</span> <span class='ocrx_word' id='word_1_640' title='bbox 1972 2903 2069 2936; x_wconf 88' lang='lat' dir='ltr'>ambo</span> <span class='ocrx_word' id='word_1_641' title='bbox 2099 2903 2276 2945; x_wconf 80' lang='lat' dir='ltr'>patriorum</span> <span class='ocrx_word' id='word_1_642' title='bbox 2305 2935 2314 2946; x_wconf 18' lang='grc' dir='ltr'>,Δ</span> 
     </span>
     <span class='ocr_line' id='line_1_102' title="bbox 1252 2949 1693 2992; baseline 0.005 -11"><span class='ocrx_word' id='word_1_643' title='bbox 1252 2949 1478 2982; x_wconf 85' lang='lat' dir='ltr'>institutorum</span> <span class='ocrx_word' id='word_1_644' title='bbox 1494 2950 1693 2992; x_wconf 81' lang='lat' dir='ltr'>interpretes.</span> 
     </span>
    </p>
   </div>
   <div class='ocr_carea' id='block_1_21' title="bbox 1693 3020 1842 3031">
    <p class='ocr_par' dir='ltr' id='par_1_36' title="bbox 1693 3020 1842 3031">
     <span class='ocr_line' id='line_1_103' title="bbox 1693 3020 1842 3031; baseline -0.013 -1"><span class='ocrx_word' id='word_1_645' title='bbox 1693 3020 1842 3031; x_wconf 73' lang='lat'>——-—</span> 
     </span>
    </p>
   </div>
   <div class='ocr_carea' id='block_1_22' title="bbox 1431 3071 2093 3113">
    <p class='ocr_par' dir='ltr' id='par_1_37' title="bbox 1431 3071 2093 3113">
     <span class='ocr_line' id='line_1_104' title="bbox 1431 3071 2093 3113; baseline -0.002 -1"><span class='ocrx_word' id='word_1_646' title='bbox 1431 3072 1774 3113; x_wconf 85' lang='lat' dir='ltr'>DELIACORUM</span> <span class='ocrx_word' id='word_1_647' title='bbox 1807 3071 1948 3111; x_wconf 86' lang='lat' dir='ltr'>LIBRI</span> <span class='ocrx_word' id='word_1_648' title='bbox 1974 3071 2093 3111; x_wconf 90' lang='lat' dir='ltr'>DUO.</span> 
     </span>
    </p>
   </div>
   <div class='ocr_carea' id='block_1_23' title="bbox 1716 3148 1804 3181">
    <p class='ocr_par' dir='ltr' id='par_1_38' title="bbox 1716 3148 1804 3181">
     <span class='ocr_line' id='line_1_105' title="bbox 1716 3148 1804 3181; baseline -0.023 0"><span class='ocrx_word' id='word_1_649' title='bbox 1716 3148 1804 3181; x_wconf 83' lang='lat'>184.</span> 
     </span>
    </p>
   </div>
   <div class='ocr_carea' id='block_1_24' title="bbox 1251 3187 2317 3398">
    <p class='ocr_par' dir='ltr' id='par_1_39' title="bbox 1251 3187 2317 3347">
     <span class='ocr_line' id='line_1_106' title="bbox 1292 3187 2317 3252; baseline -0.001 -9"><span class='ocrx_word' id='word_1_650' title='bbox 1292 3210 1503 3244; x_wconf 89' lang='lat' dir='ltr'>Philochorus</span> <span class='ocrx_word' id='word_1_651' title='bbox 1527 3211 1561 3243; x_wconf 94' lang='lat' dir='ltr'>in</span> <span class='ocrx_word' id='word_1_652' title='bbox 1582 3212 1670 3243; x_wconf 88' lang='lat' dir='ltr'>Teno</span> <span class='ocrx_word' id='word_1_653' title='bbox 1697 3212 1780 3248; x_wconf 85' lang='lat' dir='ltr'>(una</span> <span class='ocrx_word' id='word_1_654' title='bbox 1805 3219 1843 3242; x_wconf 89' lang='lat' dir='ltr'>ex</span> <span class='ocrx_word' id='word_1_655' title='bbox 1861 3209 2058 3251; x_wconf 82' lang='lat' dir='ltr'>cycladibus</span> <span class='ocrx_word' id='word_1_656' title='bbox 2087 3209 2216 3252; x_wconf 82' lang='lat' dir='ltr'>insulis)</span> <span class='ocrx_word' id='word_1_657' title='bbox 2230 3207 2274 3242; x_wconf 78' lang='lat' dir='ltr'>ait</span> <span class='ocrx_word' id='word_1_658' title='bbox 2287 3187 2317 3212; x_wconf 30' lang='lat' dir='ltr'>&#39;a</span> 
     </span>
     <span class='ocr_line' id='line_1_107' title="bbox 1251 3256 2273 3301; baseline -0.003 -9"><span class='ocrx_word' id='word_1_659' title='bbox 1251 3260 1436 3301; x_wconf 83' lang='lat' dir='ltr'>Neptunum</span> <span class='ocrx_word' id='word_1_660' title='bbox 1453 3258 1614 3290; x_wconf 86' lang='lat' dir='ltr'>Medicum</span> <span class='ocrx_word' id='word_1_661' title='bbox 1636 3257 1709 3298; x_wconf 84' lang='lat' dir='ltr'>coli,</span> <span class='ocrx_word' id='word_1_662' title='bbox 1727 3259 1901 3290; x_wconf 88' lang='lat' dir='ltr'>Saturnum</span> <span class='ocrx_word' id='word_1_663' title='bbox 1915 3259 2024 3290; x_wconf 88' lang='lat' dir='ltr'>autem</span> <span class='ocrx_word' id='word_1_664' title='bbox 2037 3257 2142 3298; x_wconf 84' lang='lat' dir='ltr'>jacere</span> <span class='ocrx_word' id='word_1_665' title='bbox 2154 3257 2187 3289; x_wconf 86' lang='lat' dir='ltr'>in</span> <span class='ocrx_word' id='word_1_666' title='bbox 2199 3256 2273 3290; x_wconf 86' lang='lat' dir='ltr'>Sici-</span> 
     </span>
     <span class='ocr_line' id='line_1_108' title="bbox 1251 3305 1690 3347; baseline -0.009 -8"><span class='ocrx_word' id='word_1_667' title='bbox 1251 3307 1294 3339; x_wconf 91' lang='lat' dir='ltr'>lia</span> <span class='ocrx_word' id='word_1_668' title='bbox 1309 3306 1417 3347; x_wconf 91' lang='lat' dir='ltr'>ibique</span> <span class='ocrx_word' id='word_1_669' title='bbox 1432 3314 1503 3339; x_wconf 88' lang='lat' dir='ltr'>esse</span> <span class='ocrx_word' id='word_1_670' title='bbox 1517 3305 1690 3347; x_wconf 89' lang='lat' dir='ltr'>sepultum.</span> 
     </span>
    </p>

    <p class='ocr_par' dir='ltr' id='par_1_40' title="bbox 1719 3360 1837 3398">
     <span class='ocr_line' id='line_1_109' title="bbox 1719 3360 1837 3398; baseline -0.017 0"><span class='ocrx_word' id='word_1_671' title='bbox 1719 3364 1805 3398; x_wconf 85' lang='lat'>185.</span> <span class='ocrx_word' id='word_1_672' title='bbox 1829 3360 1837 3366; x_wconf 89' lang='grc'><em>“</em></span> 
     </span>
    </p>
   </div>
   <div class='ocr_carea' id='block_1_25' title="bbox 1295 3415 2270 3458">
    <p class='ocr_par' dir='ltr' id='par_1_41' title="bbox 1295 3415 2270 3458">
     <span class='ocr_line' id='line_1_110' title="bbox 1295 3415 2270 3458; baseline -0.005 -6"><span class='ocrx_word' id='word_1_673' title='bbox 1295 3423 1320 3452; x_wconf 83' lang='grc' dir='ltr'>Α</span> <span class='ocrx_word' id='word_1_674' title='bbox 1337 3419 1462 3452; x_wconf 89' lang='lat' dir='ltr'>Telesio</span> <span class='ocrx_word' id='word_1_675' title='bbox 1475 3418 1682 3458; x_wconf 83' lang='lat' dir='ltr'>Atheniensi,</span> <span class='ocrx_word' id='word_1_676' title='bbox 1697 3419 1733 3449; x_wconf 83' lang='lat' dir='ltr'>ut</span> <span class='ocrx_word' id='word_1_677' title='bbox 1755 3416 1853 3449; x_wconf 85' lang='lat' dir='ltr'>tradit</span> <span class='ocrx_word' id='word_1_678' title='bbox 1868 3416 2096 3455; x_wconf 83' lang='lat' dir='ltr'>Philochorus,</span> <span class='ocrx_word' id='word_1_679' title='bbox 2113 3415 2270 3448; x_wconf 80' lang='lat' dir='ltr'>elaborata</span> 
     </span>
    </p>
   </div>
  </div>
 </body>
</html>
