2320 3684
839 157 1042 197 XANTHI
1069 158 1404 201 FRAGMENTA.
2142 168 2189 201 43

364 250 517 291 LIBER
546 247 806 298 QUARTUS.

556 318 579 356 2
588 319 621 356 1.

127 388 311 440 Stephan.
329 389 426 436 Byz.:
444 381 643 429 Ἀστελέὸη,
657 380 756 424 πόλις
766 379 908 423 Λυδίας.
926 379 1061 424 Ξάνθος
1071 381 1104 418 ἐν

75 447 225 502 τετάρτῃ
239 445 436 485 Λυδιακῶν·
456 443 488 480 οἱ
509 442 682 483 οἰκοῦντες
701 438 945 478 Ἀστελεὸαῖοι.

563 509 624 547 22

129 575 430 626 8ῐθΡ11ειῃ.Β)’Ζ.ε
453 568 624 622 Ἀστερία,
642 567 742 612 πόλις
761 566 901 611 Λυδίας·
923 566 1086 609 Ξάνθος
1071 582 1105 604 εν

77 631 226 686 τετάρτῃ
259 631 443 670 Λυδιακῶν
468 626 609 679 λέγεται
636 626 697 666 καὶ
726 625 894 679 Ἀστερίς·
915 628 933 663 6
963 624 1106 672 πολίτης

80 689 304 745 Ἄστεριώτης
318 689 379 727 καὶ
395 685 578 740 Ἀστέριος.

131 753 208 788 Pro
219 747 348 791 Λυδίας
368 746 488 786 Codd.
505 749 618 784 Mser.
641 753 679 782 et
689 744 913 782 Eustathius
930 743 978 781 ad
995 743 1106 783 Iliad.

79 807 209 861 Συρίας
238 806 434 854 exhibent,
468 817 686 856 perperam.
713 805 807 850 Quae
837 803 898 840 his
924 803 970 841 fr.
991 801 1107 840 urbes

79 874 341 905 memorantur
361 865 561 917 Eupatria,
587 862 778 908 Astelebe‚
814 863 980 907 Asteria,
1000 862 1108 900 wel-

79 928 216 968 ckerus
236 926 344 963 fictas
363 937 444 962 esse
460 931 572 975 putat
591 936 612 960 a
625 922 719 959 salso
733 921 801 959 illo
818 921 988 969 Xantho,
1001 921 1109 958 simi-

79 986 168 1024 liter
184 998 228 1022 ac
251 984 401 1035 Pyrrha
419 982 458 1020 in
482 983 610 1032 Etym.
628 982 680 1019 M.
711 994 758 1018 ex
778 980 914 1018 eodem
946 980 1107 1018 fortasse

81 1043 247 1091 Xantho,
267 1043 334 1094 qui
354 1054 438 1080 eam
457 1041 576 1092 Gygis
595 1053 723 1078 arcem
740 1039 799 1078 vel
823 1038 958 1077 urbem
977 1040 1109 1077 menti—

82 1111 142 1141 tus
161 1102 220 1140 sit.

567 1157 629 1196 23.

135 1219 318 1271 Stephan.
340 1221 450 1268 Byz.:
469 1215 664 1265 Ἀσκάλων,
691 1214 791 1260 πόλις
814 1215 944 1270 Συρίας
962 1214 1047 1269 πρὸς
1064 1219 1108 1268 τῇ

83 1274 248 1331 Ἰουδαίᾳ.
275 1276 410 1320 Ξάνθος
444 1277 479 1314 ἐν
511 1275 661 1329 τετάρτῃ
698 1275 882 1314 Λυδιακῶν
909 1290 1026 1327 φησιν,
1057 1273 1110 1312 δ’τι

85 1337 269 1380 Τάνταλος
294 1335 354 1374 καὶ
382 1334 570 1383 Ἄσκαλος,
598 1334 720 1378 παῖδες
751 1333 958 1385 Ὑμεναίου·
989 1333 1047 1372 τὸν
1073 1332 1109 1371 δὲ

84 1395 257 1435 Ἄσκαλον
273 1395 341 1433 ὑπὸ
356 1394 524 1444 Ἀκιαμοῦ
543 1397 604 1431 τοῦ
621 1393 745 1431 Λυδῶν
767 1391 939 1445 βασιλέως
959 1390 1110 1445 αἱρεθέν-

82 1470 128 1493 τα
148 1453 355 1507 στρατηγὸν,
368 1454 416 1496 εἷς
433 1451 565 1505 Συρίαν
585 1455 808 1507 στρατεῦσαι·
820 1453 920 1489 κάκεῖ
938 1450 1109 1505 παρθένου

83 1512 319 1568 (ἐρασθέντα),
337 1511 438 1550 πόλιν
456 1510 586 1559 κτίσαι,
605 1509 648 1558 ἣν
669 1510 727 1563 ἀφ’
747 1512 870 1548 ἑαυτοῦ
891 1509 999 1553 οὕτως
1018 1509 1110 1548 ὠνό-

84 1586 188 1623 μασε·
207 1570 253 1610 τὰ
272 1570 361 1610 αὐτὰ
379 1570 439 1609 καὶ
455 1569 630 1614 Νικόλαος
643 1569 678 1608 ἐν
698 1569 847 1622 τετάρτῃ
862 1569 998 1622 ἱστορίᾳ
1015 1570 1107 1620 (vid.

82 1630 303 1682 Fragmed.
323 1630 442 1669 Orell.
463 1642 550 1680 pag.
573 1643 589 1666 1
602 1627 886 1680 16)....Λέγεται
905 1627 966 1666 καὶ
978 1627 1109 1666 Ἀσκα-

82 1687 206 1727 λώνιον
225 1691 247 1736 ἠ
265 1687 382 1732 πόλις.
406 1686 460 1727 Τὸ
478 1685 609 1725 ἐθνικὸν
628 1685 887 1733 Ἀσκαλωνίτης
901 1685 960 1724 καὶ
985 1686 1110 1725 Ἀσκα-

82 1746 203 1791 λώνιος
217 1778 230 1799 ,
265 1749 312 1791 ὥς
347 1746 482 1790 Ξάνθος
500 1749 518 1784 ὃ
538 1744 668 1794 Λυδὸς,
709 1745 768 1783 καὶ
797 1745 1008 1788 Ἀσκαλωνὶς
1044 1748 1109 1793 θη-

82 1805 196 1844 λυκόν.
206 1810 250 1845 In
261 1820 308 1845 eo
322 1806 427 1858 quod
436 1808 666 1855 Hymenaeus
677 1805 828 1842 Tantali
845 1814 882 1842 et
895 1805 1019 1842 Ascali
1037 1818 1108 1855 pa-

84 1873 142 1903 ter
165 1865 318 1913 dicitur,
338 1865 564 1904 Welckerus
588 1863 837 1901 Alexandrini
852 1863 1021 1902 hominis
1041 1864 1110 1901 do—

83 1924 244 1964 ctrinam
261 1936 467 1975 agnoscere
485 1921 559 1961 sibi
578 1922 746 1960 videtur.

136 2040 322 2091 Stephan.
339 2043 443 2090 Byz.:
463 2038 609 2087 Σιδήνη,
630 2036 730 2082 πόλις
743 2037 889 2087 Λυκίας,
905 2039 951 2081 ὡς
973 2037 1110 2082 Ξάνθος

83 2099 118 2136 ἓν
133 2100 318 2141 Λυκιακῶν
338 2098 426 2150 (scr.
441 2096 640 2149 Λυδιακῶν)
657 2095 825 2149 τετάρτῳ.
840 2095 880 2135 τὸ
898 2096 1029 2135 ἐθνικὸν
1046 2099 1111 2136 Σι-

82 2156 199 2207 δηνὸς,
217 2159 263 2200 ὡς
278 2155 447 2210 Σοφηνός.

135 2274 319 2325 stephan.
340 2278 429 2323 Byz.
450 2288 459 2310 ε
476 2271 703 2323 Μελάμπεια,
734 2270 832 2315 πόλις
868 2272 1018 2320 Λυδίας,
1039 2271 1110 2310 ἀπὸ

374 2419 526 2457 LIBER
562 2418 818 2466 QUARTUS.

562 2494 627 2526 21.

125 2552 283 2592 Astelebe,
296 2551 374 2583 urbs
388 2550 512 2592 Lydiae,
530 2551 660 2583 auctore
676 2551 716 2582 X.
735 2549 866 2590 Incolae,
883 2549 1064 2583 Astelebaei.

128 2652 274 2691 Asteria,
294 2651 450 2693 oppidum
467 2650 600 2691 Lydiae,
622 2651 714 2691 cujus
728 2652 768 2682 X.
787 2650 944 2682 meminit.
968 2652 1110 2683 Vocatur

83 2710 213 2743 quoque
227 2699 361 2733 Asteris.
383 2699 587 2740 OppidanuS,
611 2699 788 2732 Asteriotes
803 2700 836 2732 et
850 2698 1007 2731 Asterius

125 2800 286 2840 Ascalon,
302 2799 380 2832 urbs
399 2799 510 2840 Syriae,
526 2777 626 2840 juxta·
633 2801 653 2831 J
657 2799 794 2831 udaeam
818 2801 859 2831 X.
877 2799 984 2838 refer-‚t
997 2801 1108 2831 Tanta-

85 2848 151 2880 lum
166 2850 199 2880 et
216 2847 366 2880 Ascalum
382 2845 552 2887 Hymenaei
573 2846 675 2878 fuisse
695 2845 799 2886 filios;
829 2846 979 2878 Ascalum
996 2847 1105 2877 autem

84 2896 201 2928 ducem
212 2894 350 2927 electum
363 2902 382 2925 a
390 2893 554 2934 Lydorum
565 2901 639 2934 rege
645 2892 798 2925 Aciamo‘
789 2902 823 2925 in
834 2893 926 2934 Syria
938 2892 1106 2932 militasse,

82 2945 116 2975 et
129 2941 263 2983 virginis
285 2949 394 2972 amore
414 2942 565 2981 captum,
589 2939 704 2971 urbem
723 2939 768 2971 ibi
784 2949 804 2972 a
828 2948 863 2971 se
884 2939 1048 2971 conditam
1065 2939 1106 2971 de

84 2998 144 3022 suo
160 2988 291 3020 nomine
314 2987 501 3028 appellasse.
524 2985 646 3018 Eadem
667 2995 798 3027 quoque
818 2987 926 3017 narrat
951 2985 1105 3017 Nicolaus

83 3035 165 3068 libro
179 3037 294 3076 quarto
309 3032 536 3066 Historiarum.
545 3033 678 3065 —Urbs
693 3042 823 3074 quoque
838 3031 1046 3065 Ascalonium
1054 3041 1106 3073 ap-

85 3082 229 3123 pellatur.
253 3081 394 3120 Gentile‚
411 3079 595 3113 Ascalonita
609 3082 642 3112 et
654 3080 845 3112 Ascalonius
856 3103 866 3119 ,
890 3079 940 3112 uti
955 3079 1104 3111 Xanthus

84 3129 196 3170 Lydus
211 3128 374 3170 perhibet;
397 3128 430 3160 et
444 3126 637 3159 Ascalonitis
656 3126 845 3158 femininum
863 3128 923 3159 est.

125 3226 240 3259 Sidene
252 3250 262 3266 ,
287 3226 363 3258 urbs
378 3226 502 3268 Lyciae,
521 3228 557 3258 ut
577 3228 617 3258 X.
636 3224 782 3265 Gentile,
811 3225 950 3258 Sidenus
965 3249 973 3264 ‚
994 3227 1031 3255 ut
1052 3225 1103 3255 So-

86 3274 222 3314 phenuS.

558 3321 621 3353 25.

125 3365 312 3407 Melampia‚
331 3365 408 3398 urbs
424 3365 545 3407 Lydiae,
563 3375 582 3397 a
596 3365 767 3406 Melampo.

1164 248 1378 299 Μελάμπου,
1415 251 1461 292 ὡς
1490 248 1625 292 Ξάνθος
1661 248 1697 286 ἐν
1733 249 1920 291 Λυκιακοῖς
1945 249 2031 300 (scr.
2055 249 2191 287 Λυδια-

1162 310 1259 357 κοῖς).
1274 311 1364 345 Haec
1382 321 1538 359 quoque
1554 307 1660 354 urbs,
1671 316 1711 345 ut
1727 307 1952 345 Welckerus
1968 316 2093 358 putat,
2104 309 2192 345 Dio·

1164 366 1262 415 nysii
1293 367 1633 417 Scytobrachionis
1653 366 1809 418 ingenio
1840 366 1973 405 deberi
1998 367 2163 404 videtur.

1217 488 1397 538 Stephan.
1415 493 1503 539 Byz.
1522 503 1531 525 :
1554 488 1695 541 Ἔλγος,
1709 487 1868 541 πόλισμα
1894 488 2028 533 Λυκίας
2050 488 2194 541 (Λυδίας

1164 545 1263 596 Ald.)
1286 547 1331 589 ὡς
1351 546 1485 590 Ξάνθος
1504 549 1540 586 ἓν
1559 550 1748 592 Λυκιακοῖς
1764 550 1851 600 (scr.
1865 549 2074 600 Λυδιακοῖς).

1219 668 1395 707 Clemens
1414 670 1523 707 Alex.
1543 673 1722 709 Stromat.
1751 675 1785 718 Ι,
1819 685 1904 723 pag.
1938 672 2013 722 398
2036 676 2194 710 Pottera

1166 726 1235 765 Ναι
1272 726 1341 778 μὴν
1377 743 1436 765 και
1467 726 1692 782 Τέρπανδρον
1721 729 1926 783 ἀρχαΐζουσί
1944 746 2044 775 τινες·
2066 730 2109 769 Γ
2110 730 2190 769 λλα

1165 784 1258 829 νικός
1282 786 1315 837 γ’
1341 789 1400 823 οὖν
1438 801 1558 824 τουτον
1582 789 1712 841 ἱστορεῖ
1730 787 1822 826 κατὰ
1853 789 1969 828 Μίδαν
2005 805 2195 860 γεγρνεναι.

1168 843 1324 888 Φανείας
1352 843 1389 882 δὲ
1415 844 1485 898 πρὸ
1507 845 1735 899 Τερπάνδρου
1759 847 1862 891 τιθεις
1886 847 2028 900 Λεσχην
2046 848 2105 886 τὸν
2123 847 2195 887 Λέ-

1166 902 1277 952 σ6ιον,
1313 902 1520 956 Ἀρχιλόχου
1546 902 1711 957 νεώτερον
1739 904 1833 958 φέρει
1863 905 1921 944 τὸν
1945 906 2191 961 Τέρπανδρον·

1168 963 1420 1014 διημιλλῆσθαι
1434 963 1470 1002 δὲ
1483 964 1541 1002 τὸν
1561 963 1705 1016 Λέσχην
1726 965 1913 1019 Ἀρκτίνῳ,
1938 967 1996 1004 καὶ
2013 966 2195 1015 νενικηκέ-

1166 1038 1224 1060 ναι
1243 1037 1251 1046 ·
1271 1022 1407 1067 Ξάνθος
1443 1021 1479 1061 δὲ
1499 1025 1517 1061 6
1537 1022 1649 1067 Λυδὸς
1681 1023 1761 1077 περὶ
1794 1023 1857 1071 τὴν
1894 1026 2195 1073 ὀκτωκαιδεκάτην

1168 1080 1410 1132 Ὀλυμπιάδα.

1220 1140 1426 1192 Temporis
1444 1154 1492 1179 ex
1514 1141 1809 1192 olympiadibus
1831 1143 2067 1192 computatio
2087 1142 2199 1180 docet

1169 1200 1249 1237 haec
1281 1213 1359 1237 non
1386 1213 1467 1238 esse
1489 1200 1651 1246 Xanthi,
1673 1200 1740 1238 sed
1761 1200 1890 1251 potius
1920 1201 2122 1250 Dionysii,
2151 1202 2199 1238 ad

1168 1258 1276 1309 cujus
1308 1259 1493 1309 Lydiaca,
1511 1267 1554 1296 ut
1572 1260 1799 1297 Welckerus
1819 1267 1972 1305 monet,
1999 1260 2089 1296 satis
2110 1267 2198 1309 apte

1169 1318 1301 1355 referri
1336 1326 1511 1368 possunt,
1537 1318 1568 1355 si
1591 1318 1746 1368 quidem
1776 1331 1824 1355 ex
1850 1317 1983 1354 iisdem
2020 1317 2199 1355 Nicolaus
2255 1345 2258 1348 -

1167 1377 1385 1414 narraverit
1412 1377 1561 1428 Gygem
1591 1378 1817 1415 Graecorum
1847 1385 1982 1427 poetas
2023 1375 2200 1413 benevo-

1169 1436 1377 1474 lentissime
1400 1436 1608 1486 excepisse.
1628 1436 1811 1474 Johnsius
1829 1436 1868 1472 in
1888 1436 2031 1473 Histor.
2055 1434 2150 1485 phil.
2170 1436 2198 1482 l,

1167 1509 1206 1546 p.
1226 1508 1313 1542 12¹,
1333 1495 1409 1531 hoc
1424 1495 1518 1545 frag.
1535 1495 1694 1532 Xantho
1708 1494 1954 1543 Atheniensi,
1974 1494 2199 1544 Theophra-

1168 1553 1216 1591 sti
1236 1554 1388 1603 aequali,
1413 1554 1559 1604 quippe
1591 1554 1657 1604 qui
1681 1553 1822 1591 librum
1844 1553 1891 1591 de
1910 1553 1997 1590 vitis
2029 1552 2200 1590 erudito-

1170 1626 1254 1650 rum
1269 1613 1478 1663 scripserit,
1490 1612 1759 1663 assignandum
1772 1612 1934 1664 putavit.
1950 1611 2026 1651 Sed
2042 1612 2200 1648 omnino

1169 1684 1246 1708 non
1282 1679 1432 1709 constat
1469 1673 1670 1710 Xanthum
1699 1673 1807 1710 illum
1836 1671 2023 1709 musicum
2060 1669 2199 1708 librum

1168 1730 1333 1780 aliquem
1355 1731 1627 1781 composuisse.

1577 1853 1786 1891 ΜΑΓΙΚΑ.

1222 1981 1340 2018 Clem.
1376 1981 1480 2018 Alex.
1513 1984 1654 2020 Strom.
1686 1984 1757 2027 ΙΙΙ,
1789 1994 1828 2031 p.
1859 1980 1934 2017 515
1953 1984 2054 2019 Pott.
2074 1979 2195 2019 :Eo'tv-

1169 2040 1223 2083 θος
1251 2038 1316 2091 (δὲ)
1351 2040 1386 2077 ἐν
1414 2045 1485 2083 τοῖς
1523 2037 1813 2092 ἐπιγραφομένοις
1831 2040 1907 2077 Μα
1898 2045 2026 2090 γικοῖς,
2050 2039 2199 2090 Μιγνυν-

1167 2112 1227 2134 ται
1247 2096 1305 2146 δὲ,
1327 2097 1445 2151 φησὶν,
1464 2100 1494 2136 οι
1515 2098 1623 2149 μάγοι
1647 2097 1803 2160 μητράσι
1825 2097 1884 2136 καὶ
1908 2097 2118 2159 ουγατράσι”
2139 2096 2198 2135 καὶ

1169 2157 1334 2209 ἀδελφαῖς
1358 2156 1544 2208 μίγνυσθαι
1564 2155 1701 2208 θεμιτον
1721 2161 1828 2195 εἶναι·
1849 2158 1966 2201 κοινάς
1985 2174 2021 2195 τε
2036 2156 2198 2200 εἰναιτὰς

1168 2221 1350 2265 γυναῖκας,
1372 2218 1410 2253 οὐ
1433 2216 1491 2270 βία
1509 2232 1569 2254 και
1590 2215 1712 2270 λάθρα,
1733 2215 1825 2254 ἄλλα
1852 2231 2104 2254 συναινουντων
2134 2217 2199 2265 ἀμ-

1169 2289 1336 2327 φοτερων,
1353 2274 1435 2313 ὅταν
1457 2274 1538 2327 θέλῃ
1560 2278 1673 2326 γ’ῆμαι
1689 2278 1707 2313 6
1725 2274 1838 2328 ἕτερος
1857 2274 1919 2322 τὴν
1938 2276 2028 2313 τοῦ(
2013 2274 2143 2328 ετέρου.

1653 2428 1714 2461 26.

1210 2489 1320 2531 Elgus,
1338 2490 1530 2532 oppidulum
1545 2490 1671 2531 Lydiae.

1652 2563 1712 2595 27.

1208 2620 1307 2651 Porro
1327 2622 1435 2652 autem
1453 2619 1601 2652 nonnulli
1623 2629 1752 2661 quoque
1767 2619 1989 2660 Terpandrum
2016 2617 2098 2649 inter
2121 2619 2186 2659 pri-

1167 2675 1240 2699 scos
1258 2667 1412 2699 referunt.
1437 2667 1622 2699 Hellanicus
1635 2668 1722 2699 certe
1737 2675 1811 2698 eum
1827 2666 1922 2697 refert
1935 2665 2034 2695 fuisse
2043 2666 2188 2705 tempore

1165 2715 1273 2747 Midae.
1298 2715 1438 2747 Phanias
1452 2717 1559 2747 autem
1575 2723 1698 2756 ponens
1709 2714 1851 2746 Leschen
1868 2712 2021 2744 Lesbium
2037 2714 2190 2744 anteTer-

1166 2762 1350 2803 pandrum,
1372 2763 1467 2794 refert
1492 2762 1712 2803 Terpandrum
1737 2769 1807 2792 esse
1828 2759 2021 2791 Archilocho
2039 2759 2190 2791 recentio-

1165 2818 1244 2849 rem,
1262 2810 1408 2842 Leschen
1428 2812 1535 2841 autem
1560 2810 1760 2840 concertasse
1776 2815 1849 2838 cum
1865 2806 1995 2838 Arctino
2010 2808 2042 2837 et
2056 2805 2187 2838 vicisse.

1165 2857 1315 2888 Xanthus
1337 2858 1446 2889 autem
1465 2856 1592 2900 Lydius
1620 2855 1706 2887 circa
1731 2856 1880 2885 octavam
1899 2852 2058 2885 decimam
2080 2853 2188 2894 Olym-

1164 2903 1302 2944 piadem.

1567 2970 1782 2985 ⁴000*—

1568 3028 1782 3069 MAG-ICA.

1641 3113 1662 3145 2
1669 3113 1690 3145 8
1697 3137 1705 3145 .

1201 3173 1349 3205 Xanthus
1363 3173 1470 3202 autem
1485 3170 1518 3201 in
1531 3169 1570 3201 iis
1581 3178 1654 3210 quae
1666 3168 1887 3200 inscribuntur
1899 3169 2186 3209 Magica:Coeu11t,

1160 3220 1276 3260 inquit,
1293 3218 1377 3258 Magi
1393 3226 1468 3249 curn
1485 3216 1642 3248 matribus
1677 3216 1745 3248 suis
1773 3218 1805 3248 et
1842 3215 1985 3248 filiabus:
2005 3218 2038 3248 et
2054 3217 2102 3248 sas
2115 3225 2186 3248 esse

1159 3267 1251 3298 aiunt
1263 3266 1349 3296 coire
1363 3273 1437 3296 cum
1453 3263 1632 3303 sororibus,
1643 3265 1676 3294 et
1687 3271 1878 3295 communes
1892 3272 1963 3295 esse
1976 3272 2104 3302 uxores,
2120 3272 2184 3294 non

1159 3313 1191 3344 vi
1207 3314 1238 3344 et
1252 3312 1346 3350 clam,
1363 3311 1417 3343 sed
1434 3311 1577 3350 utrisque
1595 3310 1880 3352 consentientibus,
1898 3319 2000 3352 quum
2017 3310 2094 3343 velit
2107 3310 2185 3342 alter

1161 3360 1277 3391 ducere
1293 3367 1426 3390 uxorem
1445 3357 1577 3390 alterius
