2320 3684
816 99 869 137 ΙΝ
898 98 1126 139 MARMOR
1155 101 1365 141 PARIUM.

35 194 170 236 regnat
198 186 342 237 Apollo
359 186 432 223 iste
460 183 718 236 ἑὸδομαγέτης;
743 185 791 223 de
817 199 894 236 quo
915 200 950 224 v.
970 187 1062 224 Plu-

35 246 341 297 tarch.Sympos.
357 247 461 294 VlII,
482 261 514 293 π,
533 259 568 294 2,
589 259 628 296 p.
649 247 738 293 342,
756 247 822 292 Εἰ,
845 261 904 294 17,
922 261 960 298 p.
975 249 1063 295 238,

32 304 188 342 Proclus
218 304 266 341 ad
288 303 443 342 Hesiod.
468 307 542 354 Op.
576 304 666 352 767,
688 304 848 353 Dionys.
879 306 964 344 Hal.
990 309 1063 343 Ars

32 362 144 403 Rhet.
166 362 202 409 3,
225 376 264 413 p.
285 364 358 406 243
373 363 494 400 Reisk.
514 362 602 400 coll.
617 363 798 399 Valcken.
817 366 875 400 De
890 364 1061 401 Aristob.

32 419 118 458 Jud.
139 425 158 467 S
191 422 236 466 37
253 451 262 468 ‚
284 434 322 471 p.
346 422 389 458 ι3
403 450 414 468 ,
436 421 578 458 citante
599 423 646 458 Ο.
670 422 837 458 Miillero
857 422 894 458 in
917 426 1012 459 Dor.
1030 426 1061 471 Ι,

32 490 71 527 Ρ.
91 479 178 527 329.
193 479 286 517 Nam
304 479 473 516 nascitur
485 479 577 516 deus
592 479 801 516 secundum
818 481 1060 531 Delphorum

31 535 200 573 fabulam
230 541 382 585 septimo
418 537 479 574 die
508 537 779 586 Munychionis
807 540 946 576 mensis
982 540 1061 590 (qui

31 594 180 644 primus
190 603 246 632 est
257 608 302 632 ex
315 608 453 632 novem
463 595 536 632 illis
552 596 642 632 anni
654 596 852 645 Apollinei.
867 597 1060 634 Plutarch.

31 656 175 700 Quaest.
193 657 259 691 Gr.
278 654 330 704 9),
353 654 425 701 vel,
448 654 504 690 uti
523 654 624 691 Delii
642 654 825 702 ferebant,
843 656 979 693 eodem
1000 656 1062 693 dic

29 710 296 761 Thargelionis
318 712 444 762 (Diog.
464 715 590 749 Laert.
609 715 678 759 III,
697 726 734 761 2,
753 726 790 760 2,
810 720 874 759 443
893 715 1058 764 Apollo—

31 768 116 806 dor.
133 769 178 806 sr.
198 770 275 820 89).
304 772 464 819 Septimo
480 771 542 808 die
557 772 831 821 Munychionis
854 772 1059 810 draconem

27 828 206 866 interficit
222 829 361 879 (Schol.
384 830 492 867 Pind.
515 830 628 879 Pyth.
648 830 757 881 arg.),
773 831 986 881 eodemque
999 831 1059 869 die

28 886 179 925 theoria
193 887 382 939 Delphica
396 891 538 939 Tempe
553 889 823 939 proficiscitur,
846 898 884 927 et
901 890 1060 928 Atheni—

26 958 134 983 enses
165 949 451 995 qaatcuordecim
484 960 625 997 pueros
649 948 807 985 mittunt
829 951 982 987 Cretam
1005 950 1055 999 (v.

24 1004 174 1042 Miiller.
192 1005 215 1042 l.
227 1004 291 1056 l.);
311 1005 476 1056 septimo
490 1005 755 1056 Thargelionis
766 1007 827 1044 die
841 1007 1002 1045 Athenis
1018 1008 1055 1045 in

25 1067 184 1119 aliisque
199 1070 356 1106 Graeciae
378 1069 541 1108 urbibus
561 1082 741 1122 magnum
762 1071 1056 1122 Thargeliorum

25 1126 166 1165 festum
183 1127 412 1167 celebratur.
431 1130 503 1167 Hic
517 1138 573 1167 est
590 1130 671 1167 dies
687 1130 750 1167 ille
764 1131 887 1180 Trojae
901 1131 1055 1179 excidii,

27 1184 91 1223 hic
109 1199 229 1236 porro
250 1186 333 1224 dies
354 1189 491 1225 natalis
511 1189 682 1226 virorum
702 1189 1054 1237 celeberrimorum,

23 1245 192 1282 Socratis
208 1253 246 1283 et
261 1246 429 1283 Platonis
443 1247 634 1296 (Apollod.
646 1247 691 1286 fr.
704 1248 768 1294 82,
784 1249 848 1298 893
865 1247 911 1285 cf.
928 1248 974 1287 fr.
990 1249 1054 1298 95,

22 1300 92 1339 ubi
111 1303 302 1353 Epicurus
323 1304 385 1341 die
406 1305 570 1355 septimo
588 1307 823 1343 Gamelionis
842 1315 953 1343 natus
972 1320 1053 1344 esse

22 1359 197 1411 dicitur);
216 1362 290 1399 hoc
311 1363 477 1413 denique
494 1363 762 1414 Thargelionis
777 1366 840 1403 die
859 1369 989 1403 Persas
1005 1366 1052 1403 ad

24 1420 234 1458 Granicum
273 1422 394 1459 vincit
436 1422 674 1470 Alexander,
720 1424 1052 1475 Carthaginienses

24 1486 250 1518 sternuntur
269 1494 291 1518 a
315 1482 572 1528 Timoleonte,
594 1491 710 1532 atque
731 1485 889 1520 omnino
907 1485 1051 1522 faustus

20 1537 103 1576 dies
119 1547 176 1577 est
193 1540 352 1588 Graecis,
371 1540 547 1579 barbaris
567 1542 736 1580 nefastus
753 1543 958 1592 (Plutarch.
975 1548 1051 1583 Ca-

19 1598 114 1636 mill.
138 1599 212 1649 19).
247 1600 394 1638 Eodem
416 1601 478 1638 die
499 1602 665 1651 septimo
702 1601 873 1651 ejusdem
910 1605 1050 1642 mensis

21 1656 63 1694 in
116 1658 263 1695 Boeotia
311 1659 558 1697 celebrantur
606 1660 911 1711 Daphnephoria
929 1691 938 1707 ,
1006 1672 1050 1700 nt

21 1715 213 1754 Miillerus
241 1718 388 1765 statuit,
407 1719 506 1755 sicut
528 1717 662 1755 eodem
679 1719 741 1756 die
755 1720 1049 1759 Boedromionis

19 1782 58 1812 et
94 1778 374 1827 Pyanepsionis
412 1778 640 1828 cognomina
684 1777 732 1814 ab
769 1779 903 1816 Atticis
953 1780 1047 1816 festa

19 1842 188 1884 aguntur
224 1836 392 1886 (Miiller.
430 1849 468 1886 p.
503 1837 574 1872 231
619 1836 733 1886 sqq.).
771 1858 818 1864 —
853 1839 948 1873 Cum
988 1838 1047 1875 his

17 1892 184 1930 cohaeret
200 1893 305 1943 qnod
323 1897 600 1945 Spartanorum
624 1907 732 1945 reges
755 1895 923 1945 Apollini
940 1909 1047 1934 sacra

16 1951 162 1989 faciunt
171 1951 356 2002 νεομηνίας
364 1952 429 1991 ἀνὰ
435 1951 550 1996 πάσας
558 1952 618 1991 καὶ
628 1952 778 2004 ἑὸδόμας
786 1953 975 2005 ἱσταμένου
985 1958 1046 1994 τοῦ

16 2016 122 2067 μηνὸς
140 2017 327 2055 Herodot.
361 2022 435 2066 V1,
461 2019 521 2066 57.
547 2022 673 2067 Quare
699 2019 784 2069 ipse
815 2019 909 2057 deus
940 2019 1046 2057 audit

14 2076 194 2126 νεομήνιος
209 2076 429 2114 Philochor.
462 2077 508 2114 fr.
539 2077 626 2123 178,
652 2077 719 2113 181
740 2091 750 2123 ;
782 2077 831 2114 cf.
849 2077 976 2115 Schol.
997 2077 1044 2114 ad

14 2133 214 2184 Aristoph.
239 2135 335 2172 Plut.
363 2147 460 2182 11²7
481 2150 489 2172 :
513 2132 612 2179 ’Έξω
631 2133 698 2186 γὰρ
718 2136 788 2172 τῶν
809 2136 939 2189 ἑορτῶν
956 2135 1046 2188 ἱεραί

14 2206 104 2235 τινες
125 2195 187 2230 τοῦ
206 2191 313 2243 μηνὸς
329 2191 460 2247 ἡμέραι
477 2193 677 2245 νομίζονται
699 2193 863 2241 Ἀθήνησι
879 2196 966 2238 θεοῖς
985 2210 1043 2232 τι-

13 2249 80 2297 σὶν,
94 2243 164 2288 οἷον
184 2251 355 2302 νουμηνία
369 2252 428 2290 καὶ
442 2251 574 2302 ἑὸδόμη
595 2251 801 2291 Ἀπόλλωνι.
822 2253 946 2291 Etiam
964 2253 1044 2303 ple-

12 2309 149 2347 nilunii
162 2310 245 2348 dies
255 2324 362 2351 sacer
375 2319 457 2348 erat
466 2312 638 2362 Apollini
669 2313 720 2363 (v.
736 2326 768 2350 c.
781 2312 818 2349 in
831 2312 1042 2361 Zacyntho,

11 2368 200 2406 Plutarch.
214 2369 327 2406 Dion.
343 2383 374 2407 c.
389 2369 468 2420 23).
483 2373 617 2420 Itaque
634 2383 765 2408 omnes
781 2370 967 2407 mensium
979 2370 1043 2407 he-

11 2425 219 2465 bdomades
240 2427 288 2465 ad
303 2428 518 2479 Apollinem
544 2428 819 2466 referebantur.
836 2451 885 2457 --
902 2433 1044 2467 Praeter

11 2485 93 2524 haec
122 2487 195 2524 alia
219 2487 338 2524 multa
354 2487 512 2537 congeri
539 2496 716 2538 possunt,
733 2502 819 2538 quae
833 2488 1041 2538 septenarii

10 2546 160 2583 numeri
177 2546 447 2583 auctoritatem
463 2546 733 2597 comprobent.
755 2551 808 2585 Ut
822 2547 955 2597 paucis
974 2547 1040 2584 de-

11 2603 160 2654 fungar,
180 2617 353 2642 memoro
370 2613 518 2655 septem
540 2605 626 2642 illos
643 2618 786 2656 pueros
803 2605 1041 2656 totidemque

9 2663 176 2712 puellas,
208 2664 340 2714 quiin
369 2664 625 2714 Delphinium
651 2664 923 2711 mittebantur,
953 2665 1040 2703 illos

9 2721 76 2770 qui
94 2722 198 2772 apud
215 2722 417 2772 Sicyonios
439 2723 655 2773 Apollinem
676 2731 713 2760 et
732 2724 893 2760 Dianam
913 2723 1038 2774 placa-

8 2777 104 2818 bant
122 2781 296 2829 (Pausan.
313 2785 370 2827 II,
398 2794 420 2818 2
434 2811 444 2829 ‚
467 2781 504 2832 2)
519 2811 529 2828 ,
557 2782 641 2819 illos
658 2782 827 2832 denique
844 2796 940 2832 quos
961 2785 1038 2820 Co-

9 2838 141 2876 rinthii
171 2838 373 2877 mittebant
404 2840 444 2877 in
476 2841 662 2891 templum
696 2844 716 2878 J
721 2841 859 2878 unonis
892 2841 1035 2891 (Schol.

6 2897 96 2934 Eur.
118 2897 222 2935 Med.
243 2899 333 2946 273,
354 2901 512 2935 Pausan.
530 2902 578 2944 ΙΙ,
602 2900 638 2947 3,
655 2900 693 2947 6,
715 2899 932 2937 Philostrat.
947 2902 1033 2937 Her.

11 2967 71 3005 19,
85 2957 366 3003 14;cf.Miiller.
382 2957 582 2996 Eumenid.
595 2971 634 3008 p.
653 2972 667 2994 1
677 2965 696 3002 4
707 2958 753 3004 1).
768 2962 853 2996 Huc
865 2967 1038 3009 spectant

7 3013 108 3057 Solis
131 3015 197 3052 filii
223 3024 374 3065 septem
393 3023 432 3053 et
451 3017 596 3054 Helena
623 3015 796 3068 (Σελήνη)
826 3016 997 3064 ἑπταετὴς
1015 3030 1037 3054 a

6 3071 170 3120 Thffieo,
191 3074 335 3112 AEthrae
350 3073 444 3123 filio,
466 3083 573 3126 rapta
594 3075 707 3125 (Plut.
725 3075 895 3113 Theseus
918 3081 978 3123 14,
998 3089 1035 3112 v.

5 3131 152 3170 Hellan.
173 3133 307 3184 fragm.
329 3132 416 3184 74),
442 3142 480 3171 et
523 3136 603 3185 βοῦς
626 3132 794 3184 ἔὸδομος,
823 3133 979 3175 πόπανόν
1001 3149 1036 3172 τι

5 3190 74 3227 τῶν
96 3189 271 3241 θυομένων
294 3190 403 3235 οὕτως
419 3193 453 3230 ἐν
473 3198 550 3236 ταῖς
569 3191 782 3243 ἁγιωτάταις
797 3192 962 3240 Ἀθήνησι
978 3195 1036 3230 θυ-

6 3247 96 3292 σίαις
109 3249 160 3301 (v.
187 3251 388 3290 Clitodem.
406 3252 452 3290 fr.
483 3253 557 3303 16).
578 3253 706 3291 Addas
725 3254 799 3291 alia
816 3254 1033 3301 innumera,

6 3321 89 3358 quae
102 3308 205 3347 hunc
223 3323 424 3348 numerum
439 3321 620 3350 revocent
633 3313 672 3350 in
687 3312 851 3351 historia
863 3313 1033 3364 Boeotiae,

2077 115 2153 149 569

1124 201 1171 225 ex
1182 202 1257 238 qua
1265 189 1423 240 regione
1432 191 1587 241 plurimi
1597 192 1778 230 festorum
1789 193 1885 244 cycli
1896 201 1933 232 et
1941 197 2156 236 accuratior

1126 255 1342 297 temporum
1359 251 1597 300 computatio
1613 251 1660 289 ad
1673 252 1840 302 reliquos
1855 257 2008 292 Graecos
2021 268 2149 306 perve-

1124 306 1224 343 nisse
1245 306 1436 345 videntur.
1455 310 1518 347 Sic
1533 310 1725 348 Miillerus
1745 315 1803 349 De
1843 311 1985 363 Minyis
2017 327 2053 364 p.
2075 328 2146 354 221

1124 367 1322 415 componit
1339 376 1484 417 septem
1504 379 1633 419 portas
1645 370 1881 418 Thebarum,
1892 381 2038 422 septem
2053 374 2152 413 filios

1124 424 1349 475 Amphionis
1359 453 1368 470 ‚
1380 436 1524 477 septem
1538 427 1735 481 ἀρχηγέτας
1747 430 1984 478 Plataeenses‚
2003 441 2150 483 septem

1123 482 1356 520 Iolaidarum
1391 485 1564 532 familias,
1592 488 1961 527 confoederationem
2001 500 2149 541 septem

1123 541 1336 588 civitatum,
1358 556 1442 592 quae
1460 545 1499 582 in
1519 546 1692 583 Calauria
1713 557 1925 586 conventus
1946 548 2151 589 habebant.

1174 600 1284 638 Haud
1313 601 1481 640 minores
1512 613 1641 654 partes
1670 605 1707 642 in
1742 606 1856 643 rebus
1886 607 2060 656 mythicis
2081 609 2151 645 tri—

1121 657 1296 696 buuntur
1318 673 1480 698 numero
1499 664 1683 709 nonari0;
1711 663 1776 700 sed
1791 665 1880 701 nolo
1898 665 1958 702 hic
1975 668 2151 717 exempla

1120 719 1383 767 accumulare3
1412 719 1499 756 vide
1522 733 1556 756 v.
1577 736 1607 759 e.
1627 722 1779 759 Miiller.
1802 726 1859 760 De
1875 724 2017 773 Minyis
2031 737 2068 774 p.
2089 726 2151 772 73,

1123 769 1212 816 218,
1236 774 1328 808 Dor.
1348 774 1383 821 I,
1404 785 1442 822 p.
1464 774 1562 821 228,
1586 774 1682 824 235,
1710 781 1805 823 242,
1831 777 1920 823 248,
1944 778 2147 817 Eumenid.

1120 841 1157 878 p.
1185 830 1255 873 143
1278 843 1347 880 sq.;
1365 830 1410 867 cf.
1431 845 1517 881 quae
1534 831 1581 868 de
1598 834 1755 871 Carneis
1772 834 1868 872 festo
1883 835 1998 873 habet
2012 837 2149 874 Athen.

1119 890 1186 933 IV,
1209 901 1247 938 p.
1276 895 1344 933 141
1367 891 1410 927 E.
1428 912 1477 918 -—
1497 892 1647 928 Etenim
1664 893 1761 929 utin
1779 895 2026 933 numerandis
2045 909 2149 934 men-

1119 947 1169 984 sis
1188 946 1340 996 ‹liebus,
1358 957 1505 999 septem
1523 949 1568 986 ad
1586 951 1770 988 unitatem
1787 954 1979 1003 quandam
1996 955 2149 1006 conjun-

1119 1005 1320 1057 gebantur,
1344 1009 1398 1045 sic
1411 1022 1535 1044 novem
1553 1009 1888 1059 conjungebantur
1900 1026 2062 1061 menses,
2081 1016 2148 1065 qui

1116 1079 1260 1103 annum
1290 1067 1534 1117 Apollineum
1558 1070 1848 1108 constituerent.
1873 1095 1925 1100 —
1945 1077 2030 1111 Jam
2053 1087 2147 1112 vero

1118 1134 1271 1163 constat
1288 1127 1419 1176 plures
1436 1140 1556 1164 annos
1575 1141 1597 1164 a
1619 1129 1762 1165 Graecis
1778 1130 1824 1166 ad
1842 1131 2007 1181 majores
2018 1134 2147 1182 cyclos

1115 1186 1343 1235 conjunctos
1361 1199 1455 1223 esse.
1481 1186 1697 1224 Notissimae
1730 1196 1818 1225 sunt
1835 1189 2069 1242 ἓνναετηρίδες
2096 1192 2145 1242 (v,

1115 1245 1262 1281 Miiller.
1282 1244 1376 1282 Min.
1400 1258 1436 1295 p.
1468 1257 1556 1292 220,
1581 1249 1673 1282 Dor.
1688 1249 1718 1293 Ι,
1746 1260 1783 1298 p.
1813 1248 1915 1298 319).
1944 1249 2019 1287 Sed
2040 1264 2144 1300 prae-

1115 1309 1219 1340 terea
1247 1303 1319 1340 alia
1345 1317 1537 1341 annorum
1575 1305 1761 1354 periodus
1799 1307 1989 1345 exstitisse
2014 1308 2144 1357 debet,

1111 1374 1199 1410 quae
1222 1375 1244 1398 a
1266 1362 1424 1410 Boeotia,
1440 1371 1482 1399 ut
1496 1362 1664 1409 videtur,
1686 1365 1860 1414 prosecta
1897 1379 2072 1416 magnam
2103 1368 2144 1405 in

1112 1421 1261 1457 Graecia
1274 1429 1383 1459 nacta
1398 1430 1455 1460 est
1465 1422 1746 1460 auctoritatem.
1758 1425 1867 1460 Illum
1878 1426 2026 1474 cyclum
2035 1427 2144 1464 intel-

1111 1479 1209 1529 ligo,
1235 1494 1348 1530 quem
1359 1482 1564 1518 Pausanias
1583 1485 1654 1528 IX,
1674 1484 1710 1529 3,
1731 1484 1751 1520 3
1770 1483 1895 1520 innuit
1918 1485 1978 1522 his
1997 1485 2143 1524 verbis:

1110 1538 1275 1576 Δαίδαλα
1320 1533 1379 1577 οὖν
1422 1539 1544 1591 ἄγουσι
1578 1542 1608 1578 οἱ
1634 1542 1826 1585 Πλαταιεῖς
1849 1542 1970 1595 ἑορτὴν
1990 1545 2032 1582 δι’
2048 1543 2143 1589 ἔτους

1110 1596 1273 1648 ἑὸδόμου,
1289 1600 1335 1641 ὡς
1351 1597 1502 1652 ἔφασκεν
1522 1602 1540 1637 ὁ
1553 1601 1622 1636 τῶν
1637 1600 1835 1655 ἐπιχωρίων
1850 1599 2019 1653 ἐξηγητής
2030 1618 2038 1626 ·
2056 1605 2143 1651 ἄλη-

1110 1658 1160 1693 θεῖ
1178 1655 1297 1706 μέντοι
1312 1656 1419 1710 λόγῳ,
1429 1659 1472 1696 δι’
1494 1658 1679 1701 ἐλάσσονος
1696 1659 1755 1696 καὶ
1772 1661 1809 1697 οὐ
1825 1659 1989 1698 τοσούτου
2002 1661 2141 1714 χρόνου.

1110 1715 1366 1763 Ἐθελήσαντες
1399 1716 1435 1755 δὲ
1464 1717 1534 1755 ἀπὸ
1560 1718 1745 1757 Δαιδάλων
1776 1721 1809 1762 ἐς
1844 1719 2004 1758 Δαίδαλα
2041 1721 2143 1776 ἔτερα

1109 1775 1303 1827 ἀριθμῆσαι
1341 1774 1400 1814 τὸν
1434 1775 1562 1827 μεταξὺ
1589 1778 1712 1830 χρόνον
1748 1779 1782 1821 ἐς
1808 1778 1848 1816 τὸ
1874 1779 2140 1832 ἀκριὸέστατον,

1108 1835 1170 1871 οὐκ
1192 1835 1408 1886 ἐγενόμεσθα
1421 1830 1487 1874 οἷοί
1505 1851 1542 1874 τε
1622 1835 1766 1883 Ταύτην
1785 1835 1848 1887 μὲν
1864 1837 1934 1891 ἰδίᾳ
1948 1839 2141 1884 Πλαταιεῖς

1107 1892 1229 1945 ἑορτὴν
1257 1893 1400 1945 ἄγουσι,
1421 1894 1581 1933 Δαίδαλα
1607 1894 1716 1948 μικρὰ
1738 1896 1984 1946 ὀνομάζοντες·
2002 1899 2142 1938 Δαιδά-

1107 1952 1176 1989 λων
1195 1952 1230 1990 δὲ
1245 1952 1367 2007 ἑορτὴν
1383 1955 1453 1991 τῶν
1471 1954 1634 2005 μεγάλων
1652 1954 1712 1992 καὶ
1733 1956 1762 1993 οἱ
1783 1955 1929 1994 Βοιωτοὶ
1943 1956 2040 2010 σφίσι
2052 1974 2139 1996 συν-

1106 2012 1327 2065 εορτάζουσι,
1348 2012 1394 2050 δι’
1409 2012 1596 2059 ἑξηκοστοῦ
1621 2012 1657 2050 δὲ
1682 2012 1824 2066 ἄγουσιν
1849 2014 1963 2058 ἔτους·
1984 2018 2139 2055 ἐκλιπεῖν

1104 2070 1172 2124 γὰρ
1185 2075 1347 2110 τοσοῦτον
1361 2070 1488 2125 χρόνον
1503 2071 1567 2118 τὴν
1583 2070 1703 2125 ἑορτήν
1719 2085 1824 2125 φασιν
1839 2103 1847 2119 ,
1867 2072 1970 2119 ἡνίκα
1986 2076 2016 2112 οἱ
2033 2077 2140 2114 Πλα-

1104 2136 1212 2173 ταιεῖς
1247 2129 1402 2183 ἔφευγον.
1418 2158 1421 2161 -
1443 2130 1566 2169 Ξόανα
1599 2128 1634 2169 δὲ
1664 2131 1982 2185 τεσσαρεσκαίδεκα
2015 2132 2139 2183 ἕτοιμα

1105 2189 1222 2242 σφίσιν
1243 2189 1317 2228 ἐστὶ
1341 2190 1420 2228 κατ’
1448 2189 1602 2228 ἐνιαυτὸν
1629 2189 1775 2228 ἕκαστον
1802 2193 2138 2244 παρασκευασθέντα

1104 2249 1140 2285 ἐν
1162 2248 1349 2291 Δαιδάλοις
1367 2254 1438 2292 τοῖς
1453 2254 1599 2302 μικροῖς.

1157 2310 1247 2356 Quoe
1265 2308 1312 2344 de
1330 2308 1477 2358 origine
1494 2307 1608 2357 hujus
1626 2307 1778 2358 periodi
1792 2309 1986 2345 Pausaniae
2007 2323 2139 2347 narra-

1104 2365 1256 2413 bantur,
1275 2380 1362 2404 cum
1380 2367 1540 2404 historia
1555 2380 1632 2403 non
1649 2367 1872 2414 concinunt,
1888 2368 1953 2405 sed
1969 2378 2136 2418 exegetae

1103 2434 1192 2462 sunt
1205 2426 1421 2472 inventum,
1434 2426 1490 2463 uti
1507 2425 1674 2463 ostendit
1688 2427 1734 2463 Ο.
1753 2426 1903 2463 Miiller.
1919 2430 1978 2464 De
1991 2429 2135 2477 Minyis

1104 2497 1142 2534 p.
1168 2498 1258 2534 221,
1283 2499 1361 2536 quo
1380 2486 1467 2522 loco
1486 2486 1601 2522 etiam
1619 2484 1666 2522 de
1686 2493 1904 2535 temporum
1923 2486 2134 2525 intervallis

1102 2544 1201 2581 inter
1217 2558 1424 2596 parvorum
1439 2544 1684 2582 Daedalornm
1699 2543 1997 2582 celebrationem
2010 2546 2127 2582 inter-

1097 2602 1224 2653 jectis,
1239 2603 1364 2653 deque
1374 2604 1482 2653 cyclo
1499 2603 1563 2640 illo
1581 2603 1780 2652 sexaginta
1795 2616 1983 2640 annorum
2002 2603 2133 2654 conje-

1101 2671 1247 2700 cturam
1267 2662 1448 2713 protulit,
1475 2675 1587 2712 quam
1609 2662 1845 2699 verissimam
1862 2661 2001 2699 habeo.
2020 2666 2131 2700 Duo-

1101 2722 1223 2759 decim
1238 2722 1560 2767 menseslunares‚
1577 2721 1721 2767 dicit,si
1737 2721 1876 2770 cuique
1892 2734 1941 2769 29
1958 2720 2038 2758 dies
2059 2722 2129 2759 tri-

1099 2780 1284 2828 buantur,
1307 2781 1583 2831 imperfectum
1604 2792 1744 2816 annum
1764 2780 1935 2816 lunarem
1958 2780 2131 2818 efficiunt

1098 2840 1248 2877 dierum
1270 2840 1358 2883 348.
1378 2839 1586 2888 Sexaginta
1601 2839 1673 2875 tria
1696 2838 1835 2874 horum
1856 2851 2045 2875 annorum
2065 2839 2128 2876 lu-

1098 2898 1246 2935 narium
1274 2911 1412 2935 novem
1432 2898 1568 2935 diebus
1588 2897 1778 2934 excedunt
1792 2897 1991 2947 sexaginta
2006 2911 2127 2936 annos

1098 2957 1240 2994 solares
1258 2959 1340 2993 Per.
1364 2957 1439 2993 Jul.
1459 2959 1551 3004 Quae
1571 2968 1632 2992 res
1650 2962 1790 3005 sponte
1806 2968 1877 2992 nos
1893 2954 2068 3004 adducit,
2085 2965 2128 2994 ut

1097 3028 1238 3052 novem
1277 3022 1495 3052 statuantur
1545 3013 1696 3064 periodi
1733 3022 1880 3064 septem
1923 3027 2124 3063 annorum,

1097 3087 1262 3125 quorum
1288 3074 1474 3124 septimus
1495 3074 1657 3123 quisque
1677 3085 1756 3109 uno
1774 3072 1837 3109 die
1865 3072 2026 3111 brevior
2043 3087 2125 3113 esse

1097 3133 1245 3171 debuit.
1268 3133 1423 3182 Optime
1448 3132 1528 3168 haec
1547 3130 1784 3168 conveniunt
1807 3130 1854 3168 iis
1881 3145 1964 3182 quae
1985 3145 2124 3171 narra-

1095 3192 1239 3230 bantur
1264 3191 1471 3228 Pausaniae.
1506 3193 1603 3227 Nam
1631 3197 1720 3240 post
1750 3189 1949 3227 absolutos
1974 3199 2123 3241 septem

1096 3265 1215 3290 annos
1228 3252 1379 3287 lunares
1395 3249 1457 3299 (z
1473 3246 1519 3300 6}
1538 3260 1598 3284 an.
1618 3244 1775 3298 solares)
1793 3261 1914 3299 parva
1928 3250 2085 3288 Daedala
2101 3264 2123 3288 a

1095 3308 1364 3350 Plataeensibus
1389 3305 1704 3357 celebrabantur,
1730 3318 1864 3344 verum
1894 3321 1997 3346 nona
2024 3322 2118 3351 nar-
