2294 3704
957 101 1024 140 DE
1053 101 1310 142 CHARONE.

78 193 258 234 tullianus
281 194 334 247 (v.
358 194 406 234 fr.
436 207 448 230 1
474 200 513 230 et
535 191 590 242 4);
621 199 664 229 ut
692 190 842 229 mireris
867 189 1104 228 Larcherum

80 253 339 306 (chronolog.
381 250 567 291 Herodot.
613 263 652 301 p.
692 246 786 301 643)
798 278 809 297 ,
846 248 934 299 qui,
979 256 1109 298 spreta

78 314 251 352 omnium
263 311 570 350 testimoniorum
582 309 824 356 auctoritate,
839 308 1027 347 Charonis
1041 321 1110 345 na-

80 373 173 410 tales
197 380 236 410 et
255 369 442 409 Herodoti
468 367 593 406 eidem
616 379 718 404 anno
736 367 930 418 assignare
949 374 1110 404 conatus

80 432 142 470 sit.
169 429 301 468 Paullo
331 427 570 465 accuratiora
599 425 782 463 docemur
801 439 822 463 a
844 424 1051 463 Plutarcho
1071 424 1110 461 in

81 488 337 530 Themistocle
352 490 401 538 (c.
416 486 494 538 27),
506 485 575 524 ubi
587 485 768 524 Xanthus
782 498 956 523 narrasse
970 485 1112 523 dicitur

80 548 376 590 Themistoclem
395 547 442 584 ad
457 549 711 584 Artaxerxem
731 546 903 593 venisse,
919 558 996 583 non
1019 557 1112 582 vero

80 608 130 647 ad
148 610 333 654 Xerxem,
351 606 409 644 uti
436 605 626 656 Ephorus,
647 604 880 652 Clitarchus,
894 604 958 641 alii
977 603 1111 641 falsam

81 675 298 718 temporum
308 664 637 716 computationem
645 664 766 701 secuti
781 662 1030 701 tradiderunt.
1042 662 1113 713 Igi-

83 735 145 767 tur
161 740 280 779 quum
295 731 522 764 Artaxerxes
536 724 746 763 secundum
762 727 959 762 Canonem
973 726 1113 761 Astro-

82 787 280 826 nomicum
303 794 342 824 et
367 785 587 824 Diodorum
609 785 703 837 (XI,
723 783 788 834 69)
806 784 868 822 Ol.
888 784 952 831 78,
974 789 994 828 4
1013 782 1113 834 patri

82 846 122 884 in
138 858 258 897 regno
277 844 504 883 successerit
521 873 531 891 ,
549 851 710 895 apparet
725 851 922 881 auctorem
939 851 1112 881 nostrum

82 913 172 957 post
190 904 231 942 id
264 904 451 955 temporis
484 903 524 940 in
547 902 708 940 Persicis
731 903 809 940 suis
828 903 890 940 vel
909 902 1114 940 Hellenicis

82 962 292 1002 condendis
327 963 453 1001 adhuc
488 962 604 1000 fuisse
636 970 883 1013 occupatum.
919 965 1017 1001 Cum
1054 962 1114 1000 his

83 1023 263 1075 congruit
277 1022 383 1074 quod
399 1023 537 1061 Suidas
552 1022 669 1060 refert
688 1022 865 1061 floruisse
880 1035 967 1061 eum
984 1023 1047 1062 Ol.
1065 1036 1114 1072 79

81 1082 157 1129 vel,
172 1090 214 1120 ut
230 1082 387 1131 mavult,
400 1083 458 1121 01.
474 1082 522 1129 75
532 1111 542 1130 ,
553 1095 631 1133 quo
643 1090 817 1133 tempore
830 1082 973 1120 Xerxis
984 1082 1115 1119 classis

81 1141 131 1181 ad
147 1142 378 1181 Salaminem
396 1150 454 1179 est
473 1141 636 1180 devicta.
653 1141 728 1180 Sed
747 1155 836 1180 raro
855 1141 992 1181 Suidas
1009 1142 1114 1179 testis

84 1199 293 1240 adhibetur
306 1230 316 1248 ‚
335 1201 429 1251 quin
451 1201 563 1239 simul
583 1210 855 1239 autsummam
871 1201 993 1252 ipsius
1009 1202 1111 1239 acri--

85 1259 180 1298 siam
199 1268 267 1298 aut
288 1260 467 1311 supinam
488 1260 733 1298 librariorum
757 1261 1031 1311 negligentiam
1053 1273 1113 1298 ac-

83 1332 205 1357 cuses.
214 1319 278 1358 Sic
289 1327 422 1357 nostro
433 1332 588 1371 quoque
600 1320 688 1357 loco
699 1319 764 1357 illa
774 1334 782 1356 :
791 1319 895 1359 Κατὰ
909 1318 966 1358 τὸν
977 1320 1116 1372 πρῶτον

85 1378 233 1429 Δαρεῖον
250 1380 302 1416 σθ’
321 1378 451 1428 ὀλυμπ.
469 1386 534 1416 aut
550 1391 704 1429 gravem
723 1379 925 1430 scriptoris
943 1391 1116 1416 errorem

84 1449 246 1487 arguere
267 1444 333 1475 aut
342 1438 494 1488 egregie
504 1446 688 1489 corrupta
701 1451 799 1486 esse,
807 1439 1000 1476 neminem
1011 1438 1117 1485 latet,

83 1496 151 1546 qui
177 1496 338 1534 Darium
353 1497 506 1534 noverit
519 1497 599 1547 jam
619 1498 679 1535 Ol.
701 1499 748 1544 73
761 1527 770 1543 ‚
795 1503 815 1542 4
841 1511 863 1535 e
884 1498 962 1535 vita
981 1497 1117 1535 deces-

82 1554 186 1592 sisse.
203 1557 333 1601 Quare
347 1555 510 1593 Sevinus
526 1555 582 1595 (in
599 1558 718 1594 Mem.
739 1558 786 1593 de
805 1558 953 1595 l'Acad.
968 1559 1008 1596 d.
1031 1556 1114 1594 bell.

85 1615 159 1651 lett.
171 1643 181 1661 ,
197 1621 289 1651 tom.
311 1617 429 1661 XIV,
453 1627 492 1665 p.
511 1613 578 1665 58)
595 1618 718 1653 Persae
734 1615 968 1653 mentionem
985 1615 1034 1653 ab
1051 1616 1115 1654 in-

83 1671 199 1710 docto
217 1672 372 1711 homine
397 1673 584 1711 intrusam
610 1687 692 1713 esse
714 1675 882 1723 censuit,
904 1677 1117 1714 Creuzerus

85 1743 177 1769 vero
209 1731 410 1780 leniorem,
439 1741 483 1770 ut
510 1732 685 1782 videtur,
705 1733 935 1772 medicinam
952 1735 1116 1773 afferens

84 1803 158 1841 pro
170 1792 218 1828 σθ’
242 1790 488 1830 scribendum
509 1794 714 1844 proposuit
739 1791 797 1838 ἔθ’.
823 1797 960 1845 Itaque
981 1794 1117 1833 Suidas

82 1849 226 1888 diceret
246 1851 462 1890 Charonem
478 1850 558 1902 jam
581 1853 703 1891 Ionici
727 1853 817 1891 belli
843 1854 954 1892 initio
977 1854 1117 1893 florere

83 1909 265 1960 coepisse,
284 1909 422 1961 majori
438 1919 566 1949 autem
586 1912 710 1962 gloria
731 1913 916 1963 polluisse
935 1913 1002 1951 illo
1023 1922 1117 1951 tem-

82 1981 179 2020 pore
198 1982 275 2019 quo
290 1972 440 2008 Xerxes
459 1970 500 2007 in
520 1972 709 2009 Graeciam
740 1972 874 2010 fecerit
895 1973 1118 2024 expeditio-

83 2040 183 2066 nem.
216 2031 304 2067 Non
337 2037 395 2067 est
426 2029 547 2078 enim,
571 2043 641 2067 cur
673 2044 808 2068 vocem
840 2030 1023 2083 γενόμενος
1045 2045 1117 2083 pro

81 2095 195 2124 natus
210 2088 446 2139 accipiamus
459 2118 470 2134 ,
489 2102 574 2139 quae
594 2089 751 2140 quidem
775 2090 1045 2140 interpretatio
1071 2105 1117 2128 eo

82 2146 230 2184 cautius
253 2147 412 2185 vitanda
427 2155 507 2195 est,
523 2161 602 2199 quo
619 2148 859 2199 frequentius
884 2163 930 2187 ea
950 2163 973 2188 a
994 2152 1118 2188 nostri

82 2204 153 2242 aevi
164 2205 257 2242 viris
272 2205 433 2243 eruditis
446 2206 632 2244 advocari
641 2208 749 2255 solet,
763 2216 805 2245 ut
819 2209 1040 2247 testimonia
1055 2210 1118 2248 in-

83 2276 255 2314 congrua
266 2272 304 2302 et
315 2278 362 2302 ex
373 2264 535 2302 diversis
551 2273 767 2316 temporum
779 2267 933 2305 calculis
945 2268 1077 2319 profec
1083 2277 1118 2306 ta

84 2321 184 2359 inter
202 2335 242 2360 se
272 2323 537 2361 concilientur.
560 2327 656 2362 Nam
682 2324 779 2363 bene
801 2326 882 2364 fieri
904 2327 1031 2377 potuit
1045 2357 1055 2374 ,
1076 2335 1118 2365 ut

81 2381 127 2428 is,
146 2382 213 2432 qui
230 2382 288 2420 Ol.
308 2383 358 2432 69
374 2383 499 2434 prima
515 2383 743 2421 eruditionis
753 2385 965 2435 specimina
985 2386 1116 2434 edidit,

83 2448 171 2491 post
183 2441 438 2492 quadraginta
449 2455 572 2480 annos
586 2442 757 2480 historiae
767 2443 980 2482 scribendae
990 2445 1117 2483 adhuc

81 2513 241 2550 operam
259 2510 415 2540 navaret
432 2502 507 2552 (Cf.
528 2502 694 2540 Clinton.
713 2502 760 2540 ad
774 2503 831 2541 Ol.
850 2504 927 2555 68).
947 2505 1069 2556 Igitur
1086 2506 1117 2543 si

80 2557 296 2597 Charonem
314 2560 376 2598 Ol.
398 2560 448 2610 69
469 2573 613 2599 annum
635 2561 873 2612 trigesimum
894 2563 1015 2614 egisse
1039 2572 1119 2601 sta-

82 2624 233 2657 tuamus
247 2647 258 2666 ,
280 2618 425 2656 natales
444 2618 528 2670 ejus
551 2619 761 2659 reserendae
787 2629 877 2659 sunt
894 2621 942 2659 ad
968 2623 1028 2661 01.
1052 2630 1116 2670 62,

83 2674 136 2712 ita
152 2683 195 2713 ut
214 2676 326 2715 initio
354 2678 463 2728 regni
481 2680 833 2719 Artaxerxisnatus
850 2680 984 2720 fuisset
994 2695 1116 2721 annos

83 2734 279 2784 sexaginta
294 2735 374 2785 sere
391 2743 429 2772 et
447 2744 549 2774 octo.

136 2792 210 2831 Sed
226 2793 336 2832 vides
358 2794 456 2833 hanc
471 2796 590 2834 aetatis
609 2797 870 2837 definitionem
894 2808 1013 2838 totam
1033 2814 1116 2840 esse

81 2851 122 2889 in
141 2852 372 2903 conjecturis
399 2862 588 2893 retrusam
614 2856 779 2907 ideoque
809 2858 1113 2898 incertissimam.

82 2910 226 2950 Eodem
242 2912 331 2963 jure
345 2927 422 2964 quo
433 2915 674 2966 Olympiadis
686 2931 888 2955 numerum
901 2922 1115 2959 Creuzerus

83 2973 263 3019 mutavit,
291 2974 408 3011 Dario
438 2974 672 3014 substituere
698 2977 832 3016 liceret
866 2992 1008 3017 nomen
1035 2984 1113 3018 Ar-

84 3032 261 3072 taxerxis,
275 3036 524 3085 Quapropter
546 3036 726 3086 equidem
748 3046 930 3088 reputans
942 3038 1114 3078 diversas

83 3089 120 3127 in
138 3090 377 3140 antiquitate,
388 3093 565 3142 quamvis
584 3094 755 3132 nondum
773 3096 863 3134 satis
880 3098 1112 3147 exploratas,

85 3157 257 3200 tempora
290 3151 536 3201 computandi
562 3153 729 3191 rationes
757 3154 992 3203 obtinuisse,
1019 3170 1113 3208 quas

83 3208 219 3246 Suidas
239 3209 342 3246 omui
357 3209 494 3260 judicii
510 3213 684 3251 acumine
703 3213 906 3253 destitutus
925 3215 1028 3254 haud
1048 3230 1111 3254 se-

85 3268 156 3306 mel
171 3268 356 3312 confudit,
376 3270 425 3307 nil
442 3270 478 3307 in
489 3271 618 3310 verbis
629 3274 864 3325 grammatici
883 3275 1110 3314 mutandum

85 3339 165 3364 csse
176 3335 282 3377 puto.
298 3328 405 3365 Darii
421 3331 563 3367 mentio
584 3331 739 3371 fluxisse
753 3324 905 3372 videtur
918 3347 965 3372 ex
984 3335 1109 3385 fonte,

187 3398 420 3430 Paomcoussm
440 3410 471 3434 lu
492 3407 691 3437 Hismmcos.

2116 117 2207 144 XVII

1169 190 1236 239 qui
1256 190 1475 231 Charonem
1485 192 1592 244 justo
1613 193 1871 246 antiquiorem
1890 195 1979 235 fecit
1990 226 2000 245 ,
2024 196 2062 234 id
2078 198 2181 248 quod
2196 228 2207 247 ,

1170 256 1213 285 ut
1232 248 1463 299 videbimus,
1481 252 1661 303 plurimis
1678 253 1822 292 nostris
1841 253 2038 293 historicis
2055 256 2206 294 accidit.

1170 310 1316 346 Verum
1343 311 1614 362 Olympiades,
1639 326 1735 364 quas
1756 312 1896 352 deinde
1923 315 2076 366 posuit,
2106 329 2207 366 qua—

1171 379 1336 417 rumque
1356 370 1520 419 primam
1540 373 1670 423 inepte
1688 386 1776 410 cum
1790 386 1910 424 regno
1927 375 2036 412 Darii
2051 377 2209 426 conjun-

1171 425 1248 475 git,
1265 439 1313 463 ex
1331 428 1414 465 aliis
1433 429 1604 468 fontibus
1622 431 1779 482 petivit3
1798 439 1837 469 et
1856 446 1988 470 verum
2008 434 2083 471 illae
2105 442 2206 472 tem—

1172 496 1269 534 pus,
1295 498 1374 535 quo
1412 488 1564 526 Charon
1590 490 1736 539 floruit,
1775 490 1977 543 designare
2004 493 2206 541 videntur,

1173 542 1226 580 ita
1243 551 1286 580 ut
1302 544 1446 583 vixisse
1466 547 1542 585 dici
1563 550 1686 599 possit
1705 551 1807 588 inter
1826 552 1888 589 Ol.
1906 553 1954 600 67
1973 561 2010 590 et
2031 553 2093 600 87.

1225 603 1284 639 De
1316 603 1469 654 scriptis
1497 607 1684 646 Charonis
1710 611 1741 647 si
1762 623 1811 648 ex
1830 624 1991 662 operum
2011 612 2186 663 catalogo
2199 644 2208 661 ‚

1173 661 1326 711 qualem
1358 666 1632 714 grammaticus
1661 669 1842 717 exhibet,
1866 671 2126 722 conjecturam
2147 674 2208 710 fa-

1174 734 1261 759 cere
1285 721 1441 770 liceret,
1473 733 1607 762 contra
1632 728 1751 765 aetatis
1779 743 1856 767 suae
1885 730 2055 769 indolem
2073 741 2209 770 auctor

1173 789 1306 818 noster
1328 781 1401 819 suit
1428 782 1637 821 admodum
1675 786 1871 826 fecundus.
1894 791 2114 828 Verendum
2139 805 2209 829 au—

1177 848 1277 886 tem,
1302 853 1351 878 ne
1381 842 1642 891 posteriorum
1673 846 1894 885 Charonum
1915 863 2033 900 opera
2055 851 2095 888 in
2113 851 2210 889 anti-

1174 898 1403 948 quissimum
1430 899 1546 951 hujus
1573 903 1740 942 nominis
1761 906 2009 957 scriptorem,
2040 910 2098 947 uti
2127 910 2210 947 fieri

1174 958 1292 1005 solet,
1309 959 1386 996 sint
1421 960 1553 998 relata.
1583 963 1733 1000 Etenim
1761 965 1864 1015 apud
1893 967 2048 1005 Suidam
2069 977 2210 1019 praeter

1175 1020 1479 1068 Lampsacenum
1515 1030 1781 1060 memorantur
1816 1025 2140 1076 Carthaginiensis
2171 1037 2211 1067 et

1174 1077 1419 1125 Naucratita,
1441 1091 1558 1129 quem
1582 1082 1838 1131 posteriorem
1854 1086 2015 1123 Vossius
2036 1086 2107 1137 (De
2121 1088 2209 1128 hist.

1176 1139 1242 1186 Gr.
1259 1150 1296 1187 p.
1313 1137 1404 1189 468)
1423 1146 1462 1174 et
1476 1139 1660 1178 Johnsius
1675 1141 1747 1193 (De
1767 1143 1900 1194 script.
1917 1144 2051 1183 histor.
2072 1146 2209 1196 philos.

1175 1197 1228 1243 ΙΙ,
1249 1209 1285 1243 7,
1302 1195 1337 1246 4)
1356 1196 1522 1234 eundem
1535 1211 1617 1236 esse
1636 1200 1821 1250 suspicati
1837 1210 1925 1239 sunt
1940 1215 1983 1240 ac
2001 1203 2065 1241 ille
2079 1233 2089 1251 ,
2108 1205 2174 1255 qui
2189 1219 2212 1243 a

1175 1254 1302 1293 Schol.
1330 1256 1379 1293 ad
1402 1257 1581 1307 Apollon.
1602 1259 1727 1298 Rhod.
1758 1260 1834 1312 (ΙΙ,
1868 1262 1984 1312 1055)
2012 1264 2211 1313 Apollonii

1176 1314 1374 1353 familiaris
1408 1317 1525 1355 fuisse
1553 1317 1712 1369 ejusque
1743 1322 2001 1371 Argonautica
2019 1336 2213 1361 commen-

1177 1375 1284 1413 tariis
1300 1376 1510 1414 illustrasse
1527 1377 1680 1416 dicitur.
1704 1379 1773 1416 His
1790 1379 2021 1431 adjungendi
2042 1389 2133 1418 sunt
2149 1383 2212 1420 alii

1177 1434 1334 1485 quidam
1370 1435 1567 1484 historici,
1601 1437 1742 1476 Chares
1778 1439 2025 1489 Mytilenaeus
2038 1470 2048 1488 ,
2082 1454 2212 1479 rerum

1176 1494 1388 1532 Alexandri
1416 1496 1584 1546 scriptor
1619 1497 1742 1547 (Voss.
1766 1499 1791 1536 l.
1813 1498 1836 1536 l.
1859 1512 1898 1550 p.
1929 1499 2019 1551 62),
2060 1501 2212 1539 Charax

1176 1554 1453 1602 Pergamenus,
1473 1555 1530 1591 uti
1561 1563 1706 1603 noster,
1724 1557 2012 1596 Hellenicorum
2031 1567 2069 1596 et
2086 1559 2212 1597 Chro—

1176 1611 1351 1649 nieorum
1370 1621 1504 1650 auctor
1517 1613 1647 1664 (Voss.
1658 1628 1697 1665 p.
1707 1614 1763 1661 ’34
1774 1629 1788 1652 1
1798 1616 1826 1666 ),
1842 1616 2017 1655 Chaereas
2031 1617 2211 1669 denique,

1177 1682 1198 1706 a
1214 1670 1376 1720 Polybio
1397 1671 1481 1722 (111,
1504 1685 1554 1709 20
1569 1702 1579 1720 ‚
1603 1673 1639 1723 5)
1667 1682 1850 1725 tanquam
1874 1676 2030 1728 ineptus
2049 1687 2213 1729 nugator

1179 1729 1460 1781 reprehensus3
1484 1733 1551 1782 qui
1593 1745 1726 1771 omnes
1752 1742 1915 1785 propter
1931 1736 2132 1774 nominum
2149 1738 2212 1775 vel

1176 1802 1338 1840 operum
1358 1788 1406 1826 ab
1420 1790 1466 1827 iis
1483 1791 1728 1830 conditorum
1743 1793 2031 1832 similitudinem
2050 1804 2090 1833 ut
2109 1810 2130 1835 a
2147 1810 2212 1835 re·-

1177 1848 1359 1887 centioris
1384 1850 1506 1888 aetatis
1530 1851 1622 1888 viris
1651 1851 1775 1890 doctis
1796 1865 1898 1904 saepe
1929 1867 2016 1891 cum
2035 1856 2212 1894 charone

1176 1910 1440 1960 Lampsaceno
1470 1911 1622 1949 confusi
1653 1920 1763 1959 sunt,
1787 1913 1841 1950 sic
1864 1912 1945 1963 jam
1977 1927 1999 1951 a
2018 1915 2212 1953 veteribus

1178 1981 1257 2005 non
1286 1981 1440 2020 semper
1467 1979 1572 2008 recte
1610 1970 1783 2008 distincti
1808 1985 1889 2010 esse
1907 1982 2070 2024 possunt
2088 1975 2212 2013 videri

1180 2027 1230 2078 (v.
1246 2041 1332 2078 quae
1349 2028 1462 2066 affert
1492 2032 1671 2067 Creuzer.
1694 2044 1732 2081 p.
1752 2032 1817 2080 96,
1835 2030 1907 2082 sq).

1230 2087 1386 2124 Accedo
1421 2087 1469 2125 ad
1501 2088 1567 2126 illa
1594 2089 1738 2139 scripta
1751 2118 1760 2136 ,
1795 2103 1962 2140 quorum
1997 2092 2212 2143 fragmenta

1177 2146 1355 2196 quaedam
1384 2155 1536 2185 aetatem
1562 2149 1745 2187 tulerunt.
1775 2149 1947 2188 Primum
1971 2151 2088 2201 igitur
2113 2154 2210 2189 Per—

1176 2210 1252 2243 sica
1265 2205 1420 2244 duobus
1435 2205 1559 2253 libris,
1574 2210 1770 2245 Hellcnica
1784 2217 1969 2259 quattuor
1982 2210 2091 2248 libris
2104 2225 2211 2249 com-

1178 2266 1319 2316 posuit.
1346 2266 1407 2304 Ad
1433 2266 1515 2303 haec
1538 2267 1708 2318 respexit
1737 2268 1896 2319 Dionys.
1921 2270 2005 2308 Hal.
2035 2271 2137 2317 (Jud.
2162 2272 2209 2310 de

1177 2325 1300 2363 Thuc.
1329 2339 1366 2376 p.
1393 2325 1504 2376 769),
1528 2325 1596 2363 ubi
1620 2326 1733 2366 dicit:
1758 2326 1943 2380 Ἡρόδοτος
1966 2330 2035 2367 τῶν
2058 2329 2126 2383 πρὸ
2143 2331 2210 2368 αὖ-

1176 2386 1237 2422 τοῦ
1263 2383 1492 2438 συγγραφέων
1515 2384 1732 2436 γενομένων,
1762 2385 1974 2426 Ἑλλανίκου
1993 2404 2030 2426 τε
2050 2389 2108 2427 καὶ
2129 2390 2209 2428 Χά-

1178 2459 1296 2497 ρωνος,
1309 2444 1373 2491 τὴν
1393 2442 1501 2491 αὐτὴν
1519 2443 1681 2483 ὑπόθεσιν
1700 2447 2028 2499 παρεκδεδωκότων,
2042 2450 2104 2486 οὐκ
2121 2450 2209 2486 ἀπε-

1175 2503 1343 2557 τράπετο,
1361 2502 1438 2541 ἀλλ’
1456 2502 1657 2542 ἐπίστευσεν
1696 2505 1810 2543 αὐτῶν
1826 2505 1985 2559 κρεῖσσόν
2002 2523 2036 2544 τι
2053 2506 2208 2551 ἐξοίσειν·

1176 2560 1261 2617 ὅπερ
1275 2562 1334 2601 καὶ
1353 2562 1540 2610 πεποίηκε.
1569 2564 1722 2611 Quibus
1741 2565 1888 2603 indicat
1908 2566 2082 2617 jejunam
2103 2567 2207 2606 illam

1176 2623 1361 2674 nullaque
1373 2622 1622 2674 jucunditate
1637 2624 1834 2662 conditam
1853 2626 2207 2676 antiquissimorum

1176 2681 1453 2720 historicorum
1487 2683 1791 2731 enarrationem,
1823 2697 1910 2734 quae
1935 2685 2025 2722 satis
2046 2685 2208 2725 haberet

1176 2755 1324 2780 summa
1342 2750 1491 2780 tantum
1510 2755 1640 2779 rerum
1662 2742 1792 2793 capita
1812 2750 1989 2793 tangere,
2014 2744 2053 2781 in
2074 2758 2208 2784 causas

1175 2814 1308 2839 earum
1329 2810 1367 2839 et
1387 2814 1606 2838 connexum
1632 2801 1745 2838 altius
1762 2815 1962 2852 nunquam
1982 2803 2206 2854 inquireret.

1174 2863 1283 2898 Hanc
1300 2860 1487 2898 Charonis
1511 2860 1640 2910 operis
1655 2859 1826 2897 indolem
1845 2860 1960 2898 fuisse
1981 2861 2203 2914 intelligitur

1174 2921 1289 2958 etiam
1307 2934 1352 2957 ex
1375 2920 1511 2970 primis
1541 2918 1764 2968 fragmentis
1778 2919 1831 2971 (1,
1849 2918 1909 2970 2),
1927 2920 1995 2959 ubi
2033 2923 2207 2961 Pseudo<-

1174 2979 1405 3025 Plutarchus
1418 2979 1606 3016 Charonis
1620 2986 1658 3015 et
1669 2978 1859 3017 Herodoti
1874 2979 1921 3017 de
1931 2981 2067 3019 iisdem
2092 2977 2216 3020 rebus*

1174 3039 1436 3077 narrationem
1458 3050 1693 3087 componens
1716 3037 1900 3089 majorem
1923 3040 1978 3077 illi
2003 3041 2203 3092 integrita-

1174 3107 1251 3135 tem
1281 3096 1489 3134 tribuendo
1516 3094 1630 3146 hujus
1651 3095 1783 3134 laudes
1815 3096 2032 3136 detrectare
2062 3100 2202 3138 studet.

1172 3160 1288 3202 Nam,
1316 3163 1359 3192 ut
1381 3154 1541 3193 Sevinus
1570 3162 1608 3192 et
1635 3157 1845 3194 Creuzerus
1874 3167 2054 3203 monent,
2080 3160 2204 3196 omnis

1174 3216 1254 3253 haec
1276 3214 1493 3250 criminatio
1520 3227 1567 3251 eo
1587 3214 1750 3252 diluitur
1769 3217 1874 3266 quod
1896 3231 1958 3260 res
1980 3231 2001 3255 a
2025 3218 2204 3256 Charone

1171 3274 1329 3312 summis
1357 3281 1506 3311 tantum
1536 3273 1646 3311 lineis
1665 3273 1879 3326 descriptas
1899 3277 2119 3316 Herodotus
2137 3291 2204 3316 ac-

1171 3335 1341 3373 curatius
1354 3334 1523 3382 tradidit,
1535 3334 1683 3385 singula
1696 3348 1858 3386 quaeque
1866 3349 1992 3373 rerum
2007 3347 2203 3375 momenta

2059 3406 2077 3438 b
