2320 3684
168 169 242 202 538

1038 162 1400 205 INTRODUCTIO.

167 249 259 288 δυοῖν
290 249 389 287 ἐτῶν.
408 247 494 286 Ἐπὶ
521 246 667 298 Κωμίου
687 245 750 297 μὲν
769 246 835 299 γὰρ
859 245 988 300 ἤρξατο
1007 253 1185 301 τυραννεῖν
1244 257 1322 294 est,
1337 249 1361 286 i.
1378 261 1410 286 e.
1427 248 1535 286 annis
1552 261 1599 286 ex
1618 257 1800 300 computo
1822 253 1857 288 A
1876 250 2038 300 repertis
2058 263 2176 290 unum
2193 265 2266 292 an-

166 306 418 359 Πεισίστρατος
431 337 442 355 ,
468 306 520 358 ἐφ’
542 305 779 359 Ἡγεστράτου
808 304 844 342 δὲ
866 305 1013 344 Σόλωνά
1038 321 1143 360 φησιν
1168 309 1187 345 ὃ
1245 321 1335 344 num
1356 307 1463 344 addit
1476 336 1487 354 ,
1517 320 1589 358 pro
1609 320 1714 345 more
1729 308 1804 345 isto
1820 315 2016 357 veterum,
2035 322 2112 359 quo
2129 324 2266 359 τριετη·

167 365 306 408 Φανίας
331 366 517 402 ἀποθανεῖν
534 367 593 403 τοῦ
609 362 697 414 μετὰ
722 362 870 414 Κωμίαν
900 363 1064 416 ἄρξαντος
1084 365 1189 415 (Plu-

169 424 287 462 tarch.
302 424 432 461 Solon.
453 425 639 472 extrem.)
658 438 666 460 :
684 435 760 473 quo
792 422 878 460 loco
902 436 988 473 quae
1017 423 1065 461 de
1089 425 1186 462 Pisi-

168 491 286 520 strato
306 482 405 519 dicta
423 490 534 530 sunt,
556 490 594 519 et
612 483 697 533 ipsa
717 481 898 519 videntur
914 483 1066 522 Phaniae
1083 497 1186 532 esse3

167 551 282 591 atque
299 540 431 578 eadem
451 540 629 591 epochaa
646 543 787 578 Nostro
810 540 982 579 redditur
1001 542 1078 594 (ep.
1112 542 1187 593 40).

168 603 305 637 Nonne
322 612 413 636 vero
437 598 775 648 probabile,etiam
794 599 1047 650 reliqua‚quae
1057 602 1187 639 Parius

168 656 215 694 de
228 656 469 694 Pisistratidis
482 666 519 694 et
534 658 745 709 praesertim
763 657 810 695 de
824 658 1050 708 Hipparcho
1066 667 1104 697 et
1115 660 1187 697 ali-

168 728 258 765 quo,
278 724 320 751 ut
345 716 528 766 conjicio,
547 716 699 767 Hippiae
715 716 793 754 filio
820 717 1033 756 interemtis
1051 717 1187 765 habet,

168 786 249 811 esse
260 787 307 810 ex
315 774 454 812 Phania
467 783 605 821 sumta,
616 774 742 826 quide
760 783 1008 825 tyrannorum
1023 777 1189 815 caedibus

168 840 296 882 egerat
325 832 471 871 ultione
499 833 696 879 adductis,
716 834 808 871 item
827 846 914 884 quae
943 835 984 872 in
1005 835 1189 873 chronico

167 889 241 927 hoc
266 890 312 927 de
335 892 514 943 repositis
536 892 738 930 Harmodii
761 900 798 930 et
817 893 1088 944 Aristogitonis
1109 902 1188 931 sta-

168 949 242 987 tuis
268 949 476 988 dicuntur?
496 951 624 989 Etiam
640 950 687 988 de
710 951 859 1002 proeliis
879 952 928 990 ad
946 952 1190 990 Artemisium

167 1015 206 1045 et
240 1008 468 1047 Salaminem
505 1017 738 1060 exposuerat
770 1010 936 1048 Phanias
967 1012 982 1062 (
1000 1011 1188 1048 Plutarch.

166 1066 347 1105 Themist.
381 1081 412 1104 c.
437 1082 456 1115 7
478 1076 516 1106 et
551 1067 612 1119 13)
635 1076 702 1106 :et
722 1071 860 1106 Noster
886 1070 1083 1107 Salaminii
1114 1084 1190 1106 non

167 1123 309 1162 oblitus
325 1134 392 1163 est.
411 1127 584 1177 Denique
599 1127 760 1164 Phanias
775 1127 815 1164 in
831 1126 931 1165 libro
951 1127 998 1165 de
1014 1128 1191 1177 Prytani-

166 1183 239 1221 bus
267 1185 489 1223 Eresiorum
518 1186 634 1223 etiam
673 1186 864 1225 mirabilia
894 1187 1086 1233 narravit,
1113 1200 1191 1224 non

167 1242 290 1280 solum
304 1258 390 1294 quae
407 1244 445 1281 in
463 1244 589 1282 Lesbo
606 1245 849 1292 accidissent,
869 1245 936 1283 sed
951 1246 1066 1283 etiam
1085 1259 1192 1296 pere-

167 1301 275 1351 grina
294 1301 450 1354 (Athen.
465 1306 625 1353 V111,p.
645 1303 783 1350 333‚A,
802 1312 840 1340 et
855 1303 946 1340 hinc
966 1303 1193 1341 Eustath.ad

166 1359 334 1406 Iliad.A,
353 1374 392 1411 p.
413 1361 475 1408 35,
512 1375 554 1408 17
575 1365 702 1410 Rom„
718 1361 786 1399 ubi
809 1362 856 1399 de
886 1359 1012 1399 tridua
1031 1362 1193 1412 piscium

167 1417 208 1454 in
225 1418 490 1469 Peloponneso
515 1419 667 1469 pluvias)
686 1434 694 1456 :
721 1420 787 1470 qui
805 1427 908 1457 certe
924 1433 1003 1457 non
1022 1420 1194 1458 omiserit

167 1476 332 1527 lapidem
349 1477 397 1514 ad
415 1480 530 1527 AEgos
548 1477 690 1515 flumen
709 1478 806 1515 coelo
823 1478 1023 1528 delapsum
1043 1487 1082 1515 et
1100 1479 1193 1516 insi-

168 1548 280 1585 gnem
314 1535 422 1572 illum
457 1544 646 1574 cometam
665 1565 676 1584 ,
713 1549 811 1587 quos
845 1536 969 1587 probe
999 1545 1114 1575 norat
1146 1537 1194 1575 ab

167 1594 369 1632 Aristotele
401 1594 585 1645 magistro
615 1609 623 1632 ε
655 1608 748 1645 quas
788 1608 848 1632 res
878 1595 981 1645 apud
1011 1598 1195 1634 Nostrum

168 1652 402 1703 perscriptas
420 1653 646 1704 reperimus.
661 1658 712 1690 Ac
728 1654 859 1691 nescio
876 1667 924 1691 an
941 1653 1077 1691 eodem
1093 1654 1197 1691 fonte

170 1723 262 1748 usus
288 1712 337 1748 sit
355 1713 408 1759 is,
430 1726 545 1762 quem
566 1711 757 1751 Eusebius
776 1712 1025 1763 compilavit3
1042 1712 1196 1750 Eusebii

170 1769 271 1806 enim
304 1769 451 1820 aliquot
484 1779 617 1808 notata
658 1771 707 1808 ad
741 1771 922 1809 Chronici
950 1771 1050 1809 Parii
1078 1771 1197 1810 verba

172 1828 347 1878 proxime
363 1829 571 1876 accedunt,
590 1838 630 1866 ut
654 1830 748 1867 illud
764 1830 891 1880 ipsum
907 1829 953 1867 de
973 1829 1103 1880 lapide
1122 1844 1196 1867 coe-

171 1886 262 1923 litus
287 1885 466 1937 delapso,
493 1896 530 1926 et
564 1888 611 1925 de
635 1888 849 1939 Thespide,
878 1901 1003 1937 neque
1034 1888 1074 1924 in
1102 1892 1198 1926 Ter-

173 1944 311 1995 pandri
340 1954 470 1994 aetate,
498 1959 614 1997 quam
642 1950 782 1985 Noster
809 1947 963 1984 videtur
987 1959 1035 1983 cx
1056 1947 1199 1985 Phania

173 2004 437 2053 constituisse,
461 2005 647 2043 Eusebius
676 2019 698 2042 a
720 2009 863 2044 Nostro
894 2004 1055 2042 discedit
1081 2007 1199 2056 magis

173 2076 288 2112 quam
317 2077 389 2114 pro
412 2063 685 2102 turbatissimis
705 2064 911 2103 Eusebiani
943 2065 1101 2103 canonis
1125 2079 1198 2103 nu-

176 2122 291 2158 meris
309 2130 517 2172 exspectes.
541 2139 556 2155 υ

227 2182 421 2230 Tempora
448 2180 650 2218 marmoris
675 2188 810 2218 auctor
835 2181 889 2218 ita
915 2190 1131 2232 computat,
1158 2190 1202 2219 ut

177 2250 200 2274 a
227 2237 313 2275 data
339 2239 503 2288 quadam
534 2239 683 2290 epocha
715 2252 834 2277 annos
861 2240 1005 2290 (civiles
1032 2241 1118 2278 illos
1141 2242 1200 2278 vel

176 2297 322 2334 Atticos
339 2327 349 2344 ‚
378 2297 479 2335 circa
513 2298 717 2336 solstitium
749 2297 922 2335 aestivum
950 2299 1202 2349 incipientes)

176 2365 353 2393 numeret
388 2370 510 2407 usque
543 2357 589 2394 ad
621 2370 763 2394 annum
796 2357 979 2407 Diogneti
1009 2358 1202 2397 archontis

177 2415 337 2464 elapsos.
357 2417 415 2452 De
441 2413 556 2465 hujus
575 2414 756 2464 Diogneti
775 2428 877 2453 anno
897 2429 1010 2453 nemo
1032 2425 1203 2455 veterum

177 2473 406 2524 scriptorum
428 2473 573 2524 aliquid
601 2472 754 2510 tradidit
781 2487 789 2509 :
820 2473 886 2511 sed
910 2488 957 2511 ex
975 2475 1203 2521 intervallis,

178 2545 263 2581 quae
282 2531 330 2568 ab
352 2531 435 2569 aliis
456 2531 706 2569 archontibus
726 2531 880 2570 aliunde
898 2532 995 2570 bene
1026 2535 1128 2572 notis
1157 2535 1204 2572 ad

175 2590 411 2640 Diognetum
448 2604 571 2642 usque
610 2604 631 2628 a
675 2593 870 2628 Marmore
913 2600 1204 2642 computantur,

177 2649 366 2686 evincitur
387 2649 570 2700 Diogneti
589 2647 703 2699 hujus
721 2662 862 2686 annum
879 2663 961 2688 esse
990 2651 1047 2688 Ol.
1067 2664 1152 2700 129,
1171 2666 1204 2699 1,

178 2716 265 2746 ante
285 2708 371 2746 Chr.
412 2710 503 2756 264,
523 2712 564 2747 P.
583 2712 618 2747 J.
640 2708 762 2757 4450,
784 2722 817 2746 a.
837 2715 883 2756 47
908 2710 1041 2760 primae
1056 2710 1206 2760 periodi

180 2767 384 2818 Callippeae
404 2781 479 2806 sec.
498 2767 636 2806 Ideler.
658 2768 812 2806 Enchir.
851 2768 1034 2806 Chronol.
1055 2776 1146 2806 tom.
1166 2772 1204 2816 Ι,

181 2838 220 2875 p.
241 2826 327 2870 344.

234 2886 377 2921 Verum
393 2898 470 2921 non
490 2884 650 2922 eandem
670 2884 817 2936 ubique
836 2898 956 2922 annos
977 2886 1204 2924 numerandi

182 2941 369 2979 rationem
401 2945 538 2980 Noster
569 2942 763 2980 observat.
804 2946 848 2981 In
882 2943 1075 2981 nonnullis
1105 2944 1206 2982 enim

184 2997 278 3035 locis
293 3000 569 3050 simplicissime
586 3014 667 3039 rem
684 3002 736 3039 sic
754 3001 940 3049 instituit,
958 3010 1002 3039 ut
1020 3015 1207 3040 annorum

185 3070 366 3094 numerus
394 3067 505 3096 certae
538 3059 689 3098 cuidam
723 3060 878 3111 epochae
910 3060 1127 3112 adscriptus
1157 3061 1207 3100 ab

186 3126 294 3152 anno
317 3117 496 3167 Diogneti
523 3118 716 3156 detractus
738 3119 799 3156 sit.
821 3122 934 3156 Hunc
956 3127 1182 3170 computum
1197 3147 1208 3166 ,

189 3173 235 3209 ad
251 3175 453 3212 terminum
471 3176 517 3213 ad
537 3190 650 3227 quem
666 3186 770 3215 recte
785 3177 1076 3227 significandum
1089 3179 1210 3228 aptis-

188 3231 352 3280 simum,
380 3242 418 3270 et
446 3248 579 3272 versus
610 3236 723 3273 finem
746 3237 950 3273 Marmoris
974 3237 1207 3287 frequentis-

188 3290 339 3338 simum,
357 3292 552 3329 Boeckhius
570 3302 676 3331 notat
693 3295 801 3331 litera
817 3299 857 3331 A.
875 3296 980 3332 Alter
993 3303 1209 3345 computus,

187 3348 297 3387 litera
321 3352 350 3387 B
382 3350 549 3400 signatus
568 3363 588 3388 a
611 3353 789 3390 Boeckhio
804 3382 814 3399 ,
842 3366 919 3390 uno
940 3366 1041 3391 anno
1060 3354 1209 3392 auctior

1247 364 1336 417 ρίδες
1355 374 1394 402 et
1414 366 1653 418 πεντετηρίδες
1671 366 1803 404 dicunt
1822 366 2004 418 periodos
2022 366 2186 406 duorum
2207 367 2266 408 vel

1246 432 1414 473 quatuor
1429 437 1631 462 annorum.

1301 482 1489 520 Praeterea
1502 491 1578 520 tres
1595 491 1744 521 exstant
1757 483 1914 534 epochae
1939 483 2012 534 (ep.
2028 482 2092 532 58,
2109 483 2173 534 62,
2189 485 2267 532 63),

1247 539 1314 578 ubi
1339 542 1489 579 numeri
1519 542 1718 580 marmoris
1745 555 1767 580 a
1796 550 1979 592 computo
2000 545 2033 580 A
2058 541 2210 580 duobus
2228 550 2268 580 et

1249 598 1370 637 tribus
1389 600 1497 638 annis
1516 601 1699 639 recedunt
1717 599 1933 651 (computus
1949 603 1978 638 C
1993 608 2030 638 et
2045 600 2110 651 D).
2139 599 2258 651 Cujus

1248 658 1304 695 rei
1333 672 1446 697 causa
1476 667 1542 697 aut
1571 660 1611 698 in
1644 673 1773 698 errore
1801 660 1968 697 auctoris
2001 660 2060 698 vel
2091 660 2264 711 lapicidae

1249 717 1450 767 quaerenda
1481 726 1563 765 est,
1593 718 1719 756 autin
1748 731 1794 756 eo
1822 731 1899 769 quo
1926 721 2068 757 Noster
2094 732 2186 757 usus
2211 727 2270 758 est

1249 775 1476 814 archontum
1495 777 1682 828 catalogo.

1300 834 1514 872 Secundum
1527 835 1606 873 haec
1623 835 1714 874 anni
1729 835 1969 882 archontum,
1986 849 2083 887 quos
2098 839 2271 874 Marmor

1250 901 1456 941 memorat,
1492 906 1541 931 ex
1571 893 1739 932 Boeckhii
1765 893 1980 932 rationibus
2013 894 2270 933 constituendi

1250 958 1338 988 sunt
1355 951 1457 988 hunc
1475 951 1515 988 in
1534 953 1692 990 modum
1716 967 1725 991 ε

1249 1011 1320 1061 Ep.
1332 1010 1394 1047 32.
1425 1008 1590 1061 (Κρέων).
1725 1011 1789 1050 Ol.
1810 1016 1874 1061 24,
1887 1023 1922 1049 2.
1935 1023 1994 1048 an.
2007 1016 2083 1054 420
2096 1013 2137 1048 Β.

1332 1070 1392 1106 33.
1421 1069 1623 1119 Τ]λ[η]σία.
1806 1077 1869 1121 24,
1887 1085 1919 1109 1.
2003 1072 2079 1115 418
2095 1074 2137 1109 Β.

1331 1129 1393 1172 34.
1421 1127 1617 1180 Δρωπίδου.
2003 1130 2093 1167 381.

1333 1187 1394 1224 35.
1427 1185 1694 1239 Ἀριστοκλέους.
1810 1188 1874 1236 43,
1888 1193 1922 1232 4.
2005 1189 2077 1232 341
2093 1191 2139 1226 A.

1333 1245 1394 1282 36.
1425 1244 1567 1295 Κριτίου
1587 1260 1623 1283 α.

1335 1304 1394 1350 37.
1424 1301 1596 1353 Σίμωνος.
1801 1308 1867 1350 47,
1887 1303 1908 1341 3
2006 1303 2080 1350 327
2098 1307 2140 1343 Β.

1334 1362 1396 1398 38.
1426 1361 1610 1412 Δαμασίου
1633 1363 1666 1413 β.
1807 1367 1870 1412 49,
1891 1362 1911 1399 3
2009 1361 2083 1399 318
2099 1366 2143 1401 A.

1334 1483 1395 1522 40.
1426 1475 1585 1527 Κωμίου.
2008 1490 2098 1526 297.

1337 1541 1398 1580 41.
1428 1534 1640 1586 Εὐθυδήμου
1808 1535 1873 1585 56,
1896 1549 1908 1572 1
2009 1547 2084 1586 292
2099 1539 2142 1574 A.

1335 1602 1397 1642 42.

1338 1658 1398 1702 43·

1339 1720 1400 1759 44·

1338 1774 1401 1818 45.
1809 1772 1872 1820 67,
1897 1784 1932 1810 2.
2015 1773 2090 1818 248
2105 1776 2146 1811 Β.

1338 1832 1400 1877 46.
1429 1829 1636 1882 Ἦσαγόρου.
1807 1829 1871 1877 68,
1893 1843 1925 1867 1.

1338 1895 1401 1937 47.
1431 1889 1661 1943 Πυθοκρίτου.
1811 1902 1873 1936 71,
1894 1890 1915 1925 3
2011 1891 2083 1927 231
2104 1893 2146 1928 B.

1341 1949 1401 1994 48.
1432 1947 1637 1986 Φαινίππου
1655 1950 1689 1999 β.
1810 1960 1872 1995 72,
1894 1948 1915 1984 3
2010 1961 2083 1996 227
2103 1951 2145 1986 B.

1339 2006 1400 2050 49.
1430 2000 1651 2053 Ἀριστείδου.
1807 2013 1869 2048 72,
1886 2005 1907 2044 4
2006 2001 2146 2052 225(6)
2163 2001 2279 2053 Am).

1339 2059 1399 2096 50.
1430 2058 1686 2110 Φιλοκράτους.
1807 2059 1870 2105 73,
1891 2063 1910 2102 4
2011 2071 2085 2096 222
2104 2063 2145 2098 Β.

1341 2118 1404 2155 51.
1434 2115 1645 2155 Καλλιάδου.
1807 2116 1870 2163 75,
1894 2130 1907 2153 1
2013 2130 2085 2165 217
2105 2120 2146 2156 Β.

1341 2177 1401 2214 52.
1432 2175 1652 2213 Ξανθίππου.
1810 2173 1870 2222 75,
1895 2187 1916 2211 2
2013 2176 2088 2212 216
2108 2174 2148 2214 Β.

1341 2235 1403 2271 53.
1433 2231 1682 2284 Τιμοσθένους.
1806 2233 1870 2283 75,
1894 2233 1914 2269 3
2011 2233 2087 2271 215
2105 2236 2148 2272 Β.

1343 2292 1405 2337 54.
1436 2291 1671 2342 Ἀδειμάντου.
1805 2292 1868 2338 75,
1885 2297 1906 2336 4

1343 2351 1406 2389 55.
1435 2350 1609 2404 Χάρητος.
1805 2363 1868 2397 77,
1893 2363 1907 2387 1
2008 2351 2084 2388 208
2103 2355 2151 2390 A.

1343 2411 1405 2448 56.
1436 2409 1650 2464 Ἀψηφίονος.
1809 2419 1870 2456 77,
1893 2415 1913 2455 4
2011 2411 2085 2448 206
2106 2413 2149 2448 Β.

1345 2469 1406 2516 57.
1437 2467 1659 2519 Θεαγενίδου.
1811 2467 1874 2515 78,
1899 2481 1914 2504 1
2013 2468 2088 2505 205
2107 2470 2149 2506 Β.

1345 2526 1406 2563 58.
1437 2526 1635 2570 Εὐθίππου.
1813 2538 1874 2575 79,
1898 2532 1917 2571 4
2019 2539 2093 2576 199
2111 2528 2152 2565 C.

1346 2585 1406 2634 59.
1438 2583 1594 2623 Καλλίου
1611 2599 1645 2622 α.
1817 2584 1878 2630 81,
1903 2597 1916 2621 1
2019 2586 2091 2635 193
2111 2587 2152 2623 Β.

1345 2645 1406 2680 60.
1437 2642 1597 2694 Διψίλου.
1815 2644 1878 2690 84,
1897 2643 1918 2680 3

1346 2703 1408 2740 61.
1438 2700 1651 2754 Ἀστυφίλου.
1812 2713 1878 2749 9ο,
1901 2714 1923 2737 1

1348 2767 1410 2804 62.
1440 2764 1677 2815 Εὐκτήμονος.
1811 2764 1875 2813 93,
1898 2777 1910 2800 1
2015 2769 2086 2812 147
2103 2767 2152 2803 D.

1345 2825 1408 2862 63.
1438 2822 1659 2874 Ἀντιγένους.
1807 2823 1872 2871 93,
1895 2835 1916 2859 2
2015 2823 2088 2868 145
2109 2826 2150 2863 C.

1346 2884 1409 2927 64.
1439 2882 1594 2921 Καλλίου
1615 2884 1647 2934 β.
1802 2881 1867 2930 93,
1889 2882 1910 2918 3

1347 2941 1410 2979 65.
1439 2939 1611 2983 Μίκωνος.
1805 2945 1869 2988 94,
1895 2941 1917 2977 3
2017 2941 2091 2990 139
2111 2943 2153 2979 Β.

1347 3001 1409 3037 66.
1438 2998 1614 3052 Λάχητος.
1809 2998 1872 3047 95,
1899 3012 1913 3035 1
2017 3001 2087 3046 137
2109 3002 2153 3038 Β.

1347 3059 1410 3107 67.
1443 3056 1734 3111 Ἀριστοκράτους.
1804 3057 1869 3106 95,
1892 3069 1913 3093 2
2013 3057 2086 3095 135
2106 3060 2152 3096 A.

1348 3176 1410 3226 69.
1439 3172 1588 3214 Πυθέου.
1790 3185 1874 3217 100,
1900 3186 1934 3210 1.
2020 3172 2092 3210 116
2113 3175 2159 3212 A.

1349 3249 1409 3282 70.
1439 3233 1610 3272 Καλλέου.
1790 3244 1874 3279 100,
1894 3236 1928 3275 4.

1351 3306 1412 3340 71.
1443 3290 1606 3330 Ἀστείου.
1790 3303 1876 3337 101,
1898 3295 1933 3334 4.
2019 3302 2090 3339 109
2107 3291 2153 3327 A.

1352 3364 1413 3398 72.
1443 3348 1712 3402 Φρασικλείδου.
1792 3360 1877 3395 102,
1898 3360 1933 3386 2.
2022 3360 2090 3394 107
2109 3348 2153 3383 A.
