2320 3684
161 207 231 240 196

154 291 284 328 ἔκτεινε
297 318 306 336 ,
328 286 389 333 τὴν
421 289 480 324 τοῦ
502 284 659 324 Γλαύκου
681 285 814 336 χρυσῆν
837 282 969 320 ἀσπίδα
1001 281 1171 334 κατέχων.

156 346 324 399 Ἐνόμισε
344 345 411 397 γὰρ
434 347 452 382 6
471 342 606 395 δράκων
625 341 665 380 τὸ
684 344 834 395 χρυσοῦν
872 333 960 378 εἶναι
991 340 1091 394 δέρας
1113 344 1174 379 τοῦ

154 410 265 461 κριοῦ.
287 402 458 456 Τιμηθεὶς
486 400 521 440 δὲ
545 405 563 440 6
583 400 760 451 Διομήδης
794 398 852 437 ἐπὶ
879 399 991 453 τούτῳ
1019 399 1174 454 σφόδρα,

155 464 363 518 ἀνδριάντας
387 459 642 499 κατεσκεύασεν
668 461 792 496 ἑαυτοῦ
820 459 860 497 ἐκ
894 461 963 496 τῶν
985 458 1089 496 λίθων
1114 461 1175 505 τῆς

155 523 280 571 Ἰλίου,
298 515 346 559 ὧν
371 518 554 558 ἕνεὸάλετο
573 516 650 556 τότε
677 519 723 561 εἷς
744 516 807 564 τὴν
832 520 931 564 ναῦν,
963 517 1024 555 καὶ
1048 515 1176 565 ἔστησε

154 581 292 623 τούτους
311 577 402 617 κατὰ
421 584 489 615 πᾶν
510 576 550 615 τὸ
575 578 647 615 ἐκεῖ
665 575 798 614 πεδίον.
818 575 990 629 ξ’Υστιερον
1018 575 1054 613 δὲ
1074 577 1177 615 ἀνελ-

156 637 224 678 θὼν
242 641 260 676 6
282 636 414 680 Δαυνὸς
441 635 544 673 αὐτὸν
570 634 686 688 ἔῤῥιψε
714 634 774 672 καὶ
796 632 876 679 τοὺς
904 632 1106 687 ἀνδριάντας
1131 635 1177 677 εἷς

154 696 218 744 τὴν
233 696 426 735 θάλασσαν.
451 689 560 733 Οῧτοι
581 694 618 732 δὲ
639 691 864 746 ἀνερχόμενοι
886 692 953 731 ὑπὸ
973 694 1042 731 τῶν
1059 692 1177 744 κυμά-

156 772 224 794 των
242 753 345 793 πάλιν
361 752 548 806 ἐξήρχοντο
563 751 647 806 πρὸς
664 751 725 795 τὰς
744 751 860 804 βάσεις
884 753 1010 789 αὐτῶν.
1033 750 1177 805 Ἱστορεῖ

156 814 192 853 δὲ
209 817 312 852 τοῦτο
323 812 473 863 Τίμαιος
493 814 511 850 6
528 809 673 854 Σικελὸς
691 810 751 849 καὶ
766 809 878 854 Λύκος
893 811 928 848 ἐν
951 810 1069 863 τρίτῳ.

640 869 701 908 14.

210 932 314 970 idem
342 929 434 967 ibid.
467 930 563 974 1137
580 942 588 965 :
604 928 651 966 Αἱ
686 924 722 965 δὲ
747 929 816 964 τῶν
843 926 1002 966 Δαυνίων
1020 932 1179 979 γυναῖκες

157 989 326 1040 μέλαιναν
350 988 480 1034 ἐσθῆτα
505 989 669 1039 φοροῦσι,
696 983 756 1023 καὶ
781 984 843 1029 τὰς
866 984 959 1037 ὄψεις
990 983 1180 1036 βάπτονται

155 1049 278 1100 πυῤῥῷ
296 1045 480 1099 χρώματι,
501 1042 549 1089 ὥς
572 1059 658 1097 φησι
679 1043 847 1094 Τίμαιος,
870 1043 1018 1087 ταινίαις
1033 1059 1072 1081 τε
1089 1044 1181 1081 πλα-

155 1106 263 1148 τείαις
296 1103 380 1142 εἰσὶν
413 1102 656 1153 ὑπεζωσμέναι
664 1132 674 1150 ,
711 1100 962 1152 ὑποδεδεμέναι
1002 1101 1047 1139 τὰ
1079 1101 1180 1139 κοῖλα

157 1160 369 1214 ὑποδήματα
392 1161 451 1199 καὶ
465 1160 589 1214 ῥάὸδον
610 1162 834 1214 κατέχουσαι.
848 1162 903 1199 Cf.
921 1160 1182 1198 Pseudo-Ari—

157 1232 247 1262 stot.
274 1224 334 1261 De
354 1221 439 1260 mir.
460 1220 619 1258 auscult.
639 1235 672 1258 c.
698 1235 712 1257 1
725 1234 783 1270 ¹9·

211 1340 318 1378 Idem
357 1337 451 1377 ibid.
479 1337 790 1376 ιοὸοεΕἶώθασιν
811 1337 842 1375 οἳ
865 1334 1026 1382 Δαύνιοι,
1046 1333 1124 1382 ἤτοι
1153 1336 1183 1373 οἱ

159 1398 359 1450 Καλαὸροὶ,
383 1398 418 1435 ἓν
439 1397 621 1447 μηλωταῖς
645 1395 823 1433 καθεύδειν
854 1395 890 1432 ἐν
923 1396 974 1447 τῷ
996 1394 1096 1447 τάφῳ
1123 1397 1183 1432 τοῦ

160 1455 415 1509 Ποδαλειρίου,
443 1454 502 1492 καὶ
523 1454 602 1492 καθ’
630 1453 759 1498 ὕπνους
787 1451 981 1504 λαμὸἄνειν
1004 1451 1186 1506 χρησμοὺς

159 1515 194 1561 ἐξ
217 1517 336 1553 αὐτοῦ.
370 1513 527 1553 Εἷώθασι
553 1511 590 1551 δὲ
626 1512 685 1551 καὶ
711 1514 746 1550 ἓν
775 1514 826 1565 τῷ
855 1510 1002 1557 πλησίον
1034 1513 1185 1564 ποταμῷ

161 1573 328 1626 Ἀλθαίνῳ
345 1570 576 1610 ἀπολούεσθαι
593 1571 651 1609 καὶ
665 1571 762 1609 αὐτοὶ
781 1570 840 1608 καὶ
858 1569 901 1608 τὰ
920 1569 1106 1622 θρέμματα
1120 1570 1187 1607 αὗ-

159 1635 241 1681 τῶν,
262 1631 322 1670 καὶ
346 1630 587 1669 ἐπικαλεῖσθαι
616 1629 674 1668 τὸν
702 1628 943 1682 Ποδαλείριον,
970 1628 1030 1666 καὶ
1048 1629 1166 1666 ἰᾶσθαι
1175 1658 1185 1676 ,

160 1690 235 1729 ὅθεν
253 1689 312 1728 καὶ
326 1692 344 1728 6
357 1687 516 1740 ποταμὸς
533 1687 606 1740 ἔχει
635 1688 699 1735 τὴν
717 1687 921 1738 ὀνομασίαν,
935 1688 982 1731 ὡς
999 1686 1186 1731 ἀλθαίνων,

162 1748 252 1788 κατὰ
273 1748 441 1800 Τίμαιον,
457 1747 516 1785 καὶ
541 1747 739 1801 θεραπεύων
763 1747 928 1785 ἁπάντων
950 1749 1020 1784 τῶν
1039 1744 1188 1796 λουομέ-

162 1825 229 1847 νων
250 1807 347 1861 ζῴων
369 1806 412 1846 τὰ
431 1805 638 1860 τραύματα,
659 1808 707 1851 ὣς
720 1836 729 1853 ,
751 1804 842 1843 κατὰ
865 1804 1034 1843 Μεθόδιον
1056 1804 1115 1843 τὸν
1136 1806 1185 1842 ἷα-

162 1868 257 1922 τρὸν,
284 1866 461 1919 Ἀλφειὸς,
492 1868 556 1911 τῆς
575 1864 759 1918 Ἀρκαδίας
787 1863 963 1914 ποταμὸς,
990 1865 1087 1901 ἷᾶται
1111 1862 1190 1906 τοὺς

163 1925 294 1980 ἀλφοὺς
308 1956 318 1974 ,
335 1925 395 1963 καὶ
415 1923 506 1963 κατὰ
522 1923 696 1978 Βιγρίδιον
718 1922 772 1973 δὲ,
791 1923 1052 1975 ποδαγριῶντας
1073 1925 1092 1960 6
1114 1921 1190 1960 Κύ-

165 1987 251 2029 δνος.

219 2101 360 2141 Strabo
379 2104 424 2148 V,
448 2115 486 2152 p.
527 2102 602 2144 248
628 2115 636 2137 :
661 2099 733 2139 Καὶ
761 2098 912 2151 Τίμαιος
941 2098 978 2136 δὲ
1011 2098 1091 2151 περὶ
1123 2099 1193 2136 τῶν

947 193 1111 234 TlMAEl
1140 193 1467 236 FRAGMENTA.

1235 282 1550 336 ραδοξολογεῖσθαι,
1571 283 1692 336 μικρὸν
1714 282 1750 321 δὲ
1768 284 1836 337 πρὸ
1857 285 1981 322 ἑαυτοῦ
2003 285 2061 324 τὸν
2077 284 2250 338 Ἐπωμέα

1233 340 1336 394 λόφον
1357 343 1392 380 ἐν
1410 341 1500 393 μέσῃ
1523 344 1567 393 τῇ
1587 341 1682 395 νήσῳ
1701 341 1885 394 τιναγέντα
1906 343 1973 381 ὑπὸ
1992 346 2144 395 σεισμῶν
2164 346 2251 382 ἀνα-

1234 398 1353 438 6αλεῖν
1373 404 1441 454 πῦρ
1467 400 1527 438 καὶ
1559 400 1600 438 τὸ
1625 399 1752 451 μεταξὺ
1772 402 1878 438 αὐτοῦ
1905 400 1964 438 καὶ
1985 404 2047 448 τῆς
2074 402 2252 449 θαλάσσης

1234 456 1374 506 ἐξῶσαι,
1386 457 1475 496 πολὺ
1494 457 1545 507 ὂν,
1565 458 1622 496 ἐπὶ
1641 458 1681 497 τὸ
1699 458 1863 510 πέλαγος·
1874 459 1914 497 τὸ
1929 459 1959 497 δ’
1967 458 2178 513 ἐκτεφρωθὲν
2190 462 2253 507 τ’ἠς

1234 518 1315 566 γῆς,
1336 516 1573 569 μετεωρισμὸν
1591 517 1714 563 λαὸὸν,
1733 519 1960 571 κατασκῆψαι
1978 516 2082 556 πάλιν
2101 533 2255 571 τυφωνο-

1236 575 1333 618 ειδῶς
1350 576 1397 620 εἷς
1414 574 1478 621 τὴν
1493 578 1611 623 ν’ῆσον,
1630 575 1688 613 καὶ
1706 575 1762 613 ἐπὶ
1781 581 1871 628 τρεῖς
1887 574 1950 622 τὴν
1975 576 2153 614 θάλασσαν
2167 578 2255 614 ἀνα·
2309 595 2320 607 ⁴1

1234 636 1397 686 χωρῆσαι
1411 633 1588 678 σταδίους·
1613 634 1893 687 ἀναχωρήσασαν
1913 632 1962 681 δὲ,
1978 634 2087 685 [μετ’]
2105 636 2144 673 οὒ
2165 632 2255 672 πολὺ

1237 690 1467 745 ὑποστρέψαι,
1483 691 1542 730 καὶ
1561 694 1605 744 τῇ
1623 692 1811 745 παλιρροία
1829 691 2047 730 κατακλύσαι
2059 691 2122 738 τὴν
2140 693 2243 738 νῆσον

1235 749 1295 788 καὶ
1314 749 1473 802 γενέσθαι
1492 749 1612 788 σὸέσιν
1632 754 1692 788 τοῦ
1709 752 1742 788 ἐν
1764 752 1851 803 αὐτῇ
1881 748 2006 804 πυρός·
2032 750 2101 789 ἀπὸ
2135 749 2172 788 δὲ
2195 750 2257 789 τοῦ

1236 808 1326 860 ἤχου
1348 807 1429 853 τοὺς
1448 809 1483 846 ἐν
1508 811 1551 860 τῇ
1575 808 1710 862 ἠπείρῳ
1731 815 1849 862 φυγεῖν
1876 810 1916 847 ἐκ
1941 812 2002 856 τῆς
2017 807 2191 862 παραλίας
2208 809 2258 854 εἷς

1235 866 1299 914 τὴν
1319 866 1391 906 ἄνω
1406 866 1633 918 Καμπανίαν.
1647 871 1704 905 Ita
1728 868 1807 905 haec
1825 868 2022 905 constituit
2041 871 2194 906 Cor-aes.

1291 926 1504 965 Casaubon.
1524 940 1596 976 pro
1616 923 1789 978 Ἐπωμέα
1813 940 1861 964 ex
1885 927 1984 965 Plin.
2002 929 2061 972 ΙΙ,
2079 926 2142 974 88,
2153 925 2258 964 resti-

1239 985 1422 1022 tuendum
1461 992 1590 1022 censet
1627 983 1812 1022 Ἐπωπέα.
1851 985 1908 1022 Cf.
1955 985 2183 1022 Beckmann.
2212 985 2259 1022 ad

1238 1043 1570 1082 Pseudo—Aristot.
1590 1045 1648 1080 De
1668 1043 1751 1080 mir.
1772 1056 1874 1080 ausc.
1896 1056 1934 1093 p.
1961 1056 2022 1092 79.

1721 1102 1780 1138 17.

1295 1160 1422 1209 Antig.
1459 1161 1606 1208 Caryst.
1637 1173 1670 1196 c.
1708 1160 1778 1206 167
1798 1174 1807 1196 ε
1837 1159 2057 1198 Heraclides
2083 1158 2262 1196 Ponticus

1241 1218 1420 1269 paludem
1432 1218 1627 1256 Sarmatiae
1642 1229 1723 1255 esse
1738 1217 1843 1263 dicit,
1856 1231 1969 1267 quarn
1979 1218 2080 1255 nulla
2096 1229 2264 1267 unquam

1241 1278 1323 1315 avis
1340 1276 1620 1326 supervolaret,
1635 1283 1750 1325 atque
1773 1275 2016 1312 accedentem
2035 1276 2165 1312 soetore
2194 1288 2263 1312 ne—

1243 1335 1338 1381 cari3
1355 1333 1515 1371 eandem
1528 1342 1704 1371 naturam
1720 1342 1800 1370 tum
1815 1333 1992 1380 aliorum,
2022 1341 2102 1370 tum
2122 1333 2266 1371 Averni
2305 1360 2308 1361 ν

1243 1395 1347 1432 lacus
1366 1405 1460 1431 esse.
1479 1391 1526 1430 Ὁ
1546 1389 1582 1430 δὲ
1603 1391 1754 1443 Τίμαιος
1771 1395 1874 1429 τοῦτο
1894 1389 1956 1442 μὲν
1982 1392 2106 1445 ψεῦδος
2126 1393 2265 1443 ἡγεῖται
2306 1395 2307 1398 ’

1244 1446 1349 1491 εἶναι·
1363 1449 1408 1489 τὰ
1421 1452 1570 1489 πλεῖστα
1586 1449 1652 1504 γὰρ
1663 1449 1755 1488 κατὰ
1765 1449 1874 1502 τύχην
1887 1451 2112 1503 (κατατυχεῖν
2127 1450 2264 1500 Bentl.)

1243 1513 1313 1549 τῶν
1327 1507 1531 1560 εἰθισμένων
1550 1509 1634 1562 παρ’
1659 1510 1746 1560 αὐτῇ
1773 1509 1993 1546 διαιτᾶσθαι·
2020 1510 2130 1547 ἐκεῖνο
2150 1506 2267 1558 μέντοι

1243 1568 1338 1621 λέγει
1350 1597 1360 1615 ,
1386 1566 1471 1605 διότι
1486 1566 1698 1619 συνδένδρων
1709 1566 1825 1605 τόπων
1842 1565 2071 1618 ἐπικειμένων
2085 1569 2194 1619 αὐτῇ,
2207 1565 2266 1604 καὶ

1244 1628 1384 1666 πολλῶν
1404 1624 1543 1664 κλάδων
1567 1625 1626 1663 καὶ
1646 1624 1798 1678 φύλλων,
1829 1624 1886 1663 διὰ
1921 1626 1964 1663 τὰ
1996 1624 2181 1675 πνεύματα
2198 1625 2267 1662 τῶν

1247 1684 1309 1738 μὲν
1329 1683 1625 1735 κατακλωμένων,
1642 1686 1711 1722 τῶν
1727 1682 1761 1721 δὲ
1774 1683 2047 1735 ἀποσειομένων,
2064 1682 2160 1721 οὐδέν
2175 1684 2268 1721 ἐστιν

1247 1747 1328 1783 ἰδεῖν
1346 1744 1400 1782 ἐπ’
1416 1744 1503 1795 αὐτῇ
1519 1742 1726 1795 ἐφεστηκὸς,
1745 1740 1835 1780 ἀλλὰ
1852 1741 2026 1793 διαμένειν
2046 1740 2214 1793 καθαράν.

1300 1803 1441 1842 Eadem
1467 1815 1515 1839 ex
1536 1802 1670 1839 eodem
1700 1802 1806 1838 fonte
1825 1815 1902 1838 non
1929 1801 2124 1838 nominato
2145 1809 2269 1838 tamen

1249 1861 1365 1900 habet
1378 1860 1705 1899 Pseudo-Aristot.
1729 1864 1788 1897 De
1804 1860 1888 1897 mir.
1909 1872 2013 1896 ausc.
2030 1873 2063 1896 c.
2089 1860 2172 1896 108.

1733 1918 1793 1955 18.

1303 1978 1505 2017 Athenaeus
1523 1980 1591 2021 lv,
1613 1978 1672 2021 13,
1687 1989 1725 2026 p.
1743 1977 1828 2023 153,
1846 1979 1882 2013 D
1895 2005 1905 2023 ,
1925 1975 1973 2013 de
1986 1975 2137 2012 luxuria
2155 1975 2262 2012 Etru-

1251 2049 1403 2076 scorum
1424 2037 1631 2081 disserens,
1660 2033 1809 2084 Τίμαιος
1823 2062 1833 2079 ,
1853 2034 1999 2084 inquit,
2019 2034 2054 2070 ἐν
2077 2035 2120 2084 τῇ
2148 2031 2271 2086 πρώτῃ

1251 2099 1320 2135 τῶν
1341 2097 1501 2148 ἱστοριῶν
1515 2093 1575 2132 καὶ
1588 2092 1650 2137 τὰς
1666 2091 1876 2146 θεραπαίνας
1888 2121 1899 2139 ,
1918 2091 2021 2144 φησὶ,
2034 2090 2118 2144 παρ’
2138 2091 2270 2137 αὐτοῖς,

167 2162 420 2208 Πιθηκουσσῶν
461 2159 565 2213 φησὶν
585 2158 652 2197 ὑπὸ
683 2160 753 2196 τῶν
791 2159 951 2196 παλαιῶν
979 2157 1094 2195 πολλὰ
1130 2172 1198 2194 πα·
1258 2153 1363 2208 μέχρι
1382 2157 1420 2192 οὓ
1439 2152 1481 2191 ἂν
1499 2152 1695 2199 αὐξηθῶσι,
1714 2150 1848 2203 γυμνὰς
1864 2152 2107 2189 διακονεῖσθαι.

175 2226 2252 2250 p———fflffi

166 2272 222 2311 cit,
241 2271 356 2304 Glauci
366 2272 499 2303 scutum
519 2278 654 2301 aureum
671 2267 824 2300 manibus
844 2269 970 2300 tenens.
984 2269 1089 2299 Draco
1103 2266 1191 2298 enim

166 2319 316 2360 opinatus
328 2320 389 2356 est,
400 2326 533 2349 aureum
544 2316 623 2348 illud
636 2324 706 2348 esse
718 2315 822 2347 vellus
831 2315 950 2346 arietis.
965 2316 1056 2346 Hanc
1071 2313 1113 2346 ob
1124 2322 1193 2345 rem

167 2375 268 2407 quum
288 2365 459 2396 Diomedes
481 2372 598 2403 magno
614 2364 646 2395 in
666 2363 787 2394 honore
808 2362 1000 2401 haberetur,
1019 2361 1194 2393 simulacra

168 2413 219 2445 sui
245 2412 320 2444 fecit
332 2421 371 2443 ex
386 2408 549 2452 lapidibus
565 2410 681 2449 machi,
689 2418 771 2450 quos
779 2407 1015 2441 tuminnavem
1029 2406 1193 2448 injecerat,

168 2468 270 2500 eaque
285 2459 455 2490 collocavit
462 2466 517 2498 per
523 2459 624 2489 totam
632 2456 732 2497 hujus
742 2455 880 2496 regionis
891 2455 1067 2495 planitiem.
1081 2457 1195 2486 Postea

170 2515 248 2539 vero
264 2505 396 2537 advenit
409 2506 555 2543 Daunus,
574 2504 746 2544 ipsumque
764 2511 839 2534 cum
855 2502 1035 2534 simulacris
1058 2502 1092 2533 in
1108 2510 1196 2533 mare

170 2552 327 2594 projecit:
345 2551 414 2583 haec
437 2554 545 2583 autem
562 2559 602 2583 ex
622 2549 719 2583 undis
744 2551 945 2581 emerserunt
969 2551 1002 2580 et
1023 2548 1064 2580 ad
1080 2548 1194 2579 sunda—

171 2600 280 2632 menta
302 2607 362 2631 sua
386 2597 562 2630 redierunt.
590 2599 668 2629 Haec
696 2597 829 2628 narrant
853 2595 995 2628 Timaeus
1017 2595 1144 2628 Siculus
1163 2595 1196 2627 e't

171 2649 279 2687 Lycus
291 2644 374 2677 libro
390 2644 496 2677 tertio.

657 2702 718 2740 14.

216 2767 415 2800 Dauniorum
430 2766 580 2798 mulieres
596 2766 751 2798 vestitum
771 2765 889 2797 habent
909 2764 1052 2805 nigrum,
1068 2764 1196 2795 vultum

174 2815 248 2847 ruso
261 2815 367 2846 colore
381 2814 529 2854 tingunt,
548 2815 585 2845 ut
600 2813 646 2845 ait
669 2813 824 2851 Timaeus,
841 2812 922 2844 latas
940 2812 1056 2843 taenias
1070 2811 1196 2842 succin-

175 2864 266 2941 gung,
280 2861 404 2894 calceos
420 2860 583 2901 subligant
595 2868 756 2892 concavos
771 2862 804 2892 et
819 2858 969 2891 baculum
985 2857 1135 2890 manibus
1151 2859 1197 2890 te·

177 2918 238 2941 nen
259 2934 264 2941 .

656 2966 717 3000 15.

220 3026 329 3058 Solent
358 3025 494 3065 Daunii,
531 3024 659 3058 Calabri
682 3032 798 3065 nempe
809 3046 818 3063 ,
853 3023 886 3055 in
919 3021 1058 3064 pellibus
1093 3021 1199 3053 ovinis

178 3072 211 3103 in
227 3073 374 3112 sepulcro
396 3071 550 3104 Podalirii
567 3071 708 3103 dormire
726 3073 758 3103 et
776 3079 832 3111 per
846 3078 979 3102 somnos
995 3069 1036 3100 ab
1059 3077 1097 3100 eo
1118 3068 1199 3100 acci·

179 3127 254 3159 pere
262 3119 400 3151 oracula.
417 3119 526 3151 Solent
534 3118 631 3151 etiam
645 3119 678 3150 in
691 3118 851 3158 Althaeno‚
863 3117 963 3149 iluvio
973 3116 1091 3155 vicino,
1100 3115 1199 3147 lavari

181 3167 213 3196 et
223 3165 285 3205 ipsi
297 3167 331 3197 et
343 3174 459 3206 peoora
473 3174 598 3206 eorum,
613 3167 648 3197 et
663 3165 814 3197 invocare
827 3163 1025 3197 Podalirium
1039 3165 1072 3195 et
1083 3162 1200 3201 sanari,

181 3211 267 3243 unde
282 3212 379 3243 etiam
391 3221 508 3244 nomen
523 3210 622 3244 habet
636 3211 770 3251 fluvius,
785 3211 905 3252 quippe
917 3210 1061 3248 medens,
1073 3212 1202 3242 auctore

182 3258 316 3297 Timae0,
330 3260 362 3290 et
372 3267 488 3290 sanans
503 3259 662 3298 omnium,
677 3267 752 3299 quae
766 3258 800 3290 in
813 3267 852 3290 eo
861 3258 1022 3298 lavantur,
1031 3255 1203 3289 animanti·

183 3313 238 3336 um
262 3304 413 3343 vulnera3
429 3306 475 3343 ut,
489 3306 621 3337 auctore
634 3305 799 3337 Methodio
811 3305 950 3344 medico,
969 3304 1119 3346 Alpheus,
1143 3306 1203 3336 Ar-

183 3350 285 3383 cadiae
299 3350 433 3390 fluvius,
445 3350 663 3392 impetiginem
680 3354 782 3390 sanat,
792 3354 824 3383 et
839 3351 1018 3384 secundum
1026 3350 1203 3392 Bigridium

185 3397 318 3437 cydnus
330 3397 447 3431 fluvius
463 3405 530 3439 eOS,
545 3398 600 3439 qui
614 3398 754 3439 podagra
772 3398 932 3431 laborant.

1736 2267 1796 2300 16.

1291 2336 1396 2374 Atque
1405 2333 1549 2366 Timaeus
1562 2333 1660 2366 etiam
1684 2332 1724 2364 de
1738 2331 1918 2363 Pithecusis
1929 2329 2027 2362 tradit
2036 2330 2161 2362 veteres
2174 2328 2273 2361 multa

1249 2381 1344 2413 iidem
1361 2381 1547 2413 excedentia
1563 2379 1774 2421 perhibuisse.
1788 2377 1888 2410 Paulo
1896 2379 2004 2409 autem
2011 2379 2084 2408 ante
2094 2384 2186 2408 suam
2196 2376 2271 2408 aeta·

1250 2431 1314 2460 tem
1325 2428 1431 2460 media
1441 2427 1586 2459 ininsula
1595 2426 1719 2464 collem,
1729 2425 1782 2457 cui
1794 2433 1911 2457 nomen
1923 2425 2176 2465 Epomeo‚terrae
2182 2423 2273 2455 motu

1250 2484 1447 2508 concussum
1467 2475 1556 2515 ignes
1574 2473 1774 2511 evomuisse;
1794 2474 1828 2504 et
1849 2471 1938 2512 quod
1954 2473 2048 2503 terrae
2069 2469 2272 2510 interipsum

1249 2532 1287 2555 ac
1300 2531 1387 2554 mare
1404 2523 1489 2561 erat,
1505 2530 1570 2553 non
1583 2522 1736 2562 exiguum
1752 2519 1842 2558 illud,
1859 2518 1899 2550 ad
1912 2526 2001 2549 mare
2017 2516 2195 2558 perpulisse
2212 2525 2221 2547 :
2237 2523 2275 2548 ae

1250 2572 1368 2602 terram
1385 2570 1416 2600 in
1432 2569 1555 2600 cineres
1576 2576 1703 2600 versam
1715 2590 1724 2606 ‚
1742 2574 1872 2598 rursum
1887 2563 2072 2597 vehementi
2092 2563 2222 2596 turbine
2233 2561 2273 2594 ad

1250 2616 1390 2648 insulam
1416 2615 1578 2656 appulisse
1593 2638 1602 2654 ,
1622 2613 1794 2653 tribusque
1819 2611 1896 2643 inde
1922 2619 2010 2642 mare
2027 2609 2197 2642 recessisse
2216 2610 2276 2641 sta·
2302 2613 2307 2630 ⁵

1251 2663 1325 2703 diis;
1342 2662 1430 2703 quod
1440 2661 1536 2702 paulo
1552 2663 1624 2702 post
1640 2668 1771 2692 rursum
1781 2657 1822 2690 ad
1832 2660 1950 2690 terram
1961 2656 2084 2689 dederit
2098 2656 2272 2697 impetum:
2300 2674 2302 2676 v

1251 2710 1298 2741 sic
1312 2709 1410 2740 maris
1424 2711 1541 2740 aestum
1559 2707 1737 2739 inundasse
1751 2705 1903 2744 insulam,
1917 2704 2087 2744 ignemque
2108 2702 2141 2734 in
2157 2710 2198 2734 ea
2215 2701 2277 2733 hoc
2300 2700 2311 2730 L

1251 2763 1346 2801 paeto
1361 2758 1559 2791 exstinctum
1577 2767 1584 2788 z
1603 2757 1728 2798 fragore
1741 2759 1849 2788 autem
1868 2755 2030 2796 perculsos
2043 2761 2111 2789 eos.
2125 2752 2183 2793 qui
2200 2759 2275 2784 oon-

1252 2807 1408 2838 tinentem
1422 2804 1620 2844 habitabant,
1635 2804 1676 2836 ab
1691 2812 1747 2836 ora
1760 2803 1924 2836 maritima
1938 2802 1971 2834 in
1982 2800 2170 2834 interiorem
2181 2799 2275 2832 Gam-
2298 2818 2303 2819 ν

1253 2853 1382 2894 paniam
1398 2851 1588 2893 profugisse.

1736 2915 1796 2948 17.

1295 2982 1366 3013 Hoc
1377 2980 1520 3012 Timaeus
1534 2977 1742 3010 mendacium
1757 2986 1828 3009 esse
1842 2978 1955 3017 putat:
1973 2983 2051 3007 nam
2066 2974 2208 3016 plurima
2225 2978 2306 3006 eo-

1254 3038 1328 3062 rum
1349 3037 1423 3069 quae
1445 3027 1531 3068 apud
1553 3035 1628 3059 eum
1653 3024 1775 3057 versari
1794 3025 1938 3057 solerent
1958 3023 2041 3055 bene
2060 3031 2131 3055 sese
2147 3021 2279 3054 habere.
2300 3031 2301 3035 ¹

1254 3075 1339 3108 Illud
1363 3083 1441 3106 vero
1466 3073 1546 3105 dicit
1560 3083 1568 3103 :
1601 3085 1617 3100 n
1631 3080 1731 3112 quum
1761 3071 1831 3102 loca
1852 3070 1880 3102 ei
1907 3069 2084 3110 adjacentia
2107 3067 2276 3101 arboribus

1255 3122 1377 3154 consita
1385 3122 1503 3160 essent,
1516 3127 1693 3160 magnaque
1702 3126 1866 3150 ramorum
1878 3117 2092 3157 foliorumque
2103 3112 2277 3148 multitudo

1255 3168 1362 3202 ventis
1377 3166 1630 3207 confringeretur
1637 3166 1734 3205 amne
1751 3164 1996 3205 dispergeretur,
2010 3163 2091 3194 nihil
2107 3163 2142 3194 in
2154 3170 2193 3195 eo
2206 3166 2302 3197 eonf-

1256 3215 1336 3257 spici
1349 3222 1454 3256 posse,
1470 3221 1609 3254 eumque
1625 3220 1751 3252 semper
1766 3219 1882 3252 purum
1901 3219 1972 3243 esse
1987 3209 2102 3242 videri.
2295 3214 2298 3215 ⁷

1738 3282 1799 3314 18.

1299 3348 1441 3382 Timaeus
1449 3347 1667 3379 Historiarum
1682 3343 1764 3375 libro
1778 3343 1883 3384 primo
1899 3342 1957 3381 ait,
1971 3341 2058 3383 apud
2072 3342 2225 3372 Etruscos
2235 3336 2275 3368 sa·

1260 3395 1365 3428 mulas
1378 3395 1488 3435 etiam,
1502 3393 1691 3435 priusquam
1707 3389 1827 3423 adultae
1849 3389 1926 3430 sint,
1942 3388 2046 3421 nudas
2059 3387 2253 3420 ministrare.
