2320 3684
720 146 1052 188 APOLLODORI
1081 146 1412 188 FRAGMENTA.

3 237 129 287 πλέον,
149 238 298 276 ἐνταῦθα
323 238 387 275 οὐκ
408 225 614 290 ὠλιγώρηκε
630 235 755 287 μόνον,
775 235 866 275 ἀλλὰ
883 234 943 274 καὶ
958 237 1042 274 τάν-

10 297 112 339 αντία
131 298 179 340 εἷς
208 296 243 335 ἓν
275 296 416 348 συνάγει
441 293 487 334 τὰ
517 294 566 346 μὴ
593 294 761 338 ὡσαύτως
793 294 977 346 λεγόμενα.
995 293 1041 333 Ὁ

11 354 75 408 μὲν
95 354 312 409 γὰρΞάνθος
326 357 344 393 ὃ
357 353 468 398 Λυδὸς
483 352 572 405 μετὰ
584 354 628 392 τὰ
645 353 793 407 Τρωϊκά
809 368 914 407 φησιν
931 355 1040 391 ἐλθεῖν

10 413 89 458 τοὺς
109 412 256 468 Φρύγας
273 414 313 451 ἐκ
331 415 394 460 τῆς
412 412 589 466 Εὐρώπης
606 412 666 451 καὶ
684 413 754 450 τῶν
773 413 965 466 ἀριστερῶν
980 415 1041 450 τοῦ

11 471 150 513 Πόντου
163 503 173 520 ,
194 474 336 524 ἀγαγεῖν
357 471 387 510 δ’
405 470 530 515 αὐτοὺς
545 470 793 523 Σκαμάνδριον
814 471 854 508 ἐκ
873 469 1043 523 Βερεκύν-

9 546 79 571 των
111 530 170 569 καὶ
195 529 377 573 Ἀσκανίας
393 529 584 582 ’ἐπιλέγει
611 529 648 567 δὲ
677 529 810 573 τούτοις
839 531 858 567 ὁ
878 527 1043 567 Ἀπολλό-

13 590 144 644 δωρος,
173 588 227 628 ὅτι
260 591 324 636 τῆς
354 587 539 632 Ἀσκανίας
566 586 697 635 ταύτης
736 586 948 639 μνημονεύει
982 587 1041 626 καὶ

9 647 195 702 Ὄμηρος,
217 642 259 695 ἧς
281 650 299 686 ὁ
318 646 455 690 Ξάνθος
469 662 478 670 ·

96 712 219 755 Φόρκυς
243 713 277 744 δὲ
293 712 420 755 Φρύγας
433 711 491 753 ἦγε
504 712 558 744 καὶ
573 710 731 748 Ἀσκάνιος
745 711 878 750 θεοειδὴς

92 760 159 798 τῆλ’
176 760 206 796 ἐξ
217 759 391 797 Ἀσκανίης.

0 811 104 864 ,Ἀλλ’
123 813 152 850 εἷ
171 811 281 856 οὕτως
299 811 395 864 ἔχει,
414 814 437 858 ἡ
459 810 522 863 μὲν
547 810 806 862 μετανάστασις
833 809 978 864 ὕστερον
999 807 1041 847 ἂν

11 869 65 918 εἴη
101 872 171 909 τῶν
212 871 385 923 Τρωϊκῶν
419 874 622 921 γεγονυῖα...
651 869 832 908 Pluribus
869 869 910 906 in
941 869 1045 906 hunc

12 929 171 968 modum
191 930 374 968 adversus
400 942 489 966 eum
508 928 713 980 disputatis
726 957 736 976 ,
767 928 918 979 pergit:
938 925 1045 965 Οὕτω

14 987 51 1026 δὲ
70 987 150 1043 περὶ
165 990 235 1027 τῶν
254 989 409 1040 Φρυγῶν
429 986 550 1036 εἰπὼν,
571 985 727 1040 ἐπιφέρει
743 986 803 1025 καὶ
819 985 864 1024 τὰ
879 984 959 1039 περὶ
974 986 1044 1023 τῶν

13 1047 147 1086 Μυσῶν
164 1048 230 1101 οὐχ
249 1045 512 1099 ὁμολογούμενα
525 1045 660 1090 τούτοις
672 1062 679 1070 ·
697 1044 862 1097 λέγεσθαι
875 1045 942 1098 γάρ
960 1058 1046 1098 φησι

13 1105 73 1144 καὶ
91 1109 155 1153 τ’ἧς
170 1106 309 1150 Μυσίας
329 1105 454 1158 κώμην
481 1105 666 1144 Ἀσκανίαν
692 1105 774 1158 περὶ
797 1104 926 1157 λίμνην
944 1102 1046 1156 δμώ-

12 1179 142 1216 νυμον,
172 1165 206 1211 ἐξ
233 1161 275 1214 ἧς
301 1165 361 1204 καὶ
393 1165 451 1204 τὸν
479 1165 661 1204 Ἀσκάνιον
692 1164 851 1216 ποταμὸν
885 1167 954 1217 ῥεῖν
965 1195 975 1213 ,
1005 1158 1046 1202 οἶ

2 1224 227 1278 μνημονεύει
246 1224 306 1263 καὶ
327 1224 511 1278 Εὐφορίων
526 1239 535 1248 ·

365 1290 489 1321 Μυσοῖο
503 1290 575 1332 παρ’
588 1289 696 1321 ὕδασιν
712 1288 898 1322 Ἀσκανίοιο·

0 1342 73 1382 Υκαὶ
91 1345 110 1381 ὁ
128 1341 287 1386 Αἰτωλὸς
305 1341 538 1396 Ἀλέξανδρος·

139 1407 180 1439 Οἳ
198 1408 252 1438 καὶ
266 1407 314 1439 ἐπ’
331 1406 486 1447 Ἀσκανίῳ
498 1406 616 1447 δώματ’
630 1405 738 1447 ἔχουσι
754 1405 818 1448 ῥόῳ

96 1454 216 1496 Λίμνης
232 1453 395 1491 Ἀσκανίης
416 1453 467 1485 ἐπὶ
484 1453 599 1494 χείλεσι
613 1463 620 1469 ·
636 1452 707 1484 ἔνθα
723 1450 843 1485 Δολίων

139 1501 204 1537 υἱὸς
219 1501 348 1538 Σιληνοῦ
361 1499 499 1531 νάσσατο
513 1500 566 1531 καὶ
580 1499 706 1537 Μελίης.

14 1554 173 1593 Καλοῦσι
193 1550 242 1600 δὲ,
257 1550 357 1604 φησὶ,
371 1550 551 1589 Δολωνίδα
569 1549 630 1589 καὶΙ
645 1549 786 1589 Μυσίαν
800 1549 865 1598 τὴν
883 1550 962 1604 περὶ
974 1548 1048 1589 Κύ-

15 1614 108 1658 ζικον
129 1611 216 1650 ἰόντι
235 1611 283 1653 εἷς
299 1608 578 1656 Μιλητούπολιν.

69 1733 201 1785 Steph.
234 1735 312 1783 Byz
328 1747 337 1770 ε
354 1729 502 1774 Τένεδος
575 1730 650 1770 ἔστι
684 1731 744 1770 καὶ
773 1729 875 1774 πόλις
899 1729 1048 1774 Τένεδος

15 1809 44 1832 π
65 1791 100 1836 ὸς
123 1794 168 1845 τῇ
195 1790 322 1845 Λυκίᾳ.
350 1789 614 1844 Ἀπολλόδωρος
641 1788 678 1828 δὲ
703 1789 919 1844 Παμφυλίας
938 1788 1045 1837 αὐτὴν

16 1867 33 1890 ε
47 1850 104 1889 ναί
121 1865 246 1904 φησι...
280 1847 540 1902 Ἀπολλόδωρος
559 1848 595 1887 δὲ
614 1850 650 1887 ἐν
670 1850 756 1887 νεῶν
771 1847 958 1901 καταλόγῳ
975 1863 1047 1902 φη-

15 1909 90 1958 σὶν,
118 1908 172 1947 ὅτι
190 1908 270 1953 τοὺς
289 1906 352 1960 μὲν
371 1911 435 1956 τῆς
464 1907 681 1962 Παμφυλίας
700 1907 881 1955 Τενεδεῖς,
911 1906 990 1951 τοὺς
1010 1905 1046 1945 δὲ

14 1971 77 2015 τῆς
94 1967 202 2015 νήσου
218 1966 413 2011 Τενεδίους.
492 2019 567 2058 180

69 2079 195 2118 schol.
215 2080 258 2117 ll.
280 2080 328 2125 N,
352 2092 396 2116 12
409 2107 420 2127 ‚
439 2078 564 2130 Σάμου
584 2077 758 2126 ὑληέσσης
780 2077 968 2132 Θρηϊκίης.
988 2081 1046 2116 De-

14 2187 111 2220 effata
121 2211 131 2228 ,
147 2188 262 2221 solitus
280 2189 471 2230 plerumque
486 2197 542 2221 eos
557 2197 689 2229 arguere
700 2213 709 2229 ‚
726 2188 782 2220 hie
797 2197 864 2220 non
881 2188 978 2220 modo
995 2197 1047 2220 ne-

15 2234 132 2276 glexit,
147 2235 204 2268 sed
218 2238 330 2268 contra
345 2236 443 2269 etiam
459 2236 587 2268 diverse
602 2236 688 2267 dicta
701 2236 736 2267 in
750 2244 853 2267 unum
869 2236 1045 2268 contraxit.

14 2283 96 2315 Nam
117 2283 268 2315 Xanthus
291 2283 400 2324 Lydus
422 2284 498 2324 post
518 2282 640 2314 bellum
661 2282 836 2322 'trojanum
856 2282 901 2313 ait
919 2282 1049 2314 venisse

14 2329 158 2370 Phrygas
179 2339 218 2362 ex
246 2332 377 2370 Europa
399 2331 431 2362 et
453 2329 585 2362 sinistra
598 2329 694 2361 Ponti
708 2331 800 2370 parte
813 2354 822 2369 ‚
847 2328 1005 2361 adductos
1027 2337 1047 2360 a

16 2376 223 2410 scamandrio
244 2385 262 2409 e
283 2376 470 2417 Berecyntis
491 2377 524 2408 et
547 2376 709 2408 Ascania:
738 2376 789 2408 his
811 2375 901 2408 addit
922 2375 1049 2417 Apollo-

16 2424 127 2465 dorus,
140 2426 288 2459 Ascaniae
299 2425 446 2466 ejusdem
457 2425 656 2457 mentionem
668 2434 739 2458 esse
749 2425 835 2466 apud
847 2428 1026 2458 Homerum
1038 2434 1046 2456 :

98 2480 238 2518 Phorcys
254 2480 388 2510 ducebat
404 2480 543 2519 Phrygas
559 2480 674 2509 arduus
691 2479 903 2519 Ascaniusque

97 2527 191 2567 longe
206 2537 244 2557 ex
259 2527 402 2558 Ascania.

16 2577 115 2619 Atqui
132 2579 159 2611 si
176 2587 227 2611 res
242 2579 289 2611 ita
310 2578 408 2612 habet
418 2603 428 2620 ,
445 2577 671 2619 migrationem
687 2579 815 2619 oportet
831 2579 906 2620 post
927 2578 1047 2611 bellum

17 2625 191 2666 Troianum
206 2626 363 2658 evenisse

56 2674 136 2704 Hoec
157 2672 211 2705 ille
232 2672 273 2705 de
295 2672 476 2714 Phrygibus
498 2672 647 2712 locutus,
671 2672 770 2705 infert
791 2672 832 2705 de
858 2672 959 2713 Mysis
980 2681 1048 2704 non

17 2718 241 2751 convenientia
256 2728 332 2751 eum
349 2719 424 2751 illis.
442 2719 495 2751 Ait
510 2719 597 2752 enim
613 2719 711 2752 etiam
728 2720 843 2761 Mysiae
858 2728 976 2761 pagum
992 2728 1048 2752 no-

16 2764 134 2797 minari
160 2766 333 2798 Ascaniam
358 2766 445 2808 apud
467 2766 612 2807 ejusdem
641 2767 783 2799 nominis
807 2767 916 2799 lacum
929 2791 938 2807 ‚
960 2767 1048 2799 unde

16 2811 113 2844 etiam
135 2813 294 2845 Ascanius
315 2813 395 2846 fluat
416 2814 539 2853 amniS,
562 2810 655 2855 cujus
677 2814 776 2847 etiam
797 2814 964 2855 Euphorio
985 2823 1048 2846 me·

16 2858 110 2892 minit
127 2869 136 2890 :

173 2911 298 2942 Ascanii
311 2923 412 2954 prope
428 2915 513 2954 Mysi
525 2914 596 2944 laeta
611 2913 729 2944 fluenta
746 2926 755 2949 ς

15 2962 50 2996 et
69 2962 248 2997 Alexander
267 2965 395 2998 AEtolus
414 2975 422 2997 :

160 3018 304 3048 Ascanias
319 3019 359 3048 ad
375 3029 470 3058 aquas
485 3021 540 3059 qui
551 3029 686 3059 posuere
702 3019 829 3059 domos,

118 3065 258 3094 Ascaniae
272 3066 329 3095 sub
344 3067 432 3096 labra
446 3066 588 3106 paludis,
603 3077 688 3106 poue
702 3067 819 3096 Dolion

164 3111 270 3142 Sileno
288 3119 379 3143 natus
398 3120 430 3144 et
444 3115 545 3144 Melias
560 3114 703 3146 incoluit.

0 3162 142 3212 *vocant
156 3166 282 3206 autem,
298 3166 421 3208 inquit,
439 3167 645 3201 Dolionidem
660 3169 693 3201 et
707 3168 865 3209 Mysiam,
879 3176 941 3208 qua
958 3166 1045 3199 circa

18 3210 174 3250 cyzicum
188 3212 389 3255 Miletopolin
403 3215 481 3247 itur.

58 3311 118 3342 Est
131 3320 260 3354 quoque
280 3314 429 3348 Tenedus
444 3271 531 3347 urin?
538 3270 631 3357 ῗύπῐο
651 3316 783 3357 Lyciam
798 3327 807 3356 ;
830 3314 1045 3356 Apollodorus

18 3362 95 3389 vero
109 3366 180 3391 eam
195 3362 393 3404 Pamphyliae
407 3371 479 3396 esse
493 3363 571 3397 dicit
640 3363 730 3396 Idem
746 3363 779 3395 in
793 3364 933 3396 Navium
950 3363 1042 3394 cata-

2053 160 2122 193 461

1101 236 1368 275 Samothraces
1389 237 1605 288 originibus
1624 254 1631 276 :
1653 238 1786 290 Σάμιοι
1799 241 1830 278 οἱ
1851 241 1886 278 ἐν
1907 240 2024 296 Ἰωνίᾳ
2042 243 2131 294 μετὰ

1102 294 1340 334 διακοσιοστὸν
1370 295 1431 334 καὶ
1462 295 1603 336 ἔννατον
1635 296 1710 342 ἔτος
1749 300 1819 338 τῶν
1839 301 2012 354 Τρωϊκῶν
2037 317 2131 356 χρη-

1102 352 1190 403 σμὸν
1214 352 1339 392 ἔλαὸον
1373 354 1470 409 παρὰ
1498 360 1560 395 τοῦ
1589 356 1722 396 Πυθίου
1749 359 1796 402 εἷς
1825 357 1889 407 τὴν
1920 361 1955 398 ἐν
1985 361 2131 415 Τρωάδι

1102 410 1251 465 Θρᾴκην
1270 417 1500 464 μετοικῆσαι·
1522 416 1581 469 ἀφ’
1600 409 1648 455 ῶν
1668 421 1690 465 ἡ
1711 418 1929 473 Σαμοθρᾴκη
1947 435 2132 474 προσηγο-

1103 469 1219 523 ρεύθη.
1242 472 1287 512 Ἡ
1305 474 1441 526 ἱστορία
1457 474 1554 528 παρὰ
1578 475 1843 531 Ἀπολλοδώρῳ.
1866 497 1881 511 ι
1897 483 1957 518 De
1976 481 2132 519 nomine

1102 530 1238 580 utique
1268 532 1451 570 traditum
1486 535 1581 572 falso
1609 550 1617 573 :
1646 536 1958 588 quandoquidem
1990 553 2132 578 nomen

1103 590 1207 627 Sami
1219 589 1298 640 jam
1324 591 1364 628 in
1390 595 1560 631 Homero
1580 594 1666 632 eod.
1687 595 1773 633 loco
1803 597 1984 646 occurrit,
2005 597 2132 648 Σάμου

1103 647 1290 701 Θρηϊκίης.
1322 653 1474 688 Desunt
1502 665 1658 703 quoque
1696 667 1742 692 ea
1772 655 1811 692 in
1841 656 1967 693 Schol.
1998 660 2097 695 Ven.
2117 674 2132 691 »

1103 710 1227 755 Heyn.
1263 711 1347 746 Hoc
1376 710 1509 760 fragm.
1533 713 1674 750 rectius
1704 713 1867 751 fortasse
1887 727 1908 752 e
1931 707 2132 754 Chronicis

1104 766 1269 816 petitum
1288 767 1442 805 dixeris.

1488 838 1738 853 -θοὸῌ-

1346 880 1416 918 ΤΑ
1446 880 1570 919 ΠΕΡΙ
1598 883 1889 936 ΣΩΦΡΟΝΟΣ.

1581 945 1594 981 l
1605 945 1666 982 81.

1158 1002 1290 1042 Schol.
1311 1002 1354 1039 Il.
1377 1005 1428 1050 E,
1450 1002 1525 1049 576
1543 1017 1551 1039 :
1574 1002 1681 1056 Παρὰ
1701 1003 1737 1041 δὲ
1755 1004 1987 1051 Σικελιώταις
2008 1008 2048 1047 τὸ
2069 1009 2133 1061 μὲν

1106 1063 1253 1115 ἀρχαῖον
1268 1061 1338 1114 (sc.
1368 1059 1555 1113 τάλαντον)
1578 1055 1621 1108 ἦν
1640 1063 1735 1112 μνῶν
1753 1062 1827 1112 κδ’,
1852 1068 1911 1102 νῦν
1930 1064 1966 1103 δὲ
1985 1066 2040 1106 ιδ’.
2064 1067 2134 1107 Δύ-

1104 1137 1206 1160 ναται
1225 1120 1260 1160 δὲ
1279 1114 1367 1159 εἶναι
1380 1119 1460 1174 τρία
1475 1118 1690 1171 ἡμιωὸόλια,
1705 1122 1751 1164 ὡς
1767 1123 1801 1160 ἐν
1813 1128 1882 1167 τοῖς
1895 1125 1974 1178 περὶ
1989 1126 2131 1181 Σώφρο-

1104 1196 1158 1224 νος
1177 1179 1453 1234 Ἀπολλόδωρος,
1474 1180 1514 1217 ἐκ
1543 1181 1612 1218 τῶν
1639 1182 1861 1231 Διογενιανοῦ
1883 1185 1945 1230 τῆς
1967 1185 2137 1237 ἐπιτομῆς

1105 1240 1325 1287 Ἑλληνικῶν
1343 1239 1537 1291 ὀνομάτων.
1562 1238 1654 1293 Τρία
1670 1240 1872 1291 ἡμιωὸόλια
1888 1241 2020 1292 jocose
2034 1245 2136 1285 dicta

1105 1300 1287 1338 videntur
1310 1299 1505 1337 talentum.
1519 1298 1623 1337 Alias
1642 1299 1736 1350 quid
1756 1299 1829 1338 sibi
1844 1301 2007 1339 voluerit
2027 1304 2138 1345 scho-

1105 1359 1231 1407 liasta,
1250 1373 1327 1397 non
1348 1372 1546 1410 assequor.
1576 1362 1757 1398 Ceterum
1780 1360 1829 1400 cf.
1849 1363 1968 1399 Henr.
2000 1363 2136 1414 steph.

1106 1420 1221 1459 Thes.
1242 1432 1270 1456 s,
1288 1432 1324 1456 v.
1341 1417 1596 1470 Ἥμιωὸόλιον.

1160 1537 1303 1576 Athen.
1322 1540 1397 1585 III,
1418 1550 1458 1588 p.
1480 1537 1551 1586 89,
1569 1539 1624 1584 A,
1642 1535 1711 1574 ubi
1730 1536 1776 1575 de
1794 1550 1992 1589 purpura:
2011 1537 2137 1577 Ἀπολ·

1106 1595 1257 1650 λόδωρος
1277 1595 1306 1634 δ’
1320 1598 1338 1634 ὁ
1357 1596 1534 1643 Ἀθηναῖος
1550 1596 1586 1634 ἐν
1603 1586 1777 1650 τοῖςπερὶ
1795 1595 1982 1650 Σώφρονος
1999 1597 2140 1651 προθεὶς

1105 1654 1146 1694 τὸ
1169 1673 1183 1689 «
1195 1654 1382 1708 λιχνότερα
1400 1660 1462 1693 τᾶν
1491 1660 1669 1709 πορφυρᾶν
1683 1672 1699 1689 »
1715 1685 1725 1702 ,
1756 1653 1861 1709 φησὶν
1894 1654 1947 1693 ὅτι
1964 1656 2139 1709 παροιμία

1107 1714 1181 1753 ἐστὶ
1197 1714 1257 1752 καὶ
1275 1713 1392 1765 λέγει,
1414 1715 1460 1757 ὥς
1480 1713 1543 1765 μέν
1563 1729 1666 1762 τινες,
1687 1713 1757 1752 ἀπὸ
1783 1717 1845 1753 τοῦ
1864 1713 2072 1766 βάμματος·
2100 1709 2139 1753 οἶ

1105 1772 1172 1828 γὰρ
1189 1773 1230 1811 ἂν
1248 1771 1482 1826 προσψαύσῃ,
1515 1771 1610 1810 ἕλκει
1629 1772 1682 1826 ἐφ’
1710 1771 1836 1821 ἑαυτὸ,
1856 1771 1916 1811 καὶ
1934 1778 2005 1816 τοῖς
2030 1788 2141 1826 προσ-

1106 1832 1415 1887 παρατεθειμένοις
1444 1833 1583 1882 ἐμποιεῖ
1602 1830 1790 1885 χρώματος
1819 1831 1927 1883 αὐγήν
1946 1847 1954 1856 ·
1980 1829 2082 1870 ἄλλοι
2102 1831 2139 1870 δὲ

1107 1893 1176 1932 ἀπὸ
1191 1897 1250 1932 τοῦ
1273 1891 1376 1946 ζῴου.
1406 1892 1622 1944 Conjuncta
1642 1893 1722 1930 haec
1742 1893 1847 1931 fuere
1874 1906 1961 1931 cum
1985 1894 2033 1931 iis
2058 1907 2140 1945 quae

1107 1954 1152 1992 fr.
1179 1953 1250 1997 184
1270 1952 1461 2003 leguntur.

1159 2072 1267 2110 Idem
1287 2071 1357 2109 lib.
1381 2073 1474 2119 VII,
1497 2083 1536 2121 p.
1557 2010 1722 2120 ῧέἓῗΙζτ
1744 2071 1956 2109 Σικελιῶται
1979 2070 2009 2108 δ’
2030 2070 2141 2120 εἰσὶν,

1103 2187 1177 2228 logo
1193 2187 1315 2220 Tenedi
1328 2187 1363 2218 in
1378 2185 1568 2226 Pamphylia
1580 2185 1671 2217 urbis
1685 2185 1774 2217 cives
1786 2186 1896 2217 vocari
1913 2185 2117 2219 Tenedenses
2128 2209 2138 2226 ,

1102 2234 1221 2267 insulae
1237 2237 1347 2266 autem
1362 2233 1531 2266 Tenedios.

1145 2334 1245 2367 Samii
1261 2334 1361 2367 Ioniae
1377 2342 1462 2365 anno
1478 2333 1553 2374 post
1568 2342 1620 2366 res
1640 2332 1796 2373 Trojanas
1812 2332 2033 2365 ducentesimo
2049 2343 2136 2367 nono

1102 2381 1259 2422 Apollinis
1282 2381 1413 2413 oraculo
1433 2380 1516 2421 jussi
1540 2381 1616 2412 sunt
1638 2379 1672 2411 in
1695 2379 1865 2411 Thraciam
1887 2379 2024 2420 migrare
2044 2390 2063 2413 e
2086 2390 2134 2413 re·

1101 2429 1196 2469 gione
1219 2428 1314 2461 sitam
1336 2427 1481 2461 Troadis.
1511 2427 1559 2458 Ab
1582 2427 1634 2459 his
1656 2426 1865 2458 Samothrace
1886 2426 1993 2460 insula
2017 2437 2135 2461 nomen

1101 2476 1235 2517 aceepit.
1259 2475 1404 2508 Historia
1419 2475 1536 2515 legitur
1552 2474 1639 2515 apud
1660 2473 1903 2515 Apollodorum.

1505 2542 1721 2556 ⁴000oe—

1425 2569 1493 2607 DE
1522 2567 1809 2607 SOPHRONE.

1143 2681 1239 2723 Apud
1269 2680 1397 2714 Siculos
1424 2680 1583 2712 talentum
1611 2679 1703 2719 prius
1731 2680 1800 2710 erat
1829 2677 1990 2709 minarum
2019 2678 2132 2718 viginfi

1100 2731 1251 2770 quatuor,
1266 2737 1356 2760 nunc
1370 2729 1420 2760 est
1436 2726 1619 2759 duodecim.
1639 2726 1748 2757 Potest
1763 2734 1840 2756 vero
1856 2724 2013 2756 talentum
2034 2725 2132 2758 etiam

1100 2776 1228 2817 pondus
1244 2784 1315 2808 esse
1331 2773 1545 2815 sesquioboli,
1562 2776 1599 2804 ut
1612 2772 1827 2812 Apollodorus
1842 2771 1922 2803 dicit
1937 2771 1969 2802 in
1988 2771 2071 2804 libro
2092 2772 2134 2806 de

1101 2823 1267 2864 Sophrone
1282 2820 1615 2864 apudDiogenianum
1638 2819 1672 2850 in
1687 2818 1838 2859 Epitome
1858 2818 2027 2851 nominum
2043 2820 2132 2853 Grae·

1100 2877 1223 2902 corum.

1574 2920 1588 2951 1
1599 2920 1662 2952 82.

1142 2974 1358 3016 Apollodorus
1379 2972 1602 3010 Atheniensis,
1620 2970 1653 3002 in
1669 2970 1920 3003 Commentariis
1936 2970 1968 3003 in
1991 2972 2130 3013 Sophro-

1100 3030 1174 3053 nem
1186 3045 1195 3062 ‚
1212 3020 1380 3062 praemissa
1395 3019 1450 3050 illa
1470 3018 1629 3054 dictione,
1657 3019 1835 3058 Purpuris
1851 3020 2031 3059 voracior,
2049 3019 2130 3055 dicit

1099 3076 1171 3100 esse
1191 3067 1420 3109 proverbium,
1445 3065 1550 3106 quod,
1570 3066 1608 3096 ut
1629 3063 1759 3105 quidem
1782 3064 1836 3096 alii
1857 3064 2062 3106 existimant,
2086 3066 2128 3099 de

1100 3115 1175 3146 fuco
1192 3123 1344 3156 purpuras
1359 3113 1526 3153 loquatur,
1544 3111 1599 3151 qui
1616 3111 1770 3143 tincturae
1785 3112 1943 3152 inservit;
1958 3115 2130 3155 propterea

1098 3161 1185 3202 quod
1201 3161 1242 3193 ad
1258 3170 1292 3193 se
1308 3161 1363 3193 ille
1380 3160 1484 3191 trahat
1499 3157 1658 3199 quidquid
1673 3158 1831 3199 attigerit,
1847 3160 1880 3192 et
1895 3160 2011 3193 coloris
2027 3160 2129 3202 splen·

1098 3208 1209 3241 dorem
1239 3207 1405 3248 impertiat
1434 3206 1585 3238 omnibus
1610 3214 1683 3247 quae
1698 3204 1728 3237 ei
1744 3205 1959 3239 admoventur
1976 3217 1984 3239 :
2001 3216 2042 3240 ex
2057 3207 2130 3241 alio-

1098 3264 1173 3287 rum
1187 3263 1266 3286 vero
1281 3253 1440 3286 sententia
1450 3274 1460 3292 ,
1476 3252 1516 3285 de
1531 3252 1604 3294 ipso
1620 3251 1763 3284 animali.

1139 3361 1221 3393 Sunt
1259 3359 1356 3393 Siculi
1379 3359 1435 3400 qui
1474 3307 1794 3401 gobiuing3eothonis
1815 3358 1946 3391 nomine
1968 3357 2126 3398 afficiunt,
