2320 3684
163 211 239 245 326

161 294 212 345 τῷ
238 291 328 330 κατὰ
359 294 420 338 τῆς
440 291 631 333 Πλάτωνος
659 288 836 342 διατριὸἦς
849 318 859 337 ,
880 306 895 322 «
908 288 999 331 Τοὺς
1024 287 1192 337 πολλοὺς,

162 351 279 403 φησὶν,
301 353 370 388 τῶν
398 349 570 400 διαλόγων
596 349 703 386 αὐτοῦ
728 346 886 400 ἀχρείους
914 347 974 386 καὶ
1001 347 1135 401 ψευδεῖς
1153 347 1193 385 ἄν

163 423 215 451 τις
240 407 333 461 εὕροι
349 423 357 432 ·
379 407 581 460 ἀλλοτρίους
600 406 636 444 δὲ
654 405 734 448 τοὺς
761 405 901 448 πλείους
929 405 1029 449 ὄντας
1055 407 1095 444 ἐκ
1125 408 1194 444 τῶν
1250 427 1260 440 r
1288 423 1298 440 x

164 467 389 519 Ἀριστίππου
423 466 629 520 διατριὸῶν,
664 465 772 508 ἐνίους
803 463 840 503 δὲ
872 466 942 503 κάκ
974 467 1042 503 τῶν
1081 465 1194 504 Ἀντι-

164 525 319 570 σθένους,
346 524 495 569 πολλοὺς
519 523 554 563 δὲ
582 527 651 563 κάκ
682 527 751 562 τῶν
781 522 963 578 Βρύσωνος
993 528 1055 563 τοῦ
1087 524 1197 578 ‘Hpa—

165 584 367 622 κλειιιίτου.»

637 647 727 687 280.

217 714 408 763 Diogenes
441 716 566 750 Laert.
587 715 661 763 VI,
687 713 811 763 §1I.:
831 715 964 752 Τοῦτον
987 714 1066 766 (τὸν
1084 714 1195 753 Ἀντι-

166 770 292 820 σθένη)
327 770 430 821 μόνον
465 773 505 809 ἐκ
541 770 684 810 πάντων
707 773 955 834 Σωκρατικῶν
987 772 1197 824 Θεόπομπος

166 830 318 868 ἐπαινεῖ·
342 830 401 868 καί
416 845 501 883 φησι
515 830 550 868 δε
537 829 623 868 εινόν
642 846 679 868 τε
695 824 784 869 εἶναι
799 830 861 870 καὶ
880 831 924 870 δι’
937 831 1105 883 ὁμιλίας’
1089 847 1180 883 εμμε
1182 855 1197 859 -

164 890 244 931 λοῧς
263 888 503 940 ὑπαγαγέσθαι
517 888 620 927 πάνθ’
636 891 799 928 ὁντινοῦν

639 958 728 997 281.

221 1029 325 1069 Idem
348 1032 419 1076 III,
444 1035 492 1074 [ιο
514 1043 522 1066 :
541 1028 612 1067 Καὶ
635 1027 797 1067 ἐτελεύτα
821 1028 884 1080 μὲν
905 1030 942 1082 (ὁ
963 1030 1142 1080 Πλάτων)
1162 1030 1198 1069 ὃν

168 1087 310 1138 εἴπομεν
330 1087 472 1141 τρόπον,
488 1086 672 1127 Φιλίππου
689 1088 963 1140 βασιλεύοντος”
944 1105 1017 1133 ετος
1035 1106 1198 1144 τρισκαι-

169 1147 326 1196 δέκατον,
347 1146 437 1186 καθὰ
465 1147 524 1186 καὶ
544 1147 754 1222 Φαὸωρῖνός
780 1164 884 1202 φησιν
912 1149 1199 1201 Απομνημονευ-

170 1206 291 1256 μάτων
307 1206 435 1260 τρίτῳ·
461 1207 516 1260 ὑφ’
543 1210 583 1245 οὓ
614 1206 674 1244 καὶ
695 1207 944 1258 ἐπιτιμηθηναί
975 1223 1080 1262 φησιν
1097 1209 1199 1247 αὐτὸν

169 1264 396 1316 Θεόπομπος.

619 1341 759 1352 ’,αι’-ψ

455 1405 577 1443 ΠΕΡΙ
615 1405 748 1443 ΕΥΣΕ
753 1406 916 1444 ΒΕΙΑΣ.

643 1474 731 1512 282.

225 1545 351 1585 Schol.
362 1545 558 1596 Aristoph.
569 1545 710 1582 Avium
728 1559 764 1582 v
782 1560 794 1582 1
805 1545 900 1589 354:
913 1545 1062 1600 Κύρὸεις
1077 1546 1113 1584 δὲ
1126 1546 1203 1593 ἤτοι

171 1604 269 1658 παρὰ
289 1604 330 1643 τὸ
348 1605 613 1657 κεκορυφῶσθαι
633 1605 680 1646 εἷς
694 1602 814 1657 ύψος
796 1603 1072 1655 ανατεταμένον·
1092 1604 1115 1652 ἢ
1136 1604 1205 1643 ἀπὸ

171 1665 240 1701 τῶν
262 1661 516 1717 Κορυὸάντων·
532 1662 672 1700 ἐκείνων
691 1661 756 1715 γὰρ
771 1661 925 1716 εὕρημα,
942 1662 989 1707 ὥς
1006 1680 1091 1718 φησι
1107 1664 1204 1705 Θεό-

170 1737 310 1773 πομπος
329 1723 363 1759 ἐν
379 1737 430 1774 τῳ
449 1724 529 1774 περὶ
549 1719 750 1765 Εὖσεὸείας.

226 1783 368 1821 Eadem
383 1786 511 1820 Tzetz.
533 1782 629 1819 Chil.
651 1785 741 1830 XII,
761 1783 857 1830 357:

255 1861 294 1890 At
312 1860 432 1901 κύρὸεις
454 1858 534 1898 ἦσαν
557 1858 590 1890 δὲ
605 1858 731 1899 χαλκαῖ,
747 1859 783 1890 οὐ
799 1859 852 1899 μέν
866 1871 895 1890 τι
910 1859 972 1891 ἀπὸ
994 1860 1101 1896 ξύλων.

255 1906 355 1949 Εὗρον
371 1907 396 1937 δ’
413 1907 506 1942 αὐτὰς
531 1904 732 1948 Κορυὸάντες,
749 1905 816 1936 ὅθεν
831 1907 996 1937 καλοῦνται
1011 1907 1142 1949 κύρὸεις,

257 1955 442 1995 Θεόπομπος
455 1957 496 1992 ὡς
511 1955 625 1997 ἔγραψε
640 1957 684 1995 τῷ
697 1966 737 1986 πε
723 1955 765 1997 ερὶ
781 1954 960 1995 Εὐσεὸείας,

256 2003 299 2041 ἢ
290 2003 336 2034 ότι
352 2003 580 2044 κεκορύφωνται
596 2002 661 2033 ἀνω
675 2012 708 2033 τε
723 2002 775 2033 καὶ
791 2002 866 2044 πρὸς
879 2002 969 2043 ὕψος.

229 2067 288 2104 Ad
305 2067 469 2104 eundem
487 2066 628 2103 librum
659 2080 746 2103 cum
777 2066 948 2104 Rhocrio
971 2067 1207 2105 Wichersius
1231 2071 1234 2097 ἱ

177 2124 310 2163 retulit
328 2125 455 2162 locum
469 2125 686 2175 Porphyrii.

180 2260 196 2274 «
218 2246 404 2286 Plerosque,
422 2246 478 2284 ait,
502 2245 645 2277 Platonis
661 2245 804 2285 dialogos
822 2245 952 2277 inutiles
969 2246 1066 2286 atque
1079 2245 1206 2278 menda-

177 2303 232 2327 ces
261 2293 408 2325 invenias
423 2303 432 2332 ;
450 2293 669 2333 maj0remque
696 2294 822 2334 partem
853 2292 975 2325 alienos
987 2316 996 2332 ,
1032 2293 1205 2326 desumtos

178 2341 298 2383 partim
321 2349 362 2372 ex
379 2339 535 2381 Aristippi
559 2339 854 2380 Disputationibus,
870 2340 1045 2372 nonnullos
1057 2349 1098 2372 ex
1113 2341 1205 2373 Anti-

178 2388 315 2428 sthenis,
334 2387 454 2419 multos
471 2395 547 2418 vero
563 2387 662 2418 etiam
676 2395 715 2418 ex
728 2388 882 2427 Brysonis
902 2387 1110 2420 Heracleotae.
1124 2400 1140 2415 υ

646 2447 738 2479 280.

214 2501 318 2543 *Hunc
327 2498 579 2538 (Antisthenem)
594 2498 700 2530 solum
707 2507 746 2530 ex
760 2498 911 2530 omnibus
925 2498 1097 2531 Socraticis
1111 2498 1209 2530 Theo·

180 2554 320 2587 pompus
331 2545 455 2584 laudat,
468 2545 578 2576 dicens
594 2544 695 2577 fuisse
707 2544 932 2577 acutissimum
948 2547 981 2577 et
995 2553 1036 2577 ex
1049 2545 1209 2576 suavitate

181 2592 333 2633 colloquii
349 2591 526 2633 quemlibet
541 2600 654 2632 capere
670 2600 708 2623 ac
727 2592 896 2624 traducere
913 2601 979 2633 quo
995 2591 1102 2624 vellet.

655 2651 744 2684 281.

221 2708 360 2741 Moritur
375 2707 508 2750 (Plato)
525 2717 564 2741 eo
582 2717 648 2749 quo
664 2708 807 2740 diximus
828 2709 946 2748 modo,
959 2708 1057 2740 tertio
1083 2707 1209 2740 decimo

182 2757 322 2798 Philippi
336 2758 419 2798 regis
443 2765 541 2796 anno,
563 2759 600 2788 ut
620 2757 823 2788 Phavorinus
845 2757 940 2788 tertio
956 2756 1210 2789 Commentatio-

883 200 1187 242 THEOPOMPI
1213 200 1244 241 F
1246 203 1393 244 RAGM
1401 205 1548 244 ENTA.

1719 292 1806 329 283.

1303 368 1540 419 Porphyrius
1551 372 1609 406 De
1623 368 1760 408 abstiu.
1771 371 1822 416 Il,
1837 382 1848 404 ι
1859 370 1895 415 6,
1909 381 1947 418 p.
1966 380 2034 413 ¹27
2051 365 2272 405 ed.Rhoei-.:

1257 427 1306 464 Γα
1334 426 1565 479 παραπλήσια
1603 426 1638 464 δὲ
1670 427 1728 465 καὶ
1764 425 1959 477 θεόπομπος
1992 423 2191 478 ἱστόρηκεν,
2227 425 2275 467 εἷς

1251 483 1405 538 Δελφοὺς
1419 484 1603 539 ἀφικέσθαι
1621 485 1729 539 ἄνδρα
1747 484 1922 536 Μάγνητα
1939 486 1977 522 ἐκ
1994 486 2054 530 τ’ῆς
2073 482 2188 527 Ἀσίας
2207 482 2275 536 φά-

1253 558 1373 593 μενος,
1398 542 1560 582 πλούσιον
1589 542 1739 597 σφόδρα,
1763 542 1975 594 κεκτημένον
2001 540 2112 593 συχνὰ
2146 541 2275 593 βοσκή-

1253 617 1366 651 ματα·
1405 605 1524 640 τοῦτον
1561 602 1590 639 δ’
1625 601 1771 640 εἰθίσθαι
1806 607 1876 644 τοῖς
1913 603 1999 643 θεοῖς
2031 599 2110 637 καθ’
2130 597 2276 637 ἕκαστον

1252 658 1407 698 ἐνιαυτὸν
1426 660 1542 702 θυσίας
1559 663 1732 698 ποιεῖσθαι
1751 659 1880 702 πολλὰς
1901 658 1958 697 καὶ
1983 659 2276 710 μεγαλοπρεπεῖς·

1252 716 1294 756 τὰ
1313 716 1375 769 μὲν
1397 718 1440 755 δι’
1461 718 1622 770 εὐπορίαν
1643 735 1682 756 τι
1675 734 1712 756 ιν
1733 717 1975 789 υπαρχόντιιιν,
1994 714 2038 754 τὰ
2061 714 2097 753 δὲ
2115 715 2160 753 δι’
2176 713 2278 753 εὗσέ-

1253 775 1349 814 ὅειαν
1366 776 1427 814 και
1444 775 1485 814 τὸ
1503 774 1686 828 βούλεσθαι
1707 781 1779 819 τοῖς
1801 779 1888 818 θεοῖς
1914 774 2086 828 ἀρέσκειν.
2107 771 2214 812 Οὕτω
2241 770 2279 811 δὲ

1255 833 1472 885 διακείμενον
1501 834 1587 887 πρὸς
1612 833 1651 872 τὸ
1678 832 1854 884 δαιμόνιον
1883 835 1992 871 ελθεῖν
2022 834 2070 875 εἷς
2104 829 2279 884 Δελφους,

1254 893 1509 945 πομπεύσαντα
1535 892 1572 931 δὲ
1605 892 1804 944 ἑκατόμὸην
1831 895 1880 946 τῷ
1909 894 1974 944 θεῷ
1999 891 2058 930 καὶ
2082 889 2280 942 τιμήσαντα

1256 953 1530 1004 μεγαλοπρεπῶς
1545 952 1604 990 τὸν
1625 949 1828 990 Ἀπόλλωνα
1855 951 2037 1004 παρελθεῖν
2058 951 2104 992 εἷς
2129 948 2169 988 τὸ
2188 964 2282 999 μαν-

1254 1016 1345 1048 τεῖον
1362 1009 1719 1064 χρηστηριαζόμενον,
1737 1008 1892 1060 οἰόμενον
1905 1007 1941 1046 δὲ
1957 1009 2129 1047 κάλλιστα
2139 1006 2281 1046 πάντων

1256 1067 1447 1122 ἀνθρώπων
1461 1067 1661 1122 θεραπεύειν
1675 1067 1754 1111 τοὺς
1770 1066 1865 1111 θεοὺς
1876 1098 1886 1116 ,
1901 1066 2039 1121 ἐρέσθαι
2052 1065 2115 1113 τὴν
2133 1065 2282 1116 Πυθίαν,

1255 1128 1312 1166 τὸν
1329 1127 1454 1181 ἄριστα
1477 1127 1537 1166 καὶ
1557 1126 1806 1181 προθυμότατα
1825 1126 1865 1165 τὸ
1882 1126 2059 1178 δαιμόνιον
2077 1125 2284 1178 γεραίροντα

1257 1187 1440 1234 θεσπίσαι,
1460 1187 1520 1225 καὶ
1536 1186 1594 1225 τὸν
1611 1189 1778 1224 ποιοῦντα
1798 1185 1858 1228 τὰς
1880 1185 1998 1229 θυσίας
2024 1184 2283 1239 προσφιλεστά-

1256 1261 1334 1293 τας,
1353 1244 1648 1296 ὑπολαμὸάνοντα
1677 1243 1883 1290 δοθήσεσθαι
1910 1246 2005 1297 αὐτῷ
2028 1242 2068 1281 τὸ
2092 1249 2261 1297 πρωτεῖον
2275 1257 2285 1266 ·

1256 1303 1320 1350 τὴν
1341 1303 1378 1342 δὲ
1402 1303 1531 1356 ἱέρειαν
1567 1301 1820 1355 ἀποκρίνασθαι
1850 1301 1992 1340 πάντων
2021 1300 2147 1355 ἄριστα
2178 1304 2284 1355 θερα-

1258 1364 1375 1401 πεύειν
1403 1362 1483 1406 τοὺς
1515 1361 1609 1404 θεοὺς
1642 1360 1842 1413 Κλέαρχον,
1859 1363 2091 1399 κατοικοῦντα
2109 1362 2146 1398 ἐν
2162 1362 2285 1399 Μεθυ-

1260 1421 1344 1475 δρίῳ
1361 1425 1423 1469 τῆς
1441 1421 1474 1460 'A
1481 1419 1623 1474 ρκΰίας
1635 1436 1644 1443 ·
1658 1419 1716 1458 τὸν
1737 1420 1766 1457 δ’
1796 1418 2016 1472 ἐκπλαγέντα
2034 1418 2190 1463 ἐκτόπως
2203 1420 2285 1458 ἐπι-

1259 1483 1441 1532 θυμεῖσθαι
1460 1479 1518 1518 τὸν
1537 1478 1717 1533 ἄνθρωπον
1738 1479 1835 1527 ἰδεῖν,
1861 1478 1922 1516 καὶ
1953 1476 2143 1531 ἐντυχόντα
2163 1480 2286 1528 μαθεῖν

1259 1540 1336 1579 τίνα
1356 1539 1481 1593 τρόπον
1499 1537 1559 1582 τὰς
1579 1538 1698 1581 θυσίας
1717 1538 1878 1578 ἐπιτελεῖ.
1898 1537 2124 1591 Ἀφικομένου
2143 1530 2202 1576 οῧν
2218 1552 2287 1575 τα-

1260 1598 1350 1650 χέως
1375 1600 1423 1643 εἷς
1446 1598 1486 1637 τὸ
1506 1596 1713 1651 Μεθύδριον,
1739 1599 1878 1650 πρῶτον
1913 1595 1974 1648 μὲν
2004 1597 2288 1650 καταφρονῆσαι,

1262 1662 1386 1711 μικροῦ
1405 1657 1465 1696 καὶ
1484 1660 1650 1695 ταπεινοῦ
1665 1655 1762 1698 ὄντος
1779 1658 1840 1693 τοῦ
1868 1654 2031 1706 μεγέθους
2051 1658 2112 1693 τοῦ
2137 1654 2290 1708 χωρίου,

1260 1715 1452 1767 ἡγούμενον
1470 1731 1509 1753 ου
1511 1730 1536 1767 χ
1555 1714 1648 1758 ὅπως
1669 1715 1709 1752 ἄν
1728 1730 1807 1752 τινα
1826 1716 1896 1752 τῶν
1923 1714 2083 1761 ἰδιωτων,
2115 1713 2192 1751 ἀλλ’
2218 1712 2289 1752 οὔδ’

1262 1774 1302 1813 ἂν
1324 1774 1431 1822 αὐτὴν
1451 1774 1513 1821 τὴν
1533 1773 1633 1812 πόλιν
1652 1772 1818 1811 δύνασθαι
1838 1771 2205 1825 μεγαλοπρεπέστερον
2222 1773 2290 1810 αὖ·

1262 1837 1344 1883 τοῦ,
1371 1834 1432 1872 καὶ
1462 1833 1604 1872 κάλλιον
1635 1848 1783 1883 τιμησαι
1813 1830 1891 1875 τους
1920 1829 2034 1874 θεούς·
2070 1828 2164 1882 ὅμως
2183 1830 2212 1867 δ’
2229 1822 2289 1868 ουν

1263 1890 1479 1943 συντυχόντα
1500 1893 1550 1944 τῷ
1571 1890 1688 1943 ἀνδρὶ,
1713 1889 1859 1934 ἀξιῶσαι
1885 1888 2015 1942 φράσαι
2041 1890 2155 1941 αὐτῷ,
2175 1887 2291 1926 ὅντινα

1262 1949 1389 2004 τρόπον
1406 1949 1485 1993 τοὺς
1502 1948 1594 1992 θεοὺς
1611 1955 1708 2002 τιμᾷ.
1727 1947 1799 1987 Τὸν
1824 1948 1860 1985 δὲ
1879 1946 2064 2001 Κλέαρχον
2083 1918 2189 2000 φάναι
2207 1947 2289 1984 ἐπι-

1263 2010 1373 2047 τελεῖν
1387 2007 1447 2046 καὶ
1463 2008 1658 2051 σπουδαίως
1672 2006 1762 2045 θύειν
1777 2008 1811 2045 ἐν
1826 2012 1896 2050 τοῖς
1911 2007 2130 2060 προσήκουσι
2142 2004 2290 2060 χρόνοις,

1263 2066 1355 2106 κατὰ
1371 2070 1465 2118 μῆνα
1484 2067 1630 2106 ἕκαστον
1660 2073 1736 2110 ταῖς
1760 2065 1962 2117 νουμηνίαις
1982 2069 2217 2119 στεφανοῦντα
2229 2063 2290 2102 καὶ

1265 2125 1495 2179 φαιδρύνοντα
1524 2125 1581 2164 τὸν
1621 2124 1757 2178 Ἑρμῆν
1792 2125 1851 2163 καὶ
1880 2123 1943 2171 τὴν
1969 2123 2125 2171 Ἑκάτην
2159 2123 2218 2163 καὶ
2246 2121 2291 2162 τὰ

1263 2255 1319 2287 per
1335 2246 1478 2286 singulos
1494 2255 1596 2278 annos
1609 2246 1671 2278 diis
1687 2246 1789 2277 multa
1801 2248 1832 2277 et
1848 2244 2018 2284 magnifice
2033 2243 2191 2276 sacrificia
2202 2242 2291 2276 exhi-

1263 2292 1338 2326 bere
1354 2293 1589 2332 consuevisset,
1601 2296 1672 2324 tum
1689 2293 1731 2324 ol)
1744 2301 1842 2333 opum
1857 2291 2068 2331 affluentiam,
2082 2293 2151 2322 tum
2169 2290 2211 2322 ol)
2224 2291 2290 2332 pie·
2311 2304 2320 2315 τ

1267 2342 1388 2380 tatem,
1407 2343 1439 2373 et
1461 2341 1537 2382 quia
1558 2341 1619 2373 diis
1638 2340 1763 2382 placere
1783 2348 1988 2380 summopere
2009 2338 2174 2371 studebat.
2195 2341 2320 2371 llunc
2305 2355 2320 2389 ᾗ

1264 2387 1309 2418 ita
1321 2387 1474 2420 al'l'ectum
1493 2388 1532 2419 ad
1550 2388 1647 2420 deum
1671 2387 1812 2428 Delphos
1837 2386 2018 2428 profectum
2031 2394 2106 2418 cum
2124 2383 2303 2418 sacrificiis
2304 2384 2320 2439 ᾗ

1266 2434 1390 2473 tuisse,
1420 2443 1587 2474 quumque
1608 2434 1653 2465 ibi
1686 2433 1854 2473 magnilica
1877 2431 2141 2464 hecatombaium
2171 2433 2314 2474 pompa-⁸

1265 2481 1446 2521 Apollinem
1464 2481 1579 2513 fuisset
1599 2482 1791 2518 veneratus,
1808 2479 1848 2510 ad
1867 2479 2035 2511 oraculum
2054 2476 2320 2513 consulendum

1264 2528 1383 2560 fuisse
1375 2537 1444 2568 ingr
1445 2537 1573 2560 essum
1585 2535 1752 2568 quumque
1763 2535 1797 2558 se
1808 2525 2054 2566 praeclarissime
2066 2525 2211 2557 omnium
2226 2518 2320 2564 diisf]

1265 2574 1390 2606 cultum
1403 2575 1555 2606 exhibere
1568 2574 1788 2612 arbitr-aretur,
1805 2573 1954 2613 Pythiam
1976 2573 2187 2612 interrogasse
2203 2572 2309 2612 quis-

1266 2629 1340 2652 nam
1356 2624 1452 2660 esset,
1469 2622 1524 2662 qui
1537 2622 1658 2662 optime
1674 2623 1706 2651 et
1720 2620 1937 2661 promtissime
1957 2619 2054 2651 deum
2070 2619 2315 2659 veneramtunss²

1265 2668 1358 2708 eique
1384 2669 1567 2708 gratissima
1594 2667 1750 2700 sacrificia
1777 2667 1931 2705 offerret,
1958 2667 2064 2697 ratum
2088 2663 2156 2696 fore
2177 2666 2214 2695 ut
2227 2660 2311 2708 sibl?

1265 2715 1371 2756 palma
1387 2716 1469 2747 eain
1484 2724 1518 2747 re
1532 2715 1602 2747 sine
1617 2714 1716 2746 dubio
1731 2713 1983 2745 concederetur:
2000 2714 2106 2743 vatem
2123 2711 2231 2742 autem
2243 2711 2314 2743 re·

1266 2763 1434 2803 spondisse
1455 2763 1602 2794 omnium
1625 2761 1745 2802 optime
1766 2759 1844 2791 deos
1875 2758 1980 2790 colere
2001 2757 2214 2797 clearchum,
2233 2745 2315 2811 ιιιιίξὲ

2303 2610 2320 2635 j

182 2812 255 2835 rum
270 2803 383 2844 refert,
399 2812 418 2836 ³
433 2812 499 2844 ‘1¹¹0
513 2805 546 2836 θῑ
567 2803 782 2844 01)]11Γ83ῑ11ῐΰ
790 2803 891 2836 sUlSSss
915 2803 1007 2835 lllum
1031 2803 1209 2844 Theopom-
1236 2813 1241 2851 l
1265 2809 1458 2850 Methydrii,
1474 2810 1508 2842 id
1522 2809 1667 2842 Arcadiae
1685 2807 1840 2848 oppidum
1856 2808 1922 2844 est,
1938 2804 2108 2837 habitaret.
2123 2803 2220 2836 Illum
2234 2811 2294 2836 au·
2292 2804 2310 2842 ἓ,

182 2860 243 2891 pus
259 2852 372 2883 auc-tor
387 2853 446 2883 est.

532 2959 600 2996 DE
624 2957 862 2997 PIETATE.

653 3023 744 3056 282.

225 3074 355 3114 Κύρὸεις
371 3073 515 3113 (tabulae,
529 3074 563 3105 iu
578 3074 697 3114 quibus
712 3074 796 3115 leges
813 3073 1048 3114 inscribuntur)
1066 3072 1142 3105 inde
1154 3081 1209 3104 uo-

185 3128 260 3151 men
286 3120 420 3160 habent,
444 3121 533 3161 quod
563 3121 682 3153 sui-sim
707 3123 822 3153 erectae
846 3123 924 3153 sunt
940 3120 1209 3163 (κεκορύφωνται,

185 3166 235 3198 vel
249 3175 267 3197 a
280 3167 518 3207 Corybantibus
530 3192 540 3206 ,
552 3177 571 3200 a
587 3168 705 3209 quibus
720 3168 860 3201 inventae
873 3169 963 3209 sunt,
982 3170 1018 3199 ut
1034 3167 1210 3207 Theopom-

185 3221 247 3253 pus
260 3213 306 3245 ait
322 3213 354 3244 in
369 3213 450 3246 libro
465 3214 505 3246 de
519 3215 651 3248 Pietate.

655 3277 745 3309 283.

229 3325 351 3356 Similia
364 3326 413 3357 his
431 3326 658 3368 Theopompus
684 3328 780 3360 etiam
797 3326 961 3360 memoriae
979 3325 1130 3367 prodidit.
1148 3327 1211 3357 Ma-

188 3374 313 3413 gnetem
329 3373 414 3404 enim
431 3374 591 3413 quendam
612 3384 651 3407 ex
670 3375 745 3407 Asia
762 3375 866 3416 inquit
890 3374 1092 3416 praedivitem
1112 3373 1210 3404 homi-

188 3418 385 3458 neminisse,
404 3419 459 3459 qui
474 3429 574 3460 quum
590 3422 721 3461 copioso
737 3422 896 3462 pecudum
913 3430 1006 3461 grege
1020 3420 1207 3460 abundaret,

1236 2852 1242 2899 Ι
1265 2858 1330 2888 tem
1345 2857 1462 2888 mirum
1480 2857 1512 2888 iu
1532 2857 1667 2888 modum
1686 2854 1880 2887 admiratum
1901 2853 1936 2885 iu
1958 2852 2100 2884 animum
2123 2843 2320 2912 induxisse&

1265 2911 1373 2942 suum,
1390 2906 1482 2936 uteo
1496 2905 1650 2944 pergeret,
1667 2904 1764 2942 atque
1790 2901 1952 2933 hominem
1969 2900 2167 2939 conveniret,
2181 2899 2222 2932 ab
2235 2887 2312 2961 οοοςξ

1265 2957 1328 2989 que
1338 2959 1404 2990 quo
1417 2952 1511 2991 pacto
1523 2949 1729 2987 sacrificaret,
1744 2948 1972 2980 sciscitaretur.
1987 2949 2160 2987 Quumque
2169 2945 2256 2978 Metu

1266 2996 1372 3027 drium
1396 2997 1567 3028 confestim
1589 3005 1623 3027 se
1639 2996 1841 3034 contulisset,
1866 2994 2006 3035 primum
2029 2993 2160 3034 quidem
2177 2924 2311 3039 ορρῐιῖἒ

1265 3043 1436 3083 exiguitate
1450 3045 1483 3075 et
1498 3042 1682 3074 humilitate
1697 3042 1868 3082 conspecta
1887 3049 1955 3072 rem
1973 3039 2018 3071 ita
2033 3038 2307 3085 contempsisse&

1268 3091 1302 3121 ut
1315 3090 1433 3121 nedum
1451 3091 1520 3130 ejiis
1533 3090 1696 3130 privatum
1711 3088 1906 3128 quempiam,
1919 3086 1972 3118 sed
1989 3094 2030 3118 ne
2042 3086 2206 3118 civitatem
2220 3073 2305 3131 quH

1266 3136 1339 3169 dem
1355 3138 1456 3169 totam
1469 3135 1665 3177 praeclarius,
1681 3137 1713 3166 et
1729 3133 1985 3174 magnificentius
2001 3141 2036 3164 se
2050 3131 2194 3164 venerari
2208 3127 2303 3177 donet

1266 3192 1359 3237 posse
1375 3183 1583 3215 existimaret
1601 3181 1815 3214 Nihilominus
1827 3183 1933 3211 tamen
1946 3179 1988 3211 ad
2003 3179 2166 3210 hominem
2182 3158 2320 3283 avoco}

1266 3230 1357 3269 sisse,
1376 3230 1416 3262 ab
1428 3238 1530 3270 eoque
1543 3228 1762 3269 requisivisse,
1778 3230 1814 3259 ut
1829 3227 1961 3258 modum
1977 3235 2043 3266 quo
2057 3225 2134 3258 deos
2149 3222 2275 3256 coleret

1267 3277 1328 3310 sibi
1341 3277 1523 3319 explicaret.
1537 3276 1728 3309 clearchum
1750 3283 1826 3306 vero
1845 3275 1890 3306 ita
1905 3273 2054 3306 dixisse:
2073 3274 2139 3312 Ego
2153 3256 2300 3315 quidm}

1266 3334 1392 3357 summa
1408 3324 1571 3364 diligentia
1591 3331 1716 3363 semper
1737 3322 1770 3353 in
1789 3321 1974 3354 constitutis
1998 3319 2197 3362 temporibus
2219 3316 2320 3357 ᾱιψ

1266 3371 1434 3404 sacrifico:
1449 3371 1528 3403 dum
1543 3371 1576 3402 et
1591 3369 1725 3410 singulis
1740 3369 1921 3409 quibusque
1934 3365 2119 3399 mensibus
2110 3374 2145 3403 u
2155 3358 2290 3406 novun-'22
2319 3365 2320 3372 ¹

1267 3420 1328 3451 niis
1342 3418 1557 3456 Mercurium,
1577 3421 1608 3450 et
1621 3419 1772 3456 Hecaten,
1791 3418 1822 3448 et
1837 3416 1975 3456 reliquos
1996 3415 2073 3447 deos
2091 3419 2173 3454 quos
2185 3407 2290 3452 nlaio-
