2320 3684
194 213 270 246 208

177 303 349 358 Δελφοὺς,
363 303 424 342 δύο
441 303 649 358 θεραπαίνας
671 304 915 349 ἀκολουθῆσαι.
935 304 1199 358 Παραπλησίως

179 361 214 401 δὲ
231 362 291 401 καὶ
317 361 498 401 Μνάσωνα
512 392 522 409 ,
539 361 598 400 τὸν
616 364 677 399 τοῦ
694 361 953 414 Ἀριστοτέλους
970 365 1118 416 ἑταῖρον,
1142 379 1200 416 χι-

177 421 269 465 λίους
285 419 419 465 οἰκέτας
433 420 664 471 κτησάμενον,
675 419 904 467 διαὸληθῆναι
920 419 1017 474 παρὰ
1031 427 1102 465 τοῖς
1115 423 1202 461 Φω-

177 483 309 528 κεῦσιν,
334 481 380 522 ὣς
401 478 584 521 τοσούτους
623 481 693 516 τῶν
727 479 879 517 πολιτῶν
913 477 977 527 τὴν
1008 480 1200 532 ἀναγκαίαν

178 537 307 592 τροφὴν
325 537 561 591 ἀφῃρημένον.
581 536 743 575 Εἰθίσθαι
761 537 827 590 γὰρ
845 538 880 575 ἐν
895 543 972 582 ταῖς
984 539 1109 583 οἰκίαις
1127 540 1202 578 δια-

179 602 289 635 κονεῖν
306 594 383 640 τοὺς
402 594 589 648 νεωτέρους
608 600 678 637 τοῖς
694 594 951 650 πρεσὸυτέροις.

659 653 722 691 68.

230 713 411 764 Polybius
429 714 529 761 XII,
551 713 592 758 5,
621 726 772 750 causam
797 712 870 751 sibi
892 727 972 751 esse
993 714 1104 762 dicit,
1134 728 1203 752 cur

179 777 386 812 Locrenses
402 771 557 810 laudare
585 772 712 822 potius
741 771 875 810 debeat
903 786 1014 823 quam
1049 782 1202 811 contra-

179 833 277 870 rium
291 832 424 869 facere.
443 830 589 869 Deinde
605 831 729 881 pergit
744 845 752 868 τ
771 829 862 869 Ἀλλ’
875 830 970 882 ὅμως
984 832 1046 870 οὐκ
1059 831 1202 878 ὤκνησα

178 889 239 928 καὶ
270 888 383 940 λέγειν
408 888 467 926 καὶ
494 888 654 943 γράφειν,
682 886 735 926 ὅτι
764 887 828 935 τὴν
858 889 916 927 ὑπ’
945 888 1202 942 Ἀριστοτέλους

178 945 458 1000 παραδιδομένην
478 945 631 1000 ἱστορίαν
657 946 736 1001 περὶ
757 949 820 994 τῆς
845 947 1006 991 ἀποικίας
1025 948 1202 994 ἀληθινω-

177 1005 281 1060 τέραν
310 998 398 1044 εἶναι
421 1004 607 1056 συμὸαίνει
634 1007 695 1052 τῆς
725 1005 792 1044 ὑπὸ
816 1005 971 1057 Τιμαίου
999 1005 1200 1057 λεγομένης.

178 1063 330 1104 Σύνοιδα
344 1061 411 1117 γὰρ
427 1068 499 1107 τοῖς
511 1062 703 1117 ἀνθρώποις
720 1064 961 1115 ὁμολογοῦσιν,
981 1062 1035 1101 ὅτι
1050 1063 1203 1117 παραδό-

178 1138 279 1174 σιμος
304 1123 418 1166 αὐτοῖς
443 1124 535 1160 ἐστιν
565 1120 652 1169 αὕτη
675 1121 755 1174 περὶ
782 1124 844 1168 τῆς
873 1121 1033 1164 ἀποικίας
1051 1124 1074 1168 ἡ
1101 1121 1201 1175 φήμη

177 1181 274 1236 παρὰ
291 1180 466 1235 πατέρων,
485 1180 528 1228 ἣν
550 1178 789 1234 Ἀριστοτέλης
808 1179 958 1233 εἴρηκεν,
979 1181 1016 1218 οὗ
1038 1179 1202 1231 Τίμαιος.

179 1243 414 1292 (Sequuntur
432 1247 654 1290 argumenta
670 1238 847 1290 Polybii).
861 1260 914 1267 —
931 1237 999 1276 Ἐκ
1015 1237 1147 1276 τούτων
1161 1237 1202 1276 ἄν

177 1315 230 1344 τις
243 1298 529 1350 συλλογιζόμενος
541 1295 771 1351 Ἀριστοτέλει
784 1295 935 1349 πρόσχοι
951 1297 1083 1347 μᾶλλον
1100 1294 1203 1342 ἢΤι-

179 1357 274 1411 μαίῳ
288 1373 296 1381 ·
317 1357 377 1396 καὶ
399 1355 469 1408 μὴν
489 1356 529 1394 τὸ
551 1355 694 1408 συνεχὲς
713 1353 826 1407 τούτῳ
843 1353 968 1397 τελέως
991 1353 1119 1392 ἄτοπον
1133 1369 1141 1378 ·
1164 1354 1205 1392 τὸ

177 1417 243 1471 γὰρ
263 1415 540 1468 ὑπολαμὸάνειν,
565 1414 723 1468 καθάπερ
742 1415 869 1457 ἐκεῖνος
890 1412 1132 1462 ὑποδείκνυσι,
1159 1415 1206 1457 ὡς

178 1477 239 1516 οὔκ
258 1475 347 1519 εἰκὸς
361 1469 403 1522 ἦν
416 1473 493 1518 τοὺς
511 1472 647 1516 οἰκέτας
665 1474 734 1511 τῶν
752 1471 1037 1523 Λακεδαιμονίων
1058 1488 1206 1524 συμμα-

178 1534 364 1587 χησάντων
379 1533 442 1580 τὴν
458 1535 527 1571 τῶν
544 1532 672 1586 κυρίων
688 1530 820 1570 εὔνοιαν
838 1531 1018 1585 ἀναφέρειν
1032 1531 1117 1586 πρὸς
1128 1531 1207 1576 τοὺς

178 1593 317 1632 ἐκείνων
347 1593 490 1647 φίλους,
527 1590 661 1638 εὔηθες·
694 1593 733 1630 οὗ
751 1589 818 1644 γὰρ
851 1589 954 1642 μόνον
980 1589 1040 1634 τὰς
1061 1589 1205 1641 εὐνοίας,

179 1651 268 1690 ἀλλὰ
287 1651 348 1690 καὶ
363 1651 425 1695 τὰς
445 1650 554 1695 ξενίας
568 1650 627 1688 καὶ
647 1651 708 1694 τὰς
724 1648 924 1702 συγγενείας
941 1651 1010 1687 τῶν
1029 1649 1205 1687 δεσποτῶν

178 1711 211 1748 οἱ
238 1708 501 1758 δουλεύσαντες,
535 1708 617 1747 ὅταν
655 1707 876 1761 εὖτυχήσωσι
910 1706 1113 1761 παραδόξως
1146 1707 1206 1745 καὶ

179 1771 306 1824 χρόνος
322 1769 537 1821 ἐπιγένηται,
553 1770 742 1822 πειρῶνται
761 1771 1026 1822 προσποιεῖσθαι
1043 1767 1103 1806 καὶ
1122 1783 1207 1806 συν-

180 1831 406 1868 ανανεοῧσθαι
424 1830 493 1866 τῶν
514 1827 605 1866 κατὰ
622 1826 723 1882 φύσιν
742 1826 940 1878 ἀναγκαίων
959 1827 1105 1878 μᾶλλον,
1125 1826 1208 1864 αὐτὸ

178 1891 281 1927 τοῦτο
301 1887 551 1932 σπουδάζοντες
561 1915 571 1933 ,
587 1884 652 1933 τὴν
666 1883 971 1939 προγεγενημένην
985 1883 1065 1937 περὶ
1088 1883 1209 1927 αὐτοὺς

180 1946 370 1985 ἐλάττωσιν
384 1948 444 1983 καὶ
460 1943 523 1991 τὴν
542 1943 679 1989 ἀδοξίαν
695 1942 899 1997 ἐξαλείφειν,
917 1945 966 1995 τῷ
986 1941 1209 1995 βουλεύεσθαι

179 2007 248 2044 τῶν
261 2006 436 2043 δεσποτῶν
456 2002 620 2054 ἀπόγονοι
639 2004 771 2054 μᾶλλον
787 2003 997 2055 ἐπιφανῆναι
1014 2001 1104 2054 ἤπερ
1125 2002 1210 2039 ἀπε-

180 2063 345 2118 λεύθεροι.

183 2170 253 2210 e3us
269 2167 326 2208 qui
341 2167 484 2208 Delphos
500 2166 603 2207 cepit,
625 2173 724 2206 quam
747 2165 821 2197 duae
837 2164 963 2196 ancillae
986 2165 1206 2204 sequerentur.

180 2215 334 2248 Similiter
347 2222 426 2246 vero
440 2213 523 2245 male
538 2212 623 2254 apud
644 2213 827 2244 Phocenses
845 2211 976 2243 audisse
998 2212 1188 2242 Mnasouem
1199 2233 1208 2248 ,

180 2262 363 2295 Aristotelis
378 2261 581 2299 familiarem,
598 2259 685 2300 quod
707 2259 795 2291 mille
808 2267 920 2291 servos
934 2258 1032 2291 aleret
1048 2267 1056 2289 ε
1073 2257 1209 2290 totidem

183 2310 271 2342 enim
294 2308 421 2341 civibus
435 2307 616 2340 necessaria
640 2307 792 2338 alimenta
812 2314 888 2338 eum
906 2305 1046 2346 eripere,
1068 2305 1207 2337 aiebant.

183 2359 366 2390 consuesse
380 2356 466 2387 enim
481 2355 515 2386 in
529 2354 678 2386 domibus
694 2353 842 2385 famulari
853 2353 1000 2394 iuniores
1015 2351 1207 2384 senioribus.

225 2450 310 2483 Nihil
325 2450 434 2482 tamen
448 2450 616 2489 propterea
631 2456 704 2479 sum
721 2447 894 2479 cunctatus
916 2448 948 2479 et
965 2446 1072 2478 dicere
1087 2449 1119 2478 et
1133 2445 1210 2478 scri-

183 2498 270 2537 bere,
285 2495 500 2528 narrationem
514 2494 555 2526 ab
570 2494 746 2526 Aristotele
760 2494 922 2534 proditam
936 2493 1102 2525 memoriae
1116 2501 1211 2533 super

185 2543 381 2577 deductione
398 2542 469 2583 eius
485 2541 620 2574 coloniae
636 2541 794 2573 veriorem
818 2549 889 2572 esse
903 2549 941 2572 ea
955 2549 1054 2580 quam
1069 2540 1211 2572 Timaeus

185 2592 290 2624 affert.
307 2591 522 2630 compertum
538 2597 680 2629 namque
694 2587 775 2619 mihi
790 2590 849 2627 est,
874 2587 963 2628 ipsos
977 2589 1153 2618 Locrenses
1169 2585 1211 2617 sa-

184 2639 256 2678 teri,
270 2646 342 2671 eam
356 2645 391 2669 se
405 2645 424 2668 a
439 2635 586 2677 patribus
604 2635 757 2666 traditam
774 2634 936 2675 accepisse
958 2633 1077 2665 famam
1094 2632 1134 2664 de
1152 2641 1212 2664 sua

185 2687 322 2728 colonia,
339 2694 438 2727 quam
459 2684 555 2716 habet
569 2683 768 2723 Aristoteles,
794 2691 859 2714 non
875 2690 973 2722 quam
1004 2682 1157 2713 Timaeus.

186 2737 234 2767 Ex
256 2734 308 2766 his
322 2733 461 2774 quisque
482 2731 674 2763 ratiocinans
687 2730 728 2762 ad
740 2729 920 2761 Aristotelis
933 2728 1034 2769 magis
1050 2736 1148 2768 quam
1170 2727 1211 2759 ad

186 2781 298 2815 Timaei
315 2779 508 2812 sententiam
524 2778 664 2810 accedet.
681 2779 722 2810 Et
743 2776 874 2817 quidem
897 2774 985 2807 aliud
1010 2775 1087 2806 huic
1109 2774 1212 2815 proxi-

187 2837 277 2860 mum
299 2836 431 2868 prorsus
441 2828 492 2858 est
502 2825 691 2859 absurdum.
707 2826 735 2857 N
737 2832 854 2864 amque
864 2822 988 2864 opinari
998 2845 1007 2861 ,
1023 2824 1060 2853 ut
1069 2822 1211 2853 Timaeus

187 2874 357 2907 ostendere
381 2873 517 2912 nititur,
540 2874 793 2905 consentaneum
824 2879 889 2901 non
913 2869 1013 2901 fuisse
1040 2871 1077 2900 ut
1100 2867 1211 2900 famuli

188 2920 508 2954 Lacedaemoniorum
522 2944 531 2960 ‚
549 2919 607 2960 qui
619 2918 770 2950 militiam
786 2925 862 2949 cum
877 2916 928 2948 his
943 2914 1141 2953 tolerabant,
1157 2914 1211 2946 do-

188 2969 350 3000 minorum
363 2966 620 3000 benevolentiam
634 2965 674 2998 ad
690 2965 815 2997 illorum
832 2962 1029 2995 necessarios
1045 2961 1210 3000 referrent,

188 3015 219 3046 id
237 3014 366 3055 quidem
389 3013 527 3046 stultum
542 3014 614 3045 est:
641 3020 745 3052 neque
766 3010 854 3043 enim
880 3008 1104 3041 tantummodo
1118 3007 1212 3039 bene-

190 3061 377 3096 volentiam,
399 3068 514 3092 verum
534 3060 632 3091 etiam
649 3057 780 3100 hospitii
791 3057 844 3098 jus
857 3058 890 3089 et
906 3055 1094 3088 affinitatem
1110 3053 1212 3086 domi-

190 3117 306 3139 norum
320 3107 422 3146 servi,
447 3107 474 3138 si
493 3109 610 3148 praeter
626 3106 759 3138 solitum
783 3105 912 3136 fortuna
927 3103 1010 3135 felici
1031 3104 1165 3135 utantur
1180 3102 1213 3133 et

190 3157 318 3195 tempus
333 3154 497 3194 procedat,
509 3153 572 3185 sibi
587 3153 751 3185 vindicare
768 3151 915 3183 nituntur
929 3151 963 3182 et
978 3157 1133 3181 renovare
1148 3157 1213 3180 ma·

191 3201 240 3241 gis
265 3209 361 3240 quam
378 3200 627 3240 consanguinei3
657 3208 732 3230 nam
761 3197 840 3230 illud
868 3198 975 3238 ipsum
1004 3196 1132 3236 assequi
1147 3197 1213 3227 stu-

193 3247 288 3285 dent,
314 3249 350 3278 ut
375 3255 467 3278 suain
488 3246 659 3287 pristinam
679 3245 894 3278 bumilitatem
917 3243 1213 3283 obscuritatemque

191 3293 389 3333 abstergant,
407 3293 486 3324 dum
502 3293 655 3324 affectant
667 3293 873 3324 dominorum
894 3300 928 3323 se
942 3293 1088 3332 posteros
1105 3290 1213 3331 potius
1240 3299 1246 3348 Ι

192 3349 289 3381 quam
306 3339 436 3371 libertos
450 3340 563 3371 videri.

234 3385 296 3418 Sed
315 3385 525 3426 inspiciamus
554 3385 684 3425 propius
706 3385 820 3417 Timaei
848 3384 1034 3416 institutum
1050 3386 1082 3416 et
1096 3384 1214 3415 utrius-

192 3442 255 3474 que
281 3432 341 3464 viri
370 3431 508 3464 rationes
525 3454 534 3470 ‚
562 3431 680 3471 quibus
707 3431 747 3464 de
775 3432 833 3463 bac
848 3431 972 3463 colonia
1001 3434 1134 3472 uterque
1163 3432 1212 3462 est

944 219 1110 259 TIMAEI
1137 220 1471 262 FRAGMENTA.

1312 307 1528 361 Σκεψώμεθα
1573 307 1614 354 δὴ
1654 308 1712 346 καὶ
1758 309 1820 356 τὴν
1875 311 1977 348 αὐτοῦ
2020 315 2080 349 τοῦ
2121 313 2274 364 Τιμαίου

1256 365 1469 419 προαίρεσιν,
1489 366 1547 404 καὶ
1565 365 1624 409 τὰς
1641 367 1829 420 ἀποφάσεις
1849 368 2087 421 συγκρίνωμεν
2104 371 2143 408 ἐκ
2161 387 2276 425 παρα-

1257 423 1400 471 θέσεως,
1419 424 1458 467 ἃς
1476 424 1663 472 πεποίηται
1687 426 1766 479 περὶ
1789 429 1851 473 τῆς
1877 428 1983 473 αὐτῆς
2008 428 2168 473 ἀποικίας
2182 445 2190 453 ·
2217 428 2276 468 ἵνα

1257 484 1407 533 γνῶμεν,
1423 481 1564 536 πότερος
1583 483 1673 528 ἄξιος
1688 483 1786 522 ἔσται
1803 487 1866 531 τῆς
1880 485 2041 533 τοιαύτης
2057 487 2278 543 κατηγορίας.

1258 540 1358 588 Φησὶ
1376 546 1557 596 τοιγαροῦν
1578 541 1668 581 κατὰ
1692 542 1755 589 τὴν
1773 542 1879 590 αὐτὴν
1903 543 2022 596 βίὸλον
2047 544 2163 584 οὐκέτι
2187 545 2278 585 κατὰ

1258 598 1315 637 τὸν
1333 599 1435 638 αὐτὸν
1452 599 1569 639 εἰκότα
1592 600 1693 652 λόγον
1716 602 1894 655 χρώμενος
1912 608 1982 646 τοῖς
2007 602 2180 655 ἐλέγχοις,
2200 604 2279 644 ἀλλ’

1258 659 1429 705 ἀληθινῶς
1448 658 1549 702 αὐτὸς
1567 658 1744 698 ἐπιὸαλὼν
1769 662 1816 703 εἷς
1829 659 1907 704 τοὺς
1930 661 2021 699 κατὰ
2044 660 2108 709 τὴν
2121 661 2279 702 Ἐλλάδα

1259 714 1431 769 Λοκροὺς,
1455 715 1622 761 ἐξετάζειν
1655 716 1699 755 τὰ
1723 718 1802 771 περὶ
1829 721 1891 765 τῆς
1911 719 2092 763 ἀποικίας·
2117 719 2196 764 τοὺς
2223 720 2279 769 δὲ,

1258 775 1394 826 πρῶτον
1408 773 1485 825 μὲν,
1507 775 1732 814 ἐπιδεικνύειν
1747 777 1841 829 αὐτῷ
1854 776 2026 824 συνθήκας
2049 778 2280 832 ἐγγράπτους,

1260 830 1312 869 ἔτι
1330 831 1389 869 καὶ
1408 834 1467 870 νῦν
1492 832 1723 884 διαμενούσας
1739 834 1824 887 πρὸς
1845 834 1924 877 τοὺς
1942 834 2281 888 ἐξαπεσταλμένους,

1261 883 1314 933 αἶς
1335 890 1596 945 ὑπογεγράφθαι
1620 891 1684 939 τὴν
1708 892 1820 946 ἀρχὴν
1844 892 2028 941 τοιαύτην·
2053 896 2124 938 «ὡς
2145 898 2282 946 γονεῦσι

1260 948 1346 1002 πρὸς
1366 948 1509 988 τέκνα.»
1535 950 1629 1004 Πρὸς
1647 949 1683 989 δὲ
1702 951 1836 995 τούτοις
1859 945 1947 990 εἶναι
1970 952 2147 1005 δόγματα,
2166 953 2244 992 καθ’
2259 953 2283 992 ἃ

1258 1007 1437 1045 πολιτείαν
1450 1007 1616 1062 ὑπάρχειν
1631 1009 1806 1063 ἑκατέροις
1821 1011 1904 1064 παρ’
1918 1011 2104 1064 ἑκατέροις.
2122 1011 2283 1051 Καθόλου

1260 1064 1321 1114 δὲ,
1338 1065 1526 1111 ἀκούοντας
1553 1066 1616 1114 τὴν
1641 1067 1897 1121 Ἀριστοτέλους
1925 1069 2086 1121 ἐξήγησιν
2117 1070 2197 1125 περὶ
2220 1073 2284 1118 τῆς

1259 1123 1438 1172 ἀποικίας,
1462 1124 1649 1176 θαυμάζειν
1667 1124 1729 1172 τὴν
1755 1126 1950 1177 ἰταμότητα
1969 1131 2030 1165 τοῦ
2048 1128 2282 1182 συγγραφέως.

1260 1180 1426 1226 Μεταὸὰς
1447 1181 1484 1220 δὲ
1502 1182 1608 1221 πάλιν
1629 1182 1686 1221 ἐπὶ
1708 1182 1786 1228 τοὺς
1802 1186 1836 1223 ἐν
1852 1184 1985 1238 Ἰταλίᾳ
2002 1185 2156 1240 Λοκροὺς
2167 1217 2178 1235 ,
2198 1186 2286 1241 εὑρί-

1260 1255 1355 1278 σκειν
1377 1239 1584 1284 ἀκολούθους
1609 1241 1668 1279 καὶ
1694 1241 1772 1286 τοὺς
1804 1242 1953 1294 νόμους,
1973 1243 2078 1297 φησὶ,
2098 1244 2177 1287 τοὺς
2202 1243 2285 1297 παρ’

1261 1299 1374 1341 αὐτοῖς
1388 1328 1398 1346 ,
1410 1298 1470 1337 καὶ
1489 1298 1570 1342 τοὺς
1587 1299 1765 1351 ἐθισμοὺς,
1783 1302 1823 1339 οὗ
1839 1303 1883 1352 τῇ
1901 1303 1969 1340 τῶν
1983 1303 2126 1340 οἰκετῶν
2141 1302 2286 1356 ῥᾳδουρ-

1260 1355 1321 1409 γίᾳ
1334 1387 1344 1405 ,
1361 1359 1405 1409 τῇ
1427 1357 1464 1395 δὲ
1486 1360 1555 1396 τῶν
1581 1358 1769 1412 ἐλευθέρων
1795 1358 1951 1412 ἀποικίᾳ.
1973 1358 2124 1405 Πάντως
2139 1368 2206 1414 γὰρ
2227 1361 2287 1399 καὶ

1261 1422 1334 1460 τοῖς
1351 1418 1641 1472 ἀνδραποδισταῖς
1669 1419 1827 1470 ἐπιτίμια
1855 1419 2025 1473 τετάχθαι
2051 1420 2135 1474 παρ’
2151 1421 2288 1470 αὐτοῖς,

1262 1475 1390 1527 ὁμοίως
1417 1482 1488 1520 τοῖς
1526 1482 1684 1530 μοιχοῖς,
1717 1483 1788 1521 τοῖς
1820 1477 2025 1531 δραπέταις·
2051 1471 2100 1517 ὧν
2132 1478 2228 1518 οὐδὲν
2245 1478 2288 1518 ἂν

1263 1534 1447 1589 ὑπάρχειν,
1474 1537 1504 1574 εἷ
1535 1535 1741 1588 συνῄδεισαν
1773 1537 1888 1580 αὖτοῖς
1915 1537 1955 1575 ἐκ
1985 1535 2150 1575 τοιούτων
2174 1552 2288 1591 πεφυ-

1263 1592 1352 1632 κόσι.

1318 1653 1466 1705 Πρῶτον
1496 1650 1538 1699 δὴ
1562 1652 1774 1706 διαπορήσαι
1803 1669 1856 1696 τις
1894 1652 1952 1700 ἂν,
1982 1653 2066 1707 πρὸς
2091 1653 2186 1696 τίνας
2219 1655 2288 1692 τῶν

1264 1711 1409 1763 Λοκρῶν
1434 1710 1715 1763 παραγενόμενος
1739 1711 1948 1750 ἐπυνθάνετο
1968 1711 2047 1766 περὶ
2070 1711 2216 1752 τούτων.
2241 1714 2288 1751 Εἰ

1265 1768 1403 1823 μὲνγὰρ
1422 1768 1623 1815 συνέὸαινε,
1642 1768 1798 1823 καθάπερ
1817 1769 1895 1813 τοὺς
1915 1771 1950 1809 ἐν
1969 1770 2101 1809 Ἰταλία
2120 1769 2288 1824 Λοκροὺς,

1265 1827 1348 1878 μίαν
1367 1826 1468 1866 πόλιν
1493 1826 1584 1879 ἔχειν
1612 1827 1702 1866 οὕτω
1731 1827 1791 1866 καὶ
1814 1827 1892 1872 τοὺς
1917 1828 2008 1867 κατὰ
2031 1827 2094 1875 τὴν
2113 1828 2288 1878 Ἑλλάδα,

1263 1885 1370 1938 τυχὸν
1407 1887 1470 1924 οὒκ
1503 1885 1572 1925 ἔδει
1611 1887 1800 1940 διαπορεῖν,
1825 1886 1905 1926 ἀλλ’
1923 1881 1964 1934 ἦν
1992 1886 2033 1925 ἂν
2065 1887 2288 1941 εὐθεώρητον.

1266 1943 1369 1983 Ἐπεὶ
1390 1942 1426 1982 δὲ
1445 1943 1505 1982 δύο
1521 1944 1601 1992 ἔθνη
1627 1947 1773 1998 Λοκρῶν
1791 1946 1865 1984 ἐστι
1879 1976 1889 1993 ,
1911 1943 1995 2000 πρὸς
2019 1945 2184 2000 ποτέρους
2207 1940 2289 1993 ἦλθε

1266 2001 1325 2040 καὶ
1338 2001 1422 2055 πρὸς
1433 2001 1534 2046 ποίας
1549 2001 1663 2046 πόλεις
1680 2005 1748 2041 τῶν
1763 2002 1903 2056 ἑτέρων,
1921 2003 1980 2041 καὶ
1996 2002 2092 2058 παρὰ
2107 2004 2196 2042 τίσιν
2213 1997 2289 2057 εἶρε

1234 2108 1240 2113 λ
1266 2059 1327 2105 τὰς
1343 2060 1513 2108 συνθήκας
1528 2061 1860 2116 ἀναγεγραμμένας,
1879 2060 1975 2100 οὐδὲν
1988 2061 2055 2116 γὰρ
2068 2065 2153 2114 ἡμῖν
2171 2063 2291 2101 διασα-

1269 2173 1367 2204 usus,
1398 2164 1538 2197 invicem
1567 2173 1817 2206 componamus;
1846 2168 1883 2197 ut
1899 2165 2100 2198 manifestius
2117 2165 2196 2206 fiat,
2221 2166 2287 2199 utet

1267 2211 1367 2252 magis
1408 2212 1688 2252 reprehensionem
1730 2212 1889 2252 ejusmodi
1932 2214 2102 2245 mereatur.
2146 2212 2292 2245 Affirmat

1267 2257 1365 2298 igitur
1392 2258 1533 2291 Timaeus
1555 2259 1668 2291 eodem
1690 2259 1723 2290 in
1754 2259 1836 2290 libro
1848 2268 1862 2297 y:
1892 2267 1927 2291 se
1945 2259 2013 2300 jam
2043 2259 2290 2300 haudquaquam

1268 2305 1405 2346 amplius
1444 2306 1532 2338 nuda
1570 2307 1754 2347 conjectura
1782 2306 1959 2338 adductum
1975 2329 1985 2346 ,
2021 2306 2075 2338 sed
2105 2306 2291 2339 certissimis

1268 2353 1465 2392 argumentis
1489 2353 1688 2394 exploratam
1713 2353 1758 2385 rei
1780 2353 1950 2385 veritatem
1965 2355 2084 2385 tenere.
2102 2353 2152 2385 Ad
2167 2355 2288 2385 Locros

1268 2398 1364 2437 enim,
1377 2399 1431 2439 qui
1447 2398 1481 2430 in
1494 2399 1620 2431 Graecia
1635 2401 1723 2439 sunt,
1739 2398 1921 2440 profectum
1934 2407 1969 2431 se
1981 2407 2052 2431 esse
2064 2401 2182 2438 narrat,
2197 2403 2292 2440 atque

1269 2445 1328 2477 hos
1341 2446 1481 2487 primum
1496 2446 1626 2487 quidem
1641 2446 1704 2478 sibi
1718 2446 1823 2478 foedus
1836 2445 2017 2478 ostendisse
2032 2445 2066 2477 in
2081 2445 2200 2478 tabulis
2215 2445 2291 2478 inci-

1270 2501 1355 2531 sum,
1368 2501 1442 2534 quae
1462 2493 1559 2525 etiam
1575 2501 1663 2525 nunc
1681 2494 1848 2533 visuntur,
1865 2492 1986 2533 quihus
2009 2492 2195 2533 hujusmodi
2213 2501 2290 2534 prae-

1270 2539 1373 2571 fixum
1390 2540 1432 2572 sit
1447 2540 1618 2572 exordium
1637 2549 1645 2571 :
1663 2552 1678 2567 (ι
1696 2541 1740 2572 Ut
1760 2541 1908 2581 parentes
1926 2548 2000 2580 erga
2016 2539 2135 2572 liberos
2151 2539 2253 2571 decet.
2271 2550 2288 2567 n

1270 2589 1427 2619 Praeterea
1445 2587 1543 2619 etiam
1559 2587 1688 2619 decreta
1702 2586 1830 2628 publica
1850 2588 1977 2619 exstare
1988 2609 1997 2626 ,
2011 2586 2130 2627 quibus
2145 2585 2290 2618 civitates

1267 2634 1320 2674 jus
1337 2643 1510 2666 commune
1528 2634 1612 2666 inter
1631 2643 1666 2666 se
1679 2633 1828 2666 habeant.
1843 2634 2000 2674 Denique,
2015 2632 2126 2665 audita
2140 2633 2292 2665 Aristote·
2305 2628 2320 2655 Γ

1270 2681 1310 2713 lis
1320 2681 1501 2714 narratione
1513 2681 1553 2714 de
1563 2682 1623 2713 hac
1634 2681 1772 2721 colonia,
1783 2680 1996 2713 temeritatem
2008 2680 2146 2712 hominis
2158 2680 2293 2712 miratos¹

1270 2736 1351 2760 esse.
1372 2728 1495 2760 Deinde
1510 2728 1551 2760 ad
1573 2730 1711 2768 Locros,
1729 2727 1833 2767 quiin
1855 2726 1947 2759 Italia
1970 2726 2134 2766 incolunt,
2150 2724 2320 2763 delatum

1270 2774 1354 2815 leges
1370 2775 1454 2815 apud
1478 2775 1548 2807 illos
1562 2778 1594 2807 et
1608 2774 1862 2806 consuetudines
1877 2773 2063 2814 huiusmodi
2088 2772 2242 2814 reperisse
2255 2770 2320 2804 σθ’

1270 2824 1414 2861 testatur,
1433 2830 1506 2862 quae
1521 2830 1587 2853 non
1602 2821 1837 2862 mancipiorum
1851 2820 1987 2860 levitati,
2003 2820 2058 2852 sed
2077 2820 2289 2860 ingenuorum
2302 2814 2313 2852 ,”

1270 2869 1440 2900 hominum
1454 2868 1590 2900 coloniae
1603 2868 1822 2900 convenirent.
1840 2867 1927 2904 Quin
1940 2867 2037 2899 etiam
2053 2874 2164 2908 poenas
2179 2862 2318 2903 adver-«J,

1271 2924 1327 2947 sus
1348 2914 1517 2955 plagiarios
1529 2938 1538 2954 ‚
1562 2914 1739 2954 itidemque
1752 2913 1785 2944 in
1801 2913 1964 2945 adulteros
1981 2921 2019 2944 ac
2037 2912 2189 2952 fugitivos
2203 2909 2309 2952 apud-2²*

1270 2961 1400 2994 eosdem
1408 2969 1478 2993 esse
1489 2961 1680 2992 constitutas
1694 2969 1701 2991 :
1714 2968 1787 3000 quae
1798 2962 1883 2991 certe
1895 2967 2061 2999 nunquam
2071 2958 2116 2990 illi
2127 2958 2306 2998 fecissentf,

1271 3010 1298 3041 si
1310 3009 1429 3040 conscii
1446 3007 1507 3040 sibi
1521 3009 1640 3047 essent,
1657 3015 1691 3039 se
1705 3015 1744 3038 ex
1761 3005 1919 3046 eJusmodi
1931 3004 2118 3037 hominibus
2131 2999 2307 3050 origineumJ

1271 3056 1398 3088 ducere.

1312 3104 1384 3135 Jam
1408 3109 1488 3133 vero
1514 3100 1618 3141 primo
1647 3099 1775 3140 quidem
1799 3098 1912 3130 merito
1937 3097 2053 3138 aliquis
2081 3088 2307 3137 dubit-west&

1270 3156 1428 3190 quosnam
1444 3155 1462 3179 e
1472 3147 1596 3186 Locris,
1612 3145 1644 3178 in
1659 3144 1817 3177 Graeciam
1834 3144 1971 3183 delatus,
1997 3143 2038 3175 de
2054 3144 2104 3175 his
2125 3143 2222 3176 rebus
2242 3143 2292 3176 in*

1270 3194 1488 3235 terrogaverit.
1505 3195 1586 3225 Nam
1601 3193 1640 3232 si,
1656 3191 1932 3233 quemadmodum
1962 3190 2057 3222 Locri
2073 3190 2130 3231 qui
2148 3191 2180 3222 in
2197 3191 2320 3227 Italiae

1271 3246 1366 3281 sunt,
1391 3241 1437 3273 ita
1461 3240 1558 3272 etiam
1579 3239 1613 3270 in
1629 3238 1755 3271 Graecia
1776 3237 1870 3270 Locri
1900 3246 1997 3268 unam
2013 3237 2110 3269 modo
2126 3235 2317 3281 civitatulis,

1271 3288 1444 3326 haberent,
1467 3286 1575 3318 nullus
1600 3284 1793 3317 dubitationi
1816 3283 1907 3315 locus
1923 3292 2090 3324 superesse
2104 3283 2293 3326 videreta&

1273 3335 1330 3367 sed
1361 3334 1395 3366 in
1420 3335 1549 3375 promtu
1574 3341 1625 3364 res
1650 3333 1745 3364 esset.
1770 3333 1811 3362 At
1832 3339 1908 3362 vero
1923 3355 1932 3370 ‚
1958 3339 2059 3371 quum
2083 3331 2156 3362 duae
2172 3329 2237 3361 sint
2253 3326 2307 3370 ln*-

1271 3381 1396 3415 Graecia
1418 3381 1528 3421 gentes
1555 3380 1730 3411 Locrorum
1743 3401 1752 3417 ,
1770 3380 1875 3409 utram
1891 3378 2029 3417 gentem,
2048 3385 2171 3417 quasve
2192 3367 2290 3407 urbes

1273 3428 1402 3462 alterius
1418 3435 1435 3459 e
1458 3434 1554 3467 supra
1578 3426 1676 3458 dictis
1699 3423 1846 3465 gentibus
1866 3423 1945 3455 adiit
1963 3423 2125 3456 Timaeus?
2148 3425 2180 3456 et
2200 3415 2290 3463 apud'
