2320 3684
0 1565 9 1587 a:
0 1436 12 1555 ·::;==5=!oz=.·v
0 1372 11 1431 φιτ-Ἀ-
0 1340 3 1342 ·

802 138 1107 178 ΤΗΕΟΡΟΜΡΙ
1135 137 1470 179 FRAGMENTA.

77 228 209 275 πλῆθος
243 225 414 279 ὑποζύγια
450 223 511 264 καὶ
546 238 632 278 προς
674 221 880 269 κατακοπὴν
914 224 1023 276 ἱερεῖα
1060 225 1107 267 εἰς

75 286 207 326 ταῦτά·
225 285 286 325 καὶ
301 284 426 324 πολλοὶ
453 299 498 335 μ
483 281 517 322 ὲν
537 281 748 335 ἀρτυμάτων
773 280 958 333 μέδιμνοι,
981 281 1105 320 πολλοὶ

77 345 107 384 δ’
121 348 152 383 οἱ
172 345 316 384 θύλακοι
331 343 391 383 καὶ
408 342 534 382 σάκκοι
553 340 613 380 καὶ
632 339 763 395 χάρται
785 339 945 392 βιὸλίων,
962 340 1022 378 καὶ
1035 356 1104 379 των

79 403 196 443 ἄλλων
214 402 380 442 ἁπάντων
401 399 597 455 χρησίμων.
616 402 784 440 Τοσαῦτα
804 397 841 437 δὲ
863 398 950 453 κρέα
967 414 1107 452 τεταρι-

75 461 233 516 χευμένα
254 461 490 500 παντοδαπῶν
515 458 668 513 ἱερείων,
688 460 735 502 ὡς
755 456 889 530 σωρους
909 459 1023 496 αὐτῶν
1043 472 1106 509 γε-

74 521 196 560 νέσθαι
211 518 455 567 τηλικούτους,
480 517 573 557 ωστε
590 517 671 562 τους
693 515 902 571 προσιόντας
928 515 1105 570 πόῤῥωθεν

75 578 338 631 υπολαμὸάνειν
373 578 498 631 ὄχθους
531 570 620 616 εἶναι
647 576 707 615 καὶ
730 574 855 630 λόφους
885 574 1108 627 οἰντωθουμέι5

73 648 195 682 νους.»

128 698 327 737 Pertinent
354 698 431 735 haec
456 696 504 735 ad
523 695 563 734 id
583 704 754 747 tempus,
775 709 853 746 quo
872 698 1107 733 Artaxerxes

74 757 204 795 Ochus
233 757 519 809 expeditionem
553 756 706 806 paravit
739 764 875 793 contra
907 755 1107 793 Phoenices

74 816 248 855 rebelles.
276 816 333 854 Cf.
353 816 515 854 Diodor.
533 818 648 860 XVI,
679 821 739 859 40.
753 813 882 852 Verba
901 813 1026 852 πολλοὶ
1043 811 1106 864 μὲν

74 874 552 929 ἀρτυμάτων-χρησίμων
585 887 634 912 ex
668 874 805 912 eodem
848 873 1106 925 Theopompo

74 934 206 973 laudat
225 935 431 973 Athenaeus
450 937 511 979 ΙΙ,
529 947 567 984 p.
594 934 657 981 67,
691 932 759 970 ubi
781 946 875 970 vero
901 946 973 984 pro
1003 933 1109 986 ἀρτυ-

75 994 196 1046 μάτων
222 995 366 1046 legitur
387 992 598 1048 ἀρτύματος,
623 1001 660 1030 et
683 1005 755 1043 pro
778 991 922 1030 θύλακοι
941 991 1001 1030 καὶ
1021 991 1110 1030 σάκ-

73 1069 130 1092 κοι
169 1053 230 1092 καὶ
257 1053 387 1108 χάρται
422 1052 568 1106 βιὸλίων
607 1051 811 1090 exhibetur
838 1066 848 1089 ι
884 1049 945 1090 καὶ
982 1051 1109 1090 σάκκοι

73 1113 215 1168 χάρτων
237 1113 298 1152 καὶ
316 1112 473 1167 βιὸλίων.
496 1116 543 1151 V.
569 1113 732 1164 interpr⁶

460 1243 615 1283 LIBER
645 1243 731 1283 XV.

540 1301 626 1339 126.

131 1363 336 1402 Athenaeus
350 1360 440 1410 XII,
458 1371 497 1412 p.
514 1361 603 1409 531,
617 1364 664 1409 A,
687 1363 729 1410 B,
753 1363 781 1400 C
793 1391 803 1409 ,
823 1363 881 1398 D:
896 1360 1110 1411 Θεόπομπος

75 1421 156 1461 δὲ’
140 1438 175 1460 εν
212 1418 509 1472 πεντεκαιδεκάτῃ
539 1420 769 1459 Φιλιππικῶν
799 1420 960 1471 ἱστοριῶν
984 1419 1107 1471 Στρά-

74 1480 170 1520 τωνά
189 1496 276 1534 φησι
293 1495 352 1518 τον
369 1478 539 1519 Σιδώνιον
557 1477 704 1531 βασιλέα
722 1478 955 1540 ὑπερὸάλλειν
973 1478 1110 1524 ἡδυπα-

75 1539 151 1579 θεία
178 1539 240 1578 καὶ
267 1541 380 1593 τρυφῇ
412 1538 547 1582 πάντας
567 1537 682 1592 ἀνθρό
670 1553 781 1582 πους.
803 1555 819 1573 τι
837 1532 910 1577 Οἷα
937 1535 1004 1591 γὰρ
1032 1552 1110 1580 τους

74 1598 241 1642 Φαίακας
258 1597 423 1651 ιγΟμηρος
442 1602 553 1635 ποιεῖν
569 1597 869 1649 μεμυθολόγηκεν,
884 1596 1110 1651 ἑορτάζοντας

74 1658 135 1698 καὶ
161 1657 324 1701 πίνοντας
349 1656 409 1695 καὶ
440 1656 644 1710 κιθαρῳδῶν
674 1671 734 1694 και
763 1656 935 1709 ῥαψῳδῶν
974 1657 1107 1709 ἀκροω-

75 1715 212 1769 μένους,
227 1719 374 1755 τοιαῦτα
394 1714 454 1754 καὶ
475 1718 493 1754 ὃ
510 1713 682 1769 Στράτων
703 1713 849 1753 διετέλει
868 1716 978 1753 ποιῶν
997 1713 1108 1753 πολὺν

73 1775 218 1831 χρόνον·
243 1775 304 1814 καὶ
329 1774 483 1828 τοσούτῳ
504 1775 637 1826 μᾶλλον
664 1774 805 1813 ἐκείνων
834 1773 1109 1829 παρακεκινήκει

74 1834 160 1888 πρὸς
188 1833 250 1878 τὰς
282 1833 428 1883 ἡδονὰς,
460 1833 532 1887 ὅσῳ
558 1835 589 1872 οἱ
618 1833 681 1886 μὲν
719 1833 898 1882 Φαίακες,
927 1832 973 1877 ὥς
1004 1848 1108 1885 φησιν

73 1893 250 1947 “Ομηρος,
268 1889 358 1945 μετὰ
380 1895 449 1931 τῶν
475 1893 610 1931 οἷκείων
630 1895 805 1945 γυναικῶν
830 1892 892 1931 καὶ
908 1891 1107 1946 θυγατέρων

75 1955 255 1993 ἐποιοῦντο
275 1952 354 1997 τοὺς
375 1952 524 2002 πότους,
547 1956 565 1992 ὁ
591 1951 628 1991 δὲ
653 1953 822 2007 Στράτων
842 1953 918 2004 μετ’
936 1951 1104 2005 αὐλητρί-

75 2013 144 2051 δων
174 2011 235 2051 καὶ
264 2013 443 2066 ψαλτριῶν
468 2011 529 2050 καὶ
568 2013 815 2066 κιθαριστριῶν
849 2010 1110 2049 κατεσκεύαστο

74 2071 136 2115 τὰς
169 2070 370 2115 συνουσίας·
394 2070 456 2109 καὶ
476 2069 722 2122 μετεπέμπετο
740 2069 874 2114 πολλὰς
891 2070 953 2122 μὲν
971 2070 1110 2124 ἑταίρας

75 2133 115 2171 ἐκ
135 2130 420 2180 Πελοποννήσου,
442 2131 574 2176 πολλὰς
594 2130 631 2169 δὲ
649 2130 884 2185 μουσουργοὺς
901 2130 936 2176 ἐξ
955 2130 1108 2179 Ἰωνίας,

74 2275 211 2308 totidem
230 2285 238 2307 :
256 2275 363 2307 adhuc
377 2274 476 2307 etiam
491 2274 584 2307 multi
598 2274 879 2307 condimentorum
899 2272 1013 2314 modii,
1026 2274 1107 2306 mul-

74 2323 164 2364 tique
177 2321 292 2355 culeoli
306 2323 339 2355 et
355 2321 440 2354 sacci
455 2322 653 2362 chartarum,
667 2323 701 2355 et
716 2322 885 2362 librorum,
904 2321 1106 2363 aliarumque

75 2371 222 2402 omnium
251 2378 359 2401 rerum
375 2369 520 2402 utilium.
551 2371 614 2402 Tot
642 2379 720 2402 vero
747 2369 857 2401 missae
879 2371 972 2402 erant
993 2378 1107 2401 carnes

75 2417 142 2450 sale
164 2416 304 2449 conditae
325 2416 570 2458 omnigenarum
596 2417 778 2458 pecudum,
805 2419 841 2450 ut
862 2417 970 2449 aoervi
994 2425 1106 2449 earum

75 2464 158 2497 tanti
173 2467 293 2503 essent,
306 2466 344 2496 ut
358 2464 417 2503 illi,
436 2473 493 2505 qul
509 2463 720 2504 accederent,
736 2473 754 2497 e
770 2463 946 2505 longinquo
964 2464 1106 2505 suspica-

75 2514 187 2544 rentur
208 2520 264 2543 eos
286 2520 357 2544 esse
378 2511 476 2544 colles
498 2511 707 2553 tumulusque
724 2511 844 2545 alteros
860 2514 973 2544 contra
988 2511 1106 2544 alteros

73 2561 208 2591 erectos.
233 2571 250 2587 n

454 2644 606 2683 LIBER
635 2643 720 2684 XV.

115 2748 344 2790 Theopompus
368 2757 467 2790 vero,
489 2749 616 2782 decimo
640 2749 757 2791 quinto
775 2748 859 2782 libro
888 2748 1104 2781 Historiarum

75 2795 327 2837 Philippicarum
338 2821 347 2837 ,
386 2798 572 2829 Stratonem
611 2797 678 2836 ait,
729 2796 934 2830 Sidoniorum
976 2805 1104 2837 regem,

75 2841 154 2875 luxu
170 2846 203 2876 et
211 2843 336 2877 deliciis
351 2852 465 2876 omnes
479 2844 627 2876 homines
645 2853 826 2886 superasse.
841 2846 946 2876 «Nam
958 2867 967 2883 ,
984 2844 1104 2884 quibus

75 2890 172 2923 rebus
188 2894 362 2932 occupatos
379 2892 531 2924 Phaeacas
545 2892 639 2924 linxit
654 2894 815 2924 Homerus
826 2915 835 2930 ‚
851 2891 920 2924 dies
938 2891 1039 2923 festos
1054 2900 1104 2924 ce-

76 2936 246 2978 lebrantes,
264 2941 479 2980 potantesque
490 2942 523 2972 et
538 2939 734 2972 citharoedos
747 2941 960 2980 cantoresque
973 2939 1104 2972 audien-

74 2985 143 3025 θοὴ
161 2984 281 3018 talibus
302 2986 399 3019 rebus
425 2988 534 3019 Strato
557 2996 612 3028 per
629 2987 761 3027 longum
782 2987 938 3028 temporis
963 2987 1104 3028 spatium

74 3032 258 3066 continuam
272 3042 403 3074 operam
418 3034 509 3066 dedit
525 3044 533 3066 :
554 3036 587 3067 et
601 3035 694 3066 tanto
703 3036 837 3076 maj0re,
854 3043 952 3075 quam
975 3034 1034 3073 illi,
1053 3034 1101 3065 fu-

75 3087 146 3112 rore
161 3080 199 3112 ad
214 3081 398 3121 voluptates
412 3081 575 3114 serebatur
586 3105 595 3121 ,
611 3084 665 3121 ut,
683 3091 785 3123 quum
812 3082 964 3114 Phaeaces
982 3082 1041 3122 (ut
1060 3081 1104 3112 ait

75 3126 257 3167 Homerus)
281 3136 355 3159 cum
382 3128 521 3169 propriis
545 3128 702 3161 uxoribus
727 3129 920 3169 filiabusque
941 3131 1102 3169 compota-

74 3171 180 3205 tiones
195 3174 413 3212 instituerent,
430 3176 483 3208 ille
499 3185 575 3208 cum
591 3176 735 3208 tibicinis
751 3179 784 3208 et
799 3176 941 3217 psaltriis
957 3178 989 3208 et
1002 3176 1102 3207 citha·

75 3219 192 3252 n'striis
202 3224 309 3262 ageret
318 3225 422 3255 coetus
432 3235 441 3263 3
457 3223 609 3255 arcessito
621 3232 737 3264 magno
747 3222 952 3255 meretricum
968 3231 1103 3254 numero

75 3274 116 3298 ex
132 3267 363 3309 Peloponneso,
378 3272 410 3301 et
426 3271 568 3302 musices
582 3271 759 3310 peritarum
775 3279 816 3303 ex
832 3270 935 3309 Ionia,
954 3269 1103 3300 aliarum-

75 3321 138 3354 que
153 3314 332 3355 puellarum
346 3324 384 3348 ex
399 3316 550 3349 universa
566 3317 709 3356 Graecia,
726 3317 845 3358 partim
865 3315 1078 3348 cantatricum
1092 3339 1100 3354 ,

76 3361 192 3401 partim
219 3361 417 3395 saltatricum
439 3373 448 3394 z
467 3372 606 3405 quarum
635 3365 732 3397 etiam
759 3364 854 3396 ludos
870 3365 902 3396 et
924 3361 1099 3395 certamina

2122 149 2199 183 299

1165 224 1285 279 ἑτέρας
1306 224 1343 264 δὲ
1360 224 1548 270 παιδίσκας
1570 224 1643 271 ἔξ“
1625 225 1766 274 απάσης
1783 227 1847 274 τῆς
1859 225 2050 276 Ἑλλάδος,
2064 227 2201 280 τὰςμὲν

1165 283 1311 336 ᾠδικὰς,
1332 284 1395 328 τὰς
1411 283 1448 323 δὲ
1462 284 1716 339 ὀρχηστρικάς·
1734 278 1783 324 ων
1803 284 1932 324 εἴθιστο
1953 285 2043 338 μετὰ
2057 289 2128 325 τῶν
2143 287 2203 341 φί-

1166 343 1237 380 λων
1258 345 1396 395 ἀγῶνας
1417 343 1570 392 τιθέναι,
1593 344 1653 383 καὶ
1680 344 1755 396 μεθ’
1783 338 1831 383 ῶν
1861 345 2098 390 συνουσιάζων
2126 346 2204 385 διέ-

1166 401 1278 455 τριὸε·
1298 404 1432 456 χαίρων
1451 404 1514 455 μὲν
1533 407 1584 458 τῷ
1604 404 1668 458 βίῳ
1685 407 1736 458 τῷ
1755 403 1914 459 τοιούτῳ,
1930 404 1990 444 καὶ
2010 406 2129 449 δοῦλος
2153 405 2202 444 ὢν

1167 459 1269 514 φύσει
1304 465 1375 501 τῶν
1409 464 1563 512 ἡδονῶν,
1594 462 1645 502 ἔτι
1681 463 1718 502 δὲ
1753 465 1887 515 μᾶλλον
1921 464 2007 518 πρὸς
2037 464 2097 503 τὸν
2132 467 2205 504 Νι-

1171 520 1301 560 κοκλέα
1312 522 1621 575 κφιλοτιμούμενος.
1647 522 1868 577 Ἐτύγχανον
1889 523 1956 578 γὰρ
1976 524 2205 578 ὑπερφιλοτί-

1168 594 1243 629 μως
1263 579 1400 632 ἔχοντες
1417 581 1502 634 πρὸς
1525 582 1697 628 ἀλλήλους
1722 581 1783 620 καὶ
1815 583 2019 629 σπουδάζων
2042 583 2205 638 ἑκάτερος

1167 638 1270 682 αὐτὸς
1288 640 1385 687 ἥδιον
1405 640 1464 678 καὶ
1486 641 1718 695 ῥαθυμότερον
1740 646 1914 681 ποιεῖσθαι
1936 643 1995 682 τὸν
2015 642 2152 695 βίον·οἵ
2165 660 2205 696 γε

1173 699 1348 752 προῆλθον
1368 700 1415 742 εἷς
1437 699 1611 747 τοσαύτην
1633 700 1798 752 ἅμιλλαν,
1818 703 1865 745 ὡς
1890 705 1992 754 ἡμεῖς
2014 701 2203 755 ἀκούομεν,

1167 756 1260 795 ὥστε
1289 756 1543 808 πυνθανόμενοι
1573 759 1670 812 παρὰ
1698 762 1767 798 τῶν
1798 760 2062 815 ἀφικνουμένων
2084 762 2148 806 τάς
2165 777 2205 801 τε

1166 817 1391 870 παρασκευὰς
1417 819 1487 855 τῶν
1524 818 1642 855 οἰκιῶν
1682 818 1743 856 καὶ
1783 818 1846 864 τὰς
1873 820 2100 865 πολυτελείας
2134 838 2204 860 των

1168 877 1295 913 θυσιῶν
1311 874 1373 919 τὰς
1385 875 1470 929 παρ’
1488 875 1642 930 ἑκατέρῳ
1656 875 1840 928 γινομένας
1856 879 2116 931 ἐφιλονείκουν
2103 896 2204 934 υπερ

1168 933 1360 973 ὅάλλεσθαι
1387 940 1458 978 τοῖς
1490 933 1657 979 τοιούτοις
1690 936 1874 983 ἀλλήλους.
1893 937 2133 984 Ἐσπούδαζον
2166 939 2204 978 δὲ

1171 994 1283 1032 δοκεῖν
1299 992 1533 1046 εὐδαίμονες
1519 997 1607 1032 εἶναι
1626 994 1685 1032 καὶ
1705 996 2005 1049 μακαριστοί.οὐ
2030 996 2100 1049 μὴν
2123 998 2205 1052 περί

1167 1068 1207 1105 γε
1222 1052 1287 1100 τὴν
1309 1056 1369 1091 τοῦ
1398 1052 1473 1105 βίου
1504 1052 1670 1100 τελευτὴν
1696 1053 1958 1107 διηυτύχησαν,
1982 1056 2059 1095 ἀλλ’
2084 1056 2203 1111 ἀμφό-

1168 1128 1262 1166 τεροι
1284 1111 1387 1166 βιαίῳ
1407 1113 1547 1165 Θανάτῳ
1565 1111 1811 1167 διεφθάρησαν.
1828 1131 1843 1148 »

1198 1176 1341 1222 Strato,
1351 1187 1419 1212 rex
1433 1172 1702 1222 Sidoniorum,
1725 1173 1900 1212 hocloco
1922 1188 2203 1215 commemora-

1169 1241 1242 1278 tus,
1258 1231 1357 1269 idem
1377 1245 1459 1270 esse
1481 1231 1648 1280 videtur,
1670 1246 1783 1283 quem
1802 1236 1961 1271 Tennen
1979 1244 2093 1272 vocat
2106 1236 2205 1274 Dio-

1169 1291 1287 1329 dorus
1303 1294 1415 1340 XVI,
1437 1293 1501 1339 46,
1518 1292 1577 1329 uti
1593 1292 1726 1329 statuit
1752 1292 1975 1330 Perizonius
1999 1293 2045 1331 ad
2066 1295 2203 1334 AElian.

1169 1354 1259 1399 VII,
1282 1364 1323 1399 2,
1338 1353 1401 1389 cui
1434 1351 1693 1402 adstipulatur
1711 1351 1901 1389 Wichers.
1929 1351 2106 1391 Nicocles
2141 1354 2205 1392 ille

1169 1411 1268 1449 filius
1282 1419 1340 1449 est
1365 1415 1562 1462 Evagorae,
1584 1424 1631 1448 ex
1652 1414 1821 1448 Isocrate
1837 1419 1953 1449 notus
1973 1420 2008 1449 et
2029 1413 2205 1451 Diodoro

1170 1471 1249 1518 XV,
1273 1476 1336 1517 47.
1357 1470 1415 1508 Cf.
1434 1470 1598 1520 interpr.
1617 1469 1665 1508 ad
1684 1470 1845 1521 Diogen.
1868 1473 1993 1508 Laert.
2022 1485 2036 1508 1
2050 1485 2082 1520 1,
2112 1485 2202 1522 1293

1168 1531 1239 1577 IX,
1260 1528 1325 1586 59,
1344 1532 1487 1567 Anton.
1507 1528 1595 1566 Lib.
1616 1543 1655 1580 p.
1685 1542 1757 1577 170
1779 1528 1914 1580 ibique
1932 1530 2122 1581 Verheyk.

1633 1603 1720 1643 127.

1223 1670 1465 1722 Stephanus:
1490 1669 1643 1719 Διωνία,
1659 1669 1771 1717 πόλις,
1789 1670 1831 1718 ἣν
1849 1670 2102 1724 συγκαταλέγει
2129 1678 2206 1716 ταῖς

1169 1729 1344 1783 Κυπρίαις
1360 1728 1486 1768 πόλεσι
1504 1727 1720 1779 Θεόπομπος
1746 1730 2043 1784 πεντεκαιδεκάτῃ
2064 1733 2205 1771 Φιλιπ-

1168 1804 1296 1828 πικων.

1639 1863 1725 1902 128.

1223 1935 1330 1973 Idem
1352 1933 1549 1988 εΚρήσιον,
1570 1933 1671 1978 πόλις
1702 1933 1866 1990 Κύπρου·
1895 1935 2109 1988 Θεόπομπος
2130 1938 2199 1977 Φι-

1168 1995 1348 2033 λιππικῶν
1368 1994 1685 2047 πεντεκαιδεκάτῳ.

1631 2064 1720 2103 129.

1226 2131 1434 2170 Athenaeus
1449 2133 1542 2180 XII,
1560 2144 1597 2182 p.
1612 2131 1701 2179 526,
1721 2133 1770 2169 C:
1795 2129 2007 2182 Θεόπομπος
2026 2131 2056 2169 δ’
2070 2133 2104 2170 ἓν
2124 2148 2203 2170 πεν-

1167 2274 1337 2307 instituere
1351 2274 1475 2306 solebat
1487 2283 1562 2306 cum
1579 2273 1695 2306 amicis
1707 2297 1716 2314 ‚
1733 2276 1765 2306 et
1782 2283 1856 2306 cum
1880 2274 1941 2306 illis
1960 2275 2114 2306 continuo
2129 2284 2203 2307 con-
2258 2303 2261 2307 .

1167 2330 1328 2354 suescere.
1344 2324 1426 2354 Nam
1444 2326 1476 2354 et
1488 2330 1545 2363 per
1564 2330 1600 2354 se
1615 2321 1836 2354 delectabatur
1852 2321 1907 2354 tali
1925 2322 2004 2354 vilae
2023 2331 2148 2362 genere,
2167 2324 2201 2354 et

1166 2371 1280 2401 natura
1307 2378 1421 2402 servus
1440 2371 1510 2401 erat
1542 2369 1747 2410 voluptatum
1765 2379 1774 2409 ;
1802 2368 1858 2401 sed
1877 2369 1980 2410 magis
1999 2369 2095 2401 etiam
2113 2369 2153 2401 ad
2167 2369 2199 2401 id

1167 2417 1274 2457 ipsum
1289 2417 1405 2458 agebat
1417 2416 1596 2455 aemulatio,
1626 2425 1691 2458 qua
1722 2426 1797 2448 cum
1824 2416 1953 2449 Nicocle
1970 2416 2196 2448 contendebat.

1165 2464 1247 2496 Mira
1261 2464 1349 2497 enim
1366 2463 1542 2496 ambitione
1556 2463 1589 2495 hi
1603 2463 1668 2495 duo
1683 2463 1767 2495 inter
1782 2472 1853 2495 sese
1871 2462 2099 2501 decertabant,
2115 2464 2199 2494 uter·

1164 2520 1228 2552 que
1249 2511 1384 2544 studens
1408 2511 1546 2543 delicata
1567 2510 1635 2542 vita
1660 2513 1692 2543 et
1714 2510 1846 2542 mollitie
1870 2519 2021 2551 superare
2046 2510 2196 2541 alterum.

1165 2562 1247 2597 Quae
1260 2560 1345 2592 inter
1366 2559 1439 2591 illos
1462 2558 1641 2597 aemulatio,
1668 2557 1754 2599 quod
1780 2558 1912 2598 quidem
1937 2557 2138 2597 accepimus,
2158 2565 2198 2588 eo

1165 2616 1270 2647 usque
1283 2616 1452 2648 progressa
1467 2609 1517 2638 est
1531 2630 1540 2645 ‚
1559 2608 1596 2638 ut
1623 2615 1662 2637 ex
1689 2605 1936 2637 advenientibus
1964 2609 2097 2644 uterque
2126 2612 2196 2644 per-

1165 2656 1337 2687 cunctatus
1353 2654 1504 2695 quisnam
1518 2656 1603 2685 esset
1618 2653 1704 2694 apud
1721 2653 1856 2684 alterum
1874 2652 2048 2692 apparatus
2061 2650 2197 2691 aedium,

1163 2703 1197 2734 et
1224 2710 1372 2742 quaenam
1402 2701 1635 2734 sacrificiorum
1666 2700 1900 2741 epulor-umque
1931 2697 2169 2738 magnificentia
2186 2721 2198 2737 ,

1164 2749 1253 2780 omni
1267 2748 1374 2781 studio
1390 2748 1566 2780 eniteretur
1581 2749 1618 2780 ut
1632 2747 1722 2778 illum
1739 2745 1856 2777 talibus
1873 2745 1906 2776 in
1922 2744 2018 2776 rebus
2031 2745 2197 2777 antecelle-

1164 2799 1222 2828 ret.
1241 2798 1476 2836 Summumque
1492 2794 1636 2827 studium
1651 2793 1773 2826 ambo
1766 2802 1797 2824 in
1813 2801 1851 2824 eo
1869 2793 2060 2833 posuerunt,
2078 2794 2113 2824 ut
2131 2791 2198 2824 feli-

1163 2852 1216 2875 ces
1230 2852 1301 2876 esse
1314 2843 1499 2874 viderentur
1520 2841 1669 2881 beatique
1692 2839 1955 2881 praedicaimentur
1972 2841 2038 2871 Nec
2056 2847 2134 2871 veno
2153 2840 2196 2872 ad

1163 2889 1259 2921 finem
1273 2898 1375 2930 usque
1387 2889 1463 2920 vitae
1477 2887 1613 2920 felicitas
1626 2887 1692 2918 ulla
1708 2885 1859 2918 duravit:
1873 2888 2008 2927 uterque
2023 2885 2109 2918 enim
2127 2880 2194 2918 vio·

1162 2936 1250 2969 lenta
1266 2945 1335 2968 mor
1339 2939 1369 2968 te
1383 2935 1488 2977 petiit.

1639 2988 1726 3021 127.

1204 3048 1320 3079 Dionia
1332 3072 1342 3088 ,
1359 3047 1438 3079 urbs
1453 3055 1551 3087 quam
1578 3046 1807 3086 Theopompus
1831 3044 1915 3076 libro
1929 3045 2045 3086 quinto
2067 3045 2194 3078 decimo

1163 3095 1417 3137 Philippicorum
1430 3094 1513 3126 iuter
1529 3093 1665 3135 Cyprias
1684 3093 1780 3125 urbes
1796 3094 1948 3125 recenset.

1204 3207 1353 3240 cresium
1367 3229 1376 3245 ‚
1393 3205 1471 3237 urbs
1491 3205 1611 3246 Cypri,
1629 3153 1757 3245 ὲέῗιιιιι
1773 3205 2003 3246 Theopompus
2025 3203 2109 3236 libro
2135 3203 2186 3236 de-

1161 3254 1246 3286 cimo
1259 3253 1374 3294 quinto
1386 3252 1654 3293 Philippicorum.

1202 3359 1433 3400 Theopompus
1446 3366 1541 3399 vero,
1563 3306 1778 3391 flistffiigrum
1803 3356 1886 3391 libro
1901 3356 2029 3390 docimo
2053 3355 2188 3398 quinto,
