2320 3684
213 177 287 211 190

206 256 285 300 χίας
298 259 342 309 τῇ
371 256 497 309 στήλῃ,
525 257 782 308 καταγνωσθεὶς
809 259 1033 310 αἰχμάλωτος
1052 261 1232 311 ἐθελοντὴς

207 319 297 354 εἰναι
315 315 374 354 καὶ
394 317 457 354 οὐκ
476 314 564 367 ἀνὴρ
583 315 728 369 πολέμῳ
748 315 905 370 πρέπων.

258 375 449 413 Plutarch.
470 378 515 411 V
534 375 615 411 Nic.
638 389 670 412 c.
693 376 760 413 28:
779 376 1008 427 Δημοσθένην
1029 377 1066 416 δὲ
1079 378 1139 417 καὶ
1158 381 1229 419 Νι-

203 433 281 471 κίαν
303 434 487 471 ἀποθανεῖν
511 431 662 483 Ιίμαιος
683 433 722 471 οὔ
743 448 847 487 φησιν
868 437 935 474 υπο
951 438 1020 475 τῶν
1047 439 1230 491 Συρακου-

203 490 287 529 σίων
310 489 607 534 καταλευσθέντας
630 492 727 542 (scr.
749 492 1070 546 κελευσθέντας),
1051 511 1096 539 ως
1118 496 1229 536 Φίλι-

202 563 282 592 στος
314 547 442 601 ἔγραψε
482 547 542 586 καὶ
583 548 818 597 Θουκυδίδης,
848 551 925 590 ἀλλ’
965 552 1226 608 Ἑρμοκράτους

199 606 465 659 πεμψαντος,”
445 622 496 645 ετι
515 610 577 654 τῆς
603 608 792 655 ἐκκλησίας
824 611 1065 662 συνεστώσης,
1096 613 1155 651 καὶ
1182 614 1225 652 δι’

199 665 272 708 ἑνὸς
288 667 356 703 τῶν
372 665 535 718 φυλάκων
550 666 719 720 παρέντος
735 668 802 720 (sic
833 683 904 708 scr.
922 684 994 722 pro
1011 670 1224 725 παρέντων),

198 722 321 767 αὐτους
342 723 385 760 δι’
402 725 533 763 ἑαυτῶν
560 727 756 764 ἀποθανεῖν.
777 731 823 766 V.
844 729 1013 780 Thucyd.
1034 734 1122 779 VII,
1159 727 1221 770 86.

197 782 356 820 Diodor.
377 785 486 831 XIII,
505 798 551 834 19
568 798 649 835 sqq.
644 814 666 833 .‚
685 785 867 824 Timaeum
886 796 1038 826 secutus
1054 803 1136 827 esse
1158 790 1221 827 vi-

196 839 319 878 detur.

674 903 738 944 47.

247 966 323 1004 Cic.
341 967 429 1005 Div,
458 970 488 1015 1,
513 980 581 1005 20:
607 970 776 1017 Dionysii
788 979 920 1016 mater,
942 976 1020 1019 eJ'us
1034 975 1096 1020 qui
1106 973 1220 1019 Syra-

190 1029 367 1062 cusiorum
393 1035 576 1075 tyrannus
589 1025 688 1076 fuit,
719 1037 761 1065 ut
783 1033 954 1079 scriptum
975 1032 1078 1079 apud
1098 1032 1219 1068 Phili-

189 1093 284 1120 stum
311 1094 387 1130 est,
421 1094 460 1122 et
485 1087 627 1123 doctum
650 1087 853 1134 hominem,
885 1098 923 1125 et
936 1090 1158 1139 diligentem,
1183 1099 1222 1126 et

188 1146 368 1191 aequalem
386 1153 586 1193 temporum
600 1148 755 1192 illorum,
771 1161 881 1196 quum
900 1161 1104 1197 praegnans
1124 1149 1220 1185 hunc

187 1204 405 1250 Dionysium
423 1206 502 1240 alvo
517 1208 729 1250 contineret,
754 1210 959 1251 somniavit,
980 1219 1018 1242 se
1029 1211 1217 1255 peperisse

187 1261 421 1307 Satyriscum.
437 1265 532 1299 Hinc
548 1267 762 1313 interpretes
774 1273 1043 1313 portentorum,
1066 1269 1129 1313 qui
1149 1267 1219 1302 Ga-

188 1321 296 1356 leotoe
318 1329 394 1357 tum
419 1324 455 1357 in
479 1321 601 1358 Sicilia
623 1322 921 1368 nominabantur,
954 1324 1220 1372 responderunt

190 1377 246 1427 (ut
261 1382 317 1415 ait
333 1378 535 1429 Philistus),
559 1393 656 1425 eum,
679 1394 786 1429 quem
815 1383 878 1417 illa
899 1385 1112 1430 peperisset,
1135 1385 1215 1419 cla—

183 1440 362 1474 tissimum
381 1439 537 1474 Groecioe
552 1439 726 1475 diuturna
753 1453 834 1476 cum
854 1437 1013 1489 fortuna
1037 1437 1135 1489 fore.
1156 1441 1214 1479 Cf.

184 1496 312 1533 Valer.
327 1499 426 1533 Max.
443 1499 530 1543 VII,
549 1511 584 1544 7.

847 1539 873 1550 s

235 1619 330 1656 Ptin.
347 1622 394 1658 H.
409 1624 455 1659 N.
473 1623 581 1669 VIII,
596 1621 644 1665 64
658 1635 666 1657 :
683 1622 909 1670 Plaeflarclzus
923 1620 1056 1671 refert,
1077 1622 1215 1660 Centa—

180 1687 298 1714 retum
321 1692 342 1715 e
364 1680 519 1725 Galatis,
555 1683 594 1716 in
610 1682 745 1729 proelio
764 1685 872 1717 occiso
891 1681 1082 1726 Antiocho,
1103 1685 1212 1731 poti—-

181 1746 258 1773 tum
280 1750 370 1786 equo
389 1743 468 1786 ejus
482 1739 730 1775 conscendisse
751 1748 930 1775 ovantem.
947 1741 1003 1775 At
1029 1741 1129 1776 illum
1149 1744 1210 1777 in-

182 1797 395 1846 dignatione
404 1810 608 1842 accensum,
625 1799 769 1834 domitis
776 1795 912 1845 frenis,
932 1811 979 1834 ne
988 1802 1066 1848 regi
1070 1808 1208 1847 posset,

178 1859 406 1904 proecipitem
427 1860 464 1891 in
484 1855 642 1904 abrupta
668 1860 750 1900 isse,
777 1861 1104 1905 exanimatumque
1123 1871 1209 1896 una.

179 1914 354 1951 Philistus
380 1928 404 1950 a
422 1917 596 1963 Dionysio
615 1917 776 1952 relictum
798 1920 835 1952 in
862 1929 964 1953 coeno
985 1917 1206 1963 luet-entem,

179 1981 221 2008 ut
235 1986 312 2009 sese
339 1976 526 2019 evellisset,
558 1983 717 2010 secutum
755 1979 910 2025 vestigia
930 1976 1089 2020 domini,
1111 1989 1209 2011 exa-

179 2035 280 2067 mine
295 2045 406 2080 apum
415 2031 524 2079 J'uboe
543 2033 769 2078 inhaerente,·
786 2047 898 2082 eoque
919 2042 1059 2071 ostento
1077 2043 1210 2082 tyran—

176 2091 297 2126 nidem
315 2103 339 2126 a
351 2093 531 2139 Dionysio
548 2101 772 2140 occupatam.

230 2149 307 2185 Cic.
339 2150 467 2187 Divin.
494 2153 532 2195 Ι,
559 2152 631 2188 33:
646 2153 762 2187 Facta
797 2155 1003 2198 conjectura
1037 2155 1148 2189 etiam
1172 2156 1208 2188 in

177 2211 355 2257 Dionysio
383 2220 439 2247 est
451 2214 583 2260 paullo
614 2220 713 2256 ante,
752 2225 864 2260 quam
894 2225 954 2261 re„
939 2225 1053 2248 nare
1072 2216 1207 2261 coepit:

175 2281 237 2316 qui
245 2283 355 2317 quum
370 2283 444 2318 per
457 2283 588 2319 agrum
598 2272 811 2306 Leontinum
824 2270 1061 2318 iterfaciens,
1075 2285 1207 2320 equum

175 2331 252 2375 ipse
269 2329 471 2365 demisisset
490 2329 693 2375 influmen,
714 2343 793 2366 sum
800 2342 942 2365 mersus
958 2343 1072 2378 equus
1099 2344 1209 2367 vora-

175 2385 320 2436 ginibus
330 2401 401 2423 non
413 2391 550 2424 exstitit
563 2401 574 2423 .·
588 2401 695 2437 quem
710 2402 820 2436 quum
833 2391 1002 2424 maxima
1017 2393 1208 2426 contentio-

176 2458 221 2482 ne
236 2458 308 2481 non
323 2450 506 2494 potuisset
519 2447 729 2491 extrahere,
752 2448 924 2491 discessit,
949 2456 990 2483 ut
1005 2451 1062 2483 ait
1080 2448 1205 2484 Plzili-

173 2512 261 2547 stus,
285 2517 387 2554 oegre
403 2502 546 2552 ferens.
569 2506 690 2551 Quum
707 2507 978 2553 aliquantulum
987 2519 1207 2554 progressus

172 2655 207 2679 se
220 2656 322 2688 quum
334 2647 484 2680 hostibus
498 2648 583 2680 ultro
597 2647 751 2688 dedisset,
767 2648 854 2689 quod
867 2649 1059 2689 imperatore
1073 2657 1111 2680 ac
1123 2649 1199 2681 forti

173 2694 242 2726 viro
254 2694 389 2735 dignum
405 2697 501 2735 esset,
520 2704 587 2727 non
601 2695 730 2728 fecerat.

213 2742 462 2773 Demosthenem
480 2744 512 2774 et
527 2741 652 2774 Niciam
674 2742 808 2783 periisse
821 2742 962 2775 Timaeus
978 2743 1094 2775 refellit
1119 2742 1196 2784 lapi-

171 2788 267 2820 dibus
283 2797 302 2820 a
316 2788 527 2829 Syracusanis
552 2792 732 2830 coopertos,
760 2791 798 2821 ut
814 2788 966 2821 Philistus
985 2791 1016 2822 et
1036 2790 1197 2830 Thucydi-

170 2834 227 2866 des
241 2835 399 2876 scriptum
415 2835 628 2876 reliquerunt,
646 2835 702 2868 sed
718 2835 871 2867 certiores
888 2835 990 2868 factos
1003 2835 1044 2867 ab
1063 2837 1196 2867 Hermo-

170 2884 258 2914 crate
279 2882 359 2923 quid
384 2885 530 2923 ageretur
551 2906 560 2922 ‚
584 2891 686 2923 quum
715 2883 861 2914 nondum
883 2882 1019 2914 dimissa
1043 2882 1197 2914 concione

170 2929 313 2961 misisset
324 2929 363 2961 ad
377 2938 432 2961 eos
445 2929 596 2970 aliquem,
609 2929 666 2970 qui
681 2929 722 2961 ab
739 2937 804 2961 uno
817 2929 878 2961 fuit
887 2938 927 2962 ex
939 2927 1131 2962 custodibus
1142 2928 1197 2960 ad-

170 2976 302 3017 missus,
320 2976 449 3009 sibimet
465 2977 552 3018 ipsos
571 2978 709 3010 mortem
725 2977 932 3010 conscivisse.

653 3038 715 3071 49.

209 3093 311 3132 Prope
333 3094 464 3126 Gelonis
478 3103 609 3126 currum
625 3097 690 3127 stat
705 3095 833 3136 Jupiter
852 3094 977 3136 antiqui
994 3095 1112 3136 operis,
1129 3103 1194 3128 sce-

168 3141 276 3180 ptrum
294 3142 414 3173 tenens.
439 3142 649 3182 Hyblaeorum
665 3143 726 3174 hoc
741 3151 812 3174 esse
828 3142 951 3175 donum
969 3142 1070 3174 aiunt.
1090 3143 1194 3175 Fuere

168 3186 282 3226 Hyblae
307 3188 422 3220 Siciliae
440 3189 587 3222 civitates
609 3190 700 3230 duae3
725 3190 916 3231 cognomine
931 3190 1077 3223 Gereatis
1099 3199 1164 3224 una
1180 3215 1190 3232 ,

169 3232 279 3271 altera,
290 3237 326 3264 ut
339 3237 417 3274 erat,
433 3235 478 3267 ita
491 3236 588 3268 etiam
601 3237 776 3269 vocabatur
791 3238 904 3278 Maior.
918 3238 1067 3270 Retinent
1082 3238 1192 3271 etiam-

169 3287 248 3310 num
267 3279 371 3319 prisca
389 3282 536 3322 nomiua;
559 3286 591 3315 et
610 3292 720 3315 earum
739 3284 840 3316 altera
860 3285 893 3316 in
919 3293 995 3326 agro
1018 3286 1192 3318 catanensi

169 3324 262 3366 plane
274 3324 399 3357 deserta
415 3330 482 3367 est;
496 3307 595 3361 al'tera
608 3331 635 3361 G
637 3329 753 3361 ereatis
768 3330 800 3361 in
815 3330 929 3363 iisdem
940 3331 1059 3364 finibus
1074 3331 1115 3364 ad
1126 3331 1191 3364 vici

170 3373 305 3405 formam
326 3374 463 3406 redacta.
480 3377 518 3408 In
531 3376 591 3407 hac
611 3376 720 3407 fanum
738 3379 788 3408 est
803 3377 984 3411 Siculorum
1007 3378 1190 3411 celebritate

978 157 1203 218 Pmusrl
1229 177 1561 224 FRAGMENTA.

1286 279 1394 316 esset,
1425 272 1541 310 subito
1579 275 1765 311 exaudivit
1795 275 1989 321 hinnitum,
2015 283 2244 329 respexitque
2271 291 2308 319 ee

1286 341 1418 376 equum
1443 335 1606 369 alacrem
1628 336 1734 369 loetus
1749 338 1907 383 aspexit,
1933 340 2036 382 cujus
2054 340 2090 372 in
2101 336 2198 384 J‘uba
2215 352 2303 376 exa-

1286 399 1370 424 men
1413 402 1527 438 apum
1565 393 1788 429 consederat.
1833 394 1942 439 Quod
1968 402 2142 432 ostentum
2177 395 2308 436 habuit

1285 445 1383 483 hanc
1400 452 1492 493 vim,
1510 458 1550 486 ut
1559 451 1756 498 Dionysius
1767 455 1901 500 paucis
1905 461 1995 501 post
2003 452 2129 490 diebus
2146 468 2308 505 mgnum

1285 510 1443 554 coeperit.
1453 507 1507 545 Cf.
1521 508 1658 546 AElian.
1673 511 1716 546 V.
1731 511 1778 546 H.
1795 513 1886 558 XII,
1909 511 1971 559 46,
1984 510 2115 562 ibique
2130 514 2306 554 perizon.

1336 624 1492 660 Pausan.
1530 628 1578 672 V,
1610 625 1679 669 23,
1717 625 1738 662 5
1761 655 1771 673 ‚
1822 639 1859 676 p.
1905 627 2020 671 438:
2056 626 2151 679 Πρὸς
2186 627 2223 667 δὲ
2252 631 2303 685 τῷ

1283 678 1413 732 ἅρματι
1428 682 1478 733 τῷ
1499 681 1653 727 Γέλωνος
1672 681 1758 726 Ζευς
1773 681 1917 730 ἔστηκεν
1936 685 2099 736 ἀρχαῖος,
2116 684 2206 738 ἔχων
2217 689 2304 735 σκῆ-

1282 753 1407 791 πτρον·
1430 718 1608 778 εΥὸλαίων
1625 740 1662 779 δέ
1679 756 1781 814 φεασιν
1801 745 1889 779 εἶναι
1903 742 2077 793 ἀνάθημα.
2102 745 2144 782 Αἱ
2165 742 2200 782 δὲ
2213 738 2302 792 ἦσαν

1282 796 1316 832 ἐν
1349 796 1495 850 Σικελία
1529 797 1646 843 πόλεις
1674 801 1708 836 αἱ
1725 798 1878 847 ε’Υὸλαι,
1913 802 2075 853 Ιερεᾶτις
2099 802 2300 854 ἐπίκλησιν,

1280 852 1342 900 τὴν
1358 852 1442 892 δὲ“’
1397 871 1535 909 ,ωσπερ
1545 872 1584 908 γε
1593 851 1719 907 καὶην,
1726 858 1871 896 ἐκάλουν
1882 858 2031 909 μείζονα.
2035 858 2234 912 Ἔχουσιδὲ
2243 862 2302 902 καὶ

1280 912 1358 950 κατ’
1377 912 1477 964 iias*
1458 929 1510 952 ετι
1531 913 1613 952 τὰ’
1597 914 1762 967 ονόματα.
1784 916 1846 956 Ἔν
1866 919 1909 968 τῇ
1930 918 2114 972 Καταναίᾳ
2137 918 2173 958 δὲ
2191 922 2215 967 ἡ
2237 920 2300 972 μὲν

1279 968 1406 1023 ἔρημος
1424 973 1458 1017 ἐς
1478 971 1584 1022 ἅπαν,
1602 976 1623 1020 ἡ
1643 972 1679 1012 δὲ
1693 973 1795 1026 κώμη
1813 990 1851 1013 τε
1865 975 2108 1024 Καταναίων-ἧ
2124 979 2300 1032 Γερεᾶτις,

1278 1029 1338 1067 καὶ
1361 1030 1449 1084 ἱερόν
1469 1047 1584 1085 σφισιν
1607 1032 1781 1076 Ὑὸλαίας
1801 1033 1873 1071 ἐστι
1896 1037 1992 1083 θεοῦ,
2012 1035 2110 1089 παρὰ
2126 1037 2302 1082 Σικελιω-

1278 1090 1346 1126 τῶν
1364 1087 1444 1141 ἔχον
1458 1089 1574 1141 τιμάς.
1595 1089 1702 1144 Παρὰ
1720 1090 1851 1129 τούτων
1868 1090 1903 1129 δὲ
1919 1096 2127 1144 κομισθηναι
2142 1094 2182 1134 τὸ
2196 1095 2303 1149 ἄγαλ-

1279 1160 1329 1196 μα
1356 1148 1390 1192 ἐς
1410 1147 1608 1199 Ὀλύμπιον
1636 1153 1803 1201 ἡγοῦμαι.
1827 1149 1995 1206 Τερᾶτων
2027 1150 2094 1206 γὰρ
2120 1159 2210 1206 σφᾶς
2240 1151 2302 1192 καὶ

1277 1205 1445 1245 ἐνυπνίων
1481 1206 1651 1253 Φίλιστος
1680 1210 1698 1246 ὃ
1725 1207 1971 1260 Ἀρχομενίδου
2000 1209 2104 1262 φησὶν
2133 1209 2301 1264 ἐξηγητὰς

1277 1265 1383 1311 εἰναι,
1414 1263 1475 1303 καὶ
1510 1265 1665 1316 μάλιστα
1688 1265 1847 1304 εὗσεὸεία
1864 1268 1933 1304 τῶν
1953 1283 1986 1306 εν
2001 1267 2148 1322 Σικελία
2163 1268 2301 1323 βαρὸἄ-

1278 1336 1344 1373 ρων
1361 1327 1602 1375 προσκεῖσθαι.

1332 1384 1455 1419 Verba
1469 1384 1504 1420 αἱ
1521 1377 1598 1420 δὲὟ
1575 1398 1664 1429 ησαν
1687 1384 1720 1421 ἐν
1739 1383 1885 1438 Σικελίᾳ
1900 1385 1935 1422 αἱ
1950 1381 2106 1434 ’Υὸλαι,
2127 1387 2174 1426 Γε
2198 1417 2207 1426 .
2228 1395 2298 1427 ew.

1274 1438 1432 1478 siebelis
1451 1441 1504 1479 ita
1526 1442 1723 1488 emendat,
1741 1451 1784 1479 ut
1811 1442 1975 1481 scribat:
1997 1442 2057 1482 καὶ
2077 1442 2138 1482 δύο
2155 1402 2245 1492 {grew
2263 1446 2298 1485 ἓν

1274 1498 1421 1552 Σικελίᾳ
1433 1498 1550 1544 πόλεις
1566 1502 1601 1538 αἱ
1619 1499 1754 1539 “’Υ6λαι
1766 1531 1776 1548 ,
1796 1502 1825 1540 Γ
1828 1501 1959 1546 ελεᾶτις
1978 1503 2033 1540 ἐπ.
2051 1532 2062 1551 ,
2089 1501 2153 1551 τὴν
2173 1501 2209 1543 δὲ
2229 1513 2298 1544 etc.

1326 1616 1467 1656 Euseb.
1494 1620 1583 1655 Can.
1603 1617 1744 1656 Chron.
1766 1632 1824 1656 nr.
1847 1619 1920 1664 804
1935 1650 1944 1668 ‚
1962 1633 2000 1671 p.
2027 1621 2120 1666 126,
2137 1621 2197 1659 ed.
2220 1634 2294 1660 sec.

1272 1675 1409 1726 Scalig.
1429 1680 1549 1714 Amst.
1570 1677 1688 1714 1658:
1707 1675 1832 1730 Τούτῳ
1846 1680 1895 1732 τῷ
1906 1676 1974 1716 ἔτει
1992 1678 2116 1731 (annis
2132 1688 2218 1718 ante
2239 1693 2298 1718 ca-

1271 1741 1379 1784 ptum
1402 1735 1514 1772 Ilium
1535 1736 1631 1786 xxx.)
1655 1734 1870 1789 Καρχηδόνα
1891 1735 1977 1789 φησὶ
2013 1736 2180 1781 Φίλιστος
2214 1753 2295 1776 κτι-

1272 1794 1397 1839 σθῆναι
1418 1792 1485 1831 ὑπὸ
1506 1792 1660 1847 Ἐζώρου
1681 1792 1740 1832 καὶ
1755 1794 1983 1847 Καρχηδόνος
2002 1797 2071 1833 τῶν
2089 1795 2240 1850 Τυρίων.

1323 1855 1368 1889 V.
1382 1853 1530 1891 Cluver.
1550 1856 1585 1892 S.
1598 1858 1640 1890 A.
1655 1867 1687 1890 c.
1711 1853 1754 1890 51
1774 1866 1843 1904 sq„
1858 1855 1967 1893 Beck.
1980 1855 2076 1893 Hist.
2090 1856 2195 1894 univ.
2203 1858 2248 1894 T.
2263 1858 2294 1904 1,

1269 1923 1307 1960 p.
1325 1925 1413 1958 777,
1443 1912 1503 1949 ed.
1531 1925 1620 1960 sec„
1646 1912 1823 1962 Scaliger.
1845 1913 1891 1950 ad
1913 1913 2051 1951 Euseb.
2083 1914 2107 1951 l.
2138 1913 2162 1951 l.
2188 1927 2226 1965 p.
2245 1913 2294 1952 50

1268 1982 1324 2019 sq.
1357 1970 1561 2008 Eusebium
1586 1971 1786 2021 exscripsit
1801 1972 1963 2021 Syncell.
1985 1972 2129 2010 Chron.
2150 1985 2188 2023 p.
2209 1973 2293 2023 137,

1267 2030 1305 2067 in
1324 2033 1437 2082 Corp.
1457 2031 1654 2081 Byzantin.
1676 2034 1719 2068 T.
1740 2033 1811 2069 VII
1832 2031 1994 2077 ιΑἷνείας
2015 2030 2103 2083 μετὰ
2121 2030 2185 2079 τὴν
2201 2031 2294 2071 ἅλω-

1269 2104 1322 2127 σιν
1349 2089 1481 2143 Τροίας
1501 2089 1661 2129 Λατίνων
1681 2088 1906 2129 ἐδασίλευσεν
1929 2089 1992 2138 ἔτη
2011 2089 2080 2143 κγ’.
2101 2091 2155 2142 (in
2174 2103 2290 2143 marg.

1267 2147 1342 2200 γ’.),
1358 2152 1419 2186 τοῦ
1434 2148 1469 2189 δὲ
1491 2146 1736 2200 κόσμου,δτμ’.

1663 2206 1865 2260 Σποράδην.

1320 2265 1533 2319 Καρχηδόνα
1552 2281 1635 2318 φησι
1658 2264 1828 2310 Φίλιστος
1846 2269 2031 2314 κτισθηναι
2055 2266 2123 2306 ὑπὸ
2136 2265 2287 2320 Ἐζώρου

1266 2325 1326 2364 καὶ
1345 2324 1570 2378 Καρχηδόνος
1585 2326 1654 2363 τῶν
1674 2323 1813 2378 Τυρίων
1827 2323 1919 2364 κατὰ
1936 2329 2054 2364 τοῦτον
2078 2324 2137 2364 τὸν
2152 2323 2285 2380 χρόνον.

1319 2445 1491 2483 Clemens
1512 2443 1619 2481 Alex.
1640 2445 1781 2482 Strom.
1813 2457 1850 2494 p.
1885 2443 1977 2491 618,
1993 2446 2042 2490 D,
2059 2443 2108 2494 (p.
2137 2443 2210 2491 738
2229 2453 2283 2493 sq.

1266 2504 1405 2554 Oxon.)
1425 2501 1595 2555 εὈλίγοις
1627 2500 1664 2540 δὲ
1687 2504 1756 2539 τῶν
1776 2500 2076 2553 καθωμιλημένων
2102 2500 2161 2540 καὶ
2191 2498 2284 2552 me&

1257 2647 1460 2688 religiosum,
1477 2647 1564 2685 deae,
1586 2655 1683 2687 quam
1699 2646 1868 2687 Hyblaeam
1888 2647 2023 2685 vocant,
2048 2645 2209 2679 dicatum.
2228 2642 2278 2689 Ab

1256 2695 1318 2727 hoc
1329 2703 1387 2735 ego
1400 2694 1520 2735 populo
1533 2693 1662 2734 signum
1678 2693 1815 2726 arbitror
1827 2694 1861 2725 in
1872 2693 2056 2735 Olympiam
2065 2691 2279 2737 deportatum,

1254 2743 1335 2774 Nam
1358 2743 1561 2773 ostentorum
1585 2743 1618 2772 et
1638 2741 1839 2773 somniorum
1858 2740 2046 2781 interpretes
2064 2747 2120 2772 eos
2143 2746 2232 2775 csse.
2245 2739 2279 2773 ss

1254 2790 1390 2827 ceteros,
1407 2787 1508 2829 quiin
1524 2787 1631 2819 Sicilia
1647 2791 1740 2828 sunt,
1756 2789 1910 2821 barbaros
1927 2788 2062 2820 deorum
2087 2785 2279 2822 caerimoniis
2318 2823 2320 2825 ,

1253 2836 1397 2869 colendis
1421 2835 1543 2867 anteire
1554 2859 1563 2875 ,
1584 2834 1736 2867 Philistus
1753 2834 2000 2867 Archomenidis
2015 2833 2101 2866 filius
2117 2831 2279 2870 memor'a
2317 2851 2320 2866 ;

1253 2883 1406 2925 prodidit.
2315 2885 2317 2892 ⁴

1731 2930 1794 2963 50.

1293 2985 1362 3016 Hoc
1391 2991 1476 3014 anno
1493 2983 1540 3023 (21
1580 2982 1655 3013 ante
1666 2982 1797 3022 captum
1813 2980 1922 3020 nium)
1940 2979 2168 3020 carthaginem
2185 2974 2277 3018 Phi}
2317 2987 2320 2989 ·

1252 3032 1322 3062 stus
1345 3029 1390 3062 ait
1404 3028 1566 3060 conditam
1585 3035 1656 3059 esse
1672 3026 1712 3058 ab
1734 3029 1837 3059 Ezoro
1855 3028 1888 3058 et
1903 3025 2111 3058 carchedone
2126 3022 2252 3067 Tyrus.

1292 3079 1409 3110 AEneas
1422 3074 1531 3108 excisa
1547 3074 1643 3115 'froja
1661 3073 1785 3107 Latinis
1800 3071 2076 3114 imperavitannis
2092 3073 2143 3113 23,
2163 3068 2274 3114 munffl

1250 3133 1327 3156 vero
1341 3124 1435 3154 4340.

1621 3166 1839 3200 Miscellanea

1290 3217 1339 3250 Ab
1352 3219 1454 3249 Ezoro
1469 3217 1501 3249 et
1519 3215 1728 3248 carchedone
1744 3213 1850 3255 Tyriis
1865 3213 2095 3254 Carthaginem
2113 3212 2174 3245 hoc
2194 3212 2270 3246 ffl-
2317 3238 2320 3249 ,

1249 3274 1327 3307 pore
1341 3264 1507 3297 conditam
1524 3262 1639 3295 scribit
1652 3261 1819 3294 Philistus.
2315 3264 2320 3286 ;

1734 3321 1795 3353 51.

1289 3378 1396 3414 Quum
1415 3377 1521 3407 autem
1532 3382 1610 3406 usus
1621 3373 1711 3405 fuero
1729 3372 1838 3414 paucis
1853 3371 2047 3404 testimoniis
2060 3369 2202 3402 virorum
2211 3366 2265 3410 qul

2283 3376 2320 3684 i
