2320 3684
130 216 205 250 244

128 297 273 335 Σκυθῶν
292 295 499 342 κατοίκησις
524 296 586 332 τοῦ
606 291 681 344 (μὲν
713 291 819 330 addit
841 291 941 342 cod.)
964 290 1064 338 ἡλίου
1091 293 1155 338 τῆς

127 360 316 408 περιφορᾶς
334 353 393 392 τὸν
414 351 638 391 διαλείποντα
661 349 804 403 κατέχει
821 348 946 389 τόπον·
963 349 1154 388 ἀντίκειται

129 411 164 450 δὲ
181 412 267 465 πρὸς
284 411 324 450 τὸ
344 413 412 449 τῶν
432 409 609 449 Αἰθιόπων
637 407 752 458 ἔθνος,
777 407 796 445 ὃ
814 408 907 446 δοκεῖ
935 407 1153 460 παρατείνειν

129 470 200 508 ἀπὸ
220 471 397 508 ἀνατολῶν
421 467 492 519 (καὶ
514 468 600 505 cod.
619 467 814 518 Expungit
835 466 970 517 marg.)
992 482 1154 519 χειμερι-

129 531 196 566 νῶν
216 527 322 582 μέχρι
341 528 482 577 δυσμῶν
499 528 568 564 τῶν
587 524 830 579 βραχυτάτων.
850 525 988 576 (Addit
1001 529 1155 564 Cosmas

129 601 167 638 p.
194 588 290 636 149:
312 585 480 638 Ἀκριὸῶς
499 587 517 623 ὃ
540 584 695 638 Ἔφορος
713 584 774 622 καὶ
790 583 884 637 λόγῳ
904 584 964 622 καὶ
979 587 1023 637 τῇ
1042 600 1156 623 κατα-

127 649 244 699 γραφῇ
265 647 310 687 ὡς
331 647 353 691 ἠ
372 643 450 682 θεία
475 642 591 696 γραφὴ
613 643 784 694 διηγεῖται
809 641 873 690 τὴν
893 643 985 682 θέσιν
1008 646 1070 691 τῆς
1093 647 1157 696 γῆς

128 704 187 742 καὶ
201 705 269 741 τῶν
290 701 427 754 ἄστρων
445 700 508 749 τὴν
527 699 733 755 περιφορὰν,
750 702 837 753 etc.)

182 761 361 812 Sequitur
374 760 612 811 sciagraphia
631 775 639 798 :

582 836 703 880 Νότος.

133 961 258 1002 Χειμερ.
287 959 358 991 ἀνα-

992 958 1155 1003 Χειμερίνη

217 1001 292 1039 τολή

1034 1003 1119 1039 δύσις

435 985 441 1066 l

451 999 477 1071 ὦ
582 1014 783 1046 melones

450 1082 479 1153 g
582 1095 634 1137 (γῆ
657 1095 753 1136 cod.)

459 1164 475 1194 1

156 1116 344 1154 Ἀπηλιώτης
994 1114 1123 1156 Ζέφυρος

138 1199 248 1240 &epm->1
277 1199 360 1230 Ἀνα-
516 1205 671 1237 ΣΚΥΘΑΙ
697 1204 831 1237 ssavum.
1015 1196 1125 1246 Θερῑνῆ

222 1239 295 1277 τολή
1036 1238 1120 1272 δυσις

690 1275 836 1308 rubrum.

589 1357 733 1408 Βορρᾶς.

136 1426 275 1467 Strabo
294 1430 326 1473 I,
349 1440 388 1479 p.
414 1427 475 1476 59,
493 1427 540 1464 ad
559 1430 673 1465 Hom.
689 1426 764 1464 Od.
782 1430 829 1473 A,
847 1428 910 1464 23.

219 1491 381 1528 Αἰθίοπας,
396 1492 442 1523 τοὶ
459 1491 549 1533 διχθὰ
563 1490 733 1530 δεδαίαται,
751 1490 880 1532 ἔσχατοι
894 1487 1026 1532 ἀνδρῶν,

220 1541 249 1571 οἱ
265 1540 319 1580 μὲν
334 1539 504 1580 δυσομένου
518 1538 703 1581 Ὑπερίονος,
719 1541 747 1570 οἱ
762 1538 788 1569 δ’
802 1537 950 1574 ἀνιόντος.

138 1591 275 1639 Μηνύει
295 1590 332 1629 δὲ
349 1591 409 1629 καὶ
427 1588 579 1645 Ἔφορος
600 1590 663 1638 τὴν
684 1590 837 1629 παλαιὰν
857 1590 935 1643 περὶ
957 1592 1018 1636 τῆς
1042 1590 1166 1628 Αἷθιο-·

138 1650 220 1693 πίας
248 1648 347 1694 δόξαν
381 1650 475 1700 (scil.
505 1649 550 1688 τὰ
577 1647 800 1703 μεσημὸρινὰ
830 1648 946 1687 πάντα
980 1646 1164 1687 Αἰθιοπίαν

137 1710 337 1757 καλεῖσθαι,
354 1707 398 1747 τὰ
415 1707 500 1762 πρὸς
517 1708 691 1760 ὠκεανῷ),
706 1706 752 1752 ὥς
770 1722 873 1761 φησιν
892 1708 926 1745 ἕν
946 1709 996 1759 τῷ
1013 1705 1091 1758 περὶ
1105 1708 1167 1752 τ’ἤς

139 1766 314 1820 Εὐρώπης
333 1765 446 1819 λόγῳ,
469 1769 538 1805 τῶν
562 1765 641 1820 περὶ
666 1765 725 1804 τὸν
750 1765 893 1818 οὐρανὸν
919 1765 979 1803 καὶ
1005 1763 1069 1811 τὴν
1100 1766 1165 1815 γῆν

137 1826 254 1864 τόπων
291 1827 339 1870 εἷς
370 1825 526 1879 τέσσαρα
558 1825 647 1879 μέρη
673 1824 906 1878 διῃρημένων,
929 1823 969 1862 τὸ
996 1823 1082 1877 πρὸς
1107 1823 1166 1862 τὸν

139 1882 358 1931 Ἀπηλιώτην
378 1883 506 1928 Ἰνδοὺς
531 1886 622 1936 ἔχειν
643 1899 651 1908 ·
671 1883 756 1938 πρὸς
777 1881 888 1922 Νότον
915 1882 951 1920 δὲ
979 1882 1165 1924 Αἰθίοπας·

139 1942 226 1996 πρὸς
244 1942 340 1981 δύσιν
362 1942 398 1981 δὲ
421 1943 573 1986 Κελτούς
585 1959 593 1967 ·
610 1943 694 1996 πρὸς
714 1941 751 1981 δὲ
769 1944 902 1995 Βοῤῥᾶν
922 1941 1048 1992 ἄνεμον
1069 1939 1167 1980 Σκύ-

139 2005 210 2045 θας·
233 2001 440 2056 προστίθησι
459 2002 501 2050 δ’,
516 2001 568 2040 ὅτι
593 2001 718 2053 μείζων
736 2003 758 2048 ἦ
780 2000 943 2040 Αἰθιοπία
961 1999 983 2046 ἢ
1000 1999 1074 2052 (καὶ
1094 2000 1168 2050 legi

135 2060 247 2111 jubet
266 2060 407 2112 Marx.)
426 2063 448 2107 ἡ
470 2060 614 2099 Σκυθία.
631 2063 735 2099 Δοκεῖ
747 2060 827 2113 γὰρ,
849 2063 949 2113 φησὶ,
966 2058 1005 2097 τὸ
1015 2060 1084 2096 τῶν
1105 2059 1170 2096 Αἷ-

142 2117 270 2157 θιόπων
297 2117 390 2161 ἔθνος
414 2118 632 2172 παρατείνειν
660 2118 720 2156 ἀπ’
751 2119 928 2156 ἀνατολῶν
962 2118 1168 2170 χειμερινῶν

142 2177 247 2231 μέχρι
266 2178 425 2227 δυσμῶν·
449 2180 471 2224 ἡ
493 2176 627 2216 Σκυθία
650 2177 678 2215 δ’
697 2177 886 2215 ἀντίκειται
910 2175 1034 2229 τούτῳ.
1061 2176 1168 2214 Idem

143 2239 212 2284 1.1,
234 2237 279 2283 57
297 2250 306 2273 t
326 2233 433 2274 Ἀλλὰ
459 2234 528 2286 μὴν
550 2235 609 2274 καὶ
626 2235 735 2283 ἄλλην
751 2235 831 2274 τινὰ
844 2235 998 2288 ἱστορίαν
1015 2233 1169 2272 παλαιὰν

145 2294 278 2347 εἴρηκεν
286 2291 453 2347 Ἔφορος,
470 2288 494 2344 ᾗ
514 2295 576 2332 οὐκ
596 2293 721 2345 ἄλογον
744 2297 896 2347 ἐντυχεῖν
910 2293 970 2333 καὶ
992 2292 1169 2346 τΌμηρον·

144 2351 304 2403 λέγεσθαι
320 2352 388 2406 γάρ
413 2367 517 2406 φησιν
543 2352 610 2391 ὑπὸ
635 2355 704 2391 τῶν
724 2352 973 2406 Ταρτησσίων,
1003 2351 1172 2394 Αἰθίοπας

145 2410 207 2457 τὴν
223 2409 358 2458 Λιὸύην
382 2409 588 2454 ἐπελθόντας
607 2410 714 2464 μέχρι
737 2410 867 2456 δύσεως
885 2410 964 2454 τοὺς
983 2408 1045 2461 μὲν
1066 2411 1172 2448 αὐτοῦ

910 205 1104 246 EPHORI
1132 206 1466 246 FRAGMENTA.

1215 297 1349 342 μεῖναι,
1362 291 1440 336 τοὺς
1460 293 1496 332 δὲ
1511 294 1570 332 καὶ
1590 296 1652 340 τῆς
1675 293 1847 347 παραλίας
1872 300 2062 347 κατασχεῖν
2083 295 2237 345 πολλήν·

1213 350 1436 403 τεκμαίρεται
1457 351 1494 390 δὲ
1509 353 1549 389 ἐκ
1565 355 1625 390 τοῦ
1645 351 1704 390 καὶ
1723 351 1884 405 ’Όμηρον
1901 354 2008 391 εἰπεῖν
2026 352 2151 398 οὕτως·

1295 414 1454 454 Αἰθίοπας,
1469 414 1516 447 τοὶ
1534 415 1623 456 διχθὰ
1637 415 1803 454 δεδαίαται,
1826 416 1952 457 ἔσχατοι
1967 416 2094 459 ἀνδρῶν.

1215 469 1270 507 cf.
1291 469 1475 507 Herodot.
1510 473 1594 518 VII,
1627 484 1690 517 70,
1721 474 1883 508 Pausan.
1911 474 1941 519 Ι,
1961 473 2025 519 33,
2056 474 2240 524 Scymnus

1216 528 1331 566 Chius
1346 541 1401 567 vs,
1428 528 1500 565 168
1522 550 1572 556 --
1596 528 1682 576 175.

1267 645 1455 695 Josephus
1491 647 1531 683 C.
1564 644 1706 695 Apion.
1727 649 1758 694 Ι,
1788 658 1833 682 12
1855 645 1896 696 (t.
1914 649 1964 690 ΙΙ,
1991 660 2029 696 p.
2050 650 2125 690 444
2157 649 2240 684 Ha-

1215 702 1353 754 verc.):
1375 702 1465 756 Περὶ
1484 701 1546 753 μὲν
1567 701 1632 756 γὰρ
1649 703 1818 742 Γαλατῶν
1834 719 1872 741 τε
1891 703 1951 741 καὶ
1968 702 2115 756 Ἰὸήρων
2135 702 2243 748 οὕτως

1216 758 1391 810 ἠγνόησαν
1412 762 1443 798 οἳ
1464 761 1642 804 δοκοῦντες
1669 760 1914 814 ἀκριὸέστατοι
1942 766 2168 822 συγγραὲρεῖς,
2194 755 2243 800 ὧν

1218 818 1292 855 ἔστι
1315 818 1374 856 καὶ
1393 817 1565 870 Ἔφορος,
1586 817 1678 856 ὥστε
1700 818 1800 858 πόλιν
1821 819 1928 858 οἴεται
1949 819 2031 870 μίαν
2056 823 2144 857 εἰναι
2166 818 2244 863 τοὺς

1218 874 1363 929 ’Ίὸηρας
1381 874 1458 919 τοὺς
1477 879 1620 914 τοσοῦτο
1639 875 1742 930 μέρος
1756 880 1819 923 τῆς
1838 877 2028 930 Ἑσπερίου
2044 880 2108 928 γῆς
2126 892 2247 916 κατοι-

1219 938 1378 978 κοῦντας.
1395 935 1451 972 Cf.
1472 934 1609 972 Strabo
1627 938 1673 983 V,
1695 949 1732 986 p.
1755 938 1844 983 237.

1273 1058 1419 1096 Plinius
1438 1061 1505 1106 IV,
1521 1059 1570 1096 36
1591 1058 1671 1096 :Ab
1690 1072 1731 1095 eo
1750 1061 1878 1106 latere,
1898 1073 1969 1108 quo
1990 1059 2146 1111 (Gades)
2175 1061 2248 1097 Hi·-

1221 1121 1390 1166 spaniam
1423 1125 1575 1166 spectat,
1612 1120 1731 1154 insula
1765 1126 1821 1153 est
1837 1145 1850 1163 ‚
1963 1122 2002 1154 In
2031 1131 2106 1167 qua
2140 1122 2248 1168 prius

1222 1177 1392 1224 oppidum
1413 1177 1569 1212 Gadium
1580 1173 1670 1224 fuit.
1693 1178 1853 1212 Vocatur
1866 1174 1913 1212 ab
1930 1177 2080 1225 Ephoro
2096 1185 2135 1213 et
2152 1177 2247 1213 Plu·-

1223 1235 1340 1270 listide
1366 1234 1535 1280 Erythia,
1563 1247 1588 1269 a
1621 1235 1757 1270 Timoeo
1789 1242 1827 1269 et
1848 1234 1971 1270 Sileno
1999 1235 2248 1282 Aphrodisias.

1225 1292 1377 1339 Erythia
1393 1293 1490 1328 dicta
1509 1300 1576 1336 est,
1596 1295 1767 1340 quoniam
1790 1293 1888 1339 Tyrii
1901 1291 2113 1342 Aborigines
2127 1305 2250 1329 eorum

1225 1350 1318 1401 (scil.
1340 1350 1570 1400 Poenorum),
1593 1355 1662 1386 orti
1679 1349 1725 1386 ab
1752 1350 1946 1397 Etytkraeo
1965 1354 2061 1386 mari
2069 1347 2251 1398 sereban-

1225 1417 1294 1445 tur.
1318 1411 1367 1445 In
1385 1409 1454 1444 lzac
1476 1410 1661 1456 Geryones
1687 1407 1870 1450 habitasse
1887 1422 1912 1444 a
1929 1408 2142 1457 quibusdam
2164 1412 2250 1445 exi-—

1223 1470 1432 1512 stimantur,
1452 1480 1602 1516 quorum
1619 1476 1790 1503 armenta
1805 1469 1978 1504 Hercules
1992 1466 2198 1506 abduxerit.

1279 1588 1418 1627 Strabo
1441 1590 1513 1636 ΙΙΙ,
1527 1602 1558 1626 c.
1582 1602 1615 1635 1,
1639 1601 1678 1639 p.
1700 1601 1772 1626 202
1790 1588 2078 1627 :Artemidorus
2095 1591 2252 1627 Sacrum

1226 1648 1546 1696 Promontorium,
1573 1647 1679 1698 quod
1710 1649 1749 1685 in
1774 1656 1945 1686 extrema
1971 1648 2156 1699 Hispania
2183 1656 2254 1697 est,

1227 1707 1383 1758 navigio
1406 1714 1614 1757 comparat,
1636 1714 1674 1743 et
1699 1706 1879 1744 accedere
1898 1706 1946 1744 ad
1969 1706 2065 1743 hanc
2094 1707 2254 1756 figuram

1226 1765 1278 1802 ait
1297 1773 1373 1802 tres
1394 1765 1550 1814 exiguas
1568 1764 1729 1810 insulas,
1748 1763 1888 1810 νησίδια
1909 1763 2012 1818 τρία,
2034 1763 2074 1802 τὸ
2099 1762 2162 1815 μὲν
2185 1765 2255 1815 ε’μ-

1228 1822 1333 1861 ὅόλου
1360 1821 1455 1867 τάξιν
1485 1820 1578 1874 ἔχον,
1600 1822 1644 1859 τὰ
1664 1820 1701 1859 δὲ
1721 1822 1913 1870 ἐπωτίδων,
1935 1819 2105 1875 ἕφόρμους
2127 1820 2254 1874 ἔχοντα

1228 1881 1398 1935 μετρίους.
1422 1880 1636 1934 εΗρακλέους
1655 1880 1686 1918 δ’
1704 1880 1794 1934 ἱερὸν
1823 1882 1970 1919 ἐνταῦθα
1997 1882 2048 1926 (οὗ
2077 1881 2254 1933 Casaub.)

1228 1940 1426 1979 δείκνυσθαι
1439 1956 1447 1964 ·
1483 1938 1678 1992 ψεύσασθαι
1708 1939 1744 1978 δὲ
1768 1943 1870 1978 τοῦτο
1888 1938 2064 1993 Ἔφορον·
2093 1938 2172 1978 οὔτε
2187 1938 2255 1994 γὰρ

1227 1998 1441 2054 ζΗροικλεόυς
1460 1997 1578 2050 βωμὸν
1592 1997 1664 2036 οὔτ’
1678 1998 1764 2037 ἄλλο
1785 2015 1821 2037 τι
1845 2000 1915 2037 τῶν
1933 2001 2018 2037 θεῶν
2041 1999 2154 2049 (θειῶν
2173 1999 2256 2038 Sie-

1227 2057 1356 2106 benk.‚
1375 2055 1446 2095 οὔτ’
1466 2056 1572 2095 ἄλλου
1587 2072 1648 2095 του
1669 2059 1746 2095 θεοῦ
1764 2071 1792 2095 s.
1802 2059 1871 2095 τῶν
1890 2059 1975 2095 θεῶν
1993 2060 2158 2108 Interpr.
2178 2061 2256 2096 Pa-

1229 2117 1292 2155 ris.
1310 2130 1331 2154 e
1348 2115 1490 2154 codicis
1503 2116 1678 2166 vestigio)
1696 2108 1784 2154 εἶναι
1795 2131 1803 2139 ·
1821 2116 1890 2154 sed
1907 2115 2056 2167 lapides
2086 2115 2141 2153 ibi
2160 2129 2256 2154 con-

1230 2184 1354 2227 gestos
1368 2175 1431 2212 alii
1444 2176 1499 2213 rei
1516 2175 1711 2213 inservire.

1713 2233 1777 2270 42.

1283 2293 1519 2344 Stephanus:
1539 2291 1706 2340 Καλάθη,
1721 2290 1822 2335 πόλις
1845 2291 1884 2328 οὔ
1909 2290 2028 2343 πόῤῥω
2053 2292 2124 2329 τῶν
2142 2289 2258 2344 Ἥρα-

1230 2350 1354 2390 κλείων
1377 2350 1527 2398 στήλων.
1542 2350 1730 2394 Ἑκαταῖος
1750 2347 1918 2403 Εὐρώπῃ.
1945 2348 2098 2403 Ἔφορος
2115 2347 2153 2387 δὲ
2178 2350 2258 2388 Κα-

1232 2409 1405 2448 λάθουσαν
1424 2407 1531 2454 αὒτήν
1546 2423 1663 2462 φησιν.

150 2521 196 2554 illi
209 2521 311 2560 alteri,
333 2521 425 2561 eique
437 2508 533 2562 plahe
551 2521 746 2562 oppositum.
766 2524 847 2559 Quae
864 2530 883 2553 a
901 2521 1032 2562 Scythis
1048 2521 1175 2553 tenetur

150 2570 238 2611 regio
260 2569 386 2610 reliquo
408 2569 486 2601 solis
508 2577 605 2601 cursu
630 2569 790 2600 metienda
814 2571 873 2600 est.
892 2571 995 2609 Cujus
1014 2577 1032 2600 e
1052 2569 1178 2608 regione

151 2619 201 2650 est
213 2625 290 2658 gens
303 2616 502 2657 AEthiopum,
514 2624 588 2657 quae
598 2615 728 2647 videtur
740 2615 888 2657 protendi
905 2615 946 2647 ab
958 2617 1031 2647 ortu
1043 2615 1177 2647 hiberno

152 2673 254 2706 usque
266 2663 307 2696 ad
321 2671 474 2696 occasum
489 2662 730 2695 brevissimum.

212 2733 374 2762 Extremos
388 2732 551 2761 hominum
565 2730 733 2770 AEthiopes
745 2754 754 2770 ,
770 2732 963 2770 geminisque
978 2730 1128 2761 diremtos

213 2779 355 2819 partibus
372 2787 380 2809 ε
398 2779 428 2807 hi
449 2789 510 2818 qua
525 2779 572 2808 sol
587 2778 684 2813 cadit,
700 2784 731 2807 et
745 2789 804 2817 qua
819 2777 942 2807 tollitur
955 2777 1012 2806 illi.

157 2851 302 2891 Ephorus
315 2859 444 2891 quoque
457 2850 622 2891 antiquam
639 2850 679 2882 de
694 2850 856 2890 AEthiopia
871 2849 1055 2890 opinionem
1069 2850 1177 2889 refert,

153 2906 255 2938 quum
271 2898 304 2928 in
322 2897 403 2929 libro
428 2898 468 2929 de
494 2899 623 2938 Europa
652 2897 759 2937 dicat,
787 2897 860 2929 coeli
880 2906 918 2929 ac
941 2899 1034 2929 terrae
1049 2898 1128 2930 locis
1146 2898 1180 2929 in

154 2946 306 2984 quattuor
316 2944 457 2976 diductis
467 2948 586 2986 partes,
598 2953 680 2983 eam,
688 2953 761 2985 quae
773 2947 823 2976 est
832 2952 944 2976 versus
952 2944 1178 2985 subsolanum,

156 2990 294 3022 habitari
310 2991 350 3022 ab
367 2991 456 3023 Indis
470 3001 477 3022 ε
492 3001 565 3032 quae
582 3000 697 3024 versus
716 2994 883 3030 Austrum,
899 2991 940 3023 ab
956 2992 1180 3033 AEthiopibusz

156 3045 230 3076 quoe
248 3046 359 3069 versus
372 3046 535 3076 occasum,
551 3047 570 3070 a
586 3038 862 3079 celtis2Aquiloni
878 3038 1053 3079 objectam,
1070 3048 1089 3070 a
1108 3041 1181 3079 Scy·

158 3083 224 3115 this
242 3093 248 3113 :
265 3084 417 3124 additque
428 3084 623 3126 AEthiopiam
638 3088 734 3125 atque
747 3085 912 3126 Scythiam
929 3093 1000 3117 esse
1014 3086 1179 3125 majorem.

158 3129 295 3160 videtur
311 3131 416 3169 enim,
430 3131 535 3171 inquit
547 3155 555 3171 ‚
574 3141 652 3172 gens
669 3132 858 3173 AEthiopum
881 3132 1026 3173 protendi
1052 3132 1092 3164 ah
1107 3134 1181 3165 ortu

158 3175 292 3206 hiberno
308 3185 409 3216 usque
421 3178 462 3208 ad
477 3187 627 3210 occasum
643 3189 650 3210 z
666 3179 759 3219 eique
773 3179 921 3220 opposita
932 3181 981 3211 est
997 3180 1138 3219 Scythia.

201 3224 352 3254 Ceterum
369 3225 516 3263 Ephorus
541 3226 635 3257 aliam
652 3235 781 3266 quoque
797 3226 965 3258 historiam
987 3227 1083 3258 refert
1099 3229 1182 3259 vete-

161 3278 240 3308 rem,
258 3269 297 3301 de
313 3278 376 3309 qua
389 3270 586 3303 inaudivisse
602 3275 779 3305 Homerum
796 3282 860 3304 non
874 3276 923 3306 est
938 3273 1056 3306 rationi
1072 3274 1182 3306 adver-

161 3324 244 3346 sum.
253 3316 380 3347 Narrari
390 3316 435 3348 ait
444 3325 463 3347 a
473 3318 819 3360 Gaditanis‚AEthiopes
828 3329 929 3360 quum
939 3320 1071 3360 Libyam
1081 3329 1183 3361 usque

161 3361 201 3393 ad
218 3370 366 3393 occasum
386 3366 618 3403 peragrassent,
633 3364 676 3396 ihi
696 3366 852 3399 mansisse
870 3375 983 3398 eorum
1001 3367 1159 3407 quosdam
1172 3390 1182 3407 ,

1240 2519 1397 2559 quosdam
1412 2518 1508 2551 etiam
1519 2518 1691 2550 maritimae
1701 2526 1766 2549 orae
1773 2526 1923 2557 magnam
1934 2525 2106 2558 occupasse
2114 2519 2238 2558 partem
2250 2527 2258 2550 ε

1237 2566 1325 2606 quod
1341 2566 1436 2598 etiam
1457 2565 1576 2605 colligit
1589 2574 1628 2597 ex
1644 2565 1696 2596 his
1711 2564 1818 2596 verbis
1831 2565 1964 2596 Homeri
1981 2574 1989 2595 :

1300 2618 1462 2646 Extremus
1478 2617 1638 2647 hominum
1652 2617 1822 2656 AEthiopes
1837 2617 2028 2657 geminisque
2041 2616 2188 2646 diremtos

1299 2663 1448 2702 partibus.

1280 2755 1445 2787 Gallorum
1459 2756 1556 2788 etiam
1572 2758 1604 2787 et
1619 2755 1838 2796 Hispanorum
1864 2764 1914 2788 res
1929 2765 2032 2797 usque
2045 2756 2124 2789 adeo
2145 2757 2261 2797 ignotae

1239 2802 1279 2834 iis
1297 2802 1426 2834 fuerunt
1439 2803 1494 2842 qui
1504 2803 1738 2834 accuratissimi
1750 2803 1922 2844 scriptores
1936 2803 2037 2835 fuisse
2049 2803 2212 2843 videntur,
2226 2803 2260 2835 in

1238 2849 1358 2889 quibus
1374 2851 1422 2881 cst
1438 2849 1598 2889 Ephorus,
1611 2850 1647 2880 ut
1664 2849 1771 2881 lheras
1784 2858 1882 2881 unam
1890 2850 2055 2882 civitatem
2068 2858 2139 2882 esse
2154 2849 2260 2882 existi-

1239 2895 1385 2934 maverit,
1397 2903 1497 2935 quum
1508 2897 1573 2926 tam
1585 2895 1648 2926 late
1661 2895 1692 2926 in
1701 2895 1899 2927 occidentem
1910 2895 1988 2928 finoe
2001 2905 2112 2928 eorum
2119 2897 2259 2936 pateant.

1281 2996 1358 3026 Tres
1370 2994 1504 3034 exiguas
1520 2994 1653 3032 insulas,
1672 3002 1809 3034 quarum
1826 3003 1890 3026 una
1913 2995 2008 3026 rostri
2022 2995 2126 3027 vicem
2151 2996 2259 3036 gerat,

1240 3040 1372 3082 reliquae
1392 3041 1608 3072 auriculorum
1627 3040 1720 3072 navis
1740 3049 1758 3071 a
1782 3050 1876 3081 prora
1897 3042 2148 3082 prominentium
2160 3065 2170 3081 ,
2187 3050 2260 3083 quae

1240 3089 1352 3128 portus
1369 3087 1507 3120 habeant
1521 3087 1711 3124 mediocres,
1743 3096 1846 3128 neque
1875 3090 1984 3120 tamen
2019 3089 2190 3120 monstrari
2215 3087 2263 3120 ibi·

1240 3143 1328 3166 aram
1343 3134 1507 3166 Herculis:
1526 3135 1558 3166 id
1575 3134 1704 3174 quidem
1721 3135 1888 3175 Ephorum
1903 3134 2045 3166 finxisse.
2061 3137 2143 3167 Nam
2158 3142 2260 3175 neque

1241 3181 1387 3215 Herculis
1403 3190 1491 3212 aram
1509 3181 1553 3213 ihi
1568 3190 1649 3220 esse,
1666 3190 1770 3222 neque
1787 3181 1870 3213 alius
1886 3181 2031 3213 deorum.

1717 3230 1780 3261 42.

1284 3274 1436 3314 calatha,
1452 3274 1609 3315 oppidum
1633 3283 1699 3306 non
1716 3274 1828 3315 procul
1850 3274 1891 3306 ab
1916 3274 2062 3306 Herculis
2078 3273 2258 3314 columnis,

1242 3323 1373 3353 auctore
1387 3323 1538 3353 Hecataeo
1558 3321 1591 3353 in
1607 3323 1747 3362 Europa.
1771 3324 1892 3354 Verum
1912 3322 2059 3363 Ephorus
2071 3321 2153 3354 illud
2167 3319 2255 3353 Cala·

1241 3368 1371 3401 thusam
1387 3367 1533 3409 appellat.
