2202 3658
195 138 230 166 11
981 124 1043 163 PR
1051 123 1260 163 AEFATlo.

193 214 415 260 homines
440 213 615 259 eruditi
641 211 845 274 amplexi
872 220 984 256 sunt
1001 246 1013 269 ,
1040 221 1224 274 quanto
1255 211 1483 274 majorem
1507 230 1561 261 ex
1589 231 1646 261 eo
1675 216 1723 262 in
1754 227 1963 278 penmo-

192 313 290 343 rem
330 296 541 342 historiae
584 293 911 356 cognitionem
956 292 1228 340 redundare
1271 293 1496 341 viderunt
1539 297 1811 344 utilitatem.
1854 305 1964 356 Quo

191 378 399 441 denique
422 392 644 423 successu
679 375 729 420 in
764 374 842 420 his
869 374 1248 435 elaboraverint,
1284 387 1515 440 quantam
1546 378 1780 426 doctrinae
1805 381 1967 428 erudi-

190 459 433 522 tionisque
467 457 684 521 copiam,
711 466 949 520 quantum
989 457 1169 519 ingenii
1195 474 1398 505 acumen
1425 469 1472 506 et
1500 462 1803 523 sagacitatem
1826 464 1966 511 adhi-

188 539 409 597 buerint,
438 555 536 583 non
564 547 636 583 est
662 536 907 600 profecto,
932 553 1019 584 cur
1045 537 1125 584 hic
1154 555 1493 587 memoremus.
1520 542 1624 588 Alio
1652 560 1741 589 nos
1767 561 1967 592 conver-

187 631 358 667 tamus.
388 621 574 665 Etenim
610 629 871 683 postquam
904 619 991 666 viri
1023 619 1156 666 docti
1185 620 1383 684 disjecta
1418 623 1637 671 membra
1669 626 1965 676 nobiliorum

187 703 478 766 scriptorum
501 702 818 765 collegerant,
837 711 904 760 et,
927 719 1080 765 quum
1100 703 1250 749 vitam
1274 704 1332 750 iis
1355 705 1607 753 restituere
1630 724 1729 754 non
1752 719 1967 772 possent,

189 784 411 830 umbram
429 794 558 831 certe
576 783 960 847 uniuscujusque
975 800 1029 831 ac
1047 785 1305 847 imaginem
1327 787 1572 849 quandam
1594 788 1968 850 delineaverant,

184 868 419 913 Firminus
450 865 615 922 Dc'doc,
643 882 749 929 quae
774 876 846 912 est
871 866 974 929 ejus
1003 867 1091 912 viri
1116 867 1418 914 celeberrimi
1443 870 1616 916 eximia
1640 872 1688 916 in
1718 871 1794 918 his
1821 873 1966 920 rebus

189 949 475 1013 prudentia,
517 949 639 995 nihil
676 949 778 1012 jam
815 949 1062 1011 antiquius
1106 949 1391 996 habendum
1429 967 1533 997 esse
1570 954 1784 1013 censuit,
1823 972 1968 1018 quam

184 1048 353 1079 omnes
383 1031 486 1078 illas
511 1030 889 1093 fragmentorum
914 1031 1224 1078 collectiones
1248 1032 1297 1077 in
1329 1049 1483 1079 unum
1508 1050 1684 1098 corpus
1711 1037 1855 1082 unius
1887 1054 1970 1082 vo-

189 1113 387 1160 luminis
419 1114 575 1177 spatio
602 1113 1022 1177 circumscriptum
1050 1129 1307 1175 congerere
1330 1124 1377 1159 et
1411 1130 1465 1160 ex
1497 1115 1669 1163 ordine
1692 1116 1966 1180 disponere.

184 1195 330 1253 Quod
356 1196 635 1242 institutum
665 1206 767 1240 tum
794 1195 897 1242 aliis
924 1212 973 1241 se
999 1194 1284 1241 nominibus
1317 1197 1660 1244 commendare
1686 1199 1835 1258 vidit,
1865 1210 1967 1246 tum

188 1288 440 1343 propterea
472 1278 684 1324 historiae
719 1277 949 1324 studiosis
983 1277 1309 1340 gratissimum
1355 1277 1485 1336 fore,
1527 1279 1662 1341 quod
1701 1280 1966 1327 multorum

184 1362 474 1425 scriptorum
498 1361 774 1407 testimonia
787 1360 878 1406 hac
890 1359 1074 1406 ratione
1095 1358 1185 1405 sub
1207 1374 1362 1404 unum
1374 1358 1628 1406 oculorum
1652 1373 1966 1426 conspectum

183 1443 348 1491 venire
373 1443 595 1506 interque
614 1459 664 1488 se
685 1442 953 1505 comparari
980 1451 1207 1504 possent,
1233 1452 1378 1504 atque
1405 1441 1558 1504 ipsius
1578 1442 1693 1488 artis
1721 1442 1967 1490 historicae

182 1523 311 1588 apud
338 1526 531 1570 Graecos
557 1524 664 1570 viva
689 1523 826 1586 quasi
856 1522 1150 1586 praeberetur
1182 1523 1367 1585 imago,
1408 1524 1473 1568 ita
1504 1533 1558 1569 ut
1591 1539 1618 1569 a
1650 1524 1809 1570 nativa
1834 1525 1968 1586 logo-

181 1605 475 1670 graphorum
499 1604 806 1668 simplicitate
829 1602 1112 1650 ascenderes
1135 1603 1195 1650 ad
1216 1604 1471 1651 historiam
1491 1605 1722 1652 omnibus
1739 1606 1968 1653 dictionis

182 1687 451 1736 luminibus
485 1687 842 1745 collustratam,
879 1686 1055 1733 deinde
1089 1686 1150 1732 ab
1183 1685 1425 1733 rhetorica
1467 1686 1555 1734 hac
1593 1698 1641 1734 et
1678 1691 1966 1752 pragmatica

184 1769 363 1834 Ephori
388 1778 436 1815 et
453 1769 754 1833 Theopompi
774 1784 936 1814 rerum
961 1769 1264 1832 expositione
1287 1770 1537 1833 paullatim
1564 1770 1884 1817 descenderes
1905 1771 1965 1818 ad

175 1851 468 1913 Jejuniorem
519 1850 658 1897 illum
707 1851 969 1896 Atticarum
1025 1867 1186 1897 rerum
1229 1851 1523 1914 scriptorum
1564 1869 1839 1899 sermonem
1880 1854 1968 1900 do·

183 1942 407 1995 ctamque
432 1947 527 1994 qua
552 1931 795 1978 excellunt
820 1932 1254 1995 perscrutationem
1287 1943 1739 1979 monumentorum.

245 2016 350 2060 Jam
373 2030 527 2077 quum
554 2013 814 2076 fragmenta
841 2013 1127 2071 ordinandi,
1151 2015 1555 2076 recognoscendi,
1576 2018 1795 2062 vertendi
1827 2034 1968 2079 nego·

189 2097 312 2143 tium
336 2097 576 2142 Firminus
606 2095 756 2144 Didot
782 2096 903 2142 mihi
939 2095 1329 2156 demandaverit,
1354 2115 1517 2145 meum
1551 2109 1623 2145 est
1645 2099 1824 2158 dicere,
1849 2118 1967 2164 quo-

191 2178 339 2225 modo
362 2179 412 2224 in
439 2195 498 2226 eo
523 2179 614 2226 sim
642 2188 868 2226 versatus·

251 2263 478 2307 Auctores
493 2296 506 2321 ,
529 2277 740 2325 quorum
766 2261 979 2324 reliquiae
998 2260 1093 2307 hoc
1111 2261 1361 2309 volumine
1383 2262 1891 2326 comprehenduntur,
1914 2266 1965 2312 hi

182 2353 296 2391 sunt
324 2360 334 2388 :
360 2345 629 2402 Hecataeus,
654 2342 869 2401 Charon,
900 2343 1146 2402 XanthuS,
1170 2344 1468 2401 Hellanicus,
1497 2345 1821 2410 Pherecydes,
1847 2351 1966 2395 Acu-

182 2425 340 2472 silaus.
363 2426 471 2484 His,
492 2426 577 2490 qui
595 2426 800 2489 primam
820 2425 1120 2472 collectionis
1138 2436 1321 2488 partem
1341 2426 1582 2485 efficiunt,
1604 2438 1835 2491 tanquam
1860 2447 1967 2493 sup-

181 2507 482 2572 plementum
515 2507 857 2570 subjunximus
900 2506 1246 2553 Bibliothecam
1296 2508 1591 2571 Apollodori.
1639 2509 1958 2572 Reliquorum

182 2590 329 2654 hujus
354 2589 567 2637 auctoris
589 2606 794 2654 operum
821 2589 1083 2652 fragmenta
1108 2606 1134 2635 a
1162 2589 1368 2636 consilio
1398 2600 1565 2636 nostro
1590 2591 1742 2637 aliena
1765 2593 1962 2655 quidem

184 2674 404 2732 fuerunt,
431 2672 513 2720 sed
534 2689 596 2719 ne
615 2671 943 2736 imperfectam
963 2688 1063 2718 rem
1092 2671 1346 2734 reliquisse
1367 2671 1654 2732 videremur,
1682 2690 1735 2719 ea
1760 2675 1809 2719 in
1837 2675 1964 2722 calce

185 2755 295 2802 libri
317 2755 607 2820 apponenda
638 2755 927 2802 curavimus.
960 2753 1299 2817 Logographos
1332 2755 1582 2817 excipiunt
1616 2756 1872 2819 scriptores
1895 2774 1965 2803 re-

187 2855 295 2884 rum
322 2838 618 2896 Sicularum,
646 2837 935 2895 Antiochus,
958 2836 1204 2894 Philistus,
1230 2837 1446 2883 Timaeus.
1474 2837 1664 2884 Deinde
1689 2849 1962 2902 sequuntur

188 2912 407 2977 Ephorus
433 2924 479 2961 et
495 2913 838 2978 Theopompus
868 2922 914 2959 et
939 2912 1245 2975 Phylarchus.
1278 2915 1457 2974 Agmen
1485 2913 1698 2976 denique
1723 2915 1962 2963 claudunt

185 2994 439 3040 Atthidum
463 3006 682 3042 auctores
703 3013 714 3042 ε
736 2994 1036 3042 Clitodcmus
1052 3029 1064 3052 ,
1092 2993 1432 3040 Phanodemus
1447 3030 1459 3052 ,
1489 2995 1751 3053 Androtio,
1782 2999 1936 3042 Demo
1950 3033 1961 3054 ,

186 3075 517 3136 PhilochorUS,
550 3081 679 3124 Ister.
714 3080 892 3123 Eorum
917 3092 1040 3139 quos
1063 3085 1310 3139 postremo
1334 3076 1444 3122 loco
1467 3077 1739 3135 nominavi,
1766 3093 1959 3123 necnon

190 3157 442 3220 Phylarchi
466 3158 726 3221 fragmenta
751 3175 906 3222 quum
927 3157 1193 3221 quominus
1219 3157 1322 3219 ipse
1353 3167 1655 3204 retractarem
1685 3169 1964 3223 temporum

189 3241 418 3302 angustiis
448 3240 751 3299 excluderer,
781 3241 924 3287 frater
951 3256 1086 3286 meus
1112 3237 1394 3285 Theodorus
1418 3239 1707 3303 disponendi
1735 3257 1786 3287 ea
1817 3251 1863 3287 et
1892 3258 1960 3286 re-

191 3322 514 3384 cognoscendi
552 3322 798 3385 negotium
820 3322 1028 3385 benigne
1058 3320 1210 3367 voluit
1235 3321 1282 3365 in
1312 3337 1362 3366 se
1393 3324 1617 3385 recipere.
