<?xml version="1.0" encoding="UTF-8"?>
<!DOCTYPE html PUBLIC "-//W3C//DTD XHTML 1.0 Transitional//EN"
    "http://www.w3.org/TR/xhtml1/DTD/xhtml1-transitional.dtd">
<html xmlns="http://www.w3.org/1999/xhtml" xml:lang="en" lang="en">
 <head>
  <title>
</title>
<meta http-equiv="Content-Type" content="text/html;charset=utf-8" />
  <meta name='ocr-system' content='tesseract 3.04.00' />
  <meta name='ocr-capabilities' content='ocr_page ocr_carea ocr_par ocr_line ocrx_word'/>
</head>
<body>
  <div class='ocr_page' id='page_1' title='image "./fragmentahistori01mueluoft_0562.png"; bbox 0 0 2320 3684; ppageno 0'>
   <div class='ocr_carea' id='block_1_1' title="bbox 172 193 1580 245">
    <p class='ocr_par' dir='ltr' id='par_1_1' title="bbox 172 193 1580 245">
     <span class='ocr_line' id='line_1_1' title="bbox 172 193 1580 245; baseline -0.008 0"><span class='ocrx_word' id='word_1_1' title='bbox 172 206 248 245; x_wconf 84' lang='grc'>460</span> <span class='ocrx_word' id='word_1_2' title='bbox 880 193 1213 235; x_wconf 85' lang='lat' dir='ltr'>APOLLODORI</span> <span class='ocrx_word' id='word_1_3' title='bbox 1241 193 1580 236; x_wconf 82' lang='lat' dir='ltr'><strong>FRAGMENTA.</strong></span> 
     </span>
    </p>
   </div>
   <div class='ocr_carea' id='block_1_2' title="bbox 170 278 1196 633">
    <p class='ocr_par' dir='ltr' id='par_1_2' title="bbox 171 278 1191 342">
     <span class='ocr_line' id='line_1_2' title="bbox 171 278 1191 342; baseline -0.011 -13"><span class='ocrx_word' id='word_1_4' title='bbox 171 291 226 342; x_wconf 82' lang='lat' dir='ltr'>git</span> <span class='ocrx_word' id='word_1_5' title='bbox 242 303 281 341; x_wconf 94' lang='lat' dir='ltr'>p.</span> <span class='ocrx_word' id='word_1_6' title='bbox 301 290 396 334; x_wconf 84' lang='lat'>830,</span> <span class='ocrx_word' id='word_1_7' title='bbox 414 287 444 324; x_wconf 93' lang='lat' dir='ltr'>C</span> <span class='ocrx_word' id='word_1_8' title='bbox 470 282 599 337; x_wconf 82' lang='lat'>(553):</span> <span class='ocrx_word' id='word_1_9' title='bbox 616 281 727 325; x_wconf 80' lang='grc' dir='ltr'>Αὐτὸς</span> <span class='ocrx_word' id='word_1_10' title='bbox 743 279 780 319; x_wconf 81' lang='grc' dir='ltr'>δὲ</span> <span class='ocrx_word' id='word_1_11' title='bbox 797 282 815 318; x_wconf 99' lang='lat'><strong>6</strong></span> <span class='ocrx_word' id='word_1_12' title='bbox 834 278 1091 334; x_wconf 83' lang='grc' dir='ltr'>Ἀπολλόδωρος</span> <span class='ocrx_word' id='word_1_13' title='bbox 1118 295 1191 318; x_wconf 89' lang='grc' dir='ltr'>πα-</span> 
     </span>
    </p>

    <p class='ocr_par' dir='ltr' id='par_1_3' title="bbox 172 337 1191 447">
     <span class='ocr_line' id='line_1_3' title="bbox 172 337 1191 402; baseline -0.011 -14"><span class='ocrx_word' id='word_1_14' title='bbox 172 348 333 402; x_wconf 89' lang='grc' dir='ltr'>ρατίθησι</span> <span class='ocrx_word' id='word_1_15' title='bbox 350 344 390 384; x_wconf 83' lang='grc' dir='ltr'>τὸ</span> <span class='ocrx_word' id='word_1_16' title='bbox 406 347 467 382; x_wconf 81' lang='grc' dir='ltr'>τοῦ</span> <span class='ocrx_word' id='word_1_17' title='bbox 487 340 701 389; x_wconf 87' lang='grc' dir='ltr'>Ζηνοδότου,</span> <span class='ocrx_word' id='word_1_18' title='bbox 724 338 777 377; x_wconf 83' lang='grc' dir='ltr'>ὅτι</span> <span class='ocrx_word' id='word_1_19' title='bbox 795 337 921 392; x_wconf 77' lang='grc' dir='ltr'>γράφει</span> <span class='ocrx_word' id='word_1_20' title='bbox 935 338 995 392; x_wconf 87' lang='lat'>(11.</span> <span class='ocrx_word' id='word_1_21' title='bbox 1013 343 1056 388; x_wconf 91' lang='lat' dir='ltr'>B,</span> <span class='ocrx_word' id='word_1_22' title='bbox 1078 339 1170 391; x_wconf 83' lang='lat'>852)</span> <span class='ocrx_word' id='word_1_23' title='bbox 1183 351 1191 359; x_wconf 94' lang='lat'><strong>·</strong></span> 
     </span>
     <span class='ocr_line' id='line_1_4' title="bbox 274 403 1025 447; baseline -0.012 -4"><span class='ocrx_word' id='word_1_24' title='bbox 274 410 326 447; x_wconf 85' lang='grc' dir='ltr'>Ἐξ</span> <span class='ocrx_word' id='word_1_25' title='bbox 340 411 476 447; x_wconf 76' lang='grc' dir='ltr'>Ἑνετῆς,</span> <span class='ocrx_word' id='word_1_26' title='bbox 491 407 559 438; x_wconf 85' lang='grc' dir='ltr'>ὅθεν</span> <span class='ocrx_word' id='word_1_27' title='bbox 570 403 707 446; x_wconf 84' lang='grc' dir='ltr'>ἡμιόνων</span> <span class='ocrx_word' id='word_1_28' title='bbox 719 403 806 445; x_wconf 87' lang='grc' dir='ltr'>γένος</span> <span class='ocrx_word' id='word_1_29' title='bbox 821 403 1025 445; x_wconf 85' lang='grc' dir='ltr'>ἀγροτεράων.</span> 
     </span>
    </p>

    <p class='ocr_par' dir='ltr' id='par_1_4' title="bbox 170 453 1195 514">
     <span class='ocr_line' id='line_1_5' title="bbox 170 453 1195 514; baseline -0.01 -11"><span class='ocrx_word' id='word_1_30' title='bbox 170 464 313 511; x_wconf 87' lang='grc' dir='ltr'>Ταύτην</span> <span class='ocrx_word' id='word_1_31' title='bbox 344 461 382 500; x_wconf 87' lang='grc' dir='ltr'>δέ</span> <span class='ocrx_word' id='word_1_32' title='bbox 409 474 513 514; x_wconf 85' lang='grc' dir='ltr'>φησιν</span> <span class='ocrx_word' id='word_1_33' title='bbox 532 458 722 497; x_wconf 88' lang='grc' dir='ltr'>Ἑκαταῖον</span> <span class='ocrx_word' id='word_1_34' title='bbox 745 455 804 494; x_wconf 81' lang='grc' dir='ltr'>τὸν</span> <span class='ocrx_word' id='word_1_35' title='bbox 827 455 1002 503; x_wconf 84' lang='grc' dir='ltr'>Μιλήσιον</span> <span class='ocrx_word' id='word_1_36' title='bbox 1031 453 1195 508; x_wconf 87' lang='grc' dir='ltr'>δέχεσθαι</span> 
     </span>
    </p>

    <p class='ocr_par' dir='ltr' id='par_1_5' title="bbox 170 514 1196 572">
     <span class='ocr_line' id='line_1_6' title="bbox 170 514 1196 572; baseline -0.006 -13"><span class='ocrx_word' id='word_1_37' title='bbox 170 522 234 570; x_wconf 83' lang='grc' dir='ltr'>τὴν</span> <span class='ocrx_word' id='word_1_38' title='bbox 253 518 403 572; x_wconf 85' lang='grc' dir='ltr'>Ἀμισόν.</span> <span class='ocrx_word' id='word_1_39' title='bbox 423 518 470 556; x_wconf 88' lang='grc' dir='ltr'><strong>Ἥ</strong></span> <span class='ocrx_word' id='word_1_40' title='bbox 485 517 520 556; x_wconf 84' lang='grc' dir='ltr'>δὲ</span> <span class='ocrx_word' id='word_1_41' title='bbox 543 515 684 567; x_wconf 83' lang='grc' dir='ltr'>Ἀμισὸς</span> <span class='ocrx_word' id='word_1_42' title='bbox 702 514 839 569; x_wconf 84' lang='grc' dir='ltr'>εἴρηται</span> <span class='ocrx_word' id='word_1_43' title='bbox 864 514 951 554; x_wconf 83' lang='grc' dir='ltr'>διότι</span> <span class='ocrx_word' id='word_1_44' title='bbox 978 516 1048 553; x_wconf 86' lang='grc' dir='ltr'>τῶν</span> <span class='ocrx_word' id='word_1_45' title='bbox 1063 516 1196 553; x_wconf 89' lang='grc' dir='ltr'>Λευκο-</span> 
     </span>
    </p>

    <p class='ocr_par' dir='ltr' id='par_1_6' title="bbox 171 573 821 633">
     <span class='ocr_line' id='line_1_7' title="bbox 171 573 821 633; baseline -0.011 -14"><span class='ocrx_word' id='word_1_46' title='bbox 171 580 285 633; x_wconf 83' lang='grc' dir='ltr'>σύρων</span> <span class='ocrx_word' id='word_1_47' title='bbox 302 577 395 627; x_wconf 85' lang='grc' dir='ltr'>ἐστὶ,</span> <span class='ocrx_word' id='word_1_48' title='bbox 411 575 469 615; x_wconf 86' lang='grc' dir='ltr'>καὶ</span> <span class='ocrx_word' id='word_1_49' title='bbox 490 574 588 619; x_wconf 84' lang='grc' dir='ltr'>ἐκτὸς</span> <span class='ocrx_word' id='word_1_50' title='bbox 603 578 664 613; x_wconf 83' lang='grc' dir='ltr'>τοῦ</span> <span class='ocrx_word' id='word_1_51' title='bbox 686 573 821 618; x_wconf 81' lang='grc' dir='ltr'>Ἅλυος.</span> 
     </span>
    </p>
   </div>
   <div class='ocr_carea' id='block_1_3' title="bbox 642 645 728 683">
    <p class='ocr_par' dir='ltr' id='par_1_7' title="bbox 642 645 728 683">
     <span class='ocr_line' id='line_1_8' title="bbox 642 645 728 683; baseline 0.012 -1"><span class='ocrx_word' id='word_1_52' title='bbox 642 645 728 683; x_wconf 92' lang='grc'><strong>177.</strong></span> 
     </span>
    </p>
   </div>
   <div class='ocr_carea' id='block_1_4' title="bbox 1249 338 2281 979">
    <p class='ocr_par' dir='ltr' id='par_1_8' title="bbox 1249 338 2281 979">
     <span class='ocr_line' id='line_1_9' title="bbox 1302 338 2274 397; baseline 0.006 -19"><span class='ocrx_word' id='word_1_53' title='bbox 1302 340 1411 379; x_wconf 88' lang='lat' dir='ltr'>Idem</span> <span class='ocrx_word' id='word_1_54' title='bbox 1423 343 1534 390; x_wconf 88' lang='lat' dir='ltr'>XIV,</span> <span class='ocrx_word' id='word_1_55' title='bbox 1554 355 1590 393; x_wconf 94' lang='lat' dir='ltr'>p.</span> <span class='ocrx_word' id='word_1_56' title='bbox 1606 341 1696 391; x_wconf 77' lang='lat'>995,</span> <span class='ocrx_word' id='word_1_57' title='bbox 1714 344 1747 379; x_wconf 88' lang='lat' dir='ltr'>A</span> <span class='ocrx_word' id='word_1_58' title='bbox 1769 343 1820 393; x_wconf 90' lang='lat' dir='ltr'>(p.</span> <span class='ocrx_word' id='word_1_59' title='bbox 1833 341 1940 394; x_wconf 82' lang='lat'><strong>677):</strong></span> <span class='ocrx_word' id='word_1_60' title='bbox 1960 338 2006 382; x_wconf 74' lang='lat' dir='ltr'>‘O</span> <span class='ocrx_word' id='word_1_61' title='bbox 2021 342 2088 397; x_wconf 82' lang='grc' dir='ltr'>γὰρ</span> <span class='ocrx_word' id='word_1_62' title='bbox 2108 342 2274 384; x_wconf 82' lang='grc' dir='ltr'>Ἀπολλό-</span> 
     </span>
     <span class='ocr_line' id='line_1_10' title="bbox 1250 398 2274 454; baseline 0.005 -18"><span class='ocrx_word' id='word_1_63' title='bbox 1250 398 1358 453; x_wconf 87' lang='grc' dir='ltr'>δωρος</span> <span class='ocrx_word' id='word_1_64' title='bbox 1372 401 1408 438; x_wconf 85' lang='grc' dir='ltr'>ἐν</span> <span class='ocrx_word' id='word_1_65' title='bbox 1430 406 1502 444; x_wconf 86' lang='grc' dir='ltr'>τοῖς</span> <span class='ocrx_word' id='word_1_66' title='bbox 1521 399 1612 454; x_wconf 80' lang='grc' dir='ltr'>Περὶ</span> <span class='ocrx_word' id='word_1_67' title='bbox 1640 402 1726 438; x_wconf 84' lang='grc' dir='ltr'>νεῶν</span> <span class='ocrx_word' id='word_1_68' title='bbox 1746 399 1797 438; x_wconf 87' lang='grc' dir='ltr'>ἔτι</span> <span class='ocrx_word' id='word_1_69' title='bbox 1816 398 1876 438; x_wconf 78' lang='grc' dir='ltr'>καὶ</span> <span class='ocrx_word' id='word_1_70' title='bbox 1896 403 2039 439; x_wconf 80' lang='grc' dir='ltr'>τοιαῦτα</span> <span class='ocrx_word' id='word_1_71' title='bbox 2062 400 2177 453; x_wconf 83' lang='grc' dir='ltr'>λέγει·</span> <span class='ocrx_word' id='word_1_72' title='bbox 2194 401 2274 446; x_wconf 75' lang='grc' dir='ltr'>τοὺς</span> 
     </span>
     <span class='ocr_line' id='line_1_11' title="bbox 1249 456 2275 514; baseline 0.004 -19"><span class='ocrx_word' id='word_1_73' title='bbox 1249 456 1317 510; x_wconf 85' lang='grc' dir='ltr'>γὰρ</span> <span class='ocrx_word' id='word_1_74' title='bbox 1345 458 1385 497; x_wconf 86' lang='grc' dir='ltr'>ἐκ</span> <span class='ocrx_word' id='word_1_75' title='bbox 1417 461 1479 506; x_wconf 77' lang='grc' dir='ltr'>τῆς</span> <span class='ocrx_word' id='word_1_76' title='bbox 1499 458 1613 502; x_wconf 89' lang='grc' dir='ltr'>Ἀσίας</span> <span class='ocrx_word' id='word_1_77' title='bbox 1644 457 1846 513; x_wconf 76' lang='grc' dir='ltr'>ἐπικούρους</span> <span class='ocrx_word' id='word_1_78' title='bbox 1874 461 1943 498; x_wconf 83' lang='grc' dir='ltr'>τῶν</span> <span class='ocrx_word' id='word_1_79' title='bbox 1962 458 2096 514; x_wconf 85' lang='grc' dir='ltr'>Τρώων</span> <span class='ocrx_word' id='word_1_80' title='bbox 2119 460 2275 504; x_wconf 81' lang='grc' dir='ltr'>ἅπαντας</span> 
     </span>
     <span class='ocr_line' id='line_1_12' title="bbox 1250 517 2275 572; baseline 0.002 -17"><span class='ocrx_word' id='word_1_81' title='bbox 1250 517 1540 570; x_wconf 83' lang='grc' dir='ltr'>κατηριθμεῐσθαί</span> <span class='ocrx_word' id='word_1_82' title='bbox 1556 533 1660 572; x_wconf 81' lang='grc' dir='ltr'>φησιν</span> <span class='ocrx_word' id='word_1_83' title='bbox 1678 517 1745 556; x_wconf 80' lang='grc' dir='ltr'>ὑπὸ</span> <span class='ocrx_word' id='word_1_84' title='bbox 1763 521 1824 556; x_wconf 81' lang='grc' dir='ltr'>τοῦ</span> <span class='ocrx_word' id='word_1_85' title='bbox 1840 521 1987 565; x_wconf 80' lang='grc' dir='ltr'>ποιητοῦ</span> <span class='ocrx_word' id='word_1_86' title='bbox 2011 520 2074 565; x_wconf 73' lang='grc' dir='ltr'>τῆς</span> <span class='ocrx_word' id='word_1_87' title='bbox 2103 518 2275 572; x_wconf 69' lang='grc' dir='ltr'>χερρονή-</span> 
     </span>
     <span class='ocr_line' id='line_1_13' title="bbox 1251 569 2277 627; baseline 0.003 -15"><span class='ocrx_word' id='word_1_88' title='bbox 1251 588 1313 612; x_wconf 88' lang='grc' dir='ltr'>σου</span> <span class='ocrx_word' id='word_1_89' title='bbox 1333 574 1513 619; x_wconf 84' lang='grc' dir='ltr'>κατοίκους</span> <span class='ocrx_word' id='word_1_90' title='bbox 1532 574 1650 624; x_wconf 79' lang='grc' dir='ltr'>ὄντας,</span> <span class='ocrx_word' id='word_1_91' title='bbox 1677 569 1718 622; x_wconf 70' lang='grc' dir='ltr'>ἧς</span> <span class='ocrx_word' id='word_1_92' title='bbox 1737 578 1755 614; x_wconf 92' lang='lat'><strong>6</strong></span> <span class='ocrx_word' id='word_1_93' title='bbox 1772 575 1974 619; x_wconf 84' lang='grc' dir='ltr'>στενότατος</span> <span class='ocrx_word' id='word_1_94' title='bbox 2003 574 2123 627; x_wconf 80' lang='grc' dir='ltr'>ἰσθμός</span> <span class='ocrx_word' id='word_1_95' title='bbox 2140 577 2215 615; x_wconf 81' lang='grc' dir='ltr'>ἐστι</span> <span class='ocrx_word' id='word_1_96' title='bbox 2235 575 2277 615; x_wconf 81' lang='grc' dir='ltr'>τὸ</span> 
     </span>
     <span class='ocr_line' id='line_1_14' title="bbox 1253 631 2277 687; baseline 0.002 -16"><span class='ocrx_word' id='word_1_97' title='bbox 1253 631 1381 683; x_wconf 79' lang='grc' dir='ltr'>μεταξὺ</span> <span class='ocrx_word' id='word_1_98' title='bbox 1407 637 1468 672; x_wconf 80' lang='grc' dir='ltr'>τοῦ</span> <span class='ocrx_word' id='word_1_99' title='bbox 1499 632 1590 672; x_wconf 83' lang='grc' dir='ltr'>κατὰ</span> <span class='ocrx_word' id='word_1_100' title='bbox 1615 633 1782 682; x_wconf 84' lang='grc' dir='ltr'>Σινώπην</span> <span class='ocrx_word' id='word_1_101' title='bbox 1817 637 1930 687; x_wconf 83' lang='grc' dir='ltr'>μυχοῦ</span> <span class='ocrx_word' id='word_1_102' title='bbox 1951 633 2010 672; x_wconf 74' lang='grc' dir='ltr'>καὶ</span> <span class='ocrx_word' id='word_1_103' title='bbox 2029 635 2146 673; x_wconf 59' lang='lat' dir='ltr'>&#39;locon</span> <span class='ocrx_word' id='word_1_104' title='bbox 2160 650 2170 659; x_wconf 91' lang='lat'><strong>·</strong></span> <span class='ocrx_word' id='word_1_105' title='bbox 2188 633 2277 673; x_wconf 77' lang='grc' dir='ltr'>αἰδὲ</span> 
     </span>
     <span class='ocr_line' id='line_1_15' title="bbox 1252 691 2277 747; baseline 0.002 -17"><span class='ocrx_word' id='word_1_106' title='bbox 1252 691 1350 736; x_wconf 82' lang='grc' dir='ltr'>ἐκτὸς</span> <span class='ocrx_word' id='word_1_107' title='bbox 1370 693 1539 747; x_wconf 73' lang='grc' dir='ltr'>πλευραὶ,</span> <span class='ocrx_word' id='word_1_108' title='bbox 1558 692 1666 747; x_wconf 81' lang='grc' dir='ltr'>φησὶ,</span> <span class='ocrx_word' id='word_1_109' title='bbox 1685 695 1944 747; x_wconf 79' lang='grc' dir='ltr'>τριγωνοειδοῦς</span> <span class='ocrx_word' id='word_1_110' title='bbox 1963 692 2086 742; x_wconf 85' lang='grc' dir='ltr'>οὔσης,</span> <span class='ocrx_word' id='word_1_111' title='bbox 2119 693 2185 732; x_wconf 84' lang='grc' dir='ltr'>εἶσὶ</span> <span class='ocrx_word' id='word_1_112' title='bbox 2213 692 2277 744; x_wconf 78' lang='grc' dir='ltr'>μὲν</span> 
     </span>
     <span class='ocr_line' id='line_1_16' title="bbox 1253 749 2279 803; baseline 0.001 -15"><span class='ocrx_word' id='word_1_113' title='bbox 1253 750 1384 800; x_wconf 86' lang='grc' dir='ltr'>ἄνισοι,</span> <span class='ocrx_word' id='word_1_114' title='bbox 1403 750 1602 803; x_wconf 83' lang='grc' dir='ltr'>παρήκουσι</span> <span class='ocrx_word' id='word_1_115' title='bbox 1625 749 1662 789; x_wconf 81' lang='grc' dir='ltr'>δὲ</span> <span class='ocrx_word' id='word_1_116' title='bbox 1681 754 1703 798; x_wconf 79' lang='grc' dir='ltr'>ἡ</span> <span class='ocrx_word' id='word_1_117' title='bbox 1725 750 1788 802; x_wconf 85' lang='grc' dir='ltr'>μὲν</span> <span class='ocrx_word' id='word_1_118' title='bbox 1809 750 1879 790; x_wconf 81' lang='grc' dir='ltr'>ἀπὸ</span> <span class='ocrx_word' id='word_1_119' title='bbox 1906 750 2067 794; x_wconf 84' lang='grc' dir='ltr'>Κιλικίας</span> <span class='ocrx_word' id='word_1_120' title='bbox 2092 749 2150 788; x_wconf 75' lang='grc' dir='ltr'>ἐπὶ</span> <span class='ocrx_word' id='word_1_121' title='bbox 2167 751 2279 790; x_wconf 86' lang='grc' dir='ltr'>Χελι-</span> 
     </span>
     <span class='ocr_line' id='line_1_17' title="bbox 1253 807 2280 861; baseline 0.002 -15"><span class='ocrx_word' id='word_1_122' title='bbox 1253 808 1384 858; x_wconf 86' lang='grc' dir='ltr'>δονίας,</span> <span class='ocrx_word' id='word_1_123' title='bbox 1404 811 1426 855; x_wconf 84' lang='grc' dir='ltr'>ἡ</span> <span class='ocrx_word' id='word_1_124' title='bbox 1448 809 1476 847; x_wconf 73' lang='grc' dir='ltr'>δ’</span> <span class='ocrx_word' id='word_1_125' title='bbox 1492 807 1625 847; x_wconf 81' lang='grc' dir='ltr'>ἐνθένδε</span> <span class='ocrx_word' id='word_1_126' title='bbox 1643 808 1700 847; x_wconf 82' lang='grc' dir='ltr'>ἐπὶ</span> <span class='ocrx_word' id='word_1_127' title='bbox 1721 809 1761 848; x_wconf 84' lang='grc' dir='ltr'>τὸ</span> <span class='ocrx_word' id='word_1_128' title='bbox 1778 808 1892 861; x_wconf 85' lang='grc' dir='ltr'>στόμα</span> <span class='ocrx_word' id='word_1_129' title='bbox 1918 813 1979 848; x_wconf 82' lang='grc' dir='ltr'>τοῦ</span> <span class='ocrx_word' id='word_1_130' title='bbox 2000 808 2185 857; x_wconf 79' lang='grc' dir='ltr'>Εὐξείνου,</span> <span class='ocrx_word' id='word_1_131' title='bbox 2203 811 2226 856; x_wconf 86' lang='grc' dir='ltr'>ἡ</span> <span class='ocrx_word' id='word_1_132' title='bbox 2250 808 2280 847; x_wconf 83' lang='grc' dir='ltr'>δ’</span> 
     </span>
     <span class='ocr_line' id='line_1_18' title="bbox 1253 866 2281 919; baseline 0 -13"><span class='ocrx_word' id='word_1_133' title='bbox 1253 867 1312 906; x_wconf 79' lang='grc' dir='ltr'>ἐπὶ</span> <span class='ocrx_word' id='word_1_134' title='bbox 1345 866 1512 915; x_wconf 84' lang='grc' dir='ltr'>Σινώπην</span> <span class='ocrx_word' id='word_1_135' title='bbox 1538 868 1644 906; x_wconf 83' lang='grc' dir='ltr'>πάλιν</span> <span class='ocrx_word' id='word_1_136' title='bbox 1674 867 1819 907; x_wconf 81' lang='grc' dir='ltr'>ἐνθένδε.</span> <span class='ocrx_word' id='word_1_137' title='bbox 1852 869 1947 906; x_wconf 91' lang='lat' dir='ltr'>Inde</span> <span class='ocrx_word' id='word_1_138' title='bbox 1966 868 2281 919; x_wconf 45' lang='lat' dir='ltr'>refellit-singula</span> 
     </span>
     <span class='ocr_line' id='line_1_19' title="bbox 1253 926 2281 979; baseline -0.001 -14"><span class='ocrx_word' id='word_1_139' title='bbox 1253 926 1414 973; x_wconf 77' lang='lat' dir='ltr'>Strab03</span> <span class='ocrx_word' id='word_1_140' title='bbox 1434 935 1516 964; x_wconf 90' lang='lat' dir='ltr'>tum</span> <span class='ocrx_word' id='word_1_141' title='bbox 1532 941 1570 978; x_wconf 91' lang='lat' dir='ltr'>p.</span> <span class='ocrx_word' id='word_1_142' title='bbox 1591 928 1686 977; x_wconf 90' lang='lat'><strong>996,</strong></span> <span class='ocrx_word' id='word_1_143' title='bbox 1706 931 1748 975; x_wconf 93' lang='lat' dir='ltr'>B,</span> <span class='ocrx_word' id='word_1_144' title='bbox 1766 941 1884 978; x_wconf 88' lang='lat' dir='ltr'>quum</span> <span class='ocrx_word' id='word_1_145' title='bbox 1906 928 2086 979; x_wconf 87' lang='lat' dir='ltr'><strong>Ephorus</strong></span> <span class='ocrx_word' id='word_1_146' title='bbox 2105 927 2281 975; x_wconf 82' lang='lat' dir='ltr'><strong>dixisset,</strong></span> 
     </span>
    </p>
   </div>
   <div class='ocr_carea' id='block_1_5' title="bbox 170 986 2282 1142">
    <p class='ocr_par' dir='ltr' id='par_1_9' title="bbox 170 986 2282 1142">
     <span class='ocr_line' id='line_1_20' title="bbox 1253 986 2281 1038; baseline 0 -15"><span class='ocrx_word' id='word_1_147' title='bbox 1253 987 1357 1024; x_wconf 89' lang='lat' dir='ltr'>illam</span> <span class='ocrx_word' id='word_1_148' title='bbox 1380 986 1660 1024; x_wconf 85' lang='lat' dir='ltr'>Chersonesum</span> <span class='ocrx_word' id='word_1_149' title='bbox 1686 986 1901 1024; x_wconf 87' lang='lat' dir='ltr'>inhabitare</span> <span class='ocrx_word' id='word_1_150' title='bbox 1937 995 2069 1038; x_wconf 84' lang='lat' dir='ltr'>gentes</span> <span class='ocrx_word' id='word_1_151' title='bbox 2102 986 2281 1032; x_wconf 83' lang='lat' dir='ltr'>sedecim,</span> 
     </span>
     <span class='ocr_line' id='line_1_21' title="bbox 171 1023 2282 1099; baseline 0.003 -22"><span class='ocrx_word' id='word_1_152' title='bbox 171 1029 208 1069; x_wconf 70' lang='grc' dir='ltr'>δὲ</span> <span class='ocrx_word' id='word_1_153' title='bbox 235 1028 386 1073; x_wconf 63' lang='grc' dir='ltr'>Οὐδένας·</span> <span class='ocrx_word' id='word_1_154' title='bbox 414 1028 503 1068; x_wconf 70' lang='grc' dir='ltr'>Οὕτ’</span> <span class='ocrx_word' id='word_1_155' title='bbox 532 1023 590 1067; x_wconf 66' lang='grc' dir='ltr'>Οῧν</span> <span class='ocrx_word' id='word_1_156' title='bbox 620 1029 839 1076; x_wconf 70' lang='grc' dir='ltr'>Θουκυδίδης</span> <span class='ocrx_word' id='word_1_157' title='bbox 865 1030 994 1082; x_wconf 73' lang='grc' dir='ltr'>ὃρθῶς’</span> <span class='ocrx_word' id='word_1_158' title='bbox 1025 1028 1101 1068; x_wconf 66' lang='grc' dir='ltr'>Οὐδὲ</span> <span class='ocrx_word' id='word_1_159' title='bbox 1131 1028 1197 1083; x_wconf 69' lang='grc' dir='ltr'>γὰρ</span> <span class='ocrx_word' id='word_1_160' title='bbox 1255 1045 1407 1083; x_wconf 88' lang='grc' dir='ltr'>Διαιτῶν</span> <span class='ocrx_word' id='word_1_161' title='bbox 1427 1047 1537 1082; x_wconf 80' lang='grc' dir='ltr'>ταῦτα</span> <span class='ocrx_word' id='word_1_162' title='bbox 1555 1047 1573 1082; x_wconf 88' lang='lat'><strong>6</strong></span> <span class='ocrx_word' id='word_1_163' title='bbox 1591 1043 1848 1098; x_wconf 85' lang='grc' dir='ltr'>Ἀπολλόδωρος</span> <span class='ocrx_word' id='word_1_164' title='bbox 1865 1043 2160 1084; x_wconf 81' lang='grc' dir='ltr'>ἑπτακαιδέκατον</span> <span class='ocrx_word' id='word_1_165' title='bbox 2178 1043 2282 1099; x_wconf 84' lang='grc' dir='ltr'>φησὶν</span> 
     </span>
     <span class='ocr_line' id='line_1_22' title="bbox 170 1086 1198 1142; baseline 0 -16"><span class='ocrx_word' id='word_1_166' title='bbox 170 1087 333 1141; x_wconf 86' lang='grc' dir='ltr'>λέγεσθαί</span> <span class='ocrx_word' id='word_1_167' title='bbox 351 1103 438 1142; x_wconf 82' lang='grc' dir='ltr'>φησι</span> <span class='ocrx_word' id='word_1_168' title='bbox 467 1086 674 1142; x_wconf 73' lang='grc' dir='ltr'>βαρὸάρους,</span> <span class='ocrx_word' id='word_1_169' title='bbox 703 1087 760 1126; x_wconf 82' lang='grc' dir='ltr'>διὰ</span> <span class='ocrx_word' id='word_1_170' title='bbox 777 1086 817 1126; x_wconf 86' lang='grc' dir='ltr'>τὸ</span> <span class='ocrx_word' id='word_1_171' title='bbox 833 1086 923 1138; x_wconf 84' lang='grc' dir='ltr'>μηδὲ</span> <span class='ocrx_word' id='word_1_172' title='bbox 941 1087 1123 1136; x_wconf 70' lang='grc' dir='ltr'>ἽΞλληνάς</span> <span class='ocrx_word' id='word_1_173' title='bbox 1141 1103 1198 1126; x_wconf 89' lang='grc' dir='ltr'>πω</span> 
     </span>
    </p>
   </div>
   <div class='ocr_carea' id='block_1_6' title="bbox 172 655 2282 1200">
    <p class='ocr_par' dir='ltr' id='par_1_10' title="bbox 172 655 2282 2144">
     <span class='ocr_line' id='line_1_23' title="bbox 224 655 1230 1119; baseline -0.007 -367"><span class='ocrx_word' id='word_1_174' title='bbox 224 717 364 754; x_wconf 83' lang='lat' dir='ltr'>Strano</span> <span class='ocrx_word' id='word_1_175' title='bbox 380 714 487 759; x_wconf 89' lang='lat' dir='ltr'>XIV,</span> <span class='ocrx_word' id='word_1_176' title='bbox 501 725 538 762; x_wconf 88' lang='lat' dir='ltr'>p.</span> <span class='ocrx_word' id='word_1_177' title='bbox 553 711 646 761; x_wconf 88' lang='lat'>976,</span> <span class='ocrx_word' id='word_1_178' title='bbox 671 713 700 748; x_wconf 92' lang='lat' dir='ltr'><strong>B</strong></span> <span class='ocrx_word' id='word_1_179' title='bbox 723 709 855 761; x_wconf 87' lang='lat'>(661):</span> <span class='ocrx_word' id='word_1_180' title='bbox 884 710 958 749; x_wconf 81' lang='grc' dir='ltr'>Τοῦ</span> <span class='ocrx_word' id='word_1_181' title='bbox 985 711 1131 755; x_wconf 76' lang='grc' dir='ltr'>ποιητοῦ</span> <span class='ocrx_word' id='word_1_182' title='bbox 1160 706 1197 746; x_wconf 82' lang='grc' dir='ltr'>δὲ</span> <span class='ocrx_word' id='word_1_183' title='bbox 1222 655 1230 1119; x_wconf 62' lang='grc' dir='ltr'><strong>ι</strong></span> 
     </span>
     <span class='ocr_line' id='line_1_24' title="bbox 1186 1095 2282 1158; baseline 0.001 -18"><span class='ocrx_word' id='word_1_184' title='bbox 1186 1143 1194 1158; x_wconf 37' lang='lat' dir='ltr'>x</span> <span class='ocrx_word' id='word_1_185' title='bbox 1255 1095 1343 1140; x_wconf 64' lang='grc' dir='ltr'>εἶναι</span> <span class='ocrx_word' id='word_1_186' title='bbox 1361 1100 1401 1140; x_wconf 83' lang='grc' dir='ltr'>τὸ</span> <span class='ocrx_word' id='word_1_187' title='bbox 1419 1103 1488 1139; x_wconf 89' lang='grc' dir='ltr'>τῶν</span> <span class='ocrx_word' id='word_1_188' title='bbox 1512 1102 1681 1141; x_wconf 83' lang='grc' dir='ltr'>Γαλατῶν</span> <span class='ocrx_word' id='word_1_189' title='bbox 1694 1132 1704 1151; x_wconf 85' lang='grc'>,</span> <span class='ocrx_word' id='word_1_190' title='bbox 1722 1101 1740 1141; x_wconf 84' lang='grc' dir='ltr'>ὃ</span> <span class='ocrx_word' id='word_1_191' title='bbox 1755 1101 1921 1156; x_wconf 89' lang='grc' dir='ltr'>νεώτερον</span> <span class='ocrx_word' id='word_1_192' title='bbox 1941 1102 2014 1141; x_wconf 76' lang='grc' dir='ltr'>ἐστὶ</span> <span class='ocrx_word' id='word_1_193' title='bbox 2034 1106 2095 1141; x_wconf 78' lang='grc' dir='ltr'>τοῦ</span> <span class='ocrx_word' id='word_1_194' title='bbox 2114 1101 2282 1157; x_wconf 80' lang='grc' dir='ltr'>Ἐφόρου·</span> 
     </span>
     <span class='ocr_line' id='line_1_25' title="bbox 172 1144 1198 1200; baseline -0.001 -15"><span class='ocrx_word' id='word_1_195' title='bbox 172 1147 362 1185; x_wconf 87' lang='grc' dir='ltr'>ἀντίπαλον</span> <span class='ocrx_word' id='word_1_196' title='bbox 380 1147 428 1190; x_wconf 87' lang='grc' dir='ltr'>εἰς</span> <span class='ocrx_word' id='word_1_197' title='bbox 441 1145 475 1184; x_wconf 84' lang='grc' dir='ltr'>ἓν</span> <span class='ocrx_word' id='word_1_198' title='bbox 487 1145 598 1198; x_wconf 82' lang='grc' dir='ltr'>ὄνομα</span> <span class='ocrx_word' id='word_1_199' title='bbox 610 1145 879 1200; x_wconf 90' lang='grc' dir='ltr'>ἀποκεκρίσθαι·</span> <span class='ocrx_word' id='word_1_200' title='bbox 897 1144 937 1184; x_wconf 88' lang='grc' dir='ltr'>τό</span> <span class='ocrx_word' id='word_1_201' title='bbox 949 1162 987 1184; x_wconf 86' lang='grc' dir='ltr'>τε</span> <span class='ocrx_word' id='word_1_202' title='bbox 1003 1145 1084 1200; x_wconf 81' lang='grc' dir='ltr'>γὰρ,</span> <span class='ocrx_word' id='word_1_203' title='bbox 1095 1146 1198 1194; x_wconf 85' lang='grc' dir='ltr'>Μηδε</span> 
     </span>
    </p>
   </div>
   <div class='ocr_carea' id='block_1_7' title="bbox 170 768 1198 1024">
    <p class='ocr_par' dir='ltr' id='par_1_11' title="bbox 170 768 764 826">
     <span class='ocr_line' id='line_1_26' title="bbox 170 768 764 826; baseline -0.007 -16"><span class='ocrx_word' id='word_1_204' title='bbox 170 770 346 826; x_wconf 82' lang='grc' dir='ltr'>εἰρηκότος</span> <span class='ocrx_word' id='word_1_205' title='bbox 360 769 489 808; x_wconf 82' lang='grc' dir='ltr'>οὑτωσί</span> <span class='ocrx_word' id='word_1_206' title='bbox 502 771 565 817; x_wconf 93' lang='lat' dir='ltr'>(Il.</span> <span class='ocrx_word' id='word_1_207' title='bbox 586 771 629 817; x_wconf 92' lang='lat' dir='ltr'>B,</span> <span class='ocrx_word' id='word_1_208' title='bbox 648 768 740 821; x_wconf 89' lang='lat'>867)</span> <span class='ocrx_word' id='word_1_209' title='bbox 757 783 764 790; x_wconf 93' lang='lat'><em>·</em></span> 
     </span>
    </p>

    <p class='ocr_par' dir='ltr' id='par_1_12' title="bbox 170 845 1198 1024">
     <span class='ocr_line' id='line_1_27' title="bbox 251 845 1008 890; baseline -0.004 -10"><span class='ocrx_word' id='word_1_210' title='bbox 251 847 399 886; x_wconf 83' lang='grc' dir='ltr'>Μάσθλης</span> <span class='ocrx_word' id='word_1_211' title='bbox 414 846 452 878; x_wconf 83' lang='grc' dir='ltr'>αὗ</span> <span class='ocrx_word' id='word_1_212' title='bbox 466 848 579 890; x_wconf 87' lang='grc' dir='ltr'>Καρῶν</span> <span class='ocrx_word' id='word_1_213' title='bbox 592 847 733 888; x_wconf 79' lang='grc' dir='ltr'>ἡγήσατο</span> <span class='ocrx_word' id='word_1_214' title='bbox 746 845 1008 889; x_wconf 76' lang='grc' dir='ltr'>βαρὸαροφώνων·</span> 
     </span>
     <span class='ocr_line' id='line_1_28' title="bbox 170 908 1196 965; baseline -0.003 -15"><span class='ocrx_word' id='word_1_215' title='bbox 170 913 234 950; x_wconf 83' lang='grc' dir='ltr'>οὖκ</span> <span class='ocrx_word' id='word_1_216' title='bbox 252 911 327 965; x_wconf 85' lang='grc' dir='ltr'>ἔχει</span> <span class='ocrx_word' id='word_1_217' title='bbox 357 910 458 963; x_wconf 90' lang='grc' dir='ltr'>λόγον</span> <span class='ocrx_word' id='word_1_218' title='bbox 471 941 482 960; x_wconf 83' lang='grc'>,</span> <span class='ocrx_word' id='word_1_219' title='bbox 501 911 577 954; x_wconf 86' lang='grc' dir='ltr'>πῶς</span> <span class='ocrx_word' id='word_1_220' title='bbox 600 913 754 949; x_wconf 78' lang='grc' dir='ltr'>τοσαῦτα</span> <span class='ocrx_word' id='word_1_221' title='bbox 774 909 872 953; x_wconf 79' lang='grc' dir='ltr'>εἰδὼς</span> <span class='ocrx_word' id='word_1_222' title='bbox 902 908 981 956; x_wconf 83' lang='grc' dir='ltr'>ἔθνη</span> <span class='ocrx_word' id='word_1_223' title='bbox 1013 909 1174 963; x_wconf 72' lang='grc' dir='ltr'>βάρὸαρα</span> <span class='ocrx_word' id='word_1_224' title='bbox 1186 941 1196 960; x_wconf 88' lang='grc'><strong>,</strong></span> 
     </span>
     <span class='ocr_line' id='line_1_29' title="bbox 171 968 1198 1024; baseline -0.003 -14"><span class='ocrx_word' id='word_1_225' title='bbox 171 970 297 1023; x_wconf 85' lang='grc' dir='ltr'>μόνους</span> <span class='ocrx_word' id='word_1_226' title='bbox 314 969 431 1024; x_wconf 88' lang='grc' dir='ltr'>εἴρηκε</span> <span class='ocrx_word' id='word_1_227' title='bbox 451 969 742 1024; x_wconf 75' lang='grc' dir='ltr'>βαρὸαροφώνους</span> <span class='ocrx_word' id='word_1_228' title='bbox 757 968 835 1013; x_wconf 74' lang='grc' dir='ltr'>τοὺς</span> <span class='ocrx_word' id='word_1_229' title='bbox 850 971 984 1023; x_wconf 86' lang='grc' dir='ltr'>Κᾶρας,</span> <span class='ocrx_word' id='word_1_230' title='bbox 1004 969 1198 1023; x_wconf 75' lang='grc' dir='ltr'>βαρὸάρους</span> 
     </span>
    </p>
   </div>
   <div class='ocr_carea' id='block_1_8' title="bbox 170 1159 2285 1273">
    <p class='ocr_par' dir='ltr' id='par_1_13' title="bbox 170 1159 2285 1273">
     <span class='ocr_line' id='line_1_30' title="bbox 1255 1159 2284 1213; baseline 0.003 -16"><span class='ocrx_word' id='word_1_231' title='bbox 1255 1169 1293 1198; x_wconf 88' lang='lat' dir='ltr'>et</span> <span class='ocrx_word' id='word_1_232' title='bbox 1312 1161 1453 1198; x_wconf 83' lang='lat' dir='ltr'>iterum</span> <span class='ocrx_word' id='word_1_233' title='bbox 1472 1173 1511 1211; x_wconf 90' lang='lat' dir='ltr'>p.</span> <span class='ocrx_word' id='word_1_234' title='bbox 1539 1161 1636 1210; x_wconf 87' lang='lat'><strong>998,</strong></span> <span class='ocrx_word' id='word_1_235' title='bbox 1665 1163 1723 1198; x_wconf 87' lang='lat' dir='ltr'>A:</span> <span class='ocrx_word' id='word_1_236' title='bbox 1739 1160 1998 1213; x_wconf 86' lang='grc' dir='ltr'>Ἀπολλόδωρος</span> <span class='ocrx_word' id='word_1_237' title='bbox 2014 1160 2051 1199; x_wconf 84' lang='grc' dir='ltr'>δὲ</span> <span class='ocrx_word' id='word_1_238' title='bbox 2069 1160 2200 1199; x_wconf 86' lang='grc' dir='ltr'>τούτων</span> <span class='ocrx_word' id='word_1_239' title='bbox 2221 1159 2284 1213; x_wconf 85' lang='grc' dir='ltr'>μὲν</span> 
     </span>
     <span class='ocr_line' id='line_1_31' title="bbox 170 1203 2285 1273; baseline 0.003 -21"><span class='ocrx_word' id='word_1_240' title='bbox 170 1204 353 1252; x_wconf 55' lang='grc' dir='ltr'>υΕλληνάς</span> <span class='ocrx_word' id='word_1_241' title='bbox 365 1220 441 1253; x_wconf 70' lang='grc' dir='ltr'>πω,</span> <span class='ocrx_word' id='word_1_242' title='bbox 461 1205 584 1257; x_wconf 65' lang='grc' dir='ltr'>ψεῦδος</span> <span class='ocrx_word' id='word_1_243' title='bbox 600 1204 701 1249; x_wconf 70' lang='grc' dir='ltr'>αὐτὸς</span> <span class='ocrx_word' id='word_1_244' title='bbox 719 1207 736 1242; x_wconf 78' lang='grc' dir='ltr'>ὃ</span> <span class='ocrx_word' id='word_1_245' title='bbox 754 1203 902 1252; x_wconf 63' lang='grc' dir='ltr'>ποιητὴς</span> <span class='ocrx_word' id='word_1_246' title='bbox 913 1203 1100 1257; x_wconf 69' lang='grc' dir='ltr'>ἆπῑλέγχεῑ</span> <span class='ocrx_word' id='word_1_247' title='bbox 1111 1220 1119 1228; x_wconf 90' lang='grc'><strong>”</strong></span> <span class='ocrx_word' id='word_1_248' title='bbox 1256 1217 1452 1272; x_wconf 76' lang='grc' dir='ltr'>ἐφρόντισεν</span> <span class='ocrx_word' id='word_1_249' title='bbox 1468 1216 1580 1267; x_wconf 77' lang='grc' dir='ltr'>οὐδὲν,</span> <span class='ocrx_word' id='word_1_250' title='bbox 1595 1223 1666 1262; x_wconf 86' lang='grc' dir='ltr'>τοῖς</span> <span class='ocrx_word' id='word_1_251' title='bbox 1682 1217 1719 1256; x_wconf 82' lang='grc' dir='ltr'>δὲ</span> <span class='ocrx_word' id='word_1_252' title='bbox 1734 1218 1920 1257; x_wconf 78' lang='grc' dir='ltr'>ἑκκαίδεκα</span> <span class='ocrx_word' id='word_1_253' title='bbox 1933 1218 2046 1257; x_wconf 85' lang='grc' dir='ltr'>ἔθνεσι</span> <span class='ocrx_word' id='word_1_254' title='bbox 2058 1218 2285 1273; x_wconf 88' lang='grc' dir='ltr'>προστίθησιν</span> 
     </span>
    </p>
   </div>
   <div class='ocr_carea' id='block_1_9' title="bbox 1256 1274 2288 1792">
    <p class='ocr_par' dir='ltr' id='par_1_14' title="bbox 1256 1274 2288 1792">
     <span class='ocr_line' id='line_1_32' title="bbox 1256 1274 2287 1330; baseline 0.001 -16"><span class='ocrx_word' id='word_1_255' title='bbox 1256 1274 1578 1326; x_wconf 80' lang='grc' dir='ltr'>ἑπτακαιδέκατον,</span> <span class='ocrx_word' id='word_1_256' title='bbox 1597 1274 1637 1313; x_wconf 82' lang='grc' dir='ltr'>τὸ</span> <span class='ocrx_word' id='word_1_257' title='bbox 1665 1277 1735 1313; x_wconf 87' lang='grc' dir='ltr'>τῶν</span> <span class='ocrx_word' id='word_1_258' title='bbox 1756 1277 1946 1325; x_wconf 82' lang='grc' dir='ltr'>Γαλατῶν,</span> <span class='ocrx_word' id='word_1_259' title='bbox 1975 1275 2091 1320; x_wconf 83' lang='grc' dir='ltr'>ἄλλως</span> <span class='ocrx_word' id='word_1_260' title='bbox 2113 1275 2176 1328; x_wconf 80' lang='grc' dir='ltr'>μὲν</span> <span class='ocrx_word' id='word_1_261' title='bbox 2194 1275 2287 1330; x_wconf 82' lang='grc' dir='ltr'>χρή-</span> 
     </span>
     <span class='ocr_line' id='line_1_33' title="bbox 1258 1332 2286 1389; baseline 0.001 -17"><span class='ocrx_word' id='word_1_262' title='bbox 1258 1349 1358 1385; x_wconf 89' lang='grc' dir='ltr'>σιμον</span> <span class='ocrx_word' id='word_1_263' title='bbox 1375 1335 1558 1385; x_wconf 73' lang='grc' dir='ltr'>λεχθῆναι,</span> <span class='ocrx_word' id='word_1_264' title='bbox 1574 1333 1660 1387; x_wconf 83' lang='grc' dir='ltr'>πρὸς</span> <span class='ocrx_word' id='word_1_265' title='bbox 1679 1332 1715 1372; x_wconf 82' lang='grc' dir='ltr'>δὲ</span> <span class='ocrx_word' id='word_1_266' title='bbox 1733 1332 1797 1381; x_wconf 86' lang='grc' dir='ltr'>τὴν</span> <span class='ocrx_word' id='word_1_267' title='bbox 1819 1334 1953 1373; x_wconf 87' lang='grc' dir='ltr'>δίαιταν</span> <span class='ocrx_word' id='word_1_268' title='bbox 1969 1336 2038 1372; x_wconf 90' lang='grc' dir='ltr'>τῶν</span> <span class='ocrx_word' id='word_1_269' title='bbox 2055 1337 2116 1373; x_wconf 79' lang='grc' dir='ltr'>τοῦ</span> <span class='ocrx_word' id='word_1_270' title='bbox 2134 1333 2286 1389; x_wconf 83' lang='grc' dir='ltr'>Ἐφόρου</span> 
     </span>
     <span class='ocr_line' id='line_1_34' title="bbox 1256 1392 2287 1448; baseline -0.001 -15"><span class='ocrx_word' id='word_1_271' title='bbox 1256 1393 1455 1445; x_wconf 88' lang='grc' dir='ltr'>λεγομένων</span> <span class='ocrx_word' id='word_1_272' title='bbox 1483 1392 1505 1439; x_wconf 84' lang='grc' dir='ltr'>ἢ</span> <span class='ocrx_word' id='word_1_273' title='bbox 1525 1393 1842 1447; x_wconf 86' lang='grc' dir='ltr'>παραλειπομένων</span> <span class='ocrx_word' id='word_1_274' title='bbox 1871 1393 1968 1433; x_wconf 83' lang='grc' dir='ltr'>οὐδὲν</span> <span class='ocrx_word' id='word_1_275' title='bbox 1989 1393 2065 1434; x_wconf 88' lang='grc' dir='ltr'>δέον</span> <span class='ocrx_word' id='word_1_276' title='bbox 2081 1410 2090 1419; x_wconf 94' lang='grc'><em>·</em></span> <span class='ocrx_word' id='word_1_277' title='bbox 2113 1393 2231 1448; x_wconf 84' lang='grc' dir='ltr'>εἴρηκε</span> <span class='ocrx_word' id='word_1_278' title='bbox 2250 1393 2287 1433; x_wconf 82' lang='grc' dir='ltr'>δὲ</span> 
     </span>
     <span class='ocr_line' id='line_1_35' title="bbox 1257 1452 2287 1507; baseline 0.001 -17"><span class='ocrx_word' id='word_1_279' title='bbox 1257 1452 1320 1501; x_wconf 86' lang='grc' dir='ltr'>τὴν</span> <span class='ocrx_word' id='word_1_280' title='bbox 1340 1452 1453 1491; x_wconf 84' lang='grc' dir='ltr'>αἰτίαν</span> <span class='ocrx_word' id='word_1_281' title='bbox 1472 1452 1573 1496; x_wconf 73' lang='grc' dir='ltr'>αὐτὸς</span> <span class='ocrx_word' id='word_1_282' title='bbox 1584 1481 1594 1499; x_wconf 90' lang='grc'><strong><em>,</em></strong></span> <span class='ocrx_word' id='word_1_283' title='bbox 1611 1452 1663 1491; x_wconf 80' lang='grc' dir='ltr'>ὅτι</span> <span class='ocrx_word' id='word_1_284' title='bbox 1682 1456 1795 1492; x_wconf 77' lang='grc' dir='ltr'>ταῦτα</span> <span class='ocrx_word' id='word_1_285' title='bbox 1811 1452 1929 1492; x_wconf 85' lang='grc' dir='ltr'>πάντα</span> <span class='ocrx_word' id='word_1_286' title='bbox 1946 1453 2096 1507; x_wconf 84' lang='grc' dir='ltr'>νεώτερα</span> <span class='ocrx_word' id='word_1_287' title='bbox 2113 1455 2176 1500; x_wconf 79' lang='grc' dir='ltr'>τῆς</span> <span class='ocrx_word' id='word_1_288' title='bbox 2194 1452 2287 1491; x_wconf 86' lang='grc' dir='ltr'>ἐκεί-</span> 
     </span>
     <span class='ocr_line' id='line_1_36' title="bbox 1257 1510 2287 1563; baseline -0.001 -12"><span class='ocrx_word' id='word_1_289' title='bbox 1257 1528 1318 1552; x_wconf 93' lang='grc' dir='ltr'>νου</span> <span class='ocrx_word' id='word_1_290' title='bbox 1343 1511 1495 1558; x_wconf 80' lang='grc' dir='ltr'>ἧλικίας.</span> <span class='ocrx_word' id='word_1_291' title='bbox 1515 1511 1683 1554; x_wconf 77' lang='grc' dir='ltr'>Μεταὸὰς</span> <span class='ocrx_word' id='word_1_292' title='bbox 1706 1511 1736 1549; x_wconf 89' lang='grc' dir='ltr'>δ’</span> <span class='ocrx_word' id='word_1_293' title='bbox 1761 1511 1818 1549; x_wconf 74' lang='grc' dir='ltr'>ἐπὶ</span> <span class='ocrx_word' id='word_1_294' title='bbox 1837 1511 1895 1550; x_wconf 85' lang='grc' dir='ltr'>τὸν</span> <span class='ocrx_word' id='word_1_295' title='bbox 1914 1511 2085 1561; x_wconf 86' lang='grc' dir='ltr'>ποιητὴν,</span> <span class='ocrx_word' id='word_1_296' title='bbox 2103 1516 2204 1550; x_wconf 76' lang='grc' dir='ltr'>τοῦτο</span> <span class='ocrx_word' id='word_1_297' title='bbox 2223 1510 2287 1563; x_wconf 80' lang='grc' dir='ltr'>μὲν</span> 
     </span>
     <span class='ocr_line' id='line_1_37' title="bbox 1258 1569 2280 1625; baseline -0.001 -15"><span class='ocrx_word' id='word_1_298' title='bbox 1258 1573 1365 1625; x_wconf 85' lang='grc' dir='ltr'>ὀρθῶς</span> <span class='ocrx_word' id='word_1_299' title='bbox 1391 1569 1504 1622; x_wconf 83' lang='grc' dir='ltr'>λέγει,</span> <span class='ocrx_word' id='word_1_300' title='bbox 1535 1569 1622 1609; x_wconf 89' lang='grc' dir='ltr'>διότι</span> <span class='ocrx_word' id='word_1_301' title='bbox 1650 1569 1764 1617; x_wconf 85' lang='grc' dir='ltr'>πολλὴ</span> <span class='ocrx_word' id='word_1_302' title='bbox 1800 1569 1968 1623; x_wconf 85' lang='grc' dir='ltr'>σύγχυσις</span> <span class='ocrx_word' id='word_1_303' title='bbox 1994 1570 2179 1623; x_wconf 85' lang='grc' dir='ltr'>γεγένηται</span> <span class='ocrx_word' id='word_1_304' title='bbox 2210 1572 2280 1609; x_wconf 89' lang='grc' dir='ltr'>τῶν</span> 
     </span>
     <span class='ocr_line' id='line_1_38' title="bbox 1261 1628 2287 1683; baseline -0.001 -15"><span class='ocrx_word' id='word_1_305' title='bbox 1261 1629 1446 1683; x_wconf 75' lang='grc' dir='ltr'>βαρὸάρων</span> <span class='ocrx_word' id='word_1_306' title='bbox 1465 1631 1570 1667; x_wconf 81' lang='grc' dir='ltr'>ἐθνῶν</span> <span class='ocrx_word' id='word_1_307' title='bbox 1586 1628 1656 1667; x_wconf 76' lang='grc' dir='ltr'>ἀπὸ</span> <span class='ocrx_word' id='word_1_308' title='bbox 1676 1631 1746 1667; x_wconf 85' lang='grc' dir='ltr'>τῶν</span> <span class='ocrx_word' id='word_1_309' title='bbox 1765 1631 1937 1682; x_wconf 85' lang='grc' dir='ltr'>Τρωϊκῶν</span> <span class='ocrx_word' id='word_1_310' title='bbox 1955 1632 1990 1673; x_wconf 79' lang='grc' dir='ltr'>ἐς</span> <span class='ocrx_word' id='word_1_311' title='bbox 2010 1628 2055 1668; x_wconf 83' lang='grc' dir='ltr'>τὰ</span> <span class='ocrx_word' id='word_1_312' title='bbox 2071 1633 2130 1668; x_wconf 81' lang='grc' dir='ltr'>νῦν</span> <span class='ocrx_word' id='word_1_313' title='bbox 2149 1628 2206 1668; x_wconf 74' lang='grc' dir='ltr'>διὰ</span> <span class='ocrx_word' id='word_1_314' title='bbox 2224 1628 2287 1673; x_wconf 76' lang='grc' dir='ltr'>τὰς</span> 
     </span>
     <span class='ocr_line' id='line_1_39' title="bbox 1260 1686 2287 1741; baseline -0.001 -14"><span class='ocrx_word' id='word_1_315' title='bbox 1260 1687 1517 1741; x_wconf 77' lang='grc' dir='ltr'>μεταπτώσεις·</span> <span class='ocrx_word' id='word_1_316' title='bbox 1536 1687 1597 1726; x_wconf 84' lang='grc' dir='ltr'>καὶ</span> <span class='ocrx_word' id='word_1_317' title='bbox 1612 1687 1679 1741; x_wconf 88' lang='grc' dir='ltr'>γὰρ</span> <span class='ocrx_word' id='word_1_318' title='bbox 1698 1686 1913 1741; x_wconf 87' lang='grc' dir='ltr'>προσγέγονέ</span> <span class='ocrx_word' id='word_1_319' title='bbox 1925 1703 2005 1726; x_wconf 86' lang='grc' dir='ltr'>τινα</span> <span class='ocrx_word' id='word_1_320' title='bbox 2023 1687 2085 1726; x_wconf 81' lang='grc' dir='ltr'>καὶ</span> <span class='ocrx_word' id='word_1_321' title='bbox 2103 1687 2287 1726; x_wconf 86' lang='grc' dir='ltr'>ἐλλέλοιπε</span> 
     </span>
     <span class='ocr_line' id='line_1_40' title="bbox 1259 1739 2288 1792; baseline -0.002 -7"><span class='ocrx_word' id='word_1_322' title='bbox 1259 1746 1320 1786; x_wconf 78' lang='grc' dir='ltr'>καὶ</span> <span class='ocrx_word' id='word_1_323' title='bbox 1336 1745 1544 1785; x_wconf 82' lang='grc' dir='ltr'>διέσπασται</span> <span class='ocrx_word' id='word_1_324' title='bbox 1567 1745 1627 1783; x_wconf 80' lang='grc' dir='ltr'>καὶ</span> <span class='ocrx_word' id='word_1_325' title='bbox 1648 1748 1818 1792; x_wconf 74' lang='grc' dir='ltr'>συνῆκται</span> <span class='ocrx_word' id='word_1_326' title='bbox 1845 1746 1893 1788; x_wconf 85' lang='grc' dir='ltr'>εἷς</span> <span class='ocrx_word' id='word_1_327' title='bbox 1912 1744 1960 1784; x_wconf 80' lang='grc' dir='ltr'>ἕν.</span> <span class='ocrx_word' id='word_1_328' title='bbox 1990 1747 2069 1786; x_wconf 80' lang='grc' dir='ltr'>Οὔκ</span> <span class='ocrx_word' id='word_1_329' title='bbox 2094 1739 2132 1784; x_wconf 72' lang='grc' dir='ltr'>εῧ</span> <span class='ocrx_word' id='word_1_330' title='bbox 2163 1743 2200 1783; x_wconf 80' lang='grc' dir='ltr'>δὲ</span> <span class='ocrx_word' id='word_1_331' title='bbox 2224 1743 2288 1792; x_wconf 83' lang='grc' dir='ltr'>τὴν</span> 
     </span>
    </p>
   </div>
   <div class='ocr_carea' id='block_1_10' title="bbox 171 1286 1203 2137">
    <p class='ocr_par' dir='ltr' id='par_1_15' title="bbox 171 1286 1176 1397">
     <span class='ocr_line' id='line_1_41' title="bbox 252 1286 1176 1330; baseline 0.001 -11"><span class='ocrx_word' id='word_1_332' title='bbox 252 1287 382 1330; x_wconf 73' lang='grc' dir='ltr'>Ἀνδρος,</span> <span class='ocrx_word' id='word_1_333' title='bbox 404 1290 461 1319; x_wconf 82' lang='grc' dir='ltr'>τοῦ</span> <span class='ocrx_word' id='word_1_334' title='bbox 473 1287 561 1324; x_wconf 87' lang='grc' dir='ltr'>κλέος</span> <span class='ocrx_word' id='word_1_335' title='bbox 573 1286 643 1330; x_wconf 81' lang='grc' dir='ltr'>εὐρὺ</span> <span class='ocrx_word' id='word_1_336' title='bbox 656 1288 725 1319; x_wconf 85' lang='grc' dir='ltr'>καθ’</span> <span class='ocrx_word' id='word_1_337' title='bbox 741 1287 874 1319; x_wconf 82' lang='grc' dir='ltr'>Ἑλλάδα</span> <span class='ocrx_word' id='word_1_338' title='bbox 885 1288 939 1319; x_wconf 82' lang='grc' dir='ltr'>καὶ</span> <span class='ocrx_word' id='word_1_339' title='bbox 954 1287 1047 1328; x_wconf 86' lang='grc' dir='ltr'>μέσον</span> <span class='ocrx_word' id='word_1_340' title='bbox 1060 1287 1176 1330; x_wconf 89' lang='grc' dir='ltr'>Ἄργος·</span> 
     </span>
     <span class='ocr_line' id='line_1_42' title="bbox 171 1358 378 1397; baseline 0 -1"><span class='ocrx_word' id='word_1_341' title='bbox 171 1359 231 1396; x_wconf 77' lang='grc' dir='ltr'>καὶ</span> <span class='ocrx_word' id='word_1_342' title='bbox 249 1358 355 1397; x_wconf 88' lang='grc' dir='ltr'>πάλιν</span> <span class='ocrx_word' id='word_1_343' title='bbox 369 1373 378 1382; x_wconf 87' lang='grc'><em>·</em></span> 
     </span>
    </p>

    <p class='ocr_par' dir='ltr' id='par_1_16' title="bbox 171 1434 1203 2137">
     <span class='ocr_line' id='line_1_43' title="bbox 256 1434 1124 1478; baseline 0.002 -11"><span class='ocrx_word' id='word_1_344' title='bbox 256 1435 323 1467; x_wconf 80' lang='grc' dir='ltr'>Εἶτ’</span> <span class='ocrx_word' id='word_1_345' title='bbox 335 1435 438 1476; x_wconf 86' lang='grc' dir='ltr'>ἐθέλῃς</span> <span class='ocrx_word' id='word_1_346' title='bbox 454 1435 614 1477; x_wconf 78' lang='grc' dir='ltr'>τερφθῆναι</span> <span class='ocrx_word' id='word_1_347' title='bbox 627 1434 673 1466; x_wconf 89' lang='grc' dir='ltr'>ἀν’</span> <span class='ocrx_word' id='word_1_348' title='bbox 685 1434 817 1466; x_wconf 85' lang='grc' dir='ltr'>Ἑλλάδα</span> <span class='ocrx_word' id='word_1_349' title='bbox 829 1435 882 1467; x_wconf 88' lang='grc' dir='ltr'>καὶ</span> <span class='ocrx_word' id='word_1_350' title='bbox 897 1435 991 1477; x_wconf 85' lang='grc' dir='ltr'>μέσον</span> <span class='ocrx_word' id='word_1_351' title='bbox 1007 1435 1124 1478; x_wconf 88' lang='grc' dir='ltr'>Ἄργος.</span> 
     </span>
     <span class='ocr_line' id='line_1_44' title="bbox 172 1495 1201 1554; baseline 0.001 -15"><span class='ocrx_word' id='word_1_352' title='bbox 172 1499 235 1547; x_wconf 84' lang='grc' dir='ltr'>Μὴ</span> <span class='ocrx_word' id='word_1_353' title='bbox 252 1498 449 1551; x_wconf 85' lang='grc' dir='ltr'>λεγομένων</span> <span class='ocrx_word' id='word_1_354' title='bbox 468 1514 507 1536; x_wconf 87' lang='grc' dir='ltr'>τε</span> <span class='ocrx_word' id='word_1_355' title='bbox 528 1497 724 1553; x_wconf 74' lang='grc' dir='ltr'>βαρὸάρων,</span> <span class='ocrx_word' id='word_1_356' title='bbox 741 1501 815 1543; x_wconf 88' lang='grc' dir='ltr'>πῶς</span> <span class='ocrx_word' id='word_1_357' title='bbox 845 1498 989 1551; x_wconf 85' lang='grc' dir='ltr'>ἔμελλεν</span> <span class='ocrx_word' id='word_1_358' title='bbox 1013 1495 1051 1538; x_wconf 76' lang='grc' dir='ltr'>εῧ</span> <span class='ocrx_word' id='word_1_359' title='bbox 1068 1501 1201 1554; x_wconf 85' lang='grc' dir='ltr'>λεχθή-</span> 
     </span>
     <span class='ocr_line' id='line_1_45' title="bbox 172 1553 1201 1611; baseline 0.002 -14"><span class='ocrx_word' id='word_1_360' title='bbox 172 1561 294 1597; x_wconf 86' lang='grc' dir='ltr'>σεσθαι</span> <span class='ocrx_word' id='word_1_361' title='bbox 318 1557 359 1596; x_wconf 87' lang='grc' dir='ltr'>τὸ</span> <span class='ocrx_word' id='word_1_362' title='bbox 389 1556 694 1611; x_wconf 72' lang='grc' dir='ltr'>βαρὸαροφώνων;</span> <span class='ocrx_word' id='word_1_363' title='bbox 725 1557 819 1597; x_wconf 87' lang='grc' dir='ltr'>Οὔτε</span> <span class='ocrx_word' id='word_1_364' title='bbox 842 1557 883 1605; x_wconf 84' lang='grc' dir='ltr'>δὴ</span> <span class='ocrx_word' id='word_1_365' title='bbox 912 1553 1010 1602; x_wconf 64' lang='grc' dir='ltr'>οἶτος</span> <span class='ocrx_word' id='word_1_366' title='bbox 1040 1553 1077 1598; x_wconf 77' lang='grc' dir='ltr'>εῧ</span> <span class='ocrx_word' id='word_1_367' title='bbox 1094 1572 1102 1580; x_wconf 94' lang='grc'><em>·</em></span> <span class='ocrx_word' id='word_1_368' title='bbox 1130 1560 1201 1600; x_wconf 84' lang='grc' dir='ltr'>οὔτ’</span> 
     </span>
     <span class='ocr_line' id='line_1_46' title="bbox 172 1615 1202 1672; baseline 0.004 -17"><span class='ocrx_word' id='word_1_369' title='bbox 172 1615 431 1669; x_wconf 81' lang='grc' dir='ltr'>Ἀπολλόδωρος</span> <span class='ocrx_word' id='word_1_370' title='bbox 457 1618 475 1654; x_wconf 92' lang='lat'><strong>6</strong></span> <span class='ocrx_word' id='word_1_371' title='bbox 504 1615 771 1669; x_wconf 80' lang='grc' dir='ltr'>γραμματικὸς,</span> <span class='ocrx_word' id='word_1_372' title='bbox 797 1615 849 1655; x_wconf 75' lang='grc' dir='ltr'>ὅτι</span> <span class='ocrx_word' id='word_1_373' title='bbox 865 1619 916 1671; x_wconf 81' lang='grc' dir='ltr'>τῷ</span> <span class='ocrx_word' id='word_1_374' title='bbox 938 1620 1043 1672; x_wconf 85' lang='grc' dir='ltr'>κοινῷ</span> <span class='ocrx_word' id='word_1_375' title='bbox 1057 1618 1202 1671; x_wconf 85' lang='grc' dir='ltr'>ὀνόματι</span> 
     </span>
     <span class='ocr_line' id='line_1_47' title="bbox 172 1674 1201 1728; baseline 0.004 -15"><span class='ocrx_word' id='word_1_376' title='bbox 172 1675 266 1720; x_wconf 81' lang='grc' dir='ltr'>ἰδίως</span> <span class='ocrx_word' id='word_1_377' title='bbox 293 1674 354 1713; x_wconf 89' lang='grc' dir='ltr'>καὶ</span> <span class='ocrx_word' id='word_1_378' title='bbox 382 1674 548 1727; x_wconf 87' lang='grc' dir='ltr'>λοιδόρως</span> <span class='ocrx_word' id='word_1_379' title='bbox 577 1677 730 1728; x_wconf 86' lang='grc' dir='ltr'>ἐχρῶντο</span> <span class='ocrx_word' id='word_1_380' title='bbox 757 1677 788 1713; x_wconf 85' lang='grc' dir='ltr'>οἱ</span> <span class='ocrx_word' id='word_1_381' title='bbox 810 1674 984 1724; x_wconf 78' lang='grc' dir='ltr'>ἽΞλληνες</span> <span class='ocrx_word' id='word_1_382' title='bbox 1013 1676 1104 1716; x_wconf 82' lang='grc' dir='ltr'>κατὰ</span> <span class='ocrx_word' id='word_1_383' title='bbox 1131 1681 1201 1717; x_wconf 89' lang='grc' dir='ltr'>τῶν</span> 
     </span>
     <span class='ocr_line' id='line_1_48' title="bbox 173 1732 1202 1788; baseline 0.004 -15"><span class='ocrx_word' id='word_1_384' title='bbox 173 1736 317 1788; x_wconf 87' lang='grc' dir='ltr'>Καρῶν,</span> <span class='ocrx_word' id='word_1_385' title='bbox 340 1732 399 1771; x_wconf 83' lang='grc' dir='ltr'>καὶ</span> <span class='ocrx_word' id='word_1_386' title='bbox 423 1733 578 1784; x_wconf 84' lang='grc' dir='ltr'>μάλιστα</span> <span class='ocrx_word' id='word_1_387' title='bbox 595 1736 626 1771; x_wconf 83' lang='grc' dir='ltr'>οἱ</span> <span class='ocrx_word' id='word_1_388' title='bbox 639 1732 778 1781; x_wconf 87' lang='grc' dir='ltr'>Ἴωνες,</span> <span class='ocrx_word' id='word_1_389' title='bbox 802 1739 980 1784; x_wconf 77' lang='grc' dir='ltr'>μισοῦντες</span> <span class='ocrx_word' id='word_1_390' title='bbox 1000 1736 1125 1782; x_wconf 80' lang='grc' dir='ltr'>αὐτοὺς</span> <span class='ocrx_word' id='word_1_391' title='bbox 1144 1738 1202 1777; x_wconf 84' lang='grc' dir='ltr'>διὰ</span> 
     </span>
     <span class='ocr_line' id='line_1_49' title="bbox 171 1790 1202 1852; baseline 0.006 -23"><span class='ocrx_word' id='word_1_392' title='bbox 171 1791 235 1840; x_wconf 80' lang='grc' dir='ltr'>τὴν</span> <span class='ocrx_word' id='word_1_393' title='bbox 259 1791 386 1846; x_wconf 82' lang='grc' dir='ltr'>ἔχθραν</span> <span class='ocrx_word' id='word_1_394' title='bbox 408 1790 469 1830; x_wconf 82' lang='grc' dir='ltr'>καὶ</span> <span class='ocrx_word' id='word_1_395' title='bbox 492 1791 554 1835; x_wconf 80' lang='grc' dir='ltr'>τὰς</span> <span class='ocrx_word' id='word_1_396' title='bbox 581 1798 737 1845; x_wconf 88' lang='grc' dir='ltr'>συνεχεῖς</span> <span class='ocrx_word' id='word_1_397' title='bbox 766 1794 962 1848; x_wconf 89' lang='grc' dir='ltr'>στρατείας.</span> <span class='ocrx_word' id='word_1_398' title='bbox 983 1794 1116 1849; x_wconf 69' lang='grc' dir='ltr'>Ἐχρῆν</span> <span class='ocrx_word' id='word_1_399' title='bbox 1134 1796 1202 1852; x_wconf 78' lang='grc' dir='ltr'>γὰρ</span> 
     </span>
     <span class='ocr_line' id='line_1_50' title="bbox 172 1850 1203 1906; baseline 0.005 -16"><span class='ocrx_word' id='word_1_400' title='bbox 172 1851 264 1890; x_wconf 75' lang='grc' dir='ltr'>οὕτω</span> <span class='ocrx_word' id='word_1_401' title='bbox 286 1851 482 1905; x_wconf 73' lang='grc' dir='ltr'>βαρὸάρους</span> <span class='ocrx_word' id='word_1_402' title='bbox 501 1851 695 1903; x_wconf 82' lang='grc' dir='ltr'>ὀνομάζειν.</span> <span class='ocrx_word' id='word_1_403' title='bbox 714 1850 838 1902; x_wconf 86' lang='grc' dir='ltr'>Ἡμεῖς</span> <span class='ocrx_word' id='word_1_404' title='bbox 867 1852 903 1891; x_wconf 84' lang='grc' dir='ltr'>δὲ</span> <span class='ocrx_word' id='word_1_405' title='bbox 933 1856 1101 1906; x_wconf 78' lang='grc' dir='ltr'>ζητοῦμεν</span> <span class='ocrx_word' id='word_1_406' title='bbox 1114 1887 1124 1904; x_wconf 89' lang='grc'>,</span> <span class='ocrx_word' id='word_1_407' title='bbox 1146 1856 1203 1895; x_wconf 86' lang='grc' dir='ltr'>διὰ</span> 
     </span>
     <span class='ocr_line' id='line_1_51' title="bbox 172 1910 1200 1965; baseline 0.006 -17"><span class='ocrx_word' id='word_1_408' title='bbox 172 1911 206 1949; x_wconf 88' lang='grc' dir='ltr'>τί</span> <span class='ocrx_word' id='word_1_409' title='bbox 240 1910 530 1964; x_wconf 69' lang='grc' dir='ltr'>βαρίῗαροφώνους</span> <span class='ocrx_word' id='word_1_410' title='bbox 559 1911 680 1959; x_wconf 83' lang='grc' dir='ltr'>καλεῖ,</span> <span class='ocrx_word' id='word_1_411' title='bbox 715 1910 911 1965; x_wconf 72' lang='grc' dir='ltr'>βαρὸἄρους</span> <span class='ocrx_word' id='word_1_412' title='bbox 941 1913 971 1950; x_wconf 84' lang='grc' dir='ltr'>δ’</span> <span class='ocrx_word' id='word_1_413' title='bbox 1004 1914 1076 1951; x_wconf 82' lang='grc' dir='ltr'>οὐδ’</span> <span class='ocrx_word' id='word_1_414' title='bbox 1096 1914 1200 1960; x_wconf 83' lang='grc' dir='ltr'>ἅπαξ.</span> 
     </span>
     <span class='ocr_line' id='line_1_52' title="bbox 171 1967 1203 2025; baseline 0.007 -19"><span class='ocrx_word' id='word_1_415' title='bbox 171 1967 272 2017; x_wconf 77' lang='grc' dir='ltr'>“Ὀτι,</span> <span class='ocrx_word' id='word_1_416' title='bbox 293 1968 401 2021; x_wconf 82' lang='grc' dir='ltr'>φησὶ,</span> <span class='ocrx_word' id='word_1_417' title='bbox 421 1967 461 2007; x_wconf 80' lang='grc' dir='ltr'>τὸ</span> <span class='ocrx_word' id='word_1_418' title='bbox 476 1967 708 2015; x_wconf 82' lang='grc' dir='ltr'>πληθυντικὸν</span> <span class='ocrx_word' id='word_1_419' title='bbox 729 1970 775 2012; x_wconf 88' lang='grc' dir='ltr'>εἷς</span> <span class='ocrx_word' id='word_1_420' title='bbox 793 1970 833 2008; x_wconf 84' lang='grc' dir='ltr'>τὸ</span> <span class='ocrx_word' id='word_1_421' title='bbox 855 1969 980 2025; x_wconf 85' lang='grc' dir='ltr'>μέτρον</span> <span class='ocrx_word' id='word_1_422' title='bbox 1012 1974 1075 2011; x_wconf 82' lang='grc' dir='ltr'>οὐκ</span> <span class='ocrx_word' id='word_1_423' title='bbox 1093 1974 1203 2025; x_wconf 86' lang='grc' dir='ltr'>ἐμπί-</span> 
     </span>
     <span class='ocr_line' id='line_1_53' title="bbox 172 2025 1203 2083; baseline 0.007 -19"><span class='ocrx_word' id='word_1_424' title='bbox 172 2042 270 2075; x_wconf 86' lang='grc' dir='ltr'>πτει,</span> <span class='ocrx_word' id='word_1_425' title='bbox 295 2026 351 2064; x_wconf 85' lang='grc' dir='ltr'>διὰ</span> <span class='ocrx_word' id='word_1_426' title='bbox 368 2027 459 2065; x_wconf 78' lang='grc' dir='ltr'>τοῦτ’</span> <span class='ocrx_word' id='word_1_427' title='bbox 482 2027 546 2064; x_wconf 80' lang='grc' dir='ltr'>οὐκ</span> <span class='ocrx_word' id='word_1_428' title='bbox 572 2025 688 2080; x_wconf 87' lang='grc' dir='ltr'>εἴρηκε</span> <span class='ocrx_word' id='word_1_429' title='bbox 711 2027 919 2082; x_wconf 73' lang='grc' dir='ltr'>βαρὸάρους.</span> <span class='ocrx_word' id='word_1_430' title='bbox 941 2034 986 2068; x_wconf 90' lang='lat' dir='ltr'>In</span> <span class='ocrx_word' id='word_1_431' title='bbox 1006 2035 1203 2083; x_wconf 86' lang='lat' dir='ltr'>sequenti-</span> 
     </span>
     <span class='ocr_line' id='line_1_54' title="bbox 173 2085 638 2137; baseline -0.002 -13"><span class='ocrx_word' id='word_1_432' title='bbox 173 2086 245 2124; x_wconf 88' lang='lat' dir='ltr'>bus</span> <span class='ocrx_word' id='word_1_433' title='bbox 262 2085 400 2125; x_wconf 87' lang='lat' dir='ltr'>Strabo</span> <span class='ocrx_word' id='word_1_434' title='bbox 418 2086 638 2137; x_wconf 85' lang='lat' dir='ltr'>respondet.</span> 
     </span>
    </p>
   </div>
   <div class='ocr_carea' id='block_1_11' title="bbox 1259 1802 2294 2150">
    <p class='ocr_par' dir='ltr' id='par_1_17' title="bbox 1259 1802 2294 2150">
     <span class='ocr_line' id='line_1_55' title="bbox 1262 1802 2292 1856; baseline -0.002 -12"><span class='ocrx_word' id='word_1_435' title='bbox 1262 1805 1375 1844; x_wconf 81' lang='grc' dir='ltr'>αἰτίαν</span> <span class='ocrx_word' id='word_1_436' title='bbox 1399 1804 1518 1852; x_wconf 84' lang='grc' dir='ltr'>διττὴν</span> <span class='ocrx_word' id='word_1_437' title='bbox 1537 1803 1740 1856; x_wconf 73' lang='grc' dir='ltr'>ἀποφαίνει,</span> <span class='ocrx_word' id='word_1_438' title='bbox 1759 1803 1803 1841; x_wconf 88' lang='grc' dir='ltr'>δι’</span> <span class='ocrx_word' id='word_1_439' title='bbox 1822 1802 1864 1850; x_wconf 82' lang='grc' dir='ltr'>ἣν</span> <span class='ocrx_word' id='word_1_440' title='bbox 1890 1805 1929 1841; x_wconf 80' lang='grc' dir='ltr'>οὗ</span> <span class='ocrx_word' id='word_1_441' title='bbox 1948 1802 2126 1855; x_wconf 82' lang='grc' dir='ltr'>μέμνηταί</span> <span class='ocrx_word' id='word_1_442' title='bbox 2151 1818 2254 1842; x_wconf 86' lang='grc' dir='ltr'>τινων</span> <span class='ocrx_word' id='word_1_443' title='bbox 2272 1805 2292 1842; x_wconf 91' lang='lat'><strong>6</strong></span> 
     </span>
     <span class='ocr_line' id='line_1_56' title="bbox 1259 1860 2294 1915; baseline -0.002 -13"><span class='ocrx_word' id='word_1_444' title='bbox 1259 1861 1430 1911; x_wconf 78' lang='grc' dir='ltr'>ποιητὴς,</span> <span class='ocrx_word' id='word_1_445' title='bbox 1459 1862 1482 1909; x_wconf 82' lang='grc' dir='ltr'>ἢ</span> <span class='ocrx_word' id='word_1_446' title='bbox 1511 1863 1562 1915; x_wconf 79' lang='grc' dir='ltr'>τῷ</span> <span class='ocrx_word' id='word_1_447' title='bbox 1594 1861 1702 1913; x_wconf 85' lang='grc' dir='ltr'>μήπω</span> <span class='ocrx_word' id='word_1_448' title='bbox 1721 1861 1792 1900; x_wconf 88' lang='grc' dir='ltr'>τότ’</span> <span class='ocrx_word' id='word_1_449' title='bbox 1821 1863 1988 1900; x_wconf 81' lang='grc' dir='ltr'>οἰκεῖσθαι</span> <span class='ocrx_word' id='word_1_450' title='bbox 2007 1861 2075 1900; x_wconf 80' lang='grc' dir='ltr'>ὑπὸ</span> <span class='ocrx_word' id='word_1_451' title='bbox 2099 1866 2158 1901; x_wconf 79' lang='grc' dir='ltr'>τοῦ</span> <span class='ocrx_word' id='word_1_452' title='bbox 2177 1860 2294 1906; x_wconf 83' lang='grc' dir='ltr'>ἔθνους</span> 
     </span>
     <span class='ocr_line' id='line_1_57' title="bbox 1260 1919 2291 1974; baseline -0.003 -13"><span class='ocrx_word' id='word_1_453' title='bbox 1260 1921 1397 1973; x_wconf 73' lang='grc' dir='ltr'>τούτου,</span> <span class='ocrx_word' id='word_1_454' title='bbox 1412 1920 1435 1968; x_wconf 84' lang='grc' dir='ltr'>ἢ</span> <span class='ocrx_word' id='word_1_455' title='bbox 1452 1923 1503 1974; x_wconf 79' lang='grc' dir='ltr'>τῷ</span> <span class='ocrx_word' id='word_1_456' title='bbox 1521 1922 1556 1959; x_wconf 84' lang='grc' dir='ltr'>ἐν</span> <span class='ocrx_word' id='word_1_457' title='bbox 1571 1919 1679 1974; x_wconf 82' lang='grc' dir='ltr'>ἑτέρῳ</span> <span class='ocrx_word' id='word_1_458' title='bbox 1701 1919 1796 1972; x_wconf 83' lang='grc' dir='ltr'>γένει</span> <span class='ocrx_word' id='word_1_459' title='bbox 1814 1919 2050 1974; x_wconf 79' lang='grc' dir='ltr'>περιέχεσθαι.</span> <span class='ocrx_word' id='word_1_460' title='bbox 2067 1922 2110 1959; x_wconf 87' lang='lat' dir='ltr'>P.</span> <span class='ocrx_word' id='word_1_461' title='bbox 2131 1935 2221 1971; x_wconf 89' lang='lat'><strong>999,</strong></span> <span class='ocrx_word' id='word_1_462' title='bbox 2238 1925 2291 1958; x_wconf 88' lang='lat' dir='ltr'>A:</span> 
     </span>
     <span class='ocr_line' id='line_1_58' title="bbox 1262 1976 2292 2032; baseline 0 -16"><span class='ocrx_word' id='word_1_463' title='bbox 1262 1976 1347 2016; x_wconf 83' lang='grc' dir='ltr'>’Έτι</span> <span class='ocrx_word' id='word_1_464' title='bbox 1374 1977 1434 2016; x_wconf 81' lang='grc' dir='ltr'>καὶ</span> <span class='ocrx_word' id='word_1_465' title='bbox 1451 1981 1566 2016; x_wconf 81' lang='grc' dir='ltr'>ταῦτα</span> <span class='ocrx_word' id='word_1_466' title='bbox 1595 1978 1775 2032; x_wconf 76' lang='grc' dir='ltr'>μέμψαιτο</span> <span class='ocrx_word' id='word_1_467' title='bbox 1796 1977 1835 2016; x_wconf 83' lang='grc' dir='ltr'>ἄν</span> <span class='ocrx_word' id='word_1_468' title='bbox 1857 1994 1909 2022; x_wconf 86' lang='grc' dir='ltr'>τις</span> <span class='ocrx_word' id='word_1_469' title='bbox 1927 1981 1987 2016; x_wconf 80' lang='grc' dir='ltr'>τοῦ</span> <span class='ocrx_word' id='word_1_470' title='bbox 2009 1977 2292 2032; x_wconf 82' lang='grc' dir='ltr'>Ἀπολλοδώρου,</span> 
     </span>
     <span class='ocr_line' id='line_1_59' title="bbox 1265 2035 2292 2090; baseline 0 -15"><span class='ocrx_word' id='word_1_471' title='bbox 1265 2039 1404 2076; x_wconf 81' lang='grc' dir='ltr'>ὅτιτῶν</span> <span class='ocrx_word' id='word_1_472' title='bbox 1425 2037 1603 2090; x_wconf 88' lang='grc' dir='ltr'>νεωτέρων</span> <span class='ocrx_word' id='word_1_473' title='bbox 1635 2035 1935 2088; x_wconf 84' lang='grc' dir='ltr'>καινοτομούντων</span> <span class='ocrx_word' id='word_1_474' title='bbox 1962 2035 2078 2075; x_wconf 81' lang='grc' dir='ltr'>πολλὰ</span> <span class='ocrx_word' id='word_1_475' title='bbox 2105 2035 2203 2090; x_wconf 80' lang='grc' dir='ltr'>παρὰ</span> <span class='ocrx_word' id='word_1_476' title='bbox 2230 2035 2292 2080; x_wconf 81' lang='grc' dir='ltr'>τὰς</span> 
     </span>
     <span class='ocr_line' id='line_1_60' title="bbox 1262 2093 2292 2150; baseline -0.002 -16"><span class='ocrx_word' id='word_1_477' title='bbox 1262 2094 1466 2150; x_wconf 83' lang='grc' dir='ltr'>Ὁμηρικὰς</span> <span class='ocrx_word' id='word_1_478' title='bbox 1501 2095 1715 2150; x_wconf 82' lang='grc' dir='ltr'>ἀποφάσεις,</span> <span class='ocrx_word' id='word_1_479' title='bbox 1758 2094 1886 2139; x_wconf 77' lang='grc' dir='ltr'>εἰωθὼς</span> <span class='ocrx_word' id='word_1_480' title='bbox 1916 2094 2015 2133; x_wconf 79' lang='grc' dir='ltr'>ταῦτ’</span> <span class='ocrx_word' id='word_1_481' title='bbox 2045 2093 2200 2147; x_wconf 88' lang='grc' dir='ltr'>ἐλέγχειν</span> <span class='ocrx_word' id='word_1_482' title='bbox 2234 2093 2292 2133; x_wconf 77' lang='grc' dir='ltr'>ἐπὶ</span> 
     </span>
    </p>
   </div>
   <div class='ocr_carea' id='block_1_12' title="bbox 170 2158 2295 2178">
    <p class='ocr_par' dir='ltr' id='par_1_18' title="bbox 170 2158 2295 2178">
     <span class='ocr_line' id='line_1_61' title="bbox 170 2158 2295 2178; baseline 0 1506"><span class='ocrx_word' id='word_1_483' title='bbox 170 2158 2295 2178; x_wconf 95' lang='lat' dir='ltr'> </span> 
     </span>
    </p>
   </div>
   <div class='ocr_carea' id='block_1_13' title="bbox 213 2188 2292 2240">
    <p class='ocr_par' dir='ltr' id='par_1_19' title="bbox 213 2188 2292 2240">
     <span class='ocr_line' id='line_1_62' title="bbox 213 2188 2292 2240; baseline 0.004 -18"><span class='ocrx_word' id='word_1_484' title='bbox 213 2191 287 2230; x_wconf 82' lang='lat' dir='ltr'>Ipse</span> <span class='ocrx_word' id='word_1_485' title='bbox 298 2188 512 2230; x_wconf 86' lang='lat' dir='ltr'>Apollodorus</span> <span class='ocrx_word' id='word_1_486' title='bbox 529 2189 683 2222; x_wconf 86' lang='lat' dir='ltr'>Zenodoti</span> <span class='ocrx_word' id='word_1_487' title='bbox 700 2190 784 2222; x_wconf 88' lang='lat' dir='ltr'>istuc</span> <span class='ocrx_word' id='word_1_488' title='bbox 803 2191 946 2233; x_wconf 87' lang='lat' dir='ltr'>adducit,</span> <span class='ocrx_word' id='word_1_489' title='bbox 957 2194 1045 2235; x_wconf 91' lang='lat' dir='ltr'>quod</span> <span class='ocrx_word' id='word_1_490' title='bbox 1064 2197 1203 2230; x_wconf 86' lang='lat' dir='ltr'>scribat:</span> <span class='ocrx_word' id='word_1_491' title='bbox 1261 2198 1295 2230; x_wconf 89' lang='lat' dir='ltr'>in</span> <span class='ocrx_word' id='word_1_492' title='bbox 1317 2208 1449 2232; x_wconf 87' lang='lat' dir='ltr'>versum</span> <span class='ocrx_word' id='word_1_493' title='bbox 1471 2199 1654 2240; x_wconf 89' lang='lat' dir='ltr'>heroicum,</span> <span class='ocrx_word' id='word_1_494' title='bbox 1678 2199 1816 2240; x_wconf 89' lang='lat' dir='ltr'>ideoque</span> <span class='ocrx_word' id='word_1_495' title='bbox 1837 2198 1991 2231; x_wconf 88' lang='lat' dir='ltr'>barbaros</span> <span class='ocrx_word' id='word_1_496' title='bbox 2012 2207 2078 2230; x_wconf 90' lang='lat' dir='ltr'>non</span> <span class='ocrx_word' id='word_1_497' title='bbox 2098 2206 2170 2231; x_wconf 89' lang='lat' dir='ltr'>esse</span> <span class='ocrx_word' id='word_1_498' title='bbox 2190 2197 2292 2230; x_wconf 89' lang='lat' dir='ltr'>nomi-</span> 
     </span>
    </p>
   </div>
   <div class='ocr_carea' id='block_1_14' title="bbox 171 2246 2291 2486">
    <p class='ocr_par' dir='ltr' id='par_1_20' title="bbox 171 2246 2291 2486">
     <span class='ocr_line' id='line_1_63' title="bbox 269 2246 1561 2291; baseline 0.005 -14"><span class='ocrx_word' id='word_1_499' title='bbox 269 2249 319 2278; x_wconf 86' lang='lat' dir='ltr'>Ex</span> <span class='ocrx_word' id='word_1_500' title='bbox 336 2250 472 2287; x_wconf 73' lang='lat' dir='ltr'>lienem,</span> <span class='ocrx_word' id='word_1_501' title='bbox 489 2249 587 2278; x_wconf 86' lang='lat' dir='ltr'>mulas</span> <span class='ocrx_word' id='word_1_502' title='bbox 603 2250 690 2288; x_wconf 87' lang='lat' dir='ltr'>regio</span> <span class='ocrx_word' id='word_1_503' title='bbox 707 2259 774 2288; x_wconf 83' lang='lat' dir='ltr'>quae</span> <span class='ocrx_word' id='word_1_504' title='bbox 791 2252 891 2289; x_wconf 83' lang='lat' dir='ltr'>gignit</span> <span class='ocrx_word' id='word_1_505' title='bbox 906 2259 1054 2291; x_wconf 84' lang='lat' dir='ltr'>agrestes.</span> <span class='ocrx_word' id='word_1_506' title='bbox 1262 2246 1364 2278; x_wconf 66' lang='lat' dir='ltr'>Datim</span> <span class='ocrx_word' id='word_1_507' title='bbox 1379 2255 1561 2288; x_wconf 68' lang='lat' dir='ltr'>OXPYOSSOS-</span> 
     </span>
     <span class='ocr_line' id='line_1_64' title="bbox 171 2294 2238 2347; baseline -0.004 -16"><span class='ocrx_word' id='word_1_508' title='bbox 171 2301 263 2332; x_wconf 87' lang='lat' dir='ltr'>Hanc</span> <span class='ocrx_word' id='word_1_509' title='bbox 278 2300 392 2332; x_wconf 88' lang='lat' dir='ltr'>asserit</span> <span class='ocrx_word' id='word_1_510' title='bbox 401 2302 559 2332; x_wconf 86' lang='lat' dir='ltr'>Henetam</span> <span class='ocrx_word' id='word_1_511' title='bbox 573 2301 614 2332; x_wconf 89' lang='lat' dir='ltr'>ab</span> <span class='ocrx_word' id='word_1_512' title='bbox 624 2303 775 2334; x_wconf 80' lang='lat' dir='ltr'>Hecataeo</span> <span class='ocrx_word' id='word_1_513' title='bbox 790 2302 916 2335; x_wconf 86' lang='lat' dir='ltr'>Milesio</span> <span class='ocrx_word' id='word_1_514' title='bbox 932 2305 1033 2346; x_wconf 84' lang='lat' dir='ltr'>accipi</span> <span class='ocrx_word' id='word_1_515' title='bbox 1053 2315 1112 2347; x_wconf 91' lang='lat' dir='ltr'>pro</span> <span class='ocrx_word' id='word_1_516' title='bbox 1125 2308 1205 2340; x_wconf 83' lang='lat' dir='ltr'>urbe</span> <span class='ocrx_word' id='word_1_517' title='bbox 1545 2341 1553 2347; x_wconf 43' lang='lat'>-</span> <span class='ocrx_word' id='word_1_518' title='bbox 1677 2340 1683 2346; x_wconf 36' lang='grc' dir='ltr'>ι</span> <span class='ocrx_word' id='word_1_519' title='bbox 1734 2294 1820 2327; x_wconf 84' lang='grc'><strong>178.</strong></span> <span class='ocrx_word' id='word_1_520' title='bbox 1988 2338 1994 2346; x_wconf 90' lang='lat'>.</span> <span class='ocrx_word' id='word_1_521' title='bbox 2200 2339 2207 2346; x_wconf 37' lang='grc' dir='ltr'><strong><em>ι</em></strong></span> <span class='ocrx_word' id='word_1_522' title='bbox 2230 2339 2238 2346; x_wconf 48' lang='lat'><strong>·</strong></span> 
     </span>
     <span class='ocr_line' id='line_1_65' title="bbox 171 2338 2290 2392; baseline -0.003 -16"><span class='ocrx_word' id='word_1_523' title='bbox 171 2347 293 2380; x_wconf 79' lang='lat' dir='ltr'>Amiso.</span> <span class='ocrx_word' id='word_1_524' title='bbox 339 2347 644 2379; x_wconf 83' lang='lat' dir='ltr'>Demonstravimus</span> <span class='ocrx_word' id='word_1_525' title='bbox 681 2350 789 2381; x_wconf 71' lang='lat' dir='ltr'>autem</span> <span class='ocrx_word' id='word_1_526' title='bbox 802 2372 811 2389; x_wconf 80' lang='lat'>,</span> <span class='ocrx_word' id='word_1_527' title='bbox 838 2351 1100 2392; x_wconf 65' lang='lat' dir='ltr'>Leucosycomm</span> <span class='ocrx_word' id='word_1_528' title='bbox 1134 2362 1205 2387; x_wconf 64' lang='lat' dir='ltr'><strong>esse</strong></span> <span class='ocrx_word' id='word_1_529' title='bbox 1304 2340 1518 2381; x_wconf 83' lang='lat' dir='ltr'>Apollodorus</span> <span class='ocrx_word' id='word_1_530' title='bbox 1544 2350 1576 2372; x_wconf 83' lang='lat' dir='ltr'>in</span> <span class='ocrx_word' id='word_1_531' title='bbox 1604 2342 1743 2373; x_wconf 84' lang='lat' dir='ltr'>Navium</span> <span class='ocrx_word' id='word_1_532' title='bbox 1771 2338 1925 2380; x_wconf 83' lang='lat' dir='ltr'>catalogo</span> <span class='ocrx_word' id='word_1_533' title='bbox 1952 2339 2050 2371; x_wconf 85' lang='lat' dir='ltr'>etiam</span> <span class='ocrx_word' id='word_1_534' title='bbox 2076 2338 2150 2371; x_wconf 87' lang='lat' dir='ltr'>haec</span> <span class='ocrx_word' id='word_1_535' title='bbox 2175 2339 2256 2372; x_wconf 76' lang='lat' dir='ltr'>dicit</span> <span class='ocrx_word' id='word_1_536' title='bbox 2281 2349 2290 2370; x_wconf 91' lang='lat'>:</span> 
     </span>
     <span class='ocr_line' id='line_1_66' title="bbox 173 2385 2291 2435; baseline -0.005 -8"><span class='ocrx_word' id='word_1_537' title='bbox 173 2394 341 2435; x_wconf 76' lang='lat' dir='ltr'>Amisum,</span> <span class='ocrx_word' id='word_1_538' title='bbox 360 2395 393 2426; x_wconf 90' lang='lat' dir='ltr'>et</span> <span class='ocrx_word' id='word_1_539' title='bbox 409 2396 503 2426; x_wconf 84' lang='lat' dir='ltr'>extra</span> <span class='ocrx_word' id='word_1_540' title='bbox 522 2394 628 2435; x_wconf 82' lang='lat' dir='ltr'><strong>Halyn</strong></span> <span class='ocrx_word' id='word_1_541' title='bbox 648 2394 756 2426; x_wconf 84' lang='lat' dir='ltr'>sitam.</span> <span class='ocrx_word' id='word_1_542' title='bbox 1263 2387 1400 2419; x_wconf 83' lang='lat' dir='ltr'>Asianos</span> <span class='ocrx_word' id='word_1_543' title='bbox 1427 2389 1547 2419; x_wconf 89' lang='lat' dir='ltr'>Troum</span> <span class='ocrx_word' id='word_1_544' title='bbox 1574 2387 1760 2419; x_wconf 81' lang='lat' dir='ltr'>auxiliarios</span> <span class='ocrx_word' id='word_1_545' title='bbox 1787 2395 1899 2418; x_wconf 88' lang='lat' dir='ltr'>omnes</span> <span class='ocrx_word' id='word_1_546' title='bbox 1927 2385 1968 2418; x_wconf 92' lang='lat' dir='ltr'>ab</span> <span class='ocrx_word' id='word_1_547' title='bbox 1995 2387 2136 2417; x_wconf 84' lang='lat' dir='ltr'>Homero</span> <span class='ocrx_word' id='word_1_548' title='bbox 2162 2393 2291 2418; x_wconf 89' lang='lat' dir='ltr'>enume-</span> 
     </span>
     <span class='ocr_line' id='line_1_67' title="bbox 646 2432 2290 2486; baseline -0.002 -18"><span class='ocrx_word' id='word_1_549' title='bbox 646 2455 734 2486; x_wconf 48' lang='lat'><strong>177·</strong></span> <span class='ocrx_word' id='word_1_550' title='bbox 1263 2434 1327 2465; x_wconf 88' lang='lat' dir='ltr'>rari</span> <span class='ocrx_word' id='word_1_551' title='bbox 1349 2434 1405 2474; x_wconf 93' lang='lat' dir='ltr'>qui</span> <span class='ocrx_word' id='word_1_552' title='bbox 1434 2434 1652 2466; x_wconf 87' lang='lat' dir='ltr'>habitaverint</span> <span class='ocrx_word' id='word_1_553' title='bbox 1676 2433 1879 2474; x_wconf 86' lang='lat' dir='ltr'>peninsulam</span> <span class='ocrx_word' id='word_1_554' title='bbox 1893 2456 1902 2473; x_wconf 92' lang='lat'>,</span> <span class='ocrx_word' id='word_1_555' title='bbox 1926 2433 2021 2473; x_wconf 71' lang='lat' dir='ltr'>cuius</span> <span class='ocrx_word' id='word_1_556' title='bbox 2041 2432 2290 2472; x_wconf 80' lang='lat' dir='ltr'>angustissimus</span> 
     </span>
    </p>
   </div>
   <div class='ocr_carea' id='block_1_15' title="bbox 175 2479 2320 3457">
    <p class='ocr_par' dir='ltr' id='par_1_21' title="bbox 175 2479 2320 3457">
     <span class='ocr_line' id='line_1_68' title="bbox 1262 2479 2309 2523; baseline -0.001 -11"><span class='ocrx_word' id='word_1_557' title='bbox 1262 2480 1400 2513; x_wconf 84' lang='lat' dir='ltr'>isthmus</span> <span class='ocrx_word' id='word_1_558' title='bbox 1422 2481 1464 2514; x_wconf 86' lang='lat' dir='ltr'>sit</span> <span class='ocrx_word' id='word_1_559' title='bbox 1489 2481 1573 2514; x_wconf 89' lang='lat' dir='ltr'>inter</span> <span class='ocrx_word' id='word_1_560' title='bbox 1599 2480 1699 2513; x_wconf 89' lang='lat' dir='ltr'>maris</span> <span class='ocrx_word' id='word_1_561' title='bbox 1722 2480 1872 2512; x_wconf 90' lang='lat' dir='ltr'>intimum</span> <span class='ocrx_word' id='word_1_562' title='bbox 1899 2480 2006 2512; x_wconf 87' lang='lat' dir='ltr'>sinum</span> <span class='ocrx_word' id='word_1_563' title='bbox 2029 2479 2070 2511; x_wconf 90' lang='lat' dir='ltr'>ad</span> <span class='ocrx_word' id='word_1_564' title='bbox 2095 2479 2235 2520; x_wconf 85' lang='lat' dir='ltr'>Sinopen</span> <span class='ocrx_word' id='word_1_565' title='bbox 2257 2480 2309 2523; x_wconf 39' lang='lat' dir='ltr'>et⁸</span> 
     </span>
     <span class='ocr_line' id='line_1_69' title="bbox 1262 2526 2319 2567; baseline -0.003 -7"><span class='ocrx_word' id='word_1_566' title='bbox 1262 2530 1370 2560; x_wconf 89' lang='lat' dir='ltr'>Issum</span> <span class='ocrx_word' id='word_1_567' title='bbox 1389 2538 1396 2559; x_wconf 78' lang='lat' dir='ltr'>z</span> <span class='ocrx_word' id='word_1_568' title='bbox 1415 2531 1548 2561; x_wconf 82' lang='lat' dir='ltr'>externa</span> <span class='ocrx_word' id='word_1_569' title='bbox 1563 2528 1673 2567; x_wconf 89' lang='lat' dir='ltr'>latera,</span> <span class='ocrx_word' id='word_1_570' title='bbox 1686 2527 1799 2559; x_wconf 83' lang='lat' dir='ltr'>formae</span> <span class='ocrx_word' id='word_1_571' title='bbox 1814 2527 1992 2567; x_wconf 81' lang='lat' dir='ltr'>triquetrae,</span> <span class='ocrx_word' id='word_1_572' title='bbox 2006 2526 2196 2567; x_wconf 82' lang='lat' dir='ltr'>inaequalia;</span> <span class='ocrx_word' id='word_1_573' title='bbox 2216 2534 2293 2567; x_wconf 89' lang='lat' dir='ltr'>quo·</span> <span class='ocrx_word' id='word_1_574' title='bbox 2318 2553 2319 2556; x_wconf 73' lang='grc'>,</span> 
     </span>
     <span class='ocr_line' id='line_1_70' title="bbox 1263 2572 2293 2612; baseline 0.002 -9"><span class='ocrx_word' id='word_1_575' title='bbox 1263 2581 1336 2604; x_wconf 91' lang='lat' dir='ltr'>rum</span> <span class='ocrx_word' id='word_1_576' title='bbox 1352 2582 1455 2605; x_wconf 92' lang='lat' dir='ltr'>unum</span> <span class='ocrx_word' id='word_1_577' title='bbox 1473 2574 1514 2605; x_wconf 93' lang='lat' dir='ltr'>sit</span> <span class='ocrx_word' id='word_1_578' title='bbox 1532 2583 1551 2605; x_wconf 91' lang='lat' dir='ltr'>a</span> <span class='ocrx_word' id='word_1_579' title='bbox 1569 2574 1683 2606; x_wconf 85' lang='lat' dir='ltr'>Cilicia</span> <span class='ocrx_word' id='word_1_580' title='bbox 1700 2574 1741 2606; x_wconf 89' lang='lat' dir='ltr'>ad</span> <span class='ocrx_word' id='word_1_581' title='bbox 1759 2573 1966 2606; x_wconf 83' lang='lat' dir='ltr'>Chelidonias</span> <span class='ocrx_word' id='word_1_582' title='bbox 1978 2596 1987 2612; x_wconf 94' lang='lat'>‚</span> <span class='ocrx_word' id='word_1_583' title='bbox 2005 2572 2143 2605; x_wconf 87' lang='lat' dir='ltr'>alterum</span> <span class='ocrx_word' id='word_1_584' title='bbox 2161 2572 2237 2606; x_wconf 87' lang='lat' dir='ltr'>inde</span> <span class='ocrx_word' id='word_1_585' title='bbox 2251 2572 2293 2605; x_wconf 85' lang='lat' dir='ltr'>ad</span> 
     </span>
     <span class='ocr_line' id='line_1_71' title="bbox 1262 2619 2048 2661; baseline 0 -10"><span class='ocrx_word' id='word_1_586' title='bbox 1262 2627 1299 2651; x_wconf 89' lang='lat' dir='ltr'>os</span> <span class='ocrx_word' id='word_1_587' title='bbox 1312 2620 1409 2652; x_wconf 86' lang='lat' dir='ltr'>Ponti</span> <span class='ocrx_word' id='word_1_588' title='bbox 1430 2620 1570 2660; x_wconf 89' lang='lat' dir='ltr'>Euxini,</span> <span class='ocrx_word' id='word_1_589' title='bbox 1597 2621 1729 2653; x_wconf 89' lang='lat' dir='ltr'>tertium</span> <span class='ocrx_word' id='word_1_590' title='bbox 1746 2621 1822 2652; x_wconf 91' lang='lat' dir='ltr'>hinc</span> <span class='ocrx_word' id='word_1_591' title='bbox 1837 2619 1878 2651; x_wconf 88' lang='lat' dir='ltr'>ad</span> <span class='ocrx_word' id='word_1_592' title='bbox 1900 2620 2048 2661; x_wconf 90' lang='lat' dir='ltr'>Sinopen.</span> 
     </span>
     <span class='ocr_line' id='line_1_72' title="bbox 1304 2664 2294 2708; baseline 0 -11"><span class='ocrx_word' id='word_1_593' title='bbox 1304 2667 1392 2703; x_wconf 89' lang='lat' dir='ltr'>Quas</span> <span class='ocrx_word' id='word_1_594' title='bbox 1417 2666 1552 2707; x_wconf 84' lang='lat' dir='ltr'>(gentes)</span> <span class='ocrx_word' id='word_1_595' title='bbox 1579 2667 1794 2708; x_wconf 90' lang='lat' dir='ltr'>Apollodorus</span> <span class='ocrx_word' id='word_1_596' title='bbox 1817 2675 1919 2707; x_wconf 88' lang='lat' dir='ltr'>quum</span> <span class='ocrx_word' id='word_1_597' title='bbox 1944 2665 2180 2706; x_wconf 79' lang='lat' dir='ltr'>recensuisset,</span> <span class='ocrx_word' id='word_1_598' title='bbox 2204 2664 2294 2698; x_wconf 83' lang='lat' dir='ltr'>addit</span> 
     </span>
     <span class='ocr_line' id='line_1_73' title="bbox 1262 2711 2287 2754; baseline -0.001 -10"><span class='ocrx_word' id='word_1_599' title='bbox 1262 2711 1422 2744; x_wconf 85' lang='lat' dir='ltr'>decimam</span> <span class='ocrx_word' id='word_1_600' title='bbox 1435 2713 1605 2754; x_wconf 85' lang='lat' dir='ltr'>septimam</span> <span class='ocrx_word' id='word_1_601' title='bbox 1618 2713 1817 2752; x_wconf 81' lang='lat' dir='ltr'>Galatarum,</span> <span class='ocrx_word' id='word_1_602' title='bbox 1830 2722 1903 2753; x_wconf 85' lang='lat' dir='ltr'>quae</span> <span class='ocrx_word' id='word_1_603' title='bbox 1915 2713 2046 2753; x_wconf 81' lang='lat' dir='ltr'>Ephoro</span> <span class='ocrx_word' id='word_1_604' title='bbox 2058 2714 2107 2744; x_wconf 87' lang='lat' dir='ltr'>est</span> <span class='ocrx_word' id='word_1_605' title='bbox 2119 2712 2287 2744; x_wconf 77' lang='lat' dir='ltr'>recentior,</span> 
     </span>
     <span class='ocr_line' id='line_1_74' title="bbox 1312 2758 2291 2800; baseline 0.001 -10"><span class='ocrx_word' id='word_1_606' title='bbox 1312 2758 1526 2799; x_wconf 84' lang='lat' dir='ltr'>Apollodorus</span> <span class='ocrx_word' id='word_1_607' title='bbox 1536 2784 1545 2799; x_wconf 95' lang='lat'>‚</span> <span class='ocrx_word' id='word_1_608' title='bbox 1564 2759 1616 2791; x_wconf 84' lang='lat' dir='ltr'>his</span> <span class='ocrx_word' id='word_1_609' title='bbox 1632 2759 1784 2791; x_wconf 91' lang='lat' dir='ltr'>omnihus</span> <span class='ocrx_word' id='word_1_610' title='bbox 1799 2759 1950 2800; x_wconf 85' lang='lat' dir='ltr'>neglectis</span> <span class='ocrx_word' id='word_1_611' title='bbox 1960 2782 1969 2798; x_wconf 92' lang='lat'><strong><em>‚</em></strong></span> <span class='ocrx_word' id='word_1_612' title='bbox 1984 2758 2126 2791; x_wconf 85' lang='lat' dir='ltr'>sedecim</span> <span class='ocrx_word' id='word_1_613' title='bbox 2141 2758 2291 2799; x_wconf 72' lang='lat' dir='ltr'>gentihus</span> 
     </span>
     <span class='ocr_line' id='line_1_75' title="bbox 1262 2804 2286 2847; baseline 0 -11"><span class='ocrx_word' id='word_1_614' title='bbox 1262 2804 1421 2837; x_wconf 85' lang='lat' dir='ltr'>decimam</span> <span class='ocrx_word' id='word_1_615' title='bbox 1448 2805 1617 2846; x_wconf 89' lang='lat' dir='ltr'>septimam</span> <span class='ocrx_word' id='word_1_616' title='bbox 1646 2805 1791 2847; x_wconf 77' lang='lat' dir='ltr'>adJungit</span> <span class='ocrx_word' id='word_1_617' title='bbox 1818 2804 2017 2844; x_wconf 88' lang='lat' dir='ltr'>Galaticam;</span> <span class='ocrx_word' id='word_1_618' title='bbox 2047 2805 2126 2836; x_wconf 86' lang='lat' dir='ltr'>alias</span> <span class='ocrx_word' id='word_1_619' title='bbox 2153 2804 2286 2845; x_wconf 87' lang='lat' dir='ltr'>quidem</span> 
     </span>
     <span class='ocr_line' id='line_1_76' title="bbox 1263 2851 2288 2892; baseline 0.001 -10"><span class='ocrx_word' id='word_1_620' title='bbox 1263 2851 1382 2883; x_wconf 87' lang='lat' dir='ltr'>utiliter</span> <span class='ocrx_word' id='word_1_621' title='bbox 1402 2851 1571 2883; x_wconf 88' lang='lat' dir='ltr'>dicendam</span> <span class='ocrx_word' id='word_1_622' title='bbox 1583 2876 1592 2892; x_wconf 88' lang='lat'>,</span> <span class='ocrx_word' id='word_1_623' title='bbox 1610 2852 1666 2884; x_wconf 89' lang='lat' dir='ltr'>sed</span> <span class='ocrx_word' id='word_1_624' title='bbox 1682 2852 1762 2883; x_wconf 91' lang='lat' dir='ltr'>nihil</span> <span class='ocrx_word' id='word_1_625' title='bbox 1784 2851 1955 2884; x_wconf 82' lang='lat' dir='ltr'>facientem</span> <span class='ocrx_word' id='word_1_626' title='bbox 1976 2851 2017 2883; x_wconf 88' lang='lat' dir='ltr'>ad</span> <span class='ocrx_word' id='word_1_627' title='bbox 2032 2860 2071 2883; x_wconf 90' lang='lat' dir='ltr'>ea</span> <span class='ocrx_word' id='word_1_628' title='bbox 2086 2859 2160 2891; x_wconf 84' lang='lat' dir='ltr'>quae</span> <span class='ocrx_word' id='word_1_629' title='bbox 2184 2851 2288 2892; x_wconf 83' lang='lat' dir='ltr'>Epho-</span> 
     </span>
     <span class='ocr_line' id='line_1_77' title="bbox 224 2898 2290 2945; baseline 0.002 -17"><span class='ocrx_word' id='word_1_630' title='bbox 224 2939 230 2945; x_wconf 41' lang='lat'><strong>·</strong></span> <span class='ocrx_word' id='word_1_631' title='bbox 1263 2908 1319 2931; x_wconf 87' lang='lat' dir='ltr'>rus</span> <span class='ocrx_word' id='word_1_632' title='bbox 1343 2901 1400 2931; x_wconf 85' lang='lat' dir='ltr'>aut</span> <span class='ocrx_word' id='word_1_633' title='bbox 1421 2899 1525 2939; x_wconf 86' lang='lat' dir='ltr'>dixit,</span> <span class='ocrx_word' id='word_1_634' title='bbox 1547 2902 1602 2932; x_wconf 89' lang='lat' dir='ltr'>aut</span> <span class='ocrx_word' id='word_1_635' title='bbox 1616 2900 1744 2932; x_wconf 87' lang='lat' dir='ltr'>reticuit</span> <span class='ocrx_word' id='word_1_636' title='bbox 1766 2909 1775 2931; x_wconf 91' lang='lat'>:</span> <span class='ocrx_word' id='word_1_637' title='bbox 1799 2908 1949 2932; x_wconf 87' lang='lat' dir='ltr'>caussam</span> <span class='ocrx_word' id='word_1_638' title='bbox 1970 2900 2040 2942; x_wconf 88' lang='lat' dir='ltr'>ipse</span> <span class='ocrx_word' id='word_1_639' title='bbox 2060 2899 2154 2932; x_wconf 77' lang='lat' dir='ltr'>affert</span> <span class='ocrx_word' id='word_1_640' title='bbox 2173 2909 2181 2930; x_wconf 90' lang='lat'>:</span> <span class='ocrx_word' id='word_1_641' title='bbox 2204 2898 2290 2940; x_wconf 86' lang='lat' dir='ltr'>quod</span> 
     </span>
     <span class='ocr_line' id='line_1_78' title="bbox 175 2939 2288 2987; baseline 0 -10"><span class='ocrx_word' id='word_1_642' title='bbox 175 2939 207 2971; x_wconf 70' lang='lat' dir='ltr'>et</span> <span class='ocrx_word' id='word_1_643' title='bbox 223 2940 339 2971; x_wconf 72' lang='lat' dir='ltr'>lterum</span> <span class='ocrx_word' id='word_1_644' title='bbox 358 2948 366 2970; x_wconf 90' lang='lat'>:</span> <span class='ocrx_word' id='word_1_645' title='bbox 1262 2946 1333 2978; x_wconf 84' lang='lat' dir='ltr'>haec</span> <span class='ocrx_word' id='word_1_646' title='bbox 1344 2946 1466 2987; x_wconf 82' lang='lat' dir='ltr'>Ephori</span> <span class='ocrx_word' id='word_1_647' title='bbox 1478 2947 1574 2979; x_wconf 85' lang='lat' dir='ltr'>aetate</span> <span class='ocrx_word' id='word_1_648' title='bbox 1584 2947 1692 2978; x_wconf 89' lang='lat' dir='ltr'>omnia</span> <span class='ocrx_word' id='word_1_649' title='bbox 1705 2946 1771 2979; x_wconf 90' lang='lat' dir='ltr'>sint</span> <span class='ocrx_word' id='word_1_650' title='bbox 1783 2947 1973 2987; x_wconf 83' lang='lat' dir='ltr'>posteriora.</span> <span class='ocrx_word' id='word_1_651' title='bbox 1988 2946 2161 2979; x_wconf 88' lang='lat' dir='ltr'>Transiens</span> <span class='ocrx_word' id='word_1_652' title='bbox 2173 2945 2288 2978; x_wconf 84' lang='lat' dir='ltr'>deinde</span> 
     </span>
     <span class='ocr_line' id='line_1_79' title="bbox 238 2991 2288 3034; baseline 0.001 -13"><span class='ocrx_word' id='word_1_653' title='bbox 238 2992 267 3021; x_wconf 81' lang='lat' dir='ltr'>si</span> <span class='ocrx_word' id='word_1_654' title='bbox 284 2993 361 3022; x_wconf 85' lang='lat' dir='ltr'>libet</span> <span class='ocrx_word' id='word_1_655' title='bbox 377 2993 534 3022; x_wconf 85' lang='lat' dir='ltr'>oblectare</span> <span class='ocrx_word' id='word_1_656' title='bbox 550 3003 607 3032; x_wconf 87' lang='lat' dir='ltr'>per</span> <span class='ocrx_word' id='word_1_657' title='bbox 622 2992 757 3023; x_wconf 65' lang='lat' dir='ltr'>Hellade</span> <span class='ocrx_word' id='word_1_658' title='bbox 773 2998 804 3022; x_wconf 88' lang='lat' dir='ltr'>te</span> <span class='ocrx_word' id='word_1_659' title='bbox 820 2999 851 3023; x_wconf 88' lang='lat' dir='ltr'>et</span> <span class='ocrx_word' id='word_1_660' title='bbox 864 2992 1002 3022; x_wconf 81' lang='lat' dir='ltr'>medium</span> <span class='ocrx_word' id='word_1_661' title='bbox 1019 2995 1130 3033; x_wconf 82' lang='lat' dir='ltr'>Argos.</span> <span class='ocrx_word' id='word_1_662' title='bbox 1262 2992 1301 3024; x_wconf 79' lang='lat' dir='ltr'>ad</span> <span class='ocrx_word' id='word_1_663' title='bbox 1325 2994 1520 3033; x_wconf 86' lang='lat' dir='ltr'>Homerum,</span> <span class='ocrx_word' id='word_1_664' title='bbox 1544 2995 1630 3025; x_wconf 81' lang='lat' dir='ltr'>recte</span> <span class='ocrx_word' id='word_1_665' title='bbox 1651 2993 1782 3034; x_wconf 87' lang='lat' dir='ltr'>quidem</span> <span class='ocrx_word' id='word_1_666' title='bbox 1804 2994 1866 3024; x_wconf 88' lang='lat' dir='ltr'>hoc</span> <span class='ocrx_word' id='word_1_667' title='bbox 1887 2993 1984 3031; x_wconf 80' lang='lat' dir='ltr'>dicit,</span> <span class='ocrx_word' id='word_1_668' title='bbox 2007 3001 2155 3033; x_wconf 76' lang='lat' dir='ltr'>magnam</span> <span class='ocrx_word' id='word_1_669' title='bbox 2177 2991 2288 3024; x_wconf 83' lang='lat' dir='ltr'>confu-</span> 
     </span>
     <span class='ocr_line' id='line_1_80' title="bbox 176 3038 2290 3080; baseline 0 -11"><span class='ocrx_word' id='word_1_670' title='bbox 176 3039 259 3069; x_wconf 86' lang='lat' dir='ltr'>Tum</span> <span class='ocrx_word' id='word_1_671' title='bbox 275 3038 303 3069; x_wconf 90' lang='lat' dir='ltr'>si</span> <span class='ocrx_word' id='word_1_672' title='bbox 320 3039 399 3070; x_wconf 89' lang='lat' dir='ltr'>nulli</span> <span class='ocrx_word' id='word_1_673' title='bbox 412 3039 602 3071; x_wconf 86' lang='lat' dir='ltr'>dicebantur</span> <span class='ocrx_word' id='word_1_674' title='bbox 624 3038 764 3078; x_wconf 86' lang='lat' dir='ltr'>barbari,</span> <span class='ocrx_word' id='word_1_675' title='bbox 781 3039 946 3079; x_wconf 89' lang='lat' dir='ltr'>quomodo</span> <span class='ocrx_word' id='word_1_676' title='bbox 962 3043 1047 3072; x_wconf 87' lang='lat' dir='ltr'>recte</span> <span class='ocrx_word' id='word_1_677' title='bbox 1064 3040 1207 3074; x_wconf 84' lang='lat' dir='ltr'>dicturus</span> <span class='ocrx_word' id='word_1_678' title='bbox 1263 3039 1387 3072; x_wconf 86' lang='lat' dir='ltr'>sionem</span> <span class='ocrx_word' id='word_1_679' title='bbox 1400 3049 1419 3072; x_wconf 89' lang='lat' dir='ltr'>a</span> <span class='ocrx_word' id='word_1_680' title='bbox 1432 3040 1516 3072; x_wconf 89' lang='lat' dir='ltr'>bello</span> <span class='ocrx_word' id='word_1_681' title='bbox 1532 3040 1670 3080; x_wconf 87' lang='lat' dir='ltr'>Trojano</span> <span class='ocrx_word' id='word_1_682' title='bbox 1685 3039 1830 3072; x_wconf 85' lang='lat' dir='ltr'>barbaris</span> <span class='ocrx_word' id='word_1_683' title='bbox 1841 3039 1995 3072; x_wconf 85' lang='lat' dir='ltr'>incidisse</span> <span class='ocrx_word' id='word_1_684' title='bbox 2007 3039 2048 3071; x_wconf 90' lang='lat' dir='ltr'>ad</span> <span class='ocrx_word' id='word_1_685' title='bbox 2062 3040 2173 3071; x_wconf 87' lang='lat' dir='ltr'>nostra</span> <span class='ocrx_word' id='word_1_686' title='bbox 2186 3046 2290 3079; x_wconf 85' lang='lat' dir='ltr'>usque</span> 
     </span>
     <span class='ocr_line' id='line_1_81' title="bbox 176 3084 2287 3129; baseline 0 -14"><span class='ocrx_word' id='word_1_687' title='bbox 176 3087 244 3116; x_wconf 81' lang='lat' dir='ltr'>erat</span> <span class='ocrx_word' id='word_1_688' title='bbox 266 3085 538 3126; x_wconf 71' lang='lat' dir='ltr'>barban-ilingues?</span> <span class='ocrx_word' id='word_1_689' title='bbox 562 3086 664 3126; x_wconf 89' lang='lat' dir='ltr'>Igitur</span> <span class='ocrx_word' id='word_1_690' title='bbox 679 3095 784 3127; x_wconf 88' lang='lat' dir='ltr'>neque</span> <span class='ocrx_word' id='word_1_691' title='bbox 799 3086 852 3118; x_wconf 88' lang='lat' dir='ltr'>hic</span> <span class='ocrx_word' id='word_1_692' title='bbox 873 3088 971 3127; x_wconf 87' lang='lat' dir='ltr'>recte,</span> <span class='ocrx_word' id='word_1_693' title='bbox 995 3096 1100 3128; x_wconf 86' lang='lat' dir='ltr'>neque</span> <span class='ocrx_word' id='word_1_694' title='bbox 1115 3088 1206 3129; x_wconf 82' lang='lat' dir='ltr'>Apol·</span> <span class='ocrx_word' id='word_1_695' title='bbox 1262 3088 1407 3127; x_wconf 85' lang='lat' dir='ltr'>tempora</span> <span class='ocrx_word' id='word_1_696' title='bbox 1426 3088 1556 3128; x_wconf 85' lang='lat' dir='ltr'>propter</span> <span class='ocrx_word' id='word_1_697' title='bbox 1571 3087 1766 3119; x_wconf 87' lang='lat' dir='ltr'>mutationes</span> <span class='ocrx_word' id='word_1_698' title='bbox 1786 3096 1792 3117; x_wconf 96' lang='lat'><strong>:</strong></span> <span class='ocrx_word' id='word_1_699' title='bbox 1811 3095 1886 3118; x_wconf 88' lang='lat' dir='ltr'>nam</span> <span class='ocrx_word' id='word_1_700' title='bbox 1902 3088 1934 3119; x_wconf 85' lang='lat' dir='ltr'>et</span> <span class='ocrx_word' id='word_1_701' title='bbox 1949 3085 2114 3118; x_wconf 84' lang='lat' dir='ltr'>exstitisse</span> <span class='ocrx_word' id='word_1_702' title='bbox 2130 3084 2287 3126; x_wconf 86' lang='lat' dir='ltr'>quosdam</span> 
     </span>
     <span class='ocr_line' id='line_1_82' title="bbox 177 3130 2320 3175; baseline 0 -14"><span class='ocrx_word' id='word_1_703' title='bbox 177 3130 308 3162; x_wconf 84' lang='lat' dir='ltr'>lodorus</span> <span class='ocrx_word' id='word_1_704' title='bbox 335 3132 564 3171; x_wconf 85' lang='lat' dir='ltr'>grammaticus</span> <span class='ocrx_word' id='word_1_705' title='bbox 589 3132 646 3172; x_wconf 89' lang='lat' dir='ltr'>qui</span> <span class='ocrx_word' id='word_1_706' title='bbox 671 3133 735 3173; x_wconf 84' lang='lat' dir='ltr'>ait,</span> <span class='ocrx_word' id='word_1_707' title='bbox 765 3133 931 3165; x_wconf 86' lang='lat' dir='ltr'>communi</span> <span class='ocrx_word' id='word_1_708' title='bbox 954 3134 1087 3166; x_wconf 87' lang='lat' dir='ltr'>nomine</span> <span class='ocrx_word' id='word_1_709' title='bbox 1112 3142 1204 3175; x_wconf 89' lang='lat' dir='ltr'>pecu·</span> <span class='ocrx_word' id='word_1_710' title='bbox 1262 3133 1422 3174; x_wconf 88' lang='lat' dir='ltr'>populos,</span> <span class='ocrx_word' id='word_1_711' title='bbox 1449 3134 1482 3166; x_wconf 85' lang='lat' dir='ltr'>et</span> <span class='ocrx_word' id='word_1_712' title='bbox 1510 3133 1684 3169; x_wconf 83' lang='lat' dir='ltr'>defecisse,</span> <span class='ocrx_word' id='word_1_713' title='bbox 1713 3134 1746 3165; x_wconf 88' lang='lat' dir='ltr'>et</span> <span class='ocrx_word' id='word_1_714' title='bbox 1773 3133 1918 3165; x_wconf 88' lang='lat' dir='ltr'>divulsos</span> <span class='ocrx_word' id='word_1_715' title='bbox 1947 3141 2039 3172; x_wconf 87' lang='lat' dir='ltr'>esse,</span> <span class='ocrx_word' id='word_1_716' title='bbox 2068 3133 2101 3164; x_wconf 87' lang='lat' dir='ltr'>et</span> <span class='ocrx_word' id='word_1_717' title='bbox 2126 3131 2160 3163; x_wconf 90' lang='lat' dir='ltr'>in</span> <span class='ocrx_word' id='word_1_718' title='bbox 2188 3139 2288 3163; x_wconf 88' lang='lat' dir='ltr'>unum</span> <span class='ocrx_word' id='word_1_719' title='bbox 2306 3148 2320 3164; x_wconf 54' lang='lat' dir='ltr'><strong><em>s</em></strong></span> 
     </span>
     <span class='ocr_line' id='line_1_83' title="bbox 177 3178 2288 3221; baseline 0 -12"><span class='ocrx_word' id='word_1_720' title='bbox 177 3178 296 3209; x_wconf 86' lang='lat' dir='ltr'>liariter</span> <span class='ocrx_word' id='word_1_721' title='bbox 310 3181 342 3209; x_wconf 91' lang='lat' dir='ltr'>et</span> <span class='ocrx_word' id='word_1_722' title='bbox 357 3178 556 3210; x_wconf 90' lang='lat' dir='ltr'>conviciandi</span> <span class='ocrx_word' id='word_1_723' title='bbox 573 3188 687 3212; x_wconf 84' lang='lat' dir='ltr'>caussa</span> <span class='ocrx_word' id='word_1_724' title='bbox 698 3182 830 3212; x_wconf 86' lang='lat' dir='ltr'>Graecos</span> <span class='ocrx_word' id='word_1_725' title='bbox 847 3190 935 3220; x_wconf 90' lang='lat' dir='ltr'>usos,</span> <span class='ocrx_word' id='word_1_726' title='bbox 953 3181 1094 3214; x_wconf 87' lang='lat' dir='ltr'>maxime</span> <span class='ocrx_word' id='word_1_727' title='bbox 1112 3184 1205 3214; x_wconf 85' lang='lat' dir='ltr'>Iones</span> <span class='ocrx_word' id='word_1_728' title='bbox 1262 3180 1420 3213; x_wconf 87' lang='lat' dir='ltr'>coaluisse</span> <span class='ocrx_word' id='word_1_729' title='bbox 1442 3180 1532 3213; x_wconf 88' lang='lat' dir='ltr'>alios.</span> <span class='ocrx_word' id='word_1_730' title='bbox 1561 3182 1631 3212; x_wconf 90' lang='lat' dir='ltr'>Non</span> <span class='ocrx_word' id='word_1_731' title='bbox 1649 3182 1737 3212; x_wconf 88' lang='lat' dir='ltr'>recte</span> <span class='ocrx_word' id='word_1_732' title='bbox 1761 3183 1869 3212; x_wconf 87' lang='lat' dir='ltr'>antem</span> <span class='ocrx_word' id='word_1_733' title='bbox 1895 3180 2058 3221; x_wconf 86' lang='lat' dir='ltr'>duplicem</span> <span class='ocrx_word' id='word_1_734' title='bbox 2082 3178 2176 3210; x_wconf 66' lang='lat' dir='ltr'>afferi:</span> <span class='ocrx_word' id='word_1_735' title='bbox 2198 3185 2288 3210; x_wconf 81' lang='lat' dir='ltr'>caus-</span> 
     </span>
     <span class='ocr_line' id='line_1_84' title="bbox 177 3223 2287 3269; baseline 0 -14"><span class='ocrx_word' id='word_1_736' title='bbox 177 3223 331 3256; x_wconf 84' lang='lat' dir='ltr'>adversus</span> <span class='ocrx_word' id='word_1_737' title='bbox 353 3226 471 3264; x_wconf 87' lang='lat' dir='ltr'>Cares,</span> <span class='ocrx_word' id='word_1_738' title='bbox 492 3235 574 3265; x_wconf 91' lang='lat' dir='ltr'>quos</span> <span class='ocrx_word' id='word_1_739' title='bbox 592 3227 668 3258; x_wconf 92' lang='lat' dir='ltr'>odio</span> <span class='ocrx_word' id='word_1_740' title='bbox 694 3227 849 3260; x_wconf 88' lang='lat' dir='ltr'>haberent</span> <span class='ocrx_word' id='word_1_741' title='bbox 870 3227 912 3259; x_wconf 88' lang='lat' dir='ltr'>ob</span> <span class='ocrx_word' id='word_1_742' title='bbox 933 3228 1079 3260; x_wconf 86' lang='lat' dir='ltr'>assiduas</span> <span class='ocrx_word' id='word_1_743' title='bbox 1101 3228 1205 3260; x_wconf 90' lang='lat' dir='ltr'>inimi·</span> <span class='ocrx_word' id='word_1_744' title='bbox 1262 3236 1351 3269; x_wconf 87' lang='lat' dir='ltr'>sam,</span> <span class='ocrx_word' id='word_1_745' title='bbox 1369 3237 1427 3260; x_wconf 87' lang='lat' dir='ltr'>cur</span> <span class='ocrx_word' id='word_1_746' title='bbox 1442 3227 1647 3268; x_wconf 82' lang='lat' dir='ltr'>quorundam</span> <span class='ocrx_word' id='word_1_747' title='bbox 1668 3236 1732 3259; x_wconf 92' lang='lat' dir='ltr'>non</span> <span class='ocrx_word' id='word_1_748' title='bbox 1750 3227 1935 3259; x_wconf 86' lang='lat' dir='ltr'>meminerit</span> <span class='ocrx_word' id='word_1_749' title='bbox 1956 3227 2052 3267; x_wconf 86' lang='lat' dir='ltr'>poeta</span> <span class='ocrx_word' id='word_1_750' title='bbox 2069 3235 2076 3256; x_wconf 93' lang='lat'><strong>:</strong></span> <span class='ocrx_word' id='word_1_751' title='bbox 2099 3224 2174 3265; x_wconf 89' lang='lat' dir='ltr'>quia</span> <span class='ocrx_word' id='word_1_752' title='bbox 2195 3223 2287 3256; x_wconf 91' lang='lat' dir='ltr'>nimi-</span> 
     </span>
     <span class='ocr_line' id='line_1_85' title="bbox 177 3269 2287 3315; baseline 0 -13"><span class='ocrx_word' id='word_1_753' title='bbox 177 3270 270 3302; x_wconf 89' lang='lat' dir='ltr'>citias</span> <span class='ocrx_word' id='word_1_754' title='bbox 293 3274 388 3310; x_wconf 85' lang='lat' dir='ltr'>atque</span> <span class='ocrx_word' id='word_1_755' title='bbox 409 3270 502 3303; x_wconf 81' lang='lat' dir='ltr'>bella.</span> <span class='ocrx_word' id='word_1_756' title='bbox 533 3273 662 3304; x_wconf 87' lang='lat' dir='ltr'>Etenim</span> <span class='ocrx_word' id='word_1_757' title='bbox 686 3274 747 3306; x_wconf 82' lang='lat' dir='ltr'>hac</span> <span class='ocrx_word' id='word_1_758' title='bbox 767 3274 893 3307; x_wconf 85' lang='lat' dir='ltr'>ratione</span> <span class='ocrx_word' id='word_1_759' title='bbox 920 3275 1053 3307; x_wconf 82' lang='lat' dir='ltr'>suerunt</span> <span class='ocrx_word' id='word_1_760' title='bbox 1077 3275 1204 3307; x_wconf 84' lang='lat' dir='ltr'>barbari</span> <span class='ocrx_word' id='word_1_761' title='bbox 1261 3284 1334 3307; x_wconf 81' lang='lat' dir='ltr'>rum</span> <span class='ocrx_word' id='word_1_762' title='bbox 1351 3277 1406 3307; x_wconf 88' lang='lat' dir='ltr'>aut</span> <span class='ocrx_word' id='word_1_763' title='bbox 1422 3274 1567 3306; x_wconf 91' lang='lat' dir='ltr'>nondum</span> <span class='ocrx_word' id='word_1_764' title='bbox 1588 3283 1666 3315; x_wconf 86' lang='lat' dir='ltr'>gens</span> <span class='ocrx_word' id='word_1_765' title='bbox 1683 3274 1789 3315; x_wconf 89' lang='lat' dir='ltr'>aliqua</span> <span class='ocrx_word' id='word_1_766' title='bbox 1812 3274 1886 3306; x_wconf 89' lang='lat' dir='ltr'>istic</span> <span class='ocrx_word' id='word_1_767' title='bbox 1909 3271 2127 3312; x_wconf 86' lang='lat' dir='ltr'>habitaverit,</span> <span class='ocrx_word' id='word_1_768' title='bbox 2155 3273 2212 3303; x_wconf 84' lang='lat' dir='ltr'>aut</span> <span class='ocrx_word' id='word_1_769' title='bbox 2231 3269 2287 3303; x_wconf 83' lang='lat' dir='ltr'>alii</span> 
     </span>
     <span class='ocr_line' id='line_1_86' title="bbox 178 3316 1505 3362; baseline 0.004 -15"><span class='ocrx_word' id='word_1_770' title='bbox 178 3316 376 3348; x_wconf 88' lang='lat' dir='ltr'>nominandi.</span> <span class='ocrx_word' id='word_1_771' title='bbox 401 3319 466 3349; x_wconf 88' lang='lat' dir='ltr'>Nos</span> <span class='ocrx_word' id='word_1_772' title='bbox 489 3320 596 3350; x_wconf 88' lang='lat' dir='ltr'>autem</span> <span class='ocrx_word' id='word_1_773' title='bbox 619 3328 767 3353; x_wconf 86' lang='lat' dir='ltr'>caussam</span> <span class='ocrx_word' id='word_1_774' title='bbox 789 3322 987 3362; x_wconf 86' lang='lat' dir='ltr'>quaerimus,</span> <span class='ocrx_word' id='word_1_775' title='bbox 1005 3331 1065 3354; x_wconf 90' lang='lat' dir='ltr'>cur</span> <span class='ocrx_word' id='word_1_776' title='bbox 1096 3331 1136 3354; x_wconf 88' lang='lat' dir='ltr'>ne</span> <span class='ocrx_word' id='word_1_777' title='bbox 1157 3331 1204 3355; x_wconf 89' lang='lat' dir='ltr'>se·</span> <span class='ocrx_word' id='word_1_778' title='bbox 1262 3321 1360 3354; x_wconf 80' lang='lat' dir='ltr'>fuerit</span> <span class='ocrx_word' id='word_1_779' title='bbox 1375 3321 1505 3353; x_wconf 86' lang='lat' dir='ltr'>inserta.</span> 
     </span>
     <span class='ocr_line' id='line_1_87' title="bbox 178 3363 2285 3410; baseline -0.001 -14"><span class='ocrx_word' id='word_1_780' title='bbox 178 3363 241 3396; x_wconf 88' lang='lat' dir='ltr'>mel</span> <span class='ocrx_word' id='word_1_781' title='bbox 255 3363 385 3404; x_wconf 87' lang='lat' dir='ltr'>quidem</span> <span class='ocrx_word' id='word_1_782' title='bbox 397 3363 607 3396; x_wconf 85' lang='lat' dir='ltr'>barbarorum</span> <span class='ocrx_word' id='word_1_783' title='bbox 621 3366 706 3398; x_wconf 82' lang='lat' dir='ltr'>facta</span> <span class='ocrx_word' id='word_1_784' title='bbox 718 3370 898 3409; x_wconf 87' lang='lat' dir='ltr'>mentione,</span> <span class='ocrx_word' id='word_1_785' title='bbox 913 3368 1203 3410; x_wconf 86' lang='lat' dir='ltr'>harbarilinguium</span> <span class='ocrx_word' id='word_1_786' title='bbox 1302 3369 1340 3402; x_wconf 87' lang='lat' dir='ltr'>Id</span> <span class='ocrx_word' id='word_1_787' title='bbox 1355 3376 1484 3410; x_wconf 88' lang='lat' dir='ltr'>quoque</span> <span class='ocrx_word' id='word_1_788' title='bbox 1498 3367 1578 3400; x_wconf 77' lang='lat' dir='ltr'>vitio</span> <span class='ocrx_word' id='word_1_789' title='bbox 1595 3369 1718 3399; x_wconf 87' lang='lat' dir='ltr'>vertere</span> <span class='ocrx_word' id='word_1_790' title='bbox 1730 3366 1922 3409; x_wconf 82' lang='lat' dir='ltr'>Apollodoro</span> <span class='ocrx_word' id='word_1_791' title='bbox 1938 3366 2053 3407; x_wconf 83' lang='lat' dir='ltr'>possis,</span> <span class='ocrx_word' id='word_1_792' title='bbox 2069 3363 2167 3405; x_wconf 89' lang='lat' dir='ltr'>quod,</span> <span class='ocrx_word' id='word_1_793' title='bbox 2185 3371 2285 3404; x_wconf 84' lang='lat' dir='ltr'>quum</span> 
     </span>
     <span class='ocr_line' id='line_1_88' title="bbox 179 3409 2284 3457; baseline -0 -15"><span class='ocrx_word' id='word_1_794' title='bbox 179 3409 369 3442; x_wconf 88' lang='lat' dir='ltr'>meminerit.</span> <span class='ocrx_word' id='word_1_795' title='bbox 391 3410 447 3442; x_wconf 90' lang='lat' dir='ltr'>Ille</span> <span class='ocrx_word' id='word_1_796' title='bbox 463 3410 518 3449; x_wconf 87' lang='lat' dir='ltr'>ait,</span> <span class='ocrx_word' id='word_1_797' title='bbox 545 3411 699 3450; x_wconf 82' lang='lat' dir='ltr'>pluralem</span> <span class='ocrx_word' id='word_1_798' title='bbox 716 3422 827 3446; x_wconf 82' lang='lat' dir='ltr'>casum</span> <span class='ocrx_word' id='word_1_799' title='bbox 846 3415 1004 3448; x_wconf 85' lang='lat' dir='ltr'>Barbaros</span> <span class='ocrx_word' id='word_1_800' title='bbox 1021 3425 1086 3448; x_wconf 90' lang='lat' dir='ltr'>non</span> <span class='ocrx_word' id='word_1_801' title='bbox 1102 3416 1202 3457; x_wconf 84' lang='lat' dir='ltr'>recipi</span> <span class='ocrx_word' id='word_1_802' title='bbox 1262 3415 1386 3449; x_wconf 89' lang='lat' dir='ltr'>soleant</span> <span class='ocrx_word' id='word_1_803' title='bbox 1408 3415 1601 3448; x_wconf 84' lang='lat' dir='ltr'>recentiores</span> <span class='ocrx_word' id='word_1_804' title='bbox 1627 3413 1780 3446; x_wconf 87' lang='lat' dir='ltr'>innovare</span> <span class='ocrx_word' id='word_1_805' title='bbox 1803 3413 1950 3455; x_wconf 79' lang='lat' dir='ltr'>quaedam</span> <span class='ocrx_word' id='word_1_806' title='bbox 1975 3414 2091 3453; x_wconf 83' lang='lat' dir='ltr'>praeter</span> <span class='ocrx_word' id='word_1_807' title='bbox 2117 3409 2284 3443; x_wconf 81' lang='lat' dir='ltr'>Homerica</span> 
     </span>
    </p>
   </div>
   <div class='ocr_carea' id='block_1_16' title="bbox 171 2503 1206 2928">
    <p class='ocr_par' dir='ltr' id='par_1_22' title="bbox 171 2503 1206 2866">
     <span class='ocr_line' id='line_1_89' title="bbox 213 2503 1205 2543; baseline 0.006 -6"><span class='ocrx_word' id='word_1_808' title='bbox 213 2506 323 2543; x_wconf 90' lang='lat' dir='ltr'>Quum</span> <span class='ocrx_word' id='word_1_809' title='bbox 352 2506 514 2537; x_wconf 88' lang='lat' dir='ltr'>Homerus</span> <span class='ocrx_word' id='word_1_810' title='bbox 544 2503 662 2536; x_wconf 86' lang='lat' dir='ltr'>dixerit</span> <span class='ocrx_word' id='word_1_811' title='bbox 678 2515 685 2535; x_wconf 90' lang='lat'>:</span> <span class='ocrx_word' id='word_1_812' title='bbox 722 2518 738 2533; x_wconf 71' lang='grc' dir='ltr'>κ</span> <span class='ocrx_word' id='word_1_813' title='bbox 755 2507 799 2538; x_wconf 79' lang='lat' dir='ltr'>At</span> <span class='ocrx_word' id='word_1_814' title='bbox 827 2506 994 2539; x_wconf 68' lang='lat' dir='ltr'>Masthles</span> <span class='ocrx_word' id='word_1_815' title='bbox 1026 2511 1129 2542; x_wconf 84' lang='lat' dir='ltr'>Cares</span> <span class='ocrx_word' id='word_1_816' title='bbox 1146 2510 1205 2542; x_wconf 83' lang='lat' dir='ltr'>du-</span> 
     </span>
     <span class='ocr_line' id='line_1_90' title="bbox 172 2551 1204 2596; baseline 0.004 -12"><span class='ocrx_word' id='word_1_817' title='bbox 172 2553 228 2584; x_wconf 73' lang='lat' dir='ltr'>xit</span> <span class='ocrx_word' id='word_1_818' title='bbox 253 2551 533 2591; x_wconf 65' lang='lat' dir='ltr'>barbarillnques</span> <span class='ocrx_word' id='word_1_819' title='bbox 561 2561 568 2582; x_wconf 93' lang='lat'><strong>:</strong></span> <span class='ocrx_word' id='word_1_820' title='bbox 600 2552 739 2591; x_wconf 84' lang='lat' dir='ltr'>quaestio</span> <span class='ocrx_word' id='word_1_821' title='bbox 771 2553 875 2584; x_wconf 87' lang='lat' dir='ltr'>oritur</span> <span class='ocrx_word' id='word_1_822' title='bbox 886 2576 895 2592; x_wconf 94' lang='lat'><em>‚</em></span> <span class='ocrx_word' id='word_1_823' title='bbox 935 2562 994 2585; x_wconf 88' lang='lat' dir='ltr'>cur</span> <span class='ocrx_word' id='word_1_824' title='bbox 1005 2578 1015 2594; x_wconf 92' lang='lat'>‚</span> <span class='ocrx_word' id='word_1_825' title='bbox 1055 2556 1111 2596; x_wconf 91' lang='lat' dir='ltr'>qui</span> <span class='ocrx_word' id='word_1_826' title='bbox 1137 2558 1204 2588; x_wconf 87' lang='lat' dir='ltr'>tam</span> 
     </span>
     <span class='ocr_line' id='line_1_91' title="bbox 173 2597 1205 2643; baseline 0.002 -11"><span class='ocrx_word' id='word_1_827' title='bbox 173 2600 295 2632; x_wconf 85' lang='lat' dir='ltr'>multas</span> <span class='ocrx_word' id='word_1_828' title='bbox 310 2599 421 2640; x_wconf 83' lang='lat' dir='ltr'>gentes</span> <span class='ocrx_word' id='word_1_829' title='bbox 436 2598 531 2630; x_wconf 86' lang='lat' dir='ltr'>norat</span> <span class='ocrx_word' id='word_1_830' title='bbox 546 2597 718 2637; x_wconf 62' lang='lat' dir='ltr'>barbaranu,</span> <span class='ocrx_word' id='word_1_831' title='bbox 735 2598 821 2630; x_wconf 86' lang='lat' dir='ltr'>solos</span> <span class='ocrx_word' id='word_1_832' title='bbox 838 2600 936 2631; x_wconf 84' lang='lat' dir='ltr'>Cares</span> <span class='ocrx_word' id='word_1_833' title='bbox 952 2600 1205 2643; x_wconf 87' lang='lat' dir='ltr'>barbarilingues</span> 
     </span>
     <span class='ocr_line' id='line_1_92' title="bbox 172 2644 1202 2688; baseline 0.001 -9"><span class='ocrx_word' id='word_1_834' title='bbox 172 2647 310 2685; x_wconf 80' lang='lat' dir='ltr'>dixerit,</span> <span class='ocrx_word' id='word_1_835' title='bbox 327 2645 480 2678; x_wconf 83' lang='lat' dir='ltr'>barbaros</span> <span class='ocrx_word' id='word_1_836' title='bbox 495 2644 612 2676; x_wconf 87' lang='lat' dir='ltr'>nullos.</span> <span class='ocrx_word' id='word_1_837' title='bbox 629 2646 700 2676; x_wconf 88' lang='lat' dir='ltr'>Non</span> <span class='ocrx_word' id='word_1_838' title='bbox 716 2647 802 2677; x_wconf 89' lang='lat' dir='ltr'>recte</span> <span class='ocrx_word' id='word_1_839' title='bbox 817 2645 1041 2686; x_wconf 89' lang='lat' dir='ltr'>Thucydides,</span> <span class='ocrx_word' id='word_1_840' title='bbox 1059 2648 1116 2688; x_wconf 91' lang='lat' dir='ltr'>qui</span> <span class='ocrx_word' id='word_1_841' title='bbox 1132 2657 1202 2688; x_wconf 90' lang='lat' dir='ltr'>pro-</span> 
     </span>
     <span class='ocr_line' id='line_1_93' title="bbox 171 2691 1205 2735; baseline -0.001 -8"><span class='ocrx_word' id='word_1_842' title='bbox 171 2695 281 2735; x_wconf 75' lang='lat' dir='ltr'>pterea</span> <span class='ocrx_word' id='word_1_843' title='bbox 302 2694 395 2734; x_wconf 86' lang='lat' dir='ltr'>negat</span> <span class='ocrx_word' id='word_1_844' title='bbox 416 2691 457 2724; x_wconf 88' lang='lat' dir='ltr'>ah</span> <span class='ocrx_word' id='word_1_845' title='bbox 478 2700 516 2724; x_wconf 89' lang='lat' dir='ltr'>eo</span> <span class='ocrx_word' id='word_1_846' title='bbox 545 2691 700 2724; x_wconf 86' lang='lat' dir='ltr'>barbaros</span> <span class='ocrx_word' id='word_1_847' title='bbox 729 2691 902 2733; x_wconf 86' lang='lat' dir='ltr'>appellari,</span> <span class='ocrx_word' id='word_1_848' title='bbox 924 2693 1001 2733; x_wconf 88' lang='lat' dir='ltr'>quia</span> <span class='ocrx_word' id='word_1_849' title='bbox 1028 2702 1070 2726; x_wconf 84' lang='lat' dir='ltr'>ne</span> <span class='ocrx_word' id='word_1_850' title='bbox 1100 2695 1205 2726; x_wconf 84' lang='lat' dir='ltr'>Graeci</span> 
     </span>
     <span class='ocr_line' id='line_1_94' title="bbox 173 2738 1204 2781; baseline 0.002 -9"><span class='ocrx_word' id='word_1_851' title='bbox 173 2740 316 2781; x_wconf 89' lang='lat' dir='ltr'>quidem,</span> <span class='ocrx_word' id='word_1_852' title='bbox 327 2747 597 2780; x_wconf 90' lang='lat' dir='ltr'>quorumnomen</span> <span class='ocrx_word' id='word_1_853' title='bbox 613 2738 663 2770; x_wconf 90' lang='lat' dir='ltr'>his</span> <span class='ocrx_word' id='word_1_854' title='bbox 680 2740 908 2779; x_wconf 84' lang='lat' dir='ltr'>opponeretur,</span> <span class='ocrx_word' id='word_1_855' title='bbox 919 2739 954 2771; x_wconf 90' lang='lat' dir='ltr'>in</span> <span class='ocrx_word' id='word_1_856' title='bbox 969 2749 1072 2772; x_wconf 90' lang='lat' dir='ltr'>unum</span> <span class='ocrx_word' id='word_1_857' title='bbox 1088 2751 1204 2774; x_wconf 91' lang='lat' dir='ltr'>nomen</span> 
     </span>
     <span class='ocr_line' id='line_1_95' title="bbox 174 2784 1206 2830; baseline 0.002 -11"><span class='ocrx_word' id='word_1_858' title='bbox 174 2786 290 2820; x_wconf 86' lang='lat' dir='ltr'>secreti</span> <span class='ocrx_word' id='word_1_859' title='bbox 310 2787 411 2819; x_wconf 86' lang='lat' dir='ltr'>erant.</span> <span class='ocrx_word' id='word_1_860' title='bbox 437 2785 522 2817; x_wconf 79' lang='lat' dir='ltr'>Nam</span> <span class='ocrx_word' id='word_1_861' title='bbox 542 2784 630 2826; x_wconf 91' lang='lat' dir='ltr'>quod</span> <span class='ocrx_word' id='word_1_862' title='bbox 649 2784 690 2817; x_wconf 88' lang='lat' dir='ltr'>de</span> <span class='ocrx_word' id='word_1_863' title='bbox 710 2784 833 2817; x_wconf 84' lang='lat' dir='ltr'>Graecis</span> <span class='ocrx_word' id='word_1_864' title='bbox 852 2785 906 2818; x_wconf 89' lang='lat' dir='ltr'>ille</span> <span class='ocrx_word' id='word_1_865' title='bbox 927 2786 1027 2826; x_wconf 86' lang='lat' dir='ltr'>dicit,</span> <span class='ocrx_word' id='word_1_866' title='bbox 1051 2787 1121 2819; x_wconf 81' lang='lat' dir='ltr'>salsi</span> <span class='ocrx_word' id='word_1_867' title='bbox 1138 2790 1206 2830; x_wconf 88' lang='lat' dir='ltr'>ipse</span> 
     </span>
     <span class='ocr_line' id='line_1_96' title="bbox 174 2833 545 2866; baseline -0.005 0"><span class='ocrx_word' id='word_1_868' title='bbox 174 2836 334 2866; x_wconf 86' lang='lat' dir='ltr'>Homerus</span> <span class='ocrx_word' id='word_1_869' title='bbox 355 2833 520 2866; x_wconf 87' lang='lat' dir='ltr'>convincit</span> <span class='ocrx_word' id='word_1_870' title='bbox 537 2842 545 2864; x_wconf 92' lang='lat'>:</span> 
     </span>
    </p>

    <p class='ocr_par' dir='ltr' id='par_1_23' title="bbox 216 2886 1184 2928">
     <span class='ocr_line' id='line_1_97' title="bbox 216 2886 1184 2928; baseline 0.001 -12"><span class='ocrx_word' id='word_1_871' title='bbox 216 2888 323 2916; x_wconf 86' lang='lat' dir='ltr'>Gloria</span> <span class='ocrx_word' id='word_1_872' title='bbox 339 2887 429 2926; x_wconf 85' lang='lat' dir='ltr'>cujus</span> <span class='ocrx_word' id='word_1_873' title='bbox 445 2896 564 2916; x_wconf 87' lang='lat' dir='ltr'>summa</span> <span class='ocrx_word' id='word_1_874' title='bbox 578 2896 636 2926; x_wconf 85' lang='lat' dir='ltr'>per</span> <span class='ocrx_word' id='word_1_875' title='bbox 652 2886 849 2926; x_wconf 81' lang='lat' dir='ltr'>Helladaque</span> <span class='ocrx_word' id='word_1_876' title='bbox 864 2893 895 2916; x_wconf 91' lang='lat' dir='ltr'>et</span> <span class='ocrx_word' id='word_1_877' title='bbox 910 2887 1048 2917; x_wconf 87' lang='lat' dir='ltr'>medium</span> <span class='ocrx_word' id='word_1_878' title='bbox 1063 2887 1184 2928; x_wconf 79' lang='lat' dir='ltr'>Argos;</span> 
     </span>
    </p>
   </div>
  </div>
 </body>
</html>
