2320 3684
148 174 222 208 128

143 254 368 310 ἐφυλάττετο.
380 256 395 280 4
416 248 636 301 Λειπομένου
647 248 683 286 δὲ
693 264 754 287 του
763 249 920 287 ἐνιαυτοῦ
934 248 1082 302 βραχέος
1091 249 1174 304 χρό-

144 329 224 361 νου,
253 314 322 350 τῶν
349 310 440 349 κατὰ
465 309 504 347 τὸ
532 312 698 361 κρυφαῖον
728 323 791 353 της
822 305 948 360 στέγης
981 309 1175 356 σκωληκων

145 370 286 418 ἀκούει,
307 374 367 408 τοῦ
393 370 455 421 μὲν
475 368 693 421 ἓρωτωντος,
711 363 818 404 πόσον
839 365 906 414 ἤδη
925 365 1028 420 μέρος
1049 372 1108 406 τοῦ
1125 369 1177 407 δο-

145 435 207 468 κοῦ
223 428 474 491 διαὸέὸρωται,
494 428 563 464 τῶν
581 422 617 462 δὲ
636 423 939 478 ἀποκριναμένων
956 425 1075 464 λοιπὸν
1095 426 1178 465 ἐλά-

146 504 267 541 χιστον
288 492 388 525 εἶναι.
416 484 486 524 Καὶ
506 483 642 537 ταχέως
662 482 841 523 ἐκέλευσεν
861 485 963 524 αὐτὸν
985 487 1032 530 εἷς
1061 486 1175 539 ἕτερον

146 546 279 597 οἴκημα
312 549 541 596 μεταγαγεῖν·
569 542 757 594 γενομένου
792 541 828 580 δὲ
859 542 1004 592 τούτου,
1035 545 1111 595 μετ’
1137 547 1176 583 οὗ

145 604 235 643 πολυ
255 602 423 643 συνέπεσε
447 602 487 641 τὸ
511 601 656 653 οἴκημα.
682 603 698 628 5
719 600 916 653 Θαυμάσας
936 601 972 641 δὲ
990 602 1176 653 Φύλακος,

146 663 204 701 καὶ
221 661 355 713 μαθὼν,
377 659 430 699 οτι
450 659 524 699 ἐστὶ
545 660 668 711 μάντις
682 659 838 714 ἄριστος,
854 660 960 705 λύσας
976 662 1175 715 παρεκάλε-

147 737 204 759 σεν
228 722 348 769 εἰπεῖν,
369 720 462 763 ὅπως
482 720 587 758 αὐτοῦ
617 721 668 772 τῷ
693 718 792 757 παιδὶΙ
817 719 958 773 Ἰφίκλῳ
978 721 1099 764 παῖδες
1118 720 1177 772 γίυ

148 794 282 826 νονται;
315 777 434 817 Οδὲε
422 776 596 830 υπέσχετο
616 777 670 831 ἐφ’
697 781 726 831 ῳ
745 776 806 821 τὰς
827 777 908 830 βόας
925 778 1086 831 λήψεται.
1106 779 1177 818 Καὶ

147 837 344 881 καταθύσας
379 836 526 890 ταύρους
551 836 633 887 δύο,
662 837 722 876 καὶ
750 837 915 888 μελίσας,
940 837 1019 882 τους
1038 838 1178 883 οἷωνους

146 895 432 949 προσεκαλέσατο
451 910 458 918 ·
475 896 492 921 ⁶
511 894 796 948 παραγενομένου
825 895 861 934 δὲ
879 898 1041 948 αἰγυπιοῦ
1053 929 1062 946 ,
1082 897 1179 952 παρὰ

146 953 270 993 τούτου
288 954 454 1006 μανθάνει
471 953 536 1004 δὴ,
554 952 608 993 ὅτι
627 953 795 999 Φύλακος
811 954 895 994 ποτὲ
913 955 1028 1009 κριοὺς
1042 956 1178 1008 τέμνων

147 1013 204 1052 ἐπὶ
237 1017 307 1052 τῶν
346 1013 500 1061 αἰδοίων,
534 1012 630 1067 παρὰ
662 1016 713 1067 τῷ
739 1014 883 1068 Ἰφίκλῳ
910 1014 974 1062 τὴν
999 1015 1180 1069 μάχαιραν

147 1071 358 1142 ᾑμαγμένην
384 1071 436 1111 ἔτι
455 1071 620 1111 κατέθετο
632 1088 640 1096 ·
660 1072 836 1116 δείσαντος
855 1073 891 1111 δὲ
907 1077 968 1112 τοῦ
984 1074 1106 1117 παιδὸς
1120 1074 1180 1112 καὶ

148 1130 336 1184 φυγόντος,
355 1125 452 1175 αυθις
480 1130 572 1169 κατὰ
596 1133 659 1178 τ’ῆς
686 1134 779 1184 ἱερᾶς
799 1131 898 1186 δρυὸς
921 1131 1031 1179 αὐτὴν
1050 1131 1180 1182 ἔπηξε,

147 1189 206 1227 καὶ
217 1190 348 1237 ταύτην
361 1189 634 1244 ἀμφιτροχώσας
645 1190 816 1243 ἐκάλυψεν
829 1196 847 1229 ὁ
861 1190 986 1244 φλοιός.
998 1193 1014 1218 7
1034 1190 1162 1266 Ἔλεγε
1164 1207 1181 1228 ν

148 1242 222 1297 οὖν,
241 1250 437 1303 ευρεθείσης
463 1265 525 1295 της
556 1249 757 1303 μαχαίρας,
785 1251 814 1287 εἰ
843 1249 930 1294 ξύων
959 1249 1018 1288 τὸν
1050 1249 1101 1288 ἷον
1124 1250 1182 1289 ἐπὶ

148 1306 220 1358 ἧμέ
203 1323 283 1359 ρας
316 1307 400 1345 δέκα
433 1307 577 1362 Ιφίκλῳ
610 1308 659 1361 δῷ
697 1314 810 1356 πιεῖν,
846 1308 957 1346 παῖδα
989 1308 1181 1359 γεννήσειν.

149 1367 276 1404 Ταῦτα
305 1365 426 1416 μαθὼν
458 1366 542 1419 παρ’
567 1367 729 1416 αἷγυπιου
750 1365 988 1416 Μελάμπους,
1019 1365 1084 1412 τὴν
1119 1365 1182 1417 μὲν

150 1423 330 1478 μάχαιραν
350 1428 444 1477 εὗρε·
465 1426 516 1477 τῷ
528 1423 564 1462 δὲ
583 1423 727 1478 Ἰφίκλῳ
744 1423 802 1462 τὸν
825 1423 874 1462 ἰὸν
894 1422 997 1468 ξύσας
1016 1424 1074 1463 ἐπὶ
1092 1424 1186 1476 ἣμέω

151 1498 211 1536 ρας
232 1483 315 1521 δέκα
341 1480 471 1521 δέδωκε
506 1489 621 1532 πιεῖν,
657 1482 717 1520 καὶ
755 1489 840 1526 παῖς
878 1484 975 1536 αὐτῷ
995 1483 1184 1538 Ποδάρκης

149 1541 298 1592 ἐγένετο.
328 1544 345 1568 8
365 1541 441 1586 Τὰς
473 1542 509 1580 δὲ
537 1541 620 1595 βόας
651 1543 702 1587 εἷς
731 1541 851 1581 Πύλον
883 1542 1010 1592 ἤλασε,
1048 1542 1108 1583 καὶ
1133 1545 1184 1596 τῷ

142 1601 288 1655 ’ἀδελφῷ
316 1600 380 1648 τὴν
418 1599 565 1647 Νηλέως
597 1599 770 1654 θυγατέρα
809 1599 928 1639 >kagan
958 1599 1078 1640 ἔδωκε.
1112 1601 1184 1642 Καὶ

150 1658 256 1712 μέχρι
286 1659 349 1710 μέν
368 1674 458 1702 τινος
484 1660 519 1697 ἐν
540 1659 718 1711 Μησσήνῃ
748 1658 920 1712 κατῴκει·
946 1661 992 1703 ὡς
1009 1658 1045 1697 δὲ
1068 1659 1129 1703 τὰς
1148 1661 1182 1698 ἓν

148 1718 267 1771 Ἄργει
303 1725 468 1769 γυναῖκας
498 1718 643 1770 ἐξέμηνε
676 1717 860 1766 Διόνυσος,
897 1719 954 1757 ἐπὶ
991 1718 1090 1772 μέρει
1123 1721 1184 1765 τῆς

152 1778 330 1828 βασιλείας
352 1777 539 1829 ἰασάμενος
560 1777 684 1826 αὐτὰς,
722 1778 793 1816 ἐκεῖ
819 1776 908 1828 μετὰ
936 1777 1082 1820 Βίαντος
1115 1793 1184 1815 κα-

150 1835 301 1888 τῴκησε.

204 1896 283 1946 (13)
308 1894 453 1937 Βίαντος
473 1892 508 1932 δὲ
528 1909 588 1932 και
608 1894 750 1947 Πηροῦς
769 1893 927 1942 Ταλαὸς,
941 1887 980 1932 ου
999 1910 1059 1932 και
1070 1895 1185 1932 Λυσι-

151 1953 271 2004 μάχης
303 1956 364 1999 τῆς
392 1952 561 1996 Ἄὸαντος
588 1956 649 1990 τοῦ
682 1952 940 2003 Μελάμποδος,
972 1952 1184 2007 Ἄδραστος,

151 2013 435 2064 Παρθενοπαῖος,
462 2009 633 2064 Πρώναξ,
661 2011 887 2060 Μηκιστευς,
910 2011 1184 2066 Ἀριστόμαχος,

151 2067 346 2124 Ἐριφύλη,
367 2069 408 2116 ἣν
431 2068 648 2123 Ἀμφιάραος
663 2074 782 2120 γαμεῖ.

203 2129 221 2153 ²
241 2126 508 2181 Παρθενοπαίου
529 2126 565 2166 δὲ
583 2126 811 2181 Πρόμαχος
796 2143 852 2179 εγε
843 2127 889 2166 ’ν
875 2141 944 2176 ετο,
957 2127 992 2171 ὃς
1013 2127 1102 2179 μετὰ
1115 2145 1184 2167 των

151 2184 383 2238 Ἔπιγόνων’
369 2203 425 2225 επι
443 2186 568 2234 Θήὸας
588 2186 812 2241 εστρατεύθη.
831 2186 1043 2234 Μηκιστέως
1064 2186 1100 2225 δὲ
1115 2189 1187 2226 Εὖ-

152 2243 295 2299 ρύαλος,
324 2240 408 2289 ὃς
384 2249 467 2292 ηκεν
489 2246 536 2289 εἷς
554 2245 698 2299 Τροίαν.
728 2244 943 2300 Πρώνακτος
978 2243 1014 2283 δὲ
1049 2244 1186 2296 ἐγένετο

152 2306 363 2357 Λυκοῦργος.
388 2302 577 2357 Ἀδράστου
599 2302 718 2341 δὲκαὶ
740 2303 927 2357 Αμφιθέας
948 2320 1011 2350 της
1030 2303 1185 2357 Πρώνα-

152 2377 249 2410 κτος,
277 2361 461 2416 θυγατέρες
486 2361 549 2413 μὲν
577 2362 737 2416 Ἀργεία,
764 2362 949 2412 Δηϊπύλη,
978 2363 1185 2414 Αἰγιάλεια,

152 2422 272 2464 παῖδες
293 2420 329 2459 δὲ
351 2420 556 2473 Αἰγιαλεὺς,
578 2421 796 2465 Κυάνιππος.

207 2480 286 2553 (¹4)
306 2478 428 2534 Φέρης
445 2478 482 2518 δε
493 2483 511 2518 ὃ
526 2479 710 2534 Κρηθέως,
730 2480 880 2534 Φερὰς
865 2497 899 2519 εν
917 2480 1101 2534 Θεσσαλία
1114 2480 1188 2519 κτί-

153 2553 237 2588 σας,
255 2537 440 2599 εγέννησεν
463 2538 639 2590 Ἄδμητον
660 2539 719 2577 καὶ
743 2541 957 2593 Λυκοῦργον
988 2541 1188 2594 Λυκουργος

154 2595 217 2648 μὲν
237 2600 295 2636 οὐν
314 2596 393 2651 ‘trapi
411 2595 553 2648 Νεμέαν
569 2612 774 2651 κατωκησε,
792 2613 909 2649 γημας
921 2596 957 2635 δὲ
974 2600 1004 2636 F
1007 2598 1186 2651 υρυδικην,

153 2657 199 2700 ὡς
233 2655 270 2694 δὲ
307 2654 391 2694 ἔνιοι
427 2655 545 2710 φασὶν,
572 2655 824 2711 Ἀμφιθέαν,ε
808 2655 992 2708 ἐγέννησεν
1013 2657 1098 2710 Ὀφε
1089 2655 1186 2704 ’λτην

152 2713 326 2762 κληθέντα
347 2713 573 2768 Ἀρχέμορον.
599 2715 679 2767 (15)
699 2714 871 2765 Ἀδμήτου
891 2714 927 2752 δὲ
947 2714 1188 2766 βασιλεύοντος

152 2775 221 2811 τῶν
239 2775 381 2827 Φερῶν,
399 2772 581 2821 ἐθήτευσεν
602 2772 780 2814 Ἀπόλλων
802 2775 898 2827 αὐτῷ
915 2773 1188 2827 μνηστευομένῳ

152 2830 215 2878 τὴν
237 2831 367 2870 Πελίου
394 2831 567 2886 θυγατέρα
601 2831 803 2879 Ἄλκηστιν.
833 2831 981 2886 Ἐκείνῳ
1001 2831 1037 2871 δὲ
1065 2831 1186 2871 δώσειν

153 2889 453 2940 ἐπαγγειλαμένου
468 2890 599 2930 Πελίου
616 2890 680 2938 τὴν
698 2889 871 2944 θυγατέρα
890 2893 940 2944 τῷ
957 2889 1189 2935 καταζεύξαν-

153 2963 187 2985 τι
205 2948 299 3001 ἅρμα
316 2947 466 2988 λεόντων
489 2950 548 2988 καὶ
572 2950 732 3003 κάπρων,
758 2949 936 2988 Ἀπόλλων
958 2948 1076 2995 ζεύξας
1098 2949 1188 2988 ἔδω-

154 3021 224 3043 κεν.
247 3006 291 3045 Ὁ
306 3006 341 3044 δὲ
361 3008 509 3058 κομίσας
525 3008 611 3062 πρὸς
628 3008 776 3056 Πελίαν,
793 3007 984 3056 Ἄλκηστιν
1000 3008 1187 3059 λαμὸάνει.

155 3063 260 3102 Θύων
283 3064 317 3102 δὲ
342 3067 376 3103 ἐν
396 3072 468 3109 τοῖς
489 3067 636 3118 γάμοις,
667 3066 846 3112 ἐξελάθετο
869 3066 1046 3121 Ἀρτέμιδι
1064 3069 1187 3104 θῦσαι·

156 3121 213 3159 διὰ
230 3126 350 3170 τοῦτο,
368 3124 426 3161 τὸν
439 3125 595 3176 θάλαμον
611 3125 766 3173 ἀνοίξας,
785 3121 862 3180 εῧρε
876 3123 1073 3199 δρακόντων
1092 3124 1190 3163 σπεί-

157 3182 550 3234 ραμαπεπληρωμένον.
559 3186 576 3209 2
589 3184 766 3223 Ἀπόλλων
783 3184 818 3222 δὲ
805 3184 964 3223 εεῖπὼνε
950 3183 1189 3229 εξιλάσκεσθαι

155 3237 218 3285 τὴν
240 3238 328 3286 θεὸν,
345 3239 502 3291 ῃτήσατο
521 3243 617 3295 παρὰ
636 3241 828 3297 Μοιρῶν,”
814 3259 892 3291 ινα,
916 3242 998 3281 όταν
1015 3242 1190 3294 Ἄδμητος

763 161 1140 203 ΑΠΟΛΛΟΔΩΡΟΥ
1167 161 1515 205 ΒΙΒΛῙΟΘἨΚΗΣ
1542 167 1586 214 Α,
1599 167 1647 204 θ’.

1233 264 1267 296 in
1297 264 1426 297 vincula
1453 263 1617 307 conjectus
1645 262 1679 297 in
1709 265 1807 297 domo
1833 265 1974 306 quadam
2001 264 2254 300 custodiebatur.

1234 326 1245 346 Ι
1257 323 1366 359 Quum
1380 331 1455 355 vero
1466 323 1647 364 paullulum
1663 323 1704 355 ab
1717 324 1793 354 anni
1810 322 1915 363 spatio
1943 321 2082 363 abesset,
2098 323 2257 357 teredines

1231 380 1323 413 audit
1334 380 1486 413 inabdita
1495 383 1584 422 parte
1598 381 1676 414 tecti
1687 381 1809 414 trabem
1823 381 2040 420 corrodentes,
2046 390 2185 422 quarum
2201 382 2259 415 uni

1231 441 1388 479 quantum
1407 448 1425 472 e
1441 438 1529 472 trabe
1544 440 1696 472 derosum
1712 443 1810 477 esset,
1829 439 2031 481 percontanti
2045 443 2159 472 eeterae
2169 440 2268 472 mini-

1231 505 1322 528 mum
1333 495 1400 539 jam
1415 507 1583 540 superesse
1595 498 1839 540 responderunt.
1857 500 1939 530 Tum
1955 498 2135 540 Melampus
2150 499 2260 532 statim

1231 558 1266 590 in
1281 558 1382 591 alium
1408 567 1569 592 carcerem
1593 568 1628 591 se
1646 559 1770 592 traduci
1786 558 1901 599 Jussit;
1918 567 1984 600 quo
1999 559 2135 591 vixdum
2158 560 2261 598 racto,

1233 617 1433 649 domicilium
1442 617 1523 650 illud
1538 618 1669 650 corruit.
1687 622 1701 640 ⁵
1715 618 1751 650 ld
1761 617 1937 650 admiratus
1952 617 2125 659 Phylacus,
2138 616 2195 649 ubi
2210 625 2263 649 va-

1236 677 1302 706 tem
1317 675 1410 707 illum
1426 675 1587 717 opt-imum
1601 685 1672 708 esse
1690 676 1936 715 animadvertit,
1960 675 2104 707 solutum
2122 673 2263 707 vinculis

1232 733 1401 765 ostendere
1411 734 1546 775 rogavit,
1561 730 1723 775 quomodo
1734 734 1876 776 Iphiclus
1889 733 1975 765 filius
1985 733 2108 775 prolem
2120 733 2263 766 haberet.

1233 789 1301 829 lile,
1310 789 1336 821 si
1351 789 1450 822 boves
1459 791 1623 831 reciperet,
1638 800 1673 823 se
1687 791 1939 823 vaticinaturum
1950 790 2128 831 pollicetur.
2141 789 2264 822 Deinde

1234 849 1383 881 mactatis
1400 849 1528 881 duobus
1538 849 1652 889 tauris,
1666 858 1842 890 eorumque
1854 849 2033 881 visceribus
2047 848 2264 890 particulatim

1233 907 1371 939 concisis
1383 931 1392 947 ,
1416 916 1492 940 aves
1507 907 1650 948 augurali
1674 909 1742 940 arte
1760 907 1943 939 advocavit.
1958 912 1974 932 θ
1987 907 2037 939 Ad
2050 915 2148 948 quem
2163 915 2264 948 quum

1234 965 1345 997 vultur
1353 964 1548 1004 advolasset,
1555 973 1594 997 ex
1604 974 1642 997 eo
1650 965 1814 1006 cognovit,
1822 965 2000 1005 Phylacum
2007 964 2085 996 olim
2093 963 2252 996 arietesex
2258 980 2274 990 ο

1236 1025 1398 1056 secantem
1410 1023 1551 1056 cultrum
1563 1025 1733 1055 cruentum
1747 1023 1853 1055 adhuc
1862 1023 1956 1064 juxta
1969 1023 2129 1064 Iphiclum
2145 1021 2268 1064 posuis·

1236 1091 1293 1122 se;
1311 1082 1428 1114 deinde
1442 1091 1530 1121 vero,
1546 1091 1648 1122 quum
1662 1091 1742 1122 puer
1751 1083 1839 1114 metu
1852 1082 2021 1122 perculsus
2031 1082 2064 1114 in
2077 1081 2187 1122 sugam
2197 1089 2269 1114 sese

1237 1141 1440 1181 conjecisset,
1456 1141 1589 1182 quercui
1603 1141 1677 1173 Jovi
1693 1149 1794 1172 sacrae
1810 1140 1993 1182 impegisse,
2008 1140 2066 1172 ubi
2087 1140 2207 1173 cortice
2219 1148 2269 1172 es·

1237 1200 1287 1231 set
1300 1198 1474 1231 obductus.
1496 1203 1509 1222 ⁷
1523 1200 1660 1231 Invento
1676 1198 1772 1239 igitur
1787 1199 1908 1239 cultro,
1925 1198 1953 1231 si
1969 1198 2129 1234 abr-asam,
2147 1197 2268 1238 inquit,

1238 1256 1313 1288 ferri
1329 1256 1508 1297 rubiginem
1527 1265 1584 1297 per
1600 1256 1701 1288 denos
1717 1256 1795 1288 dies
1808 1256 1931 1297 Iphiclo
1951 1256 1984 1288 in
1998 1256 2077 1288 vino
2093 1256 2268 1300 potandam
2311 1245 2315 1247 “

1238 1315 1375 1355 dederit,
1383 1314 1534 1346 filiumde
1544 1313 1707 1355 seprolem
1720 1322 1791 1346 esse
1799 1314 1994 1355 geniturum.
2009 1314 2135 1352 Quibus
2146 1323 2187 1346 ex
2202 1315 2270 1346 vul-

1237 1373 1311 1405 ture
1329 1373 1479 1414 cognitis,
1493 1372 1675 1414 Melampus
1692 1373 1836 1405 cultrum
1858 1372 1995 1414 reperit,
2013 1374 2047 1405 et
2061 1372 2208 1406 abr-asam
2229 1381 2270 1406 ex

1239 1431 1297 1463 illo
1307 1431 1487 1472 rubiginem
1501 1431 1602 1464 denos
1614 1440 1670 1472 per
1686 1431 1755 1464 dies
1768 1431 1941 1464 bibendam
1957 1431 2046 1464 dedit
2062 1432 2195 1473 Iphiclo,
2213 1432 2270 1474 qui

1236 1491 1304 1531 jam
1327 1491 1490 1523 Podarcen
1508 1490 1609 1522 filium
1619 1490 1811 1532 procreavit.
1829 1495 1841 1513 ⁸
1858 1491 1901 1522 At
1913 1490 2092 1532 Melampus
2101 1490 2202 1522 boves
2211 1492 2272 1531 Py-

1239 1547 1307 1580 lum
1320 1548 1483 1589 perduxit,
1502 1548 1655 1589 fratrique
1671 1550 1837 1588 peronem,
1855 1547 1942 1580 Nelei
1949 1548 2060 1588 filiam,
2076 1549 2271 1580 consecutus

1239 1606 1274 1639 in
1293 1607 1478 1648 conjugium
1492 1606 1681 1646 collocavit,
1699 1607 1733 1639 et
1756 1608 1913 1639 Messenae
1937 1606 2124 1647 aliquandiu
2137 1606 2269 1638 mansit.

1239 1666 1355 1698 Postea
1383 1674 1460 1697 vero
1487 1674 1585 1706 quarn
1619 1665 1763 1697 Bacchus
1779 1665 1906 1705 Argivis
1922 1665 2111 1697 mulieribus
2128 1664 2271 1696 furorem

1239 1724 1367 1765 injecit,
1384 1725 1496 1764 pactus
1516 1724 1603 1764 regni
1620 1725 1760 1764 partem,
1780 1731 1833 1755 eas
1851 1724 1982 1755 vesania
1999 1723 2148 1755 liberavit
2172 1725 2271 1764 atque

1240 1789 1315 1812 cum
1331 1778 1444 1812 Biante
1463 1779 1559 1811 fratre
1575 1782 1676 1820 Argos
1691 1779 1925 1819 commigravit.

1285 1894 1351 1935 (13)
1375 1894 1498 1926 Biantis
1513 1895 1546 1927 et
1567 1895 1668 1927 Perus
1689 1894 1775 1926 filius
1791 1894 1853 1926 suit
1873 1894 2004 1933 Talaus,
2017 1894 2111 1935 cujus
2125 1902 2164 1926 ex
2181 1892 2271 1934 Lysi-

1240 1953 1354 1984 mache
1369 1977 1378 1993 ,
1407 1952 1542 1985 Abantis
1554 1977 1563 1993 ,
1591 1952 1741 1994 Melampi
1753 1975 1763 1992 ,
1798 1952 1969 1992 Adrastus,
1998 1952 2270 1993 Parthenopaeus,

1240 2013 1384 2050 Pronax,
1401 2012 1586 2051 Mecisteus,
1605 2011 1867 2051 Aristomachus,
1891 2010 2059 2052 Eriphyle,
2074 2018 2148 2052 quoe
2162 2010 2274 2052 nupsit

1241 2070 1444 2110 Amphiarao.

1282 2129 1550 2170 2Parthen0paeus
1559 2127 1662 2160 filium
1672 2127 1811 2160 habebat
1820 2127 2106 2169 promachum‚qui
2117 2136 2192 2160 cum
2202 2128 2274 2170 Epi-

1241 2190 1333 2231 gonis
1353 2191 1465 2222 contra
1478 2189 1605 2222 Thebas
1620 2189 1655 2221 in
1682 2189 1802 2222 bellum
1824 2189 1990 2231 profectus
2014 2190 2075 2222 est.
2098 2188 2272 2222 Mecisteus

1241 2248 1350 2289 genuit
1359 2249 1550 2290 Euryalum,
1565 2248 1619 2289 qui
1634 2248 1789 2280 adversus
1801 2248 1930 2289 Trojam
1943 2247 2118 2288 navigavit.
2136 2250 2186 2280 Ex
2199 2249 2273 2280 Pro-

1242 2309 1334 2339 nacte
1349 2308 1446 2339 natus
1466 2308 1516 2339 est
1535 2309 1713 2348 Lycurgus.
1731 2306 1887 2339 Adrastus
1904 2316 1945 2339 ex
1963 2306 2155 2347 Amphithea
2169 2329 2178 2346 ,
2202 2308 2273 2338 Pro-

1242 2366 1345 2398 nactis
1362 2365 1437 2405 filia,
1454 2365 1536 2398 filias
1553 2366 1695 2407 Argiam,
1718 2365 1888 2407 Deipylen,
1906 2365 2100 2406 AEgialeam,
2115 2364 2198 2396 tilios
2219 2373 2272 2396 au-

1241 2428 1307 2458 tem
1324 2425 1502 2467 AEgialeum
1515 2427 1548 2457 et
1565 2425 1770 2466 Cyanippum
1785 2424 1939 2466 suscepit.

1287 2484 1352 2524 (14)
1365 2484 1496 2523 Pheres,
1512 2483 1639 2515 Crethei
1655 2483 1752 2523 filius,
1768 2482 1824 2523 qui
1837 2483 1956 2515 Pheras
1970 2482 2005 2514 in
2022 2482 2186 2514 Thessalia
2200 2491 2272 2514 con·
2315 2527 2316 2530 Ἴ

1242 2543 1336 2583 didit,
1355 2543 1530 2575 Admetum
1547 2541 1656 2582 genuit
1677 2543 1709 2574 et
1721 2543 1918 2582 Lycurgum.
1943 2540 2003 2574 Hic
2019 2540 2104 2572 circa
2118 2542 2271 2572 Nemeam
2311 2566 2320 2586 ᾗ,

1243 2601 1402 2634 habitavit
1416 2602 1449 2633 et
1461 2609 1502 2633 ex
1518 2600 1680 2641 Eurydice
1694 2624 1703 2640 ‚
1722 2600 1773 2632 vel
1792 2601 1829 2632 ut
1845 2600 1900 2631 alii
1916 2601 2048 2632 narrant
2062 2622 2072 2639 ,
2086 2608 2125 2632 ex
2142 2599 2271 2641 Amphi·

1242 2660 1318 2692 thea
1333 2668 1435 2691 uxore
1449 2659 1552 2690 filium
1569 2660 1751 2700 procreavit
1773 2658 1954 2700 Ophelten,
1979 2659 2192 2699 cognomento
2214 2660 2270 2690 Ar·
2315 2694 2320 2695 ⁷

1243 2719 1442 2750 chennorum.
1458 2718 1524 2758 (15)
1549 2717 1686 2750 Admeto
1705 2717 1818 2749 Pheris
1833 2717 1980 2758 regnanti
1998 2715 2111 2757 Apollo
2127 2715 2272 2749 mercede
2296 2751 2298 2753 ,
2318 2735 2320 2737 ·

1243 2776 1423 2808 conductus
1435 2776 1581 2816 servivit,
1594 2784 1658 2816 quo
1670 2777 1814 2816 tempore
1821 2776 1874 2808 ille
1889 2775 2041 2814 Alcestin,
2053 2774 2148 2807 Peliae
2160 2774 2271 2814 filiam,
2307 2772 2315 2797 ὲ

1244 2843 1379 2867 uxorem
1395 2834 1600 2875 deposcebat.
1616 2833 1703 2866 Pelia
1717 2843 1795 2865 vero
1814 2833 1842 2866 ei
1869 2842 1903 2865 se
1921 2833 2020 2865 filiam
2035 2833 2188 2866 daturum
2199 2840 2272 2864 esse
2302 2875 2304 2878 .

1243 2894 1440 2935 praedicante
1452 2893 1510 2934 qui
1525 2893 1632 2925 leones
1643 2894 1676 2924 et
1698 2901 1793 2933 apros
1817 2892 1925 2924 currui
1937 2893 2094 2932 jungeret,
2110 2892 2186 2924 fecit
2210 2891 2272 2923 hoc

1244 2953 1370 2995 Apollo,
1385 2954 1482 2993 atque
1498 2951 1562 2992 ille,
1579 2960 1676 2983 curru
1693 2950 1734 2982 ad
1762 2958 1867 2991 regem
1888 2950 2060 2990 producto,
2078 2949 2221 2981 Alcestin
2237 2948 2270 2981 in

1244 3011 1488 3043 matrimonium
1508 3004 1654 3050 accepit.v
1673 3009 1734 3041 Sed
1759 3009 1790 3040 in
1819 3009 2006 3049 nuptiarum
2034 3007 2134 3039 sacris
2159 3008 2271 3039 Dianae
2301 2996 2314 3014 ⁴'

1243 3069 1422 3102 sacrificare
1434 3068 1573 3107 oblitus,
1588 3076 1690 3108 quum
1705 3066 1885 3099 thalamum
1905 3066 2058 3107 aperiret,
2075 3065 2206 3106 plenum
2225 3073 2271 3098 ro·
2301 3076 2305 3078 “

1244 3129 1326 3170 perit
1345 3127 1539 3168 conspiratis
1559 3125 1773 3167 serpentibus.
1788 3124 1924 3165 2ΑροΙΙο
1940 3133 2017 3156 vero
2039 3125 2211 3165 postquam
2233 3124 2271 3156 ut

1245 3186 1387 3218 numinis
1404 3186 1484 3217 iram
1504 3185 1643 3226 placaret
1658 3192 1732 3216 eum
1761 3183 1984 3222 admonuerat,
2007 3191 2026 3213 a
2045 3182 2153 3214 Parcis
2173 3189 2270 3223 popo·
2292 3193 2320 3217 τ

1245 3246 1318 3286 scit,
1328 3246 1376 3284 ut,
1384 3244 1439 3276 ubi
1451 3243 1629 3276 Admetus·
1620 3252 1653 3274 in
1665 3242 1816 3274 humanis
1829 3250 1899 3273 esse
1906 3241 2069 3272 desiturus
2079 3244 2174 3280 esset,
2190 3249 2270 3272 mor-

156 3296 268 3349 μέλλῃ
295 3299 472 3350 τελευτᾷν,
495 3302 651 3353 ἀπολυθῇ
672 3317 733 3340 του
761 3302 932 3350 θανάτου,
960 3301 1000 3340 ἂν
1025 3301 1190 3343 ἑκουσίως
1244 3305 1287 3337 tis
1304 3303 1481 3345 periculum
1498 3302 1660 3341 evaderet,
1676 3300 1788 3341 siquis
1802 3308 1911 3341 proeo
1926 3300 1994 3331 sive
2008 3300 2108 3340 pater,
2121 3299 2270 3331 sivema·
2296 3335 2298 3337 ,

156 3369 206 3398 τις
226 3354 311 3408 ὑπὲρ
338 3357 442 3394 αὐτοῦ
472 3357 631 3404 θνήσκειν
665 3359 810 3408 ἕληται,
830 3359 947 3414 πατὴρ
973 3359 995 3406 ἢ
1023 3359 1140 3413 μήτηρ
1166 3358 1188 3406 ἢ
1244 3365 1318 3402 ter,
1351 3362 1420 3394 sive
1448 3369 1531 3393 uxor
1561 3362 1697 3392 mortem
1715 3359 1800 3391 ultro
1825 3357 1968 3390 subierit.
1987 3359 2118 3398 Postea,
2138 3356 2194 3389 ubi
2223 3355 2269 3389 illi
