2320 3684
156 187 202 220 34
909 179 1165 219 CHARONIS
1195 181 1371 221 FRAGM
1381 183 1444 221 EN
1448 184 1526 222 TA.

287 270 405 309 OPOI
436 270 478 320 [s.
502 269 639 319 opor]
670 267 1054 306 ΔιΑΜΨΑκΗΝΩΝ.

652 344 692 380 8.

214 408 296 444 «Ex
328 403 419 458 ὅροις
463 407 812 452 Lampsacenorum
852 401 1067 439 desumtum
1106 415 1186 440 esse

158 464 338 510 arbitror,
355 461 459 512 quod
471 459 609 499 Strabo
628 462 741 506 XIII,
757 473 792 511 p.
818 460 893 507 873
914 470 1188 499 commemorat

159 523 206 559 de
225 520 363 559 finibus
380 519 554 557 Troadis.
572 517 663 565 Ubi,
683 527 886 569 postquam
900 519 1089 570 exposuit,
1109 533 1187 571 quo

162 582 246 618 loco
266 583 468 625 Homerus,
486 581 699 625 Damastes,
713 578 900 615 Eudoxus
922 578 1004 628 ejus
1021 577 1187 628 regionis

162 638 344 675 terminos
365 637 577 687 posuerint,
601 637 683 674 haec
709 636 828 684 addit,

212 695 340 749 Χάρων
362 694 391 732 δ’
407 698 426 733 ὁ
444 694 687 747 Λαμψακηνὸς
703 695 922 748 τριακοσίους
941 695 1066 739 ἄλλους
1084 697 1187 748 ἀφαι-

161 759 211 807 ρεῖ
227 753 404 801 σταδίους,
426 753 496 792 ἀπὸ
516 753 698 808 Πρακτίου
715 753 926 808 ἀρχόμενος·
943 757 1102 792 τοσοῦτοι
1120 752 1188 808 γάρ

162 815 244 850 εἰσιν
272 811 340 851 ἀπὸ
360 811 498 865 Παρίου
527 814 574 856 εἷς
599 812 778 868 Πράκτιον
795 828 803 837 ·
824 812 888 857 ἕως
923 812 1041 864 μέντοι
1062 812 1186 865 Ἀτρα-

161 871 304 922 μυττίου
321 870 496 925 πρόεισι.»
517 875 585 911 Cn.
655 925 680 962 9

212 985 420 1023 Athenaeus
433 987 520 1031 XII,
544 998 575 1023 c.
601 999 658 1035 19,
681 998 720 1036 p.
747 985 833 1033 520,
853 983 1066 1023 D—FzT&
1084 983 1188 1035 ὅμοια

159 1042 321 1096 ἱστόρησε
340 1042 399 1082 καὶ
418 1041 498 1097 περὶ
517 1044 727 1097 Καρδιανῶν
751 1047 769 1082 ὃ
791 1041 1031 1097 Λαμψακηνὸς
1057 1042 1188 1096 Χάρων

159 1109 194 1145 ἐν
215 1107 363 1161 δευτέρῳ
381 1106 506 1161 υΩρων
525 1107 591 1160 (sic
610 1110 709 1146 enim
722 1110 899 1147 meliores
920 1108 1052 1146 codd:
1071 1109 1188 1159 vulgo

158 1164 262 1219 ὅρων)
281 1165 423 1219 γράφων
444 1165 571 1211 οὕτως·
604 1166 777 1206 Βισάλται
803 1169 850 1211 εἰς
878 1166 1036 1220 Καρδίην
1060 1167 1187 1220 ἐστρα-

158 1225 325 1266 τεύσαντο
345 1226 403 1264 καὶΙ
420 1226 597 1274 ἐνίκησαν·
621 1226 762 1278 ἡγεμὼν
783 1225 820 1265 δὲ
837 1229 906 1265 τῶν
929 1226 1131 1266 Βισαλτέων
1145 1221 1187 1274 ἦν

158 1285 315 1339 Ὄναρις·
341 1280 438 1327 οὗτος
461 1285 511 1334 δὲ,
537 1291 620 1328 παῖς
645 1284 707 1333 ὢν,
733 1287 767 1323 ἐν
787 1288 832 1338 τῇ
860 1285 998 1339 Καρδίῃ
1033 1284 1187 1339 ἐπράθη,

159 1346 218 1384 καί
248 1362 315 1385 τινι
345 1347 533 1400 Καρδιηνῷ
571 1345 778 1394 δουλεύσας,
816 1345 1009 1399 κορσωτεὺς
1040 1344 1187 1397 ἐγένετο.

160 1407 369 1460 Καρδιηνοῖς
389 1404 426 1444 δὲ
450 1404 565 1458 λόγιον
590 1399 645 1453 ἦν,
672 1407 718 1449 ὡς
738 1404 910 1444 Βισάλται
933 1404 1114 1450 ἀπίξονται
1132 1405 1188 1443 ἐπ’

163 1464 298 1509 αὐτούς·
321 1464 380 1503 καὶ
395 1464 511 1504 πυκνὰ
533 1463 612 1518 περὶ
630 1463 755 1502 τούτου
775 1463 968 1515 διελέγοντο
987 1465 1021 1502 ἓν
1041 1466 1090 1517 τῷ
1109 1479 1189 1517 κορ-

158 1524 321 1577 σωτηρίῳ
340 1522 522 1568 ἱζάνοντες·
550 1523 610 1561 καὶ
636 1521 788 1577 ἀποδρὰς
813 1524 853 1562 ἐκ
880 1526 942 1569 τῆς
963 1522 1121 1576 Καρδίης
1142 1524 1188 1567 εἷς

156 1581 219 1630 τὴν
237 1582 402 1637 πατρίδα,
415 1581 494 1626 τοὺς
512 1581 688 1627 Βισάλτας
702 1581 852 1621 ἔστειλεν
869 1581 926 1620 ἐπὶ
939 1580 1017 1626 τοὺς
1034 1582 1188 1636 Καρδιη-

156 1640 250 1688 νοὺς,
272 1641 489 1694 ἀποδειχθεὶς
508 1640 651 1693 ἡγεμὼν
672 1639 740 1679 ὑπὸ
762 1643 831 1679 τῶν
852 1640 1066 1680 Βισαλτέων.
1084 1643 1130 1680 Οἱ
1151 1639 1186 1679 8&

161 1699 351 1754 Καρδιηνοὶ
371 1698 501 1742 πάντες
520 1699 598 1742 τοὺς
617 1697 745 1742 ἵππους
767 1697 927 1743 ἐδίδαξαν
948 1700 983 1737 ἐν
1000 1704 1071 1742 τοῖς
1093 1715 1187 1750 συμ-

156 1758 290 1803 ποσίοις
317 1760 498 1811 ὀρχεῖσθαι
535 1757 602 1797 ὑπὸ
618 1761 688 1796 τῶν
710 1759 837 1796 αὐλῶν·
859 1757 918 1796 καὶ
939 1757 996 1796 ἐπὶ
1018 1759 1087 1796 τῶν
1107 1759 1188 1796 ὀπι-

158 1817 261 1856 σθίων
278 1818 395 1857 ποδῶν
414 1817 609 1869 ἱστάμενοι,
634 1823 707 1860 τοῖς
726 1817 903 1870 προσθίοις
931 1818 1108 1870 ὠρχοῦντο
1133 1816 1185 1862 ἐξ-

156 1875 383 1926 επιστάμενοι
415 1874 458 1913 τὰ
486 1876 686 1927 αὐλήματα.
722 1877 847 1914 Ταῦτα
880 1869 938 1913 οῧν
957 1875 1187 1926 ἐπιστάμενος

155 1933 302 1988 ’Όναρις
317 1933 489 1981 ἐκτήσατο
504 1935 544 1972 ἐκ
557 1936 620 1980 τῆς
638 1933 794 1987 Καρδίης
811 1933 1015 1987 αὐλητρίδα·
1031 1933 1092 1972 καὶ
1111 1936 1188 1988 ἀφι-

156 1994 287 2042 κομένη
308 1995 330 2039 ἡ
355 1991 523 2044 αὐλητρὶς
553 1993 601 2035 εἷς
619 1991 697 2036 τοὺς
729 1991 926 2040 Βισάλτας,
946 1991 1078 2036 ἐδίδαξε
1095 1994 1186 2031 πολ-

155 2049 235 2094 λοὺς
262 2050 427 2098 αὐλητάς·
452 2051 527 2101 μεθ’
552 2044 600 2089 ὧν
622 2049 664 2098 δὴ
702 2050 762 2089 καὶ
781 2049 1007 2104 στρατεύεται
1037 2051 1095 2089 ἐπὶ
1121 2050 1185 2098 τὴν

156 2108 326 2163 Καρδίην.
349 2109 422 2148 Καὶ
437 2108 557 2156 ἐπειδὴ
577 2112 599 2156 ἡ
619 2111 719 2161 μάχη
749 2109 980 2158 συνειστήκει,
1007 2110 1185 2148 ἐκέλευσεν

155 2169 270 2207 αὐλεῖν
288 2167 333 2206 τὰ
348 2168 550 2218 αὐλήματα,
563 2166 630 2207 ὅσα
653 2170 684 2207 οἵ
700 2166 804 2207 ἵπποι
818 2171 887 2206 τῶν
903 2168 1112 2221 Καρδιηνῶν
1135 2167 1186 2213 ἐξ-

154 2227 372 2266 επισταίατο·
406 2227 465 2266 καὶ
487 2226 563 2266 ἐπεὶ
600 2227 754 2274 ἤκουσαν
791 2229 822 2265 οἵ
847 2225 950 2265 ἵπποι
981 2230 1042 2265 τοῦ
1063 2227 1183 2274 αὐλοῦ,

154 2285 305 2333 ἔστησαν
325 2286 382 2324 ἐπὶ
402 2289 470 2325 τῶν
491 2286 656 2325 ὀπισθίων
674 2287 804 2334 ποδῶν,
822 2285 881 2324 καὶ
898 2285 982 2339 πρὸς
1002 2283 1182 2339 ὀρχησμὸν

253 2397 381 2437 AGRI
415 2398 745 2437 LAMPSACENI
779 2396 1086 2437 DESCRIPTIO

153 2457 252 2508 [let
270 2468 413 2495 POTHJS
433 2457 671 2495 ANNALES
694 2454 1184 2508 LAMPSACENORUMj.

653 2533 687 2565 8.

152 2608 158 2617 .
193 2587 323 2620 Charon
336 2587 577 2626 Lampsacenus
589 2585 652 2616 alia
666 2586 809 2616 trecenta
826 2585 930 2617 stadia
944 2585 1060 2625 aufert,
1077 2593 1095 2616 a
1111 2587 1184 2617 Pra-

153 2636 217 2667 ctio
234 2633 364 2666 initium
380 2632 498 2665 Troadi
514 2641 655 2673 ponens,
672 2632 761 2672 quod
773 2634 821 2663 tot
836 2632 927 2664 abest
942 2641 962 2663 a
976 2632 1082 2671 Pario,
1106 2635 1185 2673 quot

152 2682 230 2721 dixi,
249 2680 373 2721 stadiis,
388 2680 446 2713 sed
461 2679 502 2712 ad
517 2679 749 2720 Atramyttium
765 2687 867 2719 usque
879 2679 1041 2719 producit.

193 2786 316 2819 Similia
330 2787 370 2819 de
382 2785 550 2820 Gordianis
564 2785 674 2818 ‚narrat
686 2784 815 2817 Charon
829 2785 1069 2824 Lampsacenus
1082 2786 1183 2815 Anna-

152 2835 230 2866 lium
244 2834 326 2866 libro
342 2833 495 2874 secundo,
506 2831 557 2865 his
569 2840 650 2864 usus
662 2831 789 2863 verbis:
804 2830 933 2863 Bisaltae
947 2830 1103 2862 adversus
1111 2832 1183 2862 Oar-

152 2882 238 2912 diam
267 2881 375 2923 copias
405 2881 587 2912 eduxerunt
601 2904 610 2920 ,
645 2881 741 2920 atque
770 2878 879 2920 praelio
910 2877 1069 2909 vicerunt.
1106 2879 1184 2908 Erat

152 2931 259 2960 autem
281 2928 349 2960 dux
364 2927 556 2960 Bisaltarum
577 2925 704 2959 Onaris.
733 2926 795 2958 Hic
809 2950 819 2967 ,
845 2933 926 2967 puer
952 2933 1055 2965 quum
1070 2925 1155 2956 esset
1169 2948 1178 2964 ‚

152 2977 177 3007 C
181 2975 277 3006 ardiae
285 2975 434 3006 venditus
441 2974 560 3014 fuerat3
571 2975 740 3014 emtusque
750 2982 769 3005 a
780 2972 921 3014 quodam
931 2970 1102 3010 Cardiam,
1112 2973 1180 3001 ton-

152 3021 269 3052 soriam
286 3024 386 3054 artem
400 3022 597 3054 exercuerat.
610 3022 810 3061 Acceperant
824 3021 933 3052 autem
946 3017 1097 3051 Cardiani
1113 3026 1181 3049 ora-

151 3067 435 3106 culum‚Be’salcas
452 3068 580 3100 bellum
595 3069 681 3109 ipsis
701 3067 868 3100 illaturos
879 3076 890 3097 :
906 3074 971 3107 qua
990 3065 1030 3097 de
1045 3073 1079 3096 re
1094 3073 1180 3106 saepe

152 3114 235 3146 inter
266 3123 300 3146 se
325 3114 526 3146 disserebant
566 3115 600 3146 in
631 3115 791 3146 tonstrina
813 3114 972 3146 sedentes.
1009 3111 1067 3144 Ille
1084 3111 1180 3151 igitur

151 3169 252 3201 quum
269 3161 388 3192 Cardia
406 3161 439 3192 in
455 3162 591 3202 patriam
609 3161 804 3203 profugisset
816 3184 825 3196 ‚
841 3159 971 3194 Bisaltis
987 3161 1100 3191 auctor
1118 3158 1180 3190 fuit

151 3206 362 3247 expeditionis
378 3207 533 3239 adversus
541 3207 720 3240 Cardianos
736 3206 962 3248 suscipiendae,
972 3205 1179 3246 duxqueipse

151 3254 278 3285 creatus
293 3255 342 3285 est
358 3253 561 3285 Bisaltarum.
586 3256 769 3286 Docuerant
781 3257 889 3286 autem
905 3261 1018 3285 omnes
1027 3252 1178 3285 Cardiani

151 3308 251 3340 equos
273 3300 305 3331 in
325 3300 469 3340 ipsorum
491 3300 649 3332 conviviis
666 3301 780 3333 saltare
796 3301 836 3333 ad
853 3301 943 3333 tibiae
955 3301 1088 3332 cantum
1100 3322 1109 3338 ,
1131 3299 1177 3331 ita

151 3349 187 3377 ut
201 3346 431 3387 posterioribus
444 3347 581 3386 pedibus
597 3347 782 3379 insistentes
795 3372 804 3388 ,
829 3346 1045 3379 anterioribus
1059 3345 1175 3378 modos

151 3393 248 3433 tibiae,
266 3402 349 3434 quos
364 3393 467 3425 edocti
484 3395 586 3431 erant,
607 3394 884 3433 gesticularentur.
909 3393 1006 3431 Quod
1021 3402 1097 3425 cum
1113 3393 1172 3426 sci·

1243 269 1444 322 ἐτράποντο·
1462 273 1529 308 τῶν
1549 270 1583 308 δὲ
1607 272 1812 324 Καρδιηνῶν
1830 275 1851 318 ἡ
1872 271 1969 324 ἰσχὺς
1988 274 2022 311 ἓν
2040 275 2083 326 τῇ
2097 273 2196 327 ἵππῳ
2211 269 2266 324 ἧν·

1243 328 1301 366 καὶ
1321 328 1428 373 οὕτως
1447 329 1692 377 ἐνικήθησαν.»

1732 400 1788 437 10.

1299 465 1467 514 Polyaen.
1491 466 1606 503 Strat.
1622 469 1687 511 VI,
1710 472 1756 510 24
1775 480 1782 502 z
1802 467 2038 518 Λαμψακηνοὶ
2057 468 2117 506 καὶ
2131 471 2269 524 Παρια-

1244 522 1310 567 vol,
1323 523 1404 576 περὶ
1420 527 1483 575 γῆς
1499 523 1601 577 ὁρίων
1619 523 1934 576 ἀμφισόητοῦντες,
1955 526 2146 575 συνέθεντο,
2163 529 2269 577 ἡνίκα

1244 580 1374 634 ὄρνιθες
1401 581 1512 635 ᾄσωσι
1539 585 1684 635 πρῶτοι,
1715 582 1865 636 πέμψειν
1891 582 2016 637 ἄνδρας
2039 583 2074 629 ἐξ
2102 586 2270 641 ἑκατέρας

1243 638 1379 683 πόλεως
1395 641 1428 683 ἐς
1448 639 1619 687 ἀλλήλους
1630 656 1638 663 ·
1659 638 1745 678 ὅπου
1763 641 1793 678 δ’
1813 640 1854 679 ἂν
1871 643 1902 679 οἱ
1920 641 2132 696 πεμφθέντες
2150 646 2267 684 ἀπαν-

1244 696 1412 745 τήσωσιν,
1431 702 1552 737 τοῦτον
1582 698 1790 752 ἀμφοτέροις
1824 698 1902 752 ὅρον
1934 703 1996 747 τῆς
2016 703 2079 752 γῆς
2097 702 2267 754 γενέσθαι.

1247 755 1393 804 Ἐπειδὴ
1418 761 1530 795 ταῦτα
1557 756 1683 806 ἔδοξεν,
1712 760 1743 795 οἱ
1780 759 2016 811 Λαμψακηνοὶ
2043 762 2112 798 τῶν
2137 762 2173 799 ἐν
2199 767 2270 807 τοῖς

1243 814 1363 859 τόποις
1383 817 1654 869 θαλασσουργῶν
1681 815 1822 855 ἔπεισαν
1841 816 1954 866 τινὰς,
1974 817 2056 856 ὅταν
2074 818 2174 859 ἴδωσι
2191 820 2270 866 τοὺς

1246 875 1446 927 Παριανοὺς
1463 875 1650 928 παριόντας
1664 906 1674 923 ,
1702 878 1799 928 ἰχθῦς
1819 875 1976 930 ἀφθόνως
1994 876 2195 917 ἕπιὸάλλειν
2219 882 2271 934 τῷ

1244 932 1341 986 πυρὶ,
1355 933 1413 971 καὶ
1424 927 1513 972 οἶνον
1534 933 1642 972 πολὺν
1661 934 1879 974 ἐπισπένδειν
1900 937 1946 979 ὣς
1965 936 2161 976 Ποσειδῶνι
2174 937 2270 978 θύον-

1244 1006 1326 1037 τας,
1345 992 1404 1030 καὶ
1426 994 1642 1045 παρακαλεῖν
1671 993 1794 1037 αὐτοὺς
1819 994 1895 1045 μετ’
1926 994 2098 1047 εὐφημίας
2122 999 2271 1047 τιμῆσαι

1246 1049 1304 1088 τὸν
1324 1050 1412 1101 θεὸν,
1437 1051 1594 1112 σπονδῶν
1613 1051 1905 1099 κοινωνήσοντας·
1926 1055 1957 1090 οἱ
1977 1052 2040 1104 μὲν
2061 1053 2170 1099 ἁλιεῖς
2187 1055 2204 1072 *
2218 1060 2234 1078 ⁶
2252 1058 2269 1074 ¹*

1246 1108 1436 1161 (lacunam
1455 1111 1509 1147 sic
1519 1111 1747 1161 explendam
1767 1112 2272 1164 censetCasaubonusssoor’

1246 1166 1449 1219 ἐποίησαν).
1471 1170 1517 1207 Οἱ
1544 1168 1581 1206 8&
1603 1168 1800 1213 πεισθέντες
1827 1175 1898 1213 τοῖς
1926 1171 2060 1209 ἁλιεῦσι
2089 1172 2272 1220 συνήσθιον

1244 1225 1304 1264 καὶ
1324 1226 1503 1265 συνέπινον
1522 1226 1563 1265 τὸ
1579 1228 1767 1269 σπουδαῖον
1777 1231 1840 1275 τῆς
1851 1228 1992 1282 πορείας
2003 1229 2149 1275 ἀνέντες.
2171 1233 2273 1283 Λαμ-

1244 1284 1395 1344 ᾖιακηνοὶ
1415 1284 1452 1322 δὲ
1471 1285 1706 1330 συντείναντες
1731 1286 1788 1325 ἐπὶ
1819 1286 1860 1325 τὸ
1885 1286 2056 1340 Ἑρμαῖον
2082 1288 2275 1342 φθάσαντες

1243 1343 1361 1389 ἠλθον·
1385 1346 1488 1381 τοῦτο
1507 1342 1543 1381 δὲ
1562 1343 1699 1398 Παρίου
1721 1343 1783 1396 μὲν
1805 1343 1932 1397 ἀπέχει
1953 1345 2079 1384 στάδια
2103 1346 2146 1396 ο’,
2166 1350 2274 1400 Λαμ-

1244 1399 1359 1453 ψάκου
1380 1400 1416 1439 δὲ
1437 1401 1478 1439 σ’·
1498 1401 1673 1449 τοσαύτην
1697 1406 1762 1455 γῆν
1783 1403 1958 1456 ἀπέτεμον
1978 1407 2022 1457 τῇ
2043 1404 2150 1459 τέχνῃ
2172 1409 2275 1459 Λαμ-

1244 1459 1398 1513 ψακηνοὶ
1415 1462 1623 1515 Παριανῶν,
1654 1461 1811 1516 μεθόριον
1842 1463 2101 1515 συστησάμενοι
2128 1465 2169 1504 τὸ
2188 1466 2274 1520 Ἑρ·-

1244 1524 1358 1569 μαῖον.
1367 1520 1427 1558 Ad
1439 1534 1523 1571 quae
1534 1524 1758 1569 Creuzerus,
1773 1536 1860 1560 cum
1870 1524 2032 1574 vulgatis
2041 1523 2274 1564 editionibus

1243 1578 1415 1616 Athenaei
1443 1580 1556 1630 hujus
1588 1580 1716 1630 operis
1748 1581 1915 1619 indicem
1955 1582 2070 1621 fuisse
2104 1591 2273 1623 statuens

1243 1636 1371 1691 εὍροις
1392 1656 1407 1672 «
1424 1643 1519 1687 Quae
1538 1641 1620 1691 ipsa
1643 1641 1828 1678 Charonis
1848 1655 1942 1687 esse,
1963 1655 2084 1693 eaque
2112 1657 2158 1680 ex
2183 1641 2274 1697 ὅροις

1245 1696 1419 1735 desumta
1460 1699 1639 1749 equidem
1672 1713 1745 1749 pro
1777 1709 1978 1751 comperto
2017 1701 2155 1739 habeo.
2175 1705 2273 1741 Nam

1244 1755 1427 1806 primum,
1454 1757 1571 1794 totius
1591 1757 1773 1795 orationis
1799 1759 1907 1795 color
1923 1767 1962 1796 et
1975 1759 2124 1797 indoles
2143 1761 2272 1798 nescio

1243 1815 1440 1865 quomodo
1460 1816 1714 1866 antiquissimi
1733 1817 1932 1868 scriptoris
1955 1819 2150 1870 ingenium
2171 1820 2272 1858 refe-

1244 1883 1348 1922 runt,
1368 1874 1473 1924 quod
1488 1875 1605 1925 magis
1621 1875 1732 1912 etiam
1759 1877 1893 1913 sentiri
1907 1885 2052 1928 posset,
2069 1877 2151 1915 haec
2165 1878 2196 1916 si
2210 1881 2273 1916 Io·-

1243 1933 1371 1970 nicum
1392 1933 1615 1971 charactera
1639 1935 1862 1972 retinerent.
1884 1935 2050 1973 Gravior
2063 1943 2189 1974 tamen
2213 1937 2272 1975 al-

1244 1999 1324 2029 tera
1348 1993 1448 2029 ratio
1480 1994 1642 2044 repetita
1662 2007 1707 2032 ex
1732 2003 1974 2045 argumento,
1992 1995 2096 2046 quod
2115 1995 2271 2047 quidem

1242 2062 1329 2088 cum
1367 2058 1488 2088 totum
1510 2061 1682 2090 versetur
1714 2053 1752 2090 in
1781 2054 2008 2104 explicanda
2027 2054 2093 2092 lite
2114 2068 2137 2092 a
2154 2059 2271 2094 Lam-

1242 2111 1416 2160 psacenis
1427 2112 1565 2162 agitata
1580 2125 1698 2163 super
1711 2114 1790 2164 agri
1805 2113 1943 2152 finibus
1955 2130 1964 2152 ε
1975 2114 2056 2166 ejus
2073 2116 2271 2167 scriptoris

1241 2169 1435 2216 admonet,
1459 2171 1525 2221 qui
1569 2175 1919 2222 Lampsacenorum
1961 2174 2054 2211 fines
2088 2175 2270 2224 peculiari

1243 2241 1361 2278 opere
1377 2228 1590 2280 descripsit.
1605 2234 1654 2268 Et
1671 2232 1798 2281 potuit
1819 2233 2016 2283 Polyaenus
2036 2233 2268 2281 Chaonem,

1241 2299 1356 2336 quem
1379 2300 1401 2324 a
1415 2288 1624 2325 Plutarcho
1641 2289 1854 2327 lectitatum
1869 2304 1949 2328 esse
1963 2291 2140 2340 vidimus,
2153 2293 2214 2330 vel
2231 2301 2271 2331 et

1246 2398 1294 2427 ret
1309 2397 1425 2428 Ouaris
1439 2421 1448 2436 ,
1475 2406 1493 2429 e
1511 2398 1628 2430 Cardia
1646 2398 1811 2431 tibicinam
1833 2402 1976 2432 emerat:
1996 2410 2070 2441 quae
2097 2403 2268 2443 postquam

1245 2443 1411 2475 Bisaltiam
1427 2445 1516 2477 venit
1530 2469 1539 2484 ,
1566 2445 1689 2477 multos
1709 2445 1820 2478 inflare
1835 2446 1947 2478 tibiam
1963 2447 2096 2488 docum
2117 2458 2199 2489 quos
2217 2449 2270 2482 ille

1243 2491 1457 2531 expeditionis
1474 2492 1580 2524 socios
1597 2501 1708 2524 secum
1724 2493 1854 2525 sumsit.
1875 2493 2058 2526 Commisso
2071 2494 2195 2536 praelio,
2205 2495 2269 2536 jus-

1243 2537 1285 2569 sit
1302 2538 1360 2570 hos
1377 2538 1488 2571 inflare
1506 2548 1562 2571 eos
1586 2539 1676 2571 tibiae
1697 2539 1811 2572 modos
1825 2564 1834 2580 ,
1862 2549 1945 2580 quos
1961 2540 2101 2573 maxime
2117 2541 2268 2576 callerent

1243 2585 1479 2617 Cardianorum
1506 2586 1593 2627 equi.
1639 2589 1680 2619 Et
1694 2586 1768 2627 equi
1782 2611 1791 2627 ‚
1819 2587 1971 2619 exaudito
1989 2587 2140 2620 tibiarum
2157 2591 2265 2630 cantu,

1242 2633 1274 2664 in
1287 2633 1480 2673 posteriores
1497 2634 1594 2674 pedes
1610 2643 1644 2666 se
1659 2634 1868 2667 sublevatum
1886 2658 1895 2671 ,
1919 2634 1959 2666 ad
1977 2635 2178 2668 saltationem
2193 2644 2268 2668 con-

1242 2681 1339 2712 versi.
1375 2681 1610 2713 Cardianorum
1629 2683 1738 2713 autem
1761 2681 1859 2713 robur
1873 2681 1906 2712 in
1924 2681 2070 2722 equitatu
2085 2682 2205 2715 inerat:
2221 2685 2267 2716 at-

1241 2735 1304 2767 que
1319 2735 1357 2759 ea
1372 2726 1495 2759 ratione
1508 2727 1618 2768 praelio
1638 2726 1672 2758 hi
1689 2727 1830 2768 superati
1844 2729 1932 2759 sunt.
1948 2739 1964 2755 »

1388 2797 1399 2813 x
1721 2781 1782 2814 10.

1283 2833 1492 2874 Lampsaceni
1506 2834 1537 2865 et
1550 2833 1676 2865 Pariani
1693 2832 1733 2865 de
1749 2841 1898 2874 agrorum
1914 2832 2032 2865 finibus
2044 2831 2134 2864 litem
2150 2832 2266 2866 haben-

1240 2883 1288 2913 tes
1302 2905 1312 2920 ,
1341 2880 1582 2912 constituerunt
1607 2879 1668 2912 sub
1695 2880 1837 2921 primum
1864 2879 1937 2920 galli
1961 2880 2092 2912 cantum
2117 2879 2206 2912 viros
2225 2889 2265 2913 ex

1240 2930 1376 2968 utraque
1390 2927 1519 2959 civitate
1534 2927 1575 2958 ad
1592 2935 1626 2958 se
1642 2927 1783 2959 invicem
1797 2926 1934 2958 mittere.
1966 2926 2170 2968 Ubicumque
2188 2935 2265 2960 vero
2315 2947 2317 2950 <

1240 2975 1301 3006 sibi
1322 2974 1413 3006 missi
1429 2973 1558 3005 obviam
1575 2973 1698 3013 fierent,
1716 2973 1802 3004 hunc
1812 2973 1990 3004 terminum
2006 2982 2043 3004 ac
2058 2972 2154 3005 finem
2167 2973 2264 3014 regio-

1238 3022 1288 3054 nis
1303 3030 1373 3053 esse
1389 3020 1515 3052 debere.
1546 3020 1639 3058 Quod
1657 3029 1731 3051 cum
1749 3020 1895 3051 omnium
1919 3019 2086 3051 sententiis
2110 3022 2197 3052 esset
2211 3029 2264 3062 ap-

1238 3068 1420 3110 probatum,
1435 3067 1557 3108 aliquot
1573 3067 1605 3098 in
1622 3067 1660 3098 iis
1683 3066 1762 3098 locis
1782 3075 1839 3107 per
1860 3074 1947 3097 mare
1965 3074 2046 3106 opus
2070 3065 2263 3099 facientibus

1236 3116 1477 3158 persuaserunt,
1496 3116 1533 3146 ut
1549 3123 1624 3146 cum
1639 3114 1793 3146 Parianos
1808 3113 1954 3145 viderent
1969 3112 2145 3154 praeterire,
2163 3113 2262 3145 maxi-

1236 3172 1324 3195 mam
1342 3162 1481 3203 piscium
1497 3161 1623 3202 copiam
1642 3161 1675 3192 in
1703 3160 1808 3201 ignem
1834 3160 2046 3201 imponerent,
2073 3161 2106 3191 et
2126 3159 2261 3192 circum·

1235 3210 1321 3242 circa
1335 3209 1450 3242 vinum
1466 3208 1619 3248 libarent,
1636 3207 1729 3248 quasi
1743 3208 1893 3248 Neptuno
1909 3215 1999 3238 sacra
2013 3205 2183 3245 facientes,
2193 3214 2261 3239 eos-
2309 3208 2320 3213 ²

1235 3266 1298 3298 que
1314 3255 1428 3288 faustis
1444 3255 1597 3296 auspiciis
1612 3254 1808 3286 advocarent
1820 3253 1862 3285 ad
1877 3253 2104 3285 honorandum
2119 3252 2216 3284 deum
2229 3255 2261 3284 et

1234 3303 1397 3335 libationis
1412 3302 1607 3334 societatem.
1634 3301 1729 3338 Quod
1742 3308 1816 3332 cum
1832 3300 2008 3340 piscatores
2027 3299 2190 3337 facerent,
2212 3298 2259 3331 illi

1234 3349 1449 3392 piscatoribus
1470 3357 1592 3380 morem
1609 3349 1771 3388 gerentes,
1790 3346 1887 3379 simul
1902 3346 2114 3388 epulabantur
2129 3347 2162 3377 et
2176 3345 2259 3378 bihe-

1237 3398 1315 3430 bant
1330 3421 1339 3437 ,
1367 3396 1564 3429 remittentes
1595 3394 1793 3436 aliquantum
1821 3402 1859 3426 ex
1889 3393 2012 3426 itineris
2039 3391 2255 3424 contentione.
