<?xml version="1.0" encoding="UTF-8"?>
<!DOCTYPE html PUBLIC "-//W3C//DTD XHTML 1.0 Transitional//EN"
    "http://www.w3.org/TR/xhtml1/DTD/xhtml1-transitional.dtd">
<html xmlns="http://www.w3.org/1999/xhtml" xml:lang="en" lang="en">
 <head>
  <title>
</title>
<meta http-equiv="Content-Type" content="text/html;charset=utf-8" />
  <meta name='ocr-system' content='tesseract 3.04.00' />
  <meta name='ocr-capabilities' content='ocr_page ocr_carea ocr_par ocr_line ocrx_word'/>
</head>
<body>
  <div class='ocr_page' id='page_1' title='image "./fragmentahistori01mueluoft_0109.png"; bbox 0 0 2320 3684; ppageno 0'>
   <div class='ocr_carea' id='block_1_1' title="bbox 857 143 2202 192">
    <p class='ocr_par' dir='ltr' id='par_1_1' title="bbox 857 143 2202 192">
     <span class='ocr_line' id='line_1_1' title="bbox 857 143 2202 192; baseline 0.007 -9"><span class='ocrx_word' id='word_1_1' title='bbox 857 143 1100 185; x_wconf 87' lang='lat' dir='ltr'>HECATAEI</span> <span class='ocrx_word' id='word_1_2' title='bbox 1127 147 1454 189; x_wconf 86' lang='lat' dir='ltr'><strong>FRAGMENTA.</strong></span> <span class='ocrx_word' id='word_1_3' title='bbox 2186 162 2202 192; x_wconf 86' lang='grc'><strong>7</strong></span> 
     </span>
    </p>
   </div>
   <div class='ocr_carea' id='block_1_2' title="bbox 111 229 2209 1160">
    <p class='ocr_par' dir='ltr' id='par_1_2' title="bbox 586 229 1726 276">
     <span class='ocr_line' id='line_1_2' title="bbox 586 229 1726 276; baseline 0.007 -10"><span class='ocrx_word' id='word_1_4' title='bbox 586 229 648 268; x_wconf 83' lang='grc'>92.</span> <span class='ocrx_word' id='word_1_5' title='bbox 1665 240 1726 276; x_wconf 88' lang='grc'>98.</span> 
     </span>
    </p>

    <p class='ocr_par' dir='ltr' id='par_1_3' title="bbox 111 278 2206 750">
     <span class='ocr_line' id='line_1_3' title="bbox 165 278 2200 344; baseline 0 -16"><span class='ocrx_word' id='word_1_6' title='bbox 165 292 219 328; x_wconf 91' lang='lat' dir='ltr'>St.</span> <span class='ocrx_word' id='word_1_7' title='bbox 247 291 290 330; x_wconf 84' lang='grc' dir='ltr'>Β,</span> <span class='ocrx_word' id='word_1_8' title='bbox 319 288 518 336; x_wconf 80' lang='grc' dir='ltr'>Μήκιστον,</span> <span class='ocrx_word' id='word_1_9' title='bbox 549 285 649 330; x_wconf 81' lang='grc' dir='ltr'>πόλις</span> <span class='ocrx_word' id='word_1_10' title='bbox 677 286 870 340; x_wconf 83' lang='grc' dir='ltr'>Τριφυλίας</span> <span class='ocrx_word' id='word_1_11' title='bbox 887 302 895 311; x_wconf 91' lang='grc'><em>·</em></span> <span class='ocrx_word' id='word_1_12' title='bbox 932 286 1012 326; x_wconf 84' lang='grc' dir='ltr'>Ἕκ.</span> <span class='ocrx_word' id='word_1_13' title='bbox 1040 290 1127 343; x_wconf 82' lang='grc' dir='ltr'>Εὐρ.</span> <span class='ocrx_word' id='word_1_14' title='bbox 1241 289 1296 326; x_wconf 91' lang='lat' dir='ltr'>St.</span> <span class='ocrx_word' id='word_1_15' title='bbox 1318 291 1358 325; x_wconf 92' lang='lat' dir='ltr'>B.</span> <span class='ocrx_word' id='word_1_16' title='bbox 1382 286 1560 340; x_wconf 88' lang='grc' dir='ltr'>Κόρσεαι,</span> <span class='ocrx_word' id='word_1_17' title='bbox 1580 290 1684 336; x_wconf 79' lang='grc' dir='ltr'>νῆσος</span> <span class='ocrx_word' id='word_1_18' title='bbox 1702 292 1764 337; x_wconf 76' lang='grc' dir='ltr'>τῆς</span> <span class='ocrx_word' id='word_1_19' title='bbox 1787 288 1938 337; x_wconf 87' lang='grc' dir='ltr'>Ἰωνίας,</span> <span class='ocrx_word' id='word_1_20' title='bbox 1958 278 2100 344; x_wconf 76' lang='grc' dir='ltr'>ἀντικρὺ</span> <span class='ocrx_word' id='word_1_21' title='bbox 2124 291 2200 331; x_wconf 86' lang='grc' dir='ltr'>Σά-</span> 
     </span>
     <span class='ocr_line' id='line_1_4' title="bbox 111 344 2099 402; baseline 0.002 -16"><span class='ocrx_word' id='word_1_22' title='bbox 111 347 217 387; x_wconf 65' lang='lat' dir='ltr'>&#39;Ean</span> <span class='ocrx_word' id='word_1_23' title='bbox 237 348 297 386; x_wconf 78' lang='grc' dir='ltr'>καὶ</span> <span class='ocrx_word' id='word_1_24' title='bbox 323 347 412 394; x_wconf 86' lang='grc' dir='ltr'>ἄλλη</span> <span class='ocrx_word' id='word_1_25' title='bbox 430 348 492 392; x_wconf 81' lang='grc' dir='ltr'>τῆς</span> <span class='ocrx_word' id='word_1_26' title='bbox 509 344 663 388; x_wconf 86' lang='grc' dir='ltr'>Ἤλιδος.</span> <span class='ocrx_word' id='word_1_27' title='bbox 681 348 869 384; x_wconf 81' lang='lat' dir='ltr'>Praeterea</span> <span class='ocrx_word' id='word_1_28' title='bbox 891 346 995 384; x_wconf 88' lang='lat' dir='ltr'>haud</span> <span class='ocrx_word' id='word_1_29' title='bbox 1012 347 1130 386; x_wconf 89' lang='lat' dir='ltr'>dubie</span> <span class='ocrx_word' id='word_1_30' title='bbox 1189 358 1255 394; x_wconf 89' lang='grc' dir='ltr'>μου</span> <span class='ocrx_word' id='word_1_31' title='bbox 1273 360 1281 368; x_wconf 92' lang='grc'><em>·</em></span> <span class='ocrx_word' id='word_1_32' title='bbox 1306 344 1385 386; x_wconf 89' lang='grc' dir='ltr'>Ἑκ.</span> <span class='ocrx_word' id='word_1_33' title='bbox 1405 348 1491 400; x_wconf 82' lang='grc' dir='ltr'>Εὐρ.</span> <span class='ocrx_word' id='word_1_34' title='bbox 1511 346 1725 401; x_wconf 84' lang='grc' dir='ltr'>Ἡρωδιανὸς</span> <span class='ocrx_word' id='word_1_35' title='bbox 1741 348 1897 402; x_wconf 88' lang='grc' dir='ltr'>Κορσία,</span> <span class='ocrx_word' id='word_1_36' title='bbox 1917 347 1974 388; x_wconf 79' lang='grc' dir='ltr'>διὰ</span> <span class='ocrx_word' id='word_1_37' title='bbox 1994 353 2056 389; x_wconf 78' lang='grc' dir='ltr'>τοῦ</span> <span class='ocrx_word' id='word_1_38' title='bbox 2076 365 2099 389; x_wconf 90' lang='grc' dir='ltr'>ι.</span> 
     </span>
     <span class='ocr_line' id='line_1_5' title="bbox 114 402 1728 456; baseline 0.001 -14"><span class='ocrx_word' id='word_1_39' title='bbox 114 408 340 456; x_wconf 77' lang='lat' dir='ltr'>Psophidem</span> <span class='ocrx_word' id='word_1_40' title='bbox 358 404 603 450; x_wconf 85' lang='lat' dir='ltr'>memoravit,</span> <span class='ocrx_word' id='word_1_41' title='bbox 618 402 727 454; x_wconf 84' lang='lat' dir='ltr'>cujus</span> <span class='ocrx_word' id='word_1_42' title='bbox 743 405 975 443; x_wconf 88' lang='lat' dir='ltr'>mentionem</span> <span class='ocrx_word' id='word_1_43' title='bbox 994 405 1132 444; x_wconf 86' lang='lat' dir='ltr'>habuit</span> <span class='ocrx_word' id='word_1_44' title='bbox 1665 407 1728 445; x_wconf 92' lang='lat'>99.</span> 
     </span>
     <span class='ocr_line' id='line_1_6' title="bbox 111 461 2204 518; baseline 0.001 -15"><span class='ocrx_word' id='word_1_45' title='bbox 111 463 435 503; x_wconf 85' lang='lat' dir='ltr'>insecundolihro</span> <span class='ocrx_word' id='word_1_46' title='bbox 446 462 765 512; x_wconf 85' lang='lat' dir='ltr'><strong>Genealogiarum</strong></span> <span class='ocrx_word' id='word_1_47' title='bbox 776 463 1129 514; x_wconf 78' lang='lat' dir='ltr'>(fr.344.Steph.v.</span> <span class='ocrx_word' id='word_1_48' title='bbox 1242 461 1296 498; x_wconf 88' lang='lat' dir='ltr'>St·</span> <span class='ocrx_word' id='word_1_49' title='bbox 1321 465 1362 501; x_wconf 88' lang='grc' dir='ltr'>Β.</span> <span class='ocrx_word' id='word_1_50' title='bbox 1397 463 1499 513; x_wconf 87' lang='grc' dir='ltr'>Χίος,</span> <span class='ocrx_word' id='word_1_51' title='bbox 1531 465 1787 518; x_wconf 78' lang='grc' dir='ltr'>ἐπιφανεστάτη</span> <span class='ocrx_word' id='word_1_52' title='bbox 1815 469 1919 514; x_wconf 72' lang='grc' dir='ltr'>νῆσος</span> <span class='ocrx_word' id='word_1_53' title='bbox 1953 468 2022 505; x_wconf 79' lang='grc' dir='ltr'>τῶν</span> <span class='ocrx_word' id='word_1_54' title='bbox 2054 466 2204 515; x_wconf 84' lang='grc' dir='ltr'>Ἰώνων,</span> 
     </span>
     <span class='ocr_line' id='line_1_7' title="bbox 113 516 2205 579; baseline 0.001 -17"><span class='ocrx_word' id='word_1_55' title='bbox 113 522 269 577; x_wconf 87' lang='grc' dir='ltr'>Ψωφίς).</span> <span class='ocrx_word' id='word_1_56' title='bbox 296 525 430 571; x_wconf 78' lang='lat' dir='ltr'>Tegeoe</span> <span class='ocrx_word' id='word_1_57' title='bbox 445 521 619 559; x_wconf 85' lang='lat' dir='ltr'><strong>meminit</strong></span> <span class='ocrx_word' id='word_1_58' title='bbox 637 523 836 559; x_wconf 79' lang='lat' dir='ltr'>Hecataeus</span> <span class='ocrx_word' id='word_1_59' title='bbox 852 522 892 559; x_wconf 91' lang='lat' dir='ltr'>in</span> <span class='ocrx_word' id='word_1_60' title='bbox 906 523 1129 560; x_wconf 82' lang='lat' dir='ltr'>narratione</span> <span class='ocrx_word' id='word_1_61' title='bbox 1188 516 1318 570; x_wconf 79' lang='grc' dir='ltr'>ἔχουσα</span> <span class='ocrx_word' id='word_1_62' title='bbox 1342 520 1402 558; x_wconf 85' lang='grc' dir='ltr'>καὶ</span> <span class='ocrx_word' id='word_1_63' title='bbox 1428 521 1528 560; x_wconf 89' lang='grc' dir='ltr'>πόλιν</span> <span class='ocrx_word' id='word_1_64' title='bbox 1558 523 1758 576; x_wconf 83' lang='grc' dir='ltr'>ὁμώνυμον.</span> <span class='ocrx_word' id='word_1_65' title='bbox 1779 524 1856 564; x_wconf 87' lang='grc' dir='ltr'>Ἕκ.</span> <span class='ocrx_word' id='word_1_66' title='bbox 1888 525 2043 579; x_wconf 81' lang='grc' dir='ltr'>Εὐρώπῃ</span> <span class='ocrx_word' id='word_1_67' title='bbox 2060 543 2068 551; x_wconf 90' lang='lat'><em>·</em></span> <span class='ocrx_word' id='word_1_68' title='bbox 2091 543 2107 561; x_wconf 85' lang='lat'>«</span> <span class='ocrx_word' id='word_1_69' title='bbox 2126 528 2205 566; x_wconf 87' lang='grc' dir='ltr'>Χῖοι</span> 
     </span>
     <span class='ocr_line' id='line_1_8' title="bbox 114 575 2206 632; baseline 0.001 -12"><span class='ocrx_word' id='word_1_70' title='bbox 114 581 327 620; x_wconf 81' lang='lat' dir='ltr'>fabularum</span> <span class='ocrx_word' id='word_1_71' title='bbox 346 580 394 618; x_wconf 92' lang='lat' dir='ltr'>de</span> <span class='ocrx_word' id='word_1_72' title='bbox 409 582 517 630; x_wconf 86' lang='lat' dir='ltr'>Auge</span> <span class='ocrx_word' id='word_1_73' title='bbox 544 587 582 618; x_wconf 89' lang='lat' dir='ltr'>et</span> <span class='ocrx_word' id='word_1_74' title='bbox 608 580 773 618; x_wconf 84' lang='lat' dir='ltr'>Hercule</span> <span class='ocrx_word' id='word_1_75' title='bbox 797 583 924 627; x_wconf 90' lang='lat' dir='ltr'>(Paus.</span> <span class='ocrx_word' id='word_1_76' title='bbox 949 584 1064 628; x_wconf 89' lang='lat' dir='ltr'>VIII,</span> <span class='ocrx_word' id='word_1_77' title='bbox 1086 587 1107 626; x_wconf 82' lang='grc'>4</span> <span class='ocrx_word' id='word_1_78' title='bbox 1120 611 1130 630; x_wconf 93' lang='grc'><em>,</em></span> <span class='ocrx_word' id='word_1_79' title='bbox 1188 575 1280 615; x_wconf 61' lang='grc' dir='ltr'>κατὰ</span> <span class='ocrx_word' id='word_1_80' title='bbox 1295 577 1477 632; x_wconf 79' lang='grc' dir='ltr'>Ἐρυθράς·</span> <span class='ocrx_word' id='word_1_81' title='bbox 1492 579 1528 619; x_wconf 83' lang='grc' dir='ltr'>ἒν</span> <span class='ocrx_word' id='word_1_82' title='bbox 1547 581 1582 619; x_wconf 83' lang='grc' dir='ltr'>δὲ</span> <span class='ocrx_word' id='word_1_83' title='bbox 1595 582 1694 627; x_wconf 86' lang='grc' dir='ltr'>πόλις</span> <span class='ocrx_word' id='word_1_84' title='bbox 1710 583 1793 628; x_wconf 84' lang='grc' dir='ltr'>Χίος</span> <span class='ocrx_word' id='word_1_85' title='bbox 1808 583 1877 623; x_wconf 84' lang='grc' dir='ltr'>ἀπὸ</span> <span class='ocrx_word' id='word_1_86' title='bbox 1893 585 1981 624; x_wconf 87' lang='grc' dir='ltr'><strong>Χίου</strong></span> <span class='ocrx_word' id='word_1_87' title='bbox 1997 589 2056 624; x_wconf 79' lang='grc' dir='ltr'>τοῦ</span> <span class='ocrx_word' id='word_1_88' title='bbox 2071 585 2206 625; x_wconf 83' lang='grc' dir='ltr'>Ὠκεα-</span> 
     </span>
     <span class='ocr_line' id='line_1_9' title="bbox 113 634 2205 694; baseline 0.003 -17"><span class='ocrx_word' id='word_1_89' title='bbox 113 655 158 691; x_wconf 90' lang='lat'>9,</span> <span class='ocrx_word' id='word_1_90' title='bbox 177 654 213 678; x_wconf 87' lang='lat' dir='ltr'>v.</span> <span class='ocrx_word' id='word_1_91' title='bbox 236 640 282 677; x_wconf 84' lang='lat' dir='ltr'>fr.</span> <span class='ocrx_word' id='word_1_92' title='bbox 307 638 397 689; x_wconf 81' lang='grc'>345)</span> <span class='ocrx_word' id='word_1_93' title='bbox 411 669 422 688; x_wconf 83' lang='grc'><em>,</em></span> <span class='ocrx_word' id='word_1_94' title='bbox 445 639 603 675; x_wconf 81' lang='lat' dir='ltr'>Toenari</span> <span class='ocrx_word' id='word_1_95' title='bbox 623 638 663 676; x_wconf 92' lang='lat' dir='ltr'>in</span> <span class='ocrx_word' id='word_1_96' title='bbox 685 638 825 677; x_wconf 86' lang='lat' dir='ltr'>fabulis</span> <span class='ocrx_word' id='word_1_97' title='bbox 843 639 890 678; x_wconf 90' lang='lat' dir='ltr'>de</span> <span class='ocrx_word' id='word_1_98' title='bbox 906 640 1076 679; x_wconf 83' lang='lat' dir='ltr'>Hercule</span> <span class='ocrx_word' id='word_1_99' title='bbox 1094 648 1132 678; x_wconf 89' lang='lat' dir='ltr'>et</span> <span class='ocrx_word' id='word_1_100' title='bbox 1188 638 1247 673; x_wconf 80' lang='grc' dir='ltr'>νοῧ</span> <span class='ocrx_word' id='word_1_101' title='bbox 1266 634 1289 682; x_wconf 84' lang='grc' dir='ltr'>ἢ</span> <span class='ocrx_word' id='word_1_102' title='bbox 1314 636 1384 674; x_wconf 83' lang='grc' dir='ltr'>ἀπὸ</span> <span class='ocrx_word' id='word_1_103' title='bbox 1402 640 1465 685; x_wconf 80' lang='grc' dir='ltr'>τῆς</span> <span class='ocrx_word' id='word_1_104' title='bbox 1491 638 1606 691; x_wconf 89' lang='grc' dir='ltr'>χιόνος</span> <span class='ocrx_word' id='word_1_105' title='bbox 1626 644 1687 688; x_wconf 77' lang='grc' dir='ltr'>τῆς</span> <span class='ocrx_word' id='word_1_106' title='bbox 1705 643 1775 681; x_wconf 82' lang='grc' dir='ltr'>ἐκεῖ</span> <span class='ocrx_word' id='word_1_107' title='bbox 1806 642 1993 694; x_wconf 80' lang='grc' dir='ltr'>γενομένης</span> <span class='ocrx_word' id='word_1_108' title='bbox 2012 645 2161 692; x_wconf 78' lang='grc' dir='ltr'>πολλῆς,</span> <span class='ocrx_word' id='word_1_109' title='bbox 2183 643 2205 691; x_wconf 79' lang='grc' dir='ltr'>ἢ</span> 
     </span>
     <span class='ocr_line' id='line_1_10' title="bbox 113 693 1992 750; baseline 0.003 -14"><span class='ocrx_word' id='word_1_110' title='bbox 113 697 282 737; x_wconf 87' lang='lat' dir='ltr'>Cerbero</span> <span class='ocrx_word' id='word_1_111' title='bbox 301 697 424 748; x_wconf 87' lang='lat' dir='ltr'>(Paus.</span> <span class='ocrx_word' id='word_1_112' title='bbox 443 698 517 744; x_wconf 92' lang='lat'>111,</span> <span class='ocrx_word' id='word_1_113' title='bbox 536 696 605 743; x_wconf 82' lang='lat'>25,</span> <span class='ocrx_word' id='word_1_114' title='bbox 629 696 664 745; x_wconf 82' lang='lat'>53</span> <span class='ocrx_word' id='word_1_115' title='bbox 683 709 719 734; x_wconf 91' lang='lat' dir='ltr'>v.</span> <span class='ocrx_word' id='word_1_116' title='bbox 740 698 786 735; x_wconf 88' lang='lat' dir='ltr'>fr.</span> <span class='ocrx_word' id='word_1_117' title='bbox 808 697 913 750; x_wconf 81' lang='grc'>346).</span> <span class='ocrx_word' id='word_1_118' title='bbox 1190 693 1261 733; x_wconf 82' lang='grc' dir='ltr'>ἀπὸ</span> <span class='ocrx_word' id='word_1_119' title='bbox 1279 693 1415 749; x_wconf 83' lang='grc' dir='ltr'>νύμφης</span> <span class='ocrx_word' id='word_1_120' title='bbox 1434 700 1496 744; x_wconf 78' lang='grc' dir='ltr'>τ’ῆς</span> <span class='ocrx_word' id='word_1_121' title='bbox 1514 697 1654 746; x_wconf 85' lang='grc' dir='ltr'>Χιόνης.</span> <span class='ocrx_word' id='word_1_122' title='bbox 1675 718 1690 735; x_wconf 93' lang='lat'>»</span> <span class='ocrx_word' id='word_1_123' title='bbox 1714 701 1835 741; x_wconf 89' lang='lat' dir='ltr'>Codd.</span> <span class='ocrx_word' id='word_1_124' title='bbox 1857 701 1992 746; x_wconf 88' lang='grc' dir='ltr'>Χιόνος.</span> 
     </span>
    </p>

    <p class='ocr_par' dir='ltr' id='par_1_4' title="bbox 112 811 2209 1160">
     <span class='ocr_line' id='line_1_11' title="bbox 164 811 1132 865; baseline 0.003 -14"><span class='ocrx_word' id='word_1_125' title='bbox 164 816 219 852; x_wconf 89' lang='lat' dir='ltr'>St.</span> <span class='ocrx_word' id='word_1_126' title='bbox 255 817 295 851; x_wconf 90' lang='grc' dir='ltr'>Β.</span> <span class='ocrx_word' id='word_1_127' title='bbox 323 811 491 864; x_wconf 82' lang='grc' dir='ltr'>Ἀγάμεια</span> <span class='ocrx_word' id='word_1_128' title='bbox 519 836 571 841; x_wconf 90' lang='grc'><strong>-</strong></span> <span class='ocrx_word' id='word_1_129' title='bbox 601 811 741 865; x_wconf 86' lang='grc' dir='ltr'>λέγεται</span> <span class='ocrx_word' id='word_1_130' title='bbox 771 813 807 852; x_wconf 80' lang='grc' dir='ltr'>δὲ</span> <span class='ocrx_word' id='word_1_131' title='bbox 842 815 1002 862; x_wconf 90' lang='grc' dir='ltr'>Μαντίνη</span> <span class='ocrx_word' id='word_1_132' title='bbox 1039 814 1132 854; x_wconf 83' lang='grc' dir='ltr'>κατὰ</span> 
     </span>
     <span class='ocr_line' id='line_1_12' title="bbox 112 870 1133 926; baseline 0.002 -15"><span class='ocrx_word' id='word_1_133' title='bbox 112 870 321 926; x_wconf 82' lang='grc' dir='ltr'>συναλοιφὴν</span> <span class='ocrx_word' id='word_1_134' title='bbox 335 871 418 925; x_wconf 81' lang='grc' dir='ltr'>παρ’</span> <span class='ocrx_word' id='word_1_135' title='bbox 431 870 624 925; x_wconf 85' lang='grc' dir='ltr'>Ἑκαταίῳ.</span> <span class='ocrx_word' id='word_1_136' title='bbox 643 876 785 910; x_wconf 82' lang='lat' dir='ltr'>Praeter</span> <span class='ocrx_word' id='word_1_137' title='bbox 795 874 863 912; x_wconf 88' lang='lat' dir='ltr'>has</span> <span class='ocrx_word' id='word_1_138' title='bbox 875 875 1133 925; x_wconf 88' lang='lat' dir='ltr'>Peloponnesi</span> 
     </span>
     <span class='ocr_line' id='line_1_13' title="bbox 113 930 1132 984; baseline 0.003 -15"><span class='ocrx_word' id='word_1_139' title='bbox 113 930 227 970; x_wconf 88' lang='lat' dir='ltr'>urbes</span> <span class='ocrx_word' id='word_1_140' title='bbox 239 931 408 969; x_wconf 85' lang='lat' dir='ltr'>citantur</span> <span class='ocrx_word' id='word_1_141' title='bbox 422 944 470 969; x_wconf 88' lang='lat' dir='ltr'>ex</span> <span class='ocrx_word' id='word_1_142' title='bbox 484 933 663 969; x_wconf 78' lang='lat' dir='ltr'>Hecataeo</span> <span class='ocrx_word' id='word_1_143' title='bbox 677 932 792 970; x_wconf 89' lang='lat' dir='ltr'>etiam</span> <span class='ocrx_word' id='word_1_144' title='bbox 810 935 925 971; x_wconf 83' lang='lat' dir='ltr'>OEne</span> <span class='ocrx_word' id='word_1_145' title='bbox 939 934 1132 984; x_wconf 84' lang='lat' dir='ltr'>Argolica,</span> 
     </span>
     <span class='ocr_line' id='line_1_14' title="bbox 113 990 1133 1042; baseline 0.003 -14"><span class='ocrx_word' id='word_1_146' title='bbox 113 1003 228 1041; x_wconf 82' lang='lat' dir='ltr'>quam</span> <span class='ocrx_word' id='word_1_147' title='bbox 244 990 309 1028; x_wconf 84' lang='lat' dir='ltr'>alii</span> <span class='ocrx_word' id='word_1_148' title='bbox 328 992 493 1029; x_wconf 90' lang='lat' dir='ltr'>OEnoen</span> <span class='ocrx_word' id='word_1_149' title='bbox 514 990 668 1039; x_wconf 84' lang='lat' dir='ltr'>dicunt,</span> <span class='ocrx_word' id='word_1_150' title='bbox 688 1004 709 1028; x_wconf 94' lang='lat' dir='ltr'>e</span> <span class='ocrx_word' id='word_1_151' title='bbox 729 992 856 1042; x_wconf 90' lang='lat' dir='ltr'>primo</span> <span class='ocrx_word' id='word_1_152' title='bbox 876 992 1133 1031; x_wconf 86' lang='lat' dir='ltr'>Historiarum</span> 
     </span>
     <span class='ocr_line' id='line_1_15' title="bbox 112 1046 2209 1105; baseline 0.002 -18"><span class='ocrx_word' id='word_1_153' title='bbox 112 1048 175 1101; x_wconf 82' lang='lat' dir='ltr'>(fr.</span> <span class='ocrx_word' id='word_1_154' title='bbox 197 1048 289 1102; x_wconf 76' lang='lat'>343)</span> <span class='ocrx_word' id='word_1_155' title='bbox 302 1048 418 1096; x_wconf 89' lang='lat' dir='ltr'>libro,</span> <span class='ocrx_word' id='word_1_156' title='bbox 434 1057 473 1087; x_wconf 87' lang='lat' dir='ltr'>et</span> <span class='ocrx_word' id='word_1_157' title='bbox 490 1051 672 1098; x_wconf 82' lang='lat' dir='ltr'>Mycenoe</span> <span class='ocrx_word' id='word_1_158' title='bbox 682 1048 746 1102; x_wconf 87' lang='lat' dir='ltr'>(fr.</span> <span class='ocrx_word' id='word_1_159' title='bbox 767 1051 852 1101; x_wconf 84' lang='lat'>360)</span> <span class='ocrx_word' id='word_1_160' title='bbox 870 1051 978 1102; x_wconf 88' lang='lat' dir='ltr'>eujus</span> <span class='ocrx_word' id='word_1_161' title='bbox 993 1065 1133 1090; x_wconf 89' lang='lat' dir='ltr'>nomen</span> <span class='ocrx_word' id='word_1_162' title='bbox 1193 1047 1279 1099; x_wconf 81' lang='grc' dir='ltr'>Εὓρ·</span> <span class='ocrx_word' id='word_1_163' title='bbox 1291 1046 1375 1085; x_wconf 80' lang='grc' dir='ltr'>Ἀπὸ</span> <span class='ocrx_word' id='word_1_164' title='bbox 1387 1047 1592 1094; x_wconf 69' lang='grc' dir='ltr'>Μυτιλήνης</span> <span class='ocrx_word' id='word_1_165' title='bbox 1610 1050 1672 1095; x_wconf 77' lang='grc' dir='ltr'>τῆς</span> <span class='ocrx_word' id='word_1_166' title='bbox 1691 1048 1861 1102; x_wconf 76' lang='grc' dir='ltr'>Μάκαρος</span> <span class='ocrx_word' id='word_1_167' title='bbox 1873 1049 2037 1105; x_wconf 87' lang='grc' dir='ltr'>θυγατρὸς</span> <span class='ocrx_word' id='word_1_168' title='bbox 2056 1050 2078 1098; x_wconf 84' lang='grc' dir='ltr'>ἢ</span> <span class='ocrx_word' id='word_1_169' title='bbox 2099 1051 2209 1091; x_wconf 87' lang='grc' dir='ltr'>Πέλο-</span> 
     </span>
     <span class='ocr_line' id='line_1_16' title="bbox 113 1105 1898 1160; baseline 0.003 -14"><span class='ocrx_word' id='word_1_170' title='bbox 113 1108 204 1146; x_wconf 90' lang='lat' dir='ltr'>inde</span> <span class='ocrx_word' id='word_1_171' title='bbox 223 1107 475 1151; x_wconf 69' lang='lat' dir='ltr'>derivaverst,</span> <span class='ocrx_word' id='word_1_172' title='bbox 498 1108 603 1158; x_wconf 92' lang='lat' dir='ltr'>quod</span> <span class='ocrx_word' id='word_1_173' title='bbox 625 1111 787 1147; x_wconf 88' lang='lat' dir='ltr'>Perseus</span> <span class='ocrx_word' id='word_1_174' title='bbox 806 1109 862 1147; x_wconf 91' lang='lat' dir='ltr'>ibi</span> <span class='ocrx_word' id='word_1_175' title='bbox 881 1109 996 1160; x_wconf 83' lang='lat' dir='ltr'>gladii</span> <span class='ocrx_word' id='word_1_176' title='bbox 1021 1112 1134 1160; x_wconf 78' lang='grc' dir='ltr'>μυκῆν</span> <span class='ocrx_word' id='word_1_177' title='bbox 1191 1120 1266 1149; x_wconf 63' lang='lat' dir='ltr'>&#39;rr-&#39;05-</span> <span class='ocrx_word' id='word_1_178' title='bbox 1283 1106 1404 1145; x_wconf 82' lang='lat' dir='ltr'>Codd·</span> <span class='ocrx_word' id='word_1_179' title='bbox 1427 1105 1607 1160; x_wconf 79' lang='grc' dir='ltr'>Καίσαρος</span> <span class='ocrx_word' id='word_1_180' title='bbox 1626 1120 1698 1158; x_wconf 80' lang='lat' dir='ltr'>pr0</span> <span class='ocrx_word' id='word_1_181' title='bbox 1714 1107 1898 1160; x_wconf 74' lang='grc' dir='ltr'>Μάκαρος-</span> 
     </span>
    </p>
   </div>
   <div class='ocr_carea' id='block_1_3' title="bbox 115 680 2206 1480">
    <p class='ocr_par' dir='ltr' id='par_1_5' title="bbox 115 680 2206 1480">
     <span class='ocr_line' id='line_1_17' title="bbox 1157 680 2206 1179; baseline 0.01 -332"><span class='ocrx_word' id='word_1_182' title='bbox 1157 680 1165 1179; x_wconf 65' lang='grc'>)</span> <span class='ocrx_word' id='word_1_183' title='bbox 1244 813 1296 849; x_wconf 90' lang='lat' dir='ltr'>St.</span> <span class='ocrx_word' id='word_1_184' title='bbox 1317 814 1357 849; x_wconf 87' lang='grc' dir='ltr'>Β.</span> <span class='ocrx_word' id='word_1_185' title='bbox 1380 813 1590 862; x_wconf 83' lang='grc' dir='ltr'>Οἰνοῦσσαι,</span> <span class='ocrx_word' id='word_1_186' title='bbox 1613 816 1715 861; x_wconf 79' lang='grc' dir='ltr'>νῆσος</span> <span class='ocrx_word' id='word_1_187' title='bbox 1738 818 1781 868; x_wconf 80' lang='grc' dir='ltr'>τῇ</span> <span class='ocrx_word' id='word_1_188' title='bbox 1801 816 1878 870; x_wconf 86' lang='grc' dir='ltr'>Χίῳ</span> <span class='ocrx_word' id='word_1_189' title='bbox 1903 817 2079 871; x_wconf 77' lang='grc' dir='ltr'>προσεχής</span> <span class='ocrx_word' id='word_1_190' title='bbox 2097 834 2105 842; x_wconf 92' lang='grc'><em>·</em></span> <span class='ocrx_word' id='word_1_191' title='bbox 2129 817 2206 858; x_wconf 87' lang='grc' dir='ltr'>Ἑκ.</span> 
     </span>
     <span class='ocr_line' id='line_1_18' title="bbox 115 1166 1749 1480; baseline -0.001 -275"><span class='ocrx_word' id='word_1_192' title='bbox 115 1167 312 1206; x_wconf 82' lang='lat' dir='ltr'>amisisset.</span> <span class='ocrx_word' id='word_1_193' title='bbox 333 1167 561 1205; x_wconf 88' lang='lat' dir='ltr'>Universam</span> <span class='ocrx_word' id='word_1_194' title='bbox 579 1167 888 1218; x_wconf 91' lang='lat' dir='ltr'>Peloponnesum</span> <span class='ocrx_word' id='word_1_195' title='bbox 910 1177 998 1207; x_wconf 86' lang='lat' dir='ltr'>ante</span> <span class='ocrx_word' id='word_1_196' title='bbox 1024 1172 1167 1480; x_wconf 59' lang='grc' dir='ltr'>(ἶνες-γ</span> <span class='ocrx_word' id='word_1_197' title='bbox 1663 1166 1749 1204; x_wconf 83' lang='lat'>102.</span> 
     </span>
    </p>
   </div>
   <div class='ocr_carea' id='block_1_4' title="bbox 1190 870 2206 1044">
    <p class='ocr_par' dir='ltr' id='par_1_6' title="bbox 1190 870 2206 1044">
     <span class='ocr_line' id='line_1_19' title="bbox 1190 870 1278 923; baseline -0.011 -15"><span class='ocrx_word' id='word_1_198' title='bbox 1190 870 1278 923; x_wconf 82' lang='grc' dir='ltr'>Εὐρ.</span> 
     </span>
     <span class='ocr_line' id='line_1_20' title="bbox 1662 932 1748 971; baseline 0.035 -3"><span class='ocrx_word' id='word_1_199' title='bbox 1662 932 1748 971; x_wconf 82' lang='grc' dir='ltr'>ῙΟῙ.</span> 
     </span>
     <span class='ocr_line' id='line_1_21' title="bbox 1245 988 2206 1044; baseline 0.007 -19"><span class='ocrx_word' id='word_1_200' title='bbox 1245 990 1302 1025; x_wconf 89' lang='lat' dir='ltr'>St.</span> <span class='ocrx_word' id='word_1_201' title='bbox 1328 992 1369 1027; x_wconf 93' lang='lat' dir='ltr'>B.</span> <span class='ocrx_word' id='word_1_202' title='bbox 1392 988 1597 1036; x_wconf 84' lang='grc' dir='ltr'>Μυτιλήνη,</span> <span class='ocrx_word' id='word_1_203' title='bbox 1613 988 1712 1033; x_wconf 87' lang='grc' dir='ltr'>πόλις</span> <span class='ocrx_word' id='word_1_204' title='bbox 1730 992 1764 1029; x_wconf 81' lang='grc' dir='ltr'>ἐν</span> <span class='ocrx_word' id='word_1_205' title='bbox 1783 990 1909 1044; x_wconf 73' lang='grc' dir='ltr'>Λέσὸῳ</span> <span class='ocrx_word' id='word_1_206' title='bbox 1930 992 2077 1044; x_wconf 83' lang='grc' dir='ltr'>μεγίστη</span> <span class='ocrx_word' id='word_1_207' title='bbox 2095 1009 2104 1017; x_wconf 83' lang='grc'><em>·</em></span> <span class='ocrx_word' id='word_1_208' title='bbox 2128 993 2206 1032; x_wconf 86' lang='grc' dir='ltr'>Ἕκ.</span> 
     </span>
    </p>
   </div>
   <div class='ocr_carea' id='block_1_5' title="bbox 115 1225 2210 1454">
    <p class='ocr_par' dir='ltr' id='par_1_7' title="bbox 115 1225 2210 1454">
     <span class='ocr_line' id='line_1_22' title="bbox 115 1225 2210 1279; baseline 0 -15"><span class='ocrx_word' id='word_1_209' title='bbox 115 1240 180 1265; x_wconf 91' lang='lat' dir='ltr'>cos</span> <span class='ocrx_word' id='word_1_210' title='bbox 207 1226 388 1265; x_wconf 87' lang='lat' dir='ltr'>Hellenes</span> <span class='ocrx_word' id='word_1_211' title='bbox 408 1239 430 1264; x_wconf 89' lang='lat' dir='ltr'>a</span> <span class='ocrx_word' id='word_1_212' title='bbox 448 1225 624 1264; x_wconf 85' lang='lat' dir='ltr'>barbaris</span> <span class='ocrx_word' id='word_1_213' title='bbox 653 1226 865 1267; x_wconf 83' lang='lat' dir='ltr'>habitatam</span> <span class='ocrx_word' id='word_1_214' title='bbox 893 1228 1010 1267; x_wconf 89' lang='lat' dir='ltr'>fuisse</span> <span class='ocrx_word' id='word_1_215' title='bbox 1036 1229 1135 1267; x_wconf 81' lang='lat' dir='ltr'>dixit</span> <span class='ocrx_word' id='word_1_216' title='bbox 1247 1226 1302 1263; x_wconf 83' lang='lat' dir='ltr'>St·</span> <span class='ocrx_word' id='word_1_217' title='bbox 1322 1227 1365 1262; x_wconf 88' lang='lat' dir='ltr'>B·</span> <span class='ocrx_word' id='word_1_218' title='bbox 1397 1225 1558 1274; x_wconf 77' lang='grc' dir='ltr'>Λῆμνος,</span> <span class='ocrx_word' id='word_1_219' title='bbox 1583 1226 1686 1271; x_wconf 75' lang='grc' dir='ltr'>νῆσος</span> <span class='ocrx_word' id='word_1_220' title='bbox 1709 1225 1796 1278; x_wconf 85' lang='grc' dir='ltr'>πρὸς</span> <span class='ocrx_word' id='word_1_221' title='bbox 1823 1227 1867 1278; x_wconf 77' lang='grc' dir='ltr'>τῇ</span> <span class='ocrx_word' id='word_1_222' title='bbox 1890 1225 2036 1279; x_wconf 77' lang='grc' dir='ltr'>Θρᾴκῃ,</span> <span class='ocrx_word' id='word_1_223' title='bbox 2065 1226 2123 1265; x_wconf 83' lang='grc' dir='ltr'>δύο</span> <span class='ocrx_word' id='word_1_224' title='bbox 2146 1227 2210 1265; x_wconf 79' lang='grc' dir='ltr'>πό-</span> 
     </span>
     <span class='ocr_line' id='line_1_23' title="bbox 115 1282 2210 1339; baseline -0 -15"><span class='ocrx_word' id='word_1_225' title='bbox 115 1289 314 1324; x_wconf 85' lang='lat' dir='ltr'>Hecataeus</span> <span class='ocrx_word' id='word_1_226' title='bbox 337 1286 397 1336; x_wconf 82' lang='lat' dir='ltr'>(fr.</span> <span class='ocrx_word' id='word_1_227' title='bbox 424 1284 528 1337; x_wconf 82' lang='lat'>356).</span> <span class='ocrx_word' id='word_1_228' title='bbox 1193 1284 1263 1327; x_wconf 89' lang='grc' dir='ltr'>λεις</span> <span class='ocrx_word' id='word_1_229' title='bbox 1281 1282 1432 1335; x_wconf 84' lang='grc' dir='ltr'>ἔχουσα,</span> <span class='ocrx_word' id='word_1_230' title='bbox 1452 1282 1662 1337; x_wconf 86' lang='grc' dir='ltr'>Ἥφαιστίαν</span> <span class='ocrx_word' id='word_1_231' title='bbox 1688 1284 1930 1338; x_wconf 81' lang='grc' dir='ltr'>καὶ·Μύριναν</span> <span class='ocrx_word' id='word_1_232' title='bbox 1942 1316 1952 1333; x_wconf 86' lang='grc'>,</span> <span class='ocrx_word' id='word_1_233' title='bbox 1965 1287 2012 1328; x_wconf 86' lang='grc' dir='ltr'>ὡς</span> <span class='ocrx_word' id='word_1_234' title='bbox 2029 1284 2108 1324; x_wconf 83' lang='grc' dir='ltr'>Ἑκ.</span> <span class='ocrx_word' id='word_1_235' title='bbox 2124 1288 2210 1339; x_wconf 84' lang='grc' dir='ltr'>Εὐρ.</span> 
     </span>
     <span class='ocr_line' id='line_1_24' title="bbox 1194 1341 2210 1399; baseline 0.003 -18"><span class='ocrx_word' id='word_1_236' title='bbox 1194 1341 1279 1381; x_wconf 78' lang='grc' dir='ltr'>Ἀπὸ</span> <span class='ocrx_word' id='word_1_237' title='bbox 1299 1344 1362 1388; x_wconf 74' lang='grc' dir='ltr'>τῆς</span> <span class='ocrx_word' id='word_1_238' title='bbox 1388 1342 1543 1394; x_wconf 84' lang='grc' dir='ltr'>μεγάλης</span> <span class='ocrx_word' id='word_1_239' title='bbox 1568 1343 1756 1395; x_wconf 75' lang='grc' dir='ltr'>λεγομένης</span> <span class='ocrx_word' id='word_1_240' title='bbox 1776 1343 1928 1394; x_wconf 79' lang='grc' dir='ltr'>θεοῦ,ἣν</span> <span class='ocrx_word' id='word_1_241' title='bbox 1948 1343 2091 1395; x_wconf 74' lang='grc' dir='ltr'>Λῆμνόν</span> <span class='ocrx_word' id='word_1_242' title='bbox 2112 1360 2210 1399; x_wconf 79' lang='grc' dir='ltr'>φασι.</span> 
     </span>
     <span class='ocr_line' id='line_1_25' title="bbox 1194 1399 1782 1454; baseline 0.003 -16"><span class='ocrx_word' id='word_1_243' title='bbox 1194 1399 1317 1453; x_wconf 84' lang='grc' dir='ltr'>Ταύτῃ</span> <span class='ocrx_word' id='word_1_244' title='bbox 1335 1400 1371 1438; x_wconf 84' lang='grc' dir='ltr'>δὲ</span> <span class='ocrx_word' id='word_1_245' title='bbox 1390 1400 1450 1438; x_wconf 84' lang='grc' dir='ltr'>καὶ</span> <span class='ocrx_word' id='word_1_246' title='bbox 1466 1400 1655 1454; x_wconf 83' lang='grc' dir='ltr'>παρθένους</span> <span class='ocrx_word' id='word_1_247' title='bbox 1674 1400 1782 1440; x_wconf 85' lang='grc' dir='ltr'>ἔθυον.</span> 
     </span>
    </p>
   </div>
   <div class='ocr_carea' id='block_1_6' title="bbox 115 1400 1137 1809">
    <p class='ocr_par' dir='ltr' id='par_1_8' title="bbox 115 1400 1137 1632">
     <span class='ocr_line' id='line_1_26' title="bbox 169 1400 1135 1457; baseline 0.003 -17"><span class='ocrx_word' id='word_1_248' title='bbox 169 1405 222 1441; x_wconf 91' lang='lat' dir='ltr'>St.</span> <span class='ocrx_word' id='word_1_249' title='bbox 249 1405 277 1440; x_wconf 90' lang='lat' dir='ltr'>B</span> <span class='ocrx_word' id='word_1_250' title='bbox 309 1400 474 1454; x_wconf 80' lang='grc' dir='ltr'>Θορικὸς,</span> <span class='ocrx_word' id='word_1_251' title='bbox 505 1402 612 1453; x_wconf 77' lang='grc' dir='ltr'>δῆμος</span> <span class='ocrx_word' id='word_1_252' title='bbox 639 1405 701 1450; x_wconf 76' lang='grc' dir='ltr'>τῆς</span> <span class='ocrx_word' id='word_1_253' title='bbox 731 1402 982 1454; x_wconf 82' lang='grc' dir='ltr'>Ἀκαμαντίδος</span> <span class='ocrx_word' id='word_1_254' title='bbox 1015 1404 1135 1457; x_wconf 76' lang='grc' dir='ltr'>φυλῆς.</span> 
     </span>
     <span class='ocr_line' id='line_1_27' title="bbox 115 1459 1137 1515; baseline -0.002 -15"><span class='ocrx_word' id='word_1_255' title='bbox 115 1459 301 1504; x_wconf 89' lang='grc' dir='ltr'>Ἑκαταῖος</span> <span class='ocrx_word' id='word_1_256' title='bbox 314 1459 350 1498; x_wconf 83' lang='grc' dir='ltr'>δὲ</span> <span class='ocrx_word' id='word_1_257' title='bbox 362 1459 462 1499; x_wconf 89' lang='grc' dir='ltr'>πόλιν</span> <span class='ocrx_word' id='word_1_258' title='bbox 477 1460 582 1508; x_wconf 84' lang='grc' dir='ltr'>αὐτήν</span> <span class='ocrx_word' id='word_1_259' title='bbox 599 1476 715 1515; x_wconf 84' lang='grc' dir='ltr'>φησιν.</span> <span class='ocrx_word' id='word_1_260' title='bbox 731 1463 851 1502; x_wconf 88' lang='lat' dir='ltr'>Codd.</span> <span class='ocrx_word' id='word_1_261' title='bbox 868 1460 931 1509; x_wconf 82' lang='grc' dir='ltr'>τὴν</span> <span class='ocrx_word' id='word_1_262' title='bbox 958 1460 1070 1500; x_wconf 90' lang='grc' dir='ltr'>πόλιν.</span> <span class='ocrx_word' id='word_1_263' title='bbox 1084 1492 1137 1498; x_wconf 72' lang='grc'>.-</span> 
     </span>
     <span class='ocr_line' id='line_1_28' title="bbox 115 1521 1134 1568; baseline 0.002 -11"><span class='ocrx_word' id='word_1_264' title='bbox 115 1523 300 1558; x_wconf 85' lang='lat' dir='ltr'>Praeterea</span> <span class='ocrx_word' id='word_1_265' title='bbox 314 1522 485 1568; x_wconf 80' lang='lat' dir='ltr'>Hymetti</span> <span class='ocrx_word' id='word_1_266' title='bbox 499 1521 717 1560; x_wconf 88' lang='lat' dir='ltr'>meminisse</span> <span class='ocrx_word' id='word_1_267' title='bbox 728 1522 905 1561; x_wconf 88' lang='lat' dir='ltr'>novimus</span> <span class='ocrx_word' id='word_1_268' title='bbox 917 1524 1134 1560; x_wconf 78' lang='lat' dir='ltr'>Hecataeum</span> 
     </span>
     <span class='ocr_line' id='line_1_29' title="bbox 117 1579 754 1632; baseline 0.005 -16"><span class='ocrx_word' id='word_1_269' title='bbox 117 1579 155 1616; x_wconf 87' lang='lat' dir='ltr'>in</span> <span class='ocrx_word' id='word_1_270' title='bbox 173 1579 353 1617; x_wconf 90' lang='lat' dir='ltr'>Historiis</span> <span class='ocrx_word' id='word_1_271' title='bbox 372 1579 532 1631; x_wconf 86' lang='lat' dir='ltr'>(Herod.</span> <span class='ocrx_word' id='word_1_272' title='bbox 553 1583 626 1627; x_wconf 89' lang='lat' dir='ltr'>VI,</span> <span class='ocrx_word' id='word_1_273' title='bbox 654 1580 754 1632; x_wconf 83' lang='lat'>137).</span> 
     </span>
    </p>

    <p class='ocr_par' dir='ltr' id='par_1_9' title="bbox 115 1695 1136 1809">
     <span class='ocr_line' id='line_1_30' title="bbox 168 1695 1136 1751; baseline 0.002 -16"><span class='ocrx_word' id='word_1_274' title='bbox 168 1698 223 1735; x_wconf 90' lang='lat' dir='ltr'>St.</span> <span class='ocrx_word' id='word_1_275' title='bbox 245 1699 285 1734; x_wconf 90' lang='lat' dir='ltr'>B.</span> <span class='ocrx_word' id='word_1_276' title='bbox 303 1695 430 1743; x_wconf 84' lang='grc' dir='ltr'>Ἑλένη</span> <span class='ocrx_word' id='word_1_277' title='bbox 450 1698 554 1743; x_wconf 78' lang='grc' dir='ltr'>νῆσος</span> <span class='ocrx_word' id='word_1_278' title='bbox 570 1700 631 1745; x_wconf 77' lang='grc' dir='ltr'>τῆς</span> <span class='ocrx_word' id='word_1_279' title='bbox 654 1697 821 1745; x_wconf 82' lang='grc' dir='ltr'>Ἀττικῆς·</span> <span class='ocrx_word' id='word_1_280' title='bbox 840 1696 920 1737; x_wconf 83' lang='grc' dir='ltr'>Ἕκ.</span> <span class='ocrx_word' id='word_1_281' title='bbox 939 1699 1024 1751; x_wconf 79' lang='grc' dir='ltr'>Εὗρ.</span> <span class='ocrx_word' id='word_1_282' title='bbox 1038 1697 1136 1737; x_wconf 84' lang='grc' dir='ltr'>Ἐκεῖ</span> 
     </span>
     <span class='ocr_line' id='line_1_31' title="bbox 115 1753 1135 1809; baseline 0.003 -17"><span class='ocrx_word' id='word_1_283' title='bbox 115 1753 182 1807; x_wconf 79' lang='grc' dir='ltr'>γὰρ</span> <span class='ocrx_word' id='word_1_284' title='bbox 217 1754 391 1803; x_wconf 69' lang='grc' dir='ltr'>ἀποίῗῆναί</span> <span class='ocrx_word' id='word_1_285' title='bbox 415 1771 500 1809; x_wconf 84' lang='grc' dir='ltr'>φασι</span> <span class='ocrx_word' id='word_1_286' title='bbox 523 1754 586 1803; x_wconf 83' lang='grc' dir='ltr'>τὴν</span> <span class='ocrx_word' id='word_1_287' title='bbox 619 1755 767 1804; x_wconf 83' lang='grc' dir='ltr'>Ἑλένην</span> <span class='ocrx_word' id='word_1_288' title='bbox 793 1755 882 1808; x_wconf 83' lang='grc' dir='ltr'>μετὰ</span> <span class='ocrx_word' id='word_1_289' title='bbox 910 1756 973 1804; x_wconf 81' lang='grc' dir='ltr'>τὴν</span> <span class='ocrx_word' id='word_1_290' title='bbox 1004 1757 1135 1796; x_wconf 81' lang='grc' dir='ltr'>ἅλωσιν</span> 
     </span>
    </p>
   </div>
   <div class='ocr_carea' id='block_1_7' title="bbox 115 1812 233 1852">
    <p class='ocr_par' dir='ltr' id='par_1_10' title="bbox 115 1812 233 1852">
     <span class='ocr_line' id='line_1_32' title="bbox 115 1812 233 1852; baseline 0 0"><span class='ocrx_word' id='word_1_291' title='bbox 115 1812 233 1852; x_wconf 85' lang='grc' dir='ltr'>Ἰλίου.</span> 
     </span>
    </p>
   </div>
   <div class='ocr_carea' id='block_1_8' title="bbox 115 1462 2215 2041">
    <p class='ocr_par' dir='ltr' id='par_1_11' title="bbox 1248 1462 2159 1616">
     <span class='ocr_line' id='line_1_33' title="bbox 1248 1462 2159 1574; baseline 0.001 -16"><span class='ocrx_word' id='word_1_292' title='bbox 1248 1521 1304 1558; x_wconf 92' lang='lat' dir='ltr'>St.</span> <span class='ocrx_word' id='word_1_293' title='bbox 1326 1522 1366 1557; x_wconf 89' lang='lat' dir='ltr'>B.</span> <span class='ocrx_word' id='word_1_294' title='bbox 1391 1517 1603 1572; x_wconf 84' lang='grc' dir='ltr'>Ἥφαιστία,</span> <span class='ocrx_word' id='word_1_295' title='bbox 1623 1462 1774 1563; x_wconf 24' lang='lat' dir='ltr'>mZZZ-v</span> <span class='ocrx_word' id='word_1_296' title='bbox 1796 1518 1931 1572; x_wconf 87' lang='grc' dir='ltr'>Λήμνῳ</span> <span class='ocrx_word' id='word_1_297' title='bbox 1946 1535 1954 1543; x_wconf 90' lang='grc'><em>·</em></span> <span class='ocrx_word' id='word_1_298' title='bbox 1972 1518 2050 1558; x_wconf 84' lang='grc' dir='ltr'>Ἕκ.</span> <span class='ocrx_word' id='word_1_299' title='bbox 2076 1522 2159 1574; x_wconf 83' lang='grc' dir='ltr'>Εὐρ.</span> 
     </span>
     <span class='ocr_line' id='line_1_34' title="bbox 1664 1578 1750 1616; baseline 0 -1"><span class='ocrx_word' id='word_1_300' title='bbox 1664 1578 1750 1616; x_wconf 74' lang='grc' dir='ltr'>1,Ο’·</span> 
     </span>
    </p>

    <p class='ocr_par' dir='ltr' id='par_1_12' title="bbox 1194 1588 2215 1854">
     <span class='ocr_line' id='line_1_35' title="bbox 1249 1588 2213 1690; baseline 0 -14"><span class='ocrx_word' id='word_1_301' title='bbox 1249 1639 1304 1676; x_wconf 90' lang='lat' dir='ltr'>St.</span> <span class='ocrx_word' id='word_1_302' title='bbox 1322 1640 1362 1676; x_wconf 92' lang='grc' dir='ltr'>Β.</span> <span class='ocrx_word' id='word_1_303' title='bbox 1384 1635 1543 1690; x_wconf 87' lang='grc' dir='ltr'>Μύρινα,</span> <span class='ocrx_word' id='word_1_304' title='bbox 1563 1635 1663 1681; x_wconf 86' lang='grc' dir='ltr'>πόλις</span> <span class='ocrx_word' id='word_1_305' title='bbox 1679 1588 1882 1689; x_wconf 35' lang='grc' dir='ltr'>ἔνᾶΛήμνῳ·</span> <span class='ocrx_word' id='word_1_306' title='bbox 1904 1635 1983 1677; x_wconf 86' lang='grc' dir='ltr'>Ἑκ.</span> <span class='ocrx_word' id='word_1_307' title='bbox 1999 1638 2086 1690; x_wconf 78' lang='grc' dir='ltr'>Εὖρ.</span> <span class='ocrx_word' id='word_1_308' title='bbox 2109 1636 2213 1678; x_wconf 87' lang='grc' dir='ltr'>Ἔστι</span> 
     </span>
     <span class='ocr_line' id='line_1_36' title="bbox 1194 1694 2214 1750; baseline 0.002 -17"><span class='ocrx_word' id='word_1_309' title='bbox 1194 1695 1255 1734; x_wconf 83' lang='grc' dir='ltr'>καὶ</span> <span class='ocrx_word' id='word_1_310' title='bbox 1278 1698 1340 1742; x_wconf 71' lang='grc' dir='ltr'>τῆς</span> <span class='ocrx_word' id='word_1_311' title='bbox 1364 1694 1523 1739; x_wconf 82' lang='grc' dir='ltr'>Αἰολίδος</span> <span class='ocrx_word' id='word_1_312' title='bbox 1556 1695 1666 1744; x_wconf 86' lang='grc' dir='ltr'>ἄλλη,</span> <span class='ocrx_word' id='word_1_313' title='bbox 1695 1695 1764 1734; x_wconf 78' lang='grc' dir='ltr'>ἀπὸ</span> <span class='ocrx_word' id='word_1_314' title='bbox 1788 1695 1946 1749; x_wconf 84' lang='grc' dir='ltr'>Μυρίνης</span> <span class='ocrx_word' id='word_1_315' title='bbox 1975 1695 2169 1750; x_wconf 85' lang='grc' dir='ltr'>ἀμφότεραι</span> <span class='ocrx_word' id='word_1_316' title='bbox 2192 1697 2214 1746; x_wconf 83' lang='grc' dir='ltr'>ἢ</span> 
     </span>
     <span class='ocr_line' id='line_1_37' title="bbox 1195 1754 2215 1808; baseline 0.001 -15"><span class='ocrx_word' id='word_1_317' title='bbox 1195 1754 1264 1793; x_wconf 86' lang='grc' dir='ltr'>ἀπὸ</span> <span class='ocrx_word' id='word_1_318' title='bbox 1283 1754 1451 1808; x_wconf 89' lang='grc' dir='ltr'>Μυρίνου.</span> <span class='ocrx_word' id='word_1_319' title='bbox 1472 1758 1666 1793; x_wconf 90' lang='lat' dir='ltr'>Incertum</span> <span class='ocrx_word' id='word_1_320' title='bbox 1685 1763 1758 1803; x_wconf 85' lang='lat' dir='ltr'>est,</span> <span class='ocrx_word' id='word_1_321' title='bbox 1780 1764 1965 1805; x_wconf 84' lang='lat' dir='ltr'>quantum</span> <span class='ocrx_word' id='word_1_322' title='bbox 1991 1769 2039 1793; x_wconf 86' lang='lat' dir='ltr'>ex</span> <span class='ocrx_word' id='word_1_323' title='bbox 2058 1756 2117 1794; x_wconf 91' lang='lat' dir='ltr'>his</span> <span class='ocrx_word' id='word_1_324' title='bbox 2136 1760 2215 1795; x_wconf 83' lang='lat' dir='ltr'>He-</span> 
     </span>
     <span class='ocr_line' id='line_1_38' title="bbox 1195 1813 2160 1854; baseline 0.001 -1"><span class='ocrx_word' id='word_1_325' title='bbox 1195 1822 1315 1853; x_wconf 89' lang='lat' dir='ltr'>cataeo</span> <span class='ocrx_word' id='word_1_326' title='bbox 1332 1813 1529 1852; x_wconf 86' lang='lat' dir='ltr'>debeatur.</span> <span class='ocrx_word' id='word_1_327' title='bbox 1550 1817 1609 1852; x_wconf 88' lang='lat' dir='ltr'>De</span> <span class='ocrx_word' id='word_1_328' title='bbox 1628 1813 1725 1852; x_wconf 86' lang='lat' dir='ltr'>urbe</span> <span class='ocrx_word' id='word_1_329' title='bbox 1746 1814 1910 1852; x_wconf 84' lang='lat' dir='ltr'>AEolidis</span> <span class='ocrx_word' id='word_1_330' title='bbox 1931 1814 1977 1852; x_wconf 89' lang='lat' dir='ltr'>cf.</span> <span class='ocrx_word' id='word_1_331' title='bbox 1999 1814 2045 1854; x_wconf 85' lang='lat' dir='ltr'>fr.</span> <span class='ocrx_word' id='word_1_332' title='bbox 2071 1829 2114 1852; x_wconf 82' lang='lat'>21</span> <span class='ocrx_word' id='word_1_333' title='bbox 2128 1830 2160 1854; x_wconf 84' lang='lat'>1.</span> 
     </span>
    </p>

    <p class='ocr_par' dir='ltr' id='par_1_13' title="bbox 563 1873 691 1911">
     <span class='ocr_line' id='line_1_39' title="bbox 563 1873 691 1911; baseline 0.008 -1"><span class='ocrx_word' id='word_1_334' title='bbox 563 1873 614 1910; x_wconf 83' lang='lat'>96</span> <span class='ocrx_word' id='word_1_335' title='bbox 649 1874 691 1911; x_wconf 70' lang='grc' dir='ltr'>Ρ.</span> 
     </span>
    </p>

    <p class='ocr_par' dir='ltr' id='par_1_14' title="bbox 167 1871 1135 1982">
     <span class='ocr_line' id='line_1_40' title="bbox 167 1871 1135 1982; baseline 0.003 -13"><span class='ocrx_word' id='word_1_336' title='bbox 167 1934 291 1982; x_wconf 85' lang='lat' dir='ltr'>Prope</span> <span class='ocrx_word' id='word_1_337' title='bbox 307 1930 490 1970; x_wconf 86' lang='lat' dir='ltr'>Helenam</span> <span class='ocrx_word' id='word_1_338' title='bbox 509 1931 582 1970; x_wconf 88' lang='lat' dir='ltr'>sita</span> <span class='ocrx_word' id='word_1_339' title='bbox 601 1871 682 1969; x_wconf 49' lang='grc' dir='ltr'>ειςειί</span> <span class='ocrx_word' id='word_1_340' title='bbox 705 1932 828 1971; x_wconf 86' lang='lat' dir='ltr'>insula</span> <span class='ocrx_word' id='word_1_341' title='bbox 846 1933 1038 1972; x_wconf 75' lang='lat' dir='ltr'>Phacussa</span> <span class='ocrx_word' id='word_1_342' title='bbox 1050 1961 1063 1978; x_wconf 90' lang='lat'><em>,</em></span> <span class='ocrx_word' id='word_1_343' title='bbox 1089 1933 1135 1972; x_wconf 90' lang='lat' dir='ltr'>de</span> 
     </span>
    </p>

    <p class='ocr_par' dir='ltr' id='par_1_15' title="bbox 115 1990 429 2041">
     <span class='ocr_line' id='line_1_41' title="bbox 115 1990 429 2041; baseline 0 -13"><span class='ocrx_word' id='word_1_344' title='bbox 115 2003 191 2041; x_wconf 84' lang='lat' dir='ltr'>qua</span> <span class='ocrx_word' id='word_1_345' title='bbox 215 2004 250 2028; x_wconf 90' lang='lat' dir='ltr'>v.</span> <span class='ocrx_word' id='word_1_346' title='bbox 274 1990 321 2027; x_wconf 88' lang='lat' dir='ltr'>fr.</span> <span class='ocrx_word' id='word_1_347' title='bbox 341 1991 429 2028; x_wconf 84' lang='lat'>281.</span> 
     </span>
    </p>
   </div>
   <div class='ocr_carea' id='block_1_9' title="bbox 120 1929 2215 2272">
    <p class='ocr_par' dir='ltr' id='par_1_16' title="bbox 1247 1929 2212 1984">
     <span class='ocr_line' id='line_1_42' title="bbox 1247 1929 2212 1984; baseline -0.002 -14"><span class='ocrx_word' id='word_1_348' title='bbox 1247 1935 1301 1970; x_wconf 88' lang='lat' dir='ltr'>St.</span> <span class='ocrx_word' id='word_1_349' title='bbox 1329 1934 1371 1969; x_wconf 92' lang='lat' dir='ltr'>B.</span> <span class='ocrx_word' id='word_1_350' title='bbox 1408 1930 1561 1977; x_wconf 87' lang='grc' dir='ltr'>Χαλκίς,</span> <span class='ocrx_word' id='word_1_351' title='bbox 1597 1929 1697 1974; x_wconf 87' lang='grc' dir='ltr'>πόλις</span> <span class='ocrx_word' id='word_1_352' title='bbox 1730 1929 1893 1974; x_wconf 71' lang='grc' dir='ltr'>Εὐὸοίας.</span> <span class='ocrx_word' id='word_1_353' title='bbox 1926 1929 2006 1971; x_wconf 88' lang='grc' dir='ltr'>Ἑκ.</span> <span class='ocrx_word' id='word_1_354' title='bbox 2037 1930 2212 1984; x_wconf 79' lang='grc' dir='ltr'>Εὐρώπῃ·</span> 
     </span>
    </p>

    <p class='ocr_par' dir='ltr' id='par_1_17' title="bbox 591 1987 2214 2103">
     <span class='ocr_line' id='line_1_43' title="bbox 1196 1987 2213 2043; baseline 0 -15"><span class='ocrx_word' id='word_1_355' title='bbox 1196 2007 1210 2024; x_wconf 88' lang='lat'>«</span> <span class='ocrx_word' id='word_1_356' title='bbox 1231 1989 1365 2034; x_wconf 80' lang='grc' dir='ltr'>Χαλκὶς</span> <span class='ocrx_word' id='word_1_357' title='bbox 1388 1988 1488 2033; x_wconf 92' lang='grc' dir='ltr'>πόλις</span> <span class='ocrx_word' id='word_1_358' title='bbox 1507 1989 1620 2037; x_wconf 80' lang='grc' dir='ltr'>ἐστὶν,</span> <span class='ocrx_word' id='word_1_359' title='bbox 1639 1989 1662 2036; x_wconf 86' lang='grc' dir='ltr'>ἣ</span> <span class='ocrx_word' id='word_1_360' title='bbox 1688 1987 1854 2043; x_wconf 82' lang='grc' dir='ltr'>πρότερον</span> <span class='ocrx_word' id='word_1_361' title='bbox 1877 1989 2012 2028; x_wconf 72' lang='grc' dir='ltr'>Εὖὸοία</span> <span class='ocrx_word' id='word_1_362' title='bbox 2035 2005 2213 2043; x_wconf 87' lang='grc' dir='ltr'>προσηγο-</span> 
     </span>
     <span class='ocr_line' id='line_1_44' title="bbox 591 2047 2214 2103; baseline 0 -17"><span class='ocrx_word' id='word_1_363' title='bbox 591 2048 654 2086; x_wconf 87' lang='grc'>97.</span> <span class='ocrx_word' id='word_1_364' title='bbox 1195 2048 1310 2103; x_wconf 86' lang='grc' dir='ltr'>ρεύθη·</span> <span class='ocrx_word' id='word_1_365' title='bbox 1334 2048 1464 2096; x_wconf 82' lang='grc' dir='ltr'>ἐκλήθη</span> <span class='ocrx_word' id='word_1_366' title='bbox 1482 2047 1519 2087; x_wconf 80' lang='grc' dir='ltr'>δὲ</span> <span class='ocrx_word' id='word_1_367' title='bbox 1536 2048 1605 2086; x_wconf 83' lang='grc' dir='ltr'>ἀπὸ</span> <span class='ocrx_word' id='word_1_368' title='bbox 1626 2047 1792 2099; x_wconf 86' lang='grc' dir='ltr'>Κωμώης</span> <span class='ocrx_word' id='word_1_369' title='bbox 1813 2051 1875 2095; x_wconf 76' lang='grc' dir='ltr'>τῆς</span> <span class='ocrx_word' id='word_1_370' title='bbox 1895 2048 2068 2092; x_wconf 85' lang='grc' dir='ltr'>Χαλκίδος</span> <span class='ocrx_word' id='word_1_371' title='bbox 2090 2050 2214 2088; x_wconf 77' lang='grc' dir='ltr'>καλου-</span> 
     </span>
    </p>

    <p class='ocr_par' dir='ltr' id='par_1_18' title="bbox 120 2106 2215 2272">
     <span class='ocr_line' id='line_1_45' title="bbox 169 2106 2215 2162; baseline 0 -17"><span class='ocrx_word' id='word_1_372' title='bbox 169 2110 224 2145; x_wconf 89' lang='lat' dir='ltr'>St.</span> <span class='ocrx_word' id='word_1_373' title='bbox 245 2111 286 2145; x_wconf 77' lang='grc' dir='ltr'>Β.</span> <span class='ocrx_word' id='word_1_374' title='bbox 299 2106 441 2161; x_wconf 86' lang='grc' dir='ltr'>Ὑδρέα,</span> <span class='ocrx_word' id='word_1_375' title='bbox 458 2110 560 2155; x_wconf 76' lang='grc' dir='ltr'>νῆσος</span> <span class='ocrx_word' id='word_1_376' title='bbox 578 2106 662 2161; x_wconf 83' lang='grc' dir='ltr'>πρὸς</span> <span class='ocrx_word' id='word_1_377' title='bbox 677 2110 720 2161; x_wconf 85' lang='grc' dir='ltr'>τῇ</span> <span class='ocrx_word' id='word_1_378' title='bbox 741 2109 926 2162; x_wconf 79' lang='grc' dir='ltr'>Τροιζῆνι·</span> <span class='ocrx_word' id='word_1_379' title='bbox 945 2107 1024 2148; x_wconf 88' lang='grc' dir='ltr'>Ἑκ.</span> <span class='ocrx_word' id='word_1_380' title='bbox 1042 2110 1128 2161; x_wconf 85' lang='grc' dir='ltr'>Εὐρ.</span> <span class='ocrx_word' id='word_1_381' title='bbox 1195 2107 1301 2159; x_wconf 85' lang='grc' dir='ltr'>μένης</span> <span class='ocrx_word' id='word_1_382' title='bbox 1329 2107 1495 2160; x_wconf 85' lang='grc' dir='ltr'>θυγατρὸς</span> <span class='ocrx_word' id='word_1_383' title='bbox 1527 2107 1726 2146; x_wconf 76' lang='grc' dir='ltr'>Ἀσωποῦ.»</span> <span class='ocrx_word' id='word_1_384' title='bbox 1768 2111 1917 2146; x_wconf 88' lang='lat' dir='ltr'>Nomen</span> <span class='ocrx_word' id='word_1_385' title='bbox 1947 2109 2127 2159; x_wconf 82' lang='lat' dir='ltr'>nymphae</span> <span class='ocrx_word' id='word_1_386' title='bbox 2156 2109 2215 2145; x_wconf 87' lang='lat' dir='ltr'>in-</span> 
     </span>
     <span class='ocr_line' id='line_1_46' title="bbox 120 2166 2212 2272; baseline 0 -70"><span class='ocrx_word' id='word_1_387' title='bbox 120 2167 257 2203; x_wconf 78' lang='lat' dir='ltr'>Cimoli</span> <span class='ocrx_word' id='word_1_388' title='bbox 293 2167 426 2205; x_wconf 88' lang='lat' dir='ltr'>insulae</span> <span class='ocrx_word' id='word_1_389' title='bbox 467 2168 698 2206; x_wconf 86' lang='lat' dir='ltr'>mentionem</span> <span class='ocrx_word' id='word_1_390' title='bbox 737 2169 827 2206; x_wconf 87' lang='lat' dir='ltr'>vide</span> <span class='ocrx_word' id='word_1_391' title='bbox 862 2169 965 2220; x_wconf 86' lang='lat' dir='ltr'>apud</span> <span class='ocrx_word' id='word_1_392' title='bbox 995 2168 1134 2215; x_wconf 83' lang='lat' dir='ltr'>Siden,</span> <span class='ocrx_word' id='word_1_393' title='bbox 1163 2189 1166 2272; x_wconf 79' lang='grc' dir='ltr'>Ι</span> <span class='ocrx_word' id='word_1_394' title='bbox 1194 2175 1362 2214; x_wconf 83' lang='lat' dir='ltr'>certum,</span> <span class='ocrx_word' id='word_1_395' title='bbox 1394 2168 1453 2205; x_wconf 91' lang='lat' dir='ltr'>vel</span> <span class='ocrx_word' id='word_1_396' title='bbox 1486 2169 1642 2212; x_wconf 87' lang='lat' dir='ltr'>Comoe,</span> <span class='ocrx_word' id='word_1_397' title='bbox 1670 2166 1732 2205; x_wconf 88' lang='lat' dir='ltr'>vel</span> <span class='ocrx_word' id='word_1_398' title='bbox 1768 2166 1933 2213; x_wconf 92' lang='lat' dir='ltr'>Combe,</span> <span class='ocrx_word' id='word_1_399' title='bbox 1964 2175 2006 2204; x_wconf 88' lang='lat' dir='ltr'>ut</span> <span class='ocrx_word' id='word_1_400' title='bbox 2038 2171 2140 2205; x_wconf 87' lang='lat' dir='ltr'>Eust.</span> <span class='ocrx_word' id='word_1_401' title='bbox 2172 2168 2212 2204; x_wconf 90' lang='lat' dir='ltr'>Il.</span> 
     </span>
    </p>
   </div>
   <div class='ocr_carea' id='block_1_10' title="bbox 1165 2444 1169 2525">
    <p class='ocr_par' dir='ltr' id='par_1_19' title="bbox 1165 2444 1169 2525">
     <span class='ocr_line' id='line_1_47' title="bbox 1165 2444 1169 2525; baseline 0 1159"><span class='ocrx_word' id='word_1_402' title='bbox 1165 2444 1169 2525; x_wconf 95' lang='lat' dir='ltr'> </span> 
     </span>
    </p>
   </div>
   <div class='ocr_carea' id='block_1_11' title="bbox 116 2225 2213 2674">
    <p class='ocr_par' dir='ltr' id='par_1_20' title="bbox 116 2225 2213 2674">
     <span class='ocr_line' id='line_1_48' title="bbox 116 2225 1354 2274; baseline 0.001 -12"><span class='ocrx_word' id='word_1_403' title='bbox 116 2225 163 2263; x_wconf 86' lang='lat' dir='ltr'>fr.</span> <span class='ocrx_word' id='word_1_404' title='bbox 190 2226 275 2262; x_wconf 83' lang='lat'>250.</span> <span class='ocrx_word' id='word_1_405' title='bbox 1196 2229 1246 2273; x_wconf 91' lang='lat' dir='ltr'>B,</span> <span class='ocrx_word' id='word_1_406' title='bbox 1268 2226 1354 2274; x_wconf 73' lang='lat'>537.</span> 
     </span>
     <span class='ocr_line' id='line_1_49' title="bbox 592 2367 2213 2420; baseline -0.004 -13"><span class='ocrx_word' id='word_1_407' title='bbox 592 2377 656 2409; x_wconf 82' lang='lat'>92.</span> <span class='ocrx_word' id='word_1_408' title='bbox 1139 2399 1144 2405; x_wconf 77' lang='grc'><em>,</em></span> <span class='ocrx_word' id='word_1_409' title='bbox 1165 2370 1172 2420; x_wconf 60' lang='grc' dir='ltr'>ᾗ</span> <span class='ocrx_word' id='word_1_410' title='bbox 1193 2370 1271 2402; x_wconf 91' lang='lat' dir='ltr'>urbs</span> <span class='ocrx_word' id='word_1_411' title='bbox 1301 2369 1400 2402; x_wconf 84' lang='lat' dir='ltr'>Chios</span> <span class='ocrx_word' id='word_1_412' title='bbox 1414 2391 1422 2404; x_wconf 93' lang='lat'><em>‚</em></span> <span class='ocrx_word' id='word_1_413' title='bbox 1444 2368 1492 2400; x_wconf 90' lang='lat' dir='ltr'>sic</span> <span class='ocrx_word' id='word_1_414' title='bbox 1507 2368 1594 2400; x_wconf 81' lang='lat' dir='ltr'>dicta</span> <span class='ocrx_word' id='word_1_415' title='bbox 1615 2376 1634 2399; x_wconf 86' lang='lat' dir='ltr'>a</span> <span class='ocrx_word' id='word_1_416' title='bbox 1650 2368 1751 2407; x_wconf 78' lang='lat' dir='ltr'>Chio,</span> <span class='ocrx_word' id='word_1_417' title='bbox 1778 2367 1896 2399; x_wconf 79' lang='lat' dir='ltr'>Oceani</span> <span class='ocrx_word' id='word_1_418' title='bbox 1918 2367 2004 2407; x_wconf 80' lang='lat' dir='ltr'>filio,</span> <span class='ocrx_word' id='word_1_419' title='bbox 2032 2368 2082 2420; x_wconf 79' lang='lat' dir='ltr'>vel</span> <span class='ocrx_word' id='word_1_420' title='bbox 2105 2377 2124 2399; x_wconf 89' lang='lat' dir='ltr'>a</span> <span class='ocrx_word' id='word_1_421' title='bbox 2141 2368 2213 2400; x_wconf 81' lang='lat' dir='ltr'>nive</span> 
     </span>
     <span class='ocr_line' id='line_1_50' title="bbox 158 2415 2176 2502; baseline -0.002 -44"><span class='ocrx_word' id='word_1_422' title='bbox 158 2425 349 2463; x_wconf 66' lang='lat' dir='ltr'>Macistum,</span> <span class='ocrx_word' id='word_1_423' title='bbox 367 2426 446 2459; x_wconf 81' lang='lat' dir='ltr'>urbs</span> <span class='ocrx_word' id='word_1_424' title='bbox 465 2426 657 2468; x_wconf 81' lang='lat' dir='ltr'>Triphyliae,</span> <span class='ocrx_word' id='word_1_425' title='bbox 675 2429 753 2460; x_wconf 79' lang='lat' dir='ltr'>nec.</span> <span class='ocrx_word' id='word_1_426' title='bbox 769 2430 828 2460; x_wconf 79' lang='lat' dir='ltr'>Est</span> <span class='ocrx_word' id='word_1_427' title='bbox 842 2428 875 2460; x_wconf 87' lang='lat' dir='ltr'>et</span> <span class='ocrx_word' id='word_1_428' title='bbox 890 2427 953 2460; x_wconf 83' lang='lat' dir='ltr'>alia</span> <span class='ocrx_word' id='word_1_429' title='bbox 967 2428 1080 2461; x_wconf 84' lang='lat' dir='ltr'>Elidis.</span> <span class='ocrx_word' id='word_1_430' title='bbox 1166 2421 1168 2436; x_wconf 73' lang='lat'>³</span> <span class='ocrx_word' id='word_1_431' title='bbox 1193 2417 1313 2458; x_wconf 78' lang='grc' dir='ltr'>(χιόνι),</span> <span class='ocrx_word' id='word_1_432' title='bbox 1335 2425 1409 2457; x_wconf 80' lang='lat' dir='ltr'>quae</span> <span class='ocrx_word' id='word_1_433' title='bbox 1428 2415 1493 2447; x_wconf 79' lang='lat' dir='ltr'>illic</span> <span class='ocrx_word' id='word_1_434' title='bbox 1508 2415 1658 2456; x_wconf 83' lang='lat' dir='ltr'>frequens</span> <span class='ocrx_word' id='word_1_435' title='bbox 1665 2418 1738 2502; x_wconf 53' lang='grc' dir='ltr'>163ῐό</span> <span class='ocrx_word' id='word_1_436' title='bbox 1749 2415 1801 2447; x_wconf 82' lang='lat' dir='ltr'>vel</span> <span class='ocrx_word' id='word_1_437' title='bbox 1817 2424 1836 2447; x_wconf 78' lang='lat' dir='ltr'>a</span> <span class='ocrx_word' id='word_1_438' title='bbox 1849 2415 1991 2456; x_wconf 76' lang='lat' dir='ltr'>nympha</span> <span class='ocrx_word' id='word_1_439' title='bbox 2008 2415 2140 2448; x_wconf 81' lang='lat' dir='ltr'>Cluone-</span> <span class='ocrx_word' id='word_1_440' title='bbox 2162 2428 2176 2442; x_wconf 70' lang='grc' dir='ltr'><strong>υ</strong></span> 
     </span>
     <span class='ocr_line' id='line_1_51' title="bbox 158 2489 1772 2607; baseline -0.001 -38"><span class='ocrx_word' id='word_1_441' title='bbox 158 2537 299 2578; x_wconf 81' lang='lat' dir='ltr'>Agamia.</span> <span class='ocrx_word' id='word_1_442' title='bbox 316 2538 440 2571; x_wconf 86' lang='lat' dir='ltr'>Dicitur</span> <span class='ocrx_word' id='word_1_443' title='bbox 452 2547 581 2580; x_wconf 84' lang='lat' dir='ltr'>quoque</span> <span class='ocrx_word' id='word_1_444' title='bbox 593 2489 736 2572; x_wconf 49' lang='lat' dir='ltr'>igauna</span> <span class='ocrx_word' id='word_1_445' title='bbox 752 2548 808 2580; x_wconf 85' lang='lat' dir='ltr'>per</span> <span class='ocrx_word' id='word_1_446' title='bbox 824 2540 1032 2581; x_wconf 80' lang='lat' dir='ltr'>synaloephen</span> <span class='ocrx_word' id='word_1_447' title='bbox 1048 2539 1133 2572; x_wconf 84' lang='lat' dir='ltr'>anud</span> <span class='ocrx_word' id='word_1_448' title='bbox 1165 2530 1168 2554; x_wconf 76' lang='lat'><em>¹</em></span> <span class='ocrx_word' id='word_1_449' title='bbox 1235 2524 1410 2563; x_wconf 71' lang='lat' dir='ltr'>OEnussoe²</span> <span class='ocrx_word' id='word_1_450' title='bbox 1429 2520 1534 2553; x_wconf 55' lang='lat' dir='ltr'>insum</span> <span class='ocrx_word' id='word_1_451' title='bbox 1548 2521 1631 2554; x_wconf 67' lang='lat' dir='ltr'>ChiO</span> <span class='ocrx_word' id='word_1_452' title='bbox 1652 2521 1772 2607; x_wconf 55' lang='grc' dir='ltr'><strong>ζίἓίιῃᾶ·</strong></span> 
     </span>
     <span class='ocr_line' id='line_1_52' title="bbox 118 2585 2209 2674; baseline -0.005 -6"><span class='ocrx_word' id='word_1_453' title='bbox 118 2585 314 2617; x_wconf 41' lang='lat' dir='ltr'>Hecataeum&#39;</span> <span class='ocrx_word' id='word_1_454' title='bbox 591 2642 654 2674; x_wconf 71' lang='grc'>94,</span> <span class='ocrx_word' id='word_1_455' title='bbox 1232 2629 1396 2670; x_wconf 83' lang='lat' dir='ltr'>Mytilene,</span> <span class='ocrx_word' id='word_1_456' title='bbox 1409 2628 1486 2660; x_wconf 86' lang='lat' dir='ltr'>urbs</span> <span class='ocrx_word' id='word_1_457' title='bbox 1502 2627 1535 2658; x_wconf 89' lang='lat' dir='ltr'>in</span> <span class='ocrx_word' id='word_1_458' title='bbox 1549 2627 1654 2659; x_wconf 85' lang='lat' dir='ltr'>Lesbo</span> <span class='ocrx_word' id='word_1_459' title='bbox 1662 2598 1814 2667; x_wconf 84' lang='lat' dir='ltr'>maxima,</span> <span class='ocrx_word' id='word_1_460' title='bbox 1833 2625 2015 2666; x_wconf 78' lang='lat' dir='ltr'>11e0.;dicta</span> <span class='ocrx_word' id='word_1_461' title='bbox 2031 2634 2049 2657; x_wconf 85' lang='lat' dir='ltr'>a</span> <span class='ocrx_word' id='word_1_462' title='bbox 2059 2625 2209 2666; x_wconf 83' lang='lat' dir='ltr'>Mytilene</span> 
     </span>
    </p>
   </div>
   <div class='ocr_carea' id='block_1_12' title="bbox 117 2674 2210 2833">
    <p class='ocr_par' dir='ltr' id='par_1_21' title="bbox 117 2674 2210 2833">
     <span class='ocr_line' id='line_1_53' title="bbox 156 2674 1631 2739; baseline -0.004 -11"><span class='ocrx_word' id='word_1_463' title='bbox 156 2696 328 2736; x_wconf 70' lang='lat' dir='ltr'>moriens,</span> <span class='ocrx_word' id='word_1_464' title='bbox 345 2696 484 2738; x_wconf 87' lang='lat' dir='ltr'>populus</span> <span class='ocrx_word' id='word_1_465' title='bbox 506 2698 724 2731; x_wconf 81' lang='lat' dir='ltr'>Acamantidis</span> <span class='ocrx_word' id='word_1_466' title='bbox 746 2698 867 2739; x_wconf 88' lang='lat' dir='ltr'>tribus,</span> <span class='ocrx_word' id='word_1_467' title='bbox 892 2700 968 2731; x_wconf 86' lang='lat' dir='ltr'>Heo.</span> <span class='ocrx_word' id='word_1_468' title='bbox 987 2707 1063 2731; x_wconf 87' lang='lat' dir='ltr'>vero</span> <span class='ocrx_word' id='word_1_469' title='bbox 1086 2707 1134 2730; x_wconf 84' lang='lat' dir='ltr'>ur·</span> <span class='ocrx_word' id='word_1_470' title='bbox 1163 2696 1167 2724; x_wconf 71' lang='lat'>1</span> <span class='ocrx_word' id='word_1_471' title='bbox 1190 2677 1326 2708; x_wconf 63' lang='lat' dir='ltr'>Macaris</span> <span class='ocrx_word' id='word_1_472' title='bbox 1339 2675 1404 2707; x_wconf 66' lang='lat' dir='ltr'>filia</span> <span class='ocrx_word' id='word_1_473' title='bbox 1419 2675 1471 2707; x_wconf 68' lang='lat' dir='ltr'>vel</span> <span class='ocrx_word' id='word_1_474' title='bbox 1493 2674 1631 2715; x_wconf 65' lang='lat' dir='ltr'>Pe¹⁰pis·</span> 
     </span>
     <span class='ocr_line' id='line_1_54' title="bbox 117 2726 1753 2798; baseline -0.01 -22"><span class='ocrx_word' id='word_1_475' title='bbox 117 2742 189 2775; x_wconf 80' lang='lat' dir='ltr'>bem</span> <span class='ocrx_word' id='word_1_476' title='bbox 200 2752 272 2775; x_wconf 87' lang='lat' dir='ltr'>eam</span> <span class='ocrx_word' id='word_1_477' title='bbox 287 2746 393 2776; x_wconf 81' lang='lat' dir='ltr'>vocat.</span> <span class='ocrx_word' id='word_1_478' title='bbox 1163 2726 1167 2798; x_wconf 61' lang='grc' dir='ltr'>Ι</span> <span class='ocrx_word' id='word_1_479' title='bbox 1416 2782 1422 2788; x_wconf 45' lang='grc'><em>.</em></span> <span class='ocrx_word' id='word_1_480' title='bbox 1536 2781 1543 2788; x_wconf 37' lang='lat'><strong><em>.</em></strong></span> <span class='ocrx_word' id='word_1_481' title='bbox 1663 2729 1753 2786; x_wconf 38' lang='lat'>102..</span> 
     </span>
     <span class='ocr_line' id='line_1_55' title="bbox 590 2777 2210 2833; baseline -0.006 -13"><span class='ocrx_word' id='word_1_482' title='bbox 590 2800 612 2833; x_wconf 84' lang='lat'>9</span> <span class='ocrx_word' id='word_1_483' title='bbox 617 2800 653 2833; x_wconf 48' lang='lat'>5·</span> <span class='ocrx_word' id='word_1_484' title='bbox 1163 2800 1166 2833; x_wconf 74' lang='grc' dir='ltr'>Ι</span> <span class='ocrx_word' id='word_1_485' title='bbox 1235 2784 1378 2815; x_wconf 81' lang='lat' dir='ltr'>Lemnus</span> <span class='ocrx_word' id='word_1_486' title='bbox 1388 2806 1397 2823; x_wconf 92' lang='lat'>,</span> <span class='ocrx_word' id='word_1_487' title='bbox 1413 2781 1519 2814; x_wconf 82' lang='lat' dir='ltr'>insula</span> <span class='ocrx_word' id='word_1_488' title='bbox 1531 2781 1626 2822; x_wconf 82' lang='lat' dir='ltr'>Juxta</span> <span class='ocrx_word' id='word_1_489' title='bbox 1641 2780 1808 2812; x_wconf 83' lang='lat' dir='ltr'>Thraciam</span> <span class='ocrx_word' id='word_1_490' title='bbox 1823 2802 1832 2818; x_wconf 92' lang='lat'>‚</span> <span class='ocrx_word' id='word_1_491' title='bbox 1853 2779 1933 2810; x_wconf 85' lang='lat' dir='ltr'>duas</span> <span class='ocrx_word' id='word_1_492' title='bbox 1950 2777 2073 2810; x_wconf 85' lang='lat' dir='ltr'>habens</span> <span class='ocrx_word' id='word_1_493' title='bbox 2088 2778 2185 2811; x_wconf 88' lang='lat' dir='ltr'>urbes</span> <span class='ocrx_word' id='word_1_494' title='bbox 2202 2804 2210 2819; x_wconf 95' lang='lat'>,</span> 
     </span>
    </p>
   </div>
   <div class='ocr_carea' id='block_1_13' title="bbox 1190 2825 2211 2871">
    <p class='ocr_par' dir='ltr' id='par_1_22' title="bbox 1190 2825 2211 2871">
     <span class='ocr_line' id='line_1_56' title="bbox 1190 2825 2211 2871; baseline -0.004 -9"><span class='ocrx_word' id='word_1_495' title='bbox 1190 2829 1408 2871; x_wconf 83' lang='lat' dir='ltr'>Hephaestiam</span> <span class='ocrx_word' id='word_1_496' title='bbox 1421 2831 1453 2861; x_wconf 91' lang='lat' dir='ltr'>et</span> <span class='ocrx_word' id='word_1_497' title='bbox 1478 2828 1648 2869; x_wconf 84' lang='lat' dir='ltr'>Myrinam,</span> <span class='ocrx_word' id='word_1_498' title='bbox 1660 2828 1758 2864; x_wconf 81' lang='lat' dir='ltr'>Hec.;</span> <span class='ocrx_word' id='word_1_499' title='bbox 1774 2835 1793 2857; x_wconf 89' lang='lat' dir='ltr'>a</span> <span class='ocrx_word' id='word_1_500' title='bbox 1806 2834 1921 2866; x_wconf 80' lang='lat' dir='ltr'>magna</span> <span class='ocrx_word' id='word_1_501' title='bbox 1933 2825 2019 2857; x_wconf 86' lang='lat' dir='ltr'>dicta</span> <span class='ocrx_word' id='word_1_502' title='bbox 2031 2825 2102 2866; x_wconf 89' lang='lat' dir='ltr'>dea,</span> <span class='ocrx_word' id='word_1_503' title='bbox 2114 2835 2211 2867; x_wconf 89' lang='lat' dir='ltr'>quam</span> 
     </span>
    </p>
   </div>
   <div class='ocr_carea' id='block_1_14' title="bbox 156 2838 2148 2913">
    <p class='ocr_par' dir='ltr' id='par_1_23' title="bbox 156 2838 2148 2913">
     <span class='ocr_line' id='line_1_57' title="bbox 156 2838 2148 2913; baseline -0.002 -4"><span class='ocrx_word' id='word_1_504' title='bbox 156 2854 291 2890; x_wconf 65' lang='lat' dir='ltr'>Helene&#39;</span> <span class='ocrx_word' id='word_1_505' title='bbox 315 2854 418 2886; x_wconf 54' lang='lat' dir='ltr'>insum</span> <span class='ocrx_word' id='word_1_506' title='bbox 435 2856 566 2897; x_wconf 66' lang='lat' dir='ltr'>Amcae’</span> <span class='ocrx_word' id='word_1_507' title='bbox 594 2859 671 2889; x_wconf 68' lang='lat' dir='ltr'><strong>Hec&#39;</strong></span> <span class='ocrx_word' id='word_1_508' title='bbox 695 2858 766 2890; x_wconf 61' lang='lat' dir='ltr'>Illic</span> <span class='ocrx_word' id='word_1_509' title='bbox 789 2857 876 2890; x_wconf 67' lang='lat' dir='ltr'>enim</span> <span class='ocrx_word' id='word_1_510' title='bbox 901 2857 1024 2891; x_wconf 67' lang='lat' dir='ltr'>⁰bii⁸⁵e</span> <span class='ocrx_word' id='word_1_511' title='bbox 1039 2858 1131 2891; x_wconf 65' lang='lat' dir='ltr'>aiunt</span> <span class='ocrx_word' id='word_1_512' title='bbox 1162 2838 1176 2908; x_wconf 74' lang='grc' dir='ltr'>Ι.</span> <span class='ocrx_word' id='word_1_513' title='bbox 1190 2879 1357 2909; x_wconf 81' lang='lat' dir='ltr'>Lemnum</span> <span class='ocrx_word' id='word_1_514' title='bbox 1373 2876 1495 2908; x_wconf 85' lang='lat' dir='ltr'>dicunt.</span> <span class='ocrx_word' id='word_1_515' title='bbox 1519 2875 1605 2907; x_wconf 83' lang='lat' dir='ltr'>Huic</span> <span class='ocrx_word' id='word_1_516' title='bbox 1627 2882 1703 2905; x_wconf 87' lang='lat' dir='ltr'>vero</span> <span class='ocrx_word' id='word_1_517' title='bbox 1719 2875 1751 2904; x_wconf 88' lang='lat' dir='ltr'>et</span> <span class='ocrx_word' id='word_1_518' title='bbox 1766 2871 1906 2913; x_wconf 83' lang='lat' dir='ltr'>virgines</span> <span class='ocrx_word' id='word_1_519' title='bbox 1928 2872 2148 2905; x_wconf 84' lang='lat' dir='ltr'>immolabant.</span> 
     </span>
    </p>
   </div>
   <div class='ocr_carea' id='block_1_15' title="bbox 116 2900 650 2944">
    <p class='ocr_par' dir='ltr' id='par_1_24' title="bbox 116 2900 650 2944">
     <span class='ocr_line' id='line_1_58' title="bbox 116 2900 650 2944; baseline 0.004 -12"><span class='ocrx_word' id='word_1_520' title='bbox 116 2900 265 2933; x_wconf 85' lang='lat' dir='ltr'>Helenam</span> <span class='ocrx_word' id='word_1_521' title='bbox 281 2903 355 2942; x_wconf 87' lang='lat' dir='ltr'>post</span> <span class='ocrx_word' id='word_1_522' title='bbox 370 2903 497 2942; x_wconf 83' lang='lat' dir='ltr'>Trojam</span> <span class='ocrx_word' id='word_1_523' title='bbox 513 2905 650 2944; x_wconf 80' lang='lat' dir='ltr'>captam.</span> 
     </span>
    </p>
   </div>
   <div class='ocr_carea' id='block_1_16' title="bbox 590 2927 1746 3023">
    <p class='ocr_par' dir='ltr' id='par_1_25' title="bbox 590 2927 1746 3023">
     <span class='ocr_line' id='line_1_59' title="bbox 590 2927 1746 3023; baseline -0.013 0"><span class='ocrx_word' id='word_1_524' title='bbox 590 2958 638 2991; x_wconf 72' lang='lat'>9⁷</span> <span class='ocrx_word' id='word_1_525' title='bbox 645 2981 654 2990; x_wconf 73' lang='grc'><strong>”</strong></span> <span class='ocrx_word' id='word_1_526' title='bbox 1231 2981 1414 3023; x_wconf 76' lang='lat' dir='ltr'>Hephaestia</span> <span class='ocrx_word' id='word_1_527' title='bbox 1422 3004 1431 3020; x_wconf 88' lang='lat'>‚</span> <span class='ocrx_word' id='word_1_528' title='bbox 1448 2980 1526 3012; x_wconf 90' lang='lat' dir='ltr'>urbs</span> <span class='ocrx_word' id='word_1_529' title='bbox 1542 2981 1575 3010; x_wconf 91' lang='lat' dir='ltr'>in</span> <span class='ocrx_word' id='word_1_530' title='bbox 1593 2927 1732 3010; x_wconf 43' lang='lat' dir='ltr'>Lenidbti</span> <span class='ocrx_word' id='word_1_531' title='bbox 1739 2950 1746 2958; x_wconf 87' lang='lat'><strong>·</strong></span> 
     </span>
    </p>
   </div>
   <div class='ocr_carea' id='block_1_17' title="bbox 587 3069 652 3102">
    <p class='ocr_par' dir='ltr' id='par_1_26' title="bbox 587 3069 652 3102">
     <span class='ocr_line' id='line_1_60' title="bbox 587 3069 652 3102; baseline 0.015 -1"><span class='ocrx_word' id='word_1_532' title='bbox 587 3069 652 3102; x_wconf 87' lang='lat'>98.</span> 
     </span>
    </p>
   </div>
   <div class='ocr_carea' id='block_1_18' title="bbox 115 3123 1129 3210">
    <p class='ocr_par' dir='ltr' id='par_1_27' title="bbox 115 3123 1129 3210">
     <span class='ocr_line' id='line_1_61' title="bbox 155 3123 1129 3168; baseline 0.006 -13"><span class='ocrx_word' id='word_1_533' title='bbox 155 3123 302 3163; x_wconf 82' lang='lat' dir='ltr'>Gorseae,</span> <span class='ocrx_word' id='word_1_534' title='bbox 317 3123 423 3156; x_wconf 80' lang='lat' dir='ltr'>insula</span> <span class='ocrx_word' id='word_1_535' title='bbox 435 3127 550 3163; x_wconf 80' lang='lat' dir='ltr'>Ioniae,</span> <span class='ocrx_word' id='word_1_536' title='bbox 575 3135 593 3159; x_wconf 90' lang='lat' dir='ltr'>e</span> <span class='ocrx_word' id='word_1_537' title='bbox 615 3128 742 3168; x_wconf 88' lang='lat' dir='ltr'>regione</span> <span class='ocrx_word' id='word_1_538' title='bbox 755 3128 852 3160; x_wconf 80' lang='lat' dir='ltr'>Sami.</span> <span class='ocrx_word' id='word_1_539' title='bbox 871 3130 948 3160; x_wconf 81' lang='lat' dir='ltr'>Hec.</span> <span class='ocrx_word' id='word_1_540' title='bbox 972 3128 1129 3161; x_wconf 88' lang='lat' dir='ltr'>Herodia-</span> 
     </span>
     <span class='ocr_line' id='line_1_62' title="bbox 115 3169 542 3210; baseline 0.012 -12"><span class='ocrx_word' id='word_1_541' title='bbox 115 3176 176 3200; x_wconf 88' lang='lat' dir='ltr'>nus</span> <span class='ocrx_word' id='word_1_542' title='bbox 193 3170 310 3201; x_wconf 62' lang='grc' dir='ltr'>συνείη</span> <span class='ocrx_word' id='word_1_543' title='bbox 325 3178 382 3210; x_wconf 88' lang='lat' dir='ltr'>per</span> <span class='ocrx_word' id='word_1_544' title='bbox 396 3169 407 3201; x_wconf 94' lang='lat' dir='ltr'>i</span> <span class='ocrx_word' id='word_1_545' title='bbox 421 3171 542 3203; x_wconf 88' lang='lat' dir='ltr'>scribit.</span> 
     </span>
    </p>
   </div>
   <div class='ocr_carea' id='block_1_19' title="bbox 589 3228 650 3260">
    <p class='ocr_par' dir='ltr' id='par_1_28' title="bbox 589 3228 650 3260">
     <span class='ocr_line' id='line_1_63' title="bbox 589 3228 650 3260; baseline -0.033 0"><span class='ocrx_word' id='word_1_546' title='bbox 589 3228 650 3260; x_wconf 83' lang='lat'>99.</span> 
     </span>
    </p>
   </div>
   <div class='ocr_carea' id='block_1_20' title="bbox 1186 3083 2211 3373">
    <p class='ocr_par' dir='ltr' id='par_1_29' title="bbox 1186 3083 2211 3373">
     <span class='ocr_line' id='line_1_64' title="bbox 1228 3083 2211 3128; baseline -0.002 -9"><span class='ocrx_word' id='word_1_547' title='bbox 1228 3087 1371 3128; x_wconf 84' lang='lat' dir='ltr'>Myrina,</span> <span class='ocrx_word' id='word_1_548' title='bbox 1388 3085 1468 3117; x_wconf 88' lang='lat' dir='ltr'>urbs</span> <span class='ocrx_word' id='word_1_549' title='bbox 1482 3084 1514 3116; x_wconf 90' lang='lat' dir='ltr'>in</span> <span class='ocrx_word' id='word_1_550' title='bbox 1531 3085 1672 3123; x_wconf 85' lang='lat' dir='ltr'>Lemno,</span> <span class='ocrx_word' id='word_1_551' title='bbox 1692 3085 1770 3115; x_wconf 87' lang='lat' dir='ltr'>Hec.</span> <span class='ocrx_word' id='word_1_552' title='bbox 1790 3085 1850 3116; x_wconf 83' lang='lat' dir='ltr'>Est</span> <span class='ocrx_word' id='word_1_553' title='bbox 1866 3083 1962 3116; x_wconf 86' lang='lat' dir='ltr'>etiam</span> <span class='ocrx_word' id='word_1_554' title='bbox 1978 3083 2113 3117; x_wconf 87' lang='lat' dir='ltr'>AEolidis</span> <span class='ocrx_word' id='word_1_555' title='bbox 2128 3084 2211 3126; x_wconf 82' lang='lat' dir='ltr'>alia,</span> 
     </span>
     <span class='ocr_line' id='line_1_65' title="bbox 1187 3130 1796 3174; baseline -0.008 -7"><span class='ocrx_word' id='word_1_556' title='bbox 1187 3138 1324 3174; x_wconf 87' lang='lat' dir='ltr'>utraque</span> <span class='ocrx_word' id='word_1_557' title='bbox 1339 3142 1358 3164; x_wconf 87' lang='lat' dir='ltr'>a</span> <span class='ocrx_word' id='word_1_558' title='bbox 1375 3134 1518 3172; x_wconf 88' lang='lat' dir='ltr'>Myrina,</span> <span class='ocrx_word' id='word_1_559' title='bbox 1542 3130 1592 3162; x_wconf 92' lang='lat' dir='ltr'>vel</span> <span class='ocrx_word' id='word_1_560' title='bbox 1615 3139 1633 3162; x_wconf 87' lang='lat' dir='ltr'>a</span> <span class='ocrx_word' id='word_1_561' title='bbox 1657 3130 1796 3171; x_wconf 82' lang='lat' dir='ltr'>Myrino.</span> 
     </span>
     <span class='ocr_line' id='line_1_66' title="bbox 1661 3184 1745 3218; baseline 0.012 -1"><span class='ocrx_word' id='word_1_562' title='bbox 1661 3184 1745 3218; x_wconf 77' lang='lat'>105.</span> 
     </span>
     <span class='ocr_line' id='line_1_67' title="bbox 1228 3236 2211 3277; baseline -0.001 -7"><span class='ocrx_word' id='word_1_563' title='bbox 1228 3238 1372 3276; x_wconf 82' lang='lat' dir='ltr'>Chalcis,</span> <span class='ocrx_word' id='word_1_564' title='bbox 1397 3237 1473 3268; x_wconf 83' lang='lat' dir='ltr'>urbs</span> <span class='ocrx_word' id='word_1_565' title='bbox 1491 3236 1634 3268; x_wconf 81' lang='lat' dir='ltr'>Euboeae.</span> <span class='ocrx_word' id='word_1_566' title='bbox 1653 3238 1730 3268; x_wconf 85' lang='lat' dir='ltr'>Hec.</span> <span class='ocrx_word' id='word_1_567' title='bbox 1748 3246 1755 3267; x_wconf 91' lang='lat'>:</span> <span class='ocrx_word' id='word_1_568' title='bbox 1776 3249 1792 3264; x_wconf 76' lang='lat' dir='ltr'>u</span> <span class='ocrx_word' id='word_1_569' title='bbox 1807 3236 1935 3269; x_wconf 82' lang='lat' dir='ltr'>Chalcis</span> <span class='ocrx_word' id='word_1_570' title='bbox 1950 3239 1998 3269; x_wconf 88' lang='lat' dir='ltr'>est</span> <span class='ocrx_word' id='word_1_571' title='bbox 2020 3236 2097 3268; x_wconf 86' lang='lat' dir='ltr'>urbs</span> <span class='ocrx_word' id='word_1_572' title='bbox 2111 3260 2120 3277; x_wconf 95' lang='lat'>,</span> <span class='ocrx_word' id='word_1_573' title='bbox 2137 3245 2211 3277; x_wconf 76' lang='lat' dir='ltr'>quae</span> 
     </span>
     <span class='ocr_line' id='line_1_68' title="bbox 1187 3282 2210 3326; baseline -0.002 -10"><span class='ocrx_word' id='word_1_574' title='bbox 1187 3287 1276 3326; x_wconf 80' lang='lat' dir='ltr'>prius</span> <span class='ocrx_word' id='word_1_575' title='bbox 1284 3285 1406 3315; x_wconf 80' lang='lat' dir='ltr'>Euboea</span> <span class='ocrx_word' id='word_1_576' title='bbox 1417 3283 1575 3324; x_wconf 79' lang='lat' dir='ltr'>appellata</span> <span class='ocrx_word' id='word_1_577' title='bbox 1588 3282 1659 3314; x_wconf 81' lang='lat' dir='ltr'>suit.</span> <span class='ocrx_word' id='word_1_578' title='bbox 1675 3282 1812 3315; x_wconf 82' lang='lat' dir='ltr'>Sicvero</span> <span class='ocrx_word' id='word_1_579' title='bbox 1822 3286 1935 3316; x_wconf 84' lang='lat' dir='ltr'>vocata</span> <span class='ocrx_word' id='word_1_580' title='bbox 1948 3284 2009 3316; x_wconf 86' lang='lat' dir='ltr'>suit</span> <span class='ocrx_word' id='word_1_581' title='bbox 2037 3293 2055 3315; x_wconf 85' lang='lat' dir='ltr'>a</span> <span class='ocrx_word' id='word_1_582' title='bbox 2076 3286 2210 3323; x_wconf 50' lang='lat' dir='ltr'>comae,</span> 
     </span>
     <span class='ocr_line' id='line_1_69' title="bbox 1186 3329 1813 3373; baseline 0 -11"><span class='ocrx_word' id='word_1_583' title='bbox 1186 3340 1260 3373; x_wconf 79' lang='lat' dir='ltr'>quae</span> <span class='ocrx_word' id='word_1_584' title='bbox 1276 3331 1406 3363; x_wconf 84' lang='lat' dir='ltr'>Chalcis</span> <span class='ocrx_word' id='word_1_585' title='bbox 1419 3329 1603 3370; x_wconf 80' lang='lat' dir='ltr'>dicebatur,</span> <span class='ocrx_word' id='word_1_586' title='bbox 1622 3329 1685 3361; x_wconf 83' lang='lat' dir='ltr'>filia</span> <span class='ocrx_word' id='word_1_587' title='bbox 1702 3330 1813 3371; x_wconf 87' lang='lat' dir='ltr'>Asopi.</span> 
     </span>
    </p>
   </div>
   <div class='ocr_carea' id='block_1_21' title="bbox 2185 3164 2213 3177">
    <p class='ocr_par' dir='ltr' id='par_1_30' title="bbox 2185 3164 2213 3177">
     <span class='ocr_line' id='line_1_70' title="bbox 2185 3164 2213 3177; baseline 0 -3"><span class='ocrx_word' id='word_1_588' title='bbox 2185 3164 2213 3177; x_wconf 56' lang='lat' dir='ltr'>‚ux</span> 
     </span>
    </p>
   </div>
   <div class='ocr_carea' id='block_1_22' title="bbox 156 2943 1746 3118">
    <p class='ocr_par' dir='ltr' id='par_1_31' title="bbox 156 2943 1746 3118">
     <span class='ocr_line' id='line_1_71' title="bbox 156 2943 1746 3118; baseline 0.011 -75"><span class='ocrx_word' id='word_1_589' title='bbox 156 3012 303 3052; x_wconf 85' lang='lat' dir='ltr'>Hydrea,</span> <span class='ocrx_word' id='word_1_590' title='bbox 321 3012 426 3045; x_wconf 88' lang='lat' dir='ltr'>insula</span> <span class='ocrx_word' id='word_1_591' title='bbox 437 3013 531 3054; x_wconf 81' lang='lat' dir='ltr'>juxta</span> <span class='ocrx_word' id='word_1_592' title='bbox 547 3016 742 3048; x_wconf 81' lang='lat' dir='ltr'>Troezenem.</span> <span class='ocrx_word' id='word_1_593' title='bbox 1161 2943 1166 3118; x_wconf 63' lang='grc' dir='ltr'><strong><em>ἰ</em></strong></span> <span class='ocrx_word' id='word_1_594' title='bbox 1658 3031 1746 3063; x_wconf 82' lang='grc'>104.</span> 
     </span>
    </p>
   </div>
   <div class='ocr_carea' id='block_1_23' title="bbox 127 3277 1127 3373">
    <p class='ocr_par' dir='ltr' id='par_1_32' title="bbox 127 3277 1127 3373">
     <span class='ocr_line' id='line_1_72' title="bbox 150 3277 1126 3325; baseline 0.006 -15"><span class='ocrx_word' id='word_1_595' title='bbox 150 3277 262 3316; x_wconf 84' lang='lat' dir='ltr'>Chius,</span> <span class='ocrx_word' id='word_1_596' title='bbox 282 3279 486 3314; x_wconf 86' lang='lat' dir='ltr'>celeberrima</span> <span class='ocrx_word' id='word_1_597' title='bbox 500 3285 615 3316; x_wconf 84' lang='lat' dir='ltr'>Ionum</span> <span class='ocrx_word' id='word_1_598' title='bbox 630 3285 746 3325; x_wconf 82' lang='lat' dir='ltr'>insula,</span> <span class='ocrx_word' id='word_1_599' title='bbox 764 3285 886 3317; x_wconf 78' lang='lat' dir='ltr'>habens</span> <span class='ocrx_word' id='word_1_600' title='bbox 901 3286 998 3317; x_wconf 81' lang='lat' dir='ltr'>etiam</span> <span class='ocrx_word' id='word_1_601' title='bbox 1014 3286 1126 3317; x_wconf 83' lang='lat' dir='ltr'>urbem</span> 
     </span>
     <span class='ocr_line' id='line_1_73' title="bbox 127 3325 1127 3373; baseline 0.006 -16"><span class='ocrx_word' id='word_1_602' title='bbox 127 3325 272 3366; x_wconf 68' lang='lat' dir='ltr'>eiusdem</span> <span class='ocrx_word' id='word_1_603' title='bbox 283 3326 429 3360; x_wconf 82' lang='lat' dir='ltr'>nominis.</span> <span class='ocrx_word' id='word_1_604' title='bbox 450 3331 526 3362; x_wconf 86' lang='lat' dir='ltr'>Hec.</span> <span class='ocrx_word' id='word_1_605' title='bbox 547 3341 553 3363; x_wconf 74' lang='grc' dir='ltr'><strong><em>ε</em></strong></span> <span class='ocrx_word' id='word_1_606' title='bbox 575 3345 589 3359; x_wconf 86' lang='lat'>«</span> <span class='ocrx_word' id='word_1_607' title='bbox 607 3332 680 3365; x_wconf 83' lang='lat' dir='ltr'>Chii</span> <span class='ocrx_word' id='word_1_608' title='bbox 697 3335 788 3373; x_wconf 77' lang='lat' dir='ltr'>juxta</span> <span class='ocrx_word' id='word_1_609' title='bbox 813 3333 975 3373; x_wconf 79' lang='lat' dir='ltr'>Erythras.</span> <span class='ocrx_word' id='word_1_610' title='bbox 1002 3335 1059 3364; x_wconf 79' lang='lat' dir='ltr'>Est</span> <span class='ocrx_word' id='word_1_611' title='bbox 1082 3333 1127 3363; x_wconf 89' lang='lat' dir='ltr'>ibi</span> 
     </span>
    </p>
   </div>
   <div class='ocr_carea' id='block_1_24' title="bbox 1158 3233 1162 3369">
    <p class='ocr_par' dir='ltr' id='par_1_33' title="bbox 1158 3233 1162 3369">
     <span class='ocr_line' id='line_1_74' title="bbox 1158 3233 1162 3369; baseline 0 315"><span class='ocrx_word' id='word_1_612' title='bbox 1158 3233 1162 3369; x_wconf 95' lang='lat' dir='ltr'> </span> 
     </span>
    </p>
   </div>
  </div>
 </body>
</html>
