2320 3684
138 235 210 269 254

617 315 679 352 66.

189 376 423 428 Stephanus:
441 373 636 426 Βούδωρον,
648 370 864 424 ἀκρωτήριον
877 369 962 424 πρὸς
977 372 1021 422 τῇ
1039 371 1163 409 Σαλα-

70 441 72 444 ’
136 442 223 488 μῖνι.
247 435 464 481 Θουκυδίδης
484 431 598 486 τρίτῃ.
619 429 773 485 ’Ἔφορος
789 427 826 467 δὲ
845 428 1005 484 φρούριον
1024 428 1164 468 Βούδα-

135 511 193 551 ρον
207 489 294 535 εἷπε.

622 550 686 591 67.

189 612 328 651 Strabo
346 614 404 649 IX
416 640 426 658 ,
449 624 486 661 p.
505 611 580 654 614
596 607 766 663 ε’Έφορος
783 607 819 646 δὲ
840 607 899 646 καὶ
917 606 1028 660 ταύτῃ
1052 606 1165 661 κρείτ-

133 687 184 709 τω
202 670 265 718 τὴν
290 668 460 709 Βοιωτίαν
489 667 674 722 ἀποφαίνει
700 669 769 706 τῶν
795 665 932 720 ὁμόρων
957 668 1080 705 ἐθνῶν·
1105 666 1164 704 καὶ

134 729 188 768 ὅτι
207 728 295 780 μόνη
311 726 538 781 τριθάλαττός
552 728 626 765 ἐστι
639 743 647 750 ·
663 726 723 765 καὶ
736 725 887 778 λιμένων
902 727 1039 778 εὐπορεῖ
1052 723 1166 763 πλειό-

133 803 201 826 νων
212 803 220 811 ·
239 786 296 825 ἐπὶ
312 785 374 837 μὲν
391 787 442 839 τῷ
466 784 650 839 Κρισσαίῳ
668 783 790 838 κόλπῳ
808 784 867 823 καὶ
880 786 931 840 τῷ
944 785 1164 838 Κορινθιακῷ

133 845 178 884 τὰ
198 847 237 884 ἐκ
265 849 327 892 τῆς
352 844 502 888 Ἰταλίας
519 876 529 894 ,
555 844 614 883 καὶ
642 843 823 892 Σικελίας,
857 843 916 882 καὶ
941 845 1003 890 τῆς
1032 840 1166 888 Λιὸύης

135 903 308 956 δεχομένη
323 920 330 928 ·
361 903 419 941 ἐπὶ
450 901 486 941 δὲ
506 905 574 941 τῶν
593 902 678 957 πρὸς
702 901 854 942 Εὔὸοιαν
876 903 989 955 μερῶν
1008 901 1061 954 ἐφ’
1079 900 1165 939 ἑκά-

136 979 221 1016 τερα
240 967 301 1001 τοῦ
321 962 478 1015 Εὐρίπου
499 961 709 1014 σχιζομένης
733 964 796 1007 τῆς
819 959 1012 1013 παραλίας·
1038 962 1082 1012 τῇ
1101 958 1163 1011 μὲν

133 1021 190 1060 ἐπὶ
204 1021 267 1069 τὴν
281 1021 415 1061 Αὐλίδα
431 1021 489 1059 καὶ
503 1020 567 1069 τὴν
582 1018 874 1074 ’1ἀναγρικὴν,τῇ
890 1019 918 1057 δ’
928 1019 985 1057 ἐπὶ
1000 1018 1059 1057 τὸν
1072 1020 1165 1058 Σαλ-

133 1080 265 1132 γανέα,
282 1080 342 1119 καὶ
358 1079 422 1128 τὴν
445 1078 651 1128 Ἀνθηδόνα,
670 1082 714 1132 τῇ
751 1077 814 1130 μὲν
836 1072 924 1116 εἶναι
948 1080 1079 1130 συνεχῆ
1101 1076 1163 1124 τὴν

132 1139 210 1178 κατ’
229 1139 405 1191 Αἴγυπτον
418 1138 478 1177 καὶ
498 1138 640 1192 Κύπρον
672 1137 732 1176 καὶ
761 1136 823 1180 τὰς
835 1136 960 1184 νήσους
973 1138 1163 1175 θάλασσαν·

132 1201 176 1251 τῇ
223 1197 259 1236 δὲ
302 1197 366 1245 τὴν
400 1196 491 1236 κατὰ
520 1196 726 1240 Μακεδόνας
759 1196 818 1234 καὶ
849 1195 912 1242 τὴν
946 1194 1164 1249 Προποντίδα

133 1257 271 1295 καὶτὸν
296 1256 574 1304 Ἑλλήσποντον.
609 1255 829 1309 Προστίθησι
854 1253 891 1292 δὲ
915 1253 997 1303 καὶ,
1018 1252 1071 1292 ὅτι
1099 1252 1162 1300 τὴν

134 1315 288 1355 Εὔὸοιαν
306 1315 433 1369 τρόπον
456 1314 534 1354 τινὰ
554 1313 657 1368 μέρος
678 1316 784 1360 αὐτῆς
802 1312 992 1360 πεποίηκεν
1013 1315 1031 1350 ὃ
1051 1310 1161 1365 Εὔρι-

132 1390 215 1421 πος,
237 1373 328 1412 οὕτω
345 1374 463 1417 στένος
481 1373 543 1422 ὢν,
564 1373 623 1411 καὶ
639 1372 772 1434 γεφόρα
790 1370 1054 1422 συνεζευγμένος
1078 1369 1164 1422 πρὸς

134 1433 242 1479 αὐτὴν
272 1433 456 1487 διπλέθρῳ.
485 1432 562 1479 Τὴν
597 1430 660 1483 μὲν
695 1435 753 1470 οὐν
786 1428 907 1483 χώραν
943 1431 1077 1468 ἐπαινεῖ
1109 1427 1165 1466 διὰ

133 1495 262 1540 ταῦτα,
281 1491 341 1530 καί
357 1507 442 1545 φησι
459 1491 543 1544 πρὸς
560 1490 748 1542 ἡγεμονίαν
764 1491 897 1544 εὐφυῶς
909 1487 1001 1541 ἔχειν
1015 1504 1023 1512 ·
1044 1489 1164 1539 ἀγωγῇ

133 1549 242 1588 δὲκαὶ
265 1549 408 1603 παιδεία
425 1549 473 1601 μὴ
499 1548 763 1602 χρησαμένους,
785 1547 861 1586 ἐπεὶ
885 1545 974 1598 μηδὲ
1001 1545 1079 1589 τοὺς
1112 1545 1165 1584 ἀεὶ

133 1608 412 1662 προϊσταμένους
443 1610 571 1657 αὐτῆς,
592 1609 621 1646 εἷ
657 1607 718 1646 καί
734 1622 820 1645 ποτε
837 1605 1088 1659 κατώρθωσαν,
1108 1605 1164 1643 ἐπὶ

134 1667 267 1722 μακρὸν
288 1667 346 1706 τὸν
366 1666 489 1721 χρόνον
512 1672 723 1718 συμμεῖναι·
744 1665 902 1718 καθάπερ
921 1662 1167 1715 Ἐπαμεινών-

134 1727 195 1769 δας
217 1725 340 1770 ἔδειξε·
360 1725 631 1772 τελευτήσαντος
651 1726 719 1778 γὰρ
739 1723 871 1763 ἐκείνου
890 1722 954 1771 τὴν
973 1721 1163 1774 ἡγεμονίαν

133 1785 322 1823 ἀποὸαλεῖν
347 1784 443 1829 εὐθὺς
458 1784 537 1828 τοὺς
557 1784 739 1831 Θηὸαίους
768 1782 954 1834 [συνέὸη],
986 1779 1164 1833 γευσαμέ-

131 1858 208 1886 νους
227 1845 333 1890 αὐτῆς
350 1842 471 1895 μόνον·
491 1843 600 1882 αἴτιον
620 1842 656 1881 δὲ
692 1836 780 1881 εἶναι
813 1842 853 1880 τὸ
871 1840 984 1892 λόγων
1005 1839 1064 1878 καὶ
1082 1842 1165 1891 ὁμι-

134 1902 211 1946 λίας
228 1905 290 1949 τῆς
305 1903 391 1957 πρὸς
410 1902 612 1956 ἀνθρώπους
639 1904 873 1955 ὀλιγωρῆσαι,
898 1899 1006 1952 μόνης
1036 1898 1064 1936 δ’
1084 1899 1165 1936 ε’πι-

133 1963 327 2013 μεληθῆναι
345 1965 407 2008 τ’ῆς
424 1961 515 2000 κατὰ
535 1960 688 2013 πόλεμον
708 1963 842 2015 ἀρετῆς.

186 2022 241 2060 Cf.
259 2022 442 2072 Stephan.
461 2035 497 2059 v.
518 2020 670 2060 Βοιωτία
683 2051 693 2069 ,
712 2029 750 2058 et
771 2019 982 2058 Dicaearch.
997 2018 1073 2057 Vit.
1096 2021 1164 2058 Gr.

132 2093 170 2130 p.
197 2081 269 2126 176
288 2093 380 2129 seq„
399 2079 559 2117 Diodor.
580 2082 694 2125 XIII,
713 2085 775 2127 47,
794 2077 929 2127 Polyb.
947 2081 995 2124 V,
1014 2077 1076 2121 43.

186 2139 399 2188 Hesychius
432 2147 458 2174 t.
499 2141 547 2185 11,
576 2151 613 2189 p.
652 2139 748 2183 1343
771 2152 778 2174 :
801 2135 1034 2189 Ταναγραίων
1061 2133 1164 2188 φυὴν,

131 2196 231 2244 κήτει
245 2196 445 2248 ὁμοιότητα.
465 2192 618 2250 Ἔφορος
633 2196 728 2247 λέγει
744 2189 833 2234 εἶναι
847 2193 926 2233 τινὰ
942 2195 977 2232 ἐν
995 2192 1166 2246 Τανάγρᾳ

132 2255 335 2308 παχύτητα,
353 2255 388 2299 ὃς
426 2254 564 2306 ἐλέγετο
585 2254 733 2302 Κητεύς.
756 2259 924 2293 «Locum
958 2253 1160 2290 manifesto

617 2392 680 2424 66.

175 2444 343 2477 Budorum
358 2468 367 2483 ‚
391 2445 651 2486 promontorium
671 2444 766 2484 juxta
786 2443 982 2475 Salaminem
998 2463 1007 2480 ,
1031 2442 1162 2472 auctore

133 2491 324 2533 Thucydide
337 2491 420 2523 libro
432 2491 539 2523 tertio.
555 2491 706 2532 Ephorus
719 2499 796 2522 vero
809 2489 980 2522 castellum
997 2487 1161 2520 Budarum

133 2537 230 2570 dixit.

617 2591 679 2623 67.

176 2643 325 2685 Ephorus
337 2652 439 2684 quum
447 2643 508 2675 hac
524 2651 558 2674 re
567 2641 722 2675 Boeotiam
739 2641 886 2673 finitimis
899 2644 1052 2681 praestare
1066 2641 1163 2680 genti-

134 2690 196 2723 bus
212 2691 259 2722 ait
272 2715 281 2731 ,
303 2692 375 2722 tum
390 2690 478 2731 quod
494 2689 564 2722 sola
578 2688 720 2721 trimaris
740 2690 790 2720 cst
803 2711 812 2727 ,
830 2688 985 2728 copiaque
1009 2690 1162 2728 portuum

133 2738 254 2779 majore
268 2737 417 2778 praedita.
438 2741 520 2772 Nam
535 2740 567 2769 et
582 2737 616 2768 in
632 2737 774 2769 Crissaeo
797 2736 829 2767 et
844 2734 1052 2767 Corinthiaco
1075 2734 1162 2766 sinu-

133 2784 195 2817 bus
225 2784 321 2816 allata
343 2793 383 2817 ex
415 2784 520 2823 Italia,
547 2783 655 2816 Sicilia
693 2782 864 2823 Africaque
882 2781 1000 2821 accipit
1014 2805 1022 2820 ,
1049 2783 1081 2813 et
1108 2781 1162 2812 ubi

133 2832 268 2865 Euboeae
282 2833 466 2874 opponitur,
483 2832 516 2864 in
530 2834 703 2872 utramque
715 2831 829 2872 Euripi
842 2833 965 2871 partem
977 2839 1012 2861 se
1025 2838 1081 2861 ora
1093 2829 1162 2870 ejus

134 2879 258 2911 diducit
278 2890 284 2910 :
304 2880 378 2911 hinc
392 2888 508 2911 versus
524 2879 676 2912 Aulidem
696 2881 729 2911 et
754 2877 967 2918 Tanagricum
988 2885 1117 2916 agrum,
1131 2875 1163 2907 il-

133 2925 198 2956 linc
220 2934 335 2958 versus
357 2926 549 2967 Salganeum
573 2929 606 2957 et
628 2924 837 2960 Anthedona;
865 2924 926 2955 hac
950 2925 1043 2964 parte
1064 2922 1164 2954 conti-

134 2981 239 3004 nuum
253 2973 348 3005 habet
361 2982 448 3004 mare
464 2973 505 3012 ei,
523 2973 613 3013 quod
629 2973 672 3004 ad
685 2973 878 3012 AEgyptum,
907 2972 1054 3011 Cyprum
1080 2970 1164 3001 insu-

135 3020 246 3061 lasque
275 3022 428 3062 pertingit
446 3032 453 3052 :
470 3022 570 3054 altera
586 3022 678 3062 parte
694 3030 783 3053 mare
808 3020 904 3052 habet
928 3018 1139 3051 Macedonico
1152 3041 1161 3057 ,

135 3068 320 3107 Propontidi
336 3070 368 3100 et
378 3069 587 3109 Hellesponto
602 3069 804 3100 continuum.
819 3066 937 3108 Adjicit
951 3069 984 3098 et
998 3066 1072 3105 hoc,
1088 3075 1164 3106 quo-

136 3113 311 3146 dammodo
330 3115 490 3148 Euboeam
513 3116 646 3148 Boeotiae
671 3117 797 3156 partem
819 3113 903 3146 effici
926 3113 1005 3145 adeo
1024 3115 1163 3153 angusto

135 3160 275 3200 Euripo,
294 3163 349 3201 qui
374 3164 472 3202 ponte
489 3162 627 3194 duorum
662 3163 820 3194 instratus
849 3161 892 3193 sit
925 3161 1083 3201 jugerum.
1104 3159 1163 3192 His

138 3205 194 3238 ille
209 3207 396 3239 nominibus
408 3217 479 3240 eam
496 3209 657 3249 regionem
671 3209 781 3241 laudat
795 3208 916 3249 aitque,
929 3216 1000 3239 eam
1014 3207 1053 3239 ad
1067 3208 1163 3247 impe-

137 3251 222 3283 rium
241 3253 454 3285 obtinendum
477 3256 597 3295 optime
617 3255 718 3287 fuisse
737 3258 883 3296 paratam
908 3265 915 3286 :
933 3253 1095 3294 sed-quod
1119 3253 1162 3284 in-

135 3297 214 3330 colae
231 3307 295 3330 non
309 3301 476 3331 uterentur
489 3301 693 3333 institutione
717 3311 754 3333 ac
773 3301 943 3342 disciplina
963 3300 1106 3342 (quando
1122 3309 1163 3332 ne

135 3343 235 3377 duces
249 3345 380 3386 quidem
391 3346 526 3386 singulis
539 3348 739 3388 temporibus
754 3357 830 3380 suos
843 3348 980 3380 tolerare
987 3347 1163 3388 potuerunt

134 3391 230 3424 rebus
242 3394 451 3432 quantumvis
462 3393 613 3433 praeclare
627 3394 667 3425 ab
682 3395 732 3426 his
743 3395 866 3435 gestis),
880 3395 952 3427 ideo
969 3403 1035 3426 non
1048 3394 1163 3425 durare

134 3445 245 3470 eorum
259 3438 314 3470 diu
331 3439 476 3479 potuisse
490 3440 678 3479 potentiam.
698 3441 793 3477 Quod
806 3441 953 3482 exemplo
969 3440 1161 3481 Epaminon-

918 222 1109 264 EPHORI
1137 225 1471 268 FRAGMENTA.

1224 324 1447 368 corruptum
1480 317 1533 355 sic
1564 318 1764 368 legendum
1794 318 1990 357 arbitror:
2025 321 2246 376 Ταναγραῖον

1225 372 1326 427 φυὴν,
1343 376 1455 422 Κητεῖ
1470 374 1677 427 ὁμοιότατα·
1698 378 1740 416 Ε.
1770 379 1802 415 λ.
1821 394 1849 416 ε.
1869 394 1899 419 τ.
1922 394 1948 416 ε.
1981 381 2026 418 Τ.
2044 379 2247 432 παχύτατον

1224 430 1259 475 ὃς
1273 447 1299 470 ε.
1325 434 1369 472 K.
1389 434 1653 473 Proculdubio
1674 436 1803 486 priora
1833 436 1950 475 verba
1975 438 2122 476 Comici
2141 447 2242 488 sunt,

1225 492 1353 530 nescio
1388 493 1518 544 cujus,
1560 495 1743 546 pinguem
1768 504 1805 533 et
1834 496 2014 533 stolidum
2052 496 2250 536 hominem

1224 552 1436 591 cavillantis
1449 583 1460 604 ,
1495 567 1660 605 eumque
1696 557 1978 606 Tanagrensem
2013 558 2187 596 vocantis
2211 565 2250 595 et

1225 611 1330 649 Cetei
1373 612 1624 659 simillimum3
1659 614 1815 664 quinam
1852 627 1944 652 vero
1979 618 2117 654 Ceteus
2165 615 2249 665 ille,

1225 671 1372 721 Ephori
1391 670 1518 709 verbis
1533 672 1698 710 declarat
1717 675 1995 724 grammaticus.
2009 692 2024 708 »
2045 677 2178 714 Marx.

1278 730 1516 780 Stephanus:
1538 730 1721 785 Ἀκραιφία
1737 761 1746 779 ,
1769 731 1869 776 πόλις
1906 735 2087 776 Βοιωτίας.
2190 731 2244 771 Τὸ

1224 787 1356 826 ἐθνικὸν
1369 788 1621 842 Ἀκραιφιαῖος,
1635 789 1694 827 καὶ
1712 789 1908 844 Ἀκραίφιος
1918 821 1927 838 ,
1949 790 2039 830 οὕτω
2050 790 2116 845 γὰρ
2127 789 2252 830 Ἀπόλ-

1224 848 1294 885 λων
1331 853 1487 898 τιμᾶται.
1570 845 1723 901 ’Έφορος
1760 848 1797 887 δὲ
1834 848 1894 887 καὶ
1922 842 2171 904 Ἀκραιφνίους
2191 847 2251 888 καὶ

1225 904 1505 959 Ἀκραιφνιώτας.
1521 908 1576 946 Cf.
1595 907 1778 945 Herodot.
1794 911 1902 957 VIII,
1925 909 2010 958 135,
2025 908 2166 949 Strabo
2181 910 2251 956 lx,

1224 967 1382 1002 Pausan.
1405 968 1476 1012 IX,
1499 967 1562 1012 23,
1580 979 1617 1016 p.
1640 980 1685 1013 71
1708 968 1791 1005 Fac.

1278 1024 1493 1074 Stephanus
1504 1039 1512 1061 :
1523 1023 1734 1076 Τέλφουσσα
1744 1054 1754 1073 ,
1768 1022 1868 1068 πόλις
1883 1023 2076 1078 Ἀρκαδίας.
2095 1049 2131 1063 ..ι
2144 1023 2253 1063 Ἔστι

1224 1081 1283 1120 καὶ
1305 1082 1474 1126 Βοιωτίας
1492 1081 1742 1136 Τελφούσσιον.
1761 1084 1932 1138 Στράὸων
1948 1084 2086 1136 ἓννάτῃ.
2101 1083 2254 1138 Ἔφορος

1224 1139 1261 1179 δὲ
1291 1140 1508 1195 Τιλφωσέων
1538 1141 1779 1195 (Τιλφώσαιον
1809 1143 1910 1194 conj.
1941 1148 2082 1191 Marx.)
2113 1143 2191 1197 ὅρος
2217 1144 2252 1181 ἐν

1225 1199 1490 1254 Ἀλαλκομενίᾳ.
1505 1201 1561 1240 Cf.
1582 1200 1721 1239 Strabo
1738 1204 1810 1251 IX,
1829 1215 1867 1252 p.
1888 1202 1964 1239 630
1976 1231 1987 1251 ,
2000 1205 2162 1240 Pausan.
2183 1205 2253 1248 IX,

1710 1317 1771 1354 68.

1279 1376 1407 1413 Schol.
1426 1376 1572 1414 Villois.
1598 1376 1641 1413 ll.
1659 1378 1730 1420 IX,
1746 1375 1816 1412 381
1836 1375 1940 1414 εἭδ’
1959 1374 2012 1414 ὅσ’
2031 1377 2066 1420 ἐς
2083 1375 2255 1431 Ὀρχομε-

1224 1434 1281 1472 νὸν
1295 1434 1555 1488 προτινίσσεται
1566 1463 1575 1480 ,
1590 1433 1646 1480 ἠδ’
1662 1432 1727 1472 ὅσα
1745 1433 1885 1485 Θήὸας]
1905 1434 2120 1489 Ὀρχομενὸν
2141 1435 2178 1474 δὲ
2190 1435 2254 1483 τὴν

1224 1496 1286 1540 τῆς
1301 1493 1470 1537 Βοιωτίας
1492 1493 1601 1546 φησὶ,
1631 1492 1667 1531 ὃν
1687 1492 1819 1531 Μινυαὶ
1845 1492 2077 1547 κατῴκησαν·
2108 1493 2255 1533 πολὺδὲ

1225 1551 1337 1605 τούτῳ
1363 1552 1577 1606 παράκειται
1608 1551 1739 1599 πεδίον,
1767 1553 1797 1589 εἷ
1823 1550 1945 1595 πιστός
1964 1553 2058 1591 ἐστιν
2075 1551 2254 1606 ’Έφορος,

1225 1611 1355 1665 πλῆρες
1376 1611 1517 1649 πολλῶν
1541 1611 1694 1661 ἀγαθῶν,
1717 1604 1764 1648 ὧν
1793 1616 1870 1654 ταῖς
1899 1611 2013 1649 ἐκεῖσε
2041 1609 2256 1662 τιμωμέναις

1226 1669 1357 1721 Χάρισι
1370 1667 1569 1719 πέμπουσιν
1587 1669 1618 1705 οἱ
1638 1667 1820 1721 περίοικοι.
1843 1669 1900 1706 Cf.
1921 1672 2081 1707 Pausan.
2113 1672 2194 1717 IX,
2213 1682 2252 1721 p.

1227 1729 1296 1776 35,
1313 1727 1450 1767 Strabo
1474 1730 1546 1775 IX,
1569 1741 1605 1778 p.
1627 1728 1726 1773 635,
1744 1728 1870 1765 Schol.
1886 1728 2193 1774 Pind.Ol.X1V,
2219 1741 2252 1768 ι.

1279 1787 1418 1825 Strabo
1442 1789 1511 1834 IX,
1533 1800 1569 1836 p.
1590 1787 1666 1823 636
1688 1801 1696 1822 :
1716 1784 1869 1836 Λέγουσι
1886 1783 1922 1823 δὲ
1943 1785 1983 1824 τὸ
2001 1785 2143 1839 χωρίον,
2168 1784 2253 1840 ὅπερ

1225 1849 1247 1893 ἦ
1264 1845 1372 1897 λίμνη
1392 1843 1534 1896 κατέχει
1548 1847 1608 1882 νῦν
1628 1847 1649 1891 ἠ
1670 1840 1839 1890 Κωπαῒς,
1857 1843 2051 1898 ἀνεψύχθαι
2070 1843 2253 1897 πρότερον,

1225 1904 1285 1944 καὶ
1314 1906 1542 1958 γεωργεῖσθαι
1564 1903 1795 1946 παντοδαπῶς
1826 1902 1893 1941 ὑπὸ
1919 1905 1987 1940 τῶν
2016 1902 2254 1956 Ὀρχομενίων

1225 1962 1257 2001 οἳ
1273 1963 1421 2010 πλησίον
1441 1963 1583 1999 οἰκοῦσι.
1604 1961 1719 2007 Quod
1734 1974 1783 1999 ex
1800 1961 1957 2012 Ephoro
1982 1961 2158 1999 haustum
2186 1975 2252 1999 su-

1225 2023 1395 2072 spicatur
1415 2020 1547 2070 Heyne
1563 2019 1726 2058 Observ.
1748 2020 1795 2057 ad
1825 2022 1938 2058 Hom.
1957 2028 2048 2058 tom.
2062 2022 2107 2066 V,
2122 2033 2160 2070 p.
2177 2021 2252 2068 607

1225 2095 1281 2131 sq.

1711 2139 1774 2176 69.

1277 2200 1423 2239 Plinius
1442 2203 1507 2247 IV,
1539 2213 1602 2245 21,
1634 2198 1682 2236 de
1704 2197 1845 2237 Euboea
1859 2199 2006 2235 :Antea
2024 2203 2185 2236 vocitata
2201 2207 2258 2239 est

1230 2261 1468 2305 Clzalcodofis,
1486 2267 1554 2295 emt
1570 2260 1724 2303 Macris,
1757 2266 1799 2294 ut
1810 2260 2006 2306 Dionysius
2022 2267 2061 2295 et
2074 2257 2254 2308 Ephorus

723 2331 2253 2349 ——-—-.-———.—..—-t-———-——-———-—————-——--

1220 2369 1270 2401 dae
1283 2369 1360 2401 satis
1372 2367 1570 2409 apparuerit,
1585 2375 1650 2408 quo
1664 2369 1793 2398 mortuo
1809 2366 1918 2399 statim
1933 2366 2099 2400 amiserint
2109 2366 2254 2399 Thebani

1219 2416 1389 2457 imperium
1402 2417 1603 2454 Graecorum,
1617 2414 1710 2456 quus
1720 2417 1850 2455 gustum
1861 2413 2020 2446 duntaxat
2026 2413 2251 2455 percepissent.

1219 2467 1359 2496 Causam
1384 2465 1491 2494 autem
1516 2463 1612 2502 hujus
1633 2461 1678 2493 rei
1699 2461 1782 2492 hanc
1804 2460 1951 2500 adducit,
1967 2460 2056 2502 quod
2071 2460 2193 2493 litteras
2221 2462 2255 2492 et

1219 2520 1294 2543 cum
1305 2510 1494 2542 hominibus
1510 2508 1777 2541 consuetudinem
1795 2507 2005 2549 neglexerint,
2020 2508 2122 2540 solius
2131 2507 2254 2541 bellicae

1219 2558 1349 2590 virtutis
1375 2556 1524 2589 studiosi.
2290 2583 2292 2586 .

1267 2608 1462 2645 Tanagraeus
1484 2604 1630 2642 statura,
1651 2604 1749 2635 oeteo
1767 2601 1864 2643 (ceto)
1889 2601 2085 2634 simillimus.
2100 2600 2252 2642 Ephorus
2304 2636 2305 2641 ,

1222 2653 1301 2685 dicit
1315 2652 1415 2684 fuisse
1431 2650 1594 2692 quendam
1621 2651 1776 2689 Tanagrae
1796 2648 1961 2680 hominem
1976 2647 2226 2689 pinguissimum
2240 2669 2251 2688 ,

1224 2700 1280 2740 qui
1297 2701 1415 2731 Celeus
1436 2696 1614 2738 appellatus
1630 2698 1726 2727 esset.

1260 2746 1448 2787 Acraephia,
1476 2745 1553 2777 urbs
1578 2743 1721 2777 Boeotiae.
1810 2742 1938 2775 Gentile
1963 2742 2184 2783 Acraephiaeus
2219 2743 2253 2776 et
2288 2765 2292 2771 ,

1225 2793 1416 2834 Acroephius
1435 2802 1442 2823 :
1460 2792 1522 2823 hoc
1548 2792 1635 2823 enim
1650 2790 1747 2822 titulo
1765 2789 1880 2831 Apollo
1903 2789 2030 2821 colitur.
2101 2789 2250 2830 Ephorus
2312 2807 2314 2809 -

1219 2849 1296 2873 vero
1312 2842 1344 2871 et
1362 2838 1572 2880 Acraephnios
1588 2839 1620 2870 et
1636 2837 1880 2878 Acraephniotas
1895 2835 2049 2876 agnoscit.
2283 2838 2286 2842 ”

1260 2886 1439 2927 Telphussa
1457 2909 1466 2924 ,
1493 2885 1572 2916 urbs
1595 2885 1753 2916 Arcadiae.
1826 2885 1886 2915 Est
1901 2882 1999 2915 etiam
2025 2882 2158 2914 Boeotiae
2183 2881 2247 2915 Tel·
2290 2887 2291 2914 1

1221 2933 1404 2976 phussium.
1424 2931 1538 2963 Strabo
1555 2939 1652 2962 nono.
1668 2930 1818 2970 Ephorus
1831 2938 1908 2962 vero
1924 2928 2135 2970 Tilphoseum
2158 2937 2251 2961 mon·
2285 2952 2290 2957 ,
2319 2963 2320 2972 ¹

1219 2983 1287 3015 tem
1307 2981 1341 3012 in
1357 2978 1574 3011 Alalcomenia
1591 2977 1721 3018 regione
1736 2976 1826 3008 dicit.
2290 2987 2300 2996 s
2318 2976 2320 2986 ¹

1701 3042 1763 3074 68.

1261 3109 1499 3142 Orchomenum
1515 3107 1649 3139 Boeotioe
1664 3106 1744 3138 dicit
1763 3107 1875 3144 Hom„
1890 3112 1988 3144 quam
2005 3103 2118 3136 urbem
2131 3103 2251 3145 Minyae
2272 3095 2295 3139 i}

1218 3156 1423 3195 incolebant;
1452 3163 1568 3195 magna
1592 3154 1621 3186 ei
1655 3153 1779 3193 adjacet
1807 3151 1976 3192 planities,
1995 3151 2022 3182 si
2051 3151 2182 3192 Ephoro
2219 3149 2252 3182 fi.
2277 3143 2285 3186 Ϊ

1218 3204 1276 3236 des
1303 3203 1456 3241 habetur,
1484 3201 1597 3232 multis
1636 3199 1730 3231 bonis
1764 3197 1945 3236 abundans,
1972 3205 2111 3237 quorum
2143 3197 2294 3229 autemst

1219 3253 1342 3292 partem
1361 3249 1480 3281 accolae
1495 3248 1629 3288 Gratiis,
1647 3255 1720 3287 qnae
1739 3245 1784 3277 ihi
1805 3245 1966 3283 coluntur,
1983 3244 2137 3276 offerunt.
2271 3238 2289 3254 ‘³'

1262 3297 1437 3338 Regionem
1465 3304 1558 3335 eam,
1587 3303 1685 3335 quam
1712 3301 1800 3324 nunc
1825 3291 1944 3332 Copais
1967 3291 2060 3332 palus
2087 3292 2246 3332 occupat,

1220 3343 1384 3384 quondam
1414 3342 1532 3374 siccam
1564 3341 1666 3373 fuisse
1696 3340 1823 3378 ferunt,
1855 3346 2032 3379 agrumque
2059 3337 2149 3369 omni
2179 3335 2248 3368 cul·

1219 3393 1292 3423 tura
1313 3390 1494 3422 laboratum
1522 3388 1563 3421 ab
1579 3386 1801 3420 Orchomeniis
1822 3386 1856 3417 in
1886 3385 2068 3427 propinquo
2094 3383 2247 3416 habitan-

1218 3437 1316 3469 tibus.
