2320 3684
124 193 200 228 298

124 275 221 328 αὐτῷ
248 270 454 326 συμπράξας
482 270 629 322 (Tacho
654 266 870 341 Agesilaus)
893 265 1056 312 ἐποίησεν
1091 266 1155 303 ἐκ-

123 331 278 372 πεσόντα
307 333 370 378 τῆς
407 331 519 384 ἀρχης
545 333 663 381 φυγεῖν
694 327 740 370 εἷς
768 325 922 380 Πέρσας
960 325 1017 364 Cf.
1050 325 1152 363 Plut.

127 396 244 444 Ages.
267 391 329 430 38.

590 445 675 482 121.

180 509 400 560 Stephanus
413 520 421 543 ε
436 503 636 547 Βούὸαστος
646 533 656 551 ,
670 502 770 546 πόλις
783 501 1008 555 Αἰγύπτου...
1017 500 1158 555 λέγεται

129 567 188 607 καὶ
205 565 430 613 Βουὸάστιος,
449 562 547 615 παρὰ
565 561 783 615 Θεοπόμπῳ.

182 683 296 722 Mich.
321 681 546 732 Apostolius
561 683 668 719 Cent.
689 682 771 727 VII,
791 680 860 726 37:
883 677 1026 718 Δοόλων
1043 676 1158 731 πόλις]

130 744 165 781 ἐν
186 740 313 793 Λιὸύῃ.
335 740 489 795 ’Ἔφορος
508 738 548 778 ε’.
569 739 642 778 Καὶ
661 738 762 793 ἑτέρα
785 737 1001 792 ἱεροδούλων,
1019 739 1054 775 ἐν
1072 732 1095 790 ᾖ
1112 732 1159 782 εἷς

130 799 306 854 ἐλεύθερός
325 801 419 838 ἔστιν
431 815 439 823 ·
461 799 534 838 ἐστὶ
549 798 585 836 δὲ
599 798 658 837 καὶ
673 799 709 836 ἐν
728 797 853 852 Κρήτῃ
873 795 1098 846 Δουλόπολις,
1114 798 1162 840 ὡς

131 859 362 913 Σωσικράτης
386 861 420 898 ἐν
445 862 489 909 τῆ
504 858 537 897 α’
553 861 624 898 τῶν
646 859 854 913 Κρητικῶν·
878 857 952 895 ἐστὶ
970 857 1005 895 δέ
1030 873 1082 900 τις
1101 856 1160 894 καὶ

130 918 210 970 περὶ
233 917 381 972 Θρᾴκην
413 917 678 972 Πονηρόπολις,
698 916 740 964 ἣν
761 915 945 956 Φίλιππόν
964 931 1050 971 φασι
1073 931 1158 954 συν-

131 976 282 1025 οικίσαι,
317 975 397 1020 τους
436 976 493 1015 ἐπὶ
522 975 675 1031 πονηρία
718 974 1013 1026 διαὸαλλομένους
1043 976 1162 1013 αὗτόθι

133 1033 621 1088 συναγαγόντα,συκοφάντας
631 1032 691 1072 καὶ
705 1033 993 1087 ψευδομάρτυρας
1007 1050 1066 1072 και
1085 1033 1164 1078 τους

134 1091 344 1146 συνηγόρους
366 1091 426 1130 καὶ
454 1090 534 1135 τους
553 1091 678 1135 ἄλλους
694 1106 877 1144 πονηρους,
897 1093 943 1135 ὡς
961 1092 1163 1145 δισχιλίους,

132 1153 179 1195 ὡς
196 1150 409 1202 Θεόπομπος
425 1152 461 1189 ἐν
482 1149 527 1202 ιγ’
545 1153 614 1189 τῶν
639 1151 869 1190 Φιλιππικων
890 1166 986 1204 φησι.
1021 1151 1164 1189 Eadem

135 1210 254 1249 habet
279 1210 414 1249 suidas
432 1224 461 1248 s.
478 1224 515 1247 ν.
535 1208 679 1248 Δούλων
700 1208 801 1252 πόλις
822 1218 860 1247 et
880 1208 1135 1262 Πονηρόπολις.

189 1269 244 1308 Cf.
262 1269 616 1317 Pluta1·ch.Moral.‚
633 1282 671 1319 p.
684 1269 772 1316 520,
785 1271 831 1307 B:
848 1267 994 1321 (Ὠσπερ
1010 1272 1032 1315 ἡ
1046 1268 1166 1317 πόλις,

137 1327 180 1374 ἣν
214 1329 254 1366 ἐκ
285 1329 355 1366 τῶν
389 1326 566 1366 κακίστων
592 1327 652 1365 καὶ
682 1326 961 1378 ἀναγωγοτάτων
999 1326 1122 1371 κτίσας
1147 1330 1166 1366 ὃ

136 1386 320 1430 Φίλιππος
350 1386 596 1440 Πονηρόπολιν
626 1385 897 1439 προσηγόρευεν.
927 1387 1025 1426 Plin.
1050 1390 1098 1424 H.
1119 1389 1165 1425 N.

136 1446 285 1495 lv,13.

602 1497 687 1535 123.

193 1557 429 1629 Stephanus.
439 1554 614 1609 Ἄνδειρα,
628 1554 739 1604 πόλις,
751 1555 983 1617 οὖδετέρως,’
968 1572 1003 1595 εν
1020 1560 1043 1607 ᾗ
1060 1555 1168 1606 λίθος,

139 1613 175 1659 ὃς
190 1615 373 1667 καιόμενος
392 1614 531 1668 σίδηρος
554 1614 739 1667 γίγνεται·
775 1619 851 1653 εἶτα
881 1614 971 1676 μετὰ
989 1618 1053 1668 γῆς
1079 1631 1170 1660 τινος

138 1673 359 1725 καμινευθεις
393 1673 582 1718 ἀποστάζει
612 1672 873 1728 ψευδάργυρον·
917 1678 992 1713 εἶτα
1031 1674 1169 1729 κραθεὶς

138 1734 278 1786 χαλκῷ,
310 1732 515 1787 ὁρείχαλκος
533 1733 708 1785 γίγνεται·
730 1733 902 1786 Στράὸων
925 1730 974 1784 ιγ’
993 1734 1053 1772 καὶ
1073 1733 1170 1774 Θεό-

140 1807 281 1843 πομπος
305 1790 361 1844 ιγ’.
383 1792 521 1831 Strabo
538 1794 655 1840 XIII,
676 1806 714 1844 p.
746 1794 835 1842 908,
856 1806 925 1830 sua
943 1792 1087 1832 habere
1107 1794 1171 1832 vi—

142 1851 256 1889 detur
281 1865 330 1889 ex
350 1851 619 1902 Theopompo.

196 1911 408 1948 Heerenius
422 1910 468 1947 de
483 1910 619 1948 fontib.
630 1918 669 1947 et
681 1918 781 1948 auct.
791 1913 812 1948 J
815 1910 930 1948 ustini
939 1911 1052 1962 (Nov.
1065 1914 1174 1950 Com-

145 1978 303 2007 mentat.
321 1971 506 2020 Goetting.
526 1973 615 2016 XV,
638 1983 675 2019 p.
704 1968 795 2018 219)
813 1982 857 2006 ea
873 1983 959 2020 quae
975 1970 1022 2008 de
1053 1971 1174 2008 turbis

146 2028 198 2065 ob
222 2028 438 2078 Aspasiam‚
463 2029 551 2078 Cyri
568 2028 765 2079 pellicem,
781 2037 868 2079 post
895 2042 1028 2066 necem
1048 2030 1174 2068 fratris

146 2086 195 2124 ab
219 2090 434 2124 Artaxerxe
456 2087 495 2124 in
523 2087 809 2124 matrimonium
839 2096 1051 2138 receptam,
1074 2089 1176 2127 inter

146 2154 342 2196 parentem
370 2154 407 2182 et
428 2146 525 2182 lilios
551 2146 664 2183 motis
687 2155 891 2183 narrantur
910 2160 933 2184 a
958 2148 1108 2185 Justino
1125 2151 1176 2196 X,

147 2257 243 2290 opem
257 2248 362 2280 terens
381 2249 501 2288 (Tacho
517 2248 696 2289 Agesilaus)
711 2258 750 2281 eo
783 2249 889 2287 adegit
904 2258 991 2287 eum.
1010 2252 1046 2282 ut
1057 2251 1177 2283 amisso

150 2304 247 2338 regno
261 2294 345 2335 apud
361 2296 475 2327 Persas
491 2295 627 2327 salutem
645 2297 776 2337 peteret.

190 2389 366 2428 Bubastus,
387 2389 464 2421 urbs
479 2389 609 2431 AEgypti
624 2410 664 2416 -
681 2392 708 2422 A
724 2389 934 2431 Theopompo
959 2390 1057 2423 etiam
1072 2391 1177 2424 Buba-

153 2436 236 2469 stius
254 2435 384 2467 dicitur.

621 2484 637 2516 1
647 2484 709 2517 22.

195 2532 368 2562 servorum
400 2527 501 2571 urbs]
524 2529 556 2562 in
581 2529 693 2570 Libya,
725 2532 760 2561 ut
785 2530 932 2570 Ephorus
959 2531 1070 2563 scribit
1098 2531 1180 2564 libro

153 2578 280 2614 quinto.
295 2577 423 2614 Altera,
451 2585 616 2608 sacrorum
642 2585 808 2608 servorum
836 2577 931 2616 urbs,
956 2578 987 2609 in
1009 2587 1074 2619 qua
1095 2588 1180 2610 unus

153 2625 312 2665 ingenuus
333 2625 394 2656 est.
411 2625 471 2655 Est
486 2623 584 2655 etiam
606 2623 639 2654 in
661 2624 758 2655 creta
772 2623 940 2664 Dulopolis
952 2649 961 2664 ‚
978 2627 1015 2656 ut
1035 2625 1080 2657 ait
1097 2626 1182 2657 Sosi-

153 2674 257 2704 crates
276 2671 317 2703 de
330 2670 427 2703 rebus
443 2670 590 2710 Creticis,
602 2669 682 2702 libro
698 2670 814 2711 primo.
833 2673 892 2702 Est
904 2672 937 2703 et
953 2671 1015 2703 alia
1031 2672 1181 2712 quaedam

154 2718 186 2750 in
203 2718 339 2750 Thracia
359 2718 570 2761 Πονηρόπολις
582 2741 591 2756 ,
607 2726 705 2759 quam
726 2717 909 2759 Philippum
929 2718 1112 2751 condidisse
1138 2720 1178 2751 se-

155 2769 231 2797 runt
249 2776 256 2796 :
274 2765 330 2806 qui
345 2774 383 2797 eo
403 2773 516 2797 omnes
529 2764 654 2805 flagitiis
667 2764 804 2796 infames
816 2765 987 2804 conduxit,
1002 2766 1181 2807 sycophan-

156 2814 216 2850 tas,
237 2812 334 2844 salsos
355 2814 466 2850 testes,
481 2812 672 2846 causidicos,
684 2813 717 2843 et
729 2811 809 2843 alios
822 2811 854 2844 id
870 2821 971 2853 genus
987 2812 1184 2845 facinorosos

157 2859 197 2890 ad
216 2859 281 2891 duo
307 2859 423 2899 millia,
442 2861 477 2890 ut
505 2859 551 2891 ait
581 2859 808 2900 Theopompus
835 2859 917 2891 libro
934 2859 1028 2892 tertio
1053 2860 1179 2893 decimo

159 2907 276 2937 Rerum
292 2905 560 2947 Philippicarum.

203 2998 339 3038 Andem,
354 3002 468 3031 neutro
482 3008 607 3041 genere,
627 2999 704 3032 urbs
719 3002 769 3032 est
789 3001 821 3031 in
838 3009 903 3042 qua
918 2999 1000 3042 lapis
1016 3001 1184 3043 reperitur,

162 3043 215 3084 qui
232 3047 323 3076 ustus
339 3047 371 3076 iu
385 3046 506 3078 serrum
521 3048 658 3078 transit:
677 3046 794 3079 deinde
807 3056 882 3079 cum
899 3051 982 3080 terra
998 3049 1139 3090 quadam
1152 3049 1186 3080 in

162 3092 287 3122 camino
302 3095 455 3124 excoctus
478 3093 594 3125 falsum
609 3097 777 3135 argentum
794 3094 914 3134 stiuam
937 3104 1012 3128 cum
1032 3105 1096 3129 aere
1118 3099 1187 3128 tan-

164 3135 236 3166 dem
253 3145 308 3176 pei
310 3137 425 3169 mistus
444 3139 480 3170 fit
497 3139 708 3178 orichalcum
725 3141 771 3172 uti
786 3141 901 3174 Strabo
923 3141 1004 3174 libro
1023 3143 1119 3202 tertio
1135 3142 1187 3175 de-

164 3181 259 3222 cimo,
274 3186 306 3215 et
320 3184 549 3227 Theopompus
564 3187 677 3220 eodem
694 3189 847 3220 referunt.

538 3290 688 3330 LIBER
719 3293 823 3332 XIV.

210 3390 437 3432 Theopompus
468 3394 585 3425 Rerum
619 3350 870 3436 l'lli2iiip1iicaruiii
890 3399 972 3430 libro
997 3400 1112 3438 quarto
1134 3397 1185 3430 de-

848 178 1152 219 THEOPOMPI
1178 178 1512 220 FRAGMENTA.

1221 279 1256 314 a,
1276 274 1312 303 et
1326 267 1530 305 Plutarcho
1548 270 1748 306 Artaxerx.
1776 268 1823 305 36
1845 280 1915 318 sq.‚
1933 281 1954 305 e
1973 268 2243 322 Theopompo,

1217 333 1409 376 tamquam
1423 339 1444 362 e
1462 326 1657 364 communi
1674 326 1780 364 sonte
1798 325 1954 364 fluxisse
1973 336 2111 365 censet.
2127 328 2242 375 Quod

1215 384 1247 422 si
1264 397 1398 422 verum
1415 392 1472 422 est
1484 414 1494 432 ,
1514 393 1557 422 ut
1574 393 1631 422 est
1651 385 1730 423 veri
1748 386 1884 433 simile,
1903 383 1952 423 de
1971 386 2041 424 hac
2061 400 2103 424 re
2118 387 2243 426 Theo-

1217 456 1384 494 pompus
1407 455 1521 494 agere
1540 442 1674 481 debuit
1694 443 1794 482 libro
1814 444 1963 482 decimo
1984 444 2111 483 tertio.

1589 563 1740 599 LIBER
1766 564 1871 599 XIV.

1674 620 1687 657 l
1702 619 1766 659 24.

1274 679 1475 716 Athenaeus
1493 681 1557 727 1V,
1574 692 1612 729 p.
1633 680 1719 726 145,
1735 683 1790 717 A:
1809 677 2022 729 Θεόπομπος
2045 678 2081 716 ἐν
2097 680 2142 731 τῇ
2160 692 2246 717 τεσ-

1220 737 1520 792 σαρεσκαιδεκάτῃ
1533 740 1603 775 τῶν
1622 738 1869 785 Φιλιππικῶν,
1878 736 2022 783 (ι”οταν,
2035 736 2120 790 φησὶ
2132 739 2248 789 ,βασι·

1221 797 1300 839 λεὶς
1332 794 1380 839 εἷς
1399 810 1496 839 τινας
1530 795 1700 849 ἀφίκηται
1721 798 1790 834 τῶν
1811 795 2029 849 ἀρχομένων,
2049 797 2097 839 εἷς
2117 794 2157 833 τὸ
2177 795 2246 833 δεῖ-

1220 870 1305 894 πνον
1327 856 1431 892 αὐτοῦ
1458 854 1677 892 δαπανᾶσθαι
1701 854 1810 893 εἴκοσι
1822 855 2001 904 τάλαντα,
2014 853 2100 893 ποτὲ
2127 852 2165 892 δὲ
2187 853 2247 892 καὶ

1221 915 1426 968 τριάκοντα·
1454 917 1486 953 οἱ
1516 914 1552 952 δὲ
1581 915 1640 953 καὶ
1658 914 1747 953 πολὺ
1778 915 1889 954 πλείω
1909 916 2128 954 δαπανῶσιν·
2161 913 2249 953 ἑκά-

1223 991 1321 1018 σταις
1338 974 1405 1028 γὰρ
1421 977 1490 1014 τῶν
1507 974 1643 1012 πόλεων
1660 974 1752 1012 κατὰ
1770 973 1809 1012 τὸ
1830 973 1984 1025 μέγεθος,
2010 972 2129 1026 ὥσπερ
2145 975 2163 1012 ὁ
2181 972 2249 1026 φό-

1226 1049 1293 1087 ρος,
1315 1034 1377 1072 καὶ
1398 1033 1438 1072 τὸ
1460 1034 1596 1071 δεῖπνον
1628 1034 1668 1071 ἐκ
1693 1034 1844 1071 παλαιοῦ
1874 1031 2086 1084 τεταγμένον
2111 1031 2217 1070 ἐστίν.
2234 1049 2250 1065 »

1224 1097 1283 1132 De
1303 1107 1345 1131 re
1364 1093 1410 1131 cf.
1443 1092 1632 1131 Herodot.
1657 1095 1745 1138 VII,
1770 1106 1784 1129 1
1798 1093 1855 1129 18.

1685 1151 1768 1188 125.

1278 1210 1476 1261 Longinus
1505 1209 1594 1262 Περὶ
1626 1207 1730 1261 ὕψους
1762 1223 1846 1260 cap.
1883 1210 1947 1257 43,
1985 1208 2008 1258 §
2033 1222 2076 1246 2:
2095 1206 2252 1259 Ὁμοίως

1226 1268 1286 1307 καὶ
1314 1271 1333 1307 ὃ
1363 1268 1574 1317 Θεόπομπος
1603 1269 1784 1321 ὑπερφυῶς
1799 1266 1971 1310 σκευάσας
1992 1265 2056 1314 τὴν
2075 1269 2136 1305 τοῦ
2155 1265 2251 1318 Πέρ·

1227 1341 1289 1365 σου
1308 1326 1503 1365 κατάὸασιν
1523 1325 1578 1364 ἐπ’
1594 1324 1772 1377 Αἴγυπτον
1795 1354 1806 1372 ,
1826 1324 2020 1377 ὄνοματίοις
2035 1322 2107 1363 τισὶ
2125 1323 2171 1362 τὰ
2189 1322 2254 1363 ὅλα

1228 1385 1398 1424 διέὸαλεν.
1418 1403 1434 1420 ιι
1453 1384 1547 1424 Ποία
1563 1383 1630 1437 γὰρ
1652 1382 1751 1428 πόλις
1769 1382 1792 1430 ἢ
1811 1389 1911 1422 ποῖον
1941 1382 2035 1428 ἔθνος
2059 1385 2128 1422 τῶν
2160 1381 2254 1422 κατὰ

1228 1443 1292 1491 τὴν
1321 1443 1439 1483 Ἀσίαν
1473 1445 1536 1482 οὐκ
1563 1442 1820 1496 ἐπρεσὸεύσατο
1846 1442 1932 1496 πρὸς
1966 1441 2131 1494 βασιλέας
2153 1441 2187 1481 τί
2217 1441 2254 1480 δὲ

1229 1505 1298 1541 τῶν
1321 1504 1361 1541 ἐκ
1379 1505 1442 1549 τῆς
1457 1505 1522 1554 γῆς
1544 1501 1769 1553 γεννωμένων
1786 1500 1808 1548 ἢ
1828 1504 1897 1539 τῶν
1917 1500 2009 1540 κατὰ
2026 1500 2153 1554 τέχνην
2173 1501 2255 1539 ἐπι-

1229 1560 1446 1613 τελουμένων
1481 1563 1598 1600 καλῶν
1620 1559 1643 1607 ἢ
1665 1560 1790 1612 τιμίων
1811 1562 1874 1598 οὐκ
1890 1559 2060 1612 ἐκομίσθη
2081 1560 2190 1613 δῶρον
2209 1560 2257 1603 ὣς

1231 1620 1355 1669 αὐτόν,
1395 1622 1433 1659 οὔ
1459 1620 1588 1659 πολλαὶ
1608 1618 1671 1671 μὲν
1691 1619 1750 1658 καὶ
1770 1620 1969 1663 πολυτελεῖς
1997 1618 2177 1672 στρωμναὶ
2195 1617 2255 1657 καὶ

1231 1679 1412 1733 χλανίδες,
1431 1679 1477 1718 τὰ
1506 1678 1568 1730 μὲν
1587 1680 1788 1732 ἁλουργεῖς,
1805 1677 1851 1717 τὰ
1878 1678 1915 1716 δὲ
1943 1677 2139 1726 ποικιλταὶ,
2152 1676 2198 1716 τὰ
2218 1674 2255 1715 δὲ

1231 1737 1373 1788 λευκαὶ,
1396 1738 1525 1777 πολλαὶ
1552 1735 1588 1775 δὲ
1614 1737 1741 1784 σκηναὶ
1766 1744 1917 1791 χρυσαῖ,
1935 1735 2257 1787 κατεσκευασμέναι

1233 1805 1321 1836 πᾶσι
1343 1803 1413 1840 τοῖς
1440 1796 1649 1850 χρησίμοις,
1680 1796 1808 1835 πολλαὶ
1836 1795 1872 1834 δὲ
1903 1795 1962 1834 καὶ
1990 1794 2163 1842 ξυστίδες,
2196 1793 2257 1832 καὶ

1235 1858 1351 1895 κλῖναι
1379 1857 1599 1929 πολυτελεῖς,
1635 1855 1686 1893 ἔτι
1713 1854 1750 1893 δὲ
1780 1855 1839 1893 καὶ
1871 1856 1984 1898 κοῖλος
2016 1854 2162 1907 ἄργυρος
2198 1851 2259 1891 καὶ

1234 1914 1360 1990 χρυσὸς
1377 1913 1653 1967 ἀπειργασμένος
1679 1913 1739 1952 καὶ
1759 1912 1954 1964 ἕκπωματα
1983 1912 2042 1951 καὶ
2064 1915 2256 1965 κρατῆρες,

1234 1977 1281 2011 ὢν
1305 1972 1381 2017 τους
1405 1972 1467 2024 μὲν
1490 1972 1772 2020 λιθοκολλήτους,
1795 1971 1874 2015 τους
1899 1972 1927 2010 δ’
1958 1971 2084 2015 ἄλλους
2108 1970 2259 2023 ἀκριὸως

1234 2032 1294 2070 και
1313 2032 1511 2075 πολυτελῶς
1531 2024 1645 2074 εἶδες
1629 2047 1668 2069 αν
1688 2029 2008 2081 ἐκπεπονημένους;
2022 2028 2108 2082 πρὸς
2121 2026 2158 2066 δὲ
2173 2025 2258 2066 τού-

1235 2106 1306 2134 τοις
1321 2090 1551 2144 ἀναρίθμητοι
1568 2092 1638 2128 τῶν
1657 2087 1774 2127 ὅπλων
1795 2089 1958 2142 μυριάδες
1971 2118 1982 2139 ,
2000 2090 2071 2126 τῶν
2090 2085 2153 2138 μὲν
2171 2085 2260 2126 Ἑλ-

1236 2150 1403 2198 ληνικῶν,
1420 2152 1489 2187 τῶν
1525 2147 1561 2186 δὲ
1595 2147 1836 2202 βαρὸαρικῶν·
1864 2146 2126 2200 ὓπερὸάλλοντα
2157 2143 2194 2184 δὲ
2222 2142 2262 2184 τὸ

1237 2252 1321 2284 cimo
1334 2252 1404 2284 ait:
1423 2252 1590 2290 «Quando
1603 2260 1659 2284 rex
1674 2251 1870 2292 (Persarum)
1883 2250 1924 2284 ad
1937 2249 2060 2291 aliquos
2089 2257 2158 2282 suae
2171 2248 2263 2282 ditio·

1237 2300 1288 2331 nis
1305 2299 1413 2339 venit,
1429 2300 1462 2331 in
1483 2308 1609 2331 coenam
1625 2300 1694 2340 ejus
1720 2299 1951 2339 impenduntur
1983 2297 2097 2339 viginti
2121 2297 2241 2329 talenta
2253 2319 2263 2335 ‚

1238 2355 1471 2388 nonnunquam
1498 2355 1575 2378 vero
1596 2347 1692 2379 etiam
1718 2346 1858 2386 triginta.
1885 2346 1966 2377 Sunt
1987 2353 2063 2376 vero
2080 2344 2138 2385 qui
2161 2342 2264 2375 multo

1238 2394 1335 2425 etiam
1348 2393 1486 2435 amplius
1502 2393 1702 2435 impendant.
1722 2392 1860 2433 Singulis
1873 2392 1959 2424 enim
1975 2390 2104 2432 oppidis
2115 2412 2125 2424 ‚
2144 2399 2203 2432 pro
2218 2398 2265 2422 ra·

1239 2441 1326 2472 tione
1340 2440 1583 2481 magnitudinis,
1598 2439 1872 2480 quemadmodum
1884 2438 2056 2477 tributum,
2072 2437 2120 2470 sic
2130 2440 2163 2470 et
2171 2445 2265 2469 c-oena

1241 2487 1420 2528 antiquitus
1435 2488 1589 2529 imperata
1603 2490 1663 2519 est.

1715 2567 1801 2600 125.

1283 2647 1436 2680 Similiter
1451 2648 1483 2680 et
1495 2647 1720 2689 Theopompus
1732 2669 1741 2686 ,
1760 2653 1862 2687 quum
1884 2643 2054 2677 sublimem
2079 2642 2112 2675 ln
2132 2642 2265 2675 modum
2312 2678 2316 2682 ς

1242 2697 1385 2736 parasset
1400 2694 1580 2726 describere
1599 2694 1791 2726 descensum
1818 2695 1990 2725 Persarum
2014 2691 2048 2722 in
2072 2692 2266 2731 AEgyptum,

1242 2741 1350 2773 verbis
1364 2741 1559 2782 quibusdam
1575 2741 1710 2773 minutis
1723 2740 1833 2772 omnia
1851 2738 1988 2772 reddidit
2000 2738 2113 2770 odiosa
2127 2747 2134 2769 :
2154 2750 2169 2765 «
2187 2739 2268 2775 Quae

1243 2788 1329 2820 enim
1343 2788 1469 2824 civitas,
1487 2788 1538 2819 vel
1551 2796 1625 2827 quae
1637 2796 1714 2828 gens
1727 2795 1767 2818 ex
1784 2786 1835 2825 iis,
1850 2794 1924 2826 quae
1943 2785 1976 2816 in
1999 2785 2077 2816 Asia
2093 2786 2182 2823 sunt,
2202 2792 2266 2815 non

1244 2835 1362 2875 legatos
1384 2835 1543 2866 miserunt
1566 2834 1606 2866 ad
1632 2836 1773 2874 Regem?
1788 2833 1866 2873 quid
1883 2841 1961 2864 vero
1977 2840 2015 2864 ex
2038 2831 2076 2863 iis
2097 2839 2172 2872 quae
2186 2832 2268 2862 terra

1244 2882 1448 2923 proveniunt,
1462 2881 1513 2912 vel
1530 2880 1624 2913 exiis
1639 2880 1733 2912 rebus
1744 2903 1754 2919 ‚
1769 2889 1843 2920 quoe
1864 2881 1932 2911 arte
1953 2878 2170 2917 elaborantur,
2190 2877 2260 2918 pul·

1245 2929 1330 2961 chris
1346 2929 1395 2960 vel
1420 2927 1593 2969 pretiosis,
1609 2936 1672 2959 non
1698 2927 1784 2959 dono
1804 2926 1849 2957 illi
1875 2926 2011 2957 missum
2037 2925 2128 2956 suit?
2163 2932 2270 2956 nonne

1246 2975 1358 3007 multae
1381 2975 1560 3006 sumtuosae
1578 2973 1727 3013 stragulae
1753 2974 1786 3005 et
1815 2974 1939 3011 vestes,
1955 2971 2073 3012 partim
2090 2979 2269 3012 purpureae,
2313 2990 2316 2994 ·

1246 3022 1362 3064 partim
1376 3021 1480 3062 pictae,
1496 3021 1613 3061 partim
1637 3019 1736 3052 alboe³
1753 3028 1859 3051 nonne
1874 3019 1975 3050 multa
1990 3017 2126 3049 tentoria
2146 3018 2268 3056 aurata,

1247 3069 1414 3105 omnibus
1423 3067 1519 3099 rebus
1541 3067 1676 3100 utilibus
1701 3067 1880 3098 instructa?
1905 3074 2012 3097 nonne
2034 3064 2149 3096 multae
2170 3063 2267 3096 etiam
2305 3086 2313 3101 ,-

1249 3119 1354 3149 vestes
1370 3114 1560 3147 tricliniares
1576 3114 1712 3154 lectique
1727 3112 1879 3154 pretiosi?
1896 3120 2003 3144 nonne
2018 3111 2150 3151 insuper
2169 3111 2265 3142 etiam

1249 3162 1397 3195 caelatum
1417 3162 1583 3204 argentum
1605 3168 1784 3201 aurumque
1809 3159 2019 3197 fabric-fnum,
2043 3166 2126 3198 poci.
2129 3156 2270 3197 laqueet

1249 3210 1388 3240 crateres
1399 3231 1408 3247 ‚
1422 3216 1561 3248 quorum
1577 3207 1658 3238 alios
1679 3207 1803 3238 videres
1819 3206 1955 3246 gemmis
1971 3203 2209 3236 adhaerentibus
2222 3210 2270 3234 or-

1250 3257 1358 3295 natos,
1377 3254 1456 3286 alios
1471 3262 1547 3285 vero
1563 3256 1710 3286 accurate
1722 3256 1754 3286 et
1769 3255 1937 3285 sumtuose
1952 3251 2142 3284 elaboratos.
2157 3249 2271 3282 Adhuc

1249 3303 1345 3335 etiam
1364 3301 1406 3334 ad
1418 3309 1492 3333 eum
1508 3300 1740 3332 mittebantur
1731 3308 1907 3332 mnumciae
1923 3307 2086 3330 armorum
2101 3295 2271 3338 myriades,

1249 3350 1368 3392 partim
1392 3350 1591 3386 Graecorum,
1618 3347 1734 3388 partim
1761 3347 2027 3385 baiffbaiieorunu
2044 3348 2077 3377 et
2090 3342 2274 3376 excedentia

1263 3404 1433 3428 numerum
1457 3396 1614 3435 jumenta,
1642 3394 1846 3435 victimaeque
1883 3394 1924 3426 ad
1954 3392 2075 3425 caedem
2097 3390 2273 3431 designat&
