2320 3684
163 177 239 209 436

245 258 421 300 ὡρισμένως
436 257 570 295 ἐξέθετο,
588 253 866 296 καταριθμούμενος

244 305 365 337 πόλεων
379 305 527 342 ἁλώσεις,
543 300 747 341 ἐκτοπισμοὺς
761 298 988 342 στρατοπέδων,

245 351 484 393 μεταναστάσεις
503 351 608 389 ἐθνῶν,
623 347 782 390 στρατείας
796 345 968 389 βαρὸάρων,

246 399 382 440 ἐφόδους,
399 397 583 440 περαιώσεις
595 406 629 427 τε
643 396 796 426 ναυτικῶν
811 394 942 432 στόλων,

247 446 343 481 θέσεις
359 444 500 484 ἀγώνων,
517 441 709 483 συμμαχίας,
733 439 878 479 σπονδὰς,
895 437 1009 480 μάχας,

246 492 366 534 πράξεις
383 490 549 532 βασιλέων,
573 489 727 530 ἐπιφανῶν
744 488 861 530 ἀνδρῶν
877 486 974 528 βίους,

247 539 354 580 φυγὰς,
370 536 541 580 στρατείας,
554 536 738 572 καταλύσεις
749 534 944 578 τυραννίδων·

247 585 371 618 πάντων
384 585 533 625 ἐπιτομὴν
547 586 610 615 τῶν
626 583 722 624 χύδην
740 582 919 625 εἰρημένων.

247 633 360 675 Μέτρῳ
374 632 408 663 δὲ
419 632 533 669 ταύτην
550 631 699 662 ἐκτιθέναι
713 629 872 672 προείλετο

246 683 292 720 τῷ
310 681 443 720 κωμικῷ
459 679 505 719 δὲ,
520 682 574 716 τῆς
593 677 759 719 σαφηνείας
775 676 875 720 χάριν“

249 725 493 768 εὐμνημόνευτον
506 725 655 766 ἐσομένην
668 725 766 762 οὕτως
781 725 871 767 ὁρῶν.

164 781 314 819 Deinde
325 809 335 827 ‚
361 779 555 817 nonnullis
587 779 635 817 de
659 779 784 830 ligatae
812 777 997 816 orationis
1034 775 1199 813 utilitate

166 839 395 890 interjectis,
417 838 543 890 pergit
563 852 599 876 v.
617 837 679 883 45.

249 904 384 940 Ἐκεῖνος
400 902 453 935 οὖν
466 902 616 944 κεφάλαια
629 901 831 945 συναθροίσας
844 901 976 943 χρόνων,

248 951 291 987 εἰς
307 950 459 992 βασιλέως
474 949 605 982 ἀπέθετο
620 948 814 989 Φιλαδελφου
836 947 936 989 χάριν·

249 998 271 1029 ἃ
282 999 335 1029 καὶ
350 998 403 1029 διὰ
414 996 518 1035 πάσης
532 997 639 1037 γέγονε
648 1000 702 1035 τῆς
715 995 896 1036 οἰκουμένης

249 1045 400 1077 ἀθάνατον
414 1044 607 1085 ἀπονέμοντα
622 1043 710 1080 δόξαν
725 1042 858 1083 Ἀττάλῳ

249 1096 303 1131 τῆς
325 1091 534 1135 πραγματείας
548 1091 715 1133 ἐπιγραφὴν
728 1089 874 1130 εἰληφότι.

170 1162 206 1185 v,
232 1148 277 1185 31
307 1146 435 1200 φυγὰς,
453 1144 655 1199 στρατείας,
678 1144 804 1183 καταλ.
821 1158 896 1195 τυρ.
926 1141 1100 1192 Heynius
1133 1151 1203 1189 pio

170 1203 380 1258 στρατείας,
419 1203 525 1254 quod
561 1217 607 1242 ex
643 1200 960 1241 antecedentibus
998 1198 1204 1250 repetitum

170 1272 306 1315 putat,
334 1263 498 1314 requirit
531 1260 731 1306 ἐπανόδους.
772 1259 887 1307 Quod
922 1271 1013 1296 vero
1044 1271 1067 1295 a
1098 1263 1205 1294 textu

171 1323 322 1374 longius
336 1322 493 1360 recedit
506 1322 546 1360 Si
560 1335 658 1372 opus
670 1321 782 1366 soret,
795 1332 845 1355 ιη’
846 1319 945 1355 illem
958 1315 1069 1370 φυγὰς
1083 1314 1117 1359 ἐξ
1131 1329 1205 1352 πα-

170 1381 300 1435 τρίδος,
323 1381 379 1419 vel
403 1380 513 1435 φυγὰς
531 1378 700 1434 τροπαίας
713 1409 722 1427 ,
743 1378 801 1416 vel
824 1375 957 1430 φυγὰς,
976 1379 1128 1429 τροπαῖα
1144 1374 1205 1411 vel

172 1441 246 1479 tale
263 1440 368 1491 quid.

614 1501 763 1512 -ὑ-

578 1543 730 1582 LIBER
760 1544 790 1581 Ι.

661 1595 726 1633 45.

226 1656 360 1707 Steph.
384 1658 493 1706 Byz:
514 1653 640 1705 Δύμη,
662 1654 763 1697 πόλις
786 1648 978 1706 Ἀχαιας...
1007 1651 1078 1690 Και
1102 1650 1207 1701 Δύμη

171 1718 194 1762 ἡ
211 1714 312 1768 χώρα
330 1713 444 1754 πάλαι
467 1714 646 1762 ἐκαλεῖτο,
668 1715 691 1760 ἠ
713 1711 749 1751 δὲ
771 1711 870 1756 πόλις
893 1709 1061 1765 Στρατός.
1075 1708 1210 1750 ‘'rore-

174 1789 231 1828 ρον
246 1772 282 1812 δὲ
303 1789 363 1812 και
381 1777 403 1820 ἠ
423 1772 523 1817 πόλις
536 1771 601 1811 καὶ
623 1775 646 1820 ἡ
663 1771 764 1826 χώρα
780 1769 884 1822 Δύμη
905 1769 1114 1817 ἐκλήθησαν.
1133 1766 1208 1807 Λέ-

173 1849 272 1885 γεται
291 1833 350 1872 καὶ
373 1833 670 1880 πληθυντικῶς,ε
653 1848 699 1875 ως
723 1829 1005 1884 Ἀπολλόδωρος·
1036 1827 1209 1868 «Τούτων

175 1892 357 1946 ἀπέχουσα
395 1891 555 1934 σταδίους
587 1887 659 1944 ρκ’,
699 1889 832 1943 ἐσχάτη
865 1895 977 1927 κεῖται
995 1887 1080 1942 πρὸς
1115 1887 1209 1925 δύσιν

175 1956 335 2004 Δῧμαι.»
354 1951 399 1990 Ὁ
421 1950 568 1998 πολίτης
584 1953 788 2001 Δυμαῖος
805 1947 1065 2001 Ἀπολλόδωρος
1084 1946 1107 1994 ἢ
1126 1949 1144 1985 ὁ
1166 1946 1212 1985 τὰ

175 2010 298 2050 τούτου
323 2010 608 2062 ἐπιτεμνόμενος·
631 2009 734 2058 «Τὴν
771 2009 807 2048 δὲ
838 2008 958 2062 χώραν
977 2007 1099 2062 ἔχουσι
1136 2010 1210 2047 Δυ-

179 2076 302 2121 μαῖοι»
380 2069 452 2109 Καὶ
470 2068 729 2122 Ἀπολλόδωρος
749 2069 784 2106 ἐν
800 2069 981 2122 Χρονικῶν
999 2067 1028 2105 α’
1043 2083 1051 2090 ·
1071 2085 1085 2100 «
1097 2066 1213 2106 Πόλε-

178 2145 242 2180 μος
259 2129 380 2175 ἐνέστη
400 2134 470 2172 τοῖς
498 2144 536 2166 τε
560 2128 772 2180 Δυμαίοις.»
796 2128 966 2174 Primum
998 2135 1037 2164 et
1074 2140 1211 2164 secun-

179 2189 270 2226 dum
291 2188 520 2240 Apollodori
540 2188 666 2225 locum
683 2201 762 2224 non
790 2186 839 2224 ad
863 2186 1054 2225 Chronica
1071 2185 1211 2232 resero,

179 2248 246 2286 sed
261 2249 308 2286 ad
326 2247 467 2285 librum
483 2246 563 2300 περὶ
581 2249 667 2298 γῆς,
688 2246 756 2297 qui
782 2245 855 2283 sub
876 2244 1106 2296 Apollodori
1137 2257 1211 2280 no-

181 2359 261 2399 suit,
273 2367 467 2391 enumerans
479 2357 610 2389 urbium
620 2356 876 2398 expugnationes
889 2379 898 2395 ,
918 2355 1145 2387 translationes
1159 2363 1210 2386 ca-

180 2409 324 2439 strorum
339 2430 348 2446 ,
381 2405 588 2446 migrationes
613 2405 754 2446 gentium
764 2427 773 2443 ‚
810 2403 1032 2444 expeditiones
1065 2402 1213 2434 barbaro-

181 2462 266 2494 rum,
283 2454 435 2485 incursus
463 2452 616 2492 hostiles,
636 2451 924 2490 traductionesque
946 2449 1110 2482 navalium
1134 2449 1212 2481 clas·

182 2502 286 2542 sium,
310 2500 523 2533 certaminum
550 2476 655 2538 sitris,
687 2499 858 2530 societates
872 2506 1050 2536 armorum,
1069 2496 1190 2528 foedera
1201 2519 1210 2535 ,

182 2557 328 2590 pugnas,
347 2556 398 2579 res
413 2550 520 2588 gestas
536 2554 667 2586 regum,
683 2544 861 2576 illustrium
878 2544 1024 2575 virorum
1038 2543 1143 2583 vitas;
1165 2552 1214 2574 ex-

183 2596 277 2635 silia,
306 2594 552 2636 expeditiones,
578 2593 764 2625 eversiones
791 2590 1015 2643 tyrannidum,
1047 2589 1210 2630 epitomen

182 2652 272 2675 omn:
276 2651 342 2682 um,
361 2649 435 2682 quae
453 2640 525 2673 fuse
540 2639 628 2672 dicta
645 2639 748 2671 sunt:
764 2637 908 2669 carmine
925 2645 1003 2668 vero
1023 2637 1106 2668 hanc
1121 2645 1217 2676 expo-

183 2699 260 2722 nere
275 2688 383 2730 elegit,
399 2691 432 2720 et
441 2687 567 2720 comico
581 2685 725 2728 quidem,
739 2683 981 2726 perspicuitatis
992 2683 1105 2724 gratia,
1122 2683 1215 2716 facile

186 2738 351 2770 haesuram
366 2735 414 2768 sic
429 2733 594 2768 memoriae
606 2733 735 2765 videns.

226 2784 285 2816 llle
301 2783 399 2824 igitur
427 2782 532 2824 capita
548 2781 703 2822 colligens
726 2781 936 2820 temporum,
956 2779 990 2810 in
1012 2778 1096 2819 regis
1118 2777 1217 2810 Attali

185 2832 385 2874 Philadelphi
406 2831 542 2872 gratiam
556 2828 732 2871 exposuit:
751 2836 826 2869 quae
838 2828 938 2860 etiam
952 2835 1009 2868 per
1025 2828 1131 2857 totum
1148 2834 1217 2856 ma·

187 2882 307 2911 narunt
321 2879 432 2912 orbem
452 2881 631 2916 terrarum,
643 2875 862 2908 immortalem
883 2873 1059 2908 tribuentia
1082 2872 1215 2914 gloriam

187 2927 308 2966 Attalo,
321 2927 428 2967 operis
445 2924 689 2966 insciiptionem
706 2924 812 2955 nacto.

640 2987 782 2998 --ψ-

598 3037 750 3075 LIBER
779 3036 810 3074 Ι.

673 3102 734 3134 45.

234 3158 368 3195 Dymus‚
384 3156 461 3187 urbs
480 3156 647 3196 AchaJae...
666 3153 856 3194 Antiquitas
882 3155 984 3194 Dyme
1001 3151 1220 3193 appellabatur

193 3204 292 3244 regio,
310 3203 386 3234 urbs
404 3213 481 3235 vero
498 3205 638 3235 Stratus.
654 3202 714 3234 Sed
730 3203 842 3242 postea
860 3203 892 3233 et
909 3199 986 3231 urbs
1008 3201 1040 3231 et
1064 3198 1152 3239 regio
1165 3206 1219 3229 no-

193 3251 324 3282 minatae
345 3252 421 3281 sunt
448 3252 561 3289 Dyme.
587 3250 708 3281 Dicunt
730 3250 829 3280 etiam
854 3251 982 3289 Dymas
1019 3246 1134 3288 plurali
1163 3255 1220 3278 nu-

194 3305 295 3335 mero,
312 3295 395 3327 sicut
408 3296 642 3336 Apollodorus:
660 3309 675 3323 «
694 3296 794 3327 Abest
807 3296 847 3327 ab
863 3296 951 3327 hisce
963 3297 1092 3326 centum
1107 3293 1221 3334 viginti

194 3343 298 3376 stadia
315 3344 428 3383 Dymae
456 3343 552 3382 urbs,
573 3353 646 3383 quae
670 3343 784 3375 ultima
805 3342 1008 3374 occidentem
1026 3350 1141 3374 versus
1159 3342 1253 3404 sita

193 3394 242 3423 est
262 3404 276 3417 »
296 3414 315 3421 ..
334 3389 557 3430 Apollodorus,
575 3391 625 3421 vel
639 3390 694 3430 qni
710 3391 780 3430 ejus
803 3389 922 3431 scripta
940 3389 972 3421 in
990 3373 1253 3429 compendium

882 161 1211 202 APOLLODORI
1243 161 1573 201 FRAGMENTA.

1257 249 1359 287 mine
1376 249 1725 288 circumferebatur.
1757 250 1898 288 Bellum
1917 252 2012 290 illud
2031 256 2278 293 Dumaeoriun

1255 308 1371 347 fuisse
1386 309 1540 348 videtur
1557 319 1689 348 contra
1711 310 1835 348 Eleos.
1850 311 1910 349 Ol.
1928 312 1989 349 28.

1741 378 1802 416 46.

1308 434 1440 486 steph.
1466 438 1578 485 Byzst
1601 434 1802 489 Ἀσσώριον,
1821 437 1921 482 πόλις
1946 438 2119 484 Σικελίας.
2139 438 2283 487 Ταύτην

1254 492 1496 547 τρισυλλοίὸως
1508 492 1682 547 Ἀσσωρὸν
1711 497 1812 534 καλεῖ
1826 496 2118 566 Ἀπολλόδωρος’
2101 515 2137 538 εν
2160 498 2284 554 πρώτῃ

1256 553 1449 605 Χρονικῶν.
1462 553 1689 591 Vossianus.
1708 554 1742 592 ἐν
1766 555 1794 592 δ’
1809 557 1993 609 χρονικῶν.

1310 677 1435 715 Idem:
1455 675 1627 730 Ἑλωρός,
1641 677 1741 723 πόλις
1761 680 1923 724 Σικελίας
1935 711 1945 729 ,
1967 679 2036 719 ἀπὸ
2049 679 2207 734 Ἑλώρου
2221 696 2287 720 πο·-

1258 739 1371 787 ταμοῦ
1392 739 1451 775 τοῦ
1475 735 1567 774 κατὰ
1586 736 1765 789 Πάχυνον,
1798 738 1833 782 ὃς
1854 738 1994 790 λέγεται
2015 738 2175 783 τιθασοὺς
2191 740 2290 792 ἰχθῦς

1258 793 1351 846 ἔχειν
1370 795 1439 832 ἀπὸ
1456 794 1572 847 χειρὸς
1587 795 1762 841 ἐσθίοντας
1775 827 1785 846 ,
1805 798 1851 841 ὡς
1865 796 2122 851 Ἀπολλόδωρος
2139 799 2174 836 ἐν
2194 799 2290 852 Χρο-

1258 854 1363 892 νικῶν
1380 852 1515 906 πρώτῃ.

1737 914 1798 952 48.

1313 976 1418 1014 Idem
1446 991 1454 1013 :
1483 978 1624 1023 Μυοῦς,
1660 977 1760 1021 πόλις
1790 978 1946 1028 Ἰωνίας,
1980 979 2027 1023 ὡς
2067 979 2191 1019 Φίλων
2233 979 2294 1018 καὶ

1261 1034 1521 1088 Ἀπολλόδωρος
1539 1035 1575 1072 ἐν
1596 1036 1628 1072 α’
1646 1037 1839 1089 Χρονικῶν.

1746 1102 1808 1142 49.

1316 1159 1447 1198 Idem:
1463 1157 1612 1208 Χήσιον,
1629 1158 1766 1204 Ἰωνίας
1790 1161 1986 1213 πολίχνιον,
2009 1164 2056 1206 ὡς
2073 1163 2295 1204 Ἀπολλόδων

1265 1234 1319 1273 ρος
1338 1220 1374 1257 ἐν
1390 1219 1571 1271 Χρονικῶν
1594 1218 1736 1271 πρώτῳ.

1748 1411 1810 1448 50.

1319 1476 1427 1514 Idem
1445 1491 1453 1513 :
1483 1475 1618 1524 Μεναί,
1652 1475 1753 1519 πόλις
1786 1476 1949 1520 Σικελίας
1979 1477 2082 1530 ἐγγὺς
2115 1478 2297 1518 Παλίκων.

1268 1534 1530 1588 Ἀπολλόδωρος
1549 1537 1584 1573 ἐν
1605 1532 1642 1587 β
1656 1537 1848 1588 Χρονικῶν.

1320 1597 1407 1632 Haec
1425 1594 1628 1646 depromta
1642 1603 1731 1632 sunt
1750 1609 1796 1633 ex
1817 1609 1863 1633 eo
1882 1595 1980 1645 loco,
1996 1595 2061 1634 ubi
2078 1597 2125 1636 de
2136 1599 2301 1637 Ducetio

1268 1654 1367 1705 egit,
1386 1662 1428 1691 ut
1444 1654 1619 1705 suspicor
1632 1668 1678 1692 ex
1707 1655 1865 1694 Diodor.
1885 1659 1959 1703 XI,
1996 1656 2046 1693 88
2070 1656 2137 1708 (ol.
2156 1659 2219 1705 81,
2240 1663 2300 1705 4):

1269 1710 1371 1750 Μετὰ
1391 1710 1427 1749 δὲ
1449 1714 1561 1750 ταῦτα
1578 1713 1761 1756 Δουκέτιος
1786 1716 1804 1752 ὃ
1823 1715 1892 1751 τῶν
1910 1716 2132 1754 Σικελιωτῶν
2147 1716 2302 1770 ἀφηγού-

1270 1785 1392 1822 μενος,
1417 1771 1480 1814 τας
1507 1770 1624 1815 πόλεις
1650 1772 1791 1816 ἁπάσας
1821 1772 1882 1816 τὰς
1908 1776 2100 1824 ὁμοεθνεῖς,
2123 1774 2216 1822 πλὴν
2241 1778 2304 1823 τῆς

1268 1829 1319 1869 ‘¹1
1321 1829 1425 1878 ὅλας,
1440 1830 1487 1874 εἷς
1503 1829 1586 1881 μίαν
1608 1845 1667 1868 και
1687 1845 1806 1878 κοινην
1830 1831 1937 1883 ἤγαγε
1965 1832 2177 1871 συντέλειαν.
2207 1837 2304 1888 Δρα-

1271 1887 1385 1931 στικὸς
1406 1887 1441 1926 δὲ
1458 1904 1519 1937 ων,
1536 1888 1712 1942 νεωτέρων
1726 1889 1876 1942 ὠρέγετο
1889 1890 2120 1944 πραγμάτων,
2133 1892 2193 1930 καὶ
2206 1892 2305 1947 παρὰ

1271 1951 1333 1985 τοῦ
1353 1950 1469 1985 κοινοῦ
1491 1949 1560 1985 τῶν
1585 1949 1742 1987 Σικελῶν
1765 1949 1928 2002 ἀθροίσας
1951 1949 2097 2001 δύναμιν
2114 1949 2305 2026 ἀξιόλογον,

1269 2005 1332 2049 τὰς
1345 2004 1407 2057 μὲν
1428 2004 1547 2049 Μένας
1568 2007 1611 2044 (si
1616 2022 1636 2044 ι
1652 2007 1781 2045 scribo
1798 2022 1871 2059 pio
1886 2007 2015 2059 Νέας),
2037 2008 2114 2056 ἥτις
2135 2013 2177 2057 ἠν
2199 2012 2305 2050 αὐτοῦ

1270 2066 1414 2119 πατρὶς,
1435 2065 1626 2119 μετῴκισεν
1649 2068 1696 2111 εἷς
1709 2066 1749 2105 τὸ
1768 2067 1899 2115 πεδίον,
1923 2068 1983 2107 καὶ
1999 2069 2150 2116 πλησίον
2167 2085 2229 2109 του
2249 2086 2315 2110 τε-.

1272 2124 1395 2176 μένους
1412 2126 1481 2162 τῶν
1499 2125 1766 2176 ὀνομαζομένων
1785 2126 1952 2165 Παλίκων
1965 2126 2081 2166 ἔκτισε
2095 2128 2197 2167 πόλιν
2218 2129 2306 2175 ἀξιό-

1269 2183 1385 2235 λόγον,
1406 2183 1449 2230 ἣν
1467 2183 1537 2222 ἀπὸ
1563 2186 1632 2222 τῶν
1653 2185 1916 2238 προειρημένων
1935 2187 2021 2224 θεῶν
2044 2186 2204 2239 ὠνόμαζε
2221 2189 2305 2228 Πα-

1270 2242 1386 2289 λίκην.

1272 2353 1395 2394 redegit
1413 2363 1420 2384 :
1442 2367 1458 2382 κ
1469 2355 1560 2386 Hanc
1569 2354 1731 2395 regionem
1748 2356 1861 2388 tenent
1872 2357 1995 2396 Dymaei
2015 2369 2070 2387 »...
2089 2356 2320 2401 Apollodorus,

1273 2401 1356 2433 libro
1365 2401 1470 2442 primo
1480 2401 1716 2434 chronieorum
1733 2411 1761 2433 z«
1775 2402 1897 2434 Bellum
1907 2402 2114 2444 impendebat
2126 2405 2320 2464 Dymaeis.»q

1758 2462 1777 2494 4
1812 2486 1821 2495 .
2316 2482 2317 2486 =

1317 2514 1497 2553 Assou'um‚
1514 2513 1591 2545 urbs
1608 2512 1735 2553 Siciliae,
1753 2463 1851 2554 (pilam
1871 2513 2084 2555 Apollodorus
2099 2514 2183 2548 libro
2198 2501 2320 2558 primo?

1274 2561 1509 2593 Chronicorum
1527 2561 1631 2593 tribus
1648 2560 1782 2601 syllabis
1799 2563 1956 2593 Assoi-um
1971 2561 2129 2596 nominat.
2310 2564 2320 2585 ⁴

1759 2618 1822 2650 47.
2310 2615 2320 2637 ‘²'

1319 2670 1470 2710 Helorus,
1487 2670 1565 2702 urbs
1582 2669 1715 2708 Siciliae,
1734 2668 1775 2701 ab
1790 2669 1907 2701 Heloro
1922 2669 2037 2710 fluvio,
2056 2670 2112 2711 qui
2129 2671 2180 2703 est
2196 2670 2236 2703 ad
2250 2672 2320 2704 1²⁸0:-

1276 2717 1431 2757 ehynum‚
1451 2726 1570 2749 nomen
1586 2717 1720 2749 habens.
1743 2718 1773 2748 ls
1791 2717 1915 2748 cicures
1932 2716 2053 2749 dieitur
2070 2717 2186 2750 habere
2202 2717 2317 2760 pisces,

1275 2774 1294 2797 e
1311 2773 1410 2796 manu
1427 2764 1572 2805 edentes,
1591 2765 1724 2796 auctore
1737 2762 1933 2804 Apollodoro
1949 2763 2031 2796 libro
2051 2764 2156 2805 primo
2171 2759 2320 2798 Chrom'?

1277 2820 1402 2843 corum.
2301 2815 2320 2853 ᾗ

1763 2860 1826 2894 48.
2304 2859 2313 2883 Γ

1318 2913 1426 2952 Myus,
1443 2910 1521 2943 urbs
1535 2912 1648 2951 Ioniae,
1664 2911 1713 2943 uti
1726 2911 1820 2944 Philo
1832 2914 1866 2944 et
1879 2911 2094 2953 Apollodorus
2106 2911 2189 2944 libro
2202 2911 2313 2955 prim

1278 2959 1457 2991 Chronicor
1461 2967 1527 2991 um.
2297 2963 2312 2991 ι

1759 3013 1824 3045 49.

1320 3065 1489 3104 Chesium‚
1502 3064 1602 3098 Ioniae
1617 3064 1829 3106 oppidulum,
1843 3066 1880 3097 ut
1895 3064 2134 3106 Apollodorus
2125 3074 2159 3098 ιιι
2171 3061 2320 3102 Chi-onir

1279 3121 1390 3146 corum
1407 3112 1523 3153 primo.

2289 3155 2319 3164 ..ο

1671 3212 1824 3251 LIBER
1860 3214 1911 3252 ΙΙ.

1761 3284 1825 3316 50

1322 3339 1436 3376 Menae,
1452 3336 1531 3368 urbs
1547 3335 1675 3374 Siciliae‚
1691 3344 1789 3376 prope
1802 3335 1939 3375 Palicos,
1960 3335 2000 3368 de
2014 3344 2079 3376 qua
2094 3334 2301 3376 Apollodorus

1280 3379 1364 3411 libro
1380 3377 1523 3411 secundo
1545 3377 1790 3410 chronieorum.

2283 3245 2306 3273 11⁷9.-
2316 3255 2317 3258 ,
