2320 3684
163 224 239 259 ³48

159 312 269 360 φυρᾶς
285 304 434 358 ἐχούσας
447 301 630 358 παρυφὸις,
659 302 718 340 ἐὰν
738 299 787 352 μή
808 315 860 343 τις
885 300 1000 338 αὐτῶν
1021 299 1189 352 συγχωρῇ

885 210 1190 251 PHYLARCHI
1217 211 1552 252 FRAGMENTA.

1303 300 1526 338 Plutarchus
1556 303 1662 352 Sept.
1683 299 1852 351 Sapient.
1884 300 2032 338 conviv.
2056 303 2115 348 11,
2132 313 2170 351 p.
2194 305 2285 349 147,

160 365 281 417 ἑταίρα
299 358 388 404 εἶναι
411 362 531 410 κοινή·
549 361 608 400 καὶ
627 359 681 399 ὅτι
697 359 802 403 ἄλλος
819 353 862 406 ἧν
881 355 986 409 νόμος
1003 357 1062 396 τὸν
1083 356 1196 411 ἄνδρα
1248 362 1293 406 Ε,
1314 358 1394 396 haec
1430 373 1479 397 ex
1511 360 1725 409 Phylarcho
1755 360 1925 397 hausisse
1958 359 2113 398 videtur
2130 372 2139 396 ε
2165 358 2285 398 Συὸα-

165 424 217 475 μὴ
243 422 544 469 καλλωπίζεσθαι,
580 419 662 471 μηδ’
692 419 812 465 ἐσθῆτι
845 416 1019 471 περιέργῳ
1039 418 1193 469 χρῆσθαι

143 518 149 527 ,
163 491 222 522 καὶ
242 480 516 531 διαλλαττούσῃ,
529 478 588 517 ἐὰν
608 476 658 529 μὴ
673 478 827 530 ὁμολογῇ
846 475 1020 529 μοιχεύειν
1037 475 1060 523 ἢ
1077 475 1194 514 κίναι-

165 543 220 586 δος
256 557 362 590 ειναι,
379 540 439 579 καὶ
457 538 521 585 τὴν
545 535 726 591 ἐλευθέραν
753 534 802 588 μὴ
827 534 1076 590 ἐκπορεύεσθαι
1093 534 1194 582 ἡλίου

165 599 361 649 δεδυκότος,
388 597 447 636 ἐὰν
482 596 531 648 μὴ
553 593 891 649 μοιχευθησομένην.
927 592 1127 633 Ἐκωλύετο
1158 592 1195 631 δὲ

161 660 220 699 καὶ
238 657 374 711 ἡμέρας
391 655 518 702 ἐξιέναι
543 655 625 694 ἄνευ
644 657 714 693 τῶν
743 652 1020 706 γυναικονόμων,
1044 653 1197 691 ἀκολου-

163 717 289 762 θούσης
306 717 396 768 αὐτῇ
424 720 507 766 μιᾶς
530 712 773 767 θεραπαινίδος
788 727 797 736 ·
817 710 1040 765 «Συὸαρῖται
1057 710 1195 765 (φησὶν)

167 775 398 822 ἐξοκείλαντες
415 775 462 817 εἷς
477 772 609 827 τρυφὴν
639 771 794 826 ἔγραψαν
811 770 917 822 νόμον
945 770 1008 814 τὰς
1031 775 1198 822 γυναῖκας

167 838 214 879 εἰς
233 834 294 878 τὰς
311 831 430 887 ἑορτὰς
447 833 580 880 καλεῖν,
594 829 654 870 καὶ
672 828 752 874 τοὺς
767 831 814 873 εἷς
831 827 894 874 τὰς
914 827 1032 873 θυσίας
1050 829 1198 867 καλοῦν-

168 909 229 937 τας
245 892 313 947 πρὸ
331 893 489 930 ἐνιαυτοῦ
503 889 566 937 τὴν
583 886 808 944 παρασκευὴν
822 889 1009 936 ποιεῖσθαι,
1022 885 1080 925 ἵνα
1096 885 1198 932 ἀξίως

173 951 381 1003 ποιούμεναι
406 953 468 988 τοῦ
488 948 615 1003 χρόνου
640 947 704 996 τὴν
723 949 793 986 τῶν
814 947 843 985 θ’
862 946 1012 998 ἱματίων
1046 945 1106 984 καὶ
1136 949 1197 984 τοῦ

170 1013 293 1050 λοιποῦ
313 1009 448 1062 κόσμου
473 1008 676 1064 προάγωσιν
696 1006 805 1050 οὕτως
823 1007 871 1050 εἷς
895 1006 958 1050 τὰς
979 1004 1135 1053 κλήσεις.
1151 1006 1198 1044 Εἰ

164 1070 203 1109 δέ
223 1086 275 1114 τις
297 1071 367 1108 τῶν
391 1070 566 1122 ὀψοποιῶν
586 1065 609 1114 ἢ
634 1065 810 1119 μαγείρων
839 1063 925 1104 ἰ’διον
956 1065 1048 1118 εὕροι
1072 1066 1198 1118 βρῶμα

164 1130 224 1169 καὶ
244 1128 417 1184 περιττὸν,
435 1126 499 1174 τὴν
521 1125 677 1171 ἐξουσίαν
697 1124 746 1177 μὴ
761 1117 850 1163 εἶναι
867 1123 1070 1178 χρήσασθαι
1088 1123 1199 1176 τούτῳ

166 1189 281 1243 ἕτερον
301 1187 370 1242 πρὸ
389 1187 548 1225 ἐνιαυτοῦ
562 1215 573 1234 ,
594 1184 674 1223 ἀλλ’
691 1185 786 1236 αὐτῷ
807 1184 858 1237 τῷ
875 1181 1011 1236 εὑρόντι
1033 1181 1091 1220 τὸν
1110 1181 1199 1235 χρό-

166 1264 224 1287 νον
246 1251 383 1296 τοῦτον,
406 1245 501 1289 ὅπως
519 1247 538 1284 ὁ
556 1246 694 1297 πρῶτος
713 1242 821 1296 εὑρὼν
853 1242 913 1280 καὶ
943 1240 1008 1288 τὴν
1033 1240 1199 1294 ἐργασίαν

167 1304 233 1359 ἔχῃ
245 1337 255 1354 ,
273 1305 359 1360 πρὸς
378 1303 418 1343 τὸ
434 1301 512 1346 τοὺς
527 1302 653 1346 ἄλλους
669 1302 941 1356 φιλοπονοῦντας
963 1297 1086 1341 αὖτοὺς
1097 1300 1202 1351 ὑπερ-

171 1365 364 1405 ὅάλλεσθαι
390 1369 462 1407 τοῖς
480 1361 657 1404 τοιούτοις.
678 1358 865 1403 “Ωσαύτως
881 1357 918 1397 δὲ
937 1357 1026 1410 μηδὲ
1043 1356 1123 1401 τοὺς
1140 1356 1202 1402 τὰς

171 1423 326 1477 ἐγχέλεις
349 1424 554 1465 πωλοῦντας
574 1419 672 1463 τέλος
696 1418 884 1466 ἀποτίνειν,
915 1415 1005 1468 μηδὲ
1028 1415 1109 1460 τοὺς
1140 1418 1203 1464 θη-

176 1482 347 1538 ρεύοντας.
366 1481 439 1520 Τὸν
467 1479 569 1519 αὐτὸν
588 1477 715 1532 τρόπον
738 1477 799 1516 καὶ
818 1475 898 1519 τοὺς
927 1474 992 1523 τὴν
1019 1473 1201 1530 πορφύραν

174 1541 238 1589 τὴν
251 1540 440 1579 θαλαττίαν
458 1539 654 1592 βάπτοντας
673 1536 733 1575 καὶ
754 1534 835 1581 τοὺς
852 1533 1053 1586 εἰσάγοντας
1071 1535 1203 1577 ἀτελεῖς

169 1600 351 1647 ἐποίησαν.
376 1598 478 1637 Πάνυ
503 1591 562 1637 οῦν
591 1595 824 1642 ἐξοκείλαντες
839 1595 886 1637 εἷς
904 1592 1004 1647 ὕὸριν
1023 1591 1064 1631 τὸ
1079 1594 1203 1631 τελευ-

168 1665 265 1698 ταῖον
309 1657 406 1712 παρὰ
452 1657 709 1711 Κροτωνιατῶν
741 1653 931 1708 τριάκοντα
979 1652 1202 1706 πρεσὸευτῶν

169 1718 325 1765 ἡκόντων
347 1717 505 1759 ἅπαντας
523 1714 646 1758 αὐτοὺς
666 1712 873 1752 ἀπέκτειναν
887 1711 947 1751 καὶ
968 1710 1037 1765 πρὸ
1055 1714 1117 1749 τοῦ
1134 1710 1204 1749 τεί-

169 1792 254 1830 χους
273 1774 317 1814 τὰ
340 1775 492 1827 σώματα
518 1773 698 1827 ἐξέῤῥιψαν
728 1771 789 1811 καὶ
819 1770 886 1809 ὑπὸ
915 1769 1044 1825 θηρίων
1080 1769 1202 1808 εἴασαν

170 1835 415 1889 διαφθαρῆναι.
434 1831 532 1879 Αὕτη
551 1832 581 1870 δ’
601 1833 716 1873 αὐτοῖς
742 1829 803 1868 καὶ
829 1830 898 1867 τῶν
930 1830 1048 1866 κακῶν
1068 1826 1204 1878 ἐγένετο

171 1893 284 1947 ἀρχὴ,
305 1894 515 1945 μηνίσαντος
539 1894 600 1929 τοῦ
624 1888 816 1940 δαιμονίου.
839 1885 990 1931 Ἔδοξαν
1013 1890 1096 1938 γοῦν
1128 1886 1204 1936 μετ’

170 1951 289 2003 ὀλίγας
305 1950 440 2004 ἡμέρας
465 1950 594 1992 πάντες
614 1950 727 1987 αὐτῶν
754 1948 786 1985 οἱ
819 1945 986 2000 ἄρχοντες
1007 1944 1070 1992 τὴν
1094 1943 1203 1991 αὐτὴν

171 2011 254 2049 ἰδεῖν
287 2010 366 2064 ὄψιν
384 2011 419 2048 ἐν
436 2012 479 2062 τῇ
501 2010 589 2060 αὐτῇ
610 2007 728 2046 νυκτί·
754 2005 818 2054 τὴν
844 2006 911 2058 γὰρ
932 2004 1049 2057 “Hpoev
1077 2003 1206 2047 ἰδόντες

171 2070 339 2108 ἐλθοῦσαν
372 2070 419 2112 εἷς
448 2066 560 2119 μέσην
579 2065 643 2114 τὴν
663 2065 792 2119 ἀγορὰν
825 2063 886 2102 καὶ
908 2064 1061 2115 ἐμοῦσαν
1078 2061 1203 2115 χολήν.

171 2126 358 2166 Ἀνέὸλυσε
374 2126 411 2165 δὲ
425 2125 484 2165 καὶ
502 2124 649 2176 αἵματος
664 2123 762 2175 πηγὴ
781 2124 815 2161 ἐν
829 2123 880 2175 τῷ
893 2123 976 2175 ἱερῷ
992 2122 1111 2168 αὐτῆς.
1134 2120 1205 2160 Καὶ

172 2186 252 2224 οὐδὲ
270 2185 379 2229 οὕτως
398 2184 526 2233 ἔληξαν
547 2187 610 2231 τῆς
628 2181 867 2237 ὑπερηφανίας
881 2212 891 2231 ,
912 2180 977 2224 ἕως
994 2180 1123 2224 πάντες
1139 2178 1207 2217 ὑπὸ

171 2245 427 2299 Κροτωνιατῶν
447 2242 641 2282 ἀπώλοντο.
658 2261 673 2276 υ
745 2250 749 2254 “

171 2325 236 2334 .-

172 2356 389 2399 prostibulum
405 2354 592 2396 profiteatur
603 2363 611 2385 :
623 2355 655 2386 et
667 2353 762 2385 aliam
775 2360 846 2384 esse
859 2351 962 2392 legem
975 2359 1017 2382 ne
1028 2350 1078 2382 vir
1095 2349 1204 2381 cultus

173 2403 340 2437 exterioris
356 2402 453 2434 nimis
483 2401 649 2434 studiosus
669 2400 711 2432 sit
727 2408 809 2432 neve
830 2398 1025 2431 vestimento
1040 2396 1204 2438 exquisito

174 2459 214 2484 ac
230 2450 386 2491 singulari
414 2451 525 2480 utatur
541 2471 550 2488 ,
577 2447 641 2480 nisi
657 2447 713 2488 qui
737 2455 772 2478 se
787 2445 941 2477 moechari
965 2447 1023 2476 aut
1042 2443 1204 2475 cinaedum

172 2507 246 2531 esse
263 2496 451 2539 profiteatur
469 2506 477 2528 ι
496 2497 574 2528 item
599 2498 734 2527 cautum
754 2502 844 2533 esse,
867 2493 1007 2534 ingenua
1025 2491 1140 2523 mulier
1163 2498 1204 2522 ne

174 2548 248 2588 post
271 2553 424 2576 occasum
440 2543 518 2576 solis
543 2543 640 2575 domo
659 2543 778 2578 exeat,
793 2540 858 2572 nisi
874 2539 1068 2572 adulterium
1086 2537 1204 2570 admis-

173 2601 268 2632 sura;
285 2591 441 2632 denique,
456 2592 494 2622 ut
509 2598 550 2622 ne
565 2588 707 2621 interdiu
723 2587 855 2628 quidem
871 2586 956 2618 foras
972 2585 1125 2628 prodeat,
1144 2584 1206 2616 nisi

174 2640 270 2671 venia
286 2638 459 2679 impetrata
474 2645 494 2667 a
506 2637 728 2667 matronarum
744 2632 944 2671 censoribus,
958 2633 991 2664 et
1006 2631 1127 2663 comite
1140 2639 1206 2662 una

176 2685 290 2717 saltem
316 2684 510 2726 pedissequa
529 2693 536 2714 ε
556 2683 628 2714 haec
650 2681 806 2723 praefatus
827 2679 1028 2720 Phylarchus
1045 2688 1052 2709 ι
1073 2691 1089 2705 «
1107 2677 1204 2718 Syba-

175 2733 299 2771 baritoe,
316 2732 373 2771 ait,
390 2739 491 2772 quum
508 2730 550 2762 ad
573 2729 690 2761 luxum
704 2728 970 2768 voluptatemque
991 2725 1121 2767 penitus
1137 2733 1207 2756 sese

176 2779 429 2820 applicuissent,
452 2777 518 2818 lege
535 2777 710 2808 sanxerant
723 2799 732 2815 ‚
758 2778 795 2807 ut
807 2777 973 2806 matronas
995 2773 1044 2804 sas
1059 2774 1146 2804 esset
1162 2772 1202 2804 ad

177 2828 324 2858 solennes
338 2824 532 2857 festivitates
547 2824 704 2864 invitare;
719 2824 820 2863 utque
833 2821 866 2853 hi
881 2820 936 2862 qui
954 2820 995 2852 ad
1008 2828 1116 2852 sacras
1131 2828 1206 2860 epu-

177 2875 223 2906 las
241 2876 351 2906 essent
367 2873 439 2905 illas
461 2871 647 2912 invitaturi,
663 2879 773 2903 annuo
797 2871 871 2901 ante
893 2868 1001 2910 spatio
1017 2868 1206 2908 apparatum

178 2921 329 2959 facerent,
348 2922 385 2951 ut
400 2919 480 2951 satis
497 2919 604 2959 digno,
619 2927 679 2960 pro
694 2916 851 2958 temporis
872 2915 995 2957 spatio,
1011 2914 1097 2946 sacto
1114 2922 1207 2954 appa-

179 2971 248 2998 ratu
266 2967 408 2999 vestium
425 2966 603 3007 reliquique
615 2966 761 3004 ornatus,
781 2964 825 2996 ita
841 2962 973 2995 demum
985 2961 1048 2993 illae
1061 2960 1102 2992 ad
1116 2969 1207 2992 sacra

179 3014 354 3054 prodirent.
374 3016 484 3053 Porro,
501 3013 528 3045 si
541 3013 616 3054 quis
633 3020 757 3053 coquus
777 3011 834 3043 aut
859 3009 1071 3042 obsoniorum
1090 3008 1206 3040 artifex

179 3062 338 3101 singulare
350 3061 478 3101 aliquod
496 3063 527 3092 et
547 3060 703 3092 eximium
725 3059 789 3091 cibi
807 3067 908 3099 genus
924 3056 1123 3094 invenisset,
1140 3064 1205 3087 non

179 3109 302 3139 licitum
319 3117 390 3139 esse
403 3108 457 3139 alii
474 3108 586 3140 eodem
603 3116 716 3148 genere
733 3107 779 3138 uti
796 3108 870 3139 ante
892 3105 1037 3146 elapsum
1062 3111 1206 3135 annuum

179 3155 331 3195 spatium,
341 3155 398 3186 sed
416 3163 470 3195 per
481 3157 588 3186 totum
600 3155 632 3186 id
645 3158 772 3195 teinpus
783 3154 840 3186 uni
851 3151 1014 3185 inventori
1030 3150 1064 3182 id
1079 3149 1205 3181 licitum

179 3209 260 3240 esse,
279 3210 343 3241 quo
366 3202 490 3241 primus
512 3202 661 3233 inventor
678 3202 775 3233 etiam
797 3202 960 3241 quaestum
981 3207 1023 3231 ex
1044 3196 1123 3230 artis
1138 3205 1207 3229 suae

180 3247 331 3278 exercitio
345 3249 473 3286 caperet
486 3271 494 3283 ,
519 3256 583 3287 quo
609 3249 687 3279 item
712 3247 764 3279 alii
781 3247 1003 3279 excitarentur
1019 3245 1060 3277 ad
1076 3252 1205 3285 operam

180 3293 331 3332 dandam,
350 3297 386 3324 u‘t
401 3294 480 3324 alios
499 3294 531 3324 in
547 3294 607 3325 hoe
623 3303 736 3334 genere
755 3295 954 3335 superarent.
971 3291 1122 3324 Similiter
1139 3291 1207 3331 lege

180 3342 311 3372 cautum
329 3346 409 3379 erat,
424 3349 464 3372 ne
477 3340 635 3371 tributum
661 3341 838 3382 penderent
852 3341 885 3372 hi
908 3340 963 3381 qui
985 3338 1140 3379 anguillas
1155 3338 1207 3370 vel

182 3387 357 3419 venderent
372 3387 423 3418 vel
439 3389 650 3427 piscarentur.
674 3389 880 3428 pariterque,
910 3387 977 3427 qui'
992 3386 1116 3418 marina
1138 3394 1208 3427 pur-

180 3443 262 3476 pura
280 3437 387 3466 vestes
407 3433 586 3474 tingebant,
607 3438 661 3465 aut
683 3444 857 3475 purpuram
883 3433 1125 3475 importabant,
1150 3441 1206 3465 eos

1251 423 1343 470 ρῖται
1371 416 1434 469 μὲν
1463 417 1551 472 γὰρ,
1572 420 1619 462 ὡς
1651 417 1763 467 ἔοικε,
1794 418 1862 471 πρὸ
1878 419 2036 456 ἐνιαυτοῦ
2056 416 2117 461 τὰς
2143 416 2285 464 κλήσεις

1249 480 1431 515 ποιοῦνται
1464 479 1652 528 γυναικῶν,
1687 476 1781 520 ὅπως
1817 476 1992 528 ἐκγένοιτο
2025 474 2116 514 κατὰ
2152 474 2284 528 σχολὴν

1250 535 1595 589 παρεσκευασμέναις
1615 537 1735 583 ἐσθῆτι
1770 535 1829 574 καὶ
1865 537 1988 589 χρυσῷ
2024 540 2145 588 φοιτᾷν
2169 533 2227 572 ἐπὶ
2242 533 2284 572 τὸ

1254 595 1403 633 δεῖπνον.
1434 598 1494 632 Ex
1513 595 1586 633 hoc
1613 595 1806 633 Plutarchi
1838 595 1923 632 loco
1950 593 2199 632 Casaubonus
2232 593 2288 630 ita

1254 654 1422 692 restituit
1437 654 1694 704 Phylarchum
1720 654 1825 705 apud
1847 654 2072 691 Athenaeum
2088 668 2096 690 z
2115 651 2186 691 Καὶ
2204 650 2285 695 τοὺς

1254 713 1301 756 εἷς
1329 710 1390 756 τὰς
1419 712 1538 756 θυσίας
1556 714 1748 756 καλοῦντας
1778 712 1847 766 πρὸ
1876 713 2035 750 ἐνιαυτοῦ
2067 709 2131 757 τὴν
2161 711 2286 758 κλῆσιν

1253 773 1449 820 ποιεῖσθαι,
1465 769 1524 809 ἵνα
1545 770 1647 815 ἀξίως
1676 770 1877 822 ποιούμενοι
1904 773 1966 807 τοῦ
1986 768 2114 823 χρόνου
2130 767 2194 816 τὴν
2212 784 2288 807 πα-

1255 828 1427 884 ρασκευὴν
1444 831 1514 868 τῶν
1531 829 1561 867 θ’
1578 830 1729 880 ἱματίων
1748 829 1808 868 καὶ
1825 832 1886 868 τοῦ
1904 830 2028 867 λοιποῦ
2045 827 2179 879 κόσμου
2197 842 2290 880 προ-

1255 887 1386 939 άγωσιν
1423 887 1532 931 οὕτως
1575 889 1623 933 εἷς
1661 887 1724 932 τὰς
1760 888 1911 935 κλήσεις.
1947 887 2022 926 Sed
2062 900 2134 924 nec
2175 886 2288 934 satis,

1255 949 1468 986 Briickerus
1489 956 1637 995 monet,
1658 948 1721 985 ille
1748 948 1858 985 locus
1886 947 1988 984 valet
2010 946 2058 984 ad
2080 945 2292 983 defenden-

1255 1006 1343 1044 dam
1371 1007 1469 1044 hanc
1488 1007 1795 1045 emendationem
1808 1036 1819 1055 ‚
1839 1006 1878 1044 in
1908 1019 1986 1056 quo
2014 1005 2096 1042 duae
2115 1018 2175 1042 res
2196 1017 2292 1042 con-

1255 1064 1477 1110 funduntur,
1498 1065 1704 1103 mulierum
1726 1065 1791 1103 illa
1810 1064 1858 1102 ad
1878 1064 1994 1102 festos
2013 1063 2094 1101 dies
2112 1062 2293 1100 concele-

1255 1127 1422 1167 brandos
1449 1129 1647 1177 invitatio,
1676 1137 1715 1167 et
1742 1128 2015 1167 sacrificiorum
2043 1134 2130 1164 ante
2149 1138 2293 1164 annum

1255 1187 1581 1225 instituendorum
1619 1186 1859 1225 consuetudo
1875 1215 1885 1235 ‚
1921 1199 1992 1224 nec
2038 1186 2159 1223 multo
2203 1184 2293 1222 inde

1256 1248 1478 1299 expeditior
1485 1261 1624 1286 sensus
1634 1248 1795 1286 exsistit.
1805 1247 1947 1285 Melius
1955 1246 2292 1298 Schweighaeuser.

1257 1307 1424 1344 Athenaei
1443 1306 1571 1344 locum
1587 1319 1720 1344 sanare
1738 1305 1867 1344 studet
1892 1304 2096 1343 scribendo
2122 1302 2190 1351 -ι-λνΥ
2204 1311 2293 1342 ante

1256 1367 1326 1403 τῶν
1347 1364 1376 1402 θ’
1390 1373 1429 1402 et
1457 1363 1665 1415 ποιούμεναι
1696 1378 1769 1416 pro
1797 1364 1901 1414 vulg.
1929 1361 2156 1415 ποιούμενοι,
2187 1361 2293 1414 quod

1258 1437 1347 1462 cum
1363 1423 1528 1461 Luchtio
1548 1424 1588 1461 in
1603 1431 1711 1461 textu
1727 1423 1902 1462 exhibui.

1708 1503 1833 1515 0—‘00—

1596 1538 1752 1579 LIBER
1780 1539 1966 1579 XXVIII.

1313 1657 1519 1695 Athenaeus
1536 1659 1606 1705 Vl,
1644 1656 1707 1706 58,
1727 1671 1767 1709 p.
1788 1657 1880 1706 251,
1898 1659 1926 1695 C
1945 1670 1954 1693 :
1974 1655 2038 1695 Ἐν
2057 1653 2093 1694 δὲ
2111 1657 2156 1708 τῇ
2189 1653 2292 1708 ὀγδόῃ

1260 1714 1320 1753 καὶ
1341 1716 1482 1766 εἰκοστῇ
1504 1716 1522 1752 ὃ
1542 1713 1736 1768 Φύλαρχος
1753 1714 1871 1768 (φησὶ)
1897 1713 2092 1766 Ἀντιγόνου
2111 1717 2172 1752 τοῦ
2197 1714 2290 1760 κλη-

1261 1773 1376 1817 θέντος
1394 1771 1612 1827 Ἐπιτρόπου
1623 1804 1632 1821 ,
1649 1778 1710 1812 τοῦ
1731 1773 1811 1817 τοὺς
1824 1772 2122 1824 Λακεδαιμονίους
2136 1771 2293 1820 ἑλόντος,

1261 1831 1397 1870 κόλακα
1409 1830 1571 1883 γενέσθαι
1591 1832 1836 1886 Ἀπολλοφάνη
1853 1830 1931 1870 τινὰ
1945 1862 1956 1881 ,
1974 1831 2033 1870 τὸν
2062 1830 2204 1870 εἰπόντα
2229 1829 2294 1878 τὴν

1262 1888 1456 1942 Ἀντιγόνου
1472 1889 1585 1942 τύχην
1604 1891 1866 1945 ἀλεξανδρίζειν.

1316 1950 1372 1988 Cf.
1386 1949 1569 1999 Polybius
1584 1952 1631 1999 11,
1647 1965 1709 1998 70,
1721 1950 1946 1989 Plutarchus
1960 1951 2103 1989 Cleom.
2121 1950 2182 1998 30,
2197 1951 2299 1987 Pau-

1263 2009 1386 2047 sanias
1405 2012 1458 2054 ΙΙ,
1478 2022 1515 2059 p.
1539 2023 1610 2047 loo
1625 2023 1681 2061 sq.

1671 2078 1891 2093 -οοοοῆ

1384 2119 1710 2160 FRAGMENTA
1743 2119 1988 2215 {ECERTAE
2017 2119 2174 2159 SEDIS.

1319 2238 1510 2277 Plutarch.
1536 2238 1683 2288 Pyrrho
1699 2252 1768 2286 27:
1788 2231 1859 2277 ’Ἦν
1879 2236 1915 2276 δὲ
1938 2237 1978 2276 τὸ
1997 2237 2060 2288 μὲν
2079 2226 2211 2281 πλάτος
2226 2237 2295 2275 αὗ-

1262 2349 1425 2381 immunes
1443 2357 1462 2381 a
1488 2349 1619 2381 tributis
1644 2349 1923 2390 vectigalibusque
1937 2357 2010 2381 esse
2034 2348 2220 2381 voluerunt.
2238 2348 2290 2381 Ad

1261 2399 1444 2428 extremum
1461 2405 1593 2438 prorsus
1615 2396 1648 2428 in
1665 2396 1894 2428 contumeliam
1909 2396 2024 2436 effusi,
2042 2404 2146 2437 quum
2158 2395 2292 2436 triginta

1263 2442 1358 2483 legati
1373 2451 1393 2474 a
1408 2443 1608 2475 crotoniatis
1621 2443 1839 2483 advenissent,
1856 2451 1969 2474 omnes
1993 2442 2066 2474 illos
2085 2442 2292 2482 occiderunt,

1261 2492 1294 2521 et
1306 2489 1464 2522 cadavera
1479 2492 1570 2521 extra
1588 2499 1700 2521 muros
1718 2491 1861 2531 projecta
1876 2489 1986 2521 bestiis
2003 2489 2220 2530 permiserunt
2241 2489 2294 2522 de·

1263 2537 1418 2569 voranda.
1433 2540 1539 2579 Atque
1563 2538 1625 2570 hoc
1648 2537 1777 2570 initium
1802 2538 1866 2569 illis
1883 2537 1945 2570 suit
1960 2537 2143 2577 malorum,
2161 2545 2296 2570 accensa

1264 2585 1369 2617 divini
1390 2585 1534 2617 numinis
1562 2586 1620 2617 ira.
1639 2586 1759 2626 igitur,
1775 2585 1888 2626 paucis
1908 2589 1981 2626 post
1996 2584 2126 2624 diebus,
2142 2584 2295 2616 omnibus

1262 2632 1390 2664 illorum
1406 2633 1650 2673 magistratibus
1665 2641 1727 2664 una
1740 2634 1836 2664 nocte
1852 2632 1936 2664 idem
1955 2632 2060 2664 visum
2073 2631 2217 2664 oblatum
2232 2634 2296 2672 est,

1263 2681 1299 2712 ut
1333 2682 1496 2712 Junonem
1524 2680 1673 2712 viderent
1696 2680 1729 2710 in
1758 2678 1902 2710 medium
1930 2679 2035 2710 sorum
2064 2677 2296 2719 prodeuntem,

1266 2728 1369 2758 atram
1387 2727 1483 2758 bilem
1497 2730 1713 2758 evomentem.
1732 2729 1838 2766 Atque
1853 2725 1950 2757 etiam
1964 2726 1997 2757 in
2012 2727 2082 2766 eJus
2094 2724 2216 2766 templo
2229 2723 2307 2756 san?

1264 2773 1370 2814 guinis
1390 2774 1462 2804 fons
1485 2773 1666 2805 scaturivit.
1687 2774 1729 2804 At
1751 2781 1792 2804 ne
1816 2774 1886 2804 tum
1904 2771 2035 2812 quidem
2057 2771 2098 2802 ab
2122 2769 2296 2803 insolentia

1261 2819 1472 2859 destiterunt,
1487 2819 1590 2851 donec
1603 2827 1717 2851 omnes
1732 2827 1752 2850 a
1766 2817 1962 2851 crotoniatis
1981 2817 2078 2849 deleti
2094 2820 2182 2848 sunt.
2207 2829 2224 2845 ιι

1667 2881 1884 2896 *⁴000*—

1583 2919 1734 2958 LIBER
1763 2919 1944 2956 XXVIII.

1303 3031 1400 3064 Libro
1428 3031 1583 3072 vigesimo
1610 3033 1726 3062 octavo
1756 3029 1866 3060 narrat
1892 3027 2116 3069 Phylarchus,
2141 3025 2304 3068 Antigoni.

1261 3079 1348 3111 illius
1382 3078 1438 3119 qui
1461 3079 1635 3118 Epitropos
1671 3076 1835 3117 (curator)
1862 3076 2110 3116 cognominatus
2125 3077 2176 3108 est
2191 3072 2293 3115 etqui

1261 3128 1407 3169 Spartam
1428 3126 1530 3167 cepit,
1555 3125 1787 3157 assentatorem
1814 3122 1915 3155 fuisse
1931 3123 2205 3164 Apollophanem‚
2219 3127 2295 3153 eum

1260 3176 1316 3217 qui
1338 3175 1443 3207 dicere
1472 3174 1515 3206 sit
1546 3173 1681 3211 solitus,
1704 3171 1894 3212 fortunam
1924 3171 2072 3212 Antigoni
2094 3167 2311 3211 alexandri-ff

1262 3232 1355 3256 zare.

1386 3314 1705 3356 FRAGMENTA
1735 3313 1975 3352 INCERTAE
2005 3311 2159 3351 SEDIS.

1303 3429 1428 3463 Fuitea
1446 3427 1572 3468 (fossa)
1597 3425 1660 3458 lata
1677 3379 1812 3456 cuhiigs‘
1821 3432 1897 3463 sex,
1919 3427 2058 3465 quatuor
2084 3421 2170 3461 alta,
2196 3420 2291 3459 long·
