2320 3684
490 381 1748 543 HELLANICI

764 698 1494 785 FRAGMENTA.

1004 909 1260 928 ἥθ’-

459 1070 699 1111 ΦΟΡΩΝΙΣ.

566 1163 599 1200 1.

117 1245 279 1294 Dionys.
314 1241 438 1280 Halic.
477 1239 671 1278 Archaeol.
695 1241 733 1284 Ι,
755 1238 805 1275 28
822 1252 830 1275 ε
846 1235 1054 1280 Ἑλλάνικος
1084 1239 1102 1275 6

66 1303 215 1347 Λέσὸιος
237 1300 316 1346 τοὺς
334 1297 537 1354 Τυῤῥηνούς
565 1313 671 1352 φησι,
697 1294 904 1347 Πελασγοὺς
933 1294 1101 1348 πρότερον

66 1362 320 1414 καλουμένους,
344 1359 465 1406 ἐπειδὴ
488 1356 701 1411 κατῴκησαν
720 1358 757 1394 ἐν
773 1354 929 1408 Ἰταλία,
946 1355 1106 1408 παραλα-

68 1422 142 1461 ὅεῖν
160 1420 238 1470 ἦν’
219 1435 341 1481 εχουσι
358 1417 610 1473 προσηγορίαν.
629 1414 734 1481 Ἔχει
754 1414 791 1452 δὲ
810 1415 905 1467 αὐτῷ
925 1415 960 1451 ἐν
980 1414 1106 1466 Φορω-

68 1482 135 1520 νίδι
145 1480 272 1531 ὁλόγος
284 1472 390 1517 ὦδε(
390 1479 480 1517 (lou
495 1477 701 1527 Πελασγοῦ,
714 1477 776 1512 τοῦ
788 1471 961 1525 βασιλέως
975 1471 1104 1520 αὐτων,

69 1541 130 1580 καὶ
156 1539 347 1587 Μενίππης
369 1554 432 1585 της
459 1539 636 1584 Πηνειοῦ,
656 1534 792 1587 ἐγένετο
823 1532 1023 1587 Φράστωρ·
1043 1548 1104 1572 του

70 1600 129 1650 δὲ,
149 1597 332 1651 Ἀμύντωρ
345 1612 354 1621 ·
375 1600 436 1635 τοῦ
455 1594 514 1644 δὲ,
540 1594 782 1645 Τευταμίδης·
801 1597 863 1631 τοῦ
887 1593 946 1641 δὲ,
971 1591 1103 1635 Νάνας.

71 1660 158 1700 Ἐπὶ
174 1658 298 1699 τούτου
319 1655 579 1711 βασιλεύοντος,
598 1657 630 1693 οἱ
650 1653 832 1706 Πελασγοὶ
846 1652 903 1707 ὑφ’
920 1651 1105 1700 Ἑλλήνων

70 1719 280 1769 ἀνέστησαν,
305 1717 366 1757 καὶ
401 1715 459 1755 ἐπὶ
494 1717 647 1762 Σπινῆτι
675 1716 826 1768 ποταμῷ
855 1714 892 1751 ἐν
919 1715 969 1766 τῷ
995 1712 1107 1766 Ἰονίῳ

70 1777 193 1832 κόλπῳ
210 1776 273 1822 τὰς
291 1792 377 1824 νηας
396 1773 667 1822 καταλιπόντες,
683 1773 856 1828 Κρότωνα
875 1771 1011 1811 πόλιν’
994 1788 1030 1811 εν
1047 1788 1107 1824 με·

73 1853 126 1877 σο
124 1838 248 1892 (είῳῖ
219 1831 322 1876 εἶλον·
341 1835 402 1876 καὶ
421 1835 574 1874 ἐντευθεν
601 1833 801 1888 ὁρμώμενοι
819 1831 884 1881 τὴν
905 1836 963 1872 νῦν
979 1833 1108 1871 καλου-

75 1896 185 1948 μένην
204 1895 405 1951 Τυῤῥηνίαν
425 1895 603 1934 ἔκτισαν.»

572 1975 608 2014 2.

125 2055 254 2095 Schol.
274 2054 458 2106 Apollon.
480 2055 551 2100 111,
577 2052 698 2100 1178:
716 2050 807 2105 Περὶ
817 2053 879 2098 τῆς
893 2050 1044 2103 Κάδμου
1064 2053 1111 2095 εἷς

74 2114 201 2163 Θήὸας
227 2114 420 2168 παρουσίας
447 2112 655 2164 Λυσίμαχος
684 2112 719 2150 ἓν
748 2114 792 2161 τῇ
821 2114 1009 2164 συναγωγῇ
1038 2113 1108 2149 τῶν

75 2174 271 2222 Θηὸαϊκῶν
297 2172 503 2226 παραδόξως
528 2173 676 2224 ἱστορεῖ·
696 2170 756 2208 καὶ
777 2170 985 2214 Ἑλλάνικος
1013 2172 1048 2209 ἐν
1077 2169 1111 2209 α’

75 2232 278 2287 Φορωνίδος
292 2261 303 2280 ,
321 2233 469 2285 ἱστορῶν
483 2229 537 2269 ὅτι
554 2230 614 2269 καὶ
632 2229 713 2274 τοὺς
731 2229 872 2274 ὀδόντας
892 2229 1031 2283 ἔσπειρε
1049 2234 1111 2269 τοῦ

77 2293 263 2347 δράκοντος
281 2290 374 2330 κατὰ
395 2290 513 2345 Ἄρεος
535 2289 712 2342 βούλησιν.
740 2289 813 2329 Καὶ
830 2289 988 2341 ἐγένοντο
1007 2289 1113 2329 πέντε

78 2353 197 2406 ἄνδρες
211 2351 361 2400 ἔνοπλοι,
369 2351 538 2399 Οὐδαῖος,
551 2349 696 2393 Χθόνιος
707 2380 717 2398 ,
732 2348 875 2402 Πέλωρ,
890 2348 1111 2404 Ὑπερήνωρ,

460 2514 735 2555 PHORONIS.

579 2645 614 2678 1.

125 2729 167 2759 At
182 2735 260 2760 vero
272 2725 458 2759 Hellanicus
474 2724 613 2759 Lesbius
628 2725 718 2765 dicit,
738 2725 923 2766 Tyrrhenos
934 2748 944 2766 ,
966 2726 1022 2767 qui
1038 2728 1112 2759 ante

83 2774 284 2807 vocabantur
290 2773 426 2814 Pelasgi,
440 2774 616 2815 postquam
628 2773 662 2805 in
668 2773 941 2814 Italiaeoeperunt
955 2773 1112 2814 habitare,

83 2830 202 2854 nomen
223 2821 255 2854 id
277 2821 472 2854 assumsisse
494 2821 583 2862 quod
616 2829 704 2852 nunc
725 2820 856 2852 habent.
886 2823 923 2853 In
942 2821 1026 2853 libro
1058 2831 1114 2853 au-

83 2870 151 2902 tem
177 2877 274 2910 quem
312 2868 528 2902 Phoronidem
559 2867 748 2909 inscripsit,
771 2869 817 2900 ita
838 2868 1004 2909 loquitur:
1036 2871 1113 2901 «Ex

84 2915 217 2958 Pelasgo
234 2916 380 2958 ipsorum
397 2924 469 2957 rege
484 2918 516 2948 et
533 2924 574 2948 ex
589 2915 741 2957 Menippe
757 2915 855 2947 Penei
871 2915 937 2948 filia
952 2918 1049 2948 natus
1065 2918 1116 2948 est

85 2963 250 3002 Phrastor;
265 2972 307 2996 ex
319 2964 398 3003 hoc,
415 2964 572 3004 Amyntor
585 2974 595 3003 ;
612 2971 652 2994 ex
668 2964 845 3004 Amyntore
857 2987 866 3003 ,
880 2964 1114 3003 Teutamides;

85 3018 126 3042 ex
140 3009 348 3050 Teutamide‚
363 3012 482 3043 Nanas.
505 3011 576 3042 Hoc
593 3011 746 3050 regnante
758 3009 883 3051 Pelasgi
900 3019 919 3042 a
935 3011 1059 3043 Graecis
1075 3019 1114 3043 ex

86 3056 155 3088 suis
169 3056 302 3089 sedibus
317 3057 404 3099 pulsi
419 3056 568 3096 suerunt,
584 3058 640 3096 et,
664 3056 803 3089 navibus
819 3057 862 3089 ad
877 3058 1042 3099 Spinetem
1058 3057 1116 3090 ssu-

86 3102 178 3134 vium
193 3103 227 3135 in
240 3104 352 3136 lonico
366 3103 441 3137 sinu
453 3103 586 3144 relictis,
600 3103 715 3136 urbem
722 3105 899 3138 Crotonem
915 3103 1041 3138 in'locis
1054 3113 1116 3137 me-

86 3149 277 3184 diterraneis
293 3151 388 3184 sitam
401 3154 571 3194 ceperunt:
586 3154 694 3193 atque,
704 3152 766 3185 hac
778 3152 853 3185 belli
865 3153 942 3186 sede
953 3153 1018 3194 usi,
1044 3161 1116 3186 eam

89 3204 164 3236 quae
179 3206 265 3230 nunc
277 3199 454 3240 Tyrrhenia
471 3200 620 3239 vocatur,
641 3199 888 3232 condiderunt»

588 3270 624 3302 2.

131 3319 178 3350 De
188 3318 324 3359 Cadmo,
337 3320 526 3360 quiThebas
538 3323 682 3362 venerat,
696 3323 809 3353 contra
821 3321 988 3362 vulgarem
995 3318 1116 3361 opinio-

90 3371 166 3397 nem
193 3368 301 3397 narrat
324 3366 538 3407 Lysimachus
565 3368 599 3400 in
619 3377 728 3400 rerum
755 3368 990 3400 Thebaicarum
1024 3366 1116 3398 colle-

1160 1063 1310 1117 Ἐχίων.
1329 1065 1378 1101 Et
1393 1063 1443 1101 ad
1457 1076 1492 1101 v.
1518 1076 1531 1100 ι
1546 1063 1640 1101 185:
1657 1061 1760 1114 Λέγει
1772 1060 1809 1100 δὲ
1821 1062 1881 1101 καὶ
1900 1062 2123 1114 Ἑλλάνικος,
2139 1064 2193 1103 ὅτι

1162 1122 1307 1174 Κάδμος
1329 1121 1454 1167 ἐξελὼν
1472 1125 1533 1160 τοῦ
1549 1121 1660 1175 ὄφεως
1678 1121 1757 1165 τοὺς
1776 1121 1917 1166 ὀδόντας
1935 1121 2105 1177 ἔσπειρεν.
2125 1124 2194 1163 Ἐκ

1162 1180 1198 1219 δὲ
1216 1183 1330 1220 αὐτῶν
1341 1180 1447 1219 πέντε
1463 1180 1582 1235 ἄνδρες
1595 1179 1738 1234 ἔφυσαν,
1755 1181 1907 1225 Οὐδαῖος
1917 1211 1928 1229 ,
1948 1181 2089 1225 Χθόνιος
2099 1212 2109 1231 ,
2121 1181 2195 1221 Πέ-

1161 1241 1253 1294 λωρ,
1288 1240 1443 1293 Ἐχίων,
1478 1239 1699 1295 Ὑπερήνωρ.
1724 1238 1798 1280 Καὶ
1834 1242 1853 1278 ὁ
1888 1239 1950 1291 μὲν
1987 1240 2195 1284 Ἑλλάνικος
2223 1280 2226 1283 ,

1164 1299 1290 1351 μόνους
1324 1299 1409 1353 φησὶ
1449 1298 1592 1344 τούτους
1627 1298 1926 1352 βεὸλαστηκέναι,
1961 1301 1979 1338 6
2004 1298 2040 1337 δὲ
2066 1299 2195 1338 Ἀπολ-

1163 1358 1286 1403 λώνιος
1305 1356 1456 1402 πολλοὺς
1478 1358 1539 1397 καὶ
1563 1357 1710 1406 ἄλλους,
1729 1357 1790 1397 καὶ
1821 1357 1994 1406 ἀλλήλους
2026 1373 2197 1412 πεφονευ-

1164 1434 1274 1456 κεναι.

1665 1476 1703 1516 3.

1219 1547 1432 1585 Athenaeus
1450 1549 1521 1594 IX,
1543 1559 1580 1597 p.
1614 1552 1707 1593 410,
1729 1549 1757 1584 F
1779 1559 1787 1581 :
1807 1544 1879 1585 Τὸν
1903 1544 1940 1583 δὲ
1963 1547 2014 1598 τῷ
2045 1545 2200 1599 χερνίὸῳ

1167 1605 1321 1659 ῥάναντα
1337 1606 1468 1654 παῖδα,
1490 1604 1628 1644 διδόντα
1651 1603 1743 1643 κατὰ
1762 1603 1878 1658 χειρὸς
1894 1603 2066 1658 εΗρακλεῖ
2088 1603 2200 1659 ὕδωρ,

1167 1666 1203 1704 ὃν
1223 1664 1425 1704 ἀπέκτεινεν
1453 1667 1472 1703 6
1496 1664 1677 1717 Ἡρακλῆς
1703 1662 1881 1716 κονδύλῳ,
1905 1663 2111 1708 Ἑλλάνικος
2135 1665 2198 1715 μὲν

1167 1726 1202 1763 ἐν
1220 1730 1296 1768 ταῖς
1315 1724 1483 1778 ἱστορίαις
1504 1723 1646 1777 Ἀρχίαν
1672 1723 1757 1778 φησὶ
1782 1725 1985 1772 καλεῖσθαι,
2009 1723 2055 1762 δι’
2078 1723 2114 1762 ὃν
2139 1723 2199 1761 καὶ

1167 1782 1365 1837 ἐξεχώρησε
1385 1783 1616 1827 Καλυδῶνος·
1637 1784 1671 1821 ἐν
1693 1781 1729 1821 δὲ
1751 1785 1801 1836 τῷ
1820 1781 1968 1838 δευτέρῳ
1986 1785 2048 1830 τῆς
2068 1784 2200 1836 Φορω-

1167 1844 1258 1889 νίδος
1277 1844 1409 1899 Χερίαν
1425 1843 1529 1883 αὐτὸν
1544 1843 1719 1895 ὀνομάζει.

1665 1915 1703 1956 4.

1223 1991 1511 2043 Harpocration
1536 1991 1578 2028 in
1597 2004 1634 2029 v.
1655 1990 1949 2045 Στεφανηφόροςτ
1965 1992 2046 2031 Στε
2021 1991 2200 2044 εφανηφό-

1172 2066 1231 2104 ρου
1249 2052 1377 2105 ἡρῷον,
1395 2051 1442 2093 ὡς
1455 2048 1578 2099 ἔοικεν,
1595 2066 1638 2097 ην
1656 2051 1691 2088 ἐν
1710 2055 1785 2094 ταῖς
1805 2049 1986 2098 Ἀθήναις·
2004 2050 2079 2110 ε’ίη,ν
2075 2050 2140 2088 δ’
2124 2067 2164 2088 αν
2185 2053 2203 2088 6

1173 2108 1443 2163 Στεφανηφόρος
1459 2139 1488 2181 ,Ν
1495 2108 1574 2156 ἤτοι
1596 2111 1665 2148 τῶν
1682 2107 1899 2162 Ἡρακλέους
1929 2107 2029 2147 υἱέων
2046 2102 2113 2157 εἷς,
2132 2125 2201 2147 των

1172 2169 1368 2221 γενομένων
1383 2170 1423 2208 ἐκ
1441 2185 1511 2208 των
1533 2169 1685 2210 Θεστίου
1704 2168 1916 2223 θυγατέρων,
1935 2173 1975 2207 οὗ
1994 2169 2204 2221 μνημονεύει

1172 2229 1407 2274 Ἑλλάνικος’
1391 2245 1426 2269 εν
1447 2229 1583 2284 δεκάτῳ
1599 2229 1821 2293 Φορωνίδος,
1842 2228 1865 2276 ἢ
1887 2229 2024 2281 μήποτε
2045 2246 2105 2270 του
2125 2229 2204 2268 Ἀτ-

1172 2295 1271 2330 τικοῦ
1291 2290 1564 2346 Στεφανηφόρου
1591 2291 1632 2329 τὸ
1663 2293 1778 2344 ἡρῷον
1798 2294 1854 2340 ἠν,
1873 2294 1913 2329 οὗ
1935 2289 2042 2329 πάλιν
2066 2293 2083 2328 6
2103 2289 2204 2333 αὐτὸς

1173 2349 1384 2394 “Ελλάνικος
1397 2351 1431 2388 ἐν
1452 2349 1597 2404 δευτέρᾳ
1614 2349 1764 2394 Ἀτθίδος
1785 2350 1974 2402 μέμνηται.

1173 2514 1281 2547 ctione
1295 2538 1304 2554 ‚
1332 2523 1393 2547 nec
1414 2523 1480 2547 non
1496 2513 1685 2547 Hellanicus
1711 2514 1747 2546 in
1762 2513 1954 2545 Phoronidis
1982 2512 2063 2544 libro
2106 2511 2198 2543 rimo.

1172 2563 1284 2594 Tradit
1299 2562 1386 2595 enim
1401 2571 1442 2595 ex
1448 2562 1562 2594 Martis
1575 2562 1742 2594 voluntate
1749 2561 1907 2594 cadmum
1921 2560 2076 2600 sparsisse
2110 2561 2200 2590 entes

1173 2609 1322 2642 draconis
1337 2635 1346 2651 ‚
1363 2619 1404 2642 ex
1420 2610 1526 2651 iisque
1550 2609 1696 2650 quinque
1711 2610 1804 2640 natos
1822 2616 1894 2640 esse
1922 2607 2010 2638 viros
2044 2607 2197 2645 armatos,

1175 2658 1324 2698 Udaeum,
1344 2657 1558 2697 Chthonium‚
1575 2657 1733 2697 Pelorem‚
1751 2654 2200 2693 Echionem,Hyperenorem;

1173 2713 1228 2737 eos
1237 2704 1376 2746 ¹quidem
1394 2704 1495 2745 solos,
1517 2713 1584 2735 non
1599 2703 1721 2745 plures,
1735 2710 1809 2743 quae
1823 2702 1874 2733 est
1892 2700 2029 2732 aliorum
2041 2699 2198 2731 narratio.

1673 2764 1710 2796 3.

1215 2827 1319 2858 Puero
1333 2833 1411 2857 vero
1427 2824 1484 2864 illi,
1508 2823 1582 2865 qui,
1597 2831 1700 2864 quum
1720 2820 1850 2854 Herculi
1868 2827 1986 2860 aquam
2011 2818 2202 2850 ministrans

1174 2874 1324 2906 manibus
1333 2873 1502 2905 lavandis·
1493 2881 1600 2914 ipsum
1613 2879 1696 2912 aqua
1705 2869 1949 2910 conspersisset,
1956 2867 2063 2899 talitro
2071 2867 2201 2900 occisus

1173 2923 1223 2953 est
1239 2921 1280 2953 ab
1295 2920 1456 2960 Hercule,
1485 2918 1669 2951 Hellanicus
1686 2916 1816 2958 quidem
1842 2915 1876 2946 in
1895 2914 2047 2947 Historiis
2062 2913 2201 2948 Archioe

1174 2968 1276 3000 fuisse
1287 2976 1407 2999 nomen
1415 2966 1544 3005 scribit3
1561 2966 1691 3006 propter
1703 2965 1797 3003 cujus
1806 2961 1928 2994 caedem
1936 2961 2092 2994 Hercules
2103 2961 2201 2994 etiam

1174 3015 1340 3056 Calydone
1354 3013 1515 3045 excessit:
1542 3012 1626 3043 libro
1648 3009 1791 3042 secundo
1806 3018 1884 3042 vero
1899 3008 2093 3042 Phoronidis
2120 3007 2203 3040 Che-

1174 3066 1271 3096 rz'am
1286 3062 1437 3096 eumdem
1453 3063 1558 3093 vocat.

1216 3174 1350 3207 Athenis
1364 3174 1499 3205 heroum
1514 3171 1770 3213 Stephanephori
1787 3170 1887 3203 fuisse
1901 3171 2036 3212 apparet
2050 3180 2058 3201 :
2081 3169 2136 3210 qui
2152 3169 2203 3201 vel

1174 3231 1261 3255 unus
1280 3221 1419 3253 filiorum
1438 3219 1586 3252 Herculis
1597 3244 1607 3260 ‚
1635 3227 1718 3260 quos
1734 3227 1752 3251 e
1772 3217 1900 3250 filiabus
1915 3217 2039 3250 Thestii
2056 3215 2200 3255 sustulit,

1175 3270 1268 3309 quus
1284 3268 1432 3300 meminit
1447 3266 1632 3299 Hellanicus
1648 3266 1731 3299 libro
1753 3266 1881 3299 decimo
1899 3264 2092 3298 Phoronidis
2107 3273 2117 3303 ;
2147 3264 2204 3295 aut

1175 3316 1257 3348 sorte
1265 3315 1360 3347 Attici
1376 3313 1631 3355 Stephanephori
1645 3314 1781 3346 heroum
1797 3313 1871 3353 suit,
1886 3313 1980 3354 cujus
1994 3311 2080 3344 idem
2091 3318 2200 3343 merm-

1176 3363 1225 3396 nit
1241 3362 1274 3394 in
1288 3361 1432 3395 secundo
1447 3361 1600 3394 Atthidis.
