2320 3684
657 155 993 197 APOLLODORI
1021 154 1380 195 BlBLIOTHECAE
1408 156 1439 203 I,
1469 161 1509 206 8,
1539 161 1574 193 9.

22 249 156 294 Οἰνέως
185 249 363 303 βασιλείαν
380 279 390 297 ,
423 249 475 301 τῷ
503 244 610 298 πατρὶ
639 243 786 282 ἔδωκαν·
814 242 875 280 καὶ
906 241 1051 295 προσέτι

21 311 136 356 ’ζῶντα
154 309 213 348 τὸν
235 308 343 348 Οἰνέα
362 305 601 360 καθείρξαντες
616 302 808 356 ᾐκίζοντο.2
826 300 999 354 “’Υστερον
1015 298 1052 337 δὲ

21 368 203 421 Διομήδης
215 367 249 414 ἐξ
262 367 406 422 Ἄργους
417 362 696 419 παραγενόμενος
710 361 786 414 μετ’
801 360 908 399 ἄλλου
922 358 1051 413 κρύφα,

21 428 101 472 τοὺς
119 428 182 480 μὲν
203 426 337 481 Ἀγρίου
357 425 503 473 παῖδας,
529 437 583 476 χω
605 422 636 466 ὶς
655 422 859 474 Ὀγχηστοῦ
880 419 939 458 καὶ
954 420 1052 472 Θερ-

22 487 139 536 σίτου,
158 486 292 530 πάντας
310 483 512 524 ἀπέκτεινεν
530 498 538 506 ·
570 496 665 521 ουτοι
690 480 759 534 γὰρ
785 477 979 535 φθάσαντες
1006 479 1054 521 εἰς

22 543 295 593 Πελοπόννησον
315 545 452 598 ἔφυγον.
475 540 552 589 Τὴν
570 541 607 579 δὲ
631 538 825 593 βασιλείαν,
846 535 964 584 ἐπειδὴ
982 551 1053 588 γη-

24 605 119 660 ραιὸς
141 599 185 652 ἦν
203 607 222 644 ὁ
237 601 361 646 Οἰνεὺς
373 633 384 651 ,
408 600 630 655 Ἀνδραίμονι
647 601 699 653 τῷ
717 598 783 646 τὴν
801 595 975 650 θυγατέρα
991 599 1053 634 τοῦ

23 663 157 707 Οἰνέως
173 662 328 715 γήμαντι
347 660 488 699 δέδωκε·
511 659 571 698 τὸν
599 657 636 697 δὲ
658 657 768 698 Οἰνέα
797 658 844 700 εἷς
867 654 1054 696 Πελοπόν-

21 737 128 771 νησον
141 716 257 774 ἦγεν.3
273 722 316 760 Οἱ
335 718 372 758 δὲ
386 717 608 774 διαφυγόντες
617 717 751 771 Ἀγρίου
758 716 891 764 παῖδες,
906 714 1057 770 ἐνεδρεύ-

23 797 146 826 σαντες
160 780 240 835 περὶ
257 779 322 828 τὴν
345 778 511 834 Τηλέφου
537 777 654 817 ἑστίαν
678 780 741 824 τῆς
768 775 972 830 Ἀρκαδίας,
996 774 1054 813 τὸν

23 839 225 895 πρεσὸύτην
253 838 475 878 ἀπέκτειναν.
505 837 686 890 Διομήδης
715 835 752 875 δὲ
768 835 828 875 τὸν
859 834 980 888 νεκρὸν
1010 835 1057 878 εἰς

23 898 145 954 Ἄργος
170 898 322 950 κομίσας
346 896 494 950 ἔθαψεν,
524 896 606 936 ἔνθα
627 900 690 935 νῦν
711 894 810 937 πόλις
836 894 897 932 ἀπ’
923 892 1056 932 ἐκείνου

23 957 133 1007 Οἰνόη
150 959 323 1006 καλεῖται,
341 956 401 995 καὶ
417 955 534 1009 γήμας
550 955 753 1007 Αἰγιάλειαν
770 953 835 1001 τὴν
853 952 1056 1007 Ἀδράστου,

23 1019 71 1062 ὡς
93 1017 129 1057 δὲ
152 1016 235 1056 ἔνιοι
254 1015 359 1071 φασὶ,
379 1015 442 1063 τὴν
460 1014 675 1067 Αἰγιαλέως,
701 1014 760 1053 ἐπί
776 1029 814 1052 τε
846 1011 972 1060 Θήὸας
997 1010 1058 1050 καὶ

25 1076 159 1131 Τροίαν
179 1075 400 1130 ἐστράτευσε.

400 1264 650 1296 ΚΕΦΑΑΑΙΟΝ
671 1265 711 1296 Θ.

82 1358 134 1410 (1)
155 1358 238 1397 Τῶν
263 1356 300 1395 δὲ
329 1355 460 1396 Αἰόλου
487 1356 623 1395 παίδων
645 1354 797 1407 Ἀθάμας
812 1385 822 1403 ,
842 1353 1061 1393 δυναστεύων

28 1416 214 1464 Βοιωτίας,
231 1417 271 1454 ἐκ
283 1415 443 1470 Νεφέλης
455 1421 571 1454 τεκνοῖ
591 1413 654 1467 μὲν
671 1414 781 1453 παῖδα
799 1412 945 1468 Φρίξον,
957 1416 1063 1464 θυγα-

28 1475 114 1530 τέρα
140 1475 177 1514 δὲ
195 1474 348 1523 ἽΞλλην.
373 1469 482 1518 Affers·
510 1473 547 1512 δὲ
571 1472 649 1513 Ἰνὼ
674 1478 806 1525 γαμεῖ,
840 1471 874 1517 ἐξ
902 1465 944 1517 ἧς
967 1471 1062 1522 αὐτῷ

29 1534 190 1588 Λέαρχος
201 1534 262 1572 καὶ
271 1532 488 1587 Μελικέρτης
503 1533 691 1585 ἐγένοντο.2
711 1528 1012 1570 Ἐπιὸουλεύουσα
1027 1527 1063 1566 δὲ

29 1593 111 1641 Ἰνὼ
130 1599 201 1638 τοῖς
217 1592 378 1648 Νεφέλης
402 1591 536 1636 τέκνοις
552 1622 563 1641 ,
590 1591 707 1630 ἔπεισε
731 1589 792 1634 τὰς
811 1595 978 1642 γυναῖκας
1003 1587 1062 1626 τὸν

30 1652 138 1708 πυρὸν
157 1651 311 1707 φρύγειν.
337 1650 596 1703 Λαμὸάνουσαι
622 1649 679 1698 δὲ,
699 1647 816 1703 κρύφα
830 1650 901 1686 τῶν
928 1647 1062 1701 ἀνδρῶν

31 1715 133 1751 τοῦτο
156 1709 344 1766 ἔπρασσον.
376 1712 427 1757 Γῆ
453 1708 490 1748 δὲ
514 1707 779 1765 πεφρυγμένους
804 1705 932 1761 πυροὺς
958 1707 1064 1758 δεχο-

31 1769 138 1823 μένη,
161 1768 316 1823 καρποὺς
334 1768 492 1815 ἐτησίους
512 1769 575 1806 οὐκ
584 1766 752 1806 ἀνεδίδου.
766 1767 782 1793 ³
802 1764 1025 1816 Διὸπέμπων
1046 1767 1064 1804 ὁ

33 1828 186 1881 Ἀθάμας
202 1829 250 1872 εἷς
261 1826 428 1882 Δελφοὺς,
446 1825 656 1878 ἀπαλλαγὴν
674 1825 884 1864 ἐπυνθάνετο
897 1827 959 1871 τῆς
973 1826 1063 1879 ἀφο-

36 1887 120 1942 ρίας.
141 1885 220 1927 Ἰνὼ
247 1886 284 1926 δὲ
309 1886 388 1931 τοὺς
410 1885 632 1940 πεμφθέντας
658 1884 821 1924 ἀνέπεισε
850 1882 963 1936 λέγειν
980 1914 990 1932 ,
1019 1886 1065 1928 ὡς

35 1948 88 1994 εἴη
107 1945 361 2000 κεχρησμένον,
372 1944 576 1984 παύσασθαι
589 1943 652 1993 τὴν
666 1943 858 1998 ἀκαρπίαν,
875 1942 934 1982 ἐὰν
946 1946 1064 1997 σφαγῇ

34 2005 92 2046 Διὶ
111 2009 130 2045 ὁ
148 2004 288 2059 Φρίξος.
308 2007 444 2044 ⁴¹'l'oss‘to
463 2003 614 2048 ἀκούσας
622 2003 788 2056 Ἀθάμας,
805 2001 1067 2054 συναναγκαζό-

35 2078 137 2116 μενος
155 2063 222 2102 ὖπὸ
237 2065 307 2102 τῶν
329 2061 393 2110 τὴν
410 2066 476 2114 γῆν
494 2061 764 2111 κατοικούντων,
787 2064 838 2116 τῷ
857 2063 967 2114 βωμῷ
977 2076 1067 2114 παρ-

35 2121 160 2170 έστησε
177 2121 322 2177 Φρίξον·
350 2122 492 2177 Νεφέλη
514 2120 551 2160 δὲ
578 2120 668 2174 μετὰ
692 2124 756 2169 τ’ἥς
775 2119 946 2173 θυγατρὸς
963 2119 1066 2158 αὐτὸν

36 2180 242 2236 ἀνήρπασε,
261 2180 322 2220 καὶ
347 2180 446 2233 παρὰ
469 2180 606 2235 Ἑρμοῦ
635 2179 797 2219 λαὸοῦσα
815 2179 1066 2232 χρυσόμαλλον

36 2240 132 2295 κριὸν
153 2239 299 2289 ἔδωκεν,
319 2239 371 2293 ἐφ’
392 2234 432 2278 οἷ
456 2239 640 2294 φερόμενοι
660 2239 704 2277 δι’
728 2240 894 2292 οὐρανοῦ,
915 2236 978 2284 τὴν
1001 2253 1068 2288 με-

4 2303 5 2306 ’
36 2298 120 2344 ταξὺ
139 2302 204 2351 γῆν
215 2298 436 2353 ὓπερέὸησαν
459 2299 519 2337 καὶ
537 2298 755 2338 θάλασσαν.5
775 2297 841 2341 εΩς
856 2295 893 2336 δὲ
911 2295 1070 2348 ἐγένοντο

37 2359 130 2400 κατὰ
162 2358 225 2407 τὴν
257 2358 386 2411 μεταξὺ
421 2358 586 2411 κειμένην
619 2359 800 2398 θάλασσαν
832 2357 973 2410 Σιγείου
1008 2356 1069 2396 καὶ

39 2418 260 2473 Χερρονήσου
289 2417 434 2457 ὤλισθεν
462 2420 510 2461 εἰς
539 2418 599 2457 τὸν
627 2418 728 2470 βυθὸν
751 2421 774 2464 ἡ
798 2416 940 2465 ‘'En-12·
969 2418 1071 2455 κάκεῖ

39 2477 207 2525 θανούσης
234 2479 341 2525 αὐτῆς
355 2508 365 2527 ,
395 2478 456 2516 ἀπ’
485 2477 618 2525 ἐκείνης
647 2477 909 2525 Ἑλλήσποντος
940 2475 1070 2523 ἐκλήθη

41 2536 80 2576 τὸ
97 2536 262 2589 πέλαγος.

92 2596 110 2622 ⁶
129 2595 258 2650 Φρίξος
274 2594 311 2633 δὲ
324 2589 428 2643 ἦλθεν
442 2596 489 2638 εἰς
502 2593 674 2647 Κόλχους,
688 2587 736 2632 gv
748 2594 882 2642 Αἰήτης
893 2593 1074 2632 ἐὸασίλευε

42 2660 126 2698 παῖς
143 2654 267 2694 Ἧλίου
286 2654 348 2693 καὶ
378 2650 574 2708 Περσηίδος
590 2684 600 2702 ,
633 2653 780 2708 ἀδελφὸς
808 2653 845 2692 δὲ
862 2652 996 2704 Κίρκης
1013 2652 1073 2691 καὶ

44 2713 245 2767 Πασιφάης,
263 2713 305 2760 ἣν
323 2713 442 2757 Μίνως
460 2711 604 2765 ἔγημεν·
617 2707 716 2757 οὗτος
734 2712 836 2751 αὐτὸν
850 2710 1073 2764 ὑποδέχεται,

44 2772 103 2812 καὶ
120 2772 202 2824 μίαν
220 2775 290 2811 τῶν
310 2771 509 2825 θυγατέρων
527 2770 736 2818 Χαλκιόπην
755 2770 907 2809 δίδωσιν·
922 2774 940 2810 ὃ
960 2769 997 2809 δὲ
1013 2770 1072 2809 τὸν

46 2830 288 2885 χρυσόμαλλον
306 2830 402 2884 κριὸν
426 2830 482 2870 Διὶ
500 2829 572 2868 θύει
591 2828 728 2883 Φυξίῳ,
750 2829 791 2868 τὸ
814 2828 851 2868 δὲ
870 2828 994 2868 τούτου
1013 2828 1074 2868 δέ·

48 2904 108 2944 ρας
143 2888 258 2942 Αἰήτῃ
293 2888 445 2927 δίδωσιν.
478 2889 635 2933 Ἐκεῖνος
666 2888 703 2927 δὲ
726 2888 810 2927 αὐτὸ
825 2888 904 2942 περὶ
934 2890 1015 2940 δρῦν
1039 2890 1074 2927 ἐν

48 2946 162 3001 Ἄρεος
178 2947 277 2987 ἄλσει
295 2948 511 2996 καθήλωσεν.
534 2950 550 2974 7
571 2947 753 3000 Ἐγένοντο
770 2947 805 2986 δὲ
817 2950 856 2986 ἐκ
871 2947 1076 2995 Χαλκιόπης

49 3009 111 3054 τῆς
127 3007 260 3055 Αἰήτου
279 3006 447 3061 τέσσαρες
468 3006 591 3062 Φρίξῳ
618 3007 759 3057 παῖδες,
779 3007 920 3061 Ἄργος,
940 3007 1075 3057 Μέλας,

51 3064 214 3119 Φρόντις,
232 3066 446 3120 Κυτίσωρος.

105 3125 154 3176 (2)
169 3124 321 3177 Ἀθάμας
341 3125 377 3164 δὲ
397 3125 557 3180 ὕστερον,
582 3125 639 3164 διὰ
656 3129 759 3177 μῆνιν
777 3125 911 3180 ‘'Hpotc,
929 3125 989 3164 καὶ
1006 3128 1075 3164 τῶν

52 3180 87 3227 ἐξ
110 3182 216 3227 Ἰνοῦς
246 3185 415 3238 ἐστερήθη
448 3184 584 3222 παίδων
596 3200 603 3208 ·
634 3184 735 3228 αὐτὸς
767 3183 831 3235 μὲν
857 3184 923 3238 γὰρ
957 3184 1077 3235 μανεὶς

52 3239 208 3286 ἐτόξευσε
235 3241 407 3297 Λέαρχον·
432 3242 511 3282 Ἰνὼ
539 3242 575 3281 δὲ
603 3243 823 3297 Μελικέρτην
848 3243 923 3294 μεθ’
953 3245 1077 3289 ἑαυτῆς

53 3300 100 3342 εἰς
107 3299 255 3351 πέλαγος
266 3300 413 3354 ἔῤῥιψεν.
423 3303 438 3327 ²
459 3301 640 3341 Ἐκπεσὼν
655 3301 691 3340 δὲ
705 3305 766 3349 τῆς
783 3301 962 3348 Βοιωτίας,
978 3303 1078 3340 ἐπυν-

56 3358 175 3397 θάνετο
193 3362 253 3397 τοῦ
271 3361 361 3406 θεοῦ,
377 3364 445 3398 ποῦ
457 3360 677 3408 κατοικήσει·
691 3359 903 3413 χρησθέντος
917 3359 952 3398 δὲ
968 3361 1077 3411 αὐτῷ,

2064 156 2135 189 115

1110 253 1269 295 huerunt;
1283 255 1362 297 quin
1378 256 1477 288 etiam
1496 255 1660 288 viventem
1677 253 1784 286 adhuc
1801 254 1946 286 OEneum
1962 252 1994 284 in
2011 251 2140 284 vincula

1110 315 1293 354 conjectum
1307 314 1503 347 contumelia
1519 313 1711 347 afficiebant.
1721 317 1736 337 ²
1747 312 1870 346 Deinde
1879 320 1956 344 vero
1969 312 2140 344 Diomedes

1111 372 1204 412 Argis
1219 381 1295 404 cum
1315 373 1500 406 Alcmaeone
1523 373 1706 406 clanculum
1725 380 1875 405 reversus
1890 395 1899 411 ‚
1925 371 2013 412 Agrii
2035 370 2118 403 filios
2130 395 2140 411 ,

1111 432 1228 470 praeter
1250 432 1449 464 Onchestum
1465 434 1498 466 et
1519 432 1705 473 Thersiten,
1725 431 1781 473 qui
1803 431 1878 472 fuga
1896 431 1929 463 in
1946 430 2143 472 Peloponne-

1113 498 1186 522 sum
1214 498 1248 522 se
1268 490 1510 531 subduxerant,
1533 501 1646 525 omnes
1672 491 1842 524 interfecit.
1859 493 1965 532 Atque
1981 498 2115 531 reguum
2133 513 2143 530 ,

1113 548 1190 590 quia
1203 550 1328 581 OEneus
1345 550 1436 582 senio
1448 550 1515 591 J'am
1538 551 1705 584 confectus
1719 551 1817 591 esset,
1839 549 2067 590 Andraemoni,
2087 549 2145 590 qui

1114 607 1213 640 OEnei
1240 606 1341 639 filiam
1365 608 1503 641 duxerat
1534 619 1690 650 uxorem,
1720 609 1902 649 concessit,
1930 609 2039 651 ipsum
2066 617 2145 640 vero

1115 668 1259 699 OEneum
1286 667 1320 698 in
1353 667 1606 708 Peloponnesum
1624 669 1769 702 abduxit.
1789 672 1803 691 ³
1817 668 1879 702 Sed
1894 669 1950 710 qui
1966 668 2146 710 periculum

1114 728 1285 758 evaserant
1300 726 1388 767 Agrii
1414 726 1472 758 filii
1491 727 1623 760 structis
1643 728 1684 760 ad
1700 729 1832 770 Telephi
1848 737 1937 761 aram
1954 728 1988 760 in
2010 727 2147 761 Arcadia

1116 785 1246 817 insidiis
1269 794 1380 817 senem
1400 785 1601 819 occiderunt.
1619 787 1792 819 Diomedes
1810 796 1888 820 vero
1905 789 2071 820 mortuum
2092 789 2147 820 Ar-

1116 853 1174 886 gos
1191 845 1402 886 translatum,
1422 845 1480 878 uhi
1495 855 1584 878 nunc
1599 846 1640 878 ab
1662 847 1717 879 illo
1739 849 1846 880 OEnoe
1859 848 1937 880 urbs
1952 847 2148 889 appellatur,

1118 906 1266 947 sepelivit
1279 930 1289 945 ,
1319 906 1352 938 et
1367 905 1466 937 ducta
1490 914 1593 937 uxore
1612 906 1765 946 AEgialea‚
1781 907 1922 946 Adrasti,
1940 907 2003 947 vel,
2022 908 2060 939 ut
2077 906 2149 938 aliis

1117 965 1234 1006 placet,
1255 964 1389 1006 AEgialei
1410 964 1487 1004 filia,
1502 966 1615 997 contra
1630 964 1756 997 Thebas
1773 966 1871 1006 atque
1886 966 2014 1006 Trojam
2024 965 2063 1009 in
2086 964 2149 996 bel-

1117 1024 1187 1057 lum
1201 1023 1364 1066 profectus
1380 1024 1440 1056 est.

1528 1266 1666 1297 CAPUT
1688 1267 1743 1297 lx.

1164 1362 1175 1401 (
1182 1363 1210 1402 1)
1224 1364 1312 1394 Inter
1321 1361 1404 1394 AEoli
1419 1361 1502 1393 tilios
1514 1361 1680 1400 Athamas,
1694 1360 1888 1393 orchomeni
1902 1361 1935 1392 in
1949 1360 2075 1393 Boeotia
2087 1369 2155 1399 rex,

1122 1436 1163 1460 ex
1188 1427 1327 1468 Nephele
1350 1426 1454 1459 filium
1476 1427 1589 1468 genuit
1612 1414 1790 1466 Phrixum,
1816 1425 1917 1458 tiliam
1933 1434 2011 1458 vero
2030 1426 2155 1458 Hellen.

1122 1492 1246 1525 Deinde
1269 1501 1404 1524 uxorem
1427 1491 1654 1533 superinduxit
1675 1494 1752 1531 Ino,
1774 1500 1814 1523 ex
1838 1499 1903 1532 qua
1924 1490 2105 1523 Learchum
2127 1492 2158 1522 et

1123 1557 1305 1590 Melicerten
1323 1557 1464 1590 sustulit.
1474 1557 1552 1589 2Sed
1568 1557 1723 1589 insidians
1736 1565 1754 1587 e
1766 1556 1907 1597 Nephele
1922 1555 2007 1588 natis
2019 1558 2079 1588 Ino
2091 1564 2159 1588 mu-

1123 1622 1255 1655 lieribus
1272 1622 1444 1664 persuasit,
1459 1624 1496 1654 ut
1514 1622 1656 1655 triticum
1673 1610 1773 1663 (quod
1788 1621 1902 1654 darent
1918 1621 1951 1653 in
1966 1622 2156 1661 sementem)

1123 1688 1295 1720 torrerent.
1316 1688 1387 1726 Hae,
1405 1688 1536 1728 accepta
1554 1685 1595 1718 ab
1612 1686 1667 1718 illa
1685 1686 1842 1726 semente,
1861 1685 1946 1718 clam
1963 1685 2043 1718 viris
2060 1685 2160 1726 impe-

1125 1756 1192 1787 rata
1207 1753 1342 1786 faciunt.
1357 1754 1455 1785 Terra
1471 1753 1597 1790 autem,
1613 1751 1700 1793 quod
1721 1751 1830 1792 fruges
1848 1752 1952 1783 tostas
1971 1750 2158 1791 accepisset,

1125 1826 1287 1851 annonam
1304 1826 1370 1850 non
1385 1817 1486 1849 dedit.
1506 1821 1520 1840 ³
1530 1818 1637 1855 Quare
1652 1816 1807 1848 Athamas
1823 1815 1964 1857 Delphos
1980 1815 2089 1854 misit,
2105 1815 2160 1856 qui

1125 1885 1167 1917 de
1185 1883 1361 1917 avertenda
1376 1891 1527 1924 agrorum
1544 1882 1710 1915 sterilitate
1726 1881 1968 1914 sciscitarentur
1979 1882 2159 1914 oraculum.

1125 1950 1184 1981 Ino
1194 1956 1272 1980 vero
1285 1947 1404 1979 missos
1418 1946 1558 1985 induxit,
1575 1948 1613 1978 ut
1627 1954 1820 1987 responsum
1839 1946 1983 1978 dicerent
1997 1955 2161 1978 cessuram

1126 2021 1198 2045 esse
1213 2011 1426 2050 sterilitatem,
1440 2011 1467 2043 si
1485 2011 1561 2043 Jovi
1574 2012 1770 2043 mactaretur
1782 2010 1934 2043 Phrixus.
1947 2011 2035 2048 ⁴Quo
2050 2011 2163 2044 audito

1127 2077 1295 2116 Athamas,
1314 2077 1355 2109 ab
1369 2085 1520 2118 agrorum
1543 2076 1666 2108 colonis
1682 2079 1825 2117 coactus,
1837 2077 1878 2109 ad
1891 2086 1980 2109 aram
2005 2077 2162 2110 Phrixum

1128 2141 1308 2173 constituit.
1327 2140 1389 2173 Sed
1416 2141 1555 2182 Nephele
1574 2141 1681 2182 ipsum
1698 2142 1776 2173 c'um
1803 2141 1869 2173 filia
1894 2142 2036 2183 eripuit,
2059 2142 2163 2183 iisque

1133 2206 1264 2238 arietem
1279 2206 1383 2246 dedit,
1398 2215 1496 2247 quem
1517 2215 1615 2238 aureo
1631 2206 1750 2238 vellere
1772 2207 1947 2248 praeditum
1965 2216 1983 2239 a
2005 2209 2162 2240 Mercurio

1129 2272 1306 2312 acceperat.
1328 2273 1401 2309 Quo
1419 2279 1476 2312 per
1494 2279 1600 2303 aerem
1617 2271 1784 2309 vehentes,
1801 2272 1923 2304 terram
1951 2281 2104 2314 mareque
2118 2275 2163 2305 in-

1128 2335 1299 2377 terjectum
1311 2336 1514 2377 superarunt.
1533 2340 1547 2358 ¹³
1557 2336 1666 2373 Quum
1684 2344 1761 2367 vero
1777 2344 1875 2377 super
1901 2345 1990 2369 mare
2006 2345 2164 2369 versaren-

1130 2403 1194 2441 tur,
1212 2400 1300 2442 quod
1316 2401 1400 2433 inter
1419 2401 1546 2442 Sigeum
1565 2403 1598 2433 et
1613 2401 1852 2434 Chersonesum
1875 2403 1926 2434 est
1950 2402 2163 2443 interjectum,

1131 2465 1221 2497 Helle
1233 2465 1266 2498 in
1281 2466 1480 2507 profundum
1493 2466 1624 2507 delapsa
1638 2466 1749 2507 periit;
1764 2466 1850 2498 unde
1867 2467 1984 2498 fretum
2002 2466 2078 2497 illud
2094 2467 2163 2499 Hel-

1131 2530 1269 2571 lesponti
1286 2539 1405 2563 nomen
1421 2530 1555 2572 accepit.

1174 2603 1189 2623 θ
1199 2601 1336 2634 Phrixus
1353 2604 1461 2634 autem
1471 2603 1560 2634 venit
1570 2601 1610 2633 ad
1617 2601 1769 2639 Colchos,
1780 2601 1898 2640 quibus
1914 2602 2019 2632 AEetes
2032 2600 2164 2641 impera-

1133 2663 1182 2695 vit
1200 2663 1284 2695 Solis
1299 2663 1383 2695 filius
1408 2666 1440 2695 et
1457 2662 1615 2695 Perseidis
1628 2686 1637 2702 ,
1664 2662 1762 2693 frater
1787 2661 1896 2694 Circes
1912 2663 1943 2692 et
1970 2661 2143 2702 Pasiphaes
2155 2685 2164 2700 ‚

1134 2729 1233 2761 quam
1249 2721 1355 2753 Minos
1372 2720 1511 2752 habehat
1520 2728 1667 2752 uxorem.
1680 2721 1786 2751 AEetes
1802 2720 1911 2758 itaque
1935 2718 2092 2750 Phrixum
2114 2719 2165 2750 ho-

1134 2779 1230 2821 spitio
1243 2780 1379 2821 excepit,
1395 2780 1489 2820 eique
1504 2778 1711 2818 Chalciopen,
1725 2784 1823 2808 unam
1839 2784 1877 2807 ex
1896 2775 2034 2817 filiabus,
2050 2776 2084 2808 in
2101 2786 2166 2809 ma-

1134 2839 1324 2871 trimonium
1339 2838 1440 2870 dedit.
1455 2837 1517 2870 Hic
1531 2846 1609 2869 vero
1623 2839 1641 2868 J
1645 2836 1697 2867 ovi
1715 2834 1840 2876 Phyxio
1850 2833 1975 2866 velleris
1989 2835 2076 2867 aurei
2089 2837 2166 2868 arie·

1134 2900 1200 2931 tem
1215 2897 1419 2936 sacrificavit,
1437 2898 1571 2936 ejusque
1587 2895 1703 2936 pellem
1720 2894 1806 2925 dono
1821 2893 1910 2924 dedit
1926 2895 2038 2934 AEetae,
2053 2895 2110 2935 qui
2125 2895 2166 2927 ad

1135 2967 1290 2999 quercum
1308 2958 1340 2988 in
1359 2957 1470 2989 Martis
1486 2955 1559 2986 luco
1574 2963 1644 2986 eam
1658 2952 1757 2984 clavis
1773 2952 1886 2984 affixit.
1907 2954 1972 2984 ⁷Ex
1979 2954 2164 2996 Chalciope,

1135 3019 1238 3050 AEetae
1260 3017 1336 3056 filia,
1366 3017 1518 3056 quattuor
1545 3014 1637 3045 erant
1665 3012 1785 3044 Phrixo
1810 3011 1880 3052 filii,
1911 3015 2027 3054 Argus,
2042 3013 2163 3052 Melas,

1135 3076 1296 3115 Phrontis,
1310 3075 1495 3116 Cytisorus.

1178 3137 1224 3176 (2)
1246 3137 1362 3167 Postea
1383 3133 1538 3165 Athamas
1553 3131 1693 3163 Junonis
1715 3131 1763 3163 ira
1783 3130 1879 3163 etiam
1902 3139 1985 3172 quos
2007 3139 2047 3164 ex
2066 3133 2166 3163 Inone

1136 3195 1275 3227 habebat
1288 3193 1361 3224 filiis
1378 3192 1523 3233 privatus
1539 3193 1598 3223 est.
1614 3192 1687 3232 Ipse
1699 3190 1786 3222 enim
1799 3189 1908 3222 surore
1920 3190 2061 3231 percitus
2075 3192 2166 3235 Lear-

1136 3255 1235 3286 chum
1250 3252 1366 3292 sagitta
1380 3249 1554 3289 interemit,
1570 3251 1628 3282 Ino
1641 3251 1749 3281 autem
1764 3249 1961 3281 Melicertam
1974 3257 2084 3281 secum
2096 3249 2165 3290 ipsa

1137 3319 1170 3343 1n
1184 3317 1272 3341 mare
1288 3308 1413 3348 dejecit.
1431 3310 1445 3329 2
1458 3305 1580 3339 Deinde
1603 3315 1621 3338 e
1642 3305 1765 3338 Boeotia
1783 3305 1897 3346 pulsus
1913 3305 2009 3338 deum
2026 3307 2163 3347 rogavit,

1104 3401 1106 3404 ,
1138 3368 1271 3400 ubinam
1288 3367 1431 3407 gentium
1447 3366 1650 3398 habitaturus
1664 3367 1759 3397 esset.
1781 3365 1957 3406 Respondit
1976 3365 2161 3405 oraculum,

1993 3425 2021 3453 8.
