2320 3684
0 3413 6 3462 ἰ

0 3463 8 3525 ⁵1

736 147 1051 187 PHILOCHORI
1081 144 1415 187 FRAGMENTA.

93 295 268 336 Athenaei
283 297 390 341 XIV,
409 305 478 338 20,
497 304 536 342 p.
554 290 650 336 656,
664 295 747 327 A:«
765 287 940 334 Ἀθηναῖοι
957 285 1000 335 δ’,
1020 285 1068 328 ὥς

41 371 126 410 φησι
136 353 435 407 Φιλόχορος,ταῖς
448 349 580 403 “Ωραις
596 348 730 391 θύοντες
742 348 805 385 οὐκ
821 347 974 384 ὀπτῶσιν
989 344 1066 383 ἀλλ’

41 414 162 469 ἕψουσι
178 413 223 452 τὰ
241 411 329 466 κρέα
341 442 351 461 ,
368 408 640 464 παραιτούμενοι
658 406 721 451 τὰς
739 404 817 450 θεὰς
834 404 1009 460 ἀπείργειν
1023 403 1067 442 τὰ

40 473 227 527 περισκελῆ
253 469 419 522 καύματα
446 467 505 507 καὶ
534 468 610 510 τοὺς
633 465 811 519 αὐχμοὺς,
834 462 924 516 μετὰ
950 463 986 501 δὲ
1005 466 1067 510 τῆς

41 530 243 586 συμμέτρου
260 528 450 584 θερμασίας
462 526 522 566 καὶ
539 526 675 565 ὑδάτων
695 524 832 579 ὡραίων
853 524 1003 563 ἐκτελεῖν
1022 520 1067 561 τὰ

42 589 209 645 φυόμενα.
224 590 300 636 Τὴν
325 587 388 640 μὲν
416 585 485 640 γὰρ
501 585 648 633 ὄπτησιν
663 583 825 627 ἐλάττους
849 581 1066 635 παρέχεσθαι

41 648 229 703 ὠφελείας,
253 646 316 695 τὴν
346 645 383 685 δὲ
408 645 534 699 ἕψησιν
552 645 590 683 οὔ
611 643 716 696 μόνον
739 642 803 690 τὴν
819 642 986 694 ὠμότητα
1004 655 1067 679 πε-

43 713 199 762 ριαιρεῖν,
219 705 309 746 ἀλλὰ
328 705 388 745 καὶ
418 704 463 743 τὰ
497 702 634 756 σκληρὰ
666 701 853 754 μαλάττειν
881 699 1047 739 δύνασθαι
1058 730 1067 748 ,

41 766 100 806 καὶ
113 765 157 806 τὰ
174 765 283 805 λοιπὰ
298 763 521 803 πεπαίνειν.»
540 762 625 802 Ἔτι
653 762 690 800 δὲ
728 759 972 813 εὐμενέστερον
1007 757 1067 796 καὶ

42 823 300 879 ἀκινδυνότερον
334 822 498 862 πεπαίνει
527 821 591 869 τὴν
629 820 776 875 τροφήν·
807 818 927 872 διόπερ
967 817 1067 871 ἑφθὸν

43 885 199 937 ἓποπτᾷν
218 882 256 922 οὔ
273 898 359 937 φασι
378 883 447 920 δεῖν
465 880 536 919 οὐδ’
563 879 713 934 ἐφέψειν.
737 878 792 918 Τὸ
812 876 875 929 μὲν
892 875 959 930 γὰρ
982 874 1070 914 ἀνά-

44 944 143 981 λυσιν
162 941 255 994 ἔχειν
271 943 365 980 δοκεῖ
384 944 445 980 τοῦ
464 939 655 993 βελτίονος,
677 937 724 982 ὥς
750 952 853 991 φησιν
873 933 1071 989 Ἀριστοτέ-

42 1002 125 1050 λης,
141 1000 186 1040 τὰ
201 999 238 1040 δὲ
254 1000 346 1040 ὀπτὰ
358 1002 427 1039 τῶν
446 1001 558 1054 ἑφθῶν
572 997 734 1052 ὠμότερα
753 996 811 1035 καὶ
838 994 1016 1050 ξηρότερα.

97 1061 254 1100 Fallitur
292 1061 514 1099 Athenaeus:
531 1058 756 1097 Aristoteles
786 1056 987 1095 Meteorol.
1004 1057 1071 1103 lv,

46 1123 68 1160 3
92 1120 185 1159 dicit
206 1120 307 1159 elixa
321 1120 482 1158 sicciora
501 1131 583 1157 esse
597 1118 703 1156 assis.

517 1176 604 1216 172.

99 1247 224 1293 Etym.
238 1246 292 1282 M.
309 1256 348 1282 V.
366 1240 509 1290 Θυηλαί
526 1257 534 1279 :
553 1237 660 1294 Παρὰ
679 1239 719 1278 τὸ
738 1239 830 1288 θύω,
857 1236 981 1285 θυηλή.
1000 1238 1075 1276 Κυ-

47 1301 128 1356 ρίως
148 1300 212 1353 μὲν
226 1300 304 1346 τοὺς
324 1301 477 1344 θύλακας
488 1331 499 1349 ,
515 1302 562 1344 εἷς
578 1299 634 1343 οὒς
655 1297 700 1338 τὰ
716 1298 922 1350 θυμιάματα
942 1295 1076 1347 ἐμὸάλ-

45 1363 165 1400 λεται·
185 1362 478 1415 καταχρηστικῶς
498 1358 535 1398 δὲ
553 1365 653 1398 πᾶσα
672 1358 784 1397 θυσία.
802 1356 943 1404 Θυηλαὶ
963 1351 1022 1395 οῧν
1041 1357 1077 1394 αἱ

47 1420 207 1474 ἀπαρχαὶ
221 1422 290 1459 τῶν
304 1421 444 1468 θυσιῶν,
460 1418 567 1470 ἤγουν
581 1420 618 1456 αἱ
631 1417 759 1456 θυσίαι.
772 1415 988 1469 Φιλόχορος,
1006 1417 1078 1462 Γῆς

45 1478 173 1523 παῖδας
193 1471 281 1517 εἶναι
297 1477 445 1525 θυηλὰς,
462 1476 502 1520 ἃς
516 1475 658 1530 πρώτας
676 1478 778 1514 θῦσαι
791 1478 889 1518 θεοῖς.

100 1602 226 1641 Schol.
250 1601 377 1653 Apoll.
407 1600 534 1640 Rhod.
567 1614 606 1646 1,
635 1596 943 1651 517εΦιλόχορος
968 1597 1003 1634 ἓν
1028 1598 1078 1649 τῷ

47 1661 127 1716 περὶ
162 1662 289 1700 θυσιῶν
319 1659 438 1714 φησὶν,
467 1658 520 1697 ὅτι
546 1657 587 1698 τὸ
619 1657 807 1697 κάλλιστον
836 1659 897 1694 τοῦ
918 1653 1080 1706 σώματος

48 1720 108 1759 καὶ
124 1718 302 1774 πρωτεῦόν
323 1721 416 1758 ἐστιν
437 1720 472 1771 (ἡ
489 1718 661 1771 γλῶσσα).

102 1784 187 1819 Hoc
207 1779 344 1818 iisdem
359 1778 489 1818 verbis
506 1777 695 1829 repetitur
713 1789 735 1814 a
752 1774 969 1815 Phavorino
998 1786 1015 1810 s
1042 1787 1078 1810 v.

50 1837 221 1883 Γλώσσας
241 1837 345 1876 θύειν.

104 1951 248 1990 Natalis
262 1950 422 1990 Comitis
434 1949 597 2000 Mythol.
613 1951 685 1996 IX,
706 1948 766 1992 18,
778 1961 816 1998 p.
833 1959 949 1984 1020:
965 1963 981 1978 «ι
996 1944 1084 1982 Phi-

52 2010 234 2048 lochorus
250 2010 291 2048 in
311 2009 400 2047 libro
422 2011 468 2046 de
484 2010 686 2058 sacr-ficiis,
713 2007 899 2045 Minervae
922 2005 1083 2042 consilio

53 2069 231 2108 edoctum
250 2068 445 2120 OEdipum
457 2068 583 2120 inquit
600 2067 782 2105 societate
798 2065 942 2116 rapinae
962 2064 1084 2101 simu—

55 2128 132 2166 lata
159 2141 199 2166 se
229 2128 278 2166 ad
309 2128 518 2179 Sphingem
547 2126 769 2173 contulisse,
803 2132 939 2175 atque,
972 2123 1084 2160 novis

55 2200 206 2238 semper
225 2187 337 2225 sociis
356 2186 510 2238 OEdipo
528 2199 567 2224 sc
584 2184 815 2223 addentibus
827 2214 837 2233 ,
858 2183 1023 2232 denique
1038 2182 1085 2219 il—

54 2246 129 2284 lam
148 2260 235 2284 cum
254 2259 391 2297 magna
405 2259 564 2283 suorum
584 2258 698 2282 manu
714 2244 963 2295 oppressisse.
982 2260 999 2276 ι»

109 2305 166 2344 Cf.
183 2305 340 2345 Suidam
355 2319 390 2343 v.
406 2303 573 2348 Οἰδίπους
583 2313 620 2341 et
628 2307 804 2342 Tzetzam
826 2303 875 2341 ad
892 2304 1085 2355 Lycophr.

59 2378 93 2413 7.
127 2367 213 2403 Non
247 2376 448 2415 possumus
470 2363 707 2401 confidenter
732 2363 806 2401 hoc
834 2362 1086 2413 fragmentum

103 2540 121 2556 «ι
137 2527 351 2560 Athenienses
364 2551 374 2567 ,
406 2529 442 2559 ut
471 2526 517 2560 ait
529 2481 762 2567 1Pliillmhorus,
794 2535 896 2568 quum
911 2526 1008 2559 Horis
1038 2535 1088 2559 sa·

0 2579 1 2583 ’
61 2584 115 2608 cra
128 2574 250 2607 faciunt
262 2598 271 2615 ,
287 2584 351 2608 non
375 2577 486 2608 assant
504 2583 633 2607 carnem
648 2597 657 2613 ,
683 2573 739 2606 sed
751 2574 874 2606 elixant
892 2585 901 2615 ;
920 2576 1089 2616 precantes

62 2622 150 2664 deas,
168 2626 206 2656 ut
223 2623 393 2665 praeduros
410 2625 511 2656 aestus
524 2625 557 2655 et
573 2622 735 2655 siccitates
751 2625 901 2662 arceant,
926 2632 964 2655 ac
979 2623 1087 2656 mode-

63 2674 132 2704 rato
147 2671 252 2704 calore
268 2673 301 2704 et
321 2670 524 2713 tempestivis
543 2670 703 2702 imbribus
727 2669 768 2702 ad
784 2670 1003 2702 maturitatem
1023 2679 1090 2711 per-

64 2717 185 2750 ducant
200 2727 238 2751 ea
256 2727 331 2759 quae
347 2727 365 2750 e
379 2719 466 2750 terra
490 2717 679 2759 gignuntur.
695 2718 901 2751 Assationem
912 2718 1000 2750 enim
1016 2717 1091 2759 (exi-

64 2764 210 2806 stimant)
224 2765 336 2797 minus
350 2765 494 2806 praebere
512 2765 682 2804 utilitatis;
708 2764 915 2797 elixationem
931 2773 1008 2796 vero
1024 2772 1090 2796 non

65 2813 163 2846 modo
176 2813 371 2846 cruditatem
395 2813 503 2845 tollere
515 2838 524 2854 ,
541 2813 597 2845 sed
620 2815 653 2846 et
669 2813 750 2845 dura
766 2813 911 2845 emollire
926 2821 1022 2854 posse
1033 2835 1042 2852 ‚
1058 2813 1091 2845 et

66 2858 126 2891 alia
135 2859 245 2892 omnia
251 2862 376 2892 matura
391 2862 424 2891 et
436 2860 527 2892 mitia
538 2860 703 2892 reddere.»
715 2862 819 2900 Atque
830 2859 927 2891 etiam
941 2858 1092 2891 blandius

67 2906 100 2938 et
111 2906 235 2939 minore
246 2907 390 2948 periculo
405 2907 482 2939 mite
495 2907 656 2948 melleque
669 2907 859 2939 alimentum
870 2906 980 2939 reddit
993 2906 1092 2938 elixa-

67 2952 123 2985 tio.
139 2955 245 2991 Quare
264 2954 359 2986 etiam
376 2954 491 2994 aiunt,
511 2954 665 2986 elixatum
689 2962 749 2986 nec
774 2953 890 2986 deinde
913 2953 1014 2986 assari
1031 2961 1092 2985 nec

68 3001 196 3042 recoqui
212 3001 328 3034 debere
347 3011 354 3033 :
371 3001 435 3034 hoc
448 3001 534 3033 enim
548 3002 576 3033 si
591 3001 637 3042 fit,
652 3000 782 3033 videtur
796 3000 933 3033 dissolvi
955 3001 990 3032 id
1005 2999 1090 3041 quod

69 3047 228 3087 optimum
244 3050 305 3089 est,
324 3049 362 3080 ut
376 3048 421 3080 ait
435 3047 633 3080 Aristoteles.
651 3048 767 3080 Assata
782 3056 861 3080 vero
874 3047 979 3088 magis
993 3047 1094 3079 cruda

70 3095 102 3125 et
113 3094 202 3127 arida
216 3097 303 3135 sunt,
318 3104 416 3136 quam
429 3095 523 3127 elixa.

113 3188 242 3227 θυηλαί.
259 3190 360 3221 Αθύω
375 3189 540 3222 descendit
555 3190 662 3229 θυηλή;
679 3190 807 3230 proprie
823 3189 952 3228 sacculi,
968 3189 1000 3220 in
1013 3196 1094 3228 quos

73 3233 256 3268 suffimenta
267 3235 468 3277 inficiuntur,
486 3236 620 3269 abusive
640 3245 718 3269 vero
732 3236 872 3277 quodvis
883 3235 1095 3272 sacrificium

74 3281 180 3319 θυηλαί
205 3285 282 3315 sunt
306 3283 403 3323 igitur
417 3283 568 3324 primitiae
583 3283 814 3315 sacrificiorum
839 3283 908 3315 sive
927 3281 1093 3314 sacrificia.

77 3327 284 3361 Philochorus
313 3330 359 3362 ait
374 3338 443 3362 esse
461 3331 567 3369 Terrae
582 3330 664 3362 filias
692 3338 763 3362 esse
788 3329 858 3361 illas
886 3329 996 3366 θυηλὰς
1014 3335 1096 3367 quas

78 3375 196 3415 primas
211 3375 273 3408 diis
289 3377 475 3408 sacrificent.

2070 153 2146 187 413

1127 233 1360 271 Philochoro
1413 232 1604 280 tribuere,
1652 245 1772 284 quum
1818 233 1962 271 Natalis
2014 237 2150 273 Comes

1127 293 1333 331 mendaciis
1352 293 1481 331 fallere
1510 292 1638 331 soleat.
1668 292 1777 331 Idem
1796 294 1896 331 valet
1915 293 1963 332 de
1978 295 2152 345 sequenti

1126 351 1348 403 fragmento.

1179 457 1303 495 Natal.
1319 457 1456 495 Comit.
1468 460 1487 495 I
1499 487 1509 505 ,
1527 471 1564 506 9,
1583 403 1626 508 pl
1635 403 1709 496 33256:
1728 459 1871 496 «Erant
1883 466 2009 497 autem
2027 458 2153 496 canti-

1125 515 1220 552 lenae
1232 515 1272 552 in
1293 515 1408 552 sacris
1427 516 1520 553 nihil
1542 515 1646 553 aliud
1659 545 1670 564 ,
1690 529 1802 567 quam
1817 516 2155 554 commemoratio-

1126 586 1192 610 nes
1210 586 1343 610 eorum
1361 573 1636 612 beneficiorum
1649 603 1659 622 ,
1679 588 1764 626 quae
1795 575 1849 612 dii
1869 575 1944 627 ipsi
1968 576 2008 614 in
2029 574 2157 613 homi-

1127 645 1195 669 nes
1227 631 1383 682 benigni
1404 632 1659 681 contulerant,
1690 646 1778 670 cum
1811 634 1953 672 virium
1982 634 2157 685 ipsorum

1128 690 1289 728 deorum
1317 698 1355 727 et
1381 691 1589 728 clementiae
1616 699 1655 729 et
1685 691 1923 732 liberalitatis
1947 691 2156 742 amplifica-

1129 748 1234 786 tione
1250 777 1260 795 ,
1295 756 1334 785 et
1362 762 1450 785 cum
1470 749 1670 799 precibus,
1703 758 1747 788 ut
1769 749 1926 801 benigni
1958 763 2002 788 ac
2030 750 2158 788 faciles

1128 806 1376 858 precantibus
1390 806 1627 856 accederent,
1646 816 1688 846 ut
1702 809 1756 846 ait
1771 809 2024 847 Philochorus
2033 809 2073 847 in
2089 807 2158 846 lib.

1128 867 1174 903 de
1186 866 1384 915 sacrficiis.
1406 883 1421 898 »

1454 971 1579 1010 ΠΕΡΙ
1607 970 1839 1060 ΞΜΕΡΩΝ.

1189 1077 1316 1115 Schol.
1336 1075 1492 1114 Pindar.
1509 1078 1621 1114 Nem.
1642 1079 1721 1125 ΙΙΙ,
1741 1081 1782 1121 4:
1798 1075 2015 1129 Ἱερομηνίαι
2041 1076 2078 1116 δὲ
2100 1076 2164 1116 λέ-

1132 1150 1254 1186 γονται
1271 1136 1307 1173 αἳ
1327 1135 1361 1173 ἐν
1376 1136 1427 1188 τῷ
1451 1133 1536 1184 μηνὶ
1559 1133 1650 1187 ἱεραὶ
1673 1132 1824 1187 ἡμέραι,
1851 1135 2051 1183 οἱαιδήποτε
2077 1139 2165 1180 θεοῖς

1135 1191 1335 1245 ἀνειμέναι·
1351 1192 1409 1231 τὸν
1429 1186 1488 1231 οῧν
1509 1194 1749 1246 Δημητριῶνα
1778 1192 1874 1243 μῆνά
1901 1209 1986 1247 φησι
2013 1194 2167 1247 Φιλόχο-

1137 1267 1193 1306 ρος
1219 1251 1299 1290 ὅλον
1329 1251 1550 1304 ψηφίσασθαι
1576 1249 1656 1294 τοὺς
1677 1250 1874 1298 Ἀθηναίους
1893 1252 2093 1305 ἱερομηνίαν
2108 1251 2167 1290 λέ-

1136 1314 1260 1363 γεσθαι
1274 1342 1284 1360 ,
1299 1305 1368 1350 οἷον
1387 1310 1467 1350 ὅλον
1483 1310 1620 1366 ἑορτήν.
1648 1310 1869 1364 Ἱερομηνίαν
1889 1312 1994 1364 φησὶν
2022 1315 2057 1351 ἐν
2082 1312 2167 1351 τού-

1137 1386 1208 1414 τοις
1221 1386 1230 1395 ·
1259 1388 1274 1405 «
1294 1370 1478 1410 Ἁπάντων
1498 1372 1600 1422 ἡμῶν
1622 1369 1778 1422 ἀγόντων
1798 1371 2012 1425 ἱερομηνίαν.
2028 1390 2044 1407 »
2072 1374 2170 1410 Sunt

1139 1429 1262 1468 verba
1280 1430 1477 1481 plebisciti
1493 1430 1607 1468 Attici
1627 1444 1674 1468 ex
1702 1430 1936 1469 Philochoro
1955 1430 2069 1469 ducta
2083 1459 2094 1479 ,
2123 1430 2171 1469 ad

1139 1502 1256 1543 quem
1276 1489 1444 1540 pertinet
1464 1488 1559 1526 illud
1579 1487 1696 1542 φησίν.

1192 1600 1329 1639 Suidas
1354 1614 1384 1638 s.
1414 1614 1448 1638 v.
1468 1600 1620 1654 Τετράδι
1649 1599 1794 1652 γέγονας
1815 1615 1823 1637 :
1852 1599 1937 1640 Ἐπὶ
1956 1602 2026 1639 τῶν
2056 1599 2172 1644 ἄλλοις

1139 1657 1348 1698 πονούντων·
1369 1659 1428 1697 καὶ
1441 1658 1508 1713 γὰρ
1527 1658 1586 1698 τὸν
1607 1657 1789 1712 (Ηρακλέα
1809 1658 1950 1712 τετράδι
1966 1659 2174 1711 γεννηθέντα

1141 1718 1314 1771 Εὐρυσθεῖ
1334 1717 1617 1772 ταλαιπωρῆσαι.
1641 1716 1840 1770 Φιλόχορος
1861 1717 1899 1756 δέ
1926 1733 2012 1771 φησι
2037 1717 2097 1756 καὶ
2116 1718 2173 1756 ἐπὶ

1141 1775 1276 1830 Ἑρμοῦ
1311 1774 1417 1823 αὐτὴν
1456 1775 1623 1815 δύνασθαι
1658 1775 1833 1828 λέγεσθαι.
1860 1778 2102 1815 Διατεθεῖσθαι
2137 1775 2175 1815 δὲ

1142 1834 1312 1888 εΗρακλεῖ
1325 1833 1388 1882 τὴν
1405 1834 1540 1888 ἡμέραν
1561 1837 1595 1873 ἐν
1611 1834 1722 1887 ταύτῃ
1743 1836 1789 1879 εἷς
1805 1833 1900 1879 θεοὺς
1923 1835 2148 1887 μεταστάντι.

1196 1894 1340 1932 Eadem
1362 1895 1457 1945 legis
1477 1894 1580 1946 apud
1599 1894 1842 1945 Apostolium
1871 1902 1909 1931 et
1936 1894 2114 1931 Photium
2136 1894 2174 1931 in

1142 1953 1285 1991 Lexieo
1301 1952 1350 1991 ab
1371 1956 1500 1991 Herm.
1519 1953 1578 1990 ed.
1609 1966 1647 2003 p.
1667 1953 1757 1998 426.
1782 1953 1842 1990 Ex
1859 1951 1997 1989 Photio
2017 1952 2176 1990 Siebelis

1143 2012 1182 2049 in
1200 2011 1329 2050 Suidae
1347 2012 1434 2049 loco
1451 2011 1568 2056 ἄλλοις
1588 2024 1661 2062 pro
1678 2009 1792 2053 ἄλλως
1811 2018 1850 2048 et
1866 2010 2068 2047 articulum
2089 2019 2177 2048 ante

1143 2069 1279 2124 ἡμέραν
1291 2071 1578 2122 posuit.Vocem
1592 2067 1734 2123 τετράδι
1745 2069 1792 2107 de
1806 2077 1944 2120 quarta
1955 2069 2094 2106 mensis
2102 2069 2177 2117 die,

1144 2143 1224 2167 non
1239 2142 1333 2167 vero
1348 2129 1395 2166 de
1412 2137 1549 2179 quarta
1566 2128 1656 2166 luna
1672 2127 1959 2178 intelligendam
1977 2140 2058 2164 esse
2068 2155 2081 2172 ‚
2103 2140 2178 2165 ma-

1146 2189 1324 2226 nifestum
1361 2189 1403 2225 fit
1425 2202 1473 2225 ex
1504 2187 1721 2226 Phavorino
1753 2199 1791 2223 v.
1825 2185 1949 2240 Ἀρκάς
1966 2200 1974 2222 :
1994 2185 2178 2238 Παροιμία

1147 2246 1286 2285 ἐπὶτῶν
1306 2246 1423 2290 ἄλλοις
1442 2244 1665 2298 μοχθούντων
1687 2244 1727 2283 τὸ
1743 2246 1778 2283 ἓν
1798 2244 1938 2297 τετράδι
1957 2246 2177 2295 γεννηθῆναι,

1146 2304 1238 2343 κατὰ
1253 2305 1312 2343 τὸν
1332 2304 1515 2359 εΗρακλέα
1530 2302 1685 2353 δηλαδὴ,
1705 2302 1740 2347 ὃς
1758 2302 1867 2355 μηνὸς
1882 2302 2032 2356 τετάρτῃ
2049 2318 2177 2355 γεννη-

1147 2364 1216 2408 θεὶς
1229 2363 1345 2407 ἄλλοις
1361 2363 1471 2411 ἤθλει.

1624 2481 1638 2513 1
1702 2506 1710 2514 .

1192 2534 1405 2567 Philochorus
1418 2533 1452 2566 in
1469 2533 1552 2565 libro
1565 2533 1605 2566 de
1614 2482 1784 2565 Sa7c3ificiis
1800 2531 1856 2572 ait,
1873 2530 2028 2572 optimam
2043 2530 2076 2561 et
2088 2528 2177 2569 prin-

1150 2583 1286 2624 cipalem
1300 2581 1446 2622 corporis
1458 2582 1583 2623 partem
1596 2589 1667 2613 esse
1685 2580 1839 2621 linguam.

1553 2654 1773 2669 ⁴000,-

1518 2700 1587 2738 DE
1615 2695 1813 2736 DIEBUS.

1621 2773 1709 2806 176.

1192 2835 1422 2866 Hieromenioe
1428 2831 1581 2864 dicuntur
1594 2829 1677 2862 sacri
1693 2828 1812 2860 mensis
1823 2827 1904 2863 dies,
1918 2825 2103 2866 quicunque
2116 2824 2179 2858 diis

1152 2880 1331 2912 consecrati
1347 2881 1434 2912 sunt.
1453 2877 1666 2911 Philochorus
1688 2875 1808 2914 tradit,
1832 2872 2044 2906 Athenienses
2072 2872 2179 2904 decre-

1152 2927 1238 2959 visse
1254 2929 1360 2959 totum
1373 2925 1612 2959 Demetrionem
1628 2931 1774 2955 mensem
1788 2921 1972 2953 vocandum
1986 2928 2058 2952 esse
2076 2919 2179 2953 hiero·

1152 2976 1303 3014 meniam,
1320 2976 1440 3016 quippe
1455 2974 1511 3015 qui
1525 2975 1613 3004 totus
1628 2972 1713 3004 esset
1727 2969 1858 3002 festum.
1881 2967 2120 3000 Hieromeniam
2135 2967 2180 2999 di·

1152 3023 1196 3054 cit
1207 3023 1240 3054 in
1255 3023 1327 3055 his:
1346 3034 1361 3050 «
1377 3021 1478 3054 Nobis
1492 3020 1644 3052 omnibus
1657 3017 1886 3050 hieromeniam
1901 3015 2150 3049 celebrantibus.
2160 3029 2177 3046 υ

1622 3078 1708 3110 177.

1201 3141 1337 3177 Quarta
1349 3138 1405 3171 die
1421 3138 1547 3170 mensis
1563 3137 1671 3168 natus
1681 3143 1736 3175 οε,
1751 3133 1792 3166 de
1806 3133 1857 3174 iis,
1870 3133 1925 3174 qui
1935 3133 2007 3165 aliis
2018 3132 2180 3165 laborant.

1155 3189 1236 3220 Nam
1260 3188 1292 3218 et
1313 3185 1501 3224 Herculem,
1520 3185 1634 3224 quarta
1662 3182 1715 3214 die
1741 3184 1871 3221 natum,
1897 3180 2069 3221 Eurysthei
2088 3180 2181 3221 iussu

1155 3231 1400 3265 molestissimos
1433 3230 1559 3263 labores
1593 3229 1777 3262 exantlasse
1807 3229 1927 3261 ferunt.
1966 3227 2180 3260 Philochorus

1156 3289 1233 3312 vero
1249 3280 1307 3320 ait,
1322 3278 1531 3321 proverbium
1545 3278 1607 3310 hoc
1617 3277 1699 3310 etde
1714 3276 1874 3309 Mercurio
1884 3275 1949 3308 dici
1963 3284 2068 3317 posse.
2088 3274 2180 3307 Diem

1157 3329 1264 3358 autem
1279 3326 1379 3358 istum
1394 3325 1527 3358 Herculi
1551 3324 1746 3357 attributum
1769 3331 1859 3363 esse,
1876 3322 1965 3364 quod
1990 3330 2028 3354 eo
2045 3320 2086 3353 ad
2102 3320 2180 3352 deos

1157 3373 1311 3413 migrarit.
