2320 3684
685 130 1020 170 APOLLODORI
1046 131 1405 175 BIBLIOTHECAE
1432 137 1467 189 1,
1477 142 1513 177 9.

51 218 297 274 παραπλέουσι
330 218 480 271 μηνίσας
510 217 598 262 Ζεὺς
634 216 720 270 ὑπὲρ
764 220 827 255 τοῦ
861 215 1081 271 φονευθέντος

53 277 222 333 Ἀψύρτου
241 280 402 331 χειμῶνα
423 276 553 330 λάὸρον
575 273 775 328 ἐπιπέμψας
799 274 969 326 ἐμὸάλλει
987 274 1082 312 πλά-

51 353 127 385 νην.
146 336 218 376 Καὶ
232 338 345 375 αὐτῶν
364 334 426 378 τὰς
441 333 644 387 Ἀψυρτίδας
659 332 785 380 νήσους
804 332 1080 387 παραπλεόντων

52 398 75 443 ἡ
93 399 176 439 ναῦς
199 393 396 449 φθέγγεται,
415 392 466 444 μὴ
485 391 600 439 λήξειν
617 390 680 439 τὴν
701 390 806 445 ὀργὴν
820 395 881 430 τοῦ
900 391 999 438 Διὸς,
1019 390 1080 429 ἐὰν

53 452 104 505 μὴ
126 452 347 508 πορευθέντες
366 452 413 494 εἷς
426 449 490 497 τὴν
509 449 696 498 Αὐσονίαν,
709 448 767 488 τὸν
789 449 963 504 Ἀψύρτου
980 447 1080 502 φόνον

51 514 271 566 καθαρθῶσιν
294 508 360 548 ὑπὸ
379 508 525 563 Κίρκης.
546 510 562 534 ⁵
581 510 627 548 Οἱ
653 507 690 547 δὲ
706 507 1017 562 παραπλεύσαντες
1038 506 1082 545 τὰ

52 570 195 621 Λιγύων
210 569 270 608 καὶ
285 569 428 608 Κελτῶν
445 567 524 616 ἔθνη
537 599 548 617 ,
566 566 628 606 καὶ
647 565 705 604 διὰ
725 571 786 605 τοῦ
806 566 998 621 Σαρδονίου
1014 582 1082 605 πε-

51 627 179 680 λάγους
226 625 468 678 κομισθέντες,
512 625 824 679 παραμειψάμενοι
867 625 1080 680 Τυῤῥηνίαν,

52 682 157 736 ’ἦλθον
176 688 223 731 εἷς
242 684 380 725 Αἰαίαν.
398 683 514 724 Ἔνθα
541 684 658 739 Κίρκῃ
679 684 792 723 ἱκέται
812 683 992 737 γενόμενοι
1018 700 1083 723 κα-

53 745 242 799 θαίρονται.
495 775 497 782 χ

104 804 183 856 (25)
204 801 489 853 Παραπλεόντων
519 800 556 840 δὲ
586 803 758 855 Σειρῆνας
790 803 916 851 αὐτῶν,
939 800 1084 856 Ὀρφεὺς

49 861 113 910 τὴν
141 861 305 901 ἐναντίαν
341 865 478 912 μοῦσαν
512 861 692 914 μελῳδῶν,
732 860 812 905 τοὺς
853 859 1084 914 Ἀργοναύτας

50 918 214 972 κατέσχε.
251 917 367 963 Μόνος
406 917 444 957 δὲ
486 918 621 966 Βούτης
673 917 858 967 ἐξενήξατο
887 917 972 972 πρὸς
1015 921 1082 958 αὐ-

49 978 131 1029 τὰς,
174 979 211 1018 ὃν
245 977 438 1033 ἁρπάσασα
458 977 640 1033 Ἀφροδίτη
681 979 720 1017 ἐν
744 978 927 1033 Λιλυὸαίῳ
959 977 1082 1033 κατῴ-

50 1053 138 1079 κισε.

101 1096 227 1138 2Μετὰ
247 1096 284 1136 δὲ
305 1097 368 1142 τὰς
388 1098 561 1151 Σειρῆνας
575 1095 640 1144 τὴν
662 1100 747 1136 ναῦν
771 1095 950 1151 Χάρυὸδις
971 1096 1083 1143 ἐξεδέ-

49 1172 152 1210 χετο,
174 1155 235 1195 καὶ
267 1155 413 1196 Σκύλλα
425 1186 437 1207 ,
457 1155 517 1195 καὶ
536 1155 671 1210 Πέτραι
702 1155 910 1208 Πλαγκταὶ,
925 1155 1012 1210 ὑπὲρ
1034 1151 1081 1195 ὧν

49 1215 134 1270 φλὸξ
151 1214 265 1263 πολλὴ
289 1215 350 1254 καὶ
374 1214 505 1258 καπνὸς
524 1214 780 1268 ἀναφερόμενος
808 1218 954 1270 ἑωρᾶτο.
977 1214 1083 1254 Ἀλλὰ

50 1273 107 1313 διὰ
123 1273 255 1313 τούτων
273 1271 449 1325 διεκόμισε
463 1271 527 1320 τὴν
541 1277 626 1312 ναῦν
645 1272 706 1312 σὺν
718 1272 875 1327 Νηρηίσι
894 1272 1000 1316 Θέτις
1014 1290 1084 1313 πα-

49 1335 264 1387 ρακληθεῖσα
281 1332 349 1372 ὑπὸ
367 1332 495 1387 ”Ηρας.

102 1392 443 1447 3Παραμειψοίμενοι
462 1391 496 1431 δὲ
515 1391 710 1447 Θρινακίαν
730 1395 835 1440 νῆσον
854 1391 976 1432 Ἡλίου
1004 1396 1084 1446 βοῦς

8 1462 9 1467 ’
49 1450 213 1505 ἔχουσαν,
238 1453 286 1495 εἷς
306 1450 370 1498 τὴν
388 1450 562 1490 Φαιάκων
590 1454 695 1498 νῆσον
718 1450 901 1505 Κέρκυραν
926 1447 1023 1500 ἧκον,
1041 1448 1082 1501 ἧς

50 1510 212 1564 βασιλεὺς
234 1505 276 1558 ἦν
294 1510 476 1554 Ἀλκίνοος.

102 1565 204 1609 4Τῶν
222 1568 259 1608 δὲ
276 1567 426 1621 Κόλχων
448 1566 512 1615 τὴν
532 1571 615 1606 ναῦν
635 1570 745 1621 εὑρεῖν
757 1567 807 1620 μὴ
822 1568 1036 1620 δυναμένων,
1050 1571 1080 1607 οἱ

50 1626 116 1679 μὲν
134 1633 204 1672 τοῖς
227 1626 435 1681 Κεραυνίοις
454 1625 549 1679 ὄρεσι
570 1625 803 1680 παρῴκησαν,
825 1629 855 1664 οἳ
882 1626 919 1665 δὲ
949 1629 996 1670 εἷς
1015 1627 1079 1676 τὴν

48 1686 224 1740 Ἰλλυρίδα
254 1684 500 1737 κομισθέντες,
527 1683 667 1723 ἔκτισαν
698 1684 904 1739 Ἀψυρτίδας
936 1685 1079 1733 νήσους·

47 1745 65 1770 ⁵
77 1744 160 1784 ἔνιοι
179 1743 228 1791 δὲ,
248 1743 333 1798 πρὸς
349 1743 516 1787 Φαίακας
533 1742 706 1792 ἐλθόντες,
724 1742 788 1791 τὴν
806 1742 916 1797 Ἀργὼ
931 1744 1082 1784 κατέλαα

48 1803 122 1853 ὃον,
134 1803 195 1842 καὶ
213 1801 278 1850 τὴν
298 1802 457 1850 Μήδειαν
475 1801 632 1855 ἀπῄτουν
651 1802 750 1856 παρὰ
771 1802 960 1842 Ἀλκινόου.
978 1804 1022 1843 Ὁ
1043 1804 1080 1843 δὲ

48 1856 155 1912 εἶπεν,
174 1865 203 1901 εἷ
228 1860 290 1913 μὲν
314 1861 381 1909 ἤδη
402 1861 630 1909 συνελήλυθεν
655 1861 803 1911 Ἰάσονι,
825 1863 878 1914 (οὗ
905 1865 934 1912 Ρ)
956 1862 1080 1903 δώσειν

51 1920 156 1969 αὐτὴν
181 1921 301 1974 ἐκείνῳ
314 1936 322 1945 ·
345 1922 374 1958 εἷ
391 1919 427 1958 δὲ
447 1919 498 1958 ἔτι
517 1919 686 1974 παρθένος
702 1921 797 1972 ἐστὶ,
815 1924 865 1973 τῷ
887 1922 995 1975 πατρὶ
1015 1925 1079 1960 ἀν-

49 1979 248 2032 τιπέμψειν.
272 1979 399 2033 Ἀρήτη
421 1977 457 2017 δὲ
474 1982 496 2026 ἡ
515 1977 690 2017 Ἀλκινόου
710 1979 796 2029 γυνὴ
812 1980 976 2034 φθάσασα
996 1981 1077 2028 Μή-

47 2039 141 2078 δειαν
160 2038 288 2078 Ἰάσονι
314 2036 520 2082 συνέζευξεν.
543 2037 621 2090 (26)
638 2036 745 2078 ‘'OOev
779 2040 810 2077 οἳ
842 2038 905 2090 μὲν
941 2039 1078 2093 Κόλχοι

47 2097 137 2148 μετὰ
168 2096 342 2136 Φαιάκων
370 2095 599 2150 κατῴκησαν,
625 2098 657 2135 οἱ
681 2096 717 2135 δὲ
742 2097 970 2151 Ἀργοναῦται
988 2098 1078 2150 μετὰ

45 2158 108 2210 τῆς
128 2154 285 2203 Μηδείας
303 2154 521 2207 ἀνήχθησαν.
547 2154 718 2200 Πλέοντες
740 2154 776 2194 δὲ
795 2156 915 2199 νυκτὸς
939 2159 1077 2212 σφοδρῷ

45 2213 294 2267 περιπίπτουσι
325 2216 484 2266 χειμῶνι.
504 2215 521 2239 2
538 2213 716 2253 Ἀπόλλων
748 2213 785 2253 δὲ
812 2215 896 2260 στὰς
926 2217 985 2255 ἐπὶ
1014 2217 1076 2261 τὰς

46 2273 263 2316 Μελαντίους
281 2271 412 2326 δειρὰς,
432 2271 595 2318 τοξεύσας
612 2276 663 2327 τῷ
682 2272 775 2326 βέλει
792 2275 838 2316 εἷς
859 2273 922 2322 τὴν
940 2275 1076 2314 θάλασ-

47 2347 123 2381 σαν,
133 2331 393 2386 κατήστραψεν.
408 2334 456 2372 Οἱ
472 2331 508 2371 δὲ
526 2332 674 2380 πλησίον
693 2332 881 2371 ἐθεάσαντο
894 2336 1012 2380 νῆσον,
1026 2337 1076 2372 τῶ

46 2388 83 2429 δὲ
105 2390 201 2444 παρὰ
233 2389 444 2445 προσδοκίαν
479 2393 720 2445 ἀναφανῆναι,
743 2376 1074 2446 προσορμισθέντες,

45 2447 195 2503 Ἀνάφην
213 2449 395 2488 ἐκάλεσαν.
414 2449 684 2503 3Ἱδρυσάμενοι
706 2449 742 2488 δὲ
767 2451 885 2503 βωμὸν
902 2451 1078 2491 Ἀπόλλω-

46 2522 101 2552 νος
126 2507 320 2559 Αἷγλήτου,
348 2510 407 2547 καὶ
428 2508 655 2553 θυσιάσαντες
674 2509 731 2547 ἐπ’
748 2509 898 2562 εὐωχίαν
922 2509 1075 2564 ἐτράπη-

45 2581 121 2605 σαν.
140 2569 303 2606 Δοθεῖσαι
326 2566 363 2605 δὲ
386 2567 454 2606 ὑπὸ
471 2567 616 2621 Ἀρήτης
639 2567 779 2621 Μηδείᾳ
810 2567 944 2607 δώδεκα
976 2569 1076 2623 θερά-

43 2638 167 2663 παιναι
181 2654 191 2672 ,
210 2625 289 2669 τοὺς
309 2626 471 2680 ἀριστέας
491 2626 670 2665 ἔσκωπτον
691 2625 779 2678 μετὰ
798 2627 981 2677 παιγνίας·
999 2627 1074 2666 ὅθεν

45 2681 98 2723 ἔτι
115 2683 175 2722 καὶ
191 2687 251 2723 νῦν
273 2687 317 2736 τῇ
342 2685 444 2739 θυσίᾳ
467 2684 609 2733 σύνηθές
632 2688 706 2725 ἐστι
728 2685 901 2725 σκώπτειν
922 2692 997 2731 ταῖς
1014 2703 1077 2739 γυ-

44 2740 164 2786 ναιξίν.

93 2800 128 2830 ,4²
137 2802 300 2839 ΙΞντεῦθεν
318 2801 523 2854 ἀναχθέντες
533 2802 727 2841 κωλύονται
737 2802 860 2857 Κρήτῃ
868 2802 1072 2856 προσίσχειν

46 2858 112 2897 ὑπὸ
129 2859 251 2899 Τάλω.
289 2862 422 2900 Τοῦτον
445 2863 477 2899 οἳ
502 2860 566 2912 μὲν
590 2865 651 2900 τοῦ
678 2863 814 2914 χαλκοῦ
837 2861 954 2912 γένους
984 2856 1073 2900 εἶναι

45 2915 221 2969 λέγουσιν·
241 2920 273 2956 οἱ
296 2918 354 2966 δὲ,
376 2918 443 2958 ὑπὸ
459 2919 654 2973 εΗφοιίστου
686 2920 803 2958 Μίνωϊ
831 2921 984 2967 δοθῆναι.
1004 2920 1072 2964 “Ος

45 2967 87 3022 ἦν
104 2976 375 3031 χαλκοῦςάνήρ.
397 2980 443 3017 Οἱ
460 2977 497 3016 δὲ
523 2981 664 3033 Ταῦρον
681 2978 784 3018 αὐτὸν
803 2978 977 3030 λέγουσιν,
998 2972 1072 3032 εἶχε

46 3032 84 3072 δὲ
101 3034 212 3087 φλέὸα
227 3035 310 3086 μίαν
331 3036 401 3075 ἀπὸ
417 3036 560 3089 αὐχένος
579 3037 849 3076 κατατείνουσαν
873 3037 957 3090 ἄχρι
980 3053 1071 3091 σφυ-

47 3093 135 3144 ρῶν·
153 3091 243 3131 κατὰ
262 3093 298 3132 δὲ
325 3095 364 3133 τὸ
395 3094 508 3148 δέρμα
530 3099 592 3143 τῆς
625 3096 751 3150 φλεὸὸς
784 3092 867 3144 ἧλος
898 3096 1071 3150 διήρειστο

43 3151 203 3201 χαλκοῦς.
226 3153 242 3177 5
259 3148 371 3198 Οῧτος
385 3156 403 3192 ὁ
422 3153 549 3199 Τάλως
568 3156 641 3209 τρὶς
665 3156 815 3204 ἑκάστης
845 3155 979 3208 ἡμέρας
1006 3155 1070 3203 τὴν

43 3209 146 3254 νῆσον
167 3212 433 3265 πεπιτροχάζων
466 3213 590 3267 ἐτήρει.
609 3214 672 3254 Διὸ
691 3214 752 3252 καὶ
773 3214 850 3253 τότε
870 3214 933 3261 τὴν
957 3213 1069 3267 Ἀργὼ

42 3268 307 3319 προσπλέουσαν
336 3273 474 3324 θεωρῶν
499 3273 605 3317 λίθοις
636 3273 793 3312 ἔὸαλλεν.
816 3272 1069 3320 Ἐξαπατηθεὶς

44 3321 82 3362 δὲ
100 3325 166 3365 ὑπὸ
189 3327 344 3375 Μηδείας
361 3328 544 3381 ἀπέθανεν,
564 3333 611 3376 ὡς
634 3330 697 3382 μὲν
717 3330 800 3370 ἔνιοι
822 3330 984 3382 λέγουσι,
1009 3331 1066 3368 διὰ

2086 147 2160 182 123

1132 230 1183 263 tes
1197 232 1323 273 Jupiter
1332 233 1375 266 ob
1387 235 1520 277 Apsyrti
1532 236 1654 269 caedem
1667 236 1781 277 iratus,
1798 236 1919 278 ingenti
1931 237 2032 270 missa
2045 240 2160 281 tempe-

1134 301 1218 333 state
1232 302 1267 334 in
1282 311 1423 337 errorem
1448 307 1601 348 conjectu
1636 315 1803 348 quumque
1817 308 2011 349 Apsyrtidas
2037 309 2163 342 insulas-

1134 371 1448 417 praeternavigarent,
1474 377 1558 417 Argo
1571 375 1653 408 dixit
1667 386 1675 408 :
1691 378 1710 409 J
1713 375 1784 409 ovis
1810 377 1892 409 iram
1906 386 1972 409 non
1984 376 2160 410 desituram

1133 449 1213 478 esse,
1231 442 1295 474 nisi
1313 442 1348 474 in
1368 446 1546 478 Ausoniam
1562 447 1725 489 profectos
1738 447 1831 482 circe
1858 448 1899 480 ab
1926 449 2058 490 Apsyrti
2072 449 2161 481 coede

1134 511 1321 552 expiaverit.
1339 515 1354 535 ὅ
1371 513 1472 554 Igitur
1499 516 1655 557 Ligurum
1669 517 1898 559 celtorumque
1909 519 2018 559 gentes
2036 519 2165 559 praeter-

1134 581 1218 613 vecti
1233 583 1266 613 et
1280 590 1337 623 per
1350 584 1541 617 sardonium
1558 595 1647 619 mare
1668 587 1764 619 delati
1778 587 1990 628 Tyrrheniam
2013 587 2156 629 legentes

1134 652 1292 683 venerunt
1306 651 1341 683 in
1352 654 1487 694 AEaeam,
1504 639 1565 687 ubi*
1575 664 1594 687 a
1610 656 1703 690 Circe
1718 657 1882 698 supplices
1903 657 2096 690 lustrantur.

1177 805 1245 847 (25)
1263 808 1327 845 Qui
1348 816 1449 849 quum
1483 808 1612 842 Sirenas
1637 812 1952 853 praeternavigarent,
1970 811 2101 845 obtudit
2111 820 2163 845 ea-

1135 874 1210 898 rum
1222 875 1336 899 vocem
1353 875 1414 899 suo
1435 870 1533 900 cantu
1550 869 1698 910 Orpheus
1711 893 1721 909 ‚
1748 871 1973 912 continuitque
1990 871 2103 903 heroes
2121 879 2163 902 ne

1135 925 1269 967 propius
1281 926 1482 959 accederent.
1500 929 1593 960 Unus
1608 929 1735 960 tantum
1758 930 1856 961 Butes
1876 930 1917 961 ad
1932 938 1987 961 eas
1999 928 2162 967 enatavit,

1135 993 1233 1025 quern
1262 986 1371 1017 tamen
1386 987 1497 1018 Venus
1513 987 1672 1028 ereptum,
1702 986 1883 1027 Lilybaeum
1905 987 2083 1026 transtulit,
2107 987 2162 1019 ubi

1135 1044 1306 1078 habitaret.

1176 1105 1270 1137 ’Post
1282 1104 1409 1137 Sirenes
1418 1113 1535 1138 navem
1548 1105 1730 1146 Charybdis
1739 1106 1863 1148 excepit
1875 1107 1908 1139 01
1921 1106 2025 1148 Scylla
2031 1108 2063 1139 et
2074 1105 2164 1140 Plan-

1135 1163 1197 1195 ctae
1209 1165 1321 1203 petrae,
1340 1170 1437 1204 super
1452 1162 1573 1203 quibus
1589 1163 1713 1195 multus
1729 1172 1804 1195 cum
1815 1163 1905 1196 sumo
1920 1164 2003 1205 ignis
2016 1165 2156 1197 emissus

1135 1219 1404 1261 conspiciebatur.
1423 1220 1486 1252 Sed
1501 1229 1558 1262 per
1583 1229 1638 1252 eas
1663 1220 1774 1253 Thetis
1797 1230 1871 1253 cum
1888 1221 2089 1262 Nereidibus,
2108 1224 2126 1254 J
2131 1231 2162 1254 u-

1135 1277 1232 1310 nonis
1249 1277 1386 1319 monitu,
1400 1277 1596 1324 incolumem
1612 1286 1728 1310 navem
1746 1278 1900 1311 traduxit.

1180 1398 1195 1417 δ
1215 1393 1420 1426 Praetervecti
1435 1392 1642 1424 Thrinaciam
1661 1391 1818 1432 insulam,
1834 1400 1934 1433 quam
1948 1392 2059 1424 tenent
2080 1390 2163 1424 Solis

1135 1452 1247 1493 boves,
1263 1452 1302 1485 ad
1319 1453 1505 1493 corcyram,
1519 1451 1692 1484 Phaeacum
1711 1451 1863 1491 insulam,
1878 1450 2053 1492 appellunt,
2071 1450 2163 1491 qu'us

1147 1521 1203 1544 rex
1220 1513 1288 1544 erat
1304 1511 1468 1544 Alcinous.

1175 1581 1189 1601 ⁴
1197 1580 1320 1610 Verum
1329 1577 1442 1610 colchi
1455 1585 1557 1617 quum
1563 1579 1646 1617 Argo
1659 1584 1776 1615 navem
1789 1584 1951 1616 nusquam
1965 1575 2160 1615 invenirent,

1134 1635 1251 1667 horum
1268 1635 1322 1670 atii
1341 1636 1382 1668 ad
1401 1638 1568 1669 ceraunos
1594 1636 1721 1667 montes
1743 1634 1978 1674 consederunt,
1996 1633 2050 1665 alii
2066 1633 2108 1665 ad
2122 1634 2162 1666 ll-

1132 1692 1224 1734 lyriae
1233 1702 1324 1726 oram
1336 1693 1432 1725 delati
1443 1693 1565 1725 insulas
1587 1693 1789 1725 incoluerunt
1819 1691 2010 1733 Apsyrtidas
2027 1695 2064 1731 3³
2083 1700 2160 1723 non·

1134 1752 1216 1785 nulli
1248 1753 1289 1785 ad
1318 1753 1471 1785 Phaeaces
1504 1752 1739 1793 pervenientes,
1756 1751 1888 1783 inventa
1903 1751 2033 1783 tandem
2062 1754 2159 1791 Argo,

1132 1811 1280 1845 Medeam
1295 1811 1336 1844 ab
1349 1811 1484 1844 Alcinoo
1497 1811 1702 1853 repetierunt.
1719 1810 1783 1842 Sed
1796 1810 1849 1842 hic
1864 1808 2042 1850 respondit,
2058 1808 2086 1840 si
2100 1810 2163 1841 Me-

1132 1872 1192 1905 dea
1205 1872 1272 1912 jam
1303 1879 1477 1912 congressa
1491 1870 1578 1902 esset
1593 1877 1668 1901 cum
1685 1871 1811 1909 Iasone,
1830 1877 1864 1900 se
1882 1876 1954 1900 eam
1973 1869 2074 1900 AEetae
2095 1876 2160 1899 non

1131 1930 1339 1969 traditurum5
1358 1928 1409 1960 sin
1422 1928 1530 1960 adhuc
1541 1927 1632 1968 virgo
1648 1927 1742 1967 soret,
1756 1925 1838 1967 patri
1852 1926 2065 1957 remissurum
2078 1934 2158 1957 esse.

1131 1990 1254 2021 Verum
1282 1987 1449 2020 enimvero
1475 1985 1599 2018 Alcinoi
1615 1986 1735 2026 conjux
1761 1987 1856 2017 Arete
1887 1983 1995 2016 Iasoni
2013 1984 2159 2016 Medeam

1127 2052 1194 2090 jam
1214 2046 1433 2089 copulaverat.
1460 2046 1526 2087 (26)
1548 2047 1654 2084 Quare
1669 2043 1780 2078 Colchi
1813 2043 1912 2085 apud,
1932 2043 2085 2075 Phaeacas
2116 2051 2161 2074 se-

1130 2107 1187 2140 des
1201 2107 1264 2139 sibi
1286 2105 1544 2144 constituerunt,
1561 2105 1754 2144 Argonautae
1775 2111 1852 2134 vero
1875 2110 1950 2133 cum
1974 2101 2087 2133 Medea
2104 2109 2159 2132 na-

1130 2175 1204 2198 vem
1217 2164 1425 2198 duxeruntin
1443 2163 1557 2196 altum.
1572 2164 1614 2195 At
1626 2164 1726 2195 noctu
1741 2162 1930 2202 navigantes
1945 2161 1978 2192 in
1991 2160 2159 2192 vehemen-

1129 2227 1196 2259 tem
1209 2224 1358 2258 incidunt
1378 2224 1613 2264 tempestatem.
1635 2225 1650 2245 ²
1662 2221 1776 2262 Apollo
1790 2223 1898 2252 autem
1921 2219 1954 2251 in
1968 2219 2054 2260 jugis
2070 2220 2160 2251 stans

1130 2284 1293 2319 Melantiis
1308 2283 1410 2316 missa
1425 2283 1459 2314 111
1472 2290 1561 2314 mare
1583 2281 1700 2322 sagitta
1714 2279 1901 2321 fulguravit.
1920 2278 1969 2310 Illi
1982 2287 2060 2310 vero
2072 2277 2157 2309 haud

1128 2344 1241 2386 procul
1257 2343 1494 2383 comperierunt
1503 2340 1760 2381 insulam‚quam
1774 2338 1911 2380 appulsi,
1925 2346 2027 2379 quum
2042 2338 2158 2378 praeter

1128 2403 1313 2445 opinionem
1328 2401 1542 2444 apparuisset,
1559 2400 1769 2432 nominarunt
1783 2398 1955 2440 Anaphen;
1974 2398 2022 2427 ³et
2036 2397 2158 2430 exstru-

1129 2466 1181 2495 cta
1201 2463 1247 2495 ibi
1260 2461 1399 2504 Apollini
1406 2461 1539 2503 AEgletae
1553 2469 1619 2500 ara,
1628 2461 1702 2501 post
1714 2461 1843 2500 peracta
1853 2457 2006 2489 sacrificia
2031 2456 2072 2488 ad
2084 2464 2159 2496 epu-

1128 2522 1280 2554 lationem
1299 2530 1369 2554 sese
1389 2520 1629 2553 converterunt.
1646 2517 1824 2550 Duodecim
1839 2519 1946 2549 autern
1972 2523 2052 2555 quas
2062 2514 2156 2545 Arete

1128 2581 1250 2614 Medeae
1270 2581 1355 2613 dono
1371 2580 1503 2613 dederat
1518 2578 1643 2610 ancillae
1659 2576 1801 2610 dicteriis
1838 2576 1950 2607 heroes
1966 2572 2154 2605 cavillaban·

1128 2643 1192 2672 tur.
1216 2639 1300 2672 Hinc.
1316 2639 1416 2672 etiam
1442 2647 1530 2670 nunc
1554 2637 1589 2669 in
1615 2636 1666 2668 his
1696 2634 1858 2668 sacrificiis
1882 2631 2053 2664 cavillandi
2083 2639 2155 2662 11103

1127 2698 1316 2732 111111101111113
1329 2700 1449 2730 manet.

1169 2818 1183 2837 ⁴
1200 2813 1278 2846 Inde
1299 2812 1404 2845 avecti
1430 2813 1464 2843 in
1479 2812 1607 2843 Cretam
1628 2807 1783 2849 appellere
1798 2804 2008 2846 prohibentur
2028 2812 2047 2835 a
2061 2803 2151 2836 Talo.

1127 2877 1223 2907 Hunc
1235 2871 1383 2905 nonnulli
1405 2870 1480 2902 aerei
1496 2869 1667 2900 hominum
1691 2864 1813 2906 generis
1838 2863 1940 2895 fuisse
1956 2863 2087 2903 dicunt,
2104 2872 2151 2896 30-

1126 2932 1272 2965 cundum
1294 2930 1374 2962 alios
1404 2938 1423 2960 a
1450 2927 1598 2959 Vulcano
1629 2925 1724 2956 datus
1748 2923 1816 2955 erat
1840 2921 1952 2954 Minoi.
1978 2921 2055 2963 (Vir
2082 2923 2151 2955 erat

1125 2991 1260 3031 aeneuS.)
1282 2990 1363 3022 Sunt
1378 2986 1515 3026 denique
1536 2984 1590 3025 qui
1608 2985 1752 3015 Taurum
1768 2990 1844 3013 011111
1859 2980 2029 3022 appellent.
2047 2980 2150 3013 Habe-

1124 3049 1248 3082 batille
1266 3055 1365 3080 unam
1387 3047 1513 3077 tantum
1539 3050 1656 3074 venam
1672 3050 1691 3072 a
1707 3039 1831 3072 cervice
1852 3040 1893 3072 ad
1914 3039 1997 3071 talos
2021 3039 2150 3071 descen·

1124 3109 1266 3146 dentem,
1279 3106 1372 3145 quus
1387 3102 1452 3135 01111
1466 3102 1576 3133 clavus
1586 3108 1690 3132 aereus
1696 3101 1764 3131 erat
1778 3098 1949 3140 impactus.
1960 3098 2037 3130 ¹⁵Hic
2053 3098 2149 3139 igitur

1124 3166 1222 3199 Talus
1238 3166 1286 3196 ter
1301 3161 1445 3204 quotidie
1459 3161 1581 3192 circum
1598 3158 1736 3191 insulam
1755 3166 1886 3190 currens
1899 3166 1971 3190 eam
1983 3157 2145 3189 tuebatur.

1124 3223 1281 3262 Quocirca
1293 3223 1325 3253 et
1346 3221 1416 3252 tum
1433 3221 1517 3259 Argo
1529 3217 1839 3259 appropinquantem
1852 3215 2055 3257 conspiciens
2071 3215 2148 3255 lapi·-

1122 3283 1218 3315 dibus
1254 3279 1378 3321 petivit.
1408 3277 1468 3310 Sed
1502 3277 1655 3318 deceptus
1677 3285 1697 3308 a
1728 3275 1841 3308 Medea
1869 3275 2043 3315 occubuit,
2073 3283 2146 3314 quae

1096 3359 1098 3361 -
1122 3348 1197 3372 cum
1212 3336 1387 3377 veneficiis,
1402 3337 1440 3368 ut
1455 3334 1602 3367 nonnulli
1616 3334 1747 3373 dicunt,
1764 3333 1805 3366 ad
1821 3332 1980 3365 insaniam
1998 3331 2118 3372 redegit
2134 3341 2144 3372 3
