2294 3704
899 143 965 182 DE
993 143 1320 209 THEOPOlylPO.

2062 156 2177 185 van

85 236 326 276 solummodo
360 242 504 286 ageret,
542 241 584 270 ut
624 238 796 268 oratores
835 230 1018 268 formaret
1055 230 1133 279 adl
1161 243 1211 268 sc.
1248 235 1454 281 Isocrates,
1482 232 1619 272 καὶτὸν
1645 232 1702 272 ἐπὶ
1730 233 1919 287 Μαυσώλῳ
1944 233 2081 272 τιθέντα
2111 234 2178 272 ὑπὸ

85 308 235 334 caussas
253 295 422 332 forenses
436 289 615 329 dicendas
635 288 812 334 idoneos,
842 288 907 325 sed
921 302 998 325 una
1017 301 1102 325 cum
1158 288 1373 341 Ἀρτεμισίας
1392 293 1525 343 ἀγῶνα)
1542 301 1579 330 et
1597 293 1831 344 Porphyrius
1852 293 1954 345 apud
1977 293 2114 331 Euseb.
2137 297 2177 331 P.

84 353 305 405 eloquentia
324 349 609 402 philosophiam
638 356 676 385 et
703 360 832 384 reruni
853 347 1103 397 gerendarum

84 413 261 464 peritiam
284 411 423 449 docere
444 407 636 453 studeret,
657 405 766 443 vides
787 406 854 455 qui
878 406 1018 442 factum
1036 405 1105 452 sit,

85 479 128 509 ut
143 484 209 510 eos
227 468 391 507 maxime
417 466 645 516 discipulos,
668 464 732 514 qui
749 464 945 501 voluntate
964 463 1105 500 similes

85 527 256 580 magistri
271 527 372 564 inter
388 533 535 562 ceteros
554 522 795 570 eminebant,
815 535 836 559 a
854 522 926 559 fori
943 521 1106 571 strepitu

84 595 295 633 averteret,
307 594 345 624 et
358 585 407 623 ad
422 584 619 622 historiam
635 582 875 620 scribendam
885 610 894 627 ‚
912 589 1105 631 tamquam

83 645 132 683 ad
154 644 265 682 altius
278 643 460 693 quiddam
473 671 484 690 ‚
505 640 573 679 ubi
592 649 630 678 et
649 640 903 691 eloquentiam
923 647 961 677 et
977 638 1107 689 philo-

84 703 260 754 sophiam
283 710 322 739 et
340 715 468 739 rerum
489 699 744 752 gerendarum
765 698 945 749 peritiam
963 698 1107 748 optime

84 761 274 812 explicare
295 768 469 811 possent,
484 759 702 797 adduceret.
725 761 858 808 Itaque
872 769 1025 794 caussas
1045 756 1107 793 fo-

85 833 213 858 renses
225 820 513 870 Theopompus,
528 817 778 868 praeceptoris
792 815 952 853 consilio
969 822 1107 861 motus,

83 890 280 928 nunquam
302 877 449 927 attigit,
471 884 566 913 teste
602 875 796 914 Cicerone.
819 874 987 911 Multum
1014 885 1108 910 vero

85 948 125 973 se
144 936 315 973 exercuit
335 936 375 972 in
398 935 466 972 illo
487 934 716 985 eloquentiae
743 946 882 984 genere
902 932 1006 983 quod
1027 931 1108 983 epi-

85 994 265 1031 dicticum
284 1001 435 1031 vocant.
453 995 539 1043 Ipse
561 992 661 1030 enim
680 1005 814 1043 parum
833 990 1028 1028 modestus
1052 998 1110 1027 te-

85 1060 208 1090 statur
227 1052 370 1090 nullam
399 1064 480 1089 esse
499 1049 684 1101 majorem
707 1050 866 1088 Graeciae
888 1050 1025 1087 urbem
1039 1078 1049 1098 ‚
1071 1049 1108 1085 in

85 1124 161 1162 qua
193 1111 432 1161 aliquantum
467 1110 650 1160 temporis
678 1117 848 1146 moratus
883 1117 921 1145 et
954 1107 1109 1158 publice

86 1182 271 1220 perorans
303 1182 384 1206 non
428 1167 588 1218 adeptus
626 1167 676 1204 sit
711 1180 886 1217 magnam
926 1166 1085 1216 gloriam
1099 1194 1109 1212 ,

85 1228 317 1279 virtutisque
339 1240 416 1264 suae
444 1227 484 1264 in
507 1226 671 1264 dicendo
706 1233 996 1263 monumentum
1018 1224 1110 1262 reli-

87 1288 252 1338 quisset;
272 1300 397 1338 neque
428 1286 554 1323 minus
584 1285 645 1323 bis
673 1285 803 1322 decern
825 1284 993 1322 millibus
1019 1296 1108 1321 ver-

87 1359 197 1383 suum
217 1346 270 1383 ait
296 1359 336 1384 se
360 1344 513 1394 scriptis
540 1343 780 1381 orationibus
804 1343 1019 1393 explevisse
1043 1342 1111 1393 (2).

88 1407 193 1442 Inter
211 1404 291 1441 haec
310 1403 540 1454 eloquentiae.
559 1402 768 1453 specimina
784 1402 953 1439 omnium
965 1431 974 1448 ‚
993 1409 1036 1438 ut
1054 1401 1113 1438 vi-

89 1464 212 1510 detur,
230 1462 521 1500 celeberrimum
551 1461 623 1499 suit
655 1461 824 1498 laudatio
847 1460 1021 1497 Mausoli.
1047 1460 1113 1498 Et-

88 1522 191 1560 enim
210 1530 298 1573 post
317 1529 479 1559 mortem
497 1519 693 1558 Mausoli«
708 1519 914 1557 Artemisia
933 1517 1004 1570 (Ol.
1027 1530 1112 1564 107,

94 1580 153 1630 ι),
183 1588 224 1617 ut
251 1580 395 1618 Gellius
421 1579 496 1630 (X,
526 1578 587 1625 18)
616 1586 766 1624 narrat,
796 1578 915 1628 ἀγῶνα
934 1576 1113 1614 laudibus

89 1637 264 1676 dicundis
282 1638 392 1684 facit,
412 1636 600 1688 ponitque
632 1636 786 1687 praemia
818 1635 991 1685 pecuniae
1018 1634 1112 1671 alia-

90 1709 253 1747 rumque
283 1709 412 1734 rerum
445 1694 636 1732 bonarum
680 1693 925 1744 amplissima.
954 1692 1013 1730 Ad
1052 1705 1114 1729 eas

90 1755 225 1793 laudes
244 1754 495 1793 decertandas
514 1753 663 1791 venisse
684 1752 866 1790 dicuntur
879 1751 952 1789 viri
966 1749 1114 1788 nobiles

65 1809 245 1865 *ingenio
274 1822 388 1864 atque
419 1813 548 1863 lingua
577 1810 787 1863 praestabili
816 1810 1114 1860 Theopompus,

92 1873 350 1919 Theodectes,
371 1874 593 1910 Naucrates.
616 1873 714 1909 Sunt
735 1869 848 1907 etiam
871 1869 937 1919 qui
965 1872 1116 1906 Isocra-

94 1940 170 1970 tem
189 1933 314 1984 ipsum
335 1944 422 1968 cum
450 1930 498 1968 iis
516 1929 723 1967 certavisse
742 1928 935 1966 memoriae
954 1925 1116 1963 manda-

94 1992 231 2029 verint.
261 1989 334 2029 Sed
361 2002 408 2027 eo
436 1988 643 2026 certamine
663 1987 800 2025 vicisse
817 1986 1116 2036 Theopompum

89 2049 304 2101 judicatum
318 2057 374 2086 est
391 2048 459 2099 (3).
475 2065 490 2081 »
510 2051 555 2086 In
570 2047 630 2084 his
645 2059 736 2083 num
750 2046 797 2083 de
809 2048 978 2082 Isocrate
997 2043 1116 2082 Athe-

93 2109 225 2147 niense
246 2107 491 2158 cogitandum
511 2106 576 2152 sit,
596 2118 642 2143 eo
658 2105 775 2154 magis
804 2103 983 2140 dubitare
1006 2102 1115 2148 licet,

95 2168 184 2218 quia
213 2166 349 2205 Suidas
370 2165 422 2217 (v.
441 2163 644 2217 Ἰσοκράτης
670 2161 827 2213 Ἀμύκλα
849 2170 886 2199 et
905 2160 1116 2213 Θεοδέκτης)

95 2227 299 2265 Isocratem
313 2222 855 2275 Apolloniatem,Atheniensis
871 2221 1116 2271 discipulum,

96 2284 144 2321 (le
161 2283 320 2335 praemio
335 2290 499 2320 certasse
515 2280 609 2318 dicit
628 2279 698 2331 (4).
721 2283 847 2327 Quam
872 2279 1117 2324 sententiam,

94 2342 272 2380 Isocratis
301 2349 471 2386 aetatem,
507 2352 632 2376 mores
666 2347 704 2376 et
724 2346 898 2375 naturam
934 2345 1118 2388 reputans

97 2398 285 2436 ambabus
301 2398 565 2448 amplecterer,
585 2397 659 2434 nisi
684 2396 963 2434 haesitationem
984 2394 1117 2445 injice-

97 2465 156 2495 ret
172 2457 360 2495 Plutarch.
379 2457 455 2495 vit.
474 2459 632 2494 Isocrat.
655 2468 692 2506 p.
713 2455 801 2502 838,
815 2458 844 2493 Β
857 2483 867 2501 ,
888 2453 1118 2506 (ἠγωνίσατο,

137 2549 185 2588 (2)
203 2547 250 2580 cf.
261 2547 395 2588 Quintil.
414 2548 491 2579 Inst.
508 2546 597 2578 orat.
628 2549 667 2586 X,
686 2549 697 2577 ι
718 2555 725 2575 :
757 2544 988 2586 Theopompus
1013 2546 1054 2577 ut
1081 2546 1117 2576 in

97 2595 245 2628 historia
267 2593 447 2635 praedictis
463 2593 638 2634 (Herodoto
651 2595 683 2624 et
699 2591 897 2633 Thucydide)
920 2594 1045 2631 nzinor,
1066 2593 1119 2623 ita

96 2642 229 2674 oratori
241 2642 349 2682 maqis
361 2641 495 2680 similis,
509 2641 551 2672 ut
577 2641 637 2681 qui
661 2641 852 2680 antequam
876 2639 924 2671 ad
950 2639 1012 2671 hoc
1034 2646 1118 2679 opus

96 2689 319 2728 sollicitatus,
334 2687 395 2720 diu
400 2687 518 2728 suerit
529 2688 659 2719 orator.
675 2686 722 2718 Cf.
738 2686 830 2718 Dion.
845 2687 912 2718 Hal.
930 2690 983 2726 Ep.
1004 2686 1045 2717 ad
1061 2689 1116 2718 Cn.

96 2739 208 2776 Pomp.
221 2744 254 2776 p.
277 2738 346 2767 131.

137 2783 179 2822 (3)
199 2782 313 2815 suidas
325 2781 456 2822 quidem
471 2789 503 2811 v.
519 2781 688 2818 Θεοδέκτης
701 2778 912 2823 Ἀριστάνδρου
928 2779 1006 2811 dicit
1022 2789 1029 2810 ε
1045 2781 1119 2811 Θεο·

97 2829 204 2868 δέκτης
232 2828 355 2866 ἐνίκησε
382 2827 515 2869 μάλιστα
537 2827 741 2867 εὐδοκιμήσας
772 2826 803 2857 ἐν
818 2825 839 2867 ἦ
856 2826 922 2857 εἷπε
942 2826 1115 2868 τραγῳδίᾳ”

97 2875 183 2907 ἄλλοι
204 2876 237 2907 δέ
252 2886 326 2916 φασι
343 2874 529 2915 Θεόπομπον
545 2874 627 2915 ἔχειν
640 2874 678 2905 τὰ
690 2875 837 2915 πρωτεῖα.
855 2876 974 2904 Verum
990 2872 1018 2904 si
1046 2881 1118 2904 con-

97 2921 182 2954 feras
208 2921 342 2955 Gellium
353 2945 362 2961 ,
387 2921 441 2962 qui
469 2921 542 2961 post
571 2919 670 2951 verba
698 2919 795 2951 modo
831 2919 960 2950 laudata
996 2919 1117 2960 pergit:

101 2980 118 2995 α
126 2969 235 3001 Exstat
248 2976 334 3000 nunc
345 2976 474 3008 quoque
486 2966 659 2999 Theodecti
674 2965 836 3006 tmgoeffla,
848 2975 922 3006 quae
932 2966 1120 2998 inscribitur

99 3015 274 3054 Mausolus,
287 3014 320 3045 in
334 3023 399 3055 qua
410 3022 484 3046 eum
496 3013 598 3054 magis
609 3021 707 3053 quam
722 3013 754 3044 in
771 3021 865 3055 prosa
877 3012 1043 3054 placuisse,
1056 3017 1119 3053 Hy-

98 3062 191 3103 ginus
210 3063 244 3094 in
254 3061 418 3103 Exemplis
433 3061 541 3094 refert.
553 3074 569 3088 υ
584 3069 636 3092 res
648 3069 722 3092 cum
746 3060 892 3093 clintone
912 3062 953 3101 (p.
980 3062 1051 3099 299)
1075 3061 1119 3092 ita

98 3108 329 3140 conformanda
358 3109 418 3148 est,
448 3109 486 3140 ut
503 3109 682 3140 statuamus
704 3108 769 3139 duo
795 3108 927 3148 praemia
955 3108 1119 3149 proposita

99 3154 211 3195 ruisse,
236 3156 372 3187 alterum
397 3155 574 3195 tragoedioe‚
597 3155 735 3187 alterum
751 3155 956 3195 eloquentiae,
979 3163 1117 3195 quorum

99 3200 180 3233 illud
190 3202 391 3241 Theodectae,
402 3202 462 3233 hoc
472 3202 678 3243 Theopompo
690 3201 803 3233 datum
816 3201 868 3232 sit.

139 3248 181 3286 (4)
215 3252 261 3280 De
286 3249 424 3281 Isocrate
447 3248 638 3280 Atheniense
664 3248 806 3288 cogitant
835 3247 1004 3280 Ruhnken.
1033 3247 1116 3278 Hist.

98 3294 175 3326 crit.
194 3295 283 3325 Orat.
297 3298 348 3326 Gr.
364 3303 395 3335 p.
412 3294 472 3326 388
485 3296 517 3325 et
529 3294 652 3326 Clinton
666 3294 720 3325 l.l.
738 3303 767 3334 p.
782 3298 854 3335 2995
868 3295 908 3326 de
917 3294 1118 3335 Apolloniate

95 3339 224 3381 Taylor.
243 3340 308 3372 vit.
325 3344 423 3372 lsocr.
437 3349 469 3381 p.
486 3343 505 3372 3
521 3341 554 3372 et
566 3341 719 3372 wichers.

1158 350 1199 385 E.
1224 352 1284 395 X,
1306 352 1342 399 3,
1374 365 1411 402 p.
1437 354 1525 397 464,
1557 355 1604 400 C,
1626 353 1692 403 qui
1715 352 1832 403 ipsius
1851 353 2094 403 Theopompi
2119 360 2177 389 te—

1158 406 1338 444 stimonio
1370 418 1479 447 utens
1499 410 1565 458 ait,
1583 409 1812 463 Ὑπερφρονεῖ
1840 413 1858 448 ὁ
1888 409 2100 461 Θεόπομπος
2119 409 2177 447 τὸν

1159 462 1360 515 Ἰσοκράτην
1388 467 1447 504 καὶ
1465 471 1661 514 νενικῆσθαι
1680 469 1734 522 ὑφ’
1754 470 1875 507 ἑαυτοῦ
1895 467 1989 519 λέγει
2013 466 2103 506 κατὰ
2119 468 2176 506 τὸν

1159 521 1216 559 ἐπὶ
1232 523 1421 578 Μαυσώλῳ
1440 527 1556 577 ἀγῶνα
1572 527 1629 566 τὸν
1647 527 1864 567 διδάσκαλον.

1202 582 1394 648 ’Videmus
1409 585 1526 634 igitur
1539 588 1834 639 Theopompum
1855 588 1912 626 Ol.
1943 601 2012 634 107
2031 588 2070 624 in
2088 587 2180 624 Asia

1159 652 1299 678 minori
1313 652 1715 696 commorantem,‹1uo
1730 647 1897 697 primum
1914 660 1953 683 se
1969 659 2054 684 cum
2072 653 2181 696 patre

1160 699 1393 737 convertisse
1413 700 1577 748 videtur,
1593 703 1624 740 si
1639 705 1792 753 quidem
1809 718 1896 742 vera
1912 704 2029 742 habet
2043 703 2180 748 Suidas

1163 753 1393 810 (vaqaopoq),
1404 759 1470 809 qui
1484 772 1570 797 eum
1585 762 1714 798 relicta
1730 763 1993 811 patriaI)ianae
2007 762 2183 812 Ephesiae

1161 817 1373 866 supplicem
1396 817 1536 854 factum
1562 832 1643 856 esse
1677 820 1802 857 tradit.
1827 824 1911 868 Quo
1935 820 2116 870 deinceps
2143 832 2182 855 se

1161 875 1386 922 contulerit,
1413 884 1457 913 ut
1485 877 1713 927 eloquentiae
1734 892 1810 915 suae
1838 879 1996 928 gloriam
2027 886 2184 929 augeret

1162 932 1379 983 largamque
1395 933 1622 971 eruditionis
1642 936 1790 986 copiam
1815 937 1861 973 ad
1883 937 2101 974 condendas
2116 936 2183 972 hi-

1162 991 1296 1028 storias
1312 992 1526 1043 colligeret‚
1548 994 1661 1044 plane
1675 994 1906 1044 ignoramus.
1926 998 2068 1032 Verum
2086 996 2185 1031 mul—

1163 1058 1219 1087 tas
1251 1063 1339 1087 eum
1368 1051 1542 1102 regiones
1572 1065 1793 1102 peragrasse
1828 1053 2041 1102 multasque
2071 1052 2184 1089 urbes

1162 1109 1304 1147 vidisse
1327 1109 1375 1146 ab
1411 1110 1495 1160 ipso
1524 1109 1710 1147 habemus
1738 1118 1944 1147 narratum.
1977 1113 2059 1158 Qua
2081 1111 2119 1147 in
2146 1123 2185 1145 rc

1164 1169 1317 1219 egregie
1346 1167 1499 1218 adjutus
1527 1177 1585 1205 est
1612 1169 1823 1206 lautissima
1854 1181 1894 1204 re
1920 1169 2115 1212 familiari,
2136 1168 2187 1204 ita

1165 1235 1207 1263 ut
1225 1234 1347 1263 totum
1369 1240 1409 1264 se
1427 1227 1517 1264 dare
1536 1235 1666 1277 posset
1685 1228 1735 1278 τῷ
1755 1227 1949 1278 φιλοσοφεῖν
1964 1224 2023 1262 καὶ
2037 1226 2186 1277 φιλομα-

1165 1287 1252 1332 θεῖν,
1274 1298 1418 1335 neque,
1453 1286 1552 1322 sicut
1580 1288 1783 1328 Isocrates,
1814 1285 1903 1321 vitae
1933 1283 2188 1320 sustentandae

1165 1355 1316 1389 caussa,
1336 1343 1384 1380 ad
1404 1343 1610 1380 humiliora
1626 1343 1823 1380 tractanda
1852 1350 2054 1392 cogeretur
2072 1341 2123 1391 (v.
2141 1341 2187 1378 fr.

1167 1402 1216 1438 26
1233 1409 1271 1438 et
1287 1402 1400 1439 Dion.
1415 1404 1463 1439 H.
1484 1405 1556 1453 Ep.
1580 1402 1628 1440 ad
1652 1404 1720 1440 Cn.
1742 1405 1876 1452 Pomp.
1902 1414 1938 1451 p.
1964 1401 2050 1446 131,
2077 1399 2189 1436 Athe-

1166 1473 1268 1497 naeus
1286 1463 1363 1506 III,
1383 1473 1420 1511 p.
1441 1461 1504 1508 85,
1524 1460 1757 1510 B).--Anno
1778 1460 1944 1510 denique
1971 1458 2188 1510 quadrage·-

1166 1518 1263 1555 simo
1283 1519 1418 1569 quinto
1436 1520 1638 1570 omnigena
1669 1518 1845 1556 doctrina
1865 1518 2073 1555 instructus
2099 1517 2190 1553 Ale-

1167 1577 1304 1613 xandri
1333 1577 1455 1627 gratia
1482 1578 1520 1614 in
1555 1577 1717 1628 patriam
1752 1589 1925 1614 reversus
1957 1584 2026 1613 est.
2057 1577 2191 1624 Neque

1168 1649 1259 1672 vero
1281 1649 1401 1686 quum
1426 1646 1501 1674 tam
1522 1636 1588 1674 diu
1609 1637 1771 1674 fortunae
1789 1635 1992 1685 iniquitate
2017 1633 2149 1670 fuisset
2171 1646 2191 1669 a

1167 1693 1283 1731 rebus
1312 1693 1478 1744 publicis
1495 1703 1682 1741 remotus,
1704 1693 1848 1731 diutius
1864 1693 1938 1731 isto
1961 1692 2100 1743 privati
2119 1690 2193 1727 ho-

1170 1752 1279 1790 minis
1296 1753 1376 1790 otio
1399 1753 1566 1804 gaudere
1591 1753 1732 1798 voluit,
1753 1753 1818 1790 sed
1838 1765 1912 1802 qua
1935 1750 2106 1802 pollebat
2123 1763 2192 1786 ex-

1169 1812 1393 1862 perientiam
1425 1812 1626 1850 itineribus
1654 1821 1692 1849 et
1723 1812 1944 1863 principum
1974 1823 2051 1847 suae
2073 1810 2193 1846 aetatis

1170 1871 1337 1908 virorum
1349 1871 1627 1909 consuetudine
1641 1871 1841 1908 collectam
1856 1878 1894 1907 et
1907 1882 1993 1906 cum
2010 1867 2193 1919 praeclara

1169 1929 1388 1980 eloquentia
1403 1929 1647 1980 conjunctam
1662 1930 1702 1967 in
1725 1929 1890 1967 civitatis
1910 1926 2110 1964 commoda
2131 1940 2193 1964 ex—

1170 2001 1346 2038 promere
1363 1988 1545 2025 decrevit.
1568 1991 1619 2026 At
1639 2001 1714 2024 non
1734 2000 1778 2025 ea
1799 1987 1870 2023 fuit
1893 1986 1933 2022 in
1956 1985 2052 2023 Chio
2071 1985 2194 2021 insula

1171 2056 1250 2085 tum
1270 2047 1495 2097 reipublicae
1516 2046 1711 2092 conditio,
1731 2054 1775 2082 ut
1789 2058 1902 2095 quam
1922 2043 2194 2093 Theopompus

1171 2106 1426 2157 profitebatur
1447 2106 1567 2143 civilis
1586 2105 1790 2157 prudentia
1810 2118 1831 2141 a
1852 2102 2000 2140 civibus
2019 2103 2095 2139 suis
2124 2102 2193 2139 ad-

1170 2172 1375 2202 amaretur.
1398 2167 1522 2202 Immo
1542 2176 1692 2201 morum
1713 2161 1937 2208 austeritas,
1959 2173 2075 2210 quam
2106 2173 2192 2196 cre-

1171 2222 1247 2260 brae
1260 2222 1334 2260 illae.
1347 2223 1528 2270 luxuriae,
1549 2222 1667 2259 fastus
1680 2230 1719 2259 et
1735 2220 1911 2258 mollitiei
1924 2219 2193 2268 castigationes

1172 2281 1363 2331 produnt,
1386 2281 1533 2318 animus
1556 2281 1763 2319 vehemens
1790 2278 1830 2317 'et
1853 2277 2041 2324 fervidus,
2065 2277 2193 2326 lingua

1172 2340 1329 2387 acerba,
1364 2340 1568 2377 immodice
1604 2339 1743 2386 libera,
1778 2345 2026 2387 contemptus
2063 2335 2194 2385 gratiae

1172 2399 1389 2450 popularis,
1410 2399 1654 2449 optimatium
1673 2398 1839 2447 denique
1868 2396 2057 2441 studium,
2088 2393 2192 2443 quod

1172 2471 1193 2494 a
1215 2465 1325 2507 patre
1351 2465 1545 2507 tamquam
1576 2457 1785 2495 hereditate
1811 2455 2002 2505 accepisse
2023 2453 2191 2498 videtur,

1172 2530 1249 2553 non
1268 2524 1478 2566 potuerunt
1494 2530 1572 2554 non
1588 2517 1758 2561 efficere,
1781 2523 1822 2552 ut
1842 2514 1951 2551 multi
1967 2510 2194 2550 exsisterent

1172 2578 1402 2628 adversarii,
1423 2579 1509 2628 qui,
1538 2578 1595 2615 uti
1619 2591 1771 2614 omnem
1800 2576 2038 2613 nobilitatem
2057 2573 2190 2622 exagi-

1173 2636 1323 2684 tabant,
1345 2637 1398 2673 sic
1416 2650 1495 2687 prae
1517 2637 1652 2674 ceteris
1673 2636 1988 2685 Theopompum,
2009 2632 2192 2680 eloquen—

1173 2695 1363 2732 tissimum
1399 2695 1479 2745 ejus
1520 2696 1833 2738 instrumentum,
1871 2689 2078 2728 inimicitiis
2116 2689 2193 2724 suis

1172 2754 1514 2805 persequebantur.
1542 2754 1726 2803 Princeps
1748 2763 1879 2788 eorum
1906 2749 1980 2785 fuit
2004 2747 2194 2784 Theocri-

1174 2821 1233 2850 tus
1259 2814 1332 2864 (5),
1351 2813 1543 2864 sophista,
1564 2811 1743 2849 Isocratis
1764 2808 1974 2859 discipulus
1987 2836 1997 2853 ,
2017 2805 2083 2856 qui
2100 2805 2193 2843 Ale-—

1172 2872 1360 2909 xandrum
1381 2881 1419 2908 et
1436 2872 1677 2908 Aristotelem
1701 2867 1867 2905 dicteriis
1887 2866 1966 2903 odii
1985 2873 2022 2902 et
2037 2865 2194 2902 invidia».

1171 2929 1247 2967 bile
1261 2930 1409 2968 refertis
1427 2928 1730 2980 perstringebat,
1752 2938 1942 2976 quemque
1964 2923 2193 2973 Theopom—

1173 3003 1244 3040 pus
1258 2990 1294 3026 in
1319 2988 1500 3039 Epistolis
1514 2987 1561 3024 ad
1576 2984 1832 3024 Alexandrum
1855 2991 2048 3033 tamquam
2064 2981 2191 3018 homi-

1172 3061 1259 3085 nem
1275 3047 1410 3084 humili
1430 3047 1514 3083 loco
1531 3053 1661 3081 natum
1680 3055 1884 3094 pravaeque
1904 3041 2065 3079 luxuriae
2086 3039 2192 3076 dedi-

1173 3115 1253 3143 tum
1271 3105 1452 3156 depingit.
1474 3107 1611 3153 Neque
1628 3111 1755 3140 autem
1775 3101 1892 3139 animi
1910 3100 1946 3137 vi
1965 3107 2002 3137 et
2029 3098 2192 3136 dicendo

1213 3201 1256 3239 (ὁ)
1280 3198 1392 3232 strabo
1404 3201 1485 3237 XIV,
1495 3207 1526 3238 p.
1541 3200 1601 3229 955
1617 3206 1625 3228 ε
1639 3197 1756 3239 Ἄνδρες
1770 3197 1803 3228 δὲ
1816 3198 1887 3228 Χῖοι
1902 3195 2064 3236 γεγόνασιν
2080 3193 2192 3233 ἐλλόγι-

1171 3258 1222 3287 μοι
1242 3247 1313 3278 Ἴων
1326 3256 1358 3276 τε
1373 3246 1390 3275 ὁ
1412 3245 1574 3286 τραγικὸς,
1590 3245 1641 3275 καὶ
1660 3244 1846 3283 Θεόπομπος
1862 3243 1879 3274 ὁ
1898 3242 2105 3284 συγγραφεὺς,
2137 3241 2191 3270 καὶ

1170 3293 1332 3334 Θεόκριτος
1349 3293 1365 3322 ὁ
1379 3291 1536 3332 σοφιστής.
1550 3290 1645 3323 Οὗτοι
1661 3291 1694 3322 δὲ
1719 3292 1772 3322 καὶ
1787 3290 2079 3321 ἀντεπολιτεύσαντο
2098 3287 2190 3323 ἀλλή-

1171 3340 1244 3374 λοις.
1265 3338 1337 3369 vid.
1361 3337 1481 3378 Ptlugk.
1506 3347 1536 3378 p.
1553 3341 1605 3377 32,
1619 3346 1715 3378 quem
1729 3337 1841 3369 laudat
1853 3336 2011 3367 Wichers.

2018 3400 2047 3425 e.
