2320 3684
772 183 1109 223 APOLLODORI
1136 182 1469 223 FRAGMENTA.

79 279 126 324 84
162 278 208 315 ι8
232 288 353 314 annos
372 282 486 312 natus
505 273 653 311 leonem
667 271 822 310 occidit.
839 270 956 318 (Bibl.
970 275 1028 321 ΙΙ,
1048 278 1084 319 4,

163 352 221 383 ιο,
242 336 276 374 5.

78 398 126 436 83
157 396 264 446 Argis
279 337 404 444 >reguo
425 392 583 444 potitur.
599 394 910 442 Argonautarum
926 391 1086 442 expedi-

160 455 214 493 tio
232 452 306 506 (τὸν
329 451 445 490 πάντα
465 451 573 489 πλοῦν
595 451 631 488 ἐν
655 449 823 503 τέσσαρσι
840 448 927 500 μησὶ
941 449 1083 488 τελειώ-

157 528 292 557 σαντες.
307 511 403 549 Bibl.
423 514 454 555 1,
474 525 512 561 9,
532 511 594 558 26,
611 510 660 561 6).

77 575 128 622 78
156 572 313 611 Initium
361 569 549 608 laborum.
585 569 739 608 Priores
776 568 908 606 decem
943 567 1087 620 peracti

156 639 247 670 sunt
263 628 312 668 ἑνὶ
326 627 412 680 μηνὶ
434 627 494 666 καὶ
512 626 623 667 ἔτεσιν
644 625 751 676 ὀκτὼ,
773 627 872 666 Bibl.
893 629 945 677 11,
965 629 1002 676 5,
1032 643 1040 664 ι
1059 643 1067 664 1
1079 658 1090 677 ,

164 705 196 729 ι.

76 751 129 789 68
157 749 331 801 Iphitum
365 746 517 785 occidit.
557 746 760 798 Omphalae
801 746 982 785 venditus
1014 754 1091 784 tres

157 820 279 846 annos
297 813 425 843 servit.

80 868 127 913 64
158 864 388 905 Molionidas
428 872 540 902 necat
584 864 633 902 ad
681 864 844 902 Cleonas
880 865 943 911 τῆς
975 862 1094 916 τρίτης

161 923 355 976 Ἰσθμιάδος
383 922 489 976 (post
521 923 665 962 caedem
695 923 851 975 Iphiti?)
869 921 1093 975 τελουμένης.

159 984 262 1024 Bibl.
276 987 333 1032 ΙΙ,
360 997 396 1031 7,
413 996 449 1031 2,
466 988 501 1027 4.

81 1045 131 1083 62
162 1040 709 1094 Olympicosludosinstituit.
724 1041 923 1091 Syncellus
943 1053 980 1092 p.
1009 1054 1094 1087 172,

160 1110 204 1150 A,
218 1116 257 1153 p.
279 1104 355 1141 324
370 1100 569 1139 Dindmfi:
591 1098 772 1154 Ἥρακλης
783 1099 843 1140 τὸν
861 1101 896 1138 ἐν
912 1098 1096 1153 Ὀλυμπίᾳ

161 1163 282 1214 ἀγῶνα
298 1160 507 1214 ἔθηκεν,ἀφ’
534 1163 574 1198 οὓ
611 1159 671 1198 ἐπὶ
699 1159 846 1214 πρώτην
867 1157 1096 1211 Ὀλυμπιάδα

162 1236 202 1259 υο
203 1219 291 1273 ’(47
295 1218 370 1271 o)-
352 1235 432 1267 ετη,
453 1219 545 1258 κατὰ
563 1218 599 1258 δὲ
615 1219 740 1263 ἄλλους
755 1220 807 1258 υλ’
836 1219 958 1271 (430).
980 1220 1095 1266 Quod

161 1280 271 1332 prius
287 1279 429 1330 posuit,
441 1279 670 1329 Apollodori
689 1292 770 1317 esse
790 1278 934 1317 debuit.

84 1341 134 1378 53
164 1338 340 1377 Herculis
372 1346 410 1376 et
439 1338 650 1389 AEsculapii
691 1338 925 1389 apotheosis.
962 1336 1096 1375 Eidem

164 1410 283 1444 anno,
321 1397 402 1434 sine
434 1396 555 1435 dubio
589 1412 638 1435 ex
672 1397 902 1449 Apollodori
936 1396 1096 1443 calculo,

163 1456 372 1496 Pausanias
410 1456 693 1495 Dioscurorum
727 1471 814 1494 cum
850 1455 1097 1508 Apharetidis

165 1528 334 1567 pugnam
351 1515 530 1566 assignat.

57 1573 174 1625 Troja
189 1581 315 1625 capta.
337 1575 509 1614 Castoris
525 1583 563 1612 et
578 1575 746 1614 Pollucis
763 1575 998 1627 apotheosis.

114 1680 280 1719 Diodor.
301 1684 333 1729 Ι,
356 1679 378 1718 5
396 1695 403 1717 :
422 1679 507 1720 Ἀπὸ
527 1627 658 1720 δὲἹΞῶν
689 1683 722 1720 Τ
726 1683 877 1736 ρωϊκῶν,
903 1682 1100 1727 ἀκολούθως

59 1739 313 1794 Ἀπολλοδώρῳ
335 1741 386 1793 τῷ
417 1739 608 1794 Ἀθηναίῳ,
628 1740 766 1792 τίθεμεν
797 1741 1012 1793 ὀγδοήκοντα
1039 1740 1099 1790 ἔτη

60 1797 147 1852 πρὸς
176 1797 239 1847 τὴν
272 1799 419 1838 κάθοδον
445 1802 514 1838 τῶν
533 1799 796 1854 Ἡρακλειδῶν·
825 1800 895 1839 ἀπὸ
918 1800 954 1840 δὲ
974 1800 1102 1849 ταύτης
1164 1806 1174 1820 ‘

61 1857 120 1897 ἐπὶ
137 1856 200 1905 τὴν
219 1856 364 1912 πρώτην
385 1858 610 1911 Ὀλυμπιάδα
628 1859 704 1898 δυσὶ
724 1859 891 1898 λείποντα
909 1862 979 1898 τῶν
998 1876 1101 1914 τρια-

59 1917 189 1957 κοσίων
214 1917 274 1956 καὶ
303 1917 513 1972 τριάκοντα,
535 1918 819 1971 συλλογιζόμενοι
848 1918 927 1964 τοὺς
960 1919 1103 1973 χρόνους

63 1976 133 2015 ἀπὸ
151 1978 220 2015 τῶν
240 1977 276 2015 ἐν
296 1978 537 2029 Λακεδαίμονι
559 1978 854 2030 βασιλευσάντων.
877 1981 1105 2031 Congruunt

63 2050 149 2087 quae
167 2036 348 2088 leguntur
364 2039 471 2086 XIV,
494 2052 530 2087 2,
553 2040 588 2087 3,
610 2047 648 2076 et
664 2042 782 2086 XIX,
807 2053 839 2077 1.
857 2040 915 2078 Cf.
931 2039 1102 2091 Thucyd.

63 2099 104 2143 I,
135 2109 194 2133 12.

107 2155 467 2205 Porphyriuslibro
481 2157 609 2208 primo
627 2157 811 2195 Historiae
826 2157 1105 2209 philosophicae

65 2227 127 2266 ap.
151 2214 292 2253 Euseb.
314 2219 468 2252 Armen.
486 2230 524 2266 p.
549 2217 645 2266 139:
660 2219 696 2253 A
712 2225 818 2265 capto
831 2219 904 2253 Ilio
920 2230 1034 2266 usque
1055 2219 1110 2253 ad

64 2275 352 2311 Heraclidarum
390 2278 427 2310 in
471 2276 766 2324 Peloponnesum
801 2277 1013 2312 descensum
1055 2280 1108 2313 ait

65 2334 310 2382 Apollodorus
323 2336 467 2383 elapsos
485 2347 564 2379 esse
584 2348 703 2371 annos
721 2337 895 2371 LXXX:
913 2344 987 2372 tam
1007 2349 1032 2371 a
1044 2338 1109 2373 de-

67 2406 195 2430 scensu
208 2394 262 2430 ad
280 2395 421 2430 Ioniam
437 2392 588 2430 urbibus
590 2393 875 2442 frequentatam
892 2398 1107 2433 amzosLX:

67 2453 202 2488 exinde
215 2452 268 2487 ad
290 2453 503 2501 Lycurgum
524 2466 643 2489 annos
659 2454 816 2489 CLIX:
835 2466 1016 2490 summam
1036 2469 1108 2491 au-

69 2520 140 2549 tem
161 2514 333 2560 temporis
351 2524 375 2547 α
390 2520 497 2560 capto
512 2514 540 2548 I
539 2514 585 2547 lio
602 2513 657 2548 ad
665 2516 828 2561 primam
849 2514 1108 2562 Olympiadem

69 2583 252 2607 annorum
280 2583 359 2606 esse
378 2570 553 2607 CCCCV
549 2574 608 2608 II.
639 2575 680 2611 P.
708 2572 780 2608 166
799 2571 837 2608 in
860 2572 991 2610 eadem
1009 2587 1050 2611 re
1069 2574 1109 2612 in

71 2629 203 2668 codice
218 2634 326 2667 Arm.
347 2638 529 2680 corrupte
545 2630 684 2681 legitur
698 2634 895 2669 CCCVIII.

131 2687 273 2726 Eadem
292 2688 404 2738 plane
425 2688 584 2726 tradidit
601 2689 875 2727 Eiatosthenes
895 2703 957 2741 ap.
988 2691 1107 2730 Clem.

75 2746 182 2784 Alex.
221 2750 513 2796 Strom.1,21
527 2777 538 2796 ,
562 2762 601 2799 p.
634 2754 729 2793 402.
747 2747 1001 2802 Ερατοσθένης
1031 2749 1110 2794 τους

75 2805 220 2859 χρόνους
244 2800 312 2844 ὧδε
335 2804 548 2860 ἀναγράφει·
569 2806 653 2845 Ἀπὸ
686 2806 747 2857 μὲν
784 2807 914 2860 Ιροίας
946 2808 1014 2847 ἁλ
993 2825 1110 2853 ωσεως

76 2864 134 2903 ἐπι
151 2863 392 2919 <Ηρακλειδων
424 2865 584 2914 κάθοδον,
616 2864 678 2913 ἔτη
701 2865 934 2917 ὀγδοήκοντα·
955 2868 1110 2906 ἐντεῦθεν

79 2923 154 2962 δὲ
139 2940 196 2963 επι
212 2923 275 2970 τὴν
295 2923 432 2969 Ἰωνίας
451 2924 578 2972 κτίσιν,
599 2923 659 2972 ἔτη
692 2924 877 2973 ἑξήκοντα·
898 2925 942 2964 τὰ
970 2925 1006 2964 δὲ
1031 2927 1107 2965 τού-

80 2998 151 3026 τοις
181 2983 277 3030 ἑξῆς,
304 2983 360 3022 ἐπὶ
380 2982 443 3034 μὲν
465 2983 527 3031 τὴν
561 2985 764 3037 ἐπιτροπίαν
794 2984 857 3032 τὴν
887 2985 1110 3039 Λυκούργου,

81 3041 143 3090 ἔτη
177 3042 299 3080 ἑκατὸν
331 3044 672 3092 πεντηκονταεννέα,
705 3044 762 3082 ἐπὶ
788 3043 823 3082 δὲ
848 3044 1109 3098 προηγούμενον

127 3205 155 3236 A
182 3204 268 3237 bello
296 3206 455 3246 Trojano,
487 3161 718 3247 Apolloilirum
743 3208 972 3240 Atheniensem
1003 3207 1114 3246 secuti,

84 3251 249 3294 octoginta
281 3261 385 3285 annos
412 3253 453 3285 ad
487 3253 628 3286 reditum
659 3254 900 3286 Heraclidai·1un
930 3255 1113 3287 statuimus.

85 3300 134 3332 Ab
148 3301 211 3332 hoc
226 3300 265 3332 ad
283 3300 502 3342 olympiadem
515 3301 666 3342 primam,
681 3305 841 3334 trecentos
856 3306 888 3334 et
902 3302 1014 3343 viginti
1030 3303 1115 3340 octo,

91 3356 110 3379 a
122 3346 254 3389 regibus
268 3347 587 3381 Lacedaemoniorum
605 3352 750 3392 tempora
766 3349 996 3391 computando.

572 3398 592 3424 '⁷
626 3420 635 3429 .

132 3441 349 3483 Apollodorus
366 3444 541 3475 Homerum
557 3398 705 3477 ssoiuisse
717 3444 762 3477 ait
777 3445 849 3486 post
863 3444 1022 3476 coloniam
1039 3442 1119 3475 Ioni-

2104 189 2181 223 443

1147 270 1223 315 ἔτος
1246 274 1314 310 τῶν
1331 270 1480 326 πρώτων
1502 271 1710 323 Ὀλυμπίων
1748 269 1809 319 ἔτη
1844 269 1967 309 ἑκατὸν
1993 270 2098 309 ὀκτώ.
2134 275 2182 310 V.

1147 331 1299 369 Miiller.
1314 335 1404 369 Dor.
1420 333 1454 370 ΙΙ
1467 360 1478 379 ,
1491 345 1529 383 p.
1546 331 1634 380 501,
1649 330 1870 381 Bernhardy
1883 329 1931 368 ad
1942 330 2184 369 Eratosthen.

1149 403 1188 441 p.
1207 392 1295 440 239.

1638 449 1700 487 74.

1204 509 1350 547 Tatian.
1370 509 1429 547 Ad
1449 512 1572 547 Graec.
1600 516 1669 560 49:
1687 511 1733 548 Οἱ
1764 509 1801 548 δὲ
1829 507 1909 562 περὶ
1929 506 2187 561 Ἀπολλόδωρον

1152 565 1252 619 (φασὶ
1284 567 1342 606 τὸν
1359 565 1525 621 εΌμηρον
1559 567 1771 619 ἠκμακέναι)
1801 566 1891 619 μετὰ
1927 566 1992 614 τὴν
2026 566 2187 615 Ἰωνικὴν

1154 624 1318 663 ἀποικίαν
1343 623 1454 664 ἔτεσιν
1481 626 1604 665 ἑκατὸν
1622 627 1746 675 (addit
1764 627 1958 665 Clemens:
1980 624 2190 677 Ἀγησιλάου

1154 686 1214 721 τοῦ
1246 683 1465 737 Δορυσσαίου
1494 685 1783 737 Λακεδαιμονίων
1809 683 2086 738 βασιλεύοντος),
2103 683 2191 738 ὅπερ

1155 741 1291 794 γένοιτο
1309 742 1349 780 ἂν
1370 741 1512 797 ὕστερον
1533 746 1604 783 τῶν
1622 745 1784 784 Ἰλιακῶν
1807 744 1993 783 διακοσίων
2019 744 2193 798 τεσσαρά-

1155 817 1272 841 κοντα.

1210 862 1265 899 Cf.
1284 861 1458 900 Clemens
1471 863 1580 900 Alex.
1595 865 1735 902 Strom.
1750 867 1780 909 Ι,
1802 877 1841 914 p.
1865 863 1954 911 388,
1979 863 2193 912 18,Euseb.

1156 923 1274 971 Praep.
1297 923 1442 971 Evang.
1460 924 1497 958 X
1512 951 1523 969 ,
1548 935 1606 969 ιι,
1628 922 1826 972 Syncellus
1853 936 1891 973 p.
1934 925 2018 970 180,
2038 927 2086 961 D.
2117 927 2195 961 Po-

1157 979 1290 1017 stremi
1311 978 1429 1017 verba
1444 979 1521 1017 haec
1542 988 1632 1017 sunt
1650 995 1658 1017 ε
1675 980 1839 1034 ”Ομηρον
1859 980 1918 1019 τὸν
1935 981 2018 1035 παρ’
2036 980 2195 1029 Ἕλλησι

1158 1037 1269 1090 μέγαν
1288 1037 1439 1086 ποιητὴν
1471 1040 1502 1076 οἱ
1527 1038 1590 1090 μὲν
1614 1038 1692 1092 περὶ
1712 1039 1882 1093 Κράτητα
1901 1040 1968 1094 πρὸ
1997 1044 2059 1087 τῆς
2081 1040 2196 1094 Ἤρα-

1158 1098 1305 1136 κλειδῶν
1335 1096 1483 1136 καθόδου
1507 1097 1592 1151 φασὶ
1612 1098 1808 1149 γεγονέναι,
1829 1101 1860 1137 οἱ
1886 1099 1923 1138 δὲ
1950 1099 2029 1154 περὶ
2050 1100 2197 1154 Ἐρατο-

1159 1156 1281 1204 σθένην
1311 1155 1400 1207 μετὰ
1423 1154 1484 1203 ἔτη
1507 1155 1536 1209 ρ’
1555 1158 1624 1194 τῶν
1655 1158 1688 1195 Τ
1692 1159 1842 1210 ρωϊκῶν,
1863 1159 1894 1196 οἱ
1925 1157 1961 1196 δὲ
1982 1159 2062 1213 περὶ
2100 1159 2197 1212 Ἀρί-

1159 1231 1312 1269 σταρχον
1327 1214 1419 1254 κατὰ
1435 1214 1498 1262 τὴν
1524 1214 1682 1262 Ἰωνικὴν
1710 1216 1873 1255 ἀποικίαν
1891 1219 1981 1268 μετὰ
2014 1217 2073 1264 ἔτη
2104 1219 2144 1271 ρ’,
2162 1220 2195 1256 οἱ

1159 1274 1196 1313 δὲ
1215 1275 1295 1330 περὶ
1309 1273 1510 1329 Φιλόχορον
1531 1275 1589 1313 ἐπὶ
1611 1278 1675 1322 τῆς
1705 1275 1866 1322 Ἰωνικῆς
1903 1276 2085 1325 ἀποικίας,
2119 1277 2198 1315 καθ’

1160 1333 1220 1373 ἕνα
1244 1338 1313 1373 τῶν
1332 1333 1389 1373 διὰ
1408 1334 1483 1387 βίου
1501 1334 1679 1388 ἀρχόντων
1695 1334 1877 1382 Ἀθήνησιν
1894 1332 2090 1389 Ἄρχιππον
2110 1336 2198 1387 μετὰ

1159 1392 1203 1431 τὰ
1226 1393 1374 1447 Τρωϊκὰ
1391 1392 1501 1432 ἔτεσιν
1521 1393 1591 1447 ρπ’.
1619 1396 1666 1433 Οἱ
1687 1393 1724 1432 δὲ
1749 1394 1829 1447 περὶ
1849 1394 2112 1448 Ἀπολλόδωρον
2137 1394 2196 1433 τὸν

1160 1451 1339 1499 Ἀθηναῖον
1359 1451 1502 1505 ὕστερον
1522 1454 1593 1490 τῶν
1618 1452 1779 1491 Ἰλιακῶν
1815 1452 1876 1500 ἔτη
1906 1456 1977 1505 σμ’.
1998 1453 2117 1492 Ἄλλοι
2138 1470 2202 1505 μι-

1160 1511 1241 1563 κρὸν
1261 1511 1330 1564 πρὸ
1345 1513 1416 1550 τῶν
1437 1511 1691 1562 Ὀλυμπιάδων
1713 1511 1805 1550 ἔτεσι
1826 1511 1857 1549 υ’
1871 1512 1972 1564 ἐγγὺς
1987 1511 2075 1564 μετὰ
2096 1513 2200 1551 Ἰλίου

1161 1569 1306 1618 ἅλωσιν,
1339 1569 1401 1608 καὶ
1446 1569 1558 1623 ἕτεροι
1594 1570 1689 1609 κατὰ
1732 1571 1936 1624 Ἀρχίλοχον
1957 1571 2036 1625 περὶ
2056 1572 2120 1618 τὴν
2146 1586 2203 1624 κγ’

1162 1627 1390 1679 Ὀλυμπιάδα
1412 1629 1500 1679 μετὰ
1519 1628 1580 1676 ἔτη
1603 1632 1634 1683 φ’
1653 1645 1721 1667 που
1745 1632 1807 1676 τῆς
1824 1630 1988 1674 ἁλώσεως
2002 1630 2143 1684 Τροίας.

1216 1691 1328 1726 Errat
1362 1689 1480 1739 igitur
1517 1697 1556 1725 et
1595 1689 1818 1727 Philochori
1851 1699 2078 1740 computum
2115 1704 2202 1728 cuin

1162 1747 1393 1797 Apollodori
1413 1748 1567 1785 calculis
1584 1748 1787 1786 confundit
1807 1752 1964 1786 Tzetzes
1980 1753 2073 1798 XII,
2103 1751 2174 1799 193
2195 1760 2205 1787 ε

1174 1810 1206 1846 Ο
1225 1807 1254 1844 δ’
1272 1807 1530 1862 Ἀπολλόδωρός
1543 1823 1630 1862 φησι
1659 1808 1719 1846 τὸν
1740 1807 1905 1862 (Όμηρον
1938 1809 2109 1863 ὑπάρχειν
2128 1815 2204 1861 μετ’

1165 1865 1225 1914 ἔτη
1245 1866 1457 1918 ὀγδοήκοντα
1470 1867 1627 1918 πολέμου
1644 1872 1705 1906 τοῦ
1722 1870 1791 1906 τῶν
1812 1867 1962 1921 Τρώων,
1987 1867 2091 1907 ὁπότε
2108 1869 2167 1907 καὶ
2180 1872 2203 1916 ἢ

1165 1925 1311 1969 κάθοδος
1325 1926 1565 1974 Ἡρακλειδῶν
1584 1929 1755 1980 ὓπῆρχεν.

1654 1986 1714 2024 75.

1219 2048 1324 2082 Loco
1357 2045 1564 2097 Porphyrii
1600 2045 1732 2097 fragm.
1765 2047 1813 2096 73
1849 2046 2005 2084 laudato
2039 2046 2206 2085 vidimus

1164 2102 1447 2155 Apollodorum
1460 2135 1470 2152 ,
1502 2105 1601 2142 sicut
1618 2106 1732 2144 etiam
1752 2107 2058 2154 Eratosthenem,
2077 2106 2167 2143 inde
2185 2120 2207 2144 a

1167 2162 1295 2214 Trojae
1308 2164 1460 2202 excidio
1474 2178 1597 2215 usque
1618 2165 1666 2202 ad
1689 2169 1905 2216 Lycurgum
1920 2179 2125 2203 numerare
2141 2179 2207 2203 an-

1169 2237 1238 2261 nos
1249 2227 1482 2274 299.Restat
1494 2233 1536 2262 ut
1550 2225 1720 2276 reliquos
1738 2234 1913 2262 veterum
1929 2226 2046 2273 locos,
2065 2225 2207 2275 quibus

1169 2282 1216 2320 de
1231 2284 1396 2334 Lycurgi
1411 2291 1520 2321 aetate
1538 2284 1769 2335 Apollodori
1788 2285 2058 2322 auctoritatem
2076 2297 2202 2334 appo-

1169 2350 1286 2390 nunt,
1303 2343 1341 2380 in
1360 2342 1528 2380 medium
1550 2344 1802 2394 proferamus.

1224 2402 1387 2451 Syncell.
1423 2402 1638 2453 Chronogr.
1672 2416 1709 2454 p.
1744 2404 1829 2448 185,
1869 2405 1896 2441 C
1916 2417 1924 2439 :
1950 2401 2206 2455 Ἀπολλόδωρος

1171 2459 1374 2514 Λυκούργου
1406 2461 1541 2514 νόμιμα
1576 2464 1610 2501 ἐν
1644 2465 1695 2515 τῷ
1736 2471 1770 2509 η’
1799 2461 2042 2514 Ἀλκαμένους.
2089 2463 2206 2501 Addit

1171 2534 1306 2571 margo
1332 2519 1477 2574 χρόνους
1511 2520 1591 2564 τοὺς
1619 2522 1915 2573 Λακεδαιμονίους
1949 2522 2206 2574 καταδεχθῆναι

1170 2578 1307 2634 γράφει.
1327 2581 1498 2630 Heynius
1518 2581 1764 2619 scribendum
1785 2582 1934 2632 putavit
1953 2596 1961 2617 ε
1985 2579 2206 2619 Ἀπολλόδω-

1173 2654 1228 2690 ρος
1245 2636 1287 2676 rit
1306 2638 1508 2693 Λυκούργου
1538 2639 1672 2692 νόμιμα
1697 2639 1829 2683 τούτοις
1853 2646 1925 2682 τοῖς
1949 2638 2084 2693 χρόνοις
2102 2654 2135 2677 κ.
2149 2654 2205 2692 γρ.

1173 2698 1249 2736 Sed
1262 2699 1300 2735 in
1322 2707 1429 2736 textu
1445 2700 1496 2737 nil
1518 2700 1766 2746 mutandum,
1757 2716 1764 2722 ·
1788 2700 1845 2736 sin
1862 2712 1955 2736 vero
1974 2712 2059 2749 quae
2075 2711 2206 2748 margo

1172 2751 1289 2789 habet
1321 2766 1406 2789 cum
1445 2754 1609 2803 Syncelli
1640 2753 1768 2791 verbis
1799 2751 2066 2817 conjungenda
2098 2760 2205 2799 sunt,

1172 2809 1307 2863 χρόνοις
1322 2812 1545 2849 mutiveriin
1571 2812 1609 2849 in
1632 2810 1771 2864 χρόνῳ,
1789 2809 1974 2860 sicutjam
1994 2815 2108 2848 Goar.
2123 2808 2207 2863 χρό-

1171 2885 1240 2912 νοις
1260 2870 1346 2907 voci
1370 2870 1602 2907 substituere
1627 2870 1748 2907 voluit
1778 2868 1872 2917 ἔτει,
1910 2882 2142 2920 quamquam
2176 2870 2206 2907 is

1173 2928 1448 2979 pimaeseiendam
1464 2928 1573 2966 duxit
1597 2929 1750 2966 alteram
1767 2898 2083 2979 explicationem,
2100 2941 2206 2966 eam-

1173 3002 1248 3037 que
1273 2988 1612 3038 perversissimam.
1632 2988 1756 3025 Vertit
1781 2989 1883 3025 enim
1907 2987 2009 3025 hunc
2039 2987 2080 3025 in
2115 3001 2207 3024 mo-

1173 3046 1263 3083 ‹lum
1282 3059 1290 3082 ε
1314 3064 1328 3078 α
1342 3047 1558 3084 Alcamenis
1574 3055 1682 3084 aetale
1697 3048 1861 3098 Lycurgi
1873 3047 1976 3098 leges
1995 3047 2207 3098 suscepisse

1175 3164 1245 3186 cam
1263 3155 1356 3187 annis
1385 3157 1514 3188 centum
1544 3156 1657 3197 (quum
1685 3156 1846 3198 Agesilaus
1873 3157 2033 3199 Doryssaei
2049 3159 2137 3190 esset
2150 3166 2207 3189 rex

1175 3202 1537 3242 Lacedoeiiioiiiorum),
1563 3203 1698 3244 ideoque
1719 3205 1794 3244 post
1815 3205 1944 3246 Trojam
1966 3206 2094 3246 captam
2112 3204 2205 3237 annis

1176 3249 1226 3280 bis
1248 3252 1377 3282 centum
1392 3252 1424 3282 et
1439 3250 1662 3292 quadraginta.

1661 3346 1723 3380 75.

1220 3441 1434 3481 Apollodorus
1445 3442 1582 3483 Lycurgi
1593 3442 1674 3483 leges
1688 3441 1779 3482 ponit
1790 3441 1971 3475 Alcamenis
1983 3448 2067 3473 anno
2077 3441 2205 3472 octavo.
