2320 3684
165 227 241 263 ³10

527 306 682 345 LIBER
710 305 835 343 XXX.

645 367 733 407 185.

220 433 472 480 Harpocran:
492 426 642 480 Κορσίαι
718 425 819 470 πόλις
836 425 922 485 ’ἐστὶ
937 428 1000 473 τῇς
1031 426 1199 469 Βοιωτίας

167 489 318 542 Κορσίαι
330 518 339 535 ,
360 490 406 531 ὡς
425 485 638 537 Θεόπομπος
659 487 693 523 ἐν
707 487 751 537 τῇ
768 487 970 537 τριακοστῇ.

221 548 360 586 Corsiae
377 560 453 583 una
473 553 530 582 cst
547 559 594 582 ex
612 544 735 582 tribus
755 545 830 582 illis
847 544 1008 582 urbibus
1021 574 1030 592 ‚
1048 557 1142 595 quas
1158 544 1198 581 in

166 607 310 645 Boeotia
340 604 520 642 tenebant
549 604 777 641 Phocenses.
806 603 966 641 Diodor.
999 606 1104 652 XVI,
1126 604 1197 650 583

166 664 365 704 Demosth.
384 663 432 701 de
450 663 530 700 sals.
549 663 621 712 leg.
641 676 679 714 p.
715 664 788 700 223
820 671 858 700 et
891 664 979 700 230.
1007 663 1151 701 Eadem
1177 676 1199 700 a

165 723 360 774 Stephano
380 725 470 771 Byz.
492 721 632 759 dicitur
651 721 786 775 Κορσία
808 735 856 759 ex
873 725 1031 760 Pausan.
1050 724 1121 770 IX,
1135 727 1198 770 24,

168 782 235 820 ubi
255 794 356 819 nunc
377 781 538 832 legimus
556 779 722 833 Κορσεία.

639 843 726 882 186.

219 904 326 942 Idem
346 918 354 941 :
377 902 498 943 Πύλαι
587 900 640 940 ὅτι
660 901 698 940 δέ
713 918 764 945 τις
794 902 947 954 ἐγίγνετο
967 901 1106 945 σύνοδος
1129 904 1198 940 τῶν

166 963 427 1018 Ἀμφικτυόνων
447 965 494 1006 εἷς
512 961 654 1010 Πύλας,
675 961 865 1016 Ἱ”περίδης
882 979 920 1002 τε
942 964 976 1001 ἐν
999 962 1199 1017 Ἐπιταφίῳ

165 1022 225 1061 καὶ
246 1022 460 1074 Θεόπομπος
477 1023 512 1061 ἐν
531 1025 576 1075 τῇ
593 1025 782 1076 τριακοστῇ
801 1021 995 1076 εἰρήκασιν.

640 1080 726 1118 187.

219 1147 348 1184 Idem:
367 1145 631 1200 Ἱερομνήμονες
714 1146 746 1184 οἱ
765 1145 986 1197 πεμπόμενοι
1011 1147 1056 1189 εἷς
1073 1145 1112 1184 τὸ
1130 1148 1199 1184 τῶν

167 1203 429 1258 Ἀμφικτυόνων
449 1205 626 1257 συνέδριον
653 1203 687 1249 ἐξ
715 1204 867 1251 ἑκάστης
894 1204 1030 1249 πόλεως
1052 1206 1120 1240 τῶν
1138 1208 1198 1242 τοῦ

168 1263 347 1316 συνεδρίου
363 1265 585 1315 μετεχουσῶν
598 1262 688 1300 οὕτω
699 1264 890 1301 καλοῦνται
904 1293 913 1311 ,
930 1265 977 1306 ὡς
989 1261 1095 1316 σαφὲς
1107 1267 1200 1299 ποιεῖ

167 1322 382 1374 Θεόπομπος
400 1323 435 1360 ἐν
454 1324 498 1368 τῇ
516 1324 721 1375 τριακοστῇ.

650 1387 735 1423 188.

221 1445 428 1484 Athenaeus
448 1448 515 1488 Vl,
543 1458 581 1494 p.
611 1444 699 1488 254,
719 1447 770 1481 F:
786 1442 850 1482 Διὸ
866 1442 925 1480 καὶ
944 1442 1118 1482 Θετταλοὶ
1137 1458 1203 1481 κα-

167 1504 238 1547 λῶς
263 1501 473 1549 ποιήσαντες
507 1501 732 1554 κατέσκαψαν
758 1500 821 1548 τὴν
850 1500 1070 1552 καλουμένην
1099 1501 1200 1540 πόλιν

137 1590 142 1596 .
169 1561 382 1608 Κολακείαν,
398 1560 440 1607 ἣν
460 1561 610 1606 Μηλιεῖς
627 1559 803 1612 ἐνέμοντο,
818 1558 864 1603 ὥς
883 1574 970 1613 φησι
989 1558 1201 1610 Θεόπομπος

169 1622 204 1658 ἐν
222 1622 264 1672 τῇ
284 1621 488 1673 τριακοστῇ.

614 1692 617 1694 ·
634 1687 778 1701 '‘O-—

526 1730 682 1769 LIBER
710 1731 853 1769 XXXI.

653 1789 737 1828 189.

222 1847 380 1887 suidas:
399 1847 445 1886 Τί
465 1848 540 1886 ἐστὶ
559 1848 598 1886 τὸ
615 1849 649 1886 ἐν
670 1853 741 1891 τοῖς
757 1847 1001 1898 Δημοσθένους
1021 1849 1202 1887 Φιλιππι-

171 1912 241 1950 κοῖς
259 1925 274 1940 α
285 1906 343 1945 καὶ
354 1905 393 1944 τὸ
405 1906 634 1960 θρυλούμενον
647 1906 725 1946 τότε
740 1906 936 1960 ἀπόῤῥητον
948 1908 1057 1945 ἐκεῖνο
1066 1925 1095 1955 >›,
1110 1906 1203 1946 Θεό-

167 1980 310 2016 πομπος
337 1966 372 2003 ἐν
399 1964 455 2003 λα’
485 1965 671 2013 δεδήλωκε.
701 1965 801 2012 Φησὶ
829 1965 918 2018 γάρ·
950 1965 1048 2004 «Καὶ
1069 1965 1202 2016 πέμπει

171 2023 257 2076 πρὸς
277 2023 460 2063 Φίλιππον
478 2023 693 2077 πρεσὸευτὰς
705 2055 715 2073 ,
735 2025 948 2078 Ἀντιφῶντα
971 2023 1029 2062 καὶ
1048 2023 1201 2078 Χαρίδη-

172 2098 251 2134 μον,
269 2082 462 2135 πράξοντας
491 2084 550 2122 καὶ
582 2084 661 2136 περὶ
682 2083 808 2136 φιλίας.
830 2083 877 2122 Οἳ
904 2082 1202 2137 παραγενόμενοι,

535 2195 686 2233 LIBER
715 2196 838 2233 XXX.

214 2321 338 2353 Corsiae
407 2323 456 2353 est
478 2321 556 2353 urbs
571 2322 714 2362 Bceotiae,
736 2324 772 2353 ut
788 2322 1017 2363 Theopompus
1032 2322 1145 2354 scribit
1170 2323 1204 2355 li-

173 2368 233 2401 bro
248 2369 425 2410 trigesimo.

649 2425 734 2457 186.

214 2475 368 2515 ΡΥΙεο.’...
387 2476 434 2506 De
457 2484 633 2516 congressu
663 2475 939 2516 Amphictyonum
960 2475 1048 2516 Pylis
1074 2475 1202 2516 habito,

172 2520 353 2562 Hyperides
375 2523 511 2553 testatur
541 2521 574 2553 in
598 2522 791 2563 Epitaphio,
807 2524 839 2554 et
867 2522 1095 2564 Theopompus
1120 2523 1203 2556 libro

175 2567 350 2608 trigesimo.

648 2627 734 2660 187.

215 2680 513 2712 Hieromnemones.
585 2679 648 2718 Qui
667 2680 707 2712 ad
728 2680 1003 2720 Amphictyonum
1031 2681 1202 2713 concilium

174 2735 215 2758 ex
245 2725 380 2766 singulis
402 2725 614 2766 civitatibus,
641 2735 715 2767 quae
747 2726 834 2758 illius
862 2726 1004 2767 synedrii
1032 2727 1202 2768 participes

175 2775 278 2812 erant,
299 2773 524 2812 mittebantur,
542 2773 589 2805 ita
610 2773 689 2806 dicti
707 2777 806 2813 sunt,
835 2777 871 2806 ut
888 2774 1097 2806 manifestum
1126 2775 1203 2807 facit

175 2821 402 2861 Theopompus
416 2820 499 2852 libro
515 2821 695 2861 trigesimo.

647 2886 732 2918 188.

217 2937 324 2972 Quare
340 2938 425 2967 recte
439 2935 586 2968 fecerunt
601 2937 744 2969 Thessali
759 2961 768 2977 ,
794 2937 882 2977 quod
904 2937 1060 2978 oppidum
1076 2938 1126 2969 cui
1151 2942 1203 2971 Co-

178 2983 272 3014 lacea
289 2982 299 3021 (
314 2981 463 3014 Adulatio
477 2983 487 3022 )
501 2991 619 3015 nomen
633 2986 712 3020 erat,
735 2993 755 3015 a
768 2983 976 3016 Meliensibus
1003 2984 1201 3026 habitatum,

177 3029 363 3069 diruerunt,
380 3031 415 3060 ut
429 3029 658 3071 Theopompus
671 3032 717 3064 ait
735 3031 816 3063 libro
835 3030 1012 3072 trigesimo.

590 3102 771 3118 '‘Oe-‘-

524 3152 677 3191 LIBER
712 3152 857 3192 XXXI.

651 3228 735 3260 189.

224 3275 310 3313 Quid
333 3275 375 3307 sit
399 3276 477 3308 illud
492 3300 501 3317 ,
525 3277 612 3317 quod
632 3281 864 3313 Demosthenes
881 3282 911 3314 in
927 3282 1115 3323 Philippicis
1133 3283 1178 3315 ait
1193 3308 1202 3323 ,

183 3335 200 3350 «
222 3324 264 3354 Et
277 3331 427 3354 arcanum
444 3324 534 3363 illud,
551 3325 590 3356 de
606 3335 671 3365 quo
687 3327 809 3359 multus
819 3329 907 3368 apud
922 3338 981 3360 nos
995 3338 1101 3362 sermo
1114 3332 1174 3368 est,
1188 3345 1201 3359 υ

181 3370 408 3409 Theopompus
437 3369 519 3401 libro
558 3372 724 3411 trigesimo
758 3375 862 3414 primo
897 3375 1082 3408 declaravit.
1120 3378 1205 3409 Dicit

181 3417 268 3448 enim
287 3426 294 3447 :
316 3429 330 3443 ιι
348 3418 484 3456 Legatos
508 3417 550 3448 ad
571 3419 756 3460 Philippum
782 3421 882 3453 mittit
909 3423 1141 3464 Antiphontem
1170 3427 1204 3457 et

895 214 1197 256 THEOPOMPI
1228 216 1559 266 ‚FRAGMENTA

1253 304 1454 356 συμπείθειν
1472 305 1574 343 αὐτὸν
1593 303 1795 358 ἐπεχείρουν
1822 306 1858 342 ἐν
1884 304 2074 358 ἀπορρήτῳ
2092 305 2283 358 συμπράτ-

1254 378 1325 402 τειν
1344 362 1553 412 Ἀθηναίοις,
1576 365 1670 407 ὅπως
1697 361 1738 401 ἂν
1765 362 1922 401 λάὸωσιν
1951 363 2176 416 Ἀμφίπολιν,
2197 367 2282 403 bm-

1253 420 1459 473 σχνούμενοι
1481 421 1623 461 Πύδναν
1635 437 1644 446 ·
1661 423 1693 460 οἱ
1717 420 1753 459 δὲ
1773 421 1937 475 πρέσὸεις
1950 423 1984 460 οἳ
2001 424 2071 460 τῶν
2092 422 2284 470 Ἀθηναίων

1253 481 1299 524 εἷς
1317 478 1378 532 μὲν
1395 480 1454 520 τὸν
1473 481 1584 532 δῆμον
1600 480 1697 519 οὐδὲν
1718 479 1951 533 ἀπήγγελλον,
1972 479 2175 532 βουλόμενοι
2191 483 2282 520 λαν-

1253 537 1365 578 θάνειν
1380 538 1460 583 τοὺς
1478 539 1692 586 Πυδναίους,
1720 539 1893 578 ἐκδιδόναι
1923 538 2110 590 μέλλοντες
2137 538 2284 584 αὐτούς·

1254 598 1288 635 ἐν
1309 597 1497 651 ἀπορῤήτῳ
1514 596 1552 635 δὲ
1567 596 1657 648 μετὰ
1671 600 1732 645 τῇς
1751 599 1877 650 βουλῇς
1894 596 2079 650 ἔπραττον.
2095 615 2111 633 »

1306 658 1493 708 Ulpianus
1521 658 1561 694 in
1585 658 1784 695 Demosth.
1805 657 1965 707 Olynth.
1985 661 2022 695 II
2035 686 2045 704 ,
2063 671 2102 708 p.
2135 671 2180 694 12
2193 687 2204 705 ‚
2222 657 2283 695 ed.

1254 718 1379 755 Lutet.
1404 715 1525 763 1570:
1542 714 1610 753 Διὰ
1634 715 1669 754 τί
1686 717 1720 753 ἐν
1739 715 1927 769 ἀπορρήτῳ
1943 732 1952 764 ;
1969 714 2027 754 ἵνα
2049 715 2099 767 μὴ
2129 715 2288 770 ἑκάτεροι

1256 774 1421 824 μαθόντες
1450 774 1692 827 φυλάξωνται,
1707 773 1742 812 οἵ
1755 790 1794 812 τε
1817 777 2050 813 Ποτιδαιᾶται
2076 773 2137 813 καὶ
2157 776 2188 813 οἳ
2209 777 2288 815 Πυ-

1256 833 1378 871 δναῖοι.
1401 832 1613 884 Θεόπομπος
1634 832 1671 871 δέ
1689 848 1792 884 φησιν
1826 832 1879 872 ὅτι
1905 834 1985 886 περὶ
2014 833 2156 880 Πύδνης
2181 833 2286 885 μόνον

1255 889 1315 929 καὶ
1334 891 1573 944 Ἀμφιπόλεως
1604 892 1670 942 (sic
1693 895 1848 930 Kuster.
1876 892 1924 930 ad
1951 893 2058 930 Suid.
2086 906 2160 943 pro
2181 907 2220 943 μ.
2250 907 2286 930 κ.

1256 949 1469 999 Φιλίππου),
1487 948 1545 987 ἵνα
1562 949 1634 1003 δῴη
1653 951 1754 994 αὐτὸς
1775 949 1836 1002 μὲν
1855 950 2047 998 Ἀθηναίοις
2065 950 2287 1003 Ἀμφίπολιν,

1256 1006 1394 1054 δέξηται
1413 1007 1448 1044 δὲ
1465 1007 1549 1061 παρ’
1573 1009 1686 1047 αὐτῶν
1705 1008 1767 1056 τὴν
1789 1007 1931 1048 Πύδναν
1950 1010 2055 1048 αὐτοῦ
2078 1003 2185 1047 οῧσαν
2197 1023 2206 1032 ·
2227 1008 2288 1048 καὶ

1254 1066 1294 1104 τὸ
1323 1065 1518 1120 ἀπόρρητον
1551 1065 1608 1115 δὲ,
1634 1065 1692 1105 ἵνα
1721 1067 1770 1118 μὴ
1799 1067 1966 1119 μαθόντες
1997 1069 2028 1106 οἱ
2058 1066 2228 1107 Πυδναῖοί
2255 1069 2288 1106 οἱ

1257 1123 1497 1177 φυλάξωνται·
1528 1125 1567 1162 οὗ
1598 1123 1665 1179 γὰρ
1691 1125 1876 1164 ἐδούλοντο
1905 1119 1994 1164 εἶναι
2026 1126 2095 1165 ὑπὸ
2120 1126 2179 1164 τὸν
2211 1124 2288 1166 Φί-

1255 1184 1398 1221 λιππον.

1671 1257 1873 1272 *00*—

1601 1306 1754 1344 LIBER
1782 1307 1943 1346 XXXII.

1312 1435 1521 1474 Athenaeus
1536 1438 1600 1483 VI,
1619 1450 1658 1487 p.
1677 1449 1722 1483 ²7
1734 1449 1767 1484 1,
1787 1439 1817 1475 C
1830 1450 1838 1473 :
1850 1437 1940 1490 Περὶ
1958 1435 1993 1475 δὲ
2013 1439 2083 1475 τῶν
2096 1438 2193 1491 παρὰ
2214 1439 2286 1477 Λα-

1258 1493 1492 1544 κεδαιμονίοις
1528 1493 1776 1533 Ἔπευνοίκτων
1809 1494 2034 1547 καλουμένων
2072 1497 2211 1547 (δοῦλοι
2257 1497 2288 1536 δ’

1260 1553 1326 1592 εἶσὶ
1357 1552 1418 1592 καὶ
1438 1549 1545 1604 οὗτοι)
1571 1556 1689 1607 σαφῶς
1711 1553 1884 1592 ἐκτίθεται
1909 1554 2122 1606 Θεόπομπος
2148 1554 2205 1594 διὰ
2225 1559 2289 1604 τῆς

1260 1611 1420 1666 δευτέρας
1436 1611 1496 1650 καὶ
1508 1614 1718 1665 τριακοστῆς
1737 1614 1807 1650 τῶν
1828 1612 2016 1666 Ἱστορίων,
2035 1613 2148 1665 λέγων
2161 1613 2288 1658 οὕτως·

1260 1689 1275 1705 α
1289 1670 1547 1710 Ἀποθανόντων
1570 1671 1711 1710 πολλῶν
1741 1671 2031 1723 Λακεδαιμονίων
2063 1674 2098 1711 ἐν
2124 1675 2175 1726 τῷ
2201 1673 2288 1726 πρὸς

1259 1729 1479 1776 Μεσσηνίους
1501 1730 1666 1783 πολέμῳ,
1686 1732 1717 1768 οἱ
1740 1730 2019 1784 περιλειφθέντες
2039 1731 2288 1779 εὖλαὸηθέντες

1260 1788 1309 1840 μὴ
1341 1795 1553 1842 καταφανεῖς
1581 1788 1751 1840 γένωνται
1781 1795 1851 1833 τοῖς
1877 1791 2014 1843 ἐχθροῖς
2037 1789 2287 1845 ἐρημωθέντες,

1259 1846 1470 1886 ἀνεδίδασαν
1495 1851 1564 1886 τῶν
1594 1847 1746 1886 εἱλώτων
1776 1849 1829 1901 ἐφ’
1863 1848 2016 1897 ἑκάστην
2048 1849 2198 1888 στιὸοίδα
2216 1851 2287 1889 τῶν

1258 1906 1554 1953 τετελευτηκότων
1567 1907 1663 1950 τινάς
1675 1923 1684 1931 ·
1702 1906 1759 1950 οὓς
1779 1906 1839 1945 καὶ
1859 1907 2006 1952 πολίτας
2018 1907 2162 1962 ὕστερον
2179 1907 2286 1955 ποιή-
2315 1927 2317 1930 ⁴

1258 1981 1380 2010 σαντες
1408 1965 1693 2020 προσηγόρευσαν
1726 1965 2007 2015 Ἐπευνάκτους,
2036 1966 2091 2005 ὅτι
2129 1966 2283 2005 κατετά-

1258 2026 1394 2075 χθησαν
1431 2023 1509 2063 ἀντὶ
1553 2027 1624 2063 τῶν
1658 2023 1955 2072 τετελευτηκότων
1994 2027 2042 2070 εἷς
2067 2025 2130 2069 τὰς
2161 2024 2289 2064 cuffi-

1259 2084 1331 2128 δας.
1347 2101 1362 2117 »

1260 2194 1498 2226 Charidemum
1511 2218 1520 2234 ‚
1541 2197 1672 2226 acturos
1693 2194 1790 2226 etiam
1806 2194 1847 2226 de
1868 2194 2021 2227 amicitia.
2045 2195 2109 2233 Qui
2123 2204 2224 2237 quum
2246 2196 2286 2228 ad

1258 2250 1332 2272 eum
1344 2241 1587 2282 pervenissent,
1604 2241 1632 2272 ei
1653 2241 1846 2282 persuadere
1868 2241 2090 2283 conabantur,
2113 2245 2149 2274 ut
2163 2243 2288 2276 occulte

1255 2289 1385 2328 juvaret
1399 2288 1621 2327 Athenienses,
1639 2290 1676 2320 ut
1695 2288 1901 2329 Amphipolin
1917 2292 2123 2330 occuparent,
2139 2290 2286 2330 Pydnam

1257 2335 1286 2366 ei
1301 2335 1538 2376 promittentes.
1556 2336 1799 2369 Atheniensium
1815 2345 1892 2368 vero
1907 2336 2001 2377 legati
2015 2337 2135 2378 populo
2154 2337 2286 2378 quidem

1259 2382 1319 2414 hac
1334 2382 1374 2414 de
1388 2391 1421 2414 re
1433 2382 1513 2414 nihil
1530 2383 1767 2422 renuntiarunt,
1784 2383 1871 2424 quod
1886 2384 2046 2423 Pydnaeos
2057 2384 2154 2416 latere
2167 2383 2287 2416 vellent

1257 2429 1452 2462 deditionem
1470 2430 1632 2470 ipsorum;
1653 2430 1707 2462 sed
1724 2439 1799 2461 cum
1812 2433 1925 2462 senatu
1939 2431 2022 2462 clam
2035 2430 2182 2472 agebant.
2200 2443 2216 2458 u

1298 2477 1323 2507 C
1329 2486 1365 2507 ur
1379 2476 1410 2507 in
1427 2477 1555 2508 occulto
1566 2479 1579 2516 ξ)
1591 2479 1637 2508 Ne
1656 2477 1840 2509 Potidaeatae
1854 2479 1886 2509 et
1907 2477 2052 2518 Pydnaei,
2063 2486 2096 2509 re
2110 2479 2284 2518 comperta,

1256 2521 1317 2553 sibi
1336 2525 1496 2555 caverent.
1514 2523 1740 2563 Theopompus
1760 2522 1837 2554 dicit
1853 2523 1892 2555 de
1909 2523 2021 2564 Pydna
2044 2524 2150 2556 solum
2163 2526 2195 2556 et
2210 2526 2280 2556 Am-

1256 2569 1377 2609 phipoli
1397 2571 1555 2601 statutum
1581 2578 1670 2608 esse,
1694 2572 1730 2601 ut
1755 2569 1822 2610 ipse
1837 2570 2086 2602 Atheniensibus
2107 2570 2197 2602 daret
2211 2573 2286 2603 Am·

1257 2615 1396 2656 phipolin
1408 2640 1417 2655 ‚
1436 2616 1594 2656 acciperet
1613 2625 1690 2648 vero
1721 2616 1762 2647 ab
1782 2616 1822 2647 iis
1840 2616 1984 2656 Pydnam
1996 2640 2005 2656 ‚
2021 2626 2095 2657 quae
2122 2616 2235 2649 fuisset
2254 2617 2284 2649 ei

1256 2662 1418 2702 subjecta;
1436 2663 1532 2702 idque
1545 2663 1577 2694 in
1591 2663 1718 2694 occulto
1733 2665 1929 2694 transactum
1947 2672 2029 2702 esse,
2046 2673 2086 2695 ne
2095 2663 2238 2704 Pydnaei,
2250 2671 2284 2696 re

1256 2713 1436 2750 comperta,
1453 2712 1602 2742 caverent
1617 2719 1625 2741 z
1644 2710 1796 2742 nolebant
1816 2710 1901 2742 enim
1918 2710 1981 2742 sub
1996 2711 2133 2752 Philippi
2150 2709 2300 2752 imperio.

1256 2764 1338 2788 esse.

1664 2845 1881 2860 ——me—

1596 2913 1748 2951 LIBER
1777 2914 1942 2952 XXXII.

1729 2991 1816 3023 190.

1297 3050 1344 3080 De
1358 3050 1552 3089 Epeunactis
1575 3059 1651 3083 vero
1665 3052 1720 3092 qui
1741 3056 1898 3085 vocantur
1919 3054 2007 3094 apud
2022 3054 2293 3088 Lacedaemonios:

1259 3098 1349 3136 (sunt
1363 3101 1469 3128 autem
1489 3100 1519 3129 et
1533 3098 1565 3130 hi
1582 3108 1750 3131 servorum
1776 3101 1889 3142 genus)
1912 3101 2080 3143 perspicue
2098 3100 2292 3143 Theopom-n'

1258 3153 1319 3185 pus
1336 3144 1467 3176 disserit
1483 3146 1625 3177 secundo
1640 3149 1672 3178 et
1688 3147 1852 3187 trigesimo
1868 3149 2085 3180 Historiarum
2101 3148 2182 3181 libro
2193 3173 2202 3189 ,
2219 3149 2285 3191 ubi,

1257 3192 1302 3223 ait
1318 3201 1325 3223 :
1344 3204 1360 3218 «
1380 3193 1490 3229 Quum
1512 3193 1606 3225 multi
1629 3195 1797 3235 periissent
1812 3196 2131 3228 Lacedaemoniorum
2147 3196 2180 3228 in
2197 3195 2298 3239 bend}

1258 3248 1333 3271 cum
1348 3240 1529 3278 Messeniis,
1549 3241 1643 3272 veriti
1659 3243 1848 3282 superstites
1870 3253 1910 3275 ne
1931 3253 1970 3276 eo
1986 3243 2170 3276 solitudinis
2181 3253 2218 3277 se
2234 3253 2287 3277 ro.-

1257 3286 1367 3318 dactos
1381 3290 1610 3326 cognoscerent
1626 3289 1744 3327 hostes,
1758 3289 1790 3320 in
1806 3290 1932 3331 singula
1944 3299 2055 3323 eorum
2070 3290 2126 3331 qui
2136 3287 2291 3330 obierant&

1257 3336 1360 3366 strata
1379 3334 1510 3365 Helotas
1531 3335 1654 3375 aliquot
1684 3336 1898 3370 traduxerunt
1916 3348 1923 3368 :
1941 3347 2023 3378 quos
2048 3337 2165 3370 deinde
2183 3337 2281 3371 etiam

1257 3379 1386 3412 civitate
1404 3380 1540 3413 donatos
1577 3384 1794 3423 Epeunactos
1819 3387 2000 3423 vocarunt,
2025 3383 2179 3425 quoniam
2207 3385 2281 3418 loeo

1257 3430 1456 3460 mortuorum
1465 3427 1497 3460 in
1507 3431 1607 3461 strata
1615 3430 1759 3470 ipsorum
1774 3431 1834 3471 (ἐπ’
1847 3431 1946 3472 εὐνάς)
1957 3431 2095 3464 fuissent
2108 3430 2280 3466 traducti.»
