2320 3684
187 223 262 256 212

182 306 314 358 ἱστορεῖ
349 301 471 354 λέγων,
499 300 552 339 ὅτι
585 299 842 351 καταγνωσθεὶς
871 299 928 337 ἐπὶ
974 300 1221 354 λογοκλοπείᾳ

185 363 263 402 τότε
283 360 387 413 (καθὰ
413 360 472 398 καὶ
493 358 660 410 Πλάτων)
680 361 749 396 τῶν
766 357 878 409 λόγων
909 357 1064 405 ἐκωλύθη
1101 358 1204 410 μετέ-

183 435 269 472 χειν.
290 421 499 470 Μεμνῆσθαι
517 417 552 455 δὲ
567 417 627 456 καὶ
644 416 745 455 αὐτὸν
763 415 969 470 Πυθαγόρου
986 412 1131 467 λέγοντα
1144 433 1152 442 ·

286 484 346 516 Ἦν
368 484 401 515 δέ
419 494 464 519 τις
481 483 512 514 ἐν
530 482 676 514 κείνοισιν
694 481 769 524 ἀνὴρ
786 481 939 524 περιώσια
955 482 1061 520 εἰδὼς,

286 531 318 567 ὃς
337 531 373 568 δὴ
393 530 542 570 μήκιστον
560 528 721 571 πραπίδων
735 528 887 566 ἐκτήσατο
902 528 1044 560 πλοῦτον.

184 585 241 622 Cf.
263 582 521 620 1a1nblich.v.
535 581 695 631 Pythag.
717 594 748 618 c.
775 581 833 620 15.
852 584 973 619 Sturz.
987 585 1046 619 De
1063 583 1207 632 Empe-

183 642 292 678 docle
308 655 346 691 p.
370 646 412 684 14
432 641 513 678 haec
533 640 580 677 ad
607 653 719 677 avum
741 640 927 677 notissimi
961 640 1062 677 illius
1081 640 1205 690 philo-

182 701 295 751 sophi
329 700 527 738 referenda
562 708 683 751 putat.
714 704 772 738 De
786 714 865 750 quo
884 701 1068 738 Timaeum
1098 701 1205 750 cogi-

183 766 280 796 tasse
309 758 639 805 addubitaveri1n3
671 772 759 796 nam
788 772 875 796 cum
897 772 942 796 eo
962 759 1206 796 consentiunt

181 817 344 867 Diogen.
363 819 488 854 Laert.
502 819 614 867 VIII,
636 818 697 865 503
717 817 887 855 Eudocia
899 817 1041 854 Violar.
1059 831 1095 868 p.
1119 818 1204 866 ¹693

181 877 307 912 Tzetz.
329 875 492 914 Chiliad.
514 878 571 923 ΙΙ,
591 889 686 924 9023
708 876 835 914 Schol.
854 877 1031 926 Hermog.
1054 889 1091 926 p.
1115 877 1204 922 283;

181 934 368 985 Origenes
403 934 629 985 Philosoph.
646 949 678 972 c.
696 937 731 972 3.
754 939 888 986 ltaque
906 936 1027 972 multo
1046 936 1125 973 veri
1154 935 1205 972 si-

179 993 308 1030 milior
328 1002 384 1031 est
406 994 600 1031 Karstenii
635 994 674 1044 (l.
710 994 734 1031 l.
772 1008 808 1044 p.
836 993 899 1045 50)
918 995 1116 1041 sententia,
1138 994 1204 1044 qui

182 1051 438 1102 Pythagoram
469 1065 491 1090 a
526 1052 670 1090 Timaeo
717 1052 897 1089 seriorem
938 1053 1081 1089 factum
1124 1064 1206 1088 esse

180 1110 314 1156 credit,
333 1124 447 1161 quam
467 1124 600 1148 revera
620 1110 762 1148 fuisset.
782 1111 966 1148 Similiter
982 1110 1132 1160 lapsum
1149 1110 1205 1147 vi-

180 1167 314 1206 demus
339 1169 379 1206 in
408 1168 677 1206 constituenda
705 1169 955 1219 Xenophanis
994 1176 1104 1205 aetate
1145 1168 1203 1218 (fr.

180 1226 259 1276 92),
279 1240 393 1277 quem
414 1227 595 1265 Hieronis
619 1227 802 1277 aequalem
818 1227 932 1264 fuisse
950 1226 1118 1263 dicit.—
1133 1230 1205 1264 Ce-

181 1292 302 1322 terum
338 1285 457 1323 verba
480 1300 487 1322 :
510 1285 600 1324 καθὰ
631 1285 691 1323 καὶ
726 1284 876 1323 Πλάτων
903 1285 1033 1322 addita
1063 1293 1150 1322 sunt
1184 1298 1205 1322 a

179 1343 365 1394 Diogene.

663 1397 726 1434 82.

232 1450 438 1487 Athenaeus
457 1452 550 1496 XII,
573 1454 608 1496 4,
627 1463 667 1500 p.
690 1450 782 1496 522,
802 1448 941 1487 A:K0‹l
959 1450 1206 1501 Κροτωνιᾶται

179 1505 222 1553 δ’,
243 1505 289 1550 ὥς
318 1522 403 1558 φησι
426 1505 596 1557 Τίμαιος,
631 1506 720 1557 μετὰ
758 1506 798 1545 τὸ
827 1505 950 1551 ἐξελεῖν
983 1505 1204 1559 Συὸαρίτας,

179 1563 364 1608 ἐξώκειλαν
386 1567 432 1608 εἷς
460 1564 611 1619 τρυφήν·
631 1564 723 1603 ὥστε
742 1565 802 1604 καὶ
831 1564 889 1604 τὸν
911 1563 1064 1618 ἄρχοντα
1092 1566 1204 1603 αὐτων

179 1638 290 1675 περιιε
275 1621 347 1660 έναι
370 1621 461 1661 κατὰ
479 1622 541 1670 τὴν
559 1622 660 1662 πόλιν
678 1623 895 1676 ἁλουργίδα’
878 1622 1131 1677 ημφιεσμένον,
1146 1623 1206 1661 καὶ

179 1681 462 1734 ἐστεφανωμένον
477 1684 597 1735 χρυσῷ
618 1682 797 1736 στεφάνῳ,
816 1681 1062 1732 υποδεδεμένον
1080 1681 1205 1724 λευκὰς

179 1740 401 1792 κρηπῖδας...
412 1738 584 1794 (Ὕστερον
606 1741 641 1779 δὲ
654 1740 713 1779 κα)Ι
734 1743 766 1778 οι
783 1743 1045 1794 Κροτωνιᾶται,
1063 1740 1167 1791 φησιν
1188 1743 1206 1778 ὁ

179 1798 350 1849 Τίμαιος,
381 1798 613 1852 ἐπεχείρησαν
642 1798 705 1847 τὴν
735 1798 982 1849 Ὀλυμπιακὴν
1012 1798 1204 1852 πανηγυριν

182 1858 402 1906 καταλῦσαι,
437 1861 488 1910 τῷ
519 1859 613 1912 αὐτῷ
649 1857 764 1912 χρόνω
799 1858 982 1911 προθέντες
1019 1857 1205 1911 ἀργυρικὸν

180 1914 311 1968 σφόδρα
329 1888 529 1954 πλούσιόν’
510 1918 639 1968 αγῶνα.
655 1919 702 1956 Οἱ
720 1915 755 1954 δὲ
775 1916 972 1969 Συὸαρίτας
987 1931 1088 1954 τουτο
1101 1918 1206 1962 ποιῆ-

180 1988 239 2010 σαι
254 1972 424 2024 λέγουσιν.

576 2037 813 2051 ——Qm—

535 2084 689 2123 LIBER
719 2086 750 2123 x
783 2085 859 2134 (ιι).

233 2195 394 2245 Diogen.
435 2198 556 2233 Laert.
591 2143 749 2245 VII{?·§
788 2209 855 2234 11:
871 2195 1019 2247 Τίμαιός
1043 2194 1082 2232 τέ
1101 2210 1206 2248 φησιν

180 2303 237 2343 qui
254 2303 401 2344 pluribus
421 2303 500 2335 locis
516 2303 591 2335 libri
610 2304 687 2335 noni
704 2312 778 2335 eum
795 2304 873 2335 dicit
894 2306 1093 2343 accusatum,
1113 2303 1201 2344 quod

180 2349 359 2381 doctrinam
374 2350 424 2381 fur
426 2352 499 2382 atus
511 2351 596 2383 esset
608 2350 719 2391 (sicuti
731 2351 828 2382 etiam
840 2351 956 2390 Plato),
973 2359 991 2382 a
1003 2350 1205 2382 sermonibus

181 2399 260 2427 tunc
274 2405 345 2428 esse
360 2396 550 2437 exclusu1n;
568 2398 676 2439 ipsum
694 2401 802 2430 autem
816 2397 1000 2429 meminisse
1017 2398 1204 2437 Pythagorae

181 2441 230 2474 his
245 2442 377 2474 veihis:

264 2508 337 2536 Erat
349 2507 430 2536 inter
445 2508 515 2537 illos
529 2509 575 2537 vir
590 2509 717 2548 quidam
735 2509 846 2538 eximie
864 2509 974 2537 doctus
987 2531 996 2547 ,

263 2556 319 2593 qui
331 2555 557 2594 amplissimas
549 2557 666 2596 ingenii
680 2567 753 2596 opes
767 2556 958 2595 possidebat.

659 2616 721 2649 82.

224 2670 287 2703 Sed
301 2673 332 2702 et
346 2671 554 2711 crotoniatae,
575 2674 612 2704 ut
626 2672 670 2704 ait
685 2672 839 2712 Timaeus,
856 2675 1027 2712 postquam
1041 2671 1205 2713 Sybaritas

182 2718 378 2757 deleverant,
396 2718 429 2749 in
446 2718 607 2750 luxuriam
623 2719 762 2760 prolapsi
776 2721 877 2751 sunt.
897 2719 941 2751 ita
957 2719 1089 2759 quidem
1104 2722 1141 2750 ut
1157 2728 1205 2751 eo·

183 2774 257 2796 rum
277 2766 396 2805 praetor
424 2765 521 2796 etiam
546 2775 603 2807 per
622 2766 735 2797 urbem
760 2766 920 2798 incederet
932 2769 1022 2797 veste
1043 2775 1203 2807 pulpurea

182 2812 343 2852 amictus,
362 2821 459 2843 aurea
478 2813 648 2844 redimitus
673 2822 812 2851 corona,
830 2813 976 2845 candidis
991 2813 1127 2853 crepidis
1146 2813 1205 2844 cal-

183 2859 330 2889 ceatus..
336 2860 485 2890 .Postea
501 2867 590 2898 vero,
606 2861 642 2890 ut
658 2858 755 2891 tradit
770 2859 853 2891 idem
868 2859 1022 2898 Timaeus‚
1039 2859 1204 2892 Ciotonia-

184 2906 226 2936 tae
248 2913 376 2944 quoque
395 2905 503 2936 conati
522 2908 599 2937 sunt
616 2906 862 2947 Olympicorum
879 2906 1030 2938 ludorum
1043 2906 1205 2938 celebrita-

184 2954 249 2982 tem
271 2951 466 2991 dissolvere
493 2952 525 2983 in
552 2953 639 2984 idem
661 2957 790 2994 tempus
814 2953 988 2985 certamina
1005 2953 1202 2991 indicentes,

185 3006 299 3037 magna
316 2999 436 3038 argenti
467 2999 499 3030 vi
524 2999 699 3032 victoribus
715 3009 774 3041 pro
796 3000 930 3041 praemio
946 3001 1116 3041 proposita.
1142 2977 1205 3032 Alii

186 3051 262 3074 vero
278 3044 442 3084 Sybaritas
458 3045 549 3077 aiunt
565 3045 595 3077 id
618 3046 740 3079 fecisse.

579 3171 730 3210 LIBER
760 3172 806 3209 X.

665 3247 727 3279 83.

230 3300 374 3330 Timaeus
396 3308 524 3340 quoque
557 3303 588 3333 in
612 3303 736 3336 decimo
758 3305 972 3336 Historiarum
995 3304 1060 3343 ait,
1084 3303 1206 3335 dixisse

189 3346 282 3377 illum
299 3345 525 3385 (Pythagoram
548 3350 608 3388 sc.)
623 3373 630 3387 ‚
647 3359 720 3390 quae
735 3359 809 3382 cum
832 3351 909 3382 viris
926 3350 1126 3385 habitarent,
1152 3359 1205 3382 eas

980 214 1144 253 TIMAEI
1174 215 1502 254 FRAGMENTA.

1261 303 1296 340 ἐν
1309 302 1435 355 δεκάτῃ
1453 301 1641 354 Ἱστοριων,
1661 300 1771 352 λέγειν
1791 301 1893 339 αὐτὸν
1912 301 2208 357 (Pythagoram),
2223 305 2286 350 τὰς

1263 360 1486 403 συνοικούσας
1515 359 1659 412 ἀνδράσι
1693 361 1778 397 θεων
1810 358 1901 411 ἔχειν
1938 358 2110 411 ὀνόματα,
2147 362 2282 416 Κόρας,

1262 417 1430 472 Νύμφας,
1445 421 1520 456 εἶτα
1540 417 1705 470 Μητέρας
1723 417 1950 468 καλουμένας.
1969 421 2102 458 Τουτον
2121 420 2180 459 καὶ
2197 436 2285 472 γεω-

1262 476 1404 531 μετρίαν
1418 476 1476 514 ἐπὶ
1494 474 1603 528 πέρας
1621 478 1775 527 ἀγαγεῖν,
1793 475 1956 529 Μοίριδος
1971 479 2110 529 πρῶτον
2130 478 2286 532 ευρόντος

1260 533 1320 577 τὰς
1341 535 1451 588 ἀρχὰς
1472 537 1540 572 τῶν
1565 535 1745 586 στοιχείων
1763 536 1870 581 αὐτῆς
1882 566 1891 583 ,
1910 534 1956 579 ὥς
1976 551 2080 589 φησιν
2097 537 2285 576 Ἀντικλεί-

1261 594 1321 641 δης
1336 595 1370 632 ἐν
1389 593 1536 647 δευτέρῳ
1554 593 1633 647 περὶ
1653 593 1886 646 Ἀλεξάνδρου.

1741 672 1804 709 84.

1313 745 1438 783 Schol.
1457 744 1610 783 Pindar.
1622 747 1728 782 Nem.
1742 747 1816 790 IX,
1836 744 1885 793 95
1902 759 1910 781 ε
1926 743 1991 787 Ὡς
2004 743 2041 782 δὲ
2058 743 2118 782 καὶ
2135 746 2153 782 ὁ
2166 744 2285 784 Γέλων

1260 804 1311 854 τῷ
1330 802 1477 855 Χρομίῳ
1497 803 1624 855 ἐχρῆτο
1646 802 1794 855 ἑταίρῳ,
1813 803 1916 848 δῆλον
1949 802 2055 840 πάλιν
2071 801 2106 847 ἐξ
2125 796 2173 841 ὧν
2199 818 2286 856 φησι

1264 859 1415 911 Τίμαιος
1435 863 1468 899 ἐν
1485 864 1528 913 τῇ
1553 859 1696 914 δευτέρᾳ
1715 861 1856 913 γράφων
1875 859 1999 904 οὕτως·
2025 879 2041 894 «
2054 861 2286 915 Ἐπιτρόπους

1263 917 1299 956 δὲ
1324 922 1385 956 τοῦ
1411 918 1532 961 παιδὸς
1563 919 1637 969 μετ’
1671 921 1799 956 ἐκεῖνον
1829 917 2043 966 κατέστησεν
2068 919 2284 973 Ἀριστόνουν

1262 977 1323 1015 καὶ
1342 977 1496 1029 Χρόμιον
1514 977 1591 1020 τοὺς
1607 977 1793 1024 κηδεστάς·
1816 976 1949 1020 τούτοις
1967 977 2034 1031 γὰρ
2053 981 2071 1016 ὁ
2094 978 2212 1018 Γέλων
2227 979 2287 1018 δέ-

1262 1036 1351 1073 δωκε
1376 1035 1438 1077 τὰς
1459 1035 1646 1088 ἀδελφάς.»

1713 1112 1761 1149 84

1314 1190 1436 1224 ΤΖοιΖ.
1458 1186 1554 1224 Chil.
1575 1189 1642 1232 IV,
1659 1187 1733 1223 266
1750 1201 1758 1223 z

1343 1257 1465 1288 Γέλωνα
1478 1257 1686 1298 Συρακούσιον
1700 1258 1769 1288 καθ’
1786 1257 1898 1294 ὕπνους
1917 1258 1950 1290 δὲ
1968 1259 2100 1302 βοῶντα,

1345 1303 1550 1344 κεραυνοὸλής
1566 1302 1624 1345 γὰρ
1642 1302 1739 1338 ἔδοξεν
1757 1303 1882 1345 ὀνείροις
1896 1305 2065 1344 γεγονέναι,

1347 1350 1364 1380 ὁ
1381 1349 1464 1380 κύων
1482 1349 1703 1391 θορυὸούμενον
1719 1349 1856 1392 ἀμέτρως
1871 1351 1961 1391 γνοὺς
1978 1351 2104 1391 ἐκεῖνον,

1343 1396 1544 1426 καθυλακτῶν
1561 1396 1619 1427 οὐκ
1636 1396 1750 1433 ἔληξεν,
1765 1396 1820 1432 ἕως
1836 1397 1942 1439 ἐγείρει
1960 1401 2081 1429 τοῦτον.

1346 1443 1464 1473 Τοῦτον
1481 1442 1614 1477 ἐξέσωσέ
1631 1453 1708 1474 ποτε
1726 1444 1779 1474 καὶ
1797 1444 1886 1480 λύκος
1904 1444 1939 1475 ἐκ
1957 1444 2099 1476 θανάτου.

1345 1489 1445 1529 Σχολῇ
1463 1489 1716 1530 προσκαθημένου
1731 1490 1788 1532 γὰρ
1801 1490 1844 1521 ἔτι
1857 1491 1981 1522 παιδίου
1998 1491 2082 1527 ὄντος

1345 1536 1435 1571 λύκος
1451 1535 1545 1566 ἐλθὼν
1558 1535 1714 1577 ἆφήρπαζε
1729 1537 1784 1575 τὴν
1801 1537 1904 1568 δέλτον
1919 1538 1973 1575 τὴν
1991 1537 2120 1569 ἐκείνου.

1345 1584 1407 1613 Τοῦ
1425 1582 1458 1613 δὲ
1474 1581 1640 1623 δραμόντος
1657 1582 1731 1624 πρὸς
1748 1582 1840 1614 αὐτὸν
1857 1582 1909 1614 τὸν
1926 1584 2017 1615 λύκον
2032 1585 2085 1615 καὶ
2102 1585 2157 1622 τὴν
2170 1585 2286 1626 δέλτον,

1343 1631 1584 1661 κατασεισθεῖσα
1600 1632 1619 1668 ἡ
1633 1631 1731 1671 σχολὴ
1746 1630 1890 1673 βαθρόθεν
1904 1631 2100 1672 καταπίπτει,

1344 1677 1396 1707 καὶ
1415 1677 1592 1717 σύμπαντας
1604 1677 1763 1708 ἀπέκτεινε
1779 1678 1889 1714 παῖδας
1906 1678 1962 1709 σὺν
1980 1679 2166 1720 διδασκάλῳ.

1345 1724 1416 1754 Τῶν
1433 1723 1551 1754 παίδων
1568 1724 1600 1755 δὲ
1617 1723 1669 1755 τὸν
1686 1723 1812 1765 ἀριθμὸν
1826 1726 1854 1755 οἱ
1872 1728 2053 1767 συγγραφεῖς
2071 1727 2182 1767 βοῶσι,

1344 1769 1482 1810 Τίμαιοι,
1502 1770 1671 1809 Διονύσιοι,
1690 1769 1839 1812 Διόδωροι
1857 1771 1909 1802 καὶ
1927 1771 2022 1811 Δίων,

1343 1816 1439 1847 πλείω
1454 1817 1597 1847 τελοῦντα
1614 1816 1734 1848 ἑκατόν·
1750 1817 1785 1848 τὸ
1802 1818 1828 1848 δ’
1845 1817 1966 1860 ἀκριὸὲς
1983 1819 2039 1850 οὐκ
2053 1819 2131 1850 οἶδα
2180 1815 2185 1820 ’

1744 1882 1807 1919 85.

1315 1961 1444 1999 Schol.
1471 1962 1580 1999 Pind.
1607 1965 1715 1999 Nem.
1747 1965 1824 2007 IX,
1849 1964 1924 2013 95:
1945 1964 2229 2017 Βαθυκρήμνοισι
2255 1967 2285 2005 δ’

1263 2019 1350 2071 ἀμφ’
1366 2021 1488 2063 ἀκταῖς
1505 2018 1680 2073 Ελώρου]
1702 2020 1792 2073 Περι
1809 2036 1928 2060 τουτον
1947 2021 2005 2060 τὸν
2028 2030 2186 2074 ποταμὸν
2201 2039 2284 2063 συν-

1263 2076 1346 2124 έστη
1373 2077 1620 2131 Ἱπποκράτε,
1589 2094 1599 2115 ι
1637 2081 1686 2131 τῷ
1706 2079 1853 2117 Γελώων
1870 2080 2039 2156 τυράννῳ,
2063 2081 2148 2135 πρὸς
2172 2084 2285 2136 Συρα-

1263 2136 1420 2179 κουσίους
1443 2137 1606 2187 πόλεμος.
1623 2136 1668 2175 ‘O
1685 2137 1721 2174 δὲ
1741 2138 1870 2187 Ιέλων,
1888 2143 1927 2177 οὓ
1946 2143 2043 2183 οὗτος
2059 2141 2211 2193 ἑταῖρος,
2231 2143 2286 2179 ἱπ-
2317 2146 2320 2147 ’

1261 2194 1391 2248 πάρχει
1425 2195 1498 2246 (lta
1517 2196 1663 2234 Boeckh.
1684 2210 1756 2247 pro
1775 2197 1918 2247 vulgat.
1939 2200 2036 2240 οὗτος
2054 2196 2187 2248 ἔτερος,
2207 2198 2242 2243 ὃς
2259 2201 2283 2237 ἱ.

1800 1127 1831 1151 a.

1262 2302 1414 2344 deinceps
1426 2305 1544 2335 Matres
1558 2303 1721 2344 appellari.
1737 2306 1831 2336 Hunc
1844 2305 1876 2336 et
1885 2304 2091 2345 geometriam
2102 2306 2284 2346 perfecisse,
2302 2307 2315 2349 '3-

1261 2359 1363 2390 quum
1384 2352 1477 2381 antea
1491 2350 1601 2381 Moeris
1623 2350 1716 2381 initia
1734 2350 1964 2382 elementorum
1993 2351 2062 2391 eJus
2085 2351 2281 2392 invenisset,

1265 2396 1441 2427 Anticlides
1458 2397 1570 2428 auctor
1584 2398 1634 2428 est
1650 2396 1682 2428 in
1699 2397 1842 2428 secundo
1857 2396 1896 2429 de
1916 2397 2107 2430 Alexandro
2306 2401 2310 2404 ”

1306 2496 1461 2528 Gelonem
1484 2495 1630 2527 Chromii
1649 2495 1866 2527 familiaritate
1885 2503 1979 2527 usum
2001 2505 2072 2529 esse
2095 2497 2219 2530 clarum
2234 2501 2286 2531 est
2300 2491 2320 2559 325

1261 2552 1301 2575 ex
1324 2543 1376 2579 iis,
1402 2551 1475 2583 quae
1495 2542 1635 2574 Timaeus
1657 2543 1737 2574 dicit
1758 2542 1840 2574 libro
1862 2543 2026 2584 secundo,
2050 2544 2094 2576 ita
2111 2545 2280 2578 scribens:

1265 2592 1430 2621 «·Tutoies
1444 2589 1498 2620 filii
1517 2591 1591 2629 post
1607 2589 1698 2620 illum
1715 2589 1884 2621 constituit
1907 2590 2115 2622 Aristonoum
2140 2594 2171 2623 et
2186 2575 2313 2624 cnm-²⁵²9

1261 2636 1362 2667 mium
1379 2636 1505 2675 affines3
1523 2636 1573 2667 his
1589 2638 1674 2667 enim
1689 2635 1769 2668 Gelo
1784 2644 1910 2668 sorores
1927 2636 2081 2668 dederat
2072 2646 2106 2668 ιιι
2123 2638 2306 2670 matrimo-

1260 2683 1363 2714 nium.

2300 2617 2320 2657 ξ

1715 2737 1765 2768 84
1793 2742 1828 2768 a.
2300 2761 2314 2766 ν.

1303 2781 1382 2813 Gelo
1397 2782 1618 2821 Syracusanus
1634 2790 1735 2821 quum
1759 2791 1815 2822 per
1832 2782 1970 2823 quietem
1987 2782 2165 2816 clamitaret
2183 2786 2195 2823 (
2204 2790 2279 2820 nam
2292 2780 2306 2817 '³5³

1262 2827 1397 2859 fulmine
1413 2836 1585 2868 percussus
1598 2836 1668 2859 esse
1683 2828 1714 2858 in
1738 2828 1871 2860 somniis
1895 2828 1956 2860 sibi
1971 2829 2177 2869 videbatur),
2191 2827 2315 2873 cantes&

1263 2874 1435 2906 immodice
1450 2883 1524 2906 eum
1541 2874 1764 2915 perturbatum
1787 2874 2068 2914 animadvertens,
2085 2875 2199 2909 latrare
2214 2885 2279 2910 non

1261 2920 1356 2951 desiit
1380 2920 1483 2952 donec
1496 2929 1570 2951 eum
1591 2920 1756 2951 excitaret
1778 2922 1872 2951 Hunc
1887 2921 2050 2960 quondam
2066 2922 2162 2953 etiam
2185 2918 2300 2968 lupus-³*

1261 2975 1280 2998 a
1304 2975 1375 2998 ιιιοι
1376 2968 1407 2998 te
1432 2966 1583 2998 servavit.
1610 2966 1733 2998 scholoe
1759 2967 1845 2998 enim
1872 2975 1972 3007 quum
1997 2967 2151 3000 assideret
2173 2969 2308 3002 adhue

1262 3012 1428 3054 puerulus,
1444 3013 1540 3053 lupus
1557 3012 1783 3065 superveniens
1799 3013 1941 3044 tabulam
1957 3014 2026 3053 ejus
2047 3014 2192 3055 arripuit.
2210 3017 2297 3048 Hoc

1262 3061 1371 3091 autem
1387 3060 1573 3090 accurrente
1586 3059 1625 3090 ad
1643 3059 1749 3099 ipsum
1765 3059 1876 3099 lupum
1891 3062 1922 3090 et
1946 3059 2103 3099 tabulam,
2119 3063 2299 3100 commotu-⁹

1261 3106 1371 3138 schola
1394 3106 1540 3137 funditus
1571 3105 1711 3144 corruit,
1730 3108 1762 3137 et
1778 3108 1947 3138 universos
1969 3106 2021 3138 ille
2036 3115 2132 3139 casus
2161 3107 2291 3141 occidit

1261 3161 1377 3194 pueros
1400 3161 1473 3183 eum
1488 3152 1560 3192 ipso
1576 3129 1780 3193 praeceptore.
1796 3154 1972 3183 Puerorum
1987 3155 2095 3184 autem
2110 3162 2278 3187 numerum

1262 3199 1431 3239 scriptores
1439 3199 1611 3238 celebrant,
1625 3198 1750 3238 Timaei,
1763 3198 1920 3238 Dionysii,
1932 3198 2064 3231 Diodori
2074 3202 2170 3240 atque
2182 3201 2306 3243 Dionss

1261 3245 1447 3286 ampliorem
1464 3244 1561 3276 ruisse
1576 3245 1716 3276 centum.
1737 3246 1867 3276 Centum
1884 3253 1948 3276 non
1962 3245 2049 3276 novi.

1302 3349 1349 3381 Ad
1375 3350 1462 3381 hunc
1490 3349 1625 3381 fluvium
1652 3299 1838 3389 (Ηείοῗιῗιιι)
1868 3350 2078 3391 Hippocrates
2102 3349 2282 3382 Geloni-um

190 3393 359 3424 numinum
375 3393 505 3424 nomine
514 3397 646 3435 censeri,
659 3397 777 3437 quippe
791 3399 823 3430 et
842 3397 978 3435 puellas,
995 3397 1159 3438 Nymphas
1175 3399 1207 3429 et
1264 3399 1419 3437 tyrannus
1435 3405 1573 3437 pugnam
1587 3397 1748 3428 commisit
1765 3405 1839 3427 cnm
1854 3397 2073 3437 Syracusanis.
2090 3396 2170 3428 Gelo
2185 3404 2281 3437 vorot-
