<?xml version="1.0" encoding="UTF-8"?>
<!DOCTYPE html PUBLIC "-//W3C//DTD XHTML 1.0 Transitional//EN"
    "http://www.w3.org/TR/xhtml1/DTD/xhtml1-transitional.dtd">
<html xmlns="http://www.w3.org/1999/xhtml" xml:lang="en" lang="en">
 <head>
  <title>
</title>
<meta http-equiv="Content-Type" content="text/html;charset=utf-8" />
  <meta name='ocr-system' content='tesseract 3.04.00' />
  <meta name='ocr-capabilities' content='ocr_page ocr_carea ocr_par ocr_line ocrx_word'/>
</head>
<body>
  <div class='ocr_page' id='page_1' title='image "./fragmentahistori01mueluoft_0520.png"; bbox 0 0 2320 3684; ppageno 0'>
   <div class='ocr_carea' id='block_1_1' title="bbox 184 155 2282 234">
    <p class='ocr_par' dir='ltr' id='par_1_1' title="bbox 184 155 2282 234">
     <span class='ocr_line' id='line_1_1' title="bbox 184 155 2282 234; baseline 0.002 -6"><span class='ocrx_word' id='word_1_1' title='bbox 184 155 899 229; x_wconf 40' lang='grc' dir='ltr'>Ξῷἕιΐέᾥιέιττὲθὲιὲἓῶὲθὲῴέῑ</span> <span class='ocrx_word' id='word_1_2' title='bbox 885 155 1318 227; x_wconf 47' lang='grc' dir='ltr'><strong>«.τῷἓῲῑὲἓὲ</strong></span> <span class='ocrx_word' id='word_1_3' title='bbox 1284 157 1528 228; x_wconf 39' lang='grc' dir='ltr'><strong>ὑᾝὲιὲῦ</strong></span> <span class='ocrx_word' id='word_1_4' title='bbox 1476 179 1499 212; x_wconf 74' lang='lat'><strong>.-</strong></span> <span class='ocrx_word' id='word_1_5' title='bbox 1491 159 1665 228; x_wconf 45' lang='lat' dir='ltr'><strong>&amp;fist-a</strong></span> <span class='ocrx_word' id='word_1_6' title='bbox 1757 158 2282 234; x_wconf 41' lang='lat' dir='ltr'><strong>Mssssffiffiffl</strong></span> 
     </span>
    </p>
   </div>
   <div class='ocr_carea' id='block_1_2' title="bbox 873 371 1544 532">
    <p class='ocr_par' dir='ltr' id='par_1_2' title="bbox 873 371 1544 532">
     <span class='ocr_line' id='line_1_2' title="bbox 873 371 1544 532; baseline 0.01 -6"><span class='ocrx_word' id='word_1_7' title='bbox 873 371 1544 532; x_wconf 81' lang='lat' dir='ltr'><strong>ISTRI</strong></span> 
     </span>
    </p>
   </div>
   <div class='ocr_carea' id='block_1_3' title="bbox 868 660 1612 754">
    <p class='ocr_par' dir='ltr' id='par_1_3' title="bbox 868 660 1612 754">
     <span class='ocr_line' id='line_1_3' title="bbox 868 660 1612 754; baseline 0.004 -7"><span class='ocrx_word' id='word_1_8' title='bbox 868 660 1612 754; x_wconf 86' lang='lat' dir='ltr'><strong>FRAGMENTA.</strong></span> 
     </span>
    </p>
   </div>
   <div class='ocr_carea' id='block_1_4' title="bbox 1121 869 1336 887">
    <p class='ocr_par' dir='ltr' id='par_1_4' title="bbox 1121 869 1336 887">
     <span class='ocr_line' id='line_1_4' title="bbox 1121 869 1336 887; baseline -0.014 0"><span class='ocrx_word' id='word_1_9' title='bbox 1121 869 1336 887; x_wconf 45' lang='grc' dir='ltr'><strong>-ςθὺ</strong></span> 
     </span>
    </p>
   </div>
   <div class='ocr_carea' id='block_1_5' title="bbox 235 969 2305 1222">
    <p class='ocr_par' dir='ltr' id='par_1_5' title="bbox 235 969 2305 1222">
     <span class='ocr_line' id='line_1_5' title="bbox 588 969 2305 1031; baseline 0.006 -22"><span class='ocrx_word' id='word_1_10' title='bbox 588 969 792 1009; x_wconf 80' lang='grc' dir='ltr'>ἈἹἼἹΚΑ.</span> <span class='ocrx_word' id='word_1_11' title='bbox 1269 969 1404 1019; x_wconf 81' lang='grc' dir='ltr'>ἑστίας,</span> <span class='ocrx_word' id='word_1_12' title='bbox 1437 974 1585 1021; x_wconf 83' lang='grc' dir='ltr'>ὑμνουσι</span> <span class='ocrx_word' id='word_1_13' title='bbox 1603 972 1661 1012; x_wconf 83' lang='grc' dir='ltr'><strong>τὸν</strong></span> <span class='ocrx_word' id='word_1_14' title='bbox 1685 973 1884 1028; x_wconf 65' lang='grc' dir='ltr'><strong>ιἭφαιστον</strong></span> <span class='ocrx_word' id='word_1_15' title='bbox 1915 975 2051 1022; x_wconf 87' lang='grc' dir='ltr'>θύοντες</span> <span class='ocrx_word' id='word_1_16' title='bbox 2076 978 2147 1031; x_wconf 85' lang='lat' dir='ltr'><strong>(sic</strong></span> <span class='ocrx_word' id='word_1_17' title='bbox 2164 979 2305 1029; x_wconf 88' lang='lat' dir='ltr'><strong>codd.;</strong></span> 
     </span>
     <span class='ocr_line' id='line_1_6' title="bbox 584 1031 2303 1088; baseline 0.01 -26"><span class='ocrx_word' id='word_1_18' title='bbox 584 1047 736 1086; x_wconf 74' lang='lat' dir='ltr'>LIBER</span> <span class='ocrx_word' id='word_1_19' title='bbox 771 1047 802 1085; x_wconf 71' lang='lat' dir='ltr'>L</span> <span class='ocrx_word' id='word_1_20' title='bbox 1269 1033 1312 1067; x_wconf 91' lang='lat' dir='ltr'>V</span> <span class='ocrx_word' id='word_1_21' title='bbox 1305 1031 1440 1069; x_wconf 78' lang='lat' dir='ltr'><strong>ilesius</strong></span> <span class='ocrx_word' id='word_1_22' title='bbox 1474 1032 1660 1085; x_wconf 83' lang='grc' dir='ltr'>θέοντες),</span> <span class='ocrx_word' id='word_1_23' title='bbox 1705 1034 1899 1087; x_wconf 81' lang='grc' dir='ltr'>ὑπόμνημα</span> <span class='ocrx_word' id='word_1_24' title='bbox 1939 1041 2001 1076; x_wconf 81' lang='grc' dir='ltr'><strong>τοῦ</strong></span> <span class='ocrx_word' id='word_1_25' title='bbox 2033 1039 2303 1088; x_wconf 82' lang='grc' dir='ltr'>κατανοήσαντα</span> 
     </span>
     <span class='ocr_line' id='line_1_7' title="bbox 673 1087 2080 1148; baseline 0.015 -32"><span class='ocrx_word' id='word_1_26' title='bbox 673 1112 706 1148; x_wconf 46' lang='lat' dir='ltr'><strong>l·</strong></span> <span class='ocrx_word' id='word_1_27' title='bbox 1269 1087 1332 1135; x_wconf 77' lang='grc' dir='ltr'><strong>τὴν</strong></span> <span class='ocrx_word' id='word_1_28' title='bbox 1352 1090 1472 1144; x_wconf 84' lang='grc' dir='ltr'>χρείαν</span> <span class='ocrx_word' id='word_1_29' title='bbox 1486 1106 1548 1129; x_wconf 90' lang='grc' dir='ltr'><strong>του</strong></span> <span class='ocrx_word' id='word_1_30' title='bbox 1570 1092 1676 1146; x_wconf 81' lang='grc' dir='ltr'>πυρὸς</span> <span class='ocrx_word' id='word_1_31' title='bbox 1693 1093 1828 1139; x_wconf 82' lang='grc' dir='ltr'>διδάξαι</span> <span class='ocrx_word' id='word_1_32' title='bbox 1847 1094 1925 1139; x_wconf 85' lang='grc' dir='ltr'>τους</span> <span class='ocrx_word' id='word_1_33' title='bbox 1943 1095 2080 1142; x_wconf 84' lang='grc' dir='ltr'>ἄλλους.</span> 
     </span>
     <span class='ocr_line' id='line_1_8' title="bbox 235 1147 1801 1222; baseline -0.005 -12"><span class='ocrx_word' id='word_1_34' title='bbox 235 1172 370 1210; x_wconf 89' lang='lat' dir='ltr'><strong>Suidas</strong></span> <span class='ocrx_word' id='word_1_35' title='bbox 386 1185 418 1209; x_wconf 82' lang='lat' dir='ltr'><strong>V.</strong></span> <span class='ocrx_word' id='word_1_36' title='bbox 432 1169 604 1210; x_wconf 77' lang='grc' dir='ltr'>Ἰιτανίδα</span> <span class='ocrx_word' id='word_1_37' title='bbox 619 1184 707 1221; x_wconf 74' lang='grc' dir='ltr'>γηντ</span> <span class='ocrx_word' id='word_1_38' title='bbox 741 1168 947 1222; x_wconf 80' lang='grc' dir='ltr'>..’”Ιστρος</span> <span class='ocrx_word' id='word_1_39' title='bbox 931 1184 966 1207; x_wconf 89' lang='grc' dir='ltr'><strong>εν</strong></span> <span class='ocrx_word' id='word_1_40' title='bbox 987 1184 1009 1206; x_wconf 91' lang='grc' dir='ltr'>α</span> <span class='ocrx_word' id='word_1_41' title='bbox 1011 1167 1213 1216; x_wconf 80' lang='grc' dir='ltr'>’Ἀττικῶν,</span> <span class='ocrx_word' id='word_1_42' title='bbox 1764 1147 1801 1184; x_wconf 71' lang='lat'><strong>4·</strong></span> 
     </span>
    </p>
   </div>
   <div class='ocr_carea' id='block_1_6' title="bbox 1237 970 1244 1202">
    <p class='ocr_par' dir='ltr' id='par_1_6' title="bbox 1237 970 1244 1202">
     <span class='ocr_line' id='line_1_9' title="bbox 1237 970 1244 1202; baseline 0 2482"><span class='ocrx_word' id='word_1_43' title='bbox 1237 970 1244 1202; x_wconf 95' lang='lat' dir='ltr'><strong> </strong></span> 
     </span>
    </p>
   </div>
   <div class='ocr_carea' id='block_1_7' title="bbox 1322 1196 2300 1255">
    <p class='ocr_par' dir='ltr' id='par_1_7' title="bbox 1322 1196 2300 1255">
     <span class='ocr_line' id='line_1_10' title="bbox 1322 1196 2300 1255; baseline 0.011 -22"><span class='ocrx_word' id='word_1_44' title='bbox 1322 1196 1482 1234; x_wconf 86' lang='lat' dir='ltr'><strong>Photius</strong></span> <span class='ocrx_word' id='word_1_45' title='bbox 1513 1198 1552 1235; x_wconf 90' lang='lat' dir='ltr'><strong>in</strong></span> <span class='ocrx_word' id='word_1_46' title='bbox 1586 1202 1679 1236; x_wconf 88' lang='lat' dir='ltr'>Lex.</span> <span class='ocrx_word' id='word_1_47' title='bbox 1705 1208 1743 1237; x_wconf 89' lang='lat' dir='ltr'><strong>et</strong></span> <span class='ocrx_word' id='word_1_48' title='bbox 1777 1201 1912 1239; x_wconf 87' lang='lat' dir='ltr'><strong>Suidas</strong></span> <span class='ocrx_word' id='word_1_49' title='bbox 1939 1213 1978 1240; x_wconf 82' lang='lat' dir='ltr'><strong>v.</strong></span> <span class='ocrx_word' id='word_1_50' title='bbox 1997 1204 2193 1255; x_wconf 84' lang='grc' dir='ltr'>Λαμπάδος</span> <span class='ocrx_word' id='word_1_51' title='bbox 2218 1205 2300 1243; x_wconf 79' lang='lat' dir='ltr'><strong>ita·-</strong></span> 
     </span>
    </p>
   </div>
   <div class='ocr_carea' id='block_1_8' title="bbox 181 1226 2301 1335">
    <p class='ocr_par' dir='ltr' id='par_1_8' title="bbox 181 1207 2301 2409">
     <span class='ocr_line' id='line_1_11' title="bbox 181 1226 2301 1335; baseline 0.004 -41.042"><span class='ocrx_word' id='word_1_52' title='bbox 181 1232 335 1274; x_wconf 38' lang='lat' dir='ltr'><strong>let-“wc</strong></span> <span class='ocrx_word' id='word_1_53' title='bbox 369 1233 469 1283; x_wconf 67' lang='grc' dir='ltr'>βοᾷν</span> <span class='ocrx_word' id='word_1_54' title='bbox 505 1228 674 1301; x_wconf 68' lang='grc' dir='ltr'>ἐὸοήθουν,</span> <span class='ocrx_word' id='word_1_55' title='bbox 698 1227 766 1299; x_wconf 56' lang='grc' dir='ltr'><strong>γὰῗ</strong></span> <span class='ocrx_word' id='word_1_56' title='bbox 797 1234 869 1272; x_wconf 62' lang='grc' dir='ltr'>τοῖς</span> <span class='ocrx_word' id='word_1_57' title='bbox 899 1226 1095 1281; x_wconf 59' lang='grc' dir='ltr'>ἀνθρωποις</span> <span class='ocrx_word' id='word_1_58' title='bbox 1128 1227 1215 1264; x_wconf 70' lang='grc' dir='ltr'><strong>ἐπα</strong></span> <span class='ocrx_word' id='word_1_59' title='bbox 1269 1252 1405 1308; x_wconf 83' lang='grc' dir='ltr'>Ἴστρος</span> <span class='ocrx_word' id='word_1_60' title='bbox 1437 1254 1474 1293; x_wconf 84' lang='grc' dir='ltr'><strong>δέ</strong></span> <span class='ocrx_word' id='word_1_61' title='bbox 1515 1271 1601 1308; x_wconf 86' lang='grc' dir='ltr'>φησι</span> <span class='ocrx_word' id='word_1_62' title='bbox 1642 1258 1814 1309; x_wconf 77' lang='grc' dir='ltr'>λαμπάδα</span> <span class='ocrx_word' id='word_1_63' title='bbox 1847 1260 1990 1311; x_wconf 84' lang='grc' dir='ltr'>νομίσαι</span> <span class='ocrx_word' id='word_1_64' title='bbox 2023 1269 2134 1301; x_wconf 88' lang='grc' dir='ltr'>ποιεῖν</span> <span class='ocrx_word' id='word_1_65' title='bbox 2136 1265 2301 1335; x_wconf 42' lang='grc' dir='ltr'>..πρῶτον</span> 
     </span>
    </p>
   </div>
   <div class='ocr_carea' id='block_1_9' title="bbox 179 1284 2300 1427">
    <p class='ocr_par' dir='ltr' id='par_1_9' title="bbox 179 1284 2300 1427">
     <span class='ocr_line' id='line_1_12' title="bbox 179 1284 2300 1373; baseline 0.005 -22"><span class='ocrx_word' id='word_1_66' title='bbox 179 1304 357 1338; x_wconf 64' lang='grc' dir='ltr'>κουοντες’</span> <span class='ocrx_word' id='word_1_67' title='bbox 376 1304 422 1332; x_wconf 71' lang='grc' dir='ltr'><strong>ως</strong></span> <span class='ocrx_word' id='word_1_68' title='bbox 445 1287 674 1354; x_wconf 46' lang='grc' dir='ltr'>Νίχᾳνδρος</span> <span class='ocrx_word' id='word_1_69' title='bbox 659 1302 693 1324; x_wconf 65' lang='grc' dir='ltr'><strong>εν</strong></span> <span class='ocrx_word' id='word_1_70' title='bbox 718 1303 740 1324; x_wconf 74' lang='grc' dir='ltr'>α</span> <span class='ocrx_word' id='word_1_71' title='bbox 748 1284 998 1325; x_wconf 52' lang='grc' dir='ltr'>Αἷτωλικων”</span> <span class='ocrx_word' id='word_1_72' title='bbox 1271 1312 1474 1360; x_wconf 86' lang='grc' dir='ltr'>Ἀθηναίους</span> <span class='ocrx_word' id='word_1_73' title='bbox 1494 1314 1679 1369; x_wconf 83' lang='grc' dir='ltr'>Ἡφαίστῳ</span> <span class='ocrx_word' id='word_1_74' title='bbox 1699 1316 1842 1362; x_wconf 87' lang='grc' dir='ltr'>θύοντας</span> <span class='ocrx_word' id='word_1_75' title='bbox 1884 1319 2078 1373; x_wconf 76' lang='grc' dir='ltr'>ὑπόμνημα</span> <span class='ocrx_word' id='word_1_76' title='bbox 2095 1325 2158 1361; x_wconf 78' lang='grc' dir='ltr'><strong>τοῦ</strong></span> <span class='ocrx_word' id='word_1_77' title='bbox 2173 1337 2300 1361; x_wconf 85' lang='grc' dir='ltr'>καταν.</span> 
     </span>
     <span class='ocr_line' id='line_1_13' title="bbox 232 1346 1863 1427; baseline -0.002 -41"><span class='ocrx_word' id='word_1_78' title='bbox 232 1348 338 1386; x_wconf 85' lang='lat' dir='ltr'><strong>Idem</strong></span> <span class='ocrx_word' id='word_1_79' title='bbox 359 1348 526 1398; x_wconf 81' lang='lat' dir='ltr'><strong>legitur</strong></span> <span class='ocrx_word' id='word_1_80' title='bbox 516 1361 557 1385; x_wconf 86' lang='lat' dir='ltr'><strong>m</strong></span> <span class='ocrx_word' id='word_1_81' title='bbox 579 1346 708 1384; x_wconf 86' lang='lat' dir='ltr'><strong>Photii</strong></span> <span class='ocrx_word' id='word_1_82' title='bbox 727 1346 882 1383; x_wconf 82' lang='lat' dir='ltr'><strong>Lexico.</strong></span> <span class='ocrx_word' id='word_1_83' title='bbox 1269 1387 1304 1410; x_wconf 73' lang='grc' dir='ltr'><strong>χ</strong></span> <span class='ocrx_word' id='word_1_84' title='bbox 1312 1388 1345 1410; x_wconf 69' lang='grc' dir='ltr'><strong>τ</strong></span> <span class='ocrx_word' id='word_1_85' title='bbox 1356 1374 1390 1412; x_wconf 77' lang='grc' dir='ltr'>λ</span> <span class='ocrx_word' id='word_1_86' title='bbox 1396 1382 1464 1422; x_wconf 65' lang='lat' dir='ltr'><strong>ut</strong></span> <span class='ocrx_word' id='word_1_87' title='bbox 1479 1375 1582 1425; x_wconf 64' lang='lat' dir='ltr'>apud</span> <span class='ocrx_word' id='word_1_88' title='bbox 1594 1379 1820 1427; x_wconf 65' lang='lat' dir='ltr'>Harpocrat</span> <span class='ocrx_word' id='word_1_89' title='bbox 1853 1349 1863 1367; x_wconf 93' lang='lat'>’</span> 
     </span>
    </p>
   </div>
   <div class='ocr_carea' id='block_1_10' title="bbox 178 1472 2304 1787">
    <p class='ocr_par' dir='ltr' id='par_1_10' title="bbox 178 1472 2304 1773">
     <span class='ocr_line' id='line_1_14' title="bbox 231 1472 2303 1541; baseline -0.001 -26"><span class='ocrx_word' id='word_1_90' title='bbox 231 1477 456 1529; x_wconf 87' lang='lat' dir='ltr'><strong>Apostolius</strong></span> <span class='ocrx_word' id='word_1_91' title='bbox 471 1477 603 1514; x_wconf 87' lang='lat' dir='ltr'>XVIII</span> <span class='ocrx_word' id='word_1_92' title='bbox 618 1503 628 1521; x_wconf 92' lang='lat'><strong>,</strong></span> <span class='ocrx_word' id='word_1_93' title='bbox 662 1487 736 1522; x_wconf 84' lang='lat'><strong>77:</strong></span> <span class='ocrx_word' id='word_1_94' title='bbox 755 1472 928 1512; x_wconf 86' lang='grc' dir='ltr'>Τιτανίδα</span> <span class='ocrx_word' id='word_1_95' title='bbox 945 1480 1138 1527; x_wconf 83' lang='grc' dir='ltr'>παροικεῖς,</span> <span class='ocrx_word' id='word_1_96' title='bbox 1155 1474 1214 1513; x_wconf 77' lang='grc' dir='ltr'>ἐπὶ</span> <span class='ocrx_word' id='word_1_97' title='bbox 1325 1482 1584 1531; x_wconf 49' lang='lat' dir='ltr'><strong>Harpocran:</strong></span> <span class='ocrx_word' id='word_1_98' title='bbox 1605 1482 1770 1522; x_wconf 56' lang='lat' dir='ltr'><strong>9504„oe-</strong></span> <span class='ocrx_word' id='word_1_99' title='bbox 1790 1487 2032 1539; x_wconf 69' lang='grc' dir='ltr'>Λυχοῦργος’</span> <span class='ocrx_word' id='word_1_100' title='bbox 2016 1503 2051 1526; x_wconf 66' lang='grc' dir='ltr'><strong>εν</strong></span> <span class='ocrx_word' id='word_1_101' title='bbox 2069 1490 2114 1541; x_wconf 68' lang='grc' dir='ltr'><strong>τῇ</strong></span> <span class='ocrx_word' id='word_1_102' title='bbox 2140 1488 2303 1527; x_wconf 52' lang='lat' dir='ltr'><strong>&amp;agma-</strong></span> 
     </span>
     <span class='ocr_line' id='line_1_15' title="bbox 179 1531 2304 1598; baseline 0.006 -25"><span class='ocrx_word' id='word_1_103' title='bbox 179 1539 247 1574; x_wconf 81' lang='grc' dir='ltr'><strong>τῶν</strong></span> <span class='ocrx_word' id='word_1_104' title='bbox 267 1535 446 1589; x_wconf 77' lang='grc' dir='ltr'>φιλοθέων,</span> <span class='ocrx_word' id='word_1_105' title='bbox 470 1535 516 1573; x_wconf 83' lang='grc' dir='ltr'><strong>Οἱ</strong></span> <span class='ocrx_word' id='word_1_106' title='bbox 541 1531 603 1584; x_wconf 80' lang='grc' dir='ltr'><strong>μὲν</strong></span> <span class='ocrx_word' id='word_1_107' title='bbox 623 1531 687 1579; x_wconf 83' lang='grc' dir='ltr'><strong>τὴν</strong></span> <span class='ocrx_word' id='word_1_108' title='bbox 707 1538 825 1570; x_wconf 82' lang='grc' dir='ltr'>πᾶσαν</span> <span class='ocrx_word' id='word_1_109' title='bbox 848 1534 927 1583; x_wconf 81' lang='grc' dir='ltr'>γ’ἧν,</span> <span class='ocrx_word' id='word_1_110' title='bbox 949 1534 981 1570; x_wconf 84' lang='grc' dir='ltr'>οἱ</span> <span class='ocrx_word' id='word_1_111' title='bbox 1002 1532 1038 1570; x_wconf 82' lang='grc' dir='ltr'><strong>δὲ</strong></span> <span class='ocrx_word' id='word_1_112' title='bbox 1054 1532 1118 1581; x_wconf 79' lang='grc' dir='ltr'><strong>τὴν</strong></span> <span class='ocrx_word' id='word_1_113' title='bbox 1134 1534 1215 1573; x_wconf 69' lang='lat' dir='ltr'><strong>&#39;A‘c—</strong></span> <span class='ocrx_word' id='word_1_114' title='bbox 1271 1536 1331 1576; x_wconf 89' lang='grc' dir='ltr'><strong>σία</strong></span> <span class='ocrx_word' id='word_1_115' title='bbox 1347 1539 1580 1592; x_wconf 84' lang='grc' dir='ltr'>Κροκωνιδῶν</span> <span class='ocrx_word' id='word_1_116' title='bbox 1614 1541 1700 1595; x_wconf 86' lang='grc' dir='ltr'>πρὸς</span> <span class='ocrx_word' id='word_1_117' title='bbox 1728 1542 1952 1597; x_wconf 85' lang='grc' dir='ltr'>Κοιρωνίδας.</span> <span class='ocrx_word' id='word_1_118' title='bbox 1979 1544 2038 1584; x_wconf 82' lang='grc' dir='ltr'><strong>Τὰ</strong></span> <span class='ocrx_word' id='word_1_119' title='bbox 2053 1545 2144 1585; x_wconf 81' lang='grc' dir='ltr'>κατὰ</span> <span class='ocrx_word' id='word_1_120' title='bbox 2172 1546 2304 1598; x_wconf 76' lang='grc' dir='ltr'>δήμους</span> 
     </span>
     <span class='ocr_line' id='line_1_16' title="bbox 178 1591 2301 1666; baseline 0.004 -32"><span class='ocrx_word' id='word_1_121' title='bbox 178 1595 315 1643; x_wconf 72' lang='grc' dir='ltr'>τικὴν’</span> <span class='ocrx_word' id='word_1_122' title='bbox 297 1594 366 1633; x_wconf 83' lang='grc' dir='ltr'><strong>απὸ</strong></span> <span class='ocrx_word' id='word_1_123' title='bbox 386 1593 568 1642; x_wconf 88' lang='grc' dir='ltr'>Ἰιτηνίου,</span> <span class='ocrx_word' id='word_1_124' title='bbox 592 1592 664 1636; x_wconf 84' lang='grc' dir='ltr'>ἑνὸς</span> <span class='ocrx_word' id='word_1_125' title='bbox 682 1608 752 1631; x_wconf 85' lang='grc' dir='ltr'><strong>των</strong></span> <span class='ocrx_word' id='word_1_126' title='bbox 770 1591 933 1632; x_wconf 84' lang='grc' dir='ltr'>Τιτάνων</span> <span class='ocrx_word' id='word_1_127' title='bbox 953 1593 1209 1666; x_wconf 79' lang='grc' dir='ltr'>ἀρχαιοτέρου,</span> <span class='ocrx_word' id='word_1_128' title='bbox 1271 1597 1438 1637; x_wconf 84' lang='grc' dir='ltr'>Διονύσια</span> <span class='ocrx_word' id='word_1_129' title='bbox 1456 1599 1602 1639; x_wconf 87' lang='grc' dir='ltr'>Θεοίνια</span> <span class='ocrx_word' id='word_1_130' title='bbox 1622 1599 1805 1652; x_wconf 81' lang='grc' dir='ltr'>ἐλέγετο,’</span> <span class='ocrx_word' id='word_1_131' title='bbox 1790 1617 1825 1640; x_wconf 89' lang='grc' dir='ltr'><strong>εν</strong></span> <span class='ocrx_word' id='word_1_132' title='bbox 1845 1596 1895 1646; x_wconf 74' lang='grc' dir='ltr'><strong>οἷς</strong></span> <span class='ocrx_word' id='word_1_133' title='bbox 1911 1605 1942 1641; x_wconf 83' lang='grc' dir='ltr'>οἱ</span> <span class='ocrx_word' id='word_1_134' title='bbox 1961 1619 2125 1656; x_wconf 85' lang='grc' dir='ltr'>γεννηται</span> <span class='ocrx_word' id='word_1_135' title='bbox 2145 1605 2301 1646; x_wconf 76' lang='grc' dir='ltr'>ἐπέθυον.</span> 
     </span>
     <span class='ocr_line' id='line_1_17' title="bbox 178 1651 2304 1725; baseline 0.005 -31"><span class='ocrx_word' id='word_1_136' title='bbox 178 1654 363 1702; x_wconf 85' lang='grc' dir='ltr'>οἷκησαντ</span> <span class='ocrx_word' id='word_1_137' title='bbox 367 1670 382 1697; x_wconf 90' lang='grc' dir='ltr'>ς</span> <span class='ocrx_word' id='word_1_138' title='bbox 401 1669 479 1708; x_wconf 88' lang='grc' dir='ltr'>περι</span> <span class='ocrx_word' id='word_1_139' title='bbox 499 1654 723 1706; x_wconf 81' lang='grc' dir='ltr'>Μαραθῶνα,</span> <span class='ocrx_word' id='word_1_140' title='bbox 741 1651 776 1695; x_wconf 86' lang='grc' dir='ltr'><strong>ὃς</strong></span> <span class='ocrx_word' id='word_1_141' title='bbox 799 1651 902 1725; x_wconf 82' lang='grc' dir='ltr'>μόνος</span> <span class='ocrx_word' id='word_1_142' title='bbox 928 1653 992 1690; x_wconf 81' lang='grc' dir='ltr'>οὐκ</span> <span class='ocrx_word' id='word_1_143' title='bbox 1017 1652 1211 1707; x_wconf 81' lang='grc' dir='ltr'>ἕστράτευ-</span> <span class='ocrx_word' id='word_1_144' title='bbox 1271 1657 1343 1697; x_wconf 87' lang='grc' dir='ltr'><strong>Τὸν</strong></span> <span class='ocrx_word' id='word_1_145' title='bbox 1361 1658 1429 1712; x_wconf 85' lang='grc' dir='ltr'>γὰρ</span> <span class='ocrx_word' id='word_1_146' title='bbox 1447 1658 1613 1698; x_wconf 89' lang='grc' dir='ltr'>Διόνυσον</span> <span class='ocrx_word' id='word_1_147' title='bbox 1628 1659 1682 1700; x_wconf 81' lang='grc' dir='ltr'><strong>Θέ</strong></span> <span class='ocrx_word' id='word_1_148' title='bbox 1666 1676 1773 1699; x_wconf 65' lang='grc' dir='ltr'>σοινον</span> <span class='ocrx_word' id='word_1_149' title='bbox 1793 1660 1963 1714; x_wconf 69' lang='grc' dir='ltr'>ἔλεγον,“</span> <span class='ocrx_word' id='word_1_150' title='bbox 1945 1679 1991 1707; x_wconf 88' lang='grc' dir='ltr'><strong>ως</strong></span> <span class='ocrx_word' id='word_1_151' title='bbox 2009 1664 2108 1712; x_wconf 87' lang='grc' dir='ltr'>δηλοῖ</span> <span class='ocrx_word' id='word_1_152' title='bbox 2124 1664 2304 1719; x_wconf 83' lang='grc' dir='ltr'>Αἰσχύλος</span> 
     </span>
     <span class='ocr_line' id='line_1_18' title="bbox 178 1710 1946 1787; baseline 0.003 -33"><span class='ocrx_word' id='word_1_153' title='bbox 178 1731 236 1754; x_wconf 83' lang='grc' dir='ltr'>σεν</span> <span class='ocrx_word' id='word_1_154' title='bbox 268 1714 325 1753; x_wconf 81' lang='grc' dir='ltr'>ἐπὶ</span> <span class='ocrx_word' id='word_1_155' title='bbox 355 1712 433 1756; x_wconf 87' lang='grc' dir='ltr'>τους</span> <span class='ocrx_word' id='word_1_156' title='bbox 453 1712 561 1761; x_wconf 85' lang='grc' dir='ltr'>θεους,</span> <span class='ocrx_word' id='word_1_157' title='bbox 579 1714 626 1755; x_wconf 85' lang='grc' dir='ltr'><strong>ὡς</strong></span> <span class='ocrx_word' id='word_1_158' title='bbox 642 1710 874 1765; x_wconf 81' lang='grc' dir='ltr'>Φιλόχορος’</span> <span class='ocrx_word' id='word_1_159' title='bbox 859 1727 895 1750; x_wconf 91' lang='grc' dir='ltr'><strong>εν</strong></span> <span class='ocrx_word' id='word_1_160' title='bbox 916 1711 1136 1765; x_wconf 76' lang='grc' dir='ltr'>Τετραπόλει</span> <span class='ocrx_word' id='word_1_161' title='bbox 1154 1713 1214 1751; x_wconf 83' lang='grc' dir='ltr'>καὶ</span> <span class='ocrx_word' id='word_1_162' title='bbox 1270 1716 1331 1755; x_wconf 75' lang='grc' dir='ltr'>καὶ</span> <span class='ocrx_word' id='word_1_163' title='bbox 1348 1716 1515 1772; x_wconf 87' lang='grc' dir='ltr'>”Ἰστρος</span> <span class='ocrx_word' id='word_1_164' title='bbox 1500 1734 1534 1756; x_wconf 86' lang='grc' dir='ltr'><strong>εν</strong></span> <span class='ocrx_word' id='word_1_165' title='bbox 1555 1718 1685 1772; x_wconf 84' lang='grc' dir='ltr'>πρώτῳ</span> <span class='ocrx_word' id='word_1_166' title='bbox 1702 1721 1946 1787; x_wconf 33' lang='lat' dir='ltr'><strong>‘Euvaywyffim</strong></span> 
     </span>
    </p>
   </div>
   <div class='ocr_carea' id='block_1_11' title="bbox 176 1772 2303 1894">
    <p class='ocr_par' dir='ltr' id='par_1_11' title="bbox 176 1772 2303 1894">
     <span class='ocr_line' id='line_1_19' title="bbox 176 1772 2303 1852; baseline 0.005 -40.094"><span class='ocrx_word' id='word_1_167' title='bbox 176 1775 313 1829; x_wconf 86' lang='grc' dir='ltr'>Ἴστρος</span> <span class='ocrx_word' id='word_1_168' title='bbox 343 1775 379 1812; x_wconf 84' lang='grc' dir='ltr'><strong>ἐν</strong></span> <span class='ocrx_word' id='word_1_169' title='bbox 397 1773 520 1827; x_wconf 83' lang='grc' dir='ltr'>πρώτῃ</span> <span class='ocrx_word' id='word_1_170' title='bbox 539 1775 609 1811; x_wconf 80' lang='grc' dir='ltr'><strong>τῶν</strong></span> <span class='ocrx_word' id='word_1_171' title='bbox 630 1772 808 1811; x_wconf 79' lang='grc' dir='ltr'>Ἀττικῶν.</span> <span class='ocrx_word' id='word_1_172' title='bbox 1324 1778 1566 1816; x_wconf 82' lang='lat' dir='ltr'><strong>Phavorinns</strong></span> <span class='ocrx_word' id='word_1_173' title='bbox 1590 1779 1729 1852; x_wconf 51' lang='lat' dir='ltr'><strong>repetit</strong></span> <span class='ocrx_word' id='word_1_174' title='bbox 1757 1780 1874 1818; x_wconf 84' lang='lat' dir='ltr'><strong>verba</strong></span> <span class='ocrx_word' id='word_1_175' title='bbox 1893 1781 2038 1820; x_wconf 85' lang='grc' dir='ltr'>Θεοίνια</span> <span class='ocrx_word' id='word_1_176' title='bbox 2057 1782 2150 1835; x_wconf 82' lang='grc' dir='ltr'>ἐλέγ.</span> <span class='ocrx_word' id='word_1_177' title='bbox 2179 1796 2303 1834; x_wconf 80' lang='lat' dir='ltr'><strong>usque</strong></span> 
     </span>
     <span class='ocr_line' id='line_1_20' title="bbox 231 1831 2112 1894; baseline 0.004 -22"><span class='ocrx_word' id='word_1_178' title='bbox 231 1834 328 1872; x_wconf 85' lang='lat' dir='ltr'>Vide</span> <span class='ocrx_word' id='word_1_179' title='bbox 359 1834 520 1871; x_wconf 81' lang='lat' dir='ltr'><strong>Pliavm</strong></span> <span class='ocrx_word' id='word_1_180' title='bbox 512 1847 562 1870; x_wconf 90' lang='grc'><strong>111</strong></span> <span class='ocrx_word' id='word_1_181' title='bbox 591 1845 620 1870; x_wconf 94' lang='lat' dir='ltr'><strong>s.</strong></span> <span class='ocrx_word' id='word_1_182' title='bbox 649 1833 772 1870; x_wconf 86' lang='grc' dir='ltr'>Ἰιταν.</span> <span class='ocrx_word' id='word_1_183' title='bbox 791 1833 877 1882; x_wconf 82' lang='grc' dir='ltr'>γ’ῆν,</span> <span class='ocrx_word' id='word_1_184' title='bbox 910 1831 978 1868; x_wconf 88' lang='lat' dir='ltr'><strong>ubi</strong></span> <span class='ocrx_word' id='word_1_185' title='bbox 999 1831 1130 1869; x_wconf 84' lang='lat' dir='ltr'><strong>eadem</strong></span> <span class='ocrx_word' id='word_1_186' title='bbox 1154 1833 1212 1869; x_wconf 82' lang='lat' dir='ltr'><strong>le-</strong></span> <span class='ocrx_word' id='word_1_187' title='bbox 1272 1838 1320 1874; x_wconf 77' lang='lat' dir='ltr'><strong>ad</strong></span> <span class='ocrx_word' id='word_1_188' title='bbox 1341 1839 1475 1885; x_wconf 77' lang='lat' dir='ltr'><strong>finem,</strong></span> <span class='ocrx_word' id='word_1_189' title='bbox 1503 1838 1709 1875; x_wconf 84' lang='lat' dir='ltr'><strong>scribens’</strong></span> <span class='ocrx_word' id='word_1_190' title='bbox 1694 1854 1728 1876; x_wconf 87' lang='grc' dir='ltr'><strong>εν</strong></span> <span class='ocrx_word' id='word_1_191' title='bbox 1748 1839 1871 1892; x_wconf 80' lang='grc' dir='ltr'>πρώτῃ</span> <span class='ocrx_word' id='word_1_192' title='bbox 1890 1855 1959 1879; x_wconf 88' lang='grc' dir='ltr'><strong>των</strong></span> <span class='ocrx_word' id='word_1_193' title='bbox 1982 1842 2112 1894; x_wconf 85' lang='grc' dir='ltr'>Συναγ.</span> 
     </span>
    </p>
   </div>
   <div class='ocr_carea' id='block_1_12' title="bbox 177 1891 2305 2003">
    <p class='ocr_par' dir='ltr' id='par_1_12' title="bbox 177 1891 2305 2003">
     <span class='ocr_line' id='line_1_21' title="bbox 177 1891 1802 1945; baseline -0.004 -14"><span class='ocrx_word' id='word_1_194' title='bbox 177 1902 335 1945; x_wconf 76' lang='lat' dir='ltr'><strong>guntur,</strong></span> <span class='ocrx_word' id='word_1_195' title='bbox 351 1893 483 1944; x_wconf 87' lang='lat' dir='ltr'>paucis</span> <span class='ocrx_word' id='word_1_196' title='bbox 497 1891 647 1929; x_wconf 81' lang='lat' dir='ltr'><strong>omissis</strong></span> <span class='ocrx_word' id='word_1_197' title='bbox 662 1899 699 1928; x_wconf 83' lang='lat' dir='ltr'><strong>et</strong></span> <span class='ocrx_word' id='word_1_198' title='bbox 716 1903 925 1941; x_wconf 82' lang='lat' dir='ltr'><strong>suppresso</strong></span> <span class='ocrx_word' id='word_1_199' title='bbox 939 1891 1027 1928; x_wconf 87' lang='lat' dir='ltr'><strong>Istri</strong></span> <span class='ocrx_word' id='word_1_200' title='bbox 1042 1892 1211 1928; x_wconf 87' lang='lat' dir='ltr'><strong>nomine.</strong></span> <span class='ocrx_word' id='word_1_201' title='bbox 1765 1893 1802 1930; x_wconf 95' lang='grc'><strong>6</strong></span> 
     </span>
     <span class='ocr_line' id='line_1_22' title="bbox 683 1944 2305 2003; baseline 0.006 -25"><span class='ocrx_word' id='word_1_202' title='bbox 683 1950 719 1988; x_wconf 65' lang='grc'><strong>3,</strong></span> <span class='ocrx_word' id='word_1_203' title='bbox 1325 1944 1448 1982; x_wconf 84' lang='lat' dir='ltr'><strong>Schoi.</strong></span> <span class='ocrx_word' id='word_1_204' title='bbox 1472 1944 1655 1994; x_wconf 86' lang='lat' dir='ltr'><strong>Sophocl.</strong></span> <span class='ocrx_word' id='word_1_205' title='bbox 1686 1945 1781 1983; x_wconf 91' lang='lat' dir='ltr'><strong>OEd.</strong></span> <span class='ocrx_word' id='word_1_206' title='bbox 1799 1947 1878 1984; x_wconf 89' lang='lat' dir='ltr'><strong>Col.</strong></span> <span class='ocrx_word' id='word_1_207' title='bbox 1902 1946 2022 1998; x_wconf 82' lang='lat'><strong>1059:</strong></span> <span class='ocrx_word' id='word_1_208' title='bbox 2051 1947 2124 1987; x_wconf 81' lang='grc' dir='ltr'><strong>Τὸν</strong></span> <span class='ocrx_word' id='word_1_209' title='bbox 2155 1949 2305 2003; x_wconf 66' lang='grc' dir='ltr'>ἐφέσπε-</span> 
     </span>
    </p>
   </div>
   <div class='ocr_carea' id='block_1_13' title="bbox 176 2002 2308 2414">
    <p class='ocr_par' dir='ltr' id='par_1_13' title="bbox 176 2002 2308 2413">
     <span class='ocr_line' id='line_1_23' title="bbox 229 2002 2300 2062; baseline -0.001 -13.924"><span class='ocrx_word' id='word_1_210' title='bbox 229 2014 461 2062; x_wconf 72' lang='lat' dir='ltr'><strong>irpociat</strong></span> <span class='ocrx_word' id='word_1_211' title='bbox 482 2007 1017 2061; x_wconf 82' lang='grc' dir='ltr'>;Λαμπάς....1ρεῖςᾶγουσιν</span> <span class='ocrx_word' id='word_1_212' title='bbox 1038 2007 1214 2055; x_wconf 82' lang='grc' dir='ltr'>Ἀθηναῖοι</span> <span class='ocrx_word' id='word_1_213' title='bbox 1272 2016 1343 2055; x_wconf 55' lang='grc' dir='ltr'>ρον,</span> <span class='ocrx_word' id='word_1_214' title='bbox 1363 2002 1409 2040; x_wconf 86' lang='grc' dir='ltr'><strong>Γ</strong></span> <span class='ocrx_word' id='word_1_215' title='bbox 1400 2018 1436 2040; x_wconf 77' lang='grc' dir='ltr'><strong>Ον</strong></span> <span class='ocrx_word' id='word_1_216' title='bbox 1464 2002 1645 2054; x_wconf 69' lang='grc' dir='ltr'><strong>Αῗγάλεών</strong></span> <span class='ocrx_word' id='word_1_217' title='bbox 1666 2019 1751 2056; x_wconf 69' lang='grc' dir='ltr'>φησι</span> <span class='ocrx_word' id='word_1_218' title='bbox 1770 2005 1995 2057; x_wconf 62' lang='grc' dir='ltr'>(Σῠφθχλης).</span> <span class='ocrx_word' id='word_1_219' title='bbox 2018 2005 2091 2045; x_wconf 72' lang='grc' dir='ltr'>Καὶ</span> <span class='ocrx_word' id='word_1_220' title='bbox 2110 2004 2179 2060; x_wconf 81' lang='grc' dir='ltr'>γὰρ</span> <span class='ocrx_word' id='word_1_221' title='bbox 2197 2009 2300 2045; x_wconf 78' lang='grc' dir='ltr'>τοῦτο</span> 
     </span>
     <span class='ocr_line' id='line_1_24' title="bbox 178 2060 2301 2123; baseline 0.002 -23"><span class='ocrx_word' id='word_1_222' title='bbox 178 2068 297 2123; x_wconf 64' lang='grc' dir='ltr'>ἑορτὰς</span> <span class='ocrx_word' id='word_1_223' title='bbox 319 2068 509 2119; x_wconf 71' lang='grc' dir='ltr'><strong>λαμπάδας</strong></span> <span class='ocrx_word' id='word_1_224' title='bbox 529 2065 736 2118; x_wconf 74' lang='grc' dir='ltr'>(λαμπάδος</span> <span class='ocrx_word' id='word_1_225' title='bbox 755 2066 839 2104; x_wconf 85' lang='lat' dir='ltr'><strong>cod,</strong></span> <span class='ocrx_word' id='word_1_226' title='bbox 861 2067 976 2117; x_wconf 84' lang='lat' dir='ltr'><strong>Angl</strong></span> <span class='ocrx_word' id='word_1_227' title='bbox 981 2068 1020 2115; x_wconf 75' lang='lat'><strong>)²</strong></span> <span class='ocrx_word' id='word_1_228' title='bbox 1041 2068 1215 2114; x_wconf 71' lang='grc' dir='ltr'>Παναθη-</span> <span class='ocrx_word' id='word_1_229' title='bbox 1270 2060 1326 2098; x_wconf 88' lang='grc' dir='ltr'>επ’</span> <span class='ocrx_word' id='word_1_230' title='bbox 1346 2061 1506 2113; x_wconf 76' lang='grc' dir='ltr'>ἐσχάτων</span> <span class='ocrx_word' id='word_1_231' title='bbox 1539 2062 1613 2100; x_wconf 80' lang='grc' dir='ltr'>ἐστὶ</span> <span class='ocrx_word' id='word_1_232' title='bbox 1648 2065 1708 2100; x_wconf 78' lang='grc' dir='ltr'><strong>τοῦ</strong></span> <span class='ocrx_word' id='word_1_233' title='bbox 1745 2062 1858 2114; x_wconf 84' lang='grc' dir='ltr'>δήμου</span> <span class='ocrx_word' id='word_1_234' title='bbox 1885 2062 2023 2104; x_wconf 85' lang='grc' dir='ltr'>τούτου.</span> <span class='ocrx_word' id='word_1_235' title='bbox 2055 2064 2301 2117; x_wconf 82' lang='grc' dir='ltr'>Καταλέγουσι</span> 
     </span>
     <span class='ocr_line' id='line_1_25' title="bbox 178 2118 2300 2181; baseline 0 -15"><span class='ocrx_word' id='word_1_236' title='bbox 178 2128 297 2176; x_wconf 88' lang='grc' dir='ltr'>ναιοις,</span> <span class='ocrx_word' id='word_1_237' title='bbox 310 2143 369 2166; x_wconf 87' lang='grc' dir='ltr'><strong>και</strong></span> <span class='ocrx_word' id='word_1_238' title='bbox 381 2124 711 2181; x_wconf 84' lang='grc' dir='ltr'>Ηφαιστειοις,και</span> <span class='ocrx_word' id='word_1_239' title='bbox 723 2124 999 2178; x_wconf 85' lang='grc' dir='ltr'>Προμηθειοις,</span> <span class='ocrx_word' id='word_1_240' title='bbox 980 2140 1027 2168; x_wconf 86' lang='grc' dir='ltr'><strong>ως</strong></span> <span class='ocrx_word' id='word_1_241' title='bbox 1038 2123 1212 2176; x_wconf 79' lang='grc' dir='ltr'>Πολέμων</span> <span class='ocrx_word' id='word_1_242' title='bbox 1271 2118 1307 2158; x_wconf 68' lang='grc' dir='ltr'><strong>δὲ</strong></span> <span class='ocrx_word' id='word_1_243' title='bbox 1324 2120 1461 2172; x_wconf 77' lang='grc' dir='ltr'>χωρία,</span> <span class='ocrx_word' id='word_1_244' title='bbox 1481 2121 1564 2174; x_wconf 72' lang='grc' dir='ltr'>παρ’</span> <span class='ocrx_word' id='word_1_245' title='bbox 1585 2120 1607 2158; x_wconf 74' lang='grc' dir='ltr'>ἃ</span> <span class='ocrx_word' id='word_1_246' title='bbox 1637 2120 1794 2173; x_wconf 69' lang='grc' dir='ltr'><strong>μάλῑστα</strong></span> <span class='ocrx_word' id='word_1_247' title='bbox 1826 2123 2002 2167; x_wconf 71' lang='grc' dir='ltr'><strong>εἷΧ-άζουσῑ</strong></span> <span class='ocrx_word' id='word_1_248' title='bbox 2027 2122 2090 2171; x_wconf 67' lang='grc' dir='ltr'><strong>τὴν</strong></span> <span class='ocrx_word' id='word_1_249' title='bbox 2120 2122 2300 2175; x_wconf 70' lang='grc' dir='ltr'>συμὸολῆν</span> 
     </span>
     <span class='ocr_line' id='line_1_26' title="bbox 178 2183 2308 2242; baseline 0 -16"><span class='ocrx_word' id='word_1_250' title='bbox 178 2187 282 2242; x_wconf 89' lang='grc' dir='ltr'>φησιν</span> <span class='ocrx_word' id='word_1_251' title='bbox 303 2189 337 2226; x_wconf 82' lang='grc' dir='ltr'><strong>ἐν</strong></span> <span class='ocrx_word' id='word_1_252' title='bbox 360 2189 411 2225; x_wconf 83' lang='grc' dir='ltr'><strong>τῶ</strong></span> <span class='ocrx_word' id='word_1_253' title='bbox 433 2185 513 2239; x_wconf 82' lang='grc' dir='ltr'>περὶ</span> <span class='ocrx_word' id='word_1_254' title='bbox 529 2187 599 2223; x_wconf 86' lang='grc' dir='ltr'><strong>τῶν</strong></span> <span class='ocrx_word' id='word_1_255' title='bbox 625 2187 658 2223; x_wconf 80' lang='grc' dir='ltr'><strong>ἔν</strong></span> <span class='ocrx_word' id='word_1_256' title='bbox 678 2190 750 2227; x_wconf 84' lang='grc' dir='ltr'>τοῖς</span> <span class='ocrx_word' id='word_1_257' title='bbox 781 2183 1010 2237; x_wconf 88' lang='grc' dir='ltr'>προπυλαίοις</span> <span class='ocrx_word' id='word_1_258' title='bbox 1038 2183 1212 2223; x_wconf 85' lang='grc' dir='ltr'>πινάκων.</span> <span class='ocrx_word' id='word_1_259' title='bbox 1270 2199 1347 2236; x_wconf 88' lang='grc' dir='ltr'>γενε</span> <span class='ocrx_word' id='word_1_260' title='bbox 1332 2184 1431 2223; x_wconf 78' lang='grc' dir='ltr'>έσθαι</span> <span class='ocrx_word' id='word_1_261' title='bbox 1449 2190 1519 2228; x_wconf 86' lang='grc' dir='ltr'>τοῖς</span> <span class='ocrx_word' id='word_1_262' title='bbox 1538 2185 1617 2239; x_wconf 87' lang='grc' dir='ltr'>περι</span> <span class='ocrx_word' id='word_1_263' title='bbox 1637 2186 1695 2224; x_wconf 83' lang='grc' dir='ltr'><strong>τὸν</strong></span> <span class='ocrx_word' id='word_1_264' title='bbox 1714 2185 1872 2240; x_wconf 86' lang='grc' dir='ltr'>Κρέοντα</span> <span class='ocrx_word' id='word_1_265' title='bbox 1885 2186 1946 2225; x_wconf 78' lang='grc' dir='ltr'>καὶ</span> <span class='ocrx_word' id='word_1_266' title='bbox 1962 2186 2097 2235; x_wconf 86' lang='grc' dir='ltr'>Θησέα.</span> <span class='ocrx_word' id='word_1_267' title='bbox 2113 2186 2253 2240; x_wconf 79' lang='grc' dir='ltr'>Πέτρας</span> <span class='ocrx_word' id='word_1_268' title='bbox 2266 2185 2308 2226; x_wconf 81' lang='grc' dir='ltr'><strong>δὲ’</strong></span> 
     </span>
     <span class='ocr_line' id='line_1_27' title="bbox 176 2241 2303 2317; baseline 0 -32"><span class='ocrx_word' id='word_1_269' title='bbox 176 2246 311 2300; x_wconf 87' lang='grc' dir='ltr'>Ἴστρος</span> <span class='ocrx_word' id='word_1_270' title='bbox 342 2245 371 2284; x_wconf 86' lang='lat'>8</span> <span class='ocrx_word' id='word_1_271' title='bbox 401 2247 436 2283; x_wconf 82' lang='grc' dir='ltr'><strong>ἐν</strong></span> <span class='ocrx_word' id='word_1_272' title='bbox 469 2244 592 2298; x_wconf 89' lang='grc' dir='ltr'>πρώτῃ</span> <span class='ocrx_word' id='word_1_273' title='bbox 617 2259 687 2281; x_wconf 85' lang='grc' dir='ltr'><strong>των</strong></span> <span class='ocrx_word' id='word_1_274' title='bbox 706 2243 893 2291; x_wconf 83' lang='grc' dir='ltr'>Ἀτθίδων,</span> <span class='ocrx_word' id='word_1_275' title='bbox 924 2241 1033 2281; x_wconf 84' lang='grc' dir='ltr'>εἰπὼν</span> <span class='ocrx_word' id='word_1_276' title='bbox 1054 2245 1100 2286; x_wconf 86' lang='grc' dir='ltr'><strong>ὡς</strong></span> <span class='ocrx_word' id='word_1_277' title='bbox 1117 2259 1151 2281; x_wconf 87' lang='grc' dir='ltr'><strong>εν</strong></span> <span class='ocrx_word' id='word_1_278' title='bbox 1169 2246 1213 2296; x_wconf 75' lang='grc' dir='ltr'><strong>τῇ</strong></span> <span class='ocrx_word' id='word_1_279' title='bbox 1270 2243 1411 2317; x_wconf 81' lang='grc' dir='ltr'>νιφάδος</span> <span class='ocrx_word' id='word_1_280' title='bbox 1444 2242 1485 2282; x_wconf 81' lang='grc' dir='ltr'><strong>ἂν</strong></span> <span class='ocrx_word' id='word_1_281' title='bbox 1506 2243 1560 2291; x_wconf 88' lang='grc' dir='ltr'><strong>εἴη</strong></span> <span class='ocrx_word' id='word_1_282' title='bbox 1590 2243 1701 2296; x_wconf 85' lang='grc' dir='ltr'>λεγων</span> <span class='ocrx_word' id='word_1_283' title='bbox 1724 2245 1757 2290; x_wconf 82' lang='grc' dir='ltr'><strong>(ὁ</strong></span> <span class='ocrx_word' id='word_1_284' title='bbox 1775 2246 1972 2299; x_wconf 84' lang='grc' dir='ltr'>Σοφοκλης)</span> <span class='ocrx_word' id='word_1_285' title='bbox 1999 2245 2062 2294; x_wconf 81' lang='grc' dir='ltr'><strong>τὴν</strong></span> <span class='ocrx_word' id='word_1_286' title='bbox 2086 2246 2179 2285; x_wconf 76' lang='grc' dir='ltr'>οὕτω</span> <span class='ocrx_word' id='word_1_287' title='bbox 2196 2248 2303 2298; x_wconf 82' lang='grc' dir='ltr'>λεγο-</span> 
     </span>
     <span class='ocr_line' id='line_1_28' title="bbox 177 2301 1215 2358; baseline -0.004 -14"><span class='ocrx_word' id='word_1_288' title='bbox 177 2308 246 2344; x_wconf 82' lang='grc' dir='ltr'><strong>τῶν</strong></span> <span class='ocrx_word' id='word_1_289' title='bbox 268 2303 506 2358; x_wconf 80' lang='grc' dir='ltr'>Ἀπατουρίων</span> <span class='ocrx_word' id='word_1_290' title='bbox 533 2305 634 2357; x_wconf 80' lang='grc' dir='ltr'>ἑορτῇ</span> <span class='ocrx_word' id='word_1_291' title='bbox 661 2302 852 2350; x_wconf 87' lang='grc' dir='ltr'>Ἀθηναίων</span> <span class='ocrx_word' id='word_1_292' title='bbox 872 2304 903 2340; x_wconf 78' lang='grc' dir='ltr'>οἱ</span> <span class='ocrx_word' id='word_1_293' title='bbox 922 2301 1112 2346; x_wconf 85' lang='grc' dir='ltr'>καλλίστας</span> <span class='ocrx_word' id='word_1_294' title='bbox 1135 2317 1215 2340; x_wconf 88' lang='grc' dir='ltr'>στο-</span> 
     </span>
     <span class='ocr_line' id='line_1_29' title="bbox 176 2360 1213 2414; baseline -0.005 -11"><span class='ocrx_word' id='word_1_295' title='bbox 176 2363 240 2409; x_wconf 82' lang='grc' dir='ltr'><strong>λὰς</strong></span> <span class='ocrx_word' id='word_1_296' title='bbox 256 2362 471 2408; x_wconf 81' lang='grc' dir='ltr'>ἐνδεδυκότες</span> <span class='ocrx_word' id='word_1_297' title='bbox 476 2362 666 2414; x_wconf 75' lang='grc' dir='ltr'>,λαὸόντες</span> <span class='ocrx_word' id='word_1_298' title='bbox 680 2361 842 2413; x_wconf 82' lang='grc' dir='ltr'>ἡμμένας</span> <span class='ocrx_word' id='word_1_299' title='bbox 859 2360 1085 2413; x_wconf 77' lang='grc' dir='ltr'>λαμπάδας’</span> <span class='ocrx_word' id='word_1_300' title='bbox 1066 2361 1135 2399; x_wconf 87' lang='grc' dir='ltr'><strong>απὸ</strong></span> <span class='ocrx_word' id='word_1_301' title='bbox 1151 2364 1213 2408; x_wconf 79' lang='grc' dir='ltr'><strong>τῆς</strong></span> 
     </span>
    </p>
   </div>
   <div class='ocr_carea' id='block_1_14' title="bbox 1272 2302 2320 2420">
    <p class='ocr_par' dir='ltr' id='par_1_14' title="bbox 1272 2302 2320 2420">
     <span class='ocr_line' id='line_1_30' title="bbox 1272 2302 2315 2365; baseline 0.004 -25.004"><span class='ocrx_word' id='word_1_302' title='bbox 1272 2302 1380 2353; x_wconf 83' lang='grc' dir='ltr'>μένην</span> <span class='ocrx_word' id='word_1_303' title='bbox 1411 2303 1508 2342; x_wconf 85' lang='grc' dir='ltr'>λείαν</span> <span class='ocrx_word' id='word_1_304' title='bbox 1533 2319 1684 2365; x_wconf 87' lang='grc' dir='ltr'>πετραν,</span> <span class='ocrx_word' id='word_1_305' title='bbox 1719 2302 1742 2351; x_wconf 83' lang='grc' dir='ltr'>ἢ</span> <span class='ocrx_word' id='word_1_306' title='bbox 1764 2304 1823 2343; x_wconf 89' lang='grc' dir='ltr'><strong>τὸν</strong></span> <span class='ocrx_word' id='word_1_307' title='bbox 1852 2304 2035 2356; x_wconf 84' lang='grc' dir='ltr'>Αἷγάλεων</span> <span class='ocrx_word' id='word_1_308' title='bbox 2065 2304 2186 2359; x_wconf 84' lang='grc' dir='ltr'>λόφον,</span> <span class='ocrx_word' id='word_1_309' title='bbox 2218 2302 2240 2343; x_wconf 77' lang='grc' dir='ltr'><strong><em>ἃ</em></strong></span> <span class='ocrx_word' id='word_1_310' title='bbox 2258 2303 2315 2352; x_wconf 73' lang='grc' dir='ltr'><strong>δὴ</strong></span> 
     </span>
     <span class='ocr_line' id='line_1_31' title="bbox 1272 2361 2320 2420; baseline 0.003 -21"><span class='ocrx_word' id='word_1_311' title='bbox 1272 2361 1468 2415; x_wconf 79' lang='grc' dir='ltr'>περίχωριά</span> <span class='ocrx_word' id='word_1_312' title='bbox 1480 2378 1583 2416; x_wconf 86' lang='grc' dir='ltr'>φασιν</span> <span class='ocrx_word' id='word_1_313' title='bbox 1609 2366 1696 2401; x_wconf 76' lang='grc' dir='ltr'>εἶναι</span> <span class='ocrx_word' id='word_1_314' title='bbox 1706 2362 1892 2418; x_wconf 83' lang='grc' dir='ltr'>,καθάπερ</span> <span class='ocrx_word' id='word_1_315' title='bbox 1910 2361 2077 2417; x_wconf 86' lang='grc' dir='ltr'>Ἴστρος</span> <span class='ocrx_word' id='word_1_316' title='bbox 2061 2379 2097 2402; x_wconf 90' lang='grc' dir='ltr'><strong>εν</strong></span> <span class='ocrx_word' id='word_1_317' title='bbox 2119 2366 2163 2416; x_wconf 80' lang='grc' dir='ltr'><strong>τῇ</strong></span> <span class='ocrx_word' id='word_1_318' title='bbox 2181 2363 2320 2420; x_wconf 17' lang='grc' dir='ltr'>πρώτῃ-ζμ</span> 
     </span>
    </p>
   </div>
   <div class='ocr_carea' id='block_1_15' title="bbox 475 2440 597 2446">
    <p class='ocr_par' dir='ltr' id='par_1_15' title="bbox 475 2440 597 2446">
     <span class='ocr_line' id='line_1_32' title="bbox 475 2440 597 2446; baseline 0 0"><span class='ocrx_word' id='word_1_319' title='bbox 475 2440 597 2446; x_wconf 95' lang='lat' dir='ltr'><strong> </strong></span> 
     </span>
    </p>
   </div>
   <div class='ocr_carea' id='block_1_16' title="bbox 1267 2472 2320 2608">
    <p class='ocr_par' dir='ltr' id='par_1_16' title="bbox 1267 2472 2320 2608">
     <span class='ocr_line' id='line_1_33' title="bbox 1270 2472 2320 2514; baseline -0.001 -10"><span class='ocrx_word' id='word_1_320' title='bbox 1270 2472 1363 2505; x_wconf 87' lang='lat' dir='ltr'><strong>cibus</strong></span> <span class='ocrx_word' id='word_1_321' title='bbox 1381 2474 1524 2505; x_wconf 81' lang='lat' dir='ltr'><strong>accensis</strong></span> <span class='ocrx_word' id='word_1_322' title='bbox 1543 2482 1560 2505; x_wconf 91' lang='lat' dir='ltr'><strong>e</strong></span> <span class='ocrx_word' id='word_1_323' title='bbox 1579 2473 1668 2513; x_wconf 83' lang='lat' dir='ltr'><strong>foco,</strong></span> <span class='ocrx_word' id='word_1_324' title='bbox 1688 2482 1779 2506; x_wconf 88' lang='lat' dir='ltr'><strong>sacra</strong></span> <span class='ocrx_word' id='word_1_325' title='bbox 1798 2474 1969 2514; x_wconf 82' lang='lat' dir='ltr'><strong>facientes,</strong></span> <span class='ocrx_word' id='word_1_326' title='bbox 1992 2473 2174 2506; x_wconf 88' lang='lat' dir='ltr'><strong>Vulcanum</strong></span> <span class='ocrx_word' id='word_1_327' title='bbox 2197 2473 2305 2506; x_wconf 78' lang='lat' dir='ltr'><strong>lauda·</strong></span> <span class='ocrx_word' id='word_1_328' title='bbox 2309 2485 2320 2503; x_wconf 71' lang='lat' dir='ltr'><em>e</em></span> 
     </span>
     <span class='ocr_line' id='line_1_34' title="bbox 1269 2519 2320 2562; baseline 0.003 -12"><span class='ocrx_word' id='word_1_329' title='bbox 1269 2528 1319 2558; x_wconf 83' lang='lat' dir='ltr'><strong>re,</strong></span> <span class='ocrx_word' id='word_1_330' title='bbox 1339 2519 1378 2551; x_wconf 92' lang='lat' dir='ltr'><strong>ad</strong></span> <span class='ocrx_word' id='word_1_331' title='bbox 1396 2520 1587 2552; x_wconf 81' lang='lat' dir='ltr'>memoriam</span> <span class='ocrx_word' id='word_1_332' title='bbox 1603 2520 1713 2552; x_wconf 91' lang='lat' dir='ltr'><strong>illius</strong></span> <span class='ocrx_word' id='word_1_333' title='bbox 1705 2530 1738 2552; x_wconf 86' lang='grc'><strong>111</strong></span> <span class='ocrx_word' id='word_1_334' title='bbox 1753 2521 1904 2553; x_wconf 80' lang='lat' dir='ltr'><strong>mortales</strong></span> <span class='ocrx_word' id='word_1_335' title='bbox 1919 2520 2067 2553; x_wconf 82' lang='lat' dir='ltr'><strong>beneficii</strong></span> <span class='ocrx_word' id='word_1_336' title='bbox 2084 2519 2320 2562; x_wconf 64' lang='lat' dir='ltr'><strong>prodendam,</strong></span> 
     </span>
     <span class='ocr_line' id='line_1_35' title="bbox 1267 2567 1892 2608; baseline 0.003 -10"><span class='ocrx_word' id='word_1_337' title='bbox 1267 2567 1354 2607; x_wconf 82' lang='lat' dir='ltr'><strong>quod</strong></span> <span class='ocrx_word' id='word_1_338' title='bbox 1373 2567 1457 2608; x_wconf 86' lang='lat' dir='ltr'><strong>ignis</strong></span> <span class='ocrx_word' id='word_1_339' title='bbox 1478 2576 1573 2599; x_wconf 88' lang='lat' dir='ltr'><strong>usum</strong></span> <span class='ocrx_word' id='word_1_340' title='bbox 1592 2570 1716 2600; x_wconf 85' lang='lat' dir='ltr'><strong>ceteros</strong></span> <span class='ocrx_word' id='word_1_341' title='bbox 1734 2568 1892 2600; x_wconf 83' lang='lat' dir='ltr'><strong>docuerit.</strong></span> 
     </span>
    </p>
   </div>
   <div class='ocr_carea' id='block_1_17' title="bbox 1767 2623 1803 2656">
    <p class='ocr_par' dir='ltr' id='par_1_17' title="bbox 1767 2623 1803 2656">
     <span class='ocr_line' id='line_1_36' title="bbox 1767 2623 1803 2656; baseline 0 -1"><span class='ocrx_word' id='word_1_342' title='bbox 1767 2623 1803 2656; x_wconf 88' lang='grc'>4.</span> 
     </span>
    </p>
   </div>
   <div class='ocr_carea' id='block_1_18' title="bbox 1268 2671 2320 2760">
    <p class='ocr_par' dir='ltr' id='par_1_18' title="bbox 1268 2671 2320 2753">
     <span class='ocr_line' id='line_1_37' title="bbox 1308 2671 2320 2715; baseline 0.002 -11"><span class='ocrx_word' id='word_1_343' title='bbox 1308 2675 1389 2704; x_wconf 84' lang='lat' dir='ltr'><strong>Ister</strong></span> <span class='ocrx_word' id='word_1_344' title='bbox 1417 2673 1481 2714; x_wconf 87' lang='lat' dir='ltr'><strong>ait,</strong></span> <span class='ocrx_word' id='word_1_345' title='bbox 1513 2671 1650 2706; x_wconf 77' lang='lat' dir='ltr'><strong>cursuui</strong></span> <span class='ocrx_word' id='word_1_346' title='bbox 1682 2683 1757 2707; x_wconf 90' lang='lat' dir='ltr'><strong>cum</strong></span> <span class='ocrx_word' id='word_1_347' title='bbox 1789 2674 1914 2706; x_wconf 76' lang='lat' dir='ltr'><strong>facibus</strong></span> <span class='ocrx_word' id='word_1_348' title='bbox 1955 2674 2096 2715; x_wconf 89' lang='lat' dir='ltr'><strong>primum</strong></span> <span class='ocrx_word' id='word_1_349' title='bbox 2124 2673 2320 2711; x_wconf 55' lang='lat' dir='ltr'><strong>instituisse?-</strong></span> 
     </span>
     <span class='ocr_line' id='line_1_38' title="bbox 1268 2720 2032 2760; baseline 0.003 -9"><span class='ocrx_word' id='word_1_350' title='bbox 1268 2720 1481 2752; x_wconf 79' lang='lat' dir='ltr'><strong>Athenienses</strong></span> <span class='ocrx_word' id='word_1_351' title='bbox 1505 2721 1652 2753; x_wconf 84' lang='lat' dir='ltr'><strong>Vulcano</strong></span> <span class='ocrx_word' id='word_1_352' title='bbox 1671 2730 1762 2753; x_wconf 85' lang='lat' dir='ltr'><strong>sacra</strong></span> <span class='ocrx_word' id='word_1_353' title='bbox 1780 2721 1946 2760; x_wconf 79' lang='lat' dir='ltr'><strong>facientes,</strong></span> <span class='ocrx_word' id='word_1_354' title='bbox 1969 2723 2032 2753; x_wconf 81' lang='lat' dir='ltr'><strong>etc.</strong></span> 
     </span>
    </p>
   </div>
   <div class='ocr_carea' id='block_1_19' title="bbox 1765 2781 1800 2813">
    <p class='ocr_par' dir='ltr' id='par_1_19' title="bbox 1765 2781 1800 2813">
     <span class='ocr_line' id='line_1_39' title="bbox 1765 2781 1800 2813; baseline -0.029 0"><span class='ocrx_word' id='word_1_355' title='bbox 1765 2781 1800 2813; x_wconf 84' lang='lat'><strong>5.</strong></span> 
     </span>
    </p>
   </div>
   <div class='ocr_carea' id='block_1_20' title="bbox 472 2474 913 2513">
    <p class='ocr_par' dir='ltr' id='par_1_20' title="bbox 472 2474 913 2513">
     <span class='ocr_line' id='line_1_40' title="bbox 472 2474 913 2513; baseline -0.002 0"><span class='ocrx_word' id='word_1_356' title='bbox 472 2475 676 2513; x_wconf 90' lang='lat' dir='ltr'><strong>ATTHIS.</strong></span> <span class='ocrx_word' id='word_1_357' title='bbox 699 2474 854 2513; x_wconf 84' lang='lat' dir='ltr'>LIBER</span> <span class='ocrx_word' id='word_1_358' title='bbox 881 2475 913 2512; x_wconf 92' lang='lat' dir='ltr'><strong>I.</strong></span> 
     </span>
    </p>
   </div>
   <div class='ocr_carea' id='block_1_21' title="bbox 680 2552 713 2585">
    <p class='ocr_par' dir='ltr' id='par_1_21' title="bbox 680 2552 713 2585">
     <span class='ocr_line' id='line_1_41' title="bbox 680 2552 713 2585; baseline 0 -1"><span class='ocrx_word' id='word_1_359' title='bbox 680 2552 713 2585; x_wconf 91' lang='lat'><strong>1.</strong></span> 
     </span>
    </p>
   </div>
   <div class='ocr_carea' id='block_1_22' title="bbox 175 2603 1208 2791">
    <p class='ocr_par' dir='ltr' id='par_1_22' title="bbox 175 2603 1208 2791">
     <span class='ocr_line' id='line_1_42' title="bbox 175 2603 1207 2645; baseline -0.005 -5"><span class='ocrx_word' id='word_1_360' title='bbox 175 2613 180 2622; x_wconf 84' lang='lat'><em>¹</em></span> <span class='ocrx_word' id='word_1_361' title='bbox 217 2609 349 2640; x_wconf 86' lang='lat' dir='ltr'><strong>Terram</strong></span> <span class='ocrx_word' id='word_1_362' title='bbox 369 2605 699 2638; x_wconf 75' lang='lat' dir='ltr'><strong>Titaniam..1ster</strong></span> <span class='ocrx_word' id='word_1_363' title='bbox 717 2603 799 2636; x_wconf 79' lang='lat' dir='ltr'><strong>libio</strong></span> <span class='ocrx_word' id='word_1_364' title='bbox 821 2604 926 2645; x_wconf 88' lang='lat' dir='ltr'><strong>primo</strong></span> <span class='ocrx_word' id='word_1_365' title='bbox 947 2605 1067 2636; x_wconf 85' lang='lat' dir='ltr'><strong>Rerum</strong></span> <span class='ocrx_word' id='word_1_366' title='bbox 1090 2604 1207 2636; x_wconf 79' lang='lat' dir='ltr'><strong>Attica-</strong></span> 
     </span>
     <span class='ocr_line' id='line_1_43' title="bbox 176 2651 1206 2696; baseline -0.004 -9"><span class='ocrx_word' id='word_1_367' title='bbox 176 2664 250 2687; x_wconf 91' lang='lat' dir='ltr'><strong>rum</strong></span> <span class='ocrx_word' id='word_1_368' title='bbox 271 2654 479 2696; x_wconf 86' lang='lat' dir='ltr'><strong>proverbium</strong></span> <span class='ocrx_word' id='word_1_369' title='bbox 497 2653 618 2686; x_wconf 82' lang='lat' dir='ltr'><strong>refert:</strong></span> <span class='ocrx_word' id='word_1_370' title='bbox 647 2653 790 2684; x_wconf 80' lang='lat' dir='ltr'><strong>Titanas</strong></span> <span class='ocrx_word' id='word_1_371' title='bbox 807 2653 978 2684; x_wconf 78' lang='lat' dir='ltr'><strong>invocare.</strong></span> <span class='ocrx_word' id='word_1_372' title='bbox 1002 2654 1105 2693; x_wconf 86' lang='lat' dir='ltr'><strong>Opem</strong></span> <span class='ocrx_word' id='word_1_373' title='bbox 1120 2651 1206 2683; x_wconf 90' lang='lat' dir='ltr'><strong>enim</strong></span> 
     </span>
     <span class='ocr_line' id='line_1_44' title="bbox 177 2699 1208 2740; baseline -0.005 -5"><span class='ocrx_word' id='word_1_374' title='bbox 177 2703 362 2735; x_wconf 90' lang='lat' dir='ltr'><strong>hominibus</strong></span> <span class='ocrx_word' id='word_1_375' title='bbox 382 2702 427 2734; x_wconf 68' lang='lat' dir='ltr'><strong>ser</strong></span> <span class='ocrx_word' id='word_1_376' title='bbox 428 2701 541 2740; x_wconf 89' lang='lat' dir='ltr'><strong>ebant</strong></span> <span class='ocrx_word' id='word_1_377' title='bbox 561 2699 700 2732; x_wconf 87' lang='lat' dir='ltr'><strong>clamore</strong></span> <span class='ocrx_word' id='word_1_378' title='bbox 714 2708 826 2731; x_wconf 86' lang='lat' dir='ltr'><strong>eorum</strong></span> <span class='ocrx_word' id='word_1_379' title='bbox 843 2699 970 2739; x_wconf 89' lang='lat' dir='ltr'><strong>audito,</strong></span> <span class='ocrx_word' id='word_1_380' title='bbox 992 2701 1030 2732; x_wconf 90' lang='lat' dir='ltr'><strong>ut</strong></span> <span class='ocrx_word' id='word_1_381' title='bbox 1047 2700 1208 2731; x_wconf 83' lang='lat' dir='ltr'><strong>Nicander</strong></span> 
     </span>
     <span class='ocr_line' id='line_1_45' title="bbox 178 2747 954 2791; baseline -0.007 -9"><span class='ocrx_word' id='word_1_382' title='bbox 178 2750 259 2782; x_wconf 88' lang='lat' dir='ltr'><strong>libro</strong></span> <span class='ocrx_word' id='word_1_383' title='bbox 278 2750 382 2791; x_wconf 75' lang='lat' dir='ltr'><strong>primo</strong></span> <span class='ocrx_word' id='word_1_384' title='bbox 401 2751 521 2781; x_wconf 83' lang='lat' dir='ltr'><strong>Rerum</strong></span> <span class='ocrx_word' id='word_1_385' title='bbox 535 2747 746 2780; x_wconf 87' lang='lat' dir='ltr'><strong>AEtolicarum</strong></span> <span class='ocrx_word' id='word_1_386' title='bbox 765 2747 954 2778; x_wconf 84' lang='lat' dir='ltr'><strong>auctorest.</strong></span> 
     </span>
    </p>
   </div>
   <div class='ocr_carea' id='block_1_23' title="bbox 673 2803 709 2834">
    <p class='ocr_par' dir='ltr' id='par_1_23' title="bbox 673 2803 709 2834">
     <span class='ocr_line' id='line_1_46' title="bbox 673 2803 709 2834; baseline 0 0"><span class='ocrx_word' id='word_1_387' title='bbox 673 2803 709 2834; x_wconf 87' lang='lat'><strong>2.</strong></span> 
     </span>
    </p>
   </div>
   <div class='ocr_carea' id='block_1_24' title="bbox 175 2853 1206 3084">
    <p class='ocr_par' dir='ltr' id='par_1_24' title="bbox 175 2853 1206 3081">
     <span class='ocr_line' id='line_1_47' title="bbox 223 2853 1204 2894; baseline -0.005 -5"><span class='ocrx_word' id='word_1_388' title='bbox 223 2857 417 2889; x_wconf 75' lang='lat' dir='ltr'><strong>Titanidem</strong></span> <span class='ocrx_word' id='word_1_389' title='bbox 432 2855 567 2888; x_wconf 76' lang='lat' dir='ltr'><strong>accolis.</strong></span> <span class='ocrx_word' id='word_1_390' title='bbox 585 2853 703 2894; x_wconf 87' lang='lat' dir='ltr'><strong>Deiis,</strong></span> <span class='ocrx_word' id='word_1_391' title='bbox 720 2853 777 2894; x_wconf 89' lang='lat' dir='ltr'><strong>qui</strong></span> <span class='ocrx_word' id='word_1_392' title='bbox 793 2853 870 2885; x_wconf 85' lang='lat' dir='ltr'><strong>deos</strong></span> <span class='ocrx_word' id='word_1_393' title='bbox 884 2854 1005 2885; x_wconf 85' lang='lat' dir='ltr'><strong>amant.</strong></span> <span class='ocrx_word' id='word_1_394' title='bbox 1025 2853 1204 2885; x_wconf 85' lang='lat' dir='ltr'><strong>Titanidem</strong></span> 
     </span>
     <span class='ocr_line' id='line_1_48' title="bbox 177 2899 1206 2945; baseline -0.003 -10"><span class='ocrx_word' id='word_1_395' title='bbox 177 2913 272 2945; x_wconf 82' lang='lat' dir='ltr'><strong>porro</strong></span> <span class='ocrx_word' id='word_1_396' title='bbox 287 2903 341 2935; x_wconf 82' lang='lat' dir='ltr'><strong>alii</strong></span> <span class='ocrx_word' id='word_1_397' title='bbox 363 2907 480 2935; x_wconf 87' lang='lat' dir='ltr'><strong>terram</strong></span> <span class='ocrx_word' id='word_1_398' title='bbox 503 2902 705 2939; x_wconf 85' lang='lat' dir='ltr'><strong>universam,</strong></span> <span class='ocrx_word' id='word_1_399' title='bbox 727 2899 780 2931; x_wconf 81' lang='lat' dir='ltr'><strong>alii</strong></span> <span class='ocrx_word' id='word_1_400' title='bbox 803 2900 942 2931; x_wconf 82' lang='lat' dir='ltr'><strong>Atticam</strong></span> <span class='ocrx_word' id='word_1_401' title='bbox 965 2900 1164 2941; x_wconf 83' lang='lat' dir='ltr'><strong>intelligunt,</strong></span> <span class='ocrx_word' id='word_1_402' title='bbox 1187 2910 1206 2932; x_wconf 81' lang='lat' dir='ltr'><strong>a</strong></span> 
     </span>
     <span class='ocr_line' id='line_1_49' title="bbox 175 2946 1204 2991; baseline -0.004 -8.98"><span class='ocrx_word' id='word_1_403' title='bbox 175 2950 301 2983; x_wconf 84' lang='lat' dir='ltr'><strong>Titenio</strong></span> <span class='ocrx_word' id='word_1_404' title='bbox 324 2950 464 2991; x_wconf 86' lang='lat' dir='ltr'><strong>quodam</strong></span> <span class='ocrx_word' id='word_1_405' title='bbox 486 2957 551 2980; x_wconf 91' lang='lat' dir='ltr'><strong>uno</strong></span> <span class='ocrx_word' id='word_1_406' title='bbox 569 2956 610 2979; x_wconf 87' lang='lat' dir='ltr'><strong>ex</strong></span> <span class='ocrx_word' id='word_1_407' title='bbox 630 2946 810 2979; x_wconf 87' lang='lat' dir='ltr'><strong>senioribus</strong></span> <span class='ocrx_word' id='word_1_408' title='bbox 832 2946 1016 2986; x_wconf 86' lang='lat' dir='ltr'><strong>Titanibus,</strong></span> <span class='ocrx_word' id='word_1_409' title='bbox 1041 2948 1128 2987; x_wconf 90' lang='lat' dir='ltr'><strong>qui</strong></span> <span class='ocrx_word' id='word_1_410' title='bbox 1118 2946 1204 2988; x_wconf 79' lang='lat' dir='ltr'><strong>apud</strong></span> 
     </span>
     <span class='ocr_line' id='line_1_50' title="bbox 175 2993 1205 3035; baseline -0.006 -5"><span class='ocrx_word' id='word_1_411' title='bbox 175 2998 396 3030; x_wconf 46' lang='lat' dir='ltr'><strong>Mffuathonem</strong></span> <span class='ocrx_word' id='word_1_412' title='bbox 412 2995 594 3034; x_wconf 85' lang='lat' dir='ltr'><strong>habitabat,</strong></span> <span class='ocrx_word' id='word_1_413' title='bbox 617 2994 705 3035; x_wconf 88' lang='lat' dir='ltr'><strong>quis</strong></span> <span class='ocrx_word' id='word_1_414' title='bbox 689 2993 778 3025; x_wconf 89' lang='lat' dir='ltr'><strong>solus</strong></span> <span class='ocrx_word' id='word_1_415' title='bbox 794 2993 951 3025; x_wconf 85' lang='lat' dir='ltr'><strong>adversus</strong></span> <span class='ocrx_word' id='word_1_416' title='bbox 966 2994 1044 3026; x_wconf 88' lang='lat' dir='ltr'><strong>deos</strong></span> <span class='ocrx_word' id='word_1_417' title='bbox 1060 3003 1125 3026; x_wconf 89' lang='lat' dir='ltr'><strong>non</strong></span> <span class='ocrx_word' id='word_1_418' title='bbox 1142 2994 1205 3025; x_wconf 87' lang='lat' dir='ltr'><strong>bel-</strong></span> 
     </span>
     <span class='ocr_line' id='line_1_51' title="bbox 176 3040 1204 3084; baseline -0.003 -8"><span class='ocrx_word' id='word_1_419' title='bbox 176 3044 338 3084; x_wconf 78' lang='lat' dir='ltr'><strong>ligeravit,</strong></span> <span class='ocrx_word' id='word_1_420' title='bbox 362 3047 398 3075; x_wconf 90' lang='lat' dir='ltr'><strong>ut</strong></span> <span class='ocrx_word' id='word_1_421' title='bbox 416 3045 462 3075; x_wconf 85' lang='lat' dir='ltr'><strong>ait</strong></span> <span class='ocrx_word' id='word_1_422' title='bbox 482 3042 694 3074; x_wconf 83' lang='lat' dir='ltr'><strong>Philochorus</strong></span> <span class='ocrx_word' id='word_1_423' title='bbox 713 3040 747 3072; x_wconf 90' lang='lat' dir='ltr'><strong>in</strong></span> <span class='ocrx_word' id='word_1_424' title='bbox 769 3040 947 3081; x_wconf 84' lang='lat' dir='ltr'><strong>Tetrapoli‚</strong></span> <span class='ocrx_word' id='word_1_425' title='bbox 968 3044 1000 3073; x_wconf 88' lang='lat' dir='ltr'><strong>et</strong></span> <span class='ocrx_word' id='word_1_426' title='bbox 1020 3043 1101 3073; x_wconf 85' lang='lat' dir='ltr'><strong>Ister</strong></span> <span class='ocrx_word' id='word_1_427' title='bbox 1122 3040 1204 3073; x_wconf 87' lang='lat' dir='ltr'><strong>libro</strong></span> 
     </span>
    </p>
   </div>
   <div class='ocr_carea' id='block_1_25' title="bbox 176 3091 641 3131">
    <p class='ocr_par' dir='ltr' id='par_1_25' title="bbox 176 3091 641 3131">
     <span class='ocr_line' id='line_1_52' title="bbox 176 3091 641 3131; baseline -0.004 -9"><span class='ocrx_word' id='word_1_428' title='bbox 176 3101 213 3131; x_wconf 79' lang='lat' dir='ltr'><strong>pi</strong></span> <span class='ocrx_word' id='word_1_429' title='bbox 216 3092 280 3123; x_wconf 91' lang='lat' dir='ltr'><strong>imo</strong></span> <span class='ocrx_word' id='word_1_430' title='bbox 305 3093 423 3123; x_wconf 81' lang='lat' dir='ltr'><strong>Rerum</strong></span> <span class='ocrx_word' id='word_1_431' title='bbox 450 3091 641 3122; x_wconf 73' lang='lat' dir='ltr'><strong>Atticarum.</strong></span> 
     </span>
    </p>
   </div>
   <div class='ocr_carea' id='block_1_26' title="bbox 1263 2836 2315 3067">
    <p class='ocr_par' dir='ltr' id='par_1_26' title="bbox 1263 2836 2314 3067">
     <span class='ocr_line' id='line_1_53' title="bbox 1312 2836 2314 2883; baseline 0.003 -15"><span class='ocrx_word' id='word_1_432' title='bbox 1312 2836 1488 2877; x_wconf 51' lang='lat' dir='ltr'><strong>Thornia,</strong></span> <span class='ocrx_word' id='word_1_433' title='bbox 1520 2839 1686 2879; x_wconf 88' lang='lat' dir='ltr'><strong>Lycurgus</strong></span> <span class='ocrx_word' id='word_1_434' title='bbox 1707 2839 1740 2870; x_wconf 90' lang='lat' dir='ltr'><strong>in</strong></span> <span class='ocrx_word' id='word_1_435' title='bbox 1776 2838 2004 2871; x_wconf 82' lang='lat' dir='ltr'><strong>Controversia</strong></span> <span class='ocrx_word' id='word_1_436' title='bbox 2039 2836 2314 2883; x_wconf 67' lang='grc' dir='ltr'>Οιοοοῐιίᾶθτυηιξ</span> 
     </span>
     <span class='ocr_line' id='line_1_54' title="bbox 1264 2877 2315 2926; baseline 0.004 -12"><span class='ocrx_word' id='word_1_437' title='bbox 1264 2883 1420 2916; x_wconf 82' lang='lat' dir='ltr'><strong>adversus</strong></span> <span class='ocrx_word' id='word_1_438' title='bbox 1437 2886 1639 2917; x_wconf 82' lang='lat' dir='ltr'><strong>coeronidas.</strong></span> <span class='ocrx_word' id='word_1_439' title='bbox 1658 2886 1886 2925; x_wconf 85' lang='lat' dir='ltr'><strong>Bacchanalia,</strong></span> <span class='ocrx_word' id='word_1_440' title='bbox 1903 2893 1976 2926; x_wconf 84' lang='lat' dir='ltr'><strong>quae</strong></span> <span class='ocrx_word' id='word_1_441' title='bbox 1992 2885 2101 2926; x_wconf 88' lang='lat' dir='ltr'><strong>populi</strong></span> <span class='ocrx_word' id='word_1_442' title='bbox 2119 2885 2234 2918; x_wconf 82' lang='lat' dir='ltr'><strong>Atticae</strong></span> <span class='ocrx_word' id='word_1_443' title='bbox 2249 2877 2315 2918; x_wconf 48' lang='lat' dir='ltr'><strong>cei</strong></span> 
     </span>
     <span class='ocr_line' id='line_1_55' title="bbox 1263 2929 2310 2973; baseline 0.003 -12"><span class='ocrx_word' id='word_1_444' title='bbox 1263 2929 1449 2970; x_wconf 83' lang='lat' dir='ltr'><strong>lebrabant,</strong></span> <span class='ocrx_word' id='word_1_445' title='bbox 1478 2932 1631 2964; x_wconf 71' lang='lat' dir='ltr'><strong>Theoenia</strong></span> <span class='ocrx_word' id='word_1_446' title='bbox 1647 2933 1848 2971; x_wconf 86' lang='lat' dir='ltr'><strong>dicebantur,</strong></span> <span class='ocrx_word' id='word_1_447' title='bbox 1866 2933 1899 2964; x_wconf 93' lang='grc'><strong>111</strong></span> <span class='ocrx_word' id='word_1_448' title='bbox 1915 2932 2035 2973; x_wconf 85' lang='lat' dir='ltr'><strong>quibus</strong></span> <span class='ocrx_word' id='word_1_449' title='bbox 2051 2932 2184 2973; x_wconf 83' lang='lat' dir='ltr'><strong>gentiles</strong></span> <span class='ocrx_word' id='word_1_450' title='bbox 2199 2931 2310 2964; x_wconf 85' lang='lat' dir='ltr'><strong>sacri·</strong></span> 
     </span>
     <span class='ocr_line' id='line_1_56' title="bbox 1263 2977 2303 3020; baseline 0.002 -12"><span class='ocrx_word' id='word_1_451' title='bbox 1263 2977 1426 3009; x_wconf 82' lang='lat' dir='ltr'><strong>ficabant:</strong></span> <span class='ocrx_word' id='word_1_452' title='bbox 1445 2979 1605 3010; x_wconf 83' lang='lat' dir='ltr'><strong>Bacchum</strong></span> <span class='ocrx_word' id='word_1_453' title='bbox 1622 2980 1740 3020; x_wconf 90' lang='lat' dir='ltr'><strong>quippe</strong></span> <span class='ocrx_word' id='word_1_454' title='bbox 1759 2980 1885 3012; x_wconf 84' lang='grc' dir='ltr'>Θέοινον</span> <span class='ocrx_word' id='word_1_455' title='bbox 1901 2979 2080 3018; x_wconf 82' lang='lat' dir='ltr'><strong>vocabant,</strong></span> <span class='ocrx_word' id='word_1_456' title='bbox 2098 2981 2135 3012; x_wconf 90' lang='lat' dir='ltr'><strong>ut</strong></span> <span class='ocrx_word' id='word_1_457' title='bbox 2156 2979 2303 3020; x_wconf 80' lang='lat' dir='ltr'><strong>AEschy-:</strong></span> 
     </span>
     <span class='ocr_line' id='line_1_57' title="bbox 1264 3024 2111 3067; baseline 0.004 -12"><span class='ocrx_word' id='word_1_458' title='bbox 1264 3024 1314 3056; x_wconf 91' lang='lat' dir='ltr'><strong>lus</strong></span> <span class='ocrx_word' id='word_1_459' title='bbox 1330 3024 1435 3056; x_wconf 73' lang='lat' dir='ltr'><strong>declar</strong></span> <span class='ocrx_word' id='word_1_460' title='bbox 1437 3027 1487 3065; x_wconf 89' lang='lat' dir='ltr'><strong>at</strong></span> <span class='ocrx_word' id='word_1_461' title='bbox 1505 3028 1537 3057; x_wconf 90' lang='lat' dir='ltr'><strong>et</strong></span> <span class='ocrx_word' id='word_1_462' title='bbox 1554 3028 1634 3058; x_wconf 87' lang='lat' dir='ltr'><strong>Ister</strong></span> <span class='ocrx_word' id='word_1_463' title='bbox 1650 3027 1681 3058; x_wconf 94' lang='lat' dir='ltr'><strong>in</strong></span> <span class='ocrx_word' id='word_1_464' title='bbox 1699 3027 1803 3067; x_wconf 87' lang='lat' dir='ltr'><strong>primo</strong></span> <span class='ocrx_word' id='word_1_465' title='bbox 1820 3026 2111 3059; x_wconf 77' lang='lat' dir='ltr'><strong>collectaneorum.</strong></span> 
     </span>
    </p>
   </div>
   <div class='ocr_carea' id='block_1_27' title="bbox 1761 3086 1797 3118">
    <p class='ocr_par' dir='ltr' id='par_1_27' title="bbox 1761 3086 1797 3118">
     <span class='ocr_line' id='line_1_58' title="bbox 1761 3086 1797 3118; baseline -0.056 0"><span class='ocrx_word' id='word_1_466' title='bbox 1761 3086 1797 3118; x_wconf 85' lang='lat'><strong>6.</strong></span> 
     </span>
    </p>
   </div>
   <div class='ocr_carea' id='block_1_28' title="bbox 1264 3142 2320 3243">
    <p class='ocr_par' dir='ltr' id='par_1_28' title="bbox 1264 3142 2320 3231">
     <span class='ocr_line' id='line_1_59' title="bbox 1305 3142 2303 3186; baseline 0 -11"><span class='ocrx_word' id='word_1_467' title='bbox 1305 3142 1470 3183; x_wconf 82' lang='lat' dir='ltr'><strong>AEgaleum</strong></span> <span class='ocrx_word' id='word_1_468' title='bbox 1484 3145 1627 3175; x_wconf 88' lang='lat' dir='ltr'><strong>montem</strong></span> <span class='ocrx_word' id='word_1_469' title='bbox 1641 3144 1674 3176; x_wconf 84' lang='lat' dir='ltr'><strong>(li</strong></span> <span class='ocrx_word' id='word_1_470' title='bbox 1677 3144 1720 3175; x_wconf 89' lang='lat' dir='ltr'><strong>cit</strong></span> <span class='ocrx_word' id='word_1_471' title='bbox 1733 3143 1925 3184; x_wconf 83' lang='lat' dir='ltr'><strong>Sophocles;</strong></span> <span class='ocrx_word' id='word_1_472' title='bbox 1939 3143 1993 3175; x_wconf 88' lang='lat' dir='ltr'><strong>hic</strong></span> <span class='ocrx_word' id='word_1_473' title='bbox 2004 3144 2092 3175; x_wconf 90' lang='lat' dir='ltr'><strong>enim</strong></span> <span class='ocrx_word' id='word_1_474' title='bbox 2106 3143 2139 3175; x_wconf 92' lang='lat' dir='ltr'><strong>in</strong></span> <span class='ocrx_word' id='word_1_475' title='bbox 2151 3144 2303 3186; x_wconf 63' lang='lat' dir='ltr'><strong>extremo}</strong></span> 
     </span>
     <span class='ocr_line' id='line_1_60' title="bbox 1264 3180 2320 3243; baseline -0.001 -21"><span class='ocrx_word' id='word_1_476' title='bbox 1264 3192 1354 3243; x_wconf 79' lang='lat' dir='ltr'><strong>parte</strong></span> <span class='ocrx_word' id='word_1_477' title='bbox 1378 3190 1475 3231; x_wconf 89' lang='lat' dir='ltr'><strong>hujus</strong></span> <span class='ocrx_word' id='word_1_478' title='bbox 1497 3190 1568 3230; x_wconf 80' lang='lat' dir='ltr'><strong>pagi</strong></span> <span class='ocrx_word' id='word_1_479' title='bbox 1593 3191 1676 3222; x_wconf 88' lang='lat' dir='ltr'><strong>situs</strong></span> <span class='ocrx_word' id='word_1_480' title='bbox 1699 3193 1759 3222; x_wconf 86' lang='lat' dir='ltr'><strong>est.</strong></span> <span class='ocrx_word' id='word_1_481' title='bbox 1786 3193 1987 3223; x_wconf 86' lang='lat' dir='ltr'><strong>Enumerant</strong></span> <span class='ocrx_word' id='word_1_482' title='bbox 2007 3194 2114 3223; x_wconf 85' lang='lat' dir='ltr'><strong>autem</strong></span> <span class='ocrx_word' id='word_1_483' title='bbox 2147 3190 2237 3228; x_wconf 80' lang='lat' dir='ltr'><strong>loca,</strong></span> <span class='ocrx_word' id='word_1_484' title='bbox 2257 3180 2320 3221; x_wconf 56' lang='lat' dir='ltr'><strong>uk</strong></span> 
     </span>
    </p>
   </div>
   <div class='ocr_carea' id='block_1_29' title="bbox 675 3137 710 3169">
    <p class='ocr_par' dir='ltr' id='par_1_29' title="bbox 675 3137 710 3169">
     <span class='ocr_line' id='line_1_61' title="bbox 675 3137 710 3169; baseline 0 0"><span class='ocrx_word' id='word_1_485' title='bbox 675 3137 710 3169; x_wconf 85' lang='lat'><strong>3.</strong></span> 
     </span>
    </p>
   </div>
   <div class='ocr_carea' id='block_1_30' title="bbox 176 3189 2301 3419">
    <p class='ocr_par' dir='ltr' id='par_1_30' title="bbox 176 3189 2301 3419">
     <span class='ocr_line' id='line_1_62' title="bbox 218 3189 1205 3232; baseline -0.001 -10"><span class='ocrx_word' id='word_1_486' title='bbox 218 3191 292 3222; x_wconf 88' lang='lat' dir='ltr'><strong>Tria</strong></span> <span class='ocrx_word' id='word_1_487' title='bbox 318 3190 491 3232; x_wconf 83' lang='lat' dir='ltr'><strong>Lampadis</strong></span> <span class='ocrx_word' id='word_1_488' title='bbox 518 3190 600 3221; x_wconf 82' lang='lat' dir='ltr'><strong>festa</strong></span> <span class='ocrx_word' id='word_1_489' title='bbox 623 3189 746 3230; x_wconf 83' lang='lat' dir='ltr'><strong>agitant</strong></span> <span class='ocrx_word' id='word_1_490' title='bbox 773 3189 985 3221; x_wconf 85' lang='lat' dir='ltr'><strong>Athenienses</strong></span> <span class='ocrx_word' id='word_1_491' title='bbox 1013 3199 1020 3220; x_wconf 92' lang='lat'>:</span> <span class='ocrx_word' id='word_1_492' title='bbox 1050 3189 1205 3222; x_wconf 87' lang='lat' dir='ltr'><strong>Panathe-</strong></span> 
     </span>
     <span class='ocr_line' id='line_1_63' title="bbox 177 3235 2301 3278; baseline 0 -9"><span class='ocrx_word' id='word_1_493' title='bbox 177 3238 277 3276; x_wconf 85' lang='lat' dir='ltr'><strong>naeis,</strong></span> <span class='ocrx_word' id='word_1_494' title='bbox 297 3237 542 3276; x_wconf 80' lang='lat' dir='ltr'><strong>Vulcanalibus,</strong></span> <span class='ocrx_word' id='word_1_495' title='bbox 564 3237 780 3276; x_wconf 87' lang='lat' dir='ltr'><strong>Prometheis,</strong></span> <span class='ocrx_word' id='word_1_496' title='bbox 797 3238 833 3268; x_wconf 88' lang='lat' dir='ltr'><strong>ut</strong></span> <span class='ocrx_word' id='word_1_497' title='bbox 848 3237 893 3268; x_wconf 88' lang='lat' dir='ltr'><strong>ait</strong></span> <span class='ocrx_word' id='word_1_498' title='bbox 913 3236 1042 3268; x_wconf 87' lang='lat' dir='ltr'><strong>Polemo</strong></span> <span class='ocrx_word' id='word_1_499' title='bbox 1058 3237 1140 3268; x_wconf 86' lang='lat' dir='ltr'><strong>libro</strong></span> <span class='ocrx_word' id='word_1_500' title='bbox 1160 3238 1205 3268; x_wconf 91' lang='lat' dir='ltr'><strong>De</strong></span> <span class='ocrx_word' id='word_1_501' title='bbox 1265 3237 1407 3268; x_wconf 81' lang='lat' dir='ltr'><strong>maxime</strong></span> <span class='ocrx_word' id='word_1_502' title='bbox 1423 3236 1606 3268; x_wconf 81' lang='lat' dir='ltr'><strong>conflixisse</strong></span> <span class='ocrx_word' id='word_1_503' title='bbox 1629 3238 1780 3269; x_wconf 84' lang='lat' dir='ltr'><strong>Creontis</strong></span> <span class='ocrx_word' id='word_1_504' title='bbox 1795 3240 1827 3269; x_wconf 89' lang='lat' dir='ltr'><strong>et</strong></span> <span class='ocrx_word' id='word_1_505' title='bbox 1848 3238 1962 3269; x_wconf 89' lang='lat' dir='ltr'><strong>Thesei</strong></span> <span class='ocrx_word' id='word_1_506' title='bbox 1981 3238 2090 3278; x_wconf 80' lang='lat' dir='ltr'><strong>copias</strong></span> <span class='ocrx_word' id='word_1_507' title='bbox 2109 3235 2301 3276; x_wconf 50' lang='lat' dir='ltr'><strong>conjiciunta</strong></span> 
     </span>
     <span class='ocr_line' id='line_1_64' title="bbox 176 3283 2299 3325; baseline -0 -10"><span class='ocrx_word' id='word_1_508' title='bbox 176 3284 295 3316; x_wconf 77' lang='lat' dir='ltr'><strong>tabulis</strong></span> <span class='ocrx_word' id='word_1_509' title='bbox 311 3293 383 3325; x_wconf 84' lang='lat' dir='ltr'><strong>quae</strong></span> <span class='ocrx_word' id='word_1_510' title='bbox 399 3285 431 3315; x_wconf 91' lang='lat' dir='ltr'><strong>in</strong></span> <span class='ocrx_word' id='word_1_511' title='bbox 442 3284 616 3324; x_wconf 80' lang='lat' dir='ltr'><strong>Propylaeis</strong></span> <span class='ocrx_word' id='word_1_512' title='bbox 632 3283 745 3324; x_wconf 81' lang='lat' dir='ltr'><strong>positae</strong></span> <span class='ocrx_word' id='word_1_513' title='bbox 758 3285 845 3315; x_wconf 86' lang='lat' dir='ltr'><strong>sunt.</strong></span> <span class='ocrx_word' id='word_1_514' title='bbox 864 3286 945 3315; x_wconf 86' lang='lat' dir='ltr'><strong>Ister</strong></span> <span class='ocrx_word' id='word_1_515' title='bbox 959 3292 1035 3315; x_wconf 85' lang='lat' dir='ltr'><strong>vero</strong></span> <span class='ocrx_word' id='word_1_516' title='bbox 1051 3284 1084 3315; x_wconf 89' lang='lat' dir='ltr'><strong>in</strong></span> <span class='ocrx_word' id='word_1_517' title='bbox 1101 3284 1205 3324; x_wconf 81' lang='lat' dir='ltr'><strong>primo</strong></span> <span class='ocrx_word' id='word_1_518' title='bbox 1264 3285 1388 3324; x_wconf 83' lang='lat' dir='ltr'><strong>Rupem</strong></span> <span class='ocrx_word' id='word_1_519' title='bbox 1411 3283 1486 3314; x_wconf 89' lang='lat' dir='ltr'><strong>nive</strong></span> <span class='ocrx_word' id='word_1_520' title='bbox 1509 3283 1699 3315; x_wconf 86' lang='lat' dir='ltr'><strong>candentem</strong></span> <span class='ocrx_word' id='word_1_521' title='bbox 1723 3283 1803 3315; x_wconf 87' lang='lat' dir='ltr'><strong>dicit</strong></span> <span class='ocrx_word' id='word_1_522' title='bbox 1824 3283 1961 3316; x_wconf 79' lang='lat' dir='ltr'><strong>fortasse</strong></span> <span class='ocrx_word' id='word_1_523' title='bbox 1983 3283 2158 3324; x_wconf 83' lang='lat' dir='ltr'><strong>sophocles</strong></span> <span class='ocrx_word' id='word_1_524' title='bbox 2177 3287 2299 3323; x_wconf 72' lang='lat' dir='ltr'><strong>rupem</strong></span> 
     </span>
     <span class='ocr_line' id='line_1_65' title="bbox 177 3329 2299 3370; baseline -0.001 -8"><span class='ocrx_word' id='word_1_525' title='bbox 177 3330 345 3363; x_wconf 76' lang='lat' dir='ltr'><strong>Atthidum</strong></span> <span class='ocrx_word' id='word_1_526' title='bbox 362 3330 474 3369; x_wconf 72' lang='lat' dir='ltr'><strong>tradit,</strong></span> <span class='ocrx_word' id='word_1_527' title='bbox 491 3331 543 3362; x_wconf 87' lang='lat' dir='ltr'><strong>die</strong></span> <span class='ocrx_word' id='word_1_528' title='bbox 559 3331 639 3362; x_wconf 83' lang='lat' dir='ltr'><strong>festo</strong></span> <span class='ocrx_word' id='word_1_529' title='bbox 651 3330 895 3370; x_wconf 81' lang='lat' dir='ltr'><strong>Apaturiorum,</strong></span> <span class='ocrx_word' id='word_1_530' title='bbox 912 3339 967 3361; x_wconf 91' lang='lat' dir='ltr'><strong>eos</strong></span> <span class='ocrx_word' id='word_1_531' title='bbox 983 3339 1020 3361; x_wconf 87' lang='lat' dir='ltr'><strong>ex</strong></span> <span class='ocrx_word' id='word_1_532' title='bbox 1035 3330 1204 3362; x_wconf 85' lang='lat' dir='ltr'><strong>Athenien-</strong></span> <span class='ocrx_word' id='word_1_533' title='bbox 1266 3331 1387 3362; x_wconf 81' lang='lat' dir='ltr'><strong>loevem</strong></span> <span class='ocrx_word' id='word_1_534' title='bbox 1410 3329 1459 3360; x_wconf 86' lang='lat' dir='ltr'><strong>vel</strong></span> <span class='ocrx_word' id='word_1_535' title='bbox 1481 3329 1646 3369; x_wconf 83' lang='lat' dir='ltr'><strong>AEgaleum</strong></span> <span class='ocrx_word' id='word_1_536' title='bbox 1668 3329 1792 3361; x_wconf 85' lang='lat' dir='ltr'><strong>collem.</strong></span> <span class='ocrx_word' id='word_1_537' title='bbox 1818 3331 1894 3361; x_wconf 72' lang='lat' dir='ltr'><strong>Hac</strong></span> <span class='ocrx_word' id='word_1_538' title='bbox 1916 3330 2002 3362; x_wconf 82' lang='lat' dir='ltr'><strong>enim</strong></span> <span class='ocrx_word' id='word_1_539' title='bbox 2025 3330 2094 3362; x_wconf 82' lang='lat' dir='ltr'><strong>loca</strong></span> <span class='ocrx_word' id='word_1_540' title='bbox 2116 3330 2207 3362; x_wconf 85' lang='lat' dir='ltr'><strong>aiunt</strong></span> <span class='ocrx_word' id='word_1_541' title='bbox 2229 3332 2299 3360; x_wconf 69' lang='lat' dir='ltr'><strong>esse</strong></span> 
     </span>
     <span class='ocr_line' id='line_1_66' title="bbox 179 3372 2299 3419; baseline -0.001 -9"><span class='ocrx_word' id='word_1_542' title='bbox 179 3377 286 3416; x_wconf 88' lang='lat' dir='ltr'><strong>sibus,</strong></span> <span class='ocrx_word' id='word_1_543' title='bbox 303 3377 358 3418; x_wconf 89' lang='lat' dir='ltr'><strong>qui</strong></span> <span class='ocrx_word' id='word_1_544' title='bbox 380 3378 603 3419; x_wconf 81' lang='lat' dir='ltr'><strong>pulcherrimis</strong></span> <span class='ocrx_word' id='word_1_545' title='bbox 621 3378 763 3409; x_wconf 67' lang='lat' dir='ltr'><strong>vestibus</strong></span> <span class='ocrx_word' id='word_1_546' title='bbox 779 3378 883 3409; x_wconf 77' lang='lat' dir='ltr'><strong>ornati</strong></span> <span class='ocrx_word' id='word_1_547' title='bbox 901 3378 982 3415; x_wconf 84' lang='lat' dir='ltr'><strong>sint,</strong></span> <span class='ocrx_word' id='word_1_548' title='bbox 1000 3378 1138 3419; x_wconf 78' lang='lat' dir='ltr'><strong>sumptis</strong></span> <span class='ocrx_word' id='word_1_549' title='bbox 1160 3378 1202 3409; x_wconf 84' lang='lat' dir='ltr'><strong>sa·</strong></span> <span class='ocrx_word' id='word_1_550' title='bbox 1265 3377 1387 3417; x_wconf 84' lang='lat' dir='ltr'><strong>vicina,</strong></span> <span class='ocrx_word' id='word_1_551' title='bbox 1407 3379 1441 3407; x_wconf 87' lang='grc' dir='ltr'><strong>ιιι</strong></span> <span class='ocrx_word' id='word_1_552' title='bbox 1459 3378 1539 3407; x_wconf 78' lang='lat' dir='ltr'><strong>ister</strong></span> <span class='ocrx_word' id='word_1_553' title='bbox 1557 3376 1656 3408; x_wconf 82' lang='lat' dir='ltr'><strong>tradit</strong></span> <span class='ocrx_word' id='word_1_554' title='bbox 1673 3376 1753 3409; x_wconf 89' lang='lat' dir='ltr'><strong>libro</strong></span> <span class='ocrx_word' id='word_1_555' title='bbox 1770 3378 1874 3418; x_wconf 84' lang='lat' dir='ltr'><strong>primo</strong></span> <span class='ocrx_word' id='word_1_556' title='bbox 1892 3377 2169 3413; x_wconf 80' lang='lat' dir='ltr'><strong>Miscellaneorum</strong></span> <span class='ocrx_word' id='word_1_557' title='bbox 2187 3386 2195 3408; x_wconf 89' lang='lat'>:</span> <span class='ocrx_word' id='word_1_558' title='bbox 2217 3388 2234 3403; x_wconf 68' lang='grc' dir='ltr'>«ι</span> <span class='ocrx_word' id='word_1_559' title='bbox 2250 3372 2299 3407; x_wconf 73' lang='lat' dir='ltr'><strong>Ab</strong></span> 
     </span>
    </p>
   </div>
  </div>
 </body>
</html>
