<?xml version="1.0" encoding="UTF-8"?>
<!DOCTYPE html PUBLIC "-//W3C//DTD XHTML 1.0 Transitional//EN"
    "http://www.w3.org/TR/xhtml1/DTD/xhtml1-transitional.dtd">
<html xmlns="http://www.w3.org/1999/xhtml" xml:lang="en" lang="en">
 <head>
  <title>
</title>
<meta http-equiv="Content-Type" content="text/html;charset=utf-8" />
  <meta name='ocr-system' content='tesseract 3.04.00' />
  <meta name='ocr-capabilities' content='ocr_page ocr_carea ocr_par ocr_line ocrx_word'/>
</head>
<body>
  <div class='ocr_page' id='page_1' title='image "./fragmentahistori01mueluoft_0154.png"; bbox 0 0 2320 3684; ppageno 0'>
   <div class='ocr_carea' id='block_1_1' title="bbox 163 184 1571 230">
    <p class='ocr_par' dir='ltr' id='par_1_1' title="bbox 163 184 1571 230">
     <span class='ocr_line' id='line_1_1' title="bbox 163 184 1571 230; baseline 0.009 -15"><span class='ocrx_word' id='word_1_1' title='bbox 163 189 210 222; x_wconf 73' lang='lat'>⁵2</span> <span class='ocrx_word' id='word_1_2' title='bbox 937 184 1216 227; x_wconf 84' lang='lat' dir='ltr'>HELLANICI</span> <span class='ocrx_word' id='word_1_3' title='bbox 1243 188 1571 230; x_wconf 83' lang='lat' dir='ltr'><strong>FRAGMENTA.</strong></span> 
     </span>
    </p>
   </div>
   <div class='ocr_carea' id='block_1_2' title="bbox 147 270 1188 1904">
    <p class='ocr_par' dir='ltr' id='par_1_2' title="bbox 643 270 706 306">
     <span class='ocr_line' id='line_1_2' title="bbox 643 270 706 306; baseline 0 -1"><span class='ocrx_word' id='word_1_4' title='bbox 643 270 706 306; x_wconf 82' lang='lat'>53.</span> 
     </span>
    </p>

    <p class='ocr_par' dir='ltr' id='par_1_3' title="bbox 154 326 1188 908">
     <span class='ocr_line' id='line_1_3' title="bbox 211 326 1186 377; baseline 0.006 -13"><span class='ocrx_word' id='word_1_5' title='bbox 211 326 372 377; x_wconf 83' lang='lat' dir='ltr'>Dionys.</span> <span class='ocrx_word' id='word_1_6' title='bbox 392 327 556 365; x_wconf 83' lang='lat' dir='ltr'>Halicar.</span> <span class='ocrx_word' id='word_1_7' title='bbox 572 327 760 370; x_wconf 81' lang='lat' dir='ltr'>Archaeol.</span> <span class='ocrx_word' id='word_1_8' title='bbox 781 331 819 374; x_wconf 91' lang='grc' dir='ltr'>Ι,</span> <span class='ocrx_word' id='word_1_9' title='bbox 839 341 887 366; x_wconf 77' lang='lat'>22</span> <span class='ocrx_word' id='word_1_10' title='bbox 904 345 911 366; x_wconf 89' lang='lat'><strong>:</strong></span> <span class='ocrx_word' id='word_1_11' title='bbox 931 329 985 368; x_wconf 83' lang='grc' dir='ltr'>Τὸ</span> <span class='ocrx_word' id='word_1_12' title='bbox 1005 330 1186 371; x_wconf 81' lang='grc' dir='ltr'>Σικελικὸν</span> 
     </span>
     <span class='ocr_line' id='line_1_4' title="bbox 160 383 1187 436; baseline 0.007 -14"><span class='ocrx_word' id='word_1_13' title='bbox 160 383 253 435; x_wconf 80' lang='grc' dir='ltr'>γένος</span> <span class='ocrx_word' id='word_1_14' title='bbox 269 383 422 429; x_wconf 83' lang='grc' dir='ltr'>ἐξέλιπεν</span> <span class='ocrx_word' id='word_1_15' title='bbox 444 384 606 423; x_wconf 88' lang='grc' dir='ltr'>Ἰταλίαν·</span> <span class='ocrx_word' id='word_1_16' title='bbox 623 387 669 428; x_wconf 84' lang='grc' dir='ltr'>ὡς</span> <span class='ocrx_word' id='word_1_17' title='bbox 690 385 752 436; x_wconf 84' lang='grc' dir='ltr'>μὲν</span> <span class='ocrx_word' id='word_1_18' title='bbox 773 385 981 431; x_wconf 86' lang='grc' dir='ltr'>Ἑλλάνικος</span> <span class='ocrx_word' id='word_1_19' title='bbox 998 391 1017 427; x_wconf 82' lang='grc' dir='ltr'><strong>ὃ</strong></span> <span class='ocrx_word' id='word_1_20' title='bbox 1038 388 1187 434; x_wconf 77' lang='grc' dir='ltr'>Λέσὸιός</span> 
     </span>
     <span class='ocr_line' id='line_1_5' title="bbox 159 442 1188 498; baseline 0.006 -18"><span class='ocrx_word' id='word_1_21' title='bbox 159 457 258 496; x_wconf 82' lang='grc' dir='ltr'>φησι,</span> <span class='ocrx_word' id='word_1_22' title='bbox 277 442 377 496; x_wconf 85' lang='grc' dir='ltr'>τρίτῃ</span> <span class='ocrx_word' id='word_1_23' title='bbox 398 449 499 496; x_wconf 81' lang='grc' dir='ltr'>γενεᾷ</span> <span class='ocrx_word' id='word_1_24' title='bbox 517 443 685 497; x_wconf 89' lang='grc' dir='ltr'>πρότερον</span> <span class='ocrx_word' id='word_1_25' title='bbox 705 446 774 482; x_wconf 83' lang='grc' dir='ltr'>τῶν</span> <span class='ocrx_word' id='word_1_26' title='bbox 796 446 980 498; x_wconf 81' lang='grc' dir='ltr'>Τρωῖκῶν,</span> <span class='ocrx_word' id='word_1_27' title='bbox 1002 446 1188 495; x_wconf 82' lang='grc' dir='ltr'>Ἀλκυόνης</span> 
     </span>
     <span class='ocr_line' id='line_1_6' title="bbox 157 497 1184 553; baseline 0.008 -16"><span class='ocrx_word' id='word_1_28' title='bbox 157 500 344 553; x_wconf 81' lang='grc' dir='ltr'>ἱεραμένης</span> <span class='ocrx_word' id='word_1_29' title='bbox 359 501 394 538; x_wconf 84' lang='grc' dir='ltr'>ἐν</span> <span class='ocrx_word' id='word_1_30' title='bbox 411 497 529 552; x_wconf 82' lang='grc' dir='ltr'>Ἄργει</span> <span class='ocrx_word' id='word_1_31' title='bbox 545 500 636 540; x_wconf 81' lang='grc' dir='ltr'>κατὰ</span> <span class='ocrx_word' id='word_1_32' title='bbox 660 501 701 540; x_wconf 83' lang='grc' dir='ltr'>τὸ</span> <span class='ocrx_word' id='word_1_33' title='bbox 719 500 818 541; x_wconf 80' lang='grc' dir='ltr'>ἕκτον</span> <span class='ocrx_word' id='word_1_34' title='bbox 842 503 903 542; x_wconf 82' lang='grc' dir='ltr'>καὶ</span> <span class='ocrx_word' id='word_1_35' title='bbox 926 503 1080 544; x_wconf 82' lang='grc' dir='ltr'>εἰκοστὸν</span> <span class='ocrx_word' id='word_1_36' title='bbox 1100 505 1184 550; x_wconf 86' lang='grc' dir='ltr'>ἔτος.</span> 
     </span>
     <span class='ocr_line' id='line_1_7' title="bbox 157 558 1186 612; baseline 0.005 -14"><span class='ocrx_word' id='word_1_37' title='bbox 157 558 229 598; x_wconf 83' lang='grc' dir='ltr'>Δύο</span> <span class='ocrx_word' id='word_1_38' title='bbox 248 558 315 612; x_wconf 84' lang='grc' dir='ltr'>γὰρ</span> <span class='ocrx_word' id='word_1_39' title='bbox 335 565 427 597; x_wconf 87' lang='grc' dir='ltr'>ποιεῖ</span> <span class='ocrx_word' id='word_1_40' title='bbox 452 559 595 604; x_wconf 86' lang='grc' dir='ltr'>στόλους</span> <span class='ocrx_word' id='word_1_41' title='bbox 621 559 815 606; x_wconf 78' lang='grc' dir='ltr'>Ἰταλικοὺς</span> <span class='ocrx_word' id='word_1_42' title='bbox 835 562 1026 608; x_wconf 77' lang='grc' dir='ltr'>διαὸάντας</span> <span class='ocrx_word' id='word_1_43' title='bbox 1050 565 1098 609; x_wconf 86' lang='grc' dir='ltr'>εἷς</span> <span class='ocrx_word' id='word_1_44' title='bbox 1119 566 1186 605; x_wconf 88' lang='grc' dir='ltr'>Σι-</span> 
     </span>
     <span class='ocr_line' id='line_1_8' title="bbox 157 616 1186 676; baseline 0.007 -21"><span class='ocrx_word' id='word_1_45' title='bbox 157 617 295 656; x_wconf 87' lang='grc' dir='ltr'>κελίαν·</span> <span class='ocrx_word' id='word_1_46' title='bbox 320 617 378 656; x_wconf 83' lang='grc' dir='ltr'>τὸν</span> <span class='ocrx_word' id='word_1_47' title='bbox 400 616 463 668; x_wconf 84' lang='grc' dir='ltr'>μὲν</span> <span class='ocrx_word' id='word_1_48' title='bbox 485 618 668 672; x_wconf 88' lang='grc' dir='ltr'>πρότερον,</span> <span class='ocrx_word' id='word_1_49' title='bbox 689 620 872 672; x_wconf 86' lang='grc' dir='ltr'>Ἐλύμων,</span> <span class='ocrx_word' id='word_1_50' title='bbox 898 621 957 666; x_wconf 76' lang='grc' dir='ltr'>οὕς</span> <span class='ocrx_word' id='word_1_51' title='bbox 983 637 1088 676; x_wconf 86' lang='grc' dir='ltr'>φησιν</span> <span class='ocrx_word' id='word_1_52' title='bbox 1118 623 1186 662; x_wconf 76' lang='grc' dir='ltr'>ὑπὸ</span> 
     </span>
     <span class='ocr_line' id='line_1_9' title="bbox 158 675 1181 734; baseline 0.008 -21"><span class='ocrx_word' id='word_1_53' title='bbox 158 675 346 730; x_wconf 82' lang='grc' dir='ltr'>Οἰνώτρων</span> <span class='ocrx_word' id='word_1_54' title='bbox 368 675 610 725; x_wconf 80' lang='grc' dir='ltr'>ἐξαναστῆναι·</span> <span class='ocrx_word' id='word_1_55' title='bbox 624 678 683 718; x_wconf 84' lang='grc' dir='ltr'>τὸν</span> <span class='ocrx_word' id='word_1_56' title='bbox 695 678 731 718; x_wconf 82' lang='grc' dir='ltr'>δὲ</span> <span class='ocrx_word' id='word_1_57' title='bbox 749 679 840 731; x_wconf 89' lang='grc' dir='ltr'>μετὰ</span> <span class='ocrx_word' id='word_1_58' title='bbox 859 684 978 720; x_wconf 84' lang='grc' dir='ltr'>τοῦτον</span> <span class='ocrx_word' id='word_1_59' title='bbox 999 681 1068 721; x_wconf 84' lang='grc' dir='ltr'>ἔτει</span> <span class='ocrx_word' id='word_1_60' title='bbox 1085 682 1181 734; x_wconf 89' lang='grc' dir='ltr'>πέμ-</span> 
     </span>
     <span class='ocr_line' id='line_1_10' title="bbox 156 734 1186 794; baseline 0.008 -22"><span class='ocrx_word' id='word_1_61' title='bbox 156 750 234 788; x_wconf 88' lang='grc' dir='ltr'>πτῳ</span> <span class='ocrx_word' id='word_1_62' title='bbox 263 734 461 786; x_wconf 84' lang='grc' dir='ltr'>γενόμενον,</span> <span class='ocrx_word' id='word_1_63' title='bbox 494 737 676 776; x_wconf 83' lang='grc' dir='ltr'>Αὖσονίων</span> <span class='ocrx_word' id='word_1_64' title='bbox 696 737 864 791; x_wconf 82' lang='grc' dir='ltr'>Ἰάπυγας</span> <span class='ocrx_word' id='word_1_65' title='bbox 899 739 1099 794; x_wconf 83' lang='grc' dir='ltr'>φυγόντων·</span> <span class='ocrx_word' id='word_1_66' title='bbox 1122 744 1186 794; x_wconf 88' lang='grc' dir='ltr'>βα-</span> 
     </span>
     <span class='ocr_line' id='line_1_11' title="bbox 156 792 1184 851; baseline 0.008 -21"><span class='ocrx_word' id='word_1_67' title='bbox 156 792 255 831; x_wconf 83' lang='grc' dir='ltr'>σιλέα</span> <span class='ocrx_word' id='word_1_68' title='bbox 273 792 309 831; x_wconf 82' lang='grc' dir='ltr'>δὲ</span> <span class='ocrx_word' id='word_1_69' title='bbox 328 793 460 832; x_wconf 85' lang='grc' dir='ltr'>τούτων</span> <span class='ocrx_word' id='word_1_70' title='bbox 487 795 677 849; x_wconf 81' lang='grc' dir='ltr'>ἀπαφαίνει</span> <span class='ocrx_word' id='word_1_71' title='bbox 699 797 860 844; x_wconf 85' lang='grc' dir='ltr'>Σικελὸν,</span> <span class='ocrx_word' id='word_1_72' title='bbox 886 798 945 850; x_wconf 81' lang='grc' dir='ltr'>ἀφ’</span> <span class='ocrx_word' id='word_1_73' title='bbox 964 793 1005 837; x_wconf 64' lang='grc' dir='ltr'>οὗ</span> <span class='ocrx_word' id='word_1_74' title='bbox 1031 799 1184 851; x_wconf 82' lang='grc' dir='ltr'>τοῦνομα</span> 
     </span>
     <span class='ocr_line' id='line_1_12' title="bbox 154 851 930 908; baseline 0.01 -20"><span class='ocrx_word' id='word_1_75' title='bbox 154 857 224 895; x_wconf 86' lang='grc' dir='ltr'>τοῖς</span> <span class='ocrx_word' id='word_1_76' title='bbox 243 867 279 889; x_wconf 88' lang='grc' dir='ltr'>τε</span> <span class='ocrx_word' id='word_1_77' title='bbox 298 851 492 905; x_wconf 80' lang='grc' dir='ltr'>ἀνθρώποις</span> <span class='ocrx_word' id='word_1_78' title='bbox 509 854 570 892; x_wconf 87' lang='grc' dir='ltr'>καὶ</span> <span class='ocrx_word' id='word_1_79' title='bbox 589 857 634 908; x_wconf 83' lang='grc' dir='ltr'>τῇ</span> <span class='ocrx_word' id='word_1_80' title='bbox 653 855 752 908; x_wconf 83' lang='grc' dir='ltr'>νήσῳ</span> <span class='ocrx_word' id='word_1_81' title='bbox 774 859 930 904; x_wconf 80' lang='grc' dir='ltr'>τεθῆναι.</span> 
     </span>
    </p>

    <p class='ocr_par' dir='ltr' id='par_1_4' title="bbox 150 912 1184 1320">
     <span class='ocr_line' id='line_1_13' title="bbox 206 912 1184 969; baseline 0.008 -22"><span class='ocrx_word' id='word_1_82' title='bbox 206 913 329 949; x_wconf 89' lang='lat' dir='ltr'>Sturz.</span> <span class='ocrx_word' id='word_1_83' title='bbox 343 926 351 948; x_wconf 73' lang='grc' dir='ltr'><strong>ε</strong></span> <span class='ocrx_word' id='word_1_84' title='bbox 364 929 379 945; x_wconf 68' lang='grc' dir='ltr'>ι(</span> <span class='ocrx_word' id='word_1_85' title='bbox 388 915 463 950; x_wconf 90' lang='lat' dir='ltr'>Pro</span> <span class='ocrx_word' id='word_1_86' title='bbox 476 912 663 966; x_wconf 81' lang='grc' dir='ltr'>ἱεραμένης</span> <span class='ocrx_word' id='word_1_87' title='bbox 673 915 754 953; x_wconf 87' lang='lat' dir='ltr'>sine</span> <span class='ocrx_word' id='word_1_88' title='bbox 769 916 846 954; x_wconf 89' lang='lat' dir='ltr'>ulla</span> <span class='ocrx_word' id='word_1_89' title='bbox 856 915 1099 954; x_wconf 83' lang='lat' dir='ltr'>dubitatione</span> <span class='ocrx_word' id='word_1_90' title='bbox 1109 918 1184 969; x_wconf 79' lang='lat' dir='ltr'>legi</span> 
     </span>
     <span class='ocr_line' id='line_1_14' title="bbox 153 968 1182 1026; baseline 0.008 -21"><span class='ocrx_word' id='word_1_91' title='bbox 153 968 268 1006; x_wconf 89' lang='lat' dir='ltr'>debet</span> <span class='ocrx_word' id='word_1_92' title='bbox 279 968 482 1022; x_wconf 77' lang='grc' dir='ltr'>ἱερωμένης.</span> <span class='ocrx_word' id='word_1_93' title='bbox 520 975 621 1010; x_wconf 90' lang='lat' dir='ltr'>Nam</span> <span class='ocrx_word' id='word_1_94' title='bbox 651 973 706 1011; x_wconf 88' lang='lat' dir='ltr'>sic</span> <span class='ocrx_word' id='word_1_95' title='bbox 726 981 784 1011; x_wconf 90' lang='lat' dir='ltr'>est</span> <span class='ocrx_word' id='word_1_96' title='bbox 803 974 907 1026; x_wconf 81' lang='lat' dir='ltr'>apud</span> <span class='ocrx_word' id='word_1_97' title='bbox 927 975 1101 1025; x_wconf 89' lang='lat' dir='ltr'>Thucyd.</span> <span class='ocrx_word' id='word_1_98' title='bbox 1131 978 1182 1020; x_wconf 95' lang='lat' dir='ltr'>II,</span> 
     </span>
     <span class='ocr_line' id='line_1_15' title="bbox 153 1027 1182 1086; baseline 0.007 -21"><span class='ocrx_word' id='word_1_99' title='bbox 153 1041 188 1066; x_wconf 66' lang='grc' dir='ltr'>α.</span> <span class='ocrx_word' id='word_1_100' title='bbox 206 1027 279 1066; x_wconf 86' lang='lat' dir='ltr'>Sed</span> <span class='ocrx_word' id='word_1_101' title='bbox 292 1041 365 1079; x_wconf 86' lang='lat' dir='ltr'>pro</span> <span class='ocrx_word' id='word_1_102' title='bbox 377 1028 573 1078; x_wconf 83' lang='grc' dir='ltr'>Ἀλκυόνης,</span> <span class='ocrx_word' id='word_1_103' title='bbox 586 1045 672 1082; x_wconf 86' lang='lat' dir='ltr'>quae</span> <span class='ocrx_word' id='word_1_104' title='bbox 685 1032 841 1070; x_wconf 80' lang='lat' dir='ltr'>fuituna</span> <span class='ocrx_word' id='word_1_105' title='bbox 854 1046 904 1070; x_wconf 80' lang='lat' dir='ltr'>ex</span> <span class='ocrx_word' id='word_1_106' title='bbox 917 1033 1119 1084; x_wconf 87' lang='lat' dir='ltr'>Hyadibus</span> <span class='ocrx_word' id='word_1_107' title='bbox 1133 1033 1182 1086; x_wconf 89' lang='lat' dir='ltr'>(v.</span> 
     </span>
     <span class='ocr_line' id='line_1_16' title="bbox 153 1088 1180 1144; baseline 0.008 -20"><span class='ocrx_word' id='word_1_108' title='bbox 153 1088 284 1139; x_wconf 76' lang='lat' dir='ltr'>fragm.</span> <span class='ocrx_word' id='word_1_109' title='bbox 307 1090 466 1140; x_wconf 83' lang='lat' dir='ltr'>XXIV),</span> <span class='ocrx_word' id='word_1_110' title='bbox 483 1092 656 1142; x_wconf 86' lang='lat' dir='ltr'>Heynius</span> <span class='ocrx_word' id='word_1_111' title='bbox 670 1091 718 1130; x_wconf 88' lang='lat' dir='ltr'>ad</span> <span class='ocrx_word' id='word_1_112' title='bbox 738 1093 919 1143; x_wconf 87' lang='lat' dir='ltr'>Apollod.</span> <span class='ocrx_word' id='word_1_113' title='bbox 937 1107 974 1144; x_wconf 85' lang='lat' dir='ltr'>p.</span> <span class='ocrx_word' id='word_1_114' title='bbox 996 1095 1089 1139; x_wconf 85' lang='lat'>685,</span> <span class='ocrx_word' id='word_1_115' title='bbox 1104 1107 1180 1132; x_wconf 90' lang='lat' dir='ltr'>non</span> 
     </span>
     <span class='ocr_line' id='line_1_17' title="bbox 152 1147 1182 1200; baseline 0.008 -17"><span class='ocrx_word' id='word_1_116' title='bbox 152 1147 251 1185; x_wconf 89' lang='lat' dir='ltr'>male</span> <span class='ocrx_word' id='word_1_117' title='bbox 269 1148 429 1199; x_wconf 85' lang='lat' dir='ltr'>conjicit</span> <span class='ocrx_word' id='word_1_118' title='bbox 448 1148 645 1197; x_wconf 87' lang='grc' dir='ltr'>Ἀλκινόης,</span> <span class='ocrx_word' id='word_1_119' title='bbox 662 1163 747 1200; x_wconf 83' lang='lat' dir='ltr'>quae</span> <span class='ocrx_word' id='word_1_120' title='bbox 760 1151 837 1189; x_wconf 83' lang='lat' dir='ltr'>filia</span> <span class='ocrx_word' id='word_1_121' title='bbox 859 1152 933 1190; x_wconf 81' lang='lat' dir='ltr'>fuit</span> <span class='ocrx_word' id='word_1_122' title='bbox 951 1153 1125 1191; x_wconf 81' lang='lat' dir='ltr'><strong>Stheneli</strong></span> <span class='ocrx_word' id='word_1_123' title='bbox 1144 1162 1182 1191; x_wconf 90' lang='lat' dir='ltr'>et</span> 
     </span>
     <span class='ocr_line' id='line_1_18' title="bbox 150 1207 1182 1262; baseline 0.006 -18"><span class='ocrx_word' id='word_1_124' title='bbox 150 1207 351 1258; x_wconf 76' lang='lat' dir='ltr'>NicippeS‚</span> <span class='ocrx_word' id='word_1_125' title='bbox 386 1216 502 1259; x_wconf 86' lang='lat' dir='ltr'>atque</span> <span class='ocrx_word' id='word_1_126' title='bbox 522 1209 620 1247; x_wconf 87' lang='lat' dir='ltr'>adeo</span> <span class='ocrx_word' id='word_1_127' title='bbox 647 1210 801 1261; x_wconf 89' lang='lat' dir='ltr'>Pelopis</span> <span class='ocrx_word' id='word_1_128' title='bbox 839 1212 967 1262; x_wconf 85' lang='lat' dir='ltr'>neptis</span> <span class='ocrx_word' id='word_1_129' title='bbox 1002 1220 1039 1250; x_wconf 92' lang='lat' dir='ltr'>et</span> <span class='ocrx_word' id='word_1_130' title='bbox 1070 1225 1182 1250; x_wconf 88' lang='lat' dir='ltr'>soror</span> 
     </span>
     <span class='ocr_line' id='line_1_19' title="bbox 151 1266 835 1320; baseline 0.007 -18"><span class='ocrx_word' id='word_1_131' title='bbox 151 1266 357 1315; x_wconf 81' lang='lat' dir='ltr'><strong>Eurysthei</strong></span> <span class='ocrx_word' id='word_1_132' title='bbox 379 1267 430 1317; x_wconf 88' lang='lat' dir='ltr'>(v.</span> <span class='ocrx_word' id='word_1_133' title='bbox 452 1268 632 1318; x_wconf 87' lang='lat' dir='ltr'>Apollod.</span> <span class='ocrx_word' id='word_1_134' title='bbox 650 1271 686 1306; x_wconf 96' lang='lat' dir='ltr'>II</span> <span class='ocrx_word' id='word_1_135' title='bbox 699 1297 709 1314; x_wconf 88' lang='lat'>‚</span> <span class='ocrx_word' id='word_1_136' title='bbox 732 1274 768 1317; x_wconf 79' lang='lat' dir='ltr'>l„</span> <span class='ocrx_word' id='word_1_137' title='bbox 786 1268 835 1320; x_wconf 87' lang='lat'>5).</span> 
     </span>
    </p>

    <p class='ocr_par' dir='ltr' id='par_1_5' title="bbox 147 1326 1186 1904">
     <span class='ocr_line' id='line_1_20' title="bbox 203 1326 1186 1380; baseline 0.005 -18"><span class='ocrx_word' id='word_1_138' title='bbox 203 1329 289 1362; x_wconf 88' lang='lat' dir='ltr'>Non</span> <span class='ocrx_word' id='word_1_139' title='bbox 322 1326 473 1372; x_wconf 87' lang='lat' dir='ltr'>dubito,</span> <span class='ocrx_word' id='word_1_140' title='bbox 511 1328 606 1378; x_wconf 84' lang='lat' dir='ltr'>quin</span> <span class='ocrx_word' id='word_1_141' title='bbox 644 1328 867 1366; x_wconf 81' lang='lat' dir='ltr'>Hellanicus</span> <span class='ocrx_word' id='word_1_142' title='bbox 907 1327 1186 1380; x_wconf 66' lang='lat' dir='ltr'>intelligendus⁴</span> 
     </span>
     <span class='ocr_line' id='line_1_21' title="bbox 151 1384 1181 1436; baseline 0.006 -16"><span class='ocrx_word' id='word_1_143' title='bbox 151 1384 198 1420; x_wconf 82' lang='lat' dir='ltr'>sit</span> <span class='ocrx_word' id='word_1_144' title='bbox 213 1385 314 1434; x_wconf 80' lang='lat' dir='ltr'>apud</span> <span class='ocrx_word' id='word_1_145' title='bbox 334 1386 498 1423; x_wconf 89' lang='lat' dir='ltr'>eundem</span> <span class='ocrx_word' id='word_1_146' title='bbox 519 1386 749 1436; x_wconf 85' lang='lat' dir='ltr'>Dionysium</span> <span class='ocrx_word' id='word_1_147' title='bbox 771 1389 801 1431; x_wconf 90' lang='grc' dir='ltr'>Ι,</span> <span class='ocrx_word' id='word_1_148' title='bbox 821 1401 853 1425; x_wconf 88' lang='lat' dir='ltr'>c.</span> <span class='ocrx_word' id='word_1_149' title='bbox 875 1401 937 1434; x_wconf 80' lang='lat'>72,</span> <span class='ocrx_word' id='word_1_150' title='bbox 956 1387 1042 1434; x_wconf 86' lang='lat' dir='ltr'>uhi,</span> <span class='ocrx_word' id='word_1_151' title='bbox 1062 1387 1106 1426; x_wconf 85' lang='lat'>‘0</span> <span class='ocrx_word' id='word_1_152' title='bbox 1120 1387 1181 1432; x_wconf 83' lang='grc' dir='ltr'>τὰς</span> 
     </span>
     <span class='ocr_line' id='line_1_22' title="bbox 150 1441 1180 1496; baseline 0.006 -18"><span class='ocrx_word' id='word_1_153' title='bbox 150 1441 275 1495; x_wconf 81' lang='grc' dir='ltr'>ἱερείας</span> <span class='ocrx_word' id='word_1_154' title='bbox 298 1442 361 1487; x_wconf 85' lang='grc' dir='ltr'>τὰς</span> <span class='ocrx_word' id='word_1_155' title='bbox 385 1444 420 1481; x_wconf 79' lang='grc' dir='ltr'>ἓν</span> <span class='ocrx_word' id='word_1_156' title='bbox 441 1441 580 1496; x_wconf 82' lang='grc' dir='ltr'>Ἄργει,</span> <span class='ocrx_word' id='word_1_157' title='bbox 603 1445 746 1495; x_wconf 86' lang='lat' dir='ltr'>inquit,</span> <span class='ocrx_word' id='word_1_158' title='bbox 771 1445 832 1483; x_wconf 78' lang='grc' dir='ltr'>καὶ</span> <span class='ocrx_word' id='word_1_159' title='bbox 857 1445 902 1483; x_wconf 84' lang='grc' dir='ltr'>τὰ</span> <span class='ocrx_word' id='word_1_160' title='bbox 929 1447 1007 1484; x_wconf 84' lang='grc' dir='ltr'>καθ’</span> <span class='ocrx_word' id='word_1_161' title='bbox 1027 1445 1180 1492; x_wconf 79' lang='grc' dir='ltr'>ἑκάστην</span> 
     </span>
     <span class='ocr_line' id='line_1_23' title="bbox 149 1501 1180 1557; baseline 0.006 -19"><span class='ocrx_word' id='word_1_162' title='bbox 149 1501 354 1554; x_wconf 79' lang='grc' dir='ltr'>πραχθέντα</span> <span class='ocrx_word' id='word_1_163' title='bbox 382 1501 600 1554; x_wconf 87' lang='grc' dir='ltr'>συναγαγὼν,</span> <span class='ocrx_word' id='word_1_164' title='bbox 628 1501 770 1541; x_wconf 84' lang='grc' dir='ltr'>Αἰνείαν</span> <span class='ocrx_word' id='word_1_165' title='bbox 791 1504 896 1557; x_wconf 77' lang='grc' dir='ltr'>φησὶν</span> <span class='ocrx_word' id='word_1_166' title='bbox 924 1505 964 1543; x_wconf 85' lang='grc' dir='ltr'>ἐκ</span> <span class='ocrx_word' id='word_1_167' title='bbox 988 1506 1180 1544; x_wconf 80' lang='grc' dir='ltr'>Μολοττῶν</span> 
     </span>
     <span class='ocr_line' id='line_1_24' title="bbox 150 1555 1181 1616; baseline 0.007 -19"><span class='ocrx_word' id='word_1_168' title='bbox 150 1561 196 1602; x_wconf 82' lang='grc' dir='ltr'>εἷς</span> <span class='ocrx_word' id='word_1_169' title='bbox 222 1555 373 1599; x_wconf 82' lang='grc' dir='ltr'>Ἰταλίαν</span> <span class='ocrx_word' id='word_1_170' title='bbox 394 1560 538 1599; x_wconf 77' lang='grc' dir='ltr'>ἐλθόντα</span> <span class='ocrx_word' id='word_1_171' title='bbox 567 1561 644 1612; x_wconf 84' lang='grc' dir='ltr'>μετ’</span> <span class='ocrx_word' id='word_1_172' title='bbox 666 1560 884 1611; x_wconf 81' lang='grc' dir='ltr'>Ὀδυσσέως,</span> <span class='ocrx_word' id='word_1_173' title='bbox 908 1564 1066 1610; x_wconf 75' lang='grc' dir='ltr'>οἰκιστὴν</span> <span class='ocrx_word' id='word_1_174' title='bbox 1086 1565 1181 1616; x_wconf 84' lang='grc' dir='ltr'>γενέ-</span> 
     </span>
     <span class='ocr_line' id='line_1_25' title="bbox 150 1618 1178 1674; baseline 0.008 -19"><span class='ocrx_word' id='word_1_175' title='bbox 150 1621 230 1655; x_wconf 84' lang='grc' dir='ltr'>σθαι</span> <span class='ocrx_word' id='word_1_176' title='bbox 260 1621 322 1665; x_wconf 72' lang='grc' dir='ltr'>τῆς</span> <span class='ocrx_word' id='word_1_177' title='bbox 342 1619 488 1662; x_wconf 86' lang='grc' dir='ltr'>πόλεως.</span> <span class='ocrx_word' id='word_1_178' title='bbox 513 1618 713 1671; x_wconf 88' lang='grc' dir='ltr'>Ὀνομάσαι</span> <span class='ocrx_word' id='word_1_179' title='bbox 734 1621 764 1658; x_wconf 90' lang='grc' dir='ltr'>δ’</span> <span class='ocrx_word' id='word_1_180' title='bbox 785 1620 893 1669; x_wconf 77' lang='grc' dir='ltr'>αὐτὴν</span> <span class='ocrx_word' id='word_1_181' title='bbox 918 1621 988 1661; x_wconf 81' lang='grc' dir='ltr'>ἀπὸ</span> <span class='ocrx_word' id='word_1_182' title='bbox 1008 1629 1089 1674; x_wconf 81' lang='grc' dir='ltr'>μιᾶς</span> <span class='ocrx_word' id='word_1_183' title='bbox 1109 1626 1178 1663; x_wconf 82' lang='grc' dir='ltr'>τῶν</span> 
     </span>
     <span class='ocr_line' id='line_1_26' title="bbox 149 1677 1180 1735; baseline 0.007 -21"><span class='ocrx_word' id='word_1_184' title='bbox 149 1677 307 1715; x_wconf 83' lang='grc' dir='ltr'>Ἰλιάδων</span> <span class='ocrx_word' id='word_1_185' title='bbox 324 1677 479 1729; x_wconf 80' lang='grc' dir='ltr'>Ῥώμης.</span> <span class='ocrx_word' id='word_1_186' title='bbox 497 1678 641 1726; x_wconf 83' lang='grc' dir='ltr'>Ταύτην</span> <span class='ocrx_word' id='word_1_187' title='bbox 658 1679 693 1717; x_wconf 83' lang='grc' dir='ltr'>δὲ</span> <span class='ocrx_word' id='word_1_188' title='bbox 707 1679 800 1731; x_wconf 85' lang='grc' dir='ltr'>λέγει</span> <span class='ocrx_word' id='word_1_189' title='bbox 819 1686 894 1724; x_wconf 86' lang='grc' dir='ltr'>ταῖς</span> <span class='ocrx_word' id='word_1_190' title='bbox 911 1680 1033 1726; x_wconf 85' lang='grc' dir='ltr'>ἄλλαις</span> <span class='ocrx_word' id='word_1_191' title='bbox 1046 1681 1180 1735; x_wconf 86' lang='grc' dir='ltr'>Τρωά-</span> 
     </span>
     <span class='ocr_line' id='line_1_27' title="bbox 148 1736 1179 1793; baseline 0.006 -19"><span class='ocrx_word' id='word_1_192' title='bbox 148 1752 182 1774; x_wconf 93' lang='grc' dir='ltr'>σι</span> <span class='ocrx_word' id='word_1_193' title='bbox 216 1736 592 1789; x_wconf 78' lang='grc' dir='ltr'>παρακελευσαμένην,</span> <span class='ocrx_word' id='word_1_194' title='bbox 623 1741 721 1790; x_wconf 78' lang='grc' dir='ltr'>κοινῇ</span> <span class='ocrx_word' id='word_1_195' title='bbox 754 1739 830 1790; x_wconf 90' lang='grc' dir='ltr'>μετ’</span> <span class='ocrx_word' id='word_1_196' title='bbox 860 1741 974 1778; x_wconf 72' lang='grc' dir='ltr'>αὐτῶν</span> <span class='ocrx_word' id='word_1_197' title='bbox 1000 1742 1179 1793; x_wconf 73' lang='grc' dir='ltr'>ἐμπρῆσαι</span> 
     </span>
     <span class='ocr_line' id='line_1_28' title="bbox 147 1793 1179 1852; baseline 0.006 -21"><span class='ocrx_word' id='word_1_198' title='bbox 147 1793 190 1831; x_wconf 84' lang='grc' dir='ltr'>τὰ</span> <span class='ocrx_word' id='word_1_199' title='bbox 212 1794 349 1849; x_wconf 71' lang='grc' dir='ltr'>σκάφη,</span> <span class='ocrx_word' id='word_1_200' title='bbox 363 1794 600 1848; x_wconf 80' lang='grc' dir='ltr'>βαρυνομένην</span> <span class='ocrx_word' id='word_1_201' title='bbox 619 1798 662 1848; x_wconf 79' lang='grc' dir='ltr'>τῇ</span> <span class='ocrx_word' id='word_1_202' title='bbox 680 1796 810 1848; x_wconf 87' lang='grc' dir='ltr'>πλάνῃ.</span> <span class='ocrx_word' id='word_1_203' title='bbox 829 1797 1019 1848; x_wconf 63' lang='grc' dir='ltr'>εΟμολογεῑ</span> <span class='ocrx_word' id='word_1_204' title='bbox 1033 1799 1063 1836; x_wconf 89' lang='grc' dir='ltr'>δ’</span> <span class='ocrx_word' id='word_1_205' title='bbox 1085 1801 1179 1852; x_wconf 76' lang='grc' dir='ltr'>αὐτῷ</span> 
     </span>
     <span class='ocr_line' id='line_1_29' title="bbox 148 1852 939 1904; baseline 0.005 -15"><span class='ocrx_word' id='word_1_206' title='bbox 148 1852 206 1890; x_wconf 79' lang='grc' dir='ltr'>καὶ</span> <span class='ocrx_word' id='word_1_207' title='bbox 224 1853 417 1904; x_wconf 78' lang='grc' dir='ltr'>Δαμάστης</span> <span class='ocrx_word' id='word_1_208' title='bbox 437 1856 454 1892; x_wconf 84' lang='grc' dir='ltr'>ὁ</span> <span class='ocrx_word' id='word_1_209' title='bbox 474 1853 615 1904; x_wconf 77' lang='grc' dir='ltr'>Σιγεὺς,</span> <span class='ocrx_word' id='word_1_210' title='bbox 639 1852 698 1892; x_wconf 67' lang='grc' dir='ltr'>καῖΙ</span> <span class='ocrx_word' id='word_1_211' title='bbox 721 1855 821 1893; x_wconf 83' lang='grc' dir='ltr'>ἄλλοι</span> <span class='ocrx_word' id='word_1_212' title='bbox 840 1854 939 1900; x_wconf 75' lang='grc' dir='ltr'>τινές.</span> 
     </span>
    </p>
   </div>
   <div class='ocr_carea' id='block_1_3' title="bbox 599 1965 733 1976">
    <p class='ocr_par' dir='ltr' id='par_1_6' title="bbox 599 1965 733 1976">
     <span class='ocr_line' id='line_1_30' title="bbox 599 1965 733 1976; baseline 0.007 -1"><span class='ocrx_word' id='word_1_213' title='bbox 599 1965 733 1976; x_wconf 44' lang='grc' dir='ltr'>-οονκ</span> 
     </span>
    </p>
   </div>
   <div class='ocr_carea' id='block_1_4' title="bbox 528 2025 797 2063">
    <p class='ocr_par' dir='ltr' id='par_1_7' title="bbox 528 2025 797 2063">
     <span class='ocr_line' id='line_1_31' title="bbox 528 2025 797 2063; baseline 0 -1"><span class='ocrx_word' id='word_1_214' title='bbox 528 2025 797 2063; x_wconf 84' lang='grc' dir='ltr'><strong>ΑΤΛΑΝΤΙΣ.</strong></span> 
     </span>
    </p>
   </div>
   <div class='ocr_carea' id='block_1_5' title="bbox 578 2105 689 2142">
    <p class='ocr_par' dir='ltr' id='par_1_8' title="bbox 578 2105 689 2142">
     <span class='ocr_line' id='line_1_32' title="bbox 578 2105 689 2142; baseline 0.018 -2"><span class='ocrx_word' id='word_1_215' title='bbox 578 2129 588 2140; x_wconf 81' lang='grc'><strong>.</strong></span> <span class='ocrx_word' id='word_1_216' title='bbox 627 2105 689 2142; x_wconf 77' lang='grc'>54.</span> 
     </span>
    </p>
   </div>
   <div class='ocr_carea' id='block_1_6' title="bbox 146 2170 1178 2343">
    <p class='ocr_par' dir='ltr' id='par_1_9' title="bbox 146 2170 1178 2343">
     <span class='ocr_line' id='line_1_33' title="bbox 199 2170 1177 2226; baseline 0.004 -18"><span class='ocrx_word' id='word_1_217' title='bbox 199 2171 325 2208; x_wconf 87' lang='lat' dir='ltr'>Schol.</span> <span class='ocrx_word' id='word_1_218' title='bbox 366 2171 496 2222; x_wconf 84' lang='lat' dir='ltr'>Eurip.</span> <span class='ocrx_word' id='word_1_219' title='bbox 519 2171 567 2208; x_wconf 90' lang='lat' dir='ltr'>ad</span> <span class='ocrx_word' id='word_1_220' title='bbox 591 2171 722 2209; x_wconf 88' lang='lat' dir='ltr'>Phoen.</span> <span class='ocrx_word' id='word_1_221' title='bbox 747 2172 816 2209; x_wconf 81' lang='lat'>162</span> <span class='ocrx_word' id='word_1_222' title='bbox 831 2185 839 2208; x_wconf 72' lang='grc' dir='ltr'><strong>ε</strong></span> <span class='ocrx_word' id='word_1_223' title='bbox 857 2170 1065 2216; x_wconf 84' lang='grc' dir='ltr'>Ἑλλάνικος</span> <span class='ocrx_word' id='word_1_224' title='bbox 1084 2174 1119 2211; x_wconf 83' lang='grc' dir='ltr'>ἐν</span> <span class='ocrx_word' id='word_1_225' title='bbox 1133 2176 1177 2226; x_wconf 79' lang='grc' dir='ltr'>τῇ</span> 
     </span>
     <span class='ocr_line' id='line_1_34' title="bbox 146 2229 1176 2286; baseline 0.005 -20"><span class='ocrx_word' id='word_1_226' title='bbox 146 2229 322 2282; x_wconf 76' lang='grc' dir='ltr'>ἐπιγραφῇ</span> <span class='ocrx_word' id='word_1_227' title='bbox 338 2229 555 2274; x_wconf 80' lang='grc' dir='ltr'>Ἀτλαντίδος</span> <span class='ocrx_word' id='word_1_228' title='bbox 571 2231 655 2283; x_wconf 82' lang='lat' dir='ltr'>(leg.</span> <span class='ocrx_word' id='word_1_229' title='bbox 675 2230 936 2284; x_wconf 83' lang='grc' dir='ltr'>ἐπιγραφομένῃ</span> <span class='ocrx_word' id='word_1_230' title='bbox 952 2231 1176 2286; x_wconf 81' lang='grc' dir='ltr'>Ἇτλαντίδι),</span> 
     </span>
     <span class='ocr_line' id='line_1_35' title="bbox 147 2284 1178 2343; baseline 0.006 -20"><span class='ocrx_word' id='word_1_231' title='bbox 147 2284 293 2340; x_wconf 81' lang='grc' dir='ltr'>ἄρσενας</span> <span class='ocrx_word' id='word_1_232' title='bbox 313 2287 343 2324; x_wconf 84' lang='grc' dir='ltr'>δ’</span> <span class='ocrx_word' id='word_1_233' title='bbox 363 2288 447 2341; x_wconf 72' lang='grc' dir='ltr'>φησὶ</span> <span class='ocrx_word' id='word_1_234' title='bbox 471 2289 626 2339; x_wconf 83' lang='lat' dir='ltr'>(nempe</span> <span class='ocrx_word' id='word_1_235' title='bbox 646 2288 818 2339; x_wconf 85' lang='lat' dir='ltr'>Niobes),</span> <span class='ocrx_word' id='word_1_236' title='bbox 836 2289 1040 2343; x_wconf 80' lang='grc' dir='ltr'>Ἀρχήνορα,</span> <span class='ocrx_word' id='word_1_237' title='bbox 1063 2291 1178 2330; x_wconf 86' lang='grc' dir='ltr'>Μενέ-</span> 
     </span>
    </p>
   </div>
   <div class='ocr_carea' id='block_1_7' title="bbox 626 2407 689 2439">
    <p class='ocr_par' dir='ltr' id='par_1_10' title="bbox 626 2407 689 2439">
     <span class='ocr_line' id='line_1_36' title="bbox 626 2407 689 2439; baseline 0 0"><span class='ocrx_word' id='word_1_238' title='bbox 626 2407 689 2439; x_wconf 88' lang='grc'>53.</span> 
     </span>
    </p>
   </div>
   <div class='ocr_carea' id='block_1_8' title="bbox 143 2468 1174 3168">
    <p class='ocr_par' dir='ltr' id='par_1_11' title="bbox 143 2468 1174 2840">
     <span class='ocr_line' id='line_1_37' title="bbox 187 2468 1173 2510; baseline 0.005 -10"><span class='ocrx_word' id='word_1_239' title='bbox 187 2470 300 2501; x_wconf 88' lang='lat' dir='ltr'>Genus</span> <span class='ocrx_word' id='word_1_240' title='bbox 317 2469 462 2500; x_wconf 87' lang='lat' dir='ltr'>Siculum</span> <span class='ocrx_word' id='word_1_241' title='bbox 489 2469 613 2501; x_wconf 86' lang='lat' dir='ltr'>Italiam</span> <span class='ocrx_word' id='word_1_242' title='bbox 635 2468 787 2510; x_wconf 89' lang='lat' dir='ltr'>reliquit,</span> <span class='ocrx_word' id='word_1_243' title='bbox 819 2471 856 2502; x_wconf 91' lang='lat' dir='ltr'>ut</span> <span class='ocrx_word' id='word_1_244' title='bbox 873 2470 971 2503; x_wconf 81' lang='lat' dir='ltr'><strong>refert</strong></span> <span class='ocrx_word' id='word_1_245' title='bbox 986 2472 1173 2505; x_wconf 81' lang='lat' dir='ltr'>Hellanicus</span> 
     </span>
     <span class='ocr_line' id='line_1_38' title="bbox 144 2516 1174 2559; baseline 0.004 -12"><span class='ocrx_word' id='word_1_246' title='bbox 144 2516 294 2558; x_wconf 84' lang='lat' dir='ltr'>Lesbius,</span> <span class='ocrx_word' id='word_1_247' title='bbox 308 2516 413 2548; x_wconf 88' lang='lat' dir='ltr'>tribus</span> <span class='ocrx_word' id='word_1_248' title='bbox 432 2516 584 2548; x_wconf 84' lang='lat' dir='ltr'>aetatibus</span> <span class='ocrx_word' id='word_1_249' title='bbox 599 2519 672 2548; x_wconf 88' lang='lat' dir='ltr'>ante</span> <span class='ocrx_word' id='word_1_250' title='bbox 686 2516 807 2549; x_wconf 85' lang='lat' dir='ltr'>bellum</span> <span class='ocrx_word' id='word_1_251' title='bbox 824 2518 1011 2559; x_wconf 89' lang='lat' dir='ltr'>Trojanum,</span> <span class='ocrx_word' id='word_1_252' title='bbox 1029 2528 1114 2551; x_wconf 88' lang='lat' dir='ltr'>anno</span> <span class='ocrx_word' id='word_1_253' title='bbox 1129 2520 1174 2551; x_wconf 92' lang='lat' dir='ltr'>vi-</span> 
     </span>
     <span class='ocr_line' id='line_1_39' title="bbox 144 2563 1170 2605; baseline 0.005 -11"><span class='ocrx_word' id='word_1_254' title='bbox 144 2563 266 2603; x_wconf 83' lang='lat' dir='ltr'>gesimo</span> <span class='ocrx_word' id='word_1_255' title='bbox 288 2565 380 2595; x_wconf 81' lang='lat' dir='ltr'>sexto</span> <span class='ocrx_word' id='word_1_256' title='bbox 410 2563 581 2596; x_wconf 86' lang='lat' dir='ltr'>sacerdotii</span> <span class='ocrx_word' id='word_1_257' title='bbox 617 2563 705 2604; x_wconf 89' lang='lat' dir='ltr'>quod</span> <span class='ocrx_word' id='word_1_258' title='bbox 724 2563 866 2604; x_wconf 85' lang='lat' dir='ltr'>Alcyone</span> <span class='ocrx_word' id='word_1_259' title='bbox 882 2564 975 2605; x_wconf 86' lang='lat' dir='ltr'>Argis</span> <span class='ocrx_word' id='word_1_260' title='bbox 991 2566 1170 2599; x_wconf 88' lang='lat' dir='ltr'>exercebat.</span> 
     </span>
     <span class='ocr_line' id='line_1_40' title="bbox 144 2610 1170 2651; baseline 0.002 -9"><span class='ocrx_word' id='word_1_261' title='bbox 144 2611 232 2642; x_wconf 90' lang='lat' dir='ltr'>Duas</span> <span class='ocrx_word' id='word_1_262' title='bbox 253 2610 340 2642; x_wconf 91' lang='lat' dir='ltr'>enim</span> <span class='ocrx_word' id='word_1_263' title='bbox 365 2610 484 2642; x_wconf 52' lang='lat' dir='ltr'>classes</span> <span class='ocrx_word' id='word_1_264' title='bbox 506 2610 633 2642; x_wconf 85' lang='lat' dir='ltr'>Italicas</span> <span class='ocrx_word' id='word_1_265' title='bbox 649 2610 682 2641; x_wconf 88' lang='lat' dir='ltr'>in</span> <span class='ocrx_word' id='word_1_266' title='bbox 711 2610 851 2642; x_wconf 86' lang='lat' dir='ltr'>Siciliam</span> <span class='ocrx_word' id='word_1_267' title='bbox 872 2611 1034 2651; x_wconf 72' lang='lat' dir='ltr'>traiecisse</span> <span class='ocrx_word' id='word_1_268' title='bbox 1050 2613 1170 2646; x_wconf 81' lang='lat' dir='ltr'>tradit:</span> 
     </span>
     <span class='ocr_line' id='line_1_41' title="bbox 144 2657 1173 2700; baseline 0.003 -11"><span class='ocrx_word' id='word_1_269' title='bbox 144 2657 283 2698; x_wconf 79' lang='lat' dir='ltr'>priorem</span> <span class='ocrx_word' id='word_1_270' title='bbox 297 2657 500 2698; x_wconf 87' lang='lat' dir='ltr'>Elymorum‚</span> <span class='ocrx_word' id='word_1_271' title='bbox 516 2667 598 2698; x_wconf 89' lang='lat' dir='ltr'>quos</span> <span class='ocrx_word' id='word_1_272' title='bbox 614 2657 654 2689; x_wconf 88' lang='lat' dir='ltr'>ab</span> <span class='ocrx_word' id='word_1_273' title='bbox 670 2659 820 2690; x_wconf 87' lang='lat' dir='ltr'>OEnotris</span> <span class='ocrx_word' id='word_1_274' title='bbox 835 2658 946 2699; x_wconf 89' lang='lat' dir='ltr'>pulsos</span> <span class='ocrx_word' id='word_1_275' title='bbox 962 2658 1057 2691; x_wconf 84' lang='lat' dir='ltr'>dicit:</span> <span class='ocrx_word' id='word_1_276' title='bbox 1071 2663 1173 2700; x_wconf 88' lang='lat' dir='ltr'>poste·</span> 
     </span>
     <span class='ocr_line' id='line_1_42' title="bbox 145 2704 1172 2747; baseline 0.004 -12"><span class='ocrx_word' id='word_1_277' title='bbox 145 2704 260 2736; x_wconf 88' lang='lat' dir='ltr'>riorem</span> <span class='ocrx_word' id='word_1_278' title='bbox 279 2713 355 2736; x_wconf 93' lang='lat' dir='ltr'>vero</span> <span class='ocrx_word' id='word_1_279' title='bbox 371 2707 539 2737; x_wconf 85' lang='lat' dir='ltr'>Ausonum</span> <span class='ocrx_word' id='word_1_280' title='bbox 570 2706 705 2746; x_wconf 81' lang='lat' dir='ltr'>Iapygas</span> <span class='ocrx_word' id='word_1_281' title='bbox 732 2704 922 2744; x_wconf 80' lang='lat' dir='ltr'>fugientium</span> <span class='ocrx_word' id='word_1_282' title='bbox 936 2729 945 2744; x_wconf 91' lang='lat'>‚</span> <span class='ocrx_word' id='word_1_283' title='bbox 963 2714 1038 2746; x_wconf 80' lang='lat' dir='ltr'>quae</span> <span class='ocrx_word' id='word_1_284' title='bbox 1058 2707 1172 2747; x_wconf 90' lang='lat' dir='ltr'>quinto</span> 
     </span>
     <span class='ocr_line' id='line_1_43' title="bbox 143 2751 1171 2792; baseline 0.003 -10"><span class='ocrx_word' id='word_1_285' title='bbox 143 2752 219 2791; x_wconf 86' lang='lat' dir='ltr'>post</span> <span class='ocrx_word' id='word_1_286' title='bbox 232 2760 316 2783; x_wconf 83' lang='lat' dir='ltr'>anno</span> <span class='ocrx_word' id='word_1_287' title='bbox 329 2760 367 2783; x_wconf 92' lang='lat' dir='ltr'>eo</span> <span class='ocrx_word' id='word_1_288' title='bbox 380 2751 514 2792; x_wconf 86' lang='lat' dir='ltr'>trajecit.</span> <span class='ocrx_word' id='word_1_289' title='bbox 532 2753 657 2783; x_wconf 86' lang='lat' dir='ltr'>Horum</span> <span class='ocrx_word' id='word_1_290' title='bbox 673 2753 780 2783; x_wconf 88' lang='lat' dir='ltr'>autem</span> <span class='ocrx_word' id='word_1_291' title='bbox 798 2760 902 2791; x_wconf 85' lang='lat' dir='ltr'>regem</span> <span class='ocrx_word' id='word_1_292' title='bbox 913 2752 1058 2784; x_wconf 90' lang='lat' dir='ltr'>Siculum</span> <span class='ocrx_word' id='word_1_293' title='bbox 1071 2753 1171 2786; x_wconf 82' lang='lat' dir='ltr'>fuisse</span> 
     </span>
     <span class='ocr_line' id='line_1_44' title="bbox 143 2798 1169 2840; baseline 0.004 -12"><span class='ocrx_word' id='word_1_294' title='bbox 143 2798 232 2837; x_wconf 89' lang='lat' dir='ltr'>dicit,</span> <span class='ocrx_word' id='word_1_295' title='bbox 251 2807 269 2831; x_wconf 85' lang='lat' dir='ltr'>a</span> <span class='ocrx_word' id='word_1_296' title='bbox 283 2807 350 2839; x_wconf 84' lang='lat' dir='ltr'>quo</span> <span class='ocrx_word' id='word_1_297' title='bbox 365 2801 431 2830; x_wconf 89' lang='lat' dir='ltr'>tam</span> <span class='ocrx_word' id='word_1_298' title='bbox 451 2798 512 2840; x_wconf 87' lang='lat' dir='ltr'>ipsi</span> <span class='ocrx_word' id='word_1_299' title='bbox 529 2798 615 2839; x_wconf 86' lang='lat' dir='ltr'>genti</span> <span class='ocrx_word' id='word_1_300' title='bbox 629 2807 728 2839; x_wconf 85' lang='lat' dir='ltr'>quam</span> <span class='ocrx_word' id='word_1_301' title='bbox 747 2798 861 2830; x_wconf 85' lang='lat' dir='ltr'>insulae</span> <span class='ocrx_word' id='word_1_302' title='bbox 877 2808 995 2832; x_wconf 90' lang='lat' dir='ltr'>nomen</span> <span class='ocrx_word' id='word_1_303' title='bbox 1014 2800 1169 2832; x_wconf 87' lang='lat' dir='ltr'>inditum.</span> 
     </span>
    </p>

    <p class='ocr_par' dir='ltr' id='par_1_12' title="bbox 143 2842 1172 3168">
     <span class='ocr_line' id='line_1_45' title="bbox 185 2842 1172 2887; baseline 0.002 -12"><span class='ocrx_word' id='word_1_304' title='bbox 185 2842 247 2875; x_wconf 88' lang='lat' dir='ltr'>Sed</span> <span class='ocrx_word' id='word_1_305' title='bbox 264 2843 293 2875; x_wconf 89' lang='lat' dir='ltr'>is</span> <span class='ocrx_word' id='word_1_306' title='bbox 305 2844 362 2884; x_wconf 89' lang='lat' dir='ltr'>qui</span> <span class='ocrx_word' id='word_1_307' title='bbox 378 2843 418 2876; x_wconf 92' lang='lat' dir='ltr'>de</span> <span class='ocrx_word' id='word_1_308' title='bbox 434 2843 658 2876; x_wconf 88' lang='lat' dir='ltr'>sacerdotibus</span> <span class='ocrx_word' id='word_1_309' title='bbox 673 2853 747 2884; x_wconf 82' lang='lat' dir='ltr'>quae</span> <span class='ocrx_word' id='word_1_310' title='bbox 762 2844 855 2884; x_wconf 80' lang='lat' dir='ltr'>Argis</span> <span class='ocrx_word' id='word_1_311' title='bbox 869 2846 963 2876; x_wconf 88' lang='lat' dir='ltr'>erant</span> <span class='ocrx_word' id='word_1_312' title='bbox 979 2845 1125 2887; x_wconf 81' lang='lat' dir='ltr'>scripsit,</span> <span class='ocrx_word' id='word_1_313' title='bbox 1139 2848 1172 2878; x_wconf 88' lang='lat' dir='ltr'>et</span> 
     </span>
     <span class='ocr_line' id='line_1_46' title="bbox 147 2890 1167 2932; baseline 0.005 -13"><span class='ocrx_word' id='word_1_314' title='bbox 147 2898 184 2920; x_wconf 79' lang='lat' dir='ltr'>ea</span> <span class='ocrx_word' id='word_1_315' title='bbox 200 2890 327 2931; x_wconf 79' lang='lat' dir='ltr'>collegit</span> <span class='ocrx_word' id='word_1_316' title='bbox 341 2900 415 2932; x_wconf 81' lang='lat' dir='ltr'>quae</span> <span class='ocrx_word' id='word_1_317' title='bbox 435 2892 594 2932; x_wconf 74' lang='lat' dir='ltr'>quusque</span> <span class='ocrx_word' id='word_1_318' title='bbox 611 2892 757 2932; x_wconf 87' lang='lat' dir='ltr'>tempore</span> <span class='ocrx_word' id='word_1_319' title='bbox 769 2891 854 2923; x_wconf 78' lang='lat' dir='ltr'>sacta</span> <span class='ocrx_word' id='word_1_320' title='bbox 868 2893 956 2932; x_wconf 91' lang='lat' dir='ltr'>sunt,</span> <span class='ocrx_word' id='word_1_321' title='bbox 974 2891 1018 2923; x_wconf 89' lang='lat' dir='ltr'>ait</span> <span class='ocrx_word' id='word_1_322' title='bbox 1033 2894 1167 2925; x_wconf 88' lang='lat' dir='ltr'>AEneam</span> 
     </span>
     <span class='ocr_line' id='line_1_47' title="bbox 143 2937 1170 2979; baseline 0.004 -12"><span class='ocrx_word' id='word_1_323' title='bbox 143 2944 218 2967; x_wconf 84' lang='lat' dir='ltr'>eum</span> <span class='ocrx_word' id='word_1_324' title='bbox 235 2937 350 2978; x_wconf 86' lang='lat' dir='ltr'>Ulysse</span> <span class='ocrx_word' id='word_1_325' title='bbox 371 2947 389 2969; x_wconf 96' lang='lat' dir='ltr'>e</span> <span class='ocrx_word' id='word_1_326' title='bbox 406 2938 556 2970; x_wconf 86' lang='lat' dir='ltr'>Molossis</span> <span class='ocrx_word' id='word_1_327' title='bbox 579 2938 705 2970; x_wconf 87' lang='lat' dir='ltr'>Italiam</span> <span class='ocrx_word' id='word_1_328' title='bbox 725 2938 898 2979; x_wconf 87' lang='lat' dir='ltr'>appulsum</span> <span class='ocrx_word' id='word_1_329' title='bbox 923 2938 1039 2970; x_wconf 89' lang='lat' dir='ltr'>urbem</span> <span class='ocrx_word' id='word_1_330' title='bbox 1061 2940 1170 2971; x_wconf 91' lang='lat' dir='ltr'>condi-</span> 
     </span>
     <span class='ocr_line' id='line_1_48' title="bbox 143 2982 1171 3025; baseline 0.005 -12"><span class='ocrx_word' id='word_1_331' title='bbox 143 2982 229 3015; x_wconf 83' lang='lat' dir='ltr'>disse</span> <span class='ocrx_word' id='word_1_332' title='bbox 243 2995 252 3023; x_wconf 88' lang='lat'>;</span> <span class='ocrx_word' id='word_1_333' title='bbox 266 2993 402 3025; x_wconf 85' lang='lat' dir='ltr'>eamque</span> <span class='ocrx_word' id='word_1_334' title='bbox 415 2985 456 3017; x_wconf 89' lang='lat' dir='ltr'>de</span> <span class='ocrx_word' id='word_1_335' title='bbox 469 2986 565 3017; x_wconf 87' lang='lat' dir='ltr'>unius</span> <span class='ocrx_word' id='word_1_336' title='bbox 573 2985 709 3018; x_wconf 82' lang='lat' dir='ltr'>Iliadum</span> <span class='ocrx_word' id='word_1_337' title='bbox 723 2987 836 3018; x_wconf 82' lang='lat' dir='ltr'>Romae</span> <span class='ocrx_word' id='word_1_338' title='bbox 848 2985 978 3017; x_wconf 91' lang='lat' dir='ltr'>nomine</span> <span class='ocrx_word' id='word_1_339' title='bbox 986 2986 1171 3018; x_wconf 76' lang='lat' dir='ltr'>vocavisse.</span> 
     </span>
     <span class='ocr_line' id='line_1_49' title="bbox 143 3031 1169 3073; baseline 0.004 -13"><span class='ocrx_word' id='word_1_340' title='bbox 143 3031 233 3061; x_wconf 83' lang='lat' dir='ltr'>Hanc</span> <span class='ocrx_word' id='word_1_341' title='bbox 251 3033 357 3063; x_wconf 88' lang='lat' dir='ltr'>autem</span> <span class='ocrx_word' id='word_1_342' title='bbox 374 3032 453 3064; x_wconf 88' lang='lat' dir='ltr'>dicit</span> <span class='ocrx_word' id='word_1_343' title='bbox 468 3057 477 3073; x_wconf 93' lang='lat'>‚</span> <span class='ocrx_word' id='word_1_344' title='bbox 494 3032 595 3064; x_wconf 90' lang='lat' dir='ltr'>nimio</span> <span class='ocrx_word' id='word_1_345' title='bbox 611 3041 718 3065; x_wconf 91' lang='lat' dir='ltr'>errore</span> <span class='ocrx_word' id='word_1_346' title='bbox 734 3032 916 3073; x_wconf 77' lang='lat' dir='ltr'>fatigatam,</span> <span class='ocrx_word' id='word_1_347' title='bbox 933 3031 1012 3064; x_wconf 80' lang='lat' dir='ltr'>alias</span> <span class='ocrx_word' id='word_1_348' title='bbox 1027 3032 1169 3073; x_wconf 85' lang='lat' dir='ltr'>virgines</span> 
     </span>
     <span class='ocr_line' id='line_1_50' title="bbox 144 3076 1167 3119; baseline 0.006 -13"><span class='ocrx_word' id='word_1_349' title='bbox 144 3076 298 3116; x_wconf 74' lang='lat' dir='ltr'>&#39;trojanas</span> <span class='ocrx_word' id='word_1_350' title='bbox 327 3078 493 3119; x_wconf 86' lang='lat' dir='ltr'>impulisse</span> <span class='ocrx_word' id='word_1_351' title='bbox 508 3103 516 3118; x_wconf 95' lang='lat'><strong><em>‚</em></strong></span> <span class='ocrx_word' id='word_1_352' title='bbox 545 3082 582 3111; x_wconf 92' lang='lat' dir='ltr'>ut</span> <span class='ocrx_word' id='word_1_353' title='bbox 610 3089 676 3112; x_wconf 91' lang='lat' dir='ltr'>una</span> <span class='ocrx_word' id='word_1_354' title='bbox 688 3089 799 3112; x_wconf 88' lang='lat' dir='ltr'>secum</span> <span class='ocrx_word' id='word_1_355' title='bbox 827 3088 925 3111; x_wconf 85' lang='lat' dir='ltr'>naves</span> <span class='ocrx_word' id='word_1_356' title='bbox 950 3079 1167 3112; x_wconf 82' lang='lat' dir='ltr'>incenderent.</span> 
     </span>
     <span class='ocr_line' id='line_1_51' title="bbox 146 3122 1084 3168; baseline 0.005 -15"><span class='ocrx_word' id='word_1_357' title='bbox 146 3122 247 3163; x_wconf 86' lang='lat' dir='ltr'>Eique</span> <span class='ocrx_word' id='word_1_358' title='bbox 263 3125 436 3157; x_wconf 82' lang='lat' dir='ltr'>assentitur</span> <span class='ocrx_word' id='word_1_359' title='bbox 452 3128 623 3160; x_wconf 85' lang='lat' dir='ltr'>Damastes</span> <span class='ocrx_word' id='word_1_360' title='bbox 639 3127 781 3168; x_wconf 84' lang='lat' dir='ltr'>Sigensis</span> <span class='ocrx_word' id='word_1_361' title='bbox 793 3151 802 3167; x_wconf 94' lang='lat'>,</span> <span class='ocrx_word' id='word_1_362' title='bbox 825 3128 858 3159; x_wconf 86' lang='lat' dir='ltr'>et</span> <span class='ocrx_word' id='word_1_363' title='bbox 873 3126 925 3159; x_wconf 89' lang='lat' dir='ltr'>alii</span> <span class='ocrx_word' id='word_1_364' title='bbox 940 3126 1084 3168; x_wconf 84' lang='lat' dir='ltr'>quidam.</span> 
     </span>
    </p>
   </div>
   <div class='ocr_carea' id='block_1_9' title="bbox 585 3208 730 3218">
    <p class='ocr_par' dir='ltr' id='par_1_13' title="bbox 585 3208 730 3218">
     <span class='ocr_line' id='line_1_52' title="bbox 585 3208 730 3218; baseline 0 0"><span class='ocrx_word' id='word_1_365' title='bbox 585 3208 730 3218; x_wconf 36' lang='grc' dir='ltr'>*κου-</span> 
     </span>
    </p>
   </div>
   <div class='ocr_carea' id='block_1_10' title="bbox 520 3266 788 3308">
    <p class='ocr_par' dir='ltr' id='par_1_14' title="bbox 520 3266 788 3308">
     <span class='ocr_line' id='line_1_53' title="bbox 520 3266 788 3308; baseline 0.007 -4"><span class='ocrx_word' id='word_1_366' title='bbox 520 3266 788 3308; x_wconf 88' lang='lat' dir='ltr'>ATLANTIS.</span> 
     </span>
    </p>
   </div>
   <div class='ocr_carea' id='block_1_11' title="bbox 184 3355 1168 3459">
    <p class='ocr_par' dir='ltr' id='par_1_15' title="bbox 184 3355 1168 3459">
     <span class='ocr_line' id='line_1_54' title="bbox 626 3355 688 3387; baseline 0 0"><span class='ocrx_word' id='word_1_367' title='bbox 626 3355 688 3387; x_wconf 85' lang='lat'>54.</span> 
     </span>
     <span class='ocr_line' id='line_1_55' title="bbox 184 3413 1168 3459; baseline 0.003 -12"><span class='ocrx_word' id='word_1_368' title='bbox 184 3413 370 3447; x_wconf 85' lang='lat' dir='ltr'>Hellanicus</span> <span class='ocrx_word' id='word_1_369' title='bbox 387 3425 417 3448; x_wconf 83' lang='lat' dir='ltr'>in</span> <span class='ocrx_word' id='word_1_370' title='bbox 431 3425 469 3448; x_wconf 87' lang='lat' dir='ltr'>eo</span> <span class='ocrx_word' id='word_1_371' title='bbox 486 3417 567 3449; x_wconf 79' lang='lat' dir='ltr'>libro</span> <span class='ocrx_word' id='word_1_372' title='bbox 581 3442 589 3457; x_wconf 94' lang='lat'>,</span> <span class='ocrx_word' id='word_1_373' title='bbox 616 3419 673 3458; x_wconf 88' lang='lat' dir='ltr'>qui</span> <span class='ocrx_word' id='word_1_374' title='bbox 692 3419 843 3451; x_wconf 79' lang='lat' dir='ltr'>Atlantis</span> <span class='ocrx_word' id='word_1_375' title='bbox 863 3419 1066 3459; x_wconf 84' lang='lat' dir='ltr'>inscribitur,</span> <span class='ocrx_word' id='word_1_376' title='bbox 1086 3419 1168 3450; x_wconf 81' lang='lat' dir='ltr'>tilios</span> 
     </span>
    </p>
   </div>
   <div class='ocr_carea' id='block_1_12' title="bbox 1236 276 2270 2348">
    <p class='ocr_par' dir='ltr' id='par_1_16' title="bbox 1244 276 2270 389">
     <span class='ocr_line' id='line_1_56' title="bbox 1253 276 2270 335; baseline 0.009 -22"><span class='ocrx_word' id='word_1_377' title='bbox 1253 290 1434 328; x_wconf 84' lang='grc' dir='ltr'>στρατον,.</span> <span class='ocrx_word' id='word_1_378' title='bbox 1454 308 1461 316; x_wconf 92' lang='grc'><em>.</em></span> <span class='ocrx_word' id='word_1_379' title='bbox 1480 308 1488 316; x_wconf 92' lang='grc'>,</span> <span class='ocrx_word' id='word_1_380' title='bbox 1515 276 1740 331; x_wconf 86' lang='grc' dir='ltr'>Ἀρχαγόραν·</span> <span class='ocrx_word' id='word_1_381' title='bbox 1761 278 1950 333; x_wconf 82' lang='grc' dir='ltr'>θυγατέρας</span> <span class='ocrx_word' id='word_1_382' title='bbox 1979 279 2015 319; x_wconf 80' lang='grc' dir='ltr'>δὲ</span> <span class='ocrx_word' id='word_1_383' title='bbox 2033 287 2139 334; x_wconf 87' lang='grc' dir='ltr'>τρεῖς,</span> <span class='ocrx_word' id='word_1_384' title='bbox 2162 282 2270 335; x_wconf 83' lang='grc' dir='ltr'>Ὤγυ-</span> 
     </span>
     <span class='ocr_line' id='line_1_57' title="bbox 1244 333 1733 389; baseline 0.006 -18"><span class='ocrx_word' id='word_1_385' title='bbox 1244 333 1336 384; x_wconf 87' lang='grc' dir='ltr'>γίαν,</span> <span class='ocrx_word' id='word_1_386' title='bbox 1357 334 1652 389; x_wconf 84' lang='grc' dir='ltr'>Ἀστυκράτειαν,.</span> <span class='ocrx_word' id='word_1_387' title='bbox 1673 365 1680 373; x_wconf 97' lang='grc'><em>.</em></span> <span class='ocrx_word' id='word_1_388' title='bbox 1699 366 1708 375; x_wconf 88' lang='grc'><strong>.</strong></span> <span class='ocrx_word' id='word_1_389' title='bbox 1725 367 1733 374; x_wconf 94' lang='grc'><strong>.</strong></span> 
     </span>
    </p>

    <p class='ocr_par' dir='ltr' id='par_1_17' title="bbox 1244 440 2270 608">
     <span class='ocr_line' id='line_1_58' title="bbox 1299 440 2270 495; baseline 0.006 -16"><span class='ocrx_word' id='word_1_390' title='bbox 1299 442 1605 492; x_wconf 78' lang='lat' dir='ltr'>Harpocration:</span> <span class='ocrx_word' id='word_1_391' title='bbox 1626 440 1830 495; x_wconf 84' lang='grc' dir='ltr'>Ὁμηρίδαι·</span> <span class='ocrx_word' id='word_1_392' title='bbox 1918 442 2124 489; x_wconf 86' lang='grc' dir='ltr'>Ἑλλάνικος</span> <span class='ocrx_word' id='word_1_393' title='bbox 2166 448 2202 484; x_wconf 82' lang='grc' dir='ltr'>ἓν</span> <span class='ocrx_word' id='word_1_394' title='bbox 2226 449 2270 494; x_wconf 74' lang='grc' dir='ltr'>τῆ</span> 
     </span>
     <span class='ocr_line' id='line_1_59' title="bbox 1246 491 2269 558; baseline 0.008 -22"><span class='ocrx_word' id='word_1_395' title='bbox 1246 498 1463 550; x_wconf 86' lang='grc' dir='ltr'>Ἀγλαντιάδι</span> <span class='ocrx_word' id='word_1_396' title='bbox 1485 500 1569 551; x_wconf 79' lang='lat' dir='ltr'>(leg.</span> <span class='ocrx_word' id='word_1_397' title='bbox 1586 499 1831 552; x_wconf 86' lang='grc' dir='ltr'>Ἀτλαντιάδι),</span> <span class='ocrx_word' id='word_1_398' title='bbox 1845 500 1916 540; x_wconf 83' lang='grc' dir='ltr'>ἀπὸ</span> <span class='ocrx_word' id='word_1_399' title='bbox 1930 506 1991 540; x_wconf 78' lang='grc' dir='ltr'>τοῦ</span> <span class='ocrx_word' id='word_1_400' title='bbox 2004 507 2149 550; x_wconf 81' lang='grc' dir='ltr'>ποιητοῦ</span> <span class='ocrx_word' id='word_1_401' title='bbox 2163 491 2269 558; x_wconf 74' lang='grc' dir='ltr'>φησιν</span> 
     </span>
     <span class='ocr_line' id='line_1_60' title="bbox 1244 557 1460 608; baseline 0.009 -14"><span class='ocrx_word' id='word_1_402' title='bbox 1244 557 1460 608; x_wconf 81' lang='grc' dir='ltr'>ὠνομάσθαι.</span> 
     </span>
    </p>

    <p class='ocr_par' dir='ltr' id='par_1_18' title="bbox 1723 611 1786 649">
     <span class='ocr_line' id='line_1_61' title="bbox 1723 611 1786 649; baseline 0.016 -1"><span class='ocrx_word' id='word_1_403' title='bbox 1723 611 1786 649; x_wconf 87' lang='grc'>56.</span> 
     </span>
    </p>

    <p class='ocr_par' dir='ltr' id='par_1_19' title="bbox 1238 664 2270 1946">
     <span class='ocr_line' id='line_1_62' title="bbox 1297 664 2267 719; baseline 0.006 -17"><span class='ocrx_word' id='word_1_404' title='bbox 1297 664 1426 702; x_wconf 90' lang='lat' dir='ltr'>Schol.</span> <span class='ocrx_word' id='word_1_405' title='bbox 1444 667 1600 702; x_wconf 86' lang='lat' dir='ltr'>Homer.</span> <span class='ocrx_word' id='word_1_406' title='bbox 1624 664 1667 701; x_wconf 94' lang='lat' dir='ltr'>Il.</span> <span class='ocrx_word' id='word_1_407' title='bbox 1689 666 1733 711; x_wconf 90' lang='grc' dir='ltr'>Σ,</span> <span class='ocrx_word' id='word_1_408' title='bbox 1754 665 1846 715; x_wconf 75' lang='grc'>486,</span> <span class='ocrx_word' id='word_1_409' title='bbox 1866 664 1933 703; x_wconf 87' lang='lat' dir='ltr'>ubi</span> <span class='ocrx_word' id='word_1_410' title='bbox 1961 667 2039 717; x_wconf 83' lang='lat' dir='ltr'>agit</span> <span class='ocrx_word' id='word_1_411' title='bbox 2055 667 2104 706; x_wconf 88' lang='lat' dir='ltr'>de</span> <span class='ocrx_word' id='word_1_412' title='bbox 2122 669 2267 719; x_wconf 82' lang='lat' dir='ltr'>Hyadi-</span> 
     </span>
     <span class='ocr_line' id='line_1_63' title="bbox 1244 720 2270 774; baseline 0.009 -15"><span class='ocrx_word' id='word_1_413' title='bbox 1244 720 1330 768; x_wconf 91' lang='lat' dir='ltr'>bus,</span> <span class='ocrx_word' id='word_1_414' title='bbox 1357 723 1522 760; x_wconf 87' lang='lat' dir='ltr'>Atlantis</span> <span class='ocrx_word' id='word_1_415' title='bbox 1541 722 1704 771; x_wconf 87' lang='lat' dir='ltr'>filiabus,</span> <span class='ocrx_word' id='word_1_416' title='bbox 1725 736 1762 774; x_wconf 84' lang='lat' dir='ltr'>p.</span> <span class='ocrx_word' id='word_1_417' title='bbox 1786 723 1861 761; x_wconf 86' lang='lat'>506</span> <span class='ocrx_word' id='word_1_418' title='bbox 1884 733 1982 763; x_wconf 67' lang='lat' dir='ltr'>extr.</span> <span class='ocrx_word' id='word_1_419' title='bbox 2001 741 2009 763; x_wconf 90' lang='lat'>:</span> <span class='ocrx_word' id='word_1_420' title='bbox 2031 726 2131 774; x_wconf 79' lang='grc' dir='ltr'>Φησὶ</span> <span class='ocrx_word' id='word_1_421' title='bbox 2153 727 2190 766; x_wconf 82' lang='grc' dir='ltr'>δὲ</span> <span class='ocrx_word' id='word_1_422' title='bbox 2209 728 2270 768; x_wconf 76' lang='grc' dir='ltr'>καὶ</span> 
     </span>
     <span class='ocr_line' id='line_1_64' title="bbox 1243 778 2270 837; baseline 0.008 -20"><span class='ocrx_word' id='word_1_423' title='bbox 1243 778 1449 824; x_wconf 84' lang='grc' dir='ltr'>Ἑλλάνικος</span> <span class='ocrx_word' id='word_1_424' title='bbox 1476 781 1511 818; x_wconf 85' lang='grc' dir='ltr'>ἐν</span> <span class='ocrx_word' id='word_1_425' title='bbox 1530 783 1581 834; x_wconf 82' lang='grc' dir='ltr'>τῷ</span> <span class='ocrx_word' id='word_1_426' title='bbox 1591 780 1720 835; x_wconf 82' lang='grc' dir='ltr'>πρώτῳ</span> <span class='ocrx_word' id='word_1_427' title='bbox 1730 783 1799 819; x_wconf 82' lang='grc' dir='ltr'>τῶν</span> <span class='ocrx_word' id='word_1_428' title='bbox 1818 782 2059 834; x_wconf 81' lang='grc' dir='ltr'>Ἀτλαντιδῶν,</span> <span class='ocrx_word' id='word_1_429' title='bbox 2070 785 2133 829; x_wconf 86' lang='grc' dir='ltr'>τὰς</span> <span class='ocrx_word' id='word_1_430' title='bbox 2148 789 2210 837; x_wconf 82' lang='grc' dir='ltr'>μὲν</span> <span class='ocrx_word' id='word_1_431' title='bbox 2234 785 2270 832; x_wconf 77' lang='grc' dir='ltr'>ἓξ</span> 
     </span>
     <span class='ocr_line' id='line_1_65' title="bbox 1244 834 2270 893; baseline 0.008 -17"><span class='ocrx_word' id='word_1_432' title='bbox 1244 840 1330 882; x_wconf 84' lang='grc' dir='ltr'>θεοῖς</span> <span class='ocrx_word' id='word_1_433' title='bbox 1342 839 1530 886; x_wconf 86' lang='grc' dir='ltr'>συνελθεῖν,</span> <span class='ocrx_word' id='word_1_434' title='bbox 1551 838 1735 891; x_wconf 83' lang='grc' dir='ltr'>Ταϋγέτην</span> <span class='ocrx_word' id='word_1_435' title='bbox 1753 837 1825 889; x_wconf 76' lang='grc' dir='ltr'>Διῒ,</span> <span class='ocrx_word' id='word_1_436' title='bbox 1845 834 1894 879; x_wconf 68' lang='grc' dir='ltr'>ὧν</span> <span class='ocrx_word' id='word_1_437' title='bbox 1912 841 2074 893; x_wconf 87' lang='grc' dir='ltr'>γενέσθαι</span> <span class='ocrx_word' id='word_1_438' title='bbox 2090 845 2270 884; x_wconf 84' lang='grc' dir='ltr'>Λακεδαί-</span> 
     </span>
     <span class='ocr_line' id='line_1_66' title="bbox 1243 892 2270 955; baseline 0.007 -20"><span class='ocrx_word' id='word_1_439' title='bbox 1243 912 1345 948; x_wconf 88' lang='grc' dir='ltr'>μονα·</span> <span class='ocrx_word' id='word_1_440' title='bbox 1360 897 1480 936; x_wconf 90' lang='grc' dir='ltr'>Μαίαν</span> <span class='ocrx_word' id='word_1_441' title='bbox 1497 894 1568 947; x_wconf 80' lang='grc' dir='ltr'>Διῒ,</span> <span class='ocrx_word' id='word_1_442' title='bbox 1598 898 1657 951; x_wconf 74' lang='grc' dir='ltr'>ἀφ’</span> <span class='ocrx_word' id='word_1_443' title='bbox 1670 892 1718 936; x_wconf 66' lang='grc' dir='ltr'>ὧν</span> <span class='ocrx_word' id='word_1_444' title='bbox 1735 897 1883 952; x_wconf 80' lang='grc' dir='ltr'>Ἑρμῆς·</span> <span class='ocrx_word' id='word_1_445' title='bbox 1903 899 2098 955; x_wconf 86' lang='grc' dir='ltr'>Ἠλέκτραν</span> <span class='ocrx_word' id='word_1_446' title='bbox 2117 898 2188 951; x_wconf 72' lang='grc' dir='ltr'>Διῒ,</span> <span class='ocrx_word' id='word_1_447' title='bbox 2221 897 2270 943; x_wconf 68' lang='grc' dir='ltr'>ὧν</span> 
     </span>
     <span class='ocr_line' id='line_1_67' title="bbox 1242 951 2268 1015; baseline 0.008 -22"><span class='ocrx_word' id='word_1_448' title='bbox 1242 954 1432 1008; x_wconf 88' lang='grc' dir='ltr'>Δάρδανος·</span> <span class='ocrx_word' id='word_1_449' title='bbox 1454 955 1638 1003; x_wconf 83' lang='grc' dir='ltr'>Ἀλκυόνην</span> <span class='ocrx_word' id='word_1_450' title='bbox 1659 957 1869 1009; x_wconf 86' lang='grc' dir='ltr'>Ποσειδῶνι,</span> <span class='ocrx_word' id='word_1_451' title='bbox 1892 951 1940 996; x_wconf 65' lang='grc' dir='ltr'>ὧν</span> <span class='ocrx_word' id='word_1_452' title='bbox 1961 957 2108 1013; x_wconf 85' lang='grc' dir='ltr'>Ὗριεύς·</span> <span class='ocrx_word' id='word_1_453' title='bbox 2133 961 2268 1015; x_wconf 87' lang='grc' dir='ltr'>Στερό-</span> 
     </span>
     <span class='ocr_line' id='line_1_68' title="bbox 1242 1008 2270 1066; baseline 0.008 -15"><span class='ocrx_word' id='word_1_454' title='bbox 1242 1028 1312 1060; x_wconf 92' lang='grc' dir='ltr'>πην</span> <span class='ocrx_word' id='word_1_455' title='bbox 1333 1011 1442 1066; x_wconf 84' lang='grc' dir='ltr'>Ἄρει,</span> <span class='ocrx_word' id='word_1_456' title='bbox 1461 1008 1510 1052; x_wconf 68' lang='grc' dir='ltr'>ὧν</span> <span class='ocrx_word' id='word_1_457' title='bbox 1533 1014 1718 1065; x_wconf 78' lang='grc' dir='ltr'>Οἰνόμαος·</span> <span class='ocrx_word' id='word_1_458' title='bbox 1739 1014 1900 1054; x_wconf 86' lang='grc' dir='ltr'>Κελαινὼ</span> <span class='ocrx_word' id='word_1_459' title='bbox 1920 1018 2115 1057; x_wconf 85' lang='grc' dir='ltr'>Ποσειδῶνι</span> <span class='ocrx_word' id='word_1_460' title='bbox 2131 1019 2192 1058; x_wconf 72' lang='grc' dir='ltr'>καὶ</span> <span class='ocrx_word' id='word_1_461' title='bbox 2207 1021 2270 1058; x_wconf 80' lang='grc' dir='ltr'>αὖ·</span> 
     </span>
     <span class='ocr_line' id='line_1_69' title="bbox 1242 1065 2269 1132; baseline 0.008 -23"><span class='ocrx_word' id='word_1_462' title='bbox 1242 1070 1304 1118; x_wconf 83' lang='grc' dir='ltr'>τὴν</span> <span class='ocrx_word' id='word_1_463' title='bbox 1321 1072 1561 1124; x_wconf 85' lang='grc' dir='ltr'>συγγένεσθαι,</span> <span class='ocrx_word' id='word_1_464' title='bbox 1578 1065 1626 1111; x_wconf 61' lang='grc' dir='ltr'>ὧν</span> <span class='ocrx_word' id='word_1_465' title='bbox 1643 1072 1767 1117; x_wconf 80' lang='grc' dir='ltr'>Λύκος·</span> <span class='ocrx_word' id='word_1_466' title='bbox 1783 1074 1951 1128; x_wconf 83' lang='grc' dir='ltr'>Μερόπην</span> <span class='ocrx_word' id='word_1_467' title='bbox 1967 1074 2003 1114; x_wconf 81' lang='grc' dir='ltr'>δὲ</span> <span class='ocrx_word' id='word_1_468' title='bbox 2023 1076 2168 1132; x_wconf 83' lang='grc' dir='ltr'>Σισύφῳ</span> <span class='ocrx_word' id='word_1_469' title='bbox 2188 1081 2269 1127; x_wconf 81' lang='grc' dir='ltr'>θνη-</span> 
     </span>
     <span class='ocr_line' id='line_1_70' title="bbox 1241 1125 2267 1188; baseline 0.008 -20"><span class='ocrx_word' id='word_1_470' title='bbox 1241 1132 1291 1183; x_wconf 83' lang='grc' dir='ltr'>τῷ</span> <span class='ocrx_word' id='word_1_471' title='bbox 1307 1130 1392 1179; x_wconf 81' lang='grc' dir='ltr'>ὄντι,</span> <span class='ocrx_word' id='word_1_472' title='bbox 1409 1125 1456 1169; x_wconf 72' lang='grc' dir='ltr'>ὧν</span> <span class='ocrx_word' id='word_1_473' title='bbox 1470 1132 1649 1180; x_wconf 84' lang='grc' dir='ltr'>Γλαῦκος,</span> <span class='ocrx_word' id='word_1_474' title='bbox 1666 1131 1717 1170; x_wconf 86' lang='grc' dir='ltr'>διὸ</span> <span class='ocrx_word' id='word_1_475' title='bbox 1743 1133 1810 1183; x_wconf 87' lang='lat' dir='ltr'>(sic</span> <span class='ocrx_word' id='word_1_476' title='bbox 1828 1134 1948 1172; x_wconf 88' lang='lat' dir='ltr'>codex</span> <span class='ocrx_word' id='word_1_477' title='bbox 1965 1139 2125 1174; x_wconf 88' lang='lat' dir='ltr'>Venet.:</span> <span class='ocrx_word' id='word_1_478' title='bbox 2149 1138 2267 1188; x_wconf 82' lang='lat' dir='ltr'>vulgo</span> 
     </span>
     <span class='ocr_line' id='line_1_71' title="bbox 1241 1183 2267 1249; baseline 0.008 -23"><span class='ocrx_word' id='word_1_479' title='bbox 1241 1188 1299 1240; x_wconf 83' lang='grc' dir='ltr'>ἣν)</span> <span class='ocrx_word' id='word_1_480' title='bbox 1320 1188 1380 1227; x_wconf 83' lang='grc' dir='ltr'>καὶ</span> <span class='ocrx_word' id='word_1_481' title='bbox 1401 1188 1563 1242; x_wconf 81' lang='grc' dir='ltr'>ἀμαυρὰν</span> <span class='ocrx_word' id='word_1_482' title='bbox 1579 1183 1678 1228; x_wconf 69' lang='grc' dir='ltr'>εἶναι.</span> <span class='ocrx_word' id='word_1_483' title='bbox 1688 1190 1819 1235; x_wconf 85' lang='grc' dir='ltr'>Ὑάδας</span> <span class='ocrx_word' id='word_1_484' title='bbox 1835 1191 1872 1230; x_wconf 81' lang='grc' dir='ltr'>δὲ</span> <span class='ocrx_word' id='word_1_485' title='bbox 1891 1193 2060 1246; x_wconf 77' lang='grc' dir='ltr'>εἰρῆσθαι,</span> <span class='ocrx_word' id='word_1_486' title='bbox 2073 1194 2151 1241; x_wconf 87' lang='grc' dir='ltr'>ἤτοι</span> <span class='ocrx_word' id='word_1_487' title='bbox 2169 1195 2267 1249; x_wconf 75' lang='grc' dir='ltr'>παρὰ</span> 
     </span>
     <span class='ocr_line' id='line_1_72' title="bbox 1241 1247 2267 1308; baseline 0.009 -24"><span class='ocrx_word' id='word_1_488' title='bbox 1241 1247 1280 1285; x_wconf 86' lang='grc' dir='ltr'>τὸ</span> <span class='ocrx_word' id='word_1_489' title='bbox 1296 1250 1421 1299; x_wconf 77' lang='grc' dir='ltr'>σχῆμα</span> <span class='ocrx_word' id='word_1_490' title='bbox 1439 1250 1503 1294; x_wconf 74' lang='grc' dir='ltr'>τῆς</span> <span class='ocrx_word' id='word_1_491' title='bbox 1512 1250 1581 1286; x_wconf 85' lang='grc' dir='ltr'>τῶν</span> <span class='ocrx_word' id='word_1_492' title='bbox 1598 1248 1752 1302; x_wconf 85' lang='grc' dir='ltr'>ἀστέρων</span> <span class='ocrx_word' id='word_1_493' title='bbox 1767 1250 1904 1294; x_wconf 87' lang='grc' dir='ltr'>θέσεως·</span> <span class='ocrx_word' id='word_1_494' title='bbox 1923 1253 1974 1304; x_wconf 81' lang='grc' dir='ltr'>τῷ</span> <span class='ocrx_word' id='word_1_495' title='bbox 1983 1250 2051 1305; x_wconf 80' lang='grc' dir='ltr'>γὰρ</span> <span class='ocrx_word' id='word_1_496' title='bbox 2070 1269 2090 1290; x_wconf 91' lang='grc' dir='ltr'>υ</span> <span class='ocrx_word' id='word_1_497' title='bbox 2105 1253 2267 1308; x_wconf 78' lang='grc' dir='ltr'>στοιχείῳ</span> 
     </span>
     <span class='ocr_line' id='line_1_73' title="bbox 1240 1305 2265 1358; baseline 0.008 -15"><span class='ocrx_word' id='word_1_498' title='bbox 1240 1305 1487 1358; x_wconf 85' lang='grc' dir='ltr'>παραπλήσιόν</span> <span class='ocrx_word' id='word_1_499' title='bbox 1517 1307 1624 1345; x_wconf 85' lang='grc' dir='ltr'>ἐστιν·</span> <span class='ocrx_word' id='word_1_500' title='bbox 1639 1306 1662 1353; x_wconf 78' lang='grc' dir='ltr'>ἢ</span> <span class='ocrx_word' id='word_1_501' title='bbox 1680 1307 1756 1345; x_wconf 75' lang='grc' dir='ltr'>ἐπεὶ</span> <span class='ocrx_word' id='word_1_502' title='bbox 1790 1309 2051 1348; x_wconf 84' lang='grc' dir='ltr'>ἀνατελλουσῶν</span> <span class='ocrx_word' id='word_1_503' title='bbox 2065 1313 2178 1350; x_wconf 82' lang='grc' dir='ltr'>αὐτῶν</span> <span class='ocrx_word' id='word_1_504' title='bbox 2205 1312 2265 1351; x_wconf 73' lang='grc' dir='ltr'>καὶ</span> 
     </span>
     <span class='ocr_line' id='line_1_74' title="bbox 1242 1363 2265 1411; baseline 0.01 -10"><span class='ocrx_word' id='word_1_505' title='bbox 1242 1364 1413 1402; x_wconf 81' lang='grc' dir='ltr'>δυνουσῶν</span> <span class='ocrx_word' id='word_1_506' title='bbox 1435 1363 1487 1402; x_wconf 77' lang='grc' dir='ltr'>ὕει</span> <span class='ocrx_word' id='word_1_507' title='bbox 1503 1367 1520 1403; x_wconf 84' lang='grc' dir='ltr'>ὁ</span> <span class='ocrx_word' id='word_1_508' title='bbox 1539 1364 1636 1409; x_wconf 81' lang='grc' dir='ltr'>Ζεύς.</span> <span class='ocrx_word' id='word_1_509' title='bbox 1667 1369 1766 1403; x_wconf 77' lang='lat' dir='ltr'>«Pro</span> <span class='ocrx_word' id='word_1_510' title='bbox 1789 1366 2014 1406; x_wconf 82' lang='grc' dir='ltr'>Ἀτλαντιδῶν</span> <span class='ocrx_word' id='word_1_511' title='bbox 2036 1369 2265 1411; x_wconf 83' lang='grc' dir='ltr'>Ἀτλαντίδων</span> 
     </span>
     <span class='ocr_line' id='line_1_75' title="bbox 1240 1421 2264 1474; baseline 0.009 -15"><span class='ocrx_word' id='word_1_512' title='bbox 1240 1421 1527 1460; x_wconf 84' lang='lat' dir='ltr'>rescribendum</span> <span class='ocrx_word' id='word_1_513' title='bbox 1548 1436 1644 1474; x_wconf 83' lang='lat' dir='ltr'>esse,</span> <span class='ocrx_word' id='word_1_514' title='bbox 1664 1436 1778 1461; x_wconf 91' lang='lat' dir='ltr'>nemo</span> <span class='ocrx_word' id='word_1_515' title='bbox 1794 1438 1873 1462; x_wconf 91' lang='lat' dir='ltr'>non</span> <span class='ocrx_word' id='word_1_516' title='bbox 1890 1425 2007 1464; x_wconf 89' lang='lat' dir='ltr'>videt.</span> <span class='ocrx_word' id='word_1_517' title='bbox 2027 1427 2100 1465; x_wconf 89' lang='lat' dir='ltr'>Sed</span> <span class='ocrx_word' id='word_1_518' title='bbox 2119 1427 2264 1468; x_wconf 85' lang='lat' dir='ltr'>Villois.</span> 
     </span>
     <span class='ocr_line' id='line_1_76' title="bbox 1240 1482 2265 1534; baseline 0.009 -16"><span class='ocrx_word' id='word_1_519' title='bbox 1240 1494 1327 1518; x_wconf 91' lang='lat' dir='ltr'>cum</span> <span class='ocrx_word' id='word_1_520' title='bbox 1349 1482 1533 1528; x_wconf 80' lang='lat' dir='ltr'>Bekkem,</span> <span class='ocrx_word' id='word_1_521' title='bbox 1553 1482 1634 1520; x_wconf 88' lang='lat' dir='ltr'>sine</span> <span class='ocrx_word' id='word_1_522' title='bbox 1659 1482 1779 1520; x_wconf 91' lang='lat' dir='ltr'>dubio</span> <span class='ocrx_word' id='word_1_523' title='bbox 1800 1497 1847 1521; x_wconf 78' lang='lat' dir='ltr'>ex</span> <span class='ocrx_word' id='word_1_524' title='bbox 1869 1483 1969 1534; x_wconf 85' lang='lat' dir='ltr'>cod.)</span> <span class='ocrx_word' id='word_1_525' title='bbox 1983 1485 2105 1524; x_wconf 85' lang='lat' dir='ltr'>edidit</span> <span class='ocrx_word' id='word_1_526' title='bbox 2123 1485 2265 1527; x_wconf 85' lang='grc' dir='ltr'>Ἄτλαν-</span> 
     </span>
     <span class='ocr_line' id='line_1_77' title="bbox 1238 1541 2266 1595; baseline 0.008 -18"><span class='ocrx_word' id='word_1_527' title='bbox 1238 1543 1344 1578; x_wconf 81' lang='grc' dir='ltr'>τικῶν</span> <span class='ocrx_word' id='word_1_528' title='bbox 1365 1549 1480 1591; x_wconf 86' lang='lat' dir='ltr'>atque</span> <span class='ocrx_word' id='word_1_529' title='bbox 1496 1541 1612 1588; x_wconf 89' lang='lat' dir='ltr'>idem,</span> <span class='ocrx_word' id='word_1_530' title='bbox 1629 1542 1816 1580; x_wconf 87' lang='lat' dir='ltr'>Anecdot.</span> <span class='ocrx_word' id='word_1_531' title='bbox 1832 1546 1898 1580; x_wconf 90' lang='lat' dir='ltr'>Gr.</span> <span class='ocrx_word' id='word_1_532' title='bbox 1919 1547 1970 1590; x_wconf 94' lang='lat' dir='ltr'>II,</span> <span class='ocrx_word' id='word_1_533' title='bbox 1985 1557 2022 1595; x_wconf 87' lang='lat' dir='ltr'>p.</span> <span class='ocrx_word' id='word_1_534' title='bbox 2043 1545 2115 1583; x_wconf 84' lang='lat'>158</span> <span class='ocrx_word' id='word_1_535' title='bbox 2131 1555 2266 1585; x_wconf 83' lang='lat' dir='ltr'>auctor</span> 
     </span>
     <span class='ocr_line' id='line_1_78' title="bbox 1238 1599 2264 1654; baseline 0.008 -18"><span class='ocrx_word' id='word_1_536' title='bbox 1238 1607 1308 1646; x_wconf 90' lang='lat' dir='ltr'>est,</span> <span class='ocrx_word' id='word_1_537' title='bbox 1340 1599 1378 1636; x_wconf 92' lang='lat' dir='ltr'>in</span> <span class='ocrx_word' id='word_1_538' title='bbox 1399 1599 1560 1638; x_wconf 86' lang='lat' dir='ltr'>Scholiis</span> <span class='ocrx_word' id='word_1_539' title='bbox 1586 1600 1634 1638; x_wconf 90' lang='lat' dir='ltr'>ad</span> <span class='ocrx_word' id='word_1_540' title='bbox 1667 1601 1845 1650; x_wconf 88' lang='lat' dir='ltr'>Dionysii</span> <span class='ocrx_word' id='word_1_541' title='bbox 1862 1601 2015 1654; x_wconf 82' lang='grc' dir='ltr'>Τέχνην,</span> <span class='ocrx_word' id='word_1_542' title='bbox 2039 1617 2124 1654; x_wconf 90' lang='lat' dir='ltr'>quae</span> <span class='ocrx_word' id='word_1_543' title='bbox 2143 1605 2264 1644; x_wconf 86' lang='lat' dir='ltr'>codex</span> 
     </span>
     <span class='ocr_line' id='line_1_79' title="bbox 1238 1658 2265 1709; baseline 0.008 -15"><span class='ocrx_word' id='word_1_544' title='bbox 1238 1658 1454 1695; x_wconf 87' lang='lat' dir='ltr'>Marcianus</span> <span class='ocrx_word' id='word_1_545' title='bbox 1476 1659 1553 1708; x_wconf 72' lang='lat'>489</span> <span class='ocrx_word' id='word_1_546' title='bbox 1586 1658 1713 1707; x_wconf 87' lang='lat' dir='ltr'>habet,</span> <span class='ocrx_word' id='word_1_547' title='bbox 1734 1672 1834 1709; x_wconf 89' lang='lat' dir='ltr'>saepe</span> <span class='ocrx_word' id='word_1_548' title='bbox 1851 1661 1960 1698; x_wconf 88' lang='lat' dir='ltr'>citari</span> <span class='ocrx_word' id='word_1_549' title='bbox 1974 1662 2210 1701; x_wconf 87' lang='lat' dir='ltr'>Hellanicum</span> <span class='ocrx_word' id='word_1_550' title='bbox 2227 1665 2265 1702; x_wconf 80' lang='grc' dir='ltr'>ἐν</span> 
     </span>
     <span class='ocr_line' id='line_1_80' title="bbox 1238 1714 2263 1768; baseline 0.008 -15"><span class='ocrx_word' id='word_1_551' title='bbox 1238 1714 1367 1768; x_wconf 81' lang='grc' dir='ltr'>πρώτῳ</span> <span class='ocrx_word' id='word_1_552' title='bbox 1385 1718 1455 1754; x_wconf 82' lang='grc' dir='ltr'>τῶν</span> <span class='ocrx_word' id='word_1_553' title='bbox 1474 1716 1715 1756; x_wconf 84' lang='grc' dir='ltr'>Ἀτλαντικῶν.</span> <span class='ocrx_word' id='word_1_554' title='bbox 1740 1720 1865 1758; x_wconf 84' lang='lat' dir='ltr'>Etiam</span> <span class='ocrx_word' id='word_1_555' title='bbox 1890 1720 2179 1767; x_wconf 81' lang='lat' dir='ltr'>Valckenarius,</span> <span class='ocrx_word' id='word_1_556' title='bbox 2215 1723 2263 1761; x_wconf 85' lang='lat' dir='ltr'>ad</span> 
     </span>
     <span class='ocr_line' id='line_1_81' title="bbox 1239 1776 2264 1826; baseline 0.006 -14"><span class='ocrx_word' id='word_1_557' title='bbox 1239 1778 1328 1813; x_wconf 87' lang='lat' dir='ltr'>Eur.</span> <span class='ocrx_word' id='word_1_558' title='bbox 1344 1776 1504 1813; x_wconf 90' lang='lat' dir='ltr'>Phoenn.</span> <span class='ocrx_word' id='word_1_559' title='bbox 1522 1789 1559 1826; x_wconf 89' lang='lat' dir='ltr'>p.</span> <span class='ocrx_word' id='word_1_560' title='bbox 1579 1777 1655 1813; x_wconf 82' lang='lat'>628</span> <span class='ocrx_word' id='word_1_561' title='bbox 1671 1786 1709 1814; x_wconf 89' lang='lat' dir='ltr'>et</span> <span class='ocrx_word' id='word_1_562' title='bbox 1727 1777 1767 1814; x_wconf 91' lang='lat' dir='ltr'>in</span> <span class='ocrx_word' id='word_1_563' title='bbox 1787 1779 2066 1816; x_wconf 82' lang='lat' dir='ltr'>Dissertatione</span> <span class='ocrx_word' id='word_1_564' title='bbox 2082 1779 2131 1817; x_wconf 90' lang='lat' dir='ltr'>de</span> <span class='ocrx_word' id='word_1_565' title='bbox 2143 1781 2264 1819; x_wconf 86' lang='lat' dir='ltr'>Scho-</span> 
     </span>
     <span class='ocr_line' id='line_1_82' title="bbox 1238 1835 2263 1890; baseline 0.004 -18"><span class='ocrx_word' id='word_1_566' title='bbox 1238 1835 1297 1872; x_wconf 87' lang='lat' dir='ltr'>liis</span> <span class='ocrx_word' id='word_1_567' title='bbox 1318 1835 1357 1872; x_wconf 91' lang='lat' dir='ltr'>in</span> <span class='ocrx_word' id='word_1_568' title='bbox 1395 1836 1604 1873; x_wconf 85' lang='lat' dir='ltr'>Homerum</span> <span class='ocrx_word' id='word_1_569' title='bbox 1641 1836 1733 1887; x_wconf 84' lang='lat' dir='ltr'>(vol.</span> <span class='ocrx_word' id='word_1_570' title='bbox 1767 1849 1788 1873; x_wconf 80' lang='lat'>2</span> <span class='ocrx_word' id='word_1_571' title='bbox 1819 1839 1975 1888; x_wconf 84' lang='lat' dir='ltr'>Opusc.‚</span> <span class='ocrx_word' id='word_1_572' title='bbox 2009 1838 2112 1888; x_wconf 89' lang='lat' dir='ltr'>Lips.</span> <span class='ocrx_word' id='word_1_573' title='bbox 2147 1838 2263 1890; x_wconf 86' lang='lat'>1809)</span> 
     </span>
     <span class='ocr_line' id='line_1_83' title="bbox 1238 1893 2262 1946; baseline 0.003 -16"><span class='ocrx_word' id='word_1_574' title='bbox 1238 1907 1275 1944; x_wconf 93' lang='lat' dir='ltr'>p.</span> <span class='ocrx_word' id='word_1_575' title='bbox 1301 1907 1388 1940; x_wconf 80' lang='lat'>121,</span> <span class='ocrx_word' id='word_1_576' title='bbox 1418 1893 1457 1931; x_wconf 92' lang='lat' dir='ltr'>in</span> <span class='ocrx_word' id='word_1_577' title='bbox 1489 1893 1622 1932; x_wconf 88' lang='lat' dir='ltr'>codice</span> <span class='ocrx_word' id='word_1_578' title='bbox 1644 1895 1821 1933; x_wconf 87' lang='lat' dir='ltr'>Leidensi</span> <span class='ocrx_word' id='word_1_579' title='bbox 1849 1897 2012 1946; x_wconf 87' lang='lat' dir='ltr'>reperiri</span> <span class='ocrx_word' id='word_1_580' title='bbox 2038 1906 2197 1935; x_wconf 89' lang='lat' dir='ltr'>testatur</span> <span class='ocrx_word' id='word_1_581' title='bbox 2225 1899 2262 1936; x_wconf 81' lang='grc' dir='ltr'>ἐν</span> 
     </span>
    </p>

    <p class='ocr_par' dir='ltr' id='par_1_20' title="bbox 1257 1951 1880 2044">
     <span class='ocr_line' id='line_1_84' title="bbox 1257 1951 1880 2005; baseline 0.003 -16"><span class='ocrx_word' id='word_1_582' title='bbox 1257 1953 1307 2005; x_wconf 79' lang='grc' dir='ltr'>τῷ</span> <span class='ocrx_word' id='word_1_583' title='bbox 1332 1951 1366 1989; x_wconf 85' lang='grc' dir='ltr'>α’</span> <span class='ocrx_word' id='word_1_584' title='bbox 1381 1954 1449 1990; x_wconf 82' lang='grc' dir='ltr'>τῶν</span> <span class='ocrx_word' id='word_1_585' title='bbox 1469 1951 1736 1991; x_wconf 74' lang='grc' dir='ltr'>Ἀτλαντικῶν.»</span> <span class='ocrx_word' id='word_1_586' title='bbox 1757 1957 1880 1993; x_wconf 86' lang='lat' dir='ltr'>Sturz.</span> 
     </span>
     <span class='ocr_line' id='line_1_85' title="bbox 1717 2006 1780 2044; baseline 0.016 -1"><span class='ocrx_word' id='word_1_587' title='bbox 1717 2006 1780 2044; x_wconf 84' lang='lat'>57.</span> 
     </span>
    </p>

    <p class='ocr_par' dir='ltr' id='par_1_21' title="bbox 1236 2058 2262 2348">
     <span class='ocr_line' id='line_1_86' title="bbox 1291 2058 2262 2115; baseline 0.006 -20"><span class='ocrx_word' id='word_1_588' title='bbox 1291 2058 1418 2096; x_wconf 89' lang='lat' dir='ltr'>Schol.</span> <span class='ocrx_word' id='word_1_589' title='bbox 1448 2061 1606 2096; x_wconf 89' lang='lat' dir='ltr'>Homer.</span> <span class='ocrx_word' id='word_1_590' title='bbox 1626 2059 1668 2097; x_wconf 90' lang='lat' dir='ltr'>Il.</span> <span class='ocrx_word' id='word_1_591' title='bbox 1686 2063 1739 2097; x_wconf 88' lang='lat' dir='ltr'>M.</span> <span class='ocrx_word' id='word_1_592' title='bbox 1759 2074 1773 2096; x_wconf 92' lang='lat'>1</span> <span class='ocrx_word' id='word_1_593' title='bbox 1788 2074 1796 2096; x_wconf 89' lang='lat'>:</span> <span class='ocrx_word' id='word_1_594' title='bbox 1812 2058 2016 2115; x_wconf 84' lang='grc' dir='ltr'>Πάτροκλος</span> <span class='ocrx_word' id='word_1_595' title='bbox 2035 2063 2054 2100; x_wconf 89' lang='grc' dir='ltr'>ὁ</span> <span class='ocrx_word' id='word_1_596' title='bbox 2077 2061 2262 2102; x_wconf 82' lang='grc' dir='ltr'>Μενοιτίου</span> 
     </span>
     <span class='ocr_line' id='line_1_87' title="bbox 1236 2115 2259 2173; baseline 0.005 -19"><span class='ocrx_word' id='word_1_597' title='bbox 1236 2115 1444 2169; x_wconf 77' lang='grc' dir='ltr'>τρεφόμενος</span> <span class='ocrx_word' id='word_1_598' title='bbox 1478 2118 1514 2154; x_wconf 78' lang='grc' dir='ltr'>ἐν</span> <span class='ocrx_word' id='word_1_599' title='bbox 1546 2116 1711 2156; x_wconf 80' lang='grc' dir='ltr'>Ὀποῦντι</span> <span class='ocrx_word' id='word_1_600' title='bbox 1742 2119 1805 2165; x_wconf 75' lang='grc' dir='ltr'>τῆς</span> <span class='ocrx_word' id='word_1_601' title='bbox 1838 2118 2024 2172; x_wconf 86' lang='grc' dir='ltr'>Λοκρίδος,</span> <span class='ocrx_word' id='word_1_602' title='bbox 2057 2117 2259 2173; x_wconf 78' lang='grc' dir='ltr'>περιέπεσεν</span> 
     </span>
     <span class='ocr_line' id='line_1_88' title="bbox 1237 2174 2260 2232; baseline 0.005 -20"><span class='ocrx_word' id='word_1_603' title='bbox 1237 2175 1388 2228; x_wconf 87' lang='grc' dir='ltr'>ἀκουσίῳ</span> <span class='ocrx_word' id='word_1_604' title='bbox 1409 2174 1618 2226; x_wconf 84' lang='grc' dir='ltr'>πταίσματι.</span> <span class='ocrx_word' id='word_1_605' title='bbox 1640 2177 1760 2215; x_wconf 89' lang='grc' dir='ltr'>Παῖδα</span> <span class='ocrx_word' id='word_1_606' title='bbox 1783 2175 1851 2230; x_wconf 84' lang='grc' dir='ltr'>γὰρ</span> <span class='ocrx_word' id='word_1_607' title='bbox 1879 2175 2070 2225; x_wconf 81' lang='grc' dir='ltr'>ἡλικιώτην</span> <span class='ocrx_word' id='word_1_608' title='bbox 2088 2178 2260 2232; x_wconf 70' lang='grc' dir='ltr'>Ἀμφιδά-</span> 
     </span>
     <span class='ocr_line' id='line_1_89' title="bbox 1239 2234 2260 2288; baseline 0.005 -17"><span class='ocrx_word' id='word_1_609' title='bbox 1239 2249 1366 2285; x_wconf 89' lang='grc' dir='ltr'>μαντος</span> <span class='ocrx_word' id='word_1_610' title='bbox 1401 2236 1463 2272; x_wconf 80' lang='grc' dir='ltr'>οὒκ</span> <span class='ocrx_word' id='word_1_611' title='bbox 1504 2234 1643 2286; x_wconf 80' lang='grc' dir='ltr'>ἀσήμου</span> <span class='ocrx_word' id='word_1_612' title='bbox 1685 2235 1926 2287; x_wconf 83' lang='grc' dir='ltr'>Κλησώνυμον</span> <span class='ocrx_word' id='word_1_613' title='bbox 1963 2235 2064 2288; x_wconf 90' lang='lat' dir='ltr'>(cod.</span> <span class='ocrx_word' id='word_1_614' title='bbox 2093 2240 2260 2276; x_wconf 86' lang='lat' dir='ltr'>Venetus</span> 
     </span>
     <span class='ocr_line' id='line_1_90' title="bbox 1239 2291 2259 2348; baseline 0.004 -18"><span class='ocrx_word' id='word_1_615' title='bbox 1239 2291 1505 2344; x_wconf 83' lang='grc' dir='ltr'>Κλισώνυμον),</span> <span class='ocrx_word' id='word_1_616' title='bbox 1527 2291 1564 2341; x_wconf 76' lang='grc' dir='ltr'>ἢ,</span> <span class='ocrx_word' id='word_1_617' title='bbox 1585 2291 1704 2346; x_wconf 83' lang='grc' dir='ltr'>ὥσπερ</span> <span class='ocrx_word' id='word_1_618' title='bbox 1725 2293 1831 2342; x_wconf 81' lang='grc' dir='ltr'>τινὲς,</span> <span class='ocrx_word' id='word_1_619' title='bbox 1857 2293 1992 2342; x_wconf 86' lang='grc' dir='ltr'>Αἷάνην</span> <span class='ocrx_word' id='word_1_620' title='bbox 2011 2294 2131 2348; x_wconf 85' lang='lat' dir='ltr'>(idem</span> <span class='ocrx_word' id='word_1_621' title='bbox 2152 2295 2259 2344; x_wconf 78' lang='grc' dir='ltr'>Αἶαν)</span> 
     </span>
    </p>
   </div>
   <div class='ocr_carea' id='block_1_13' title="bbox 1232 2403 2258 2494">
    <p class='ocr_par' dir='ltr' id='par_1_22' title="bbox 1232 2403 2258 2494">
     <span class='ocr_line' id='line_1_91' title="bbox 1233 2403 2258 2447; baseline 0.003 -12"><span class='ocrx_word' id='word_1_622' title='bbox 1233 2403 1352 2436; x_wconf 89' lang='lat' dir='ltr'>Niobes</span> <span class='ocrx_word' id='word_1_623' title='bbox 1362 2404 1442 2436; x_wconf 89' lang='lat' dir='ltr'>dicit</span> <span class='ocrx_word' id='word_1_624' title='bbox 1449 2406 1616 2444; x_wconf 87' lang='lat' dir='ltr'>quattuor,</span> <span class='ocrx_word' id='word_1_625' title='bbox 1630 2404 1856 2444; x_wconf 85' lang='lat' dir='ltr'>Archenorem,</span> <span class='ocrx_word' id='word_1_626' title='bbox 1870 2407 2112 2447; x_wconf 85' lang='lat' dir='ltr'>Menestratum,</span> <span class='ocrx_word' id='word_1_627' title='bbox 2123 2431 2130 2439; x_wconf 92' lang='lat'>.</span> <span class='ocrx_word' id='word_1_628' title='bbox 2142 2431 2150 2438; x_wconf 91' lang='lat'>.</span> <span class='ocrx_word' id='word_1_629' title='bbox 2161 2429 2168 2438; x_wconf 91' lang='lat'>.</span> <span class='ocrx_word' id='word_1_630' title='bbox 2179 2430 2187 2438; x_wconf 84' lang='lat'>.</span> <span class='ocrx_word' id='word_1_631' title='bbox 2204 2409 2258 2440; x_wconf 90' lang='lat' dir='ltr'>Ar-</span> 
     </span>
     <span class='ocr_line' id='line_1_92' title="bbox 1232 2451 2216 2494; baseline 0.004 -12"><span class='ocrx_word' id='word_1_632' title='bbox 1232 2451 1420 2491; x_wconf 80' lang='lat' dir='ltr'>chagoram3</span> <span class='ocrx_word' id='word_1_633' title='bbox 1435 2451 1517 2484; x_wconf 85' lang='lat' dir='ltr'>filias</span> <span class='ocrx_word' id='word_1_634' title='bbox 1531 2460 1610 2484; x_wconf 85' lang='lat' dir='ltr'>vero</span> <span class='ocrx_word' id='word_1_635' title='bbox 1627 2454 1703 2487; x_wconf 85' lang='lat' dir='ltr'>tres,</span> <span class='ocrx_word' id='word_1_636' title='bbox 1720 2452 1889 2493; x_wconf 82' lang='lat' dir='ltr'>Ogygiam,</span> <span class='ocrx_word' id='word_1_637' title='bbox 1906 2453 2131 2494; x_wconf 84' lang='lat' dir='ltr'>Astycratiam‚</span> <span class='ocrx_word' id='word_1_638' title='bbox 2151 2477 2158 2485; x_wconf 92' lang='lat'>.</span> <span class='ocrx_word' id='word_1_639' title='bbox 2170 2478 2177 2485; x_wconf 92' lang='lat'>.</span> <span class='ocrx_word' id='word_1_640' title='bbox 2190 2478 2197 2485; x_wconf 95' lang='lat'>.</span> <span class='ocrx_word' id='word_1_641' title='bbox 2209 2478 2216 2485; x_wconf 93' lang='lat'>.</span> 
     </span>
    </p>
   </div>
   <div class='ocr_carea' id='block_1_14' title="bbox 1713 2518 1776 2551">
    <p class='ocr_par' dir='ltr' id='par_1_23' title="bbox 1713 2518 1776 2551">
     <span class='ocr_line' id='line_1_93' title="bbox 1713 2518 1776 2551; baseline -0.032 0"><span class='ocrx_word' id='word_1_642' title='bbox 1713 2518 1776 2551; x_wconf 82' lang='lat'>55.</span> 
     </span>
    </p>
   </div>
   <div class='ocr_carea' id='block_1_15' title="bbox 1232 2574 2256 2654">
    <p class='ocr_par' dir='ltr' id='par_1_24' title="bbox 1232 2574 2256 2654">
     <span class='ocr_line' id='line_1_94' title="bbox 1275 2574 2256 2615; baseline 0.002 -9"><span class='ocrx_word' id='word_1_643' title='bbox 1275 2574 1466 2607; x_wconf 89' lang='lat' dir='ltr'>Homeridas</span> <span class='ocrx_word' id='word_1_644' title='bbox 1481 2574 1666 2607; x_wconf 86' lang='lat' dir='ltr'>Hellanicus</span> <span class='ocrx_word' id='word_1_645' title='bbox 1681 2575 1715 2607; x_wconf 89' lang='lat' dir='ltr'>in</span> <span class='ocrx_word' id='word_1_646' title='bbox 1727 2575 1920 2615; x_wconf 85' lang='lat' dir='ltr'>Atlantiade‚</span> <span class='ocrx_word' id='word_1_647' title='bbox 1935 2575 1977 2607; x_wconf 86' lang='lat' dir='ltr'>ab</span> <span class='ocrx_word' id='word_1_648' title='bbox 1988 2576 2128 2608; x_wconf 83' lang='lat' dir='ltr'>Homero</span> <span class='ocrx_word' id='word_1_649' title='bbox 2138 2584 2256 2609; x_wconf 86' lang='lat' dir='ltr'>nomen</span> 
     </span>
     <span class='ocr_line' id='line_1_95' title="bbox 1232 2621 1527 2654; baseline 0.007 -2"><span class='ocrx_word' id='word_1_650' title='bbox 1232 2621 1385 2653; x_wconf 85' lang='lat' dir='ltr'>habuisse</span> <span class='ocrx_word' id='word_1_651' title='bbox 1403 2622 1527 2654; x_wconf 88' lang='lat' dir='ltr'>scribit.</span> 
     </span>
    </p>
   </div>
   <div class='ocr_carea' id='block_1_16' title="bbox 1229 2736 2255 3199">
    <p class='ocr_par' dir='ltr' id='par_1_25' title="bbox 1229 2736 2255 3199">
     <span class='ocr_line' id='line_1_96' title="bbox 1274 2736 2255 2778; baseline 0.002 -10"><span class='ocrx_word' id='word_1_652' title='bbox 1274 2737 1457 2769; x_wconf 84' lang='lat' dir='ltr'>Hellanicus</span> <span class='ocrx_word' id='word_1_653' title='bbox 1477 2738 1510 2768; x_wconf 90' lang='lat' dir='ltr'>in</span> <span class='ocrx_word' id='word_1_654' title='bbox 1524 2737 1607 2769; x_wconf 88' lang='lat' dir='ltr'>libro</span> <span class='ocrx_word' id='word_1_655' title='bbox 1629 2737 1734 2778; x_wconf 90' lang='lat' dir='ltr'>primo</span> <span class='ocrx_word' id='word_1_656' title='bbox 1755 2738 1795 2770; x_wconf 86' lang='lat' dir='ltr'>de</span> <span class='ocrx_word' id='word_1_657' title='bbox 1810 2737 1948 2770; x_wconf 86' lang='lat' dir='ltr'>Atlantis</span> <span class='ocrx_word' id='word_1_658' title='bbox 1964 2736 2092 2770; x_wconf 87' lang='lat' dir='ltr'>filiabus</span> <span class='ocrx_word' id='word_1_659' title='bbox 2107 2745 2164 2770; x_wconf 85' lang='lat' dir='ltr'>sex</span> <span class='ocrx_word' id='word_1_660' title='bbox 2179 2745 2255 2770; x_wconf 88' lang='lat' dir='ltr'>cum</span> 
     </span>
     <span class='ocr_line' id='line_1_97' title="bbox 1231 2783 2254 2826; baseline 0.002 -11"><span class='ocrx_word' id='word_1_661' title='bbox 1231 2783 1292 2815; x_wconf 87' lang='lat' dir='ltr'>diis</span> <span class='ocrx_word' id='word_1_662' title='bbox 1303 2784 1517 2816; x_wconf 86' lang='lat' dir='ltr'>concubuisse</span> <span class='ocrx_word' id='word_1_663' title='bbox 1532 2784 1787 2826; x_wconf 80' lang='lat' dir='ltr'>dicit‚Taygeten</span> <span class='ocrx_word' id='word_1_664' title='bbox 1797 2794 1870 2817; x_wconf 91' lang='lat' dir='ltr'>cum</span> <span class='ocrx_word' id='word_1_665' title='bbox 1880 2787 1974 2824; x_wconf 84' lang='lat' dir='ltr'>Jove,</span> <span class='ocrx_word' id='word_1_666' title='bbox 1986 2793 2022 2816; x_wconf 78' lang='lat' dir='ltr'>ex</span> <span class='ocrx_word' id='word_1_667' title='bbox 2037 2784 2155 2825; x_wconf 86' lang='lat' dir='ltr'>quibus</span> <span class='ocrx_word' id='word_1_668' title='bbox 2162 2786 2254 2817; x_wconf 60' lang='lat' dir='ltr'>Lace*</span> 
     </span>
     <span class='ocr_line' id='line_1_98' title="bbox 1233 2830 2252 2872; baseline 0.002 -11"><span class='ocrx_word' id='word_1_669' title='bbox 1233 2830 1379 2869; x_wconf 82' lang='lat' dir='ltr'>daem0n3</span> <span class='ocrx_word' id='word_1_670' title='bbox 1389 2832 1506 2871; x_wconf 87' lang='lat' dir='ltr'>Majam</span> <span class='ocrx_word' id='word_1_671' title='bbox 1516 2840 1592 2862; x_wconf 92' lang='lat' dir='ltr'>cum</span> <span class='ocrx_word' id='word_1_672' title='bbox 1599 2834 1691 2871; x_wconf 85' lang='lat' dir='ltr'>Jove,</span> <span class='ocrx_word' id='word_1_673' title='bbox 1705 2841 1745 2864; x_wconf 86' lang='lat' dir='ltr'>ex</span> <span class='ocrx_word' id='word_1_674' title='bbox 1755 2831 1875 2872; x_wconf 88' lang='lat' dir='ltr'>quihus</span> <span class='ocrx_word' id='word_1_675' title='bbox 1884 2831 2078 2870; x_wconf 86' lang='lat' dir='ltr'>Mercurius;</span> <span class='ocrx_word' id='word_1_676' title='bbox 2093 2831 2252 2863; x_wconf 83' lang='lat' dir='ltr'>Electram</span> 
     </span>
     <span class='ocr_line' id='line_1_99' title="bbox 1230 2878 2251 2919; baseline 0 -10"><span class='ocrx_word' id='word_1_677' title='bbox 1230 2886 1305 2909; x_wconf 92' lang='lat' dir='ltr'>cum</span> <span class='ocrx_word' id='word_1_678' title='bbox 1321 2879 1414 2918; x_wconf 84' lang='lat' dir='ltr'>Jove,</span> <span class='ocrx_word' id='word_1_679' title='bbox 1431 2886 1471 2910; x_wconf 80' lang='lat' dir='ltr'>ex</span> <span class='ocrx_word' id='word_1_680' title='bbox 1487 2878 1605 2918; x_wconf 88' lang='lat' dir='ltr'>quihus</span> <span class='ocrx_word' id='word_1_681' title='bbox 1617 2878 1786 2910; x_wconf 87' lang='lat' dir='ltr'>Dardanus</span> <span class='ocrx_word' id='word_1_682' title='bbox 1801 2890 1810 2919; x_wconf 89' lang='lat'>;</span> <span class='ocrx_word' id='word_1_683' title='bbox 1829 2878 1992 2919; x_wconf 77' lang='lat' dir='ltr'>Alcyonen</span> <span class='ocrx_word' id='word_1_684' title='bbox 2007 2886 2082 2909; x_wconf 85' lang='lat' dir='ltr'>cum</span> <span class='ocrx_word' id='word_1_685' title='bbox 2089 2879 2251 2919; x_wconf 77' lang='lat' dir='ltr'>Neptuno,</span> 
     </span>
     <span class='ocr_line' id='line_1_100' title="bbox 1229 2924 2252 2966; baseline 0 -10"><span class='ocrx_word' id='word_1_686' title='bbox 1229 2933 1269 2956; x_wconf 84' lang='lat' dir='ltr'>ex</span> <span class='ocrx_word' id='word_1_687' title='bbox 1285 2924 1403 2965; x_wconf 89' lang='lat' dir='ltr'>quibus</span> <span class='ocrx_word' id='word_1_688' title='bbox 1416 2925 1571 2965; x_wconf 83' lang='lat' dir='ltr'>Hyrieus3</span> <span class='ocrx_word' id='word_1_689' title='bbox 1590 2927 1743 2966; x_wconf 88' lang='lat' dir='ltr'>Steropen</span> <span class='ocrx_word' id='word_1_690' title='bbox 1760 2934 1835 2957; x_wconf 90' lang='lat' dir='ltr'>cum</span> <span class='ocrx_word' id='word_1_691' title='bbox 1842 2927 1954 2963; x_wconf 88' lang='lat' dir='ltr'>Marte,</span> <span class='ocrx_word' id='word_1_692' title='bbox 1969 2933 2009 2956; x_wconf 84' lang='lat' dir='ltr'>ex</span> <span class='ocrx_word' id='word_1_693' title='bbox 2022 2924 2141 2964; x_wconf 88' lang='lat' dir='ltr'>quibus</span> <span class='ocrx_word' id='word_1_694' title='bbox 2153 2926 2252 2956; x_wconf 91' lang='lat' dir='ltr'>OEno-</span> 
     </span>
     <span class='ocr_line' id='line_1_101' title="bbox 1230 2971 2251 3012; baseline 0 -10"><span class='ocrx_word' id='word_1_695' title='bbox 1230 2980 1323 3003; x_wconf 92' lang='lat' dir='ltr'>maus</span> <span class='ocrx_word' id='word_1_696' title='bbox 1339 2983 1348 3011; x_wconf 89' lang='grc'>;</span> <span class='ocrx_word' id='word_1_697' title='bbox 1366 2971 1494 3003; x_wconf 77' lang='lat' dir='ltr'>Celaeno</span> <span class='ocrx_word' id='word_1_698' title='bbox 1514 2980 1588 3003; x_wconf 90' lang='lat' dir='ltr'>cum</span> <span class='ocrx_word' id='word_1_699' title='bbox 1605 2974 1766 3012; x_wconf 90' lang='lat' dir='ltr'>Neptuno,</span> <span class='ocrx_word' id='word_1_700' title='bbox 1782 2981 1822 3004; x_wconf 81' lang='lat' dir='ltr'>ex</span> <span class='ocrx_word' id='word_1_701' title='bbox 1833 2971 1952 3012; x_wconf 82' lang='lat' dir='ltr'>quibus</span> <span class='ocrx_word' id='word_1_702' title='bbox 1960 2973 2084 3011; x_wconf 84' lang='lat' dir='ltr'>Lycus;</span> <span class='ocrx_word' id='word_1_703' title='bbox 2099 2972 2251 3012; x_wconf 86' lang='lat' dir='ltr'>Meropen</span> 
     </span>
     <span class='ocr_line' id='line_1_102' title="bbox 1230 3016 2250 3058; baseline 0 -9"><span class='ocrx_word' id='word_1_704' title='bbox 1230 3027 1305 3050; x_wconf 85' lang='lat' dir='ltr'>vero</span> <span class='ocrx_word' id='word_1_705' title='bbox 1324 3027 1398 3049; x_wconf 90' lang='lat' dir='ltr'>cum</span> <span class='ocrx_word' id='word_1_706' title='bbox 1415 3017 1551 3058; x_wconf 87' lang='lat' dir='ltr'>Sisypho</span> <span class='ocrx_word' id='word_1_707' title='bbox 1566 3041 1574 3057; x_wconf 95' lang='lat'>,</span> <span class='ocrx_word' id='word_1_708' title='bbox 1590 3018 1720 3050; x_wconf 89' lang='lat' dir='ltr'>homine</span> <span class='ocrx_word' id='word_1_709' title='bbox 1738 3018 1864 3050; x_wconf 86' lang='lat' dir='ltr'>mortali</span> <span class='ocrx_word' id='word_1_710' title='bbox 1880 3041 1889 3057; x_wconf 92' lang='lat'>‚</span> <span class='ocrx_word' id='word_1_711' title='bbox 1904 3027 1942 3049; x_wconf 88' lang='lat' dir='ltr'>ex</span> <span class='ocrx_word' id='word_1_712' title='bbox 1960 3017 2079 3057; x_wconf 89' lang='lat' dir='ltr'>quibus</span> <span class='ocrx_word' id='word_1_713' title='bbox 2095 3016 2250 3056; x_wconf 81' lang='lat' dir='ltr'>Glaucus,</span> 
     </span>
     <span class='ocr_line' id='line_1_103' title="bbox 1229 3063 2250 3105; baseline 0 -9"><span class='ocrx_word' id='word_1_714' title='bbox 1229 3074 1364 3105; x_wconf 87' lang='lat' dir='ltr'>eamque</span> <span class='ocrx_word' id='word_1_715' title='bbox 1382 3067 1548 3105; x_wconf 88' lang='lat' dir='ltr'>propterea</span> <span class='ocrx_word' id='word_1_716' title='bbox 1563 3064 1736 3096; x_wconf 88' lang='lat' dir='ltr'>obscurato</span> <span class='ocrx_word' id='word_1_717' title='bbox 1754 3065 1875 3096; x_wconf 91' lang='lat' dir='ltr'>lumine</span> <span class='ocrx_word' id='word_1_718' title='bbox 1889 3073 1969 3096; x_wconf 89' lang='lat' dir='ltr'>esse.</span> <span class='ocrx_word' id='word_1_719' title='bbox 1994 3063 2124 3104; x_wconf 84' lang='lat' dir='ltr'>Hyadas</span> <span class='ocrx_word' id='word_1_720' title='bbox 2142 3066 2250 3096; x_wconf 84' lang='lat' dir='ltr'>autem</span> 
     </span>
     <span class='ocr_line' id='line_1_104' title="bbox 1229 3110 2248 3152; baseline -0.001 -9"><span class='ocrx_word' id='word_1_721' title='bbox 1229 3112 1292 3144; x_wconf 89' lang='lat' dir='ltr'>dici</span> <span class='ocrx_word' id='word_1_722' title='bbox 1307 3120 1360 3143; x_wconf 88' lang='lat' dir='ltr'>eas</span> <span class='ocrx_word' id='word_1_723' title='bbox 1377 3113 1507 3152; x_wconf 86' lang='lat' dir='ltr'>propter</span> <span class='ocrx_word' id='word_1_724' title='bbox 1523 3111 1687 3143; x_wconf 85' lang='lat' dir='ltr'>stellarum</span> <span class='ocrx_word' id='word_1_725' title='bbox 1703 3111 1849 3152; x_wconf 82' lang='lat' dir='ltr'>figuram,</span> <span class='ocrx_word' id='word_1_726' title='bbox 1867 3120 1941 3151; x_wconf 85' lang='lat' dir='ltr'>quae</span> <span class='ocrx_word' id='word_1_727' title='bbox 1954 3110 2053 3142; x_wconf 83' lang='lat' dir='ltr'>literae</span> <span class='ocrx_word' id='word_1_728' title='bbox 2065 3113 2091 3142; x_wconf 91' lang='grc' dir='ltr'>Υ</span> <span class='ocrx_word' id='word_1_729' title='bbox 2107 3119 2173 3142; x_wconf 91' lang='lat' dir='ltr'>non</span> <span class='ocrx_word' id='word_1_730' title='bbox 2185 3110 2248 3143; x_wconf 84' lang='lat' dir='ltr'>dis·</span> 
     </span>
     <span class='ocr_line' id='line_1_105' title="bbox 1229 3157 2247 3199; baseline 0 -9"><span class='ocrx_word' id='word_1_731' title='bbox 1229 3158 1344 3191; x_wconf 90' lang='lat' dir='ltr'>similis</span> <span class='ocrx_word' id='word_1_732' title='bbox 1357 3160 1451 3198; x_wconf 85' lang='lat' dir='ltr'>esset,</span> <span class='ocrx_word' id='word_1_733' title='bbox 1472 3159 1528 3190; x_wconf 83' lang='lat' dir='ltr'>aut</span> <span class='ocrx_word' id='word_1_734' title='bbox 1544 3158 1631 3199; x_wconf 88' lang='lat' dir='ltr'>quod</span> <span class='ocrx_word' id='word_1_735' title='bbox 1647 3158 1708 3190; x_wconf 91' lang='lat' dir='ltr'>sub</span> <span class='ocrx_word' id='word_1_736' title='bbox 1721 3166 1831 3190; x_wconf 85' lang='lat' dir='ltr'>earum</span> <span class='ocrx_word' id='word_1_737' title='bbox 1846 3160 1919 3189; x_wconf 89' lang='lat' dir='ltr'>ortu</span> <span class='ocrx_word' id='word_1_738' title='bbox 1935 3159 1967 3189; x_wconf 86' lang='lat' dir='ltr'>et</span> <span class='ocrx_word' id='word_1_739' title='bbox 1981 3165 2099 3189; x_wconf 86' lang='lat' dir='ltr'>occasu</span> <span class='ocrx_word' id='word_1_740' title='bbox 2111 3157 2247 3198; x_wconf 86' lang='lat' dir='ltr'>plueret.</span> 
     </span>
    </p>
   </div>
   <div class='ocr_carea' id='block_1_17' title="bbox 1706 3219 1767 3252">
    <p class='ocr_par' dir='ltr' id='par_1_26' title="bbox 1706 3219 1767 3252">
     <span class='ocr_line' id='line_1_106' title="bbox 1706 3219 1767 3252; baseline -0.033 0"><span class='ocrx_word' id='word_1_741' title='bbox 1706 3219 1767 3252; x_wconf 90' lang='lat'>57.</span> 
     </span>
    </p>
   </div>
   <div class='ocr_carea' id='block_1_18' title="bbox 1227 3274 2248 3457">
    <p class='ocr_par' dir='ltr' id='par_1_27' title="bbox 1227 3274 2248 3457">
     <span class='ocr_line' id='line_1_107' title="bbox 1269 3274 2248 3317; baseline -0.003 -8"><span class='ocrx_word' id='word_1_742' title='bbox 1269 3276 1447 3315; x_wconf 40' lang='lat' dir='ltr'>Patroclum</span> <span class='ocrx_word' id='word_1_743' title='bbox 1467 3276 1609 3308; x_wconf 85' lang='lat' dir='ltr'>Mcnoetii</span> <span class='ocrx_word' id='word_1_744' title='bbox 1640 3275 1738 3314; x_wconf 82' lang='lat' dir='ltr'>filius,</span> <span class='ocrx_word' id='word_1_745' title='bbox 1750 3277 1889 3317; x_wconf 84' lang='lat' dir='ltr'>Opunte,</span> <span class='ocrx_word' id='word_1_746' title='bbox 1907 3275 2053 3307; x_wconf 87' lang='lat' dir='ltr'>Locridis</span> <span class='ocrx_word' id='word_1_747' title='bbox 2067 3274 2158 3314; x_wconf 89' lang='lat' dir='ltr'>urbe,</span> <span class='ocrx_word' id='word_1_748' title='bbox 2175 3274 2248 3306; x_wconf 87' lang='lat' dir='ltr'>edu-</span> 
     </span>
     <span class='ocr_line' id='line_1_108' title="bbox 1228 3322 2247 3364; baseline -0.003 -8"><span class='ocrx_word' id='word_1_749' title='bbox 1228 3327 1330 3364; x_wconf 86' lang='lat' dir='ltr'>catus,</span> <span class='ocrx_word' id='word_1_750' title='bbox 1349 3324 1460 3355; x_wconf 88' lang='lat' dir='ltr'>insons</span> <span class='ocrx_word' id='word_1_751' title='bbox 1470 3323 1631 3355; x_wconf 85' lang='lat' dir='ltr'>commisit</span> <span class='ocrx_word' id='word_1_752' title='bbox 1640 3323 1802 3355; x_wconf 83' lang='lat' dir='ltr'>delictum.</span> <span class='ocrx_word' id='word_1_753' title='bbox 1814 3323 1943 3354; x_wconf 82' lang='lat' dir='ltr'>Etenim</span> <span class='ocrx_word' id='word_1_754' title='bbox 1957 3322 2114 3364; x_wconf 85' lang='lat' dir='ltr'>aequalem</span> <span class='ocrx_word' id='word_1_755' title='bbox 2124 3322 2247 3363; x_wconf 80' lang='lat' dir='ltr'>Amphi-</span> 
     </span>
     <span class='ocr_line' id='line_1_109' title="bbox 1229 3369 2245 3410; baseline -0.005 -6"><span class='ocrx_word' id='word_1_756' title='bbox 1229 3371 1388 3404; x_wconf 85' lang='lat' dir='ltr'>damantis</span> <span class='ocrx_word' id='word_1_757' title='bbox 1405 3370 1490 3402; x_wconf 88' lang='lat' dir='ltr'>haud</span> <span class='ocrx_word' id='word_1_758' title='bbox 1514 3370 1612 3410; x_wconf 86' lang='lat' dir='ltr'>ignoti</span> <span class='ocrx_word' id='word_1_759' title='bbox 1630 3369 1732 3401; x_wconf 83' lang='lat' dir='ltr'>filium</span> <span class='ocrx_word' id='word_1_760' title='bbox 1744 3395 1754 3410; x_wconf 89' lang='lat'>,</span> <span class='ocrx_word' id='word_1_761' title='bbox 1775 3369 2019 3410; x_wconf 86' lang='lat' dir='ltr'>Clisonymum,</span> <span class='ocrx_word' id='word_1_762' title='bbox 2038 3369 2100 3408; x_wconf 86' lang='lat' dir='ltr'>vel,</span> <span class='ocrx_word' id='word_1_763' title='bbox 2118 3369 2154 3400; x_wconf 90' lang='lat' dir='ltr'>ut</span> <span class='ocrx_word' id='word_1_764' title='bbox 2168 3376 2245 3399; x_wconf 91' lang='lat' dir='ltr'>non-</span> 
     </span>
     <span class='ocr_line' id='line_1_110' title="bbox 1227 3415 2246 3457; baseline -0.005 -7"><span class='ocrx_word' id='word_1_765' title='bbox 1227 3418 1308 3450; x_wconf 91' lang='lat' dir='ltr'>nulli</span> <span class='ocrx_word' id='word_1_766' title='bbox 1342 3417 1473 3449; x_wconf 83' lang='lat' dir='ltr'>tradunt</span> <span class='ocrx_word' id='word_1_767' title='bbox 1487 3442 1496 3457; x_wconf 94' lang='lat'>‚</span> <span class='ocrx_word' id='word_1_768' title='bbox 1529 3419 1650 3449; x_wconf 86' lang='lat' dir='ltr'>AEanen</span> <span class='ocrx_word' id='word_1_769' title='bbox 1662 3441 1670 3456; x_wconf 93' lang='lat'><strong><em>‚</em></strong></span> <span class='ocrx_word' id='word_1_770' title='bbox 1701 3417 1734 3448; x_wconf 93' lang='lat' dir='ltr'>in</span> <span class='ocrx_word' id='word_1_771' title='bbox 1757 3417 1894 3448; x_wconf 89' lang='lat' dir='ltr'>talorum</span> <span class='ocrx_word' id='word_1_772' title='bbox 1922 3415 1999 3447; x_wconf 88' lang='lat' dir='ltr'>ludo</span> <span class='ocrx_word' id='word_1_773' title='bbox 2028 3416 2075 3447; x_wconf 86' lang='lat' dir='ltr'>ira</span> <span class='ocrx_word' id='word_1_774' title='bbox 2095 3415 2246 3455; x_wconf 84' lang='lat' dir='ltr'>abreptus</span> 
     </span>
    </p>
   </div>
  </div>
 </body>
</html>
