2320 3684
170 180 244 213 112

695 167 1072 206 ΑΠΟΛΛΟΔΩΡΟΥ
1101 166 1442 208 ΒΙΒΛῙΟΘΗΚΗΣ
1469 171 1514 218 A,
1542 167 1585 220 ζ’,
1608 169 1650 215 η’.

165 259 230 308 τὴν
249 259 441 307 θάλασσαν,
458 257 578 311 χερσὶν
596 254 772 309 ἀρυομένη
791 253 836 292 τὰ
853 253 996 305 κύματα
1013 259 1084 298 τοῖς
1101 253 1188 292 κόλ-
1239 270 1370 304 terebat.
1386 273 1437 304 *Α
1451 273 1600 312 Neptuno
1611 277 1796 312 compressa
1813 269 1957 310 geminos
1971 271 2103 311 peperit,
2115 273 2214 305 otum
2228 263 2262 307 et

165 333 244 362 ποις
261 316 423 371 ἐνεφόρει·
434 313 652 376 ἰωΣυνελθὼν
665 312 701 351 δὲ
716 314 804 365 αὐτῇ
821 313 1016 362 umam*
1027 311 1087 351 δύο
1094 311 1187 364 ἐ’Υέψ
1239 335 1420 377 Ephialten,
1429 344 1509 376 quos
1517 335 1646 368 Aloidas
1659 334 1828 376 appellant.
1844 334 1902 366 ὅΗί
1911 335 2083 375 quotannis
2094 335 2262 370 latitudine

166 392 251 424 νησε
275 376 401 418 παῖδας
415 405 425 423 ,
458 376 565 413 Ὠτον
586 368 646 410 καὶ
665 370 858 424 Ἐφιάλτην
874 401 884 419 ,
903 370 980 414 τοὺς
1009 370 1191 414 Ἀλωείδας

166 433 407 487 λεγομένους.5
427 426 535 471 Οῧτοι
555 430 633 469 κατ’
650 428 805 468 ἐνιαυτὸν
816 427 961 476 ηὔξανον
977 429 1108 474 πλάτος
1127 428 1189 481 μὲν

167 497 361 544 πηχυαῖον,
382 492 493 541 μῆκος
510 487 546 526 δὲ
563 490 749 542 ὀργυιαῖον·
770 485 869 525 ἐννέα
889 485 925 524 δὲ
942 487 1027 526 ἐτῶν
1044 486 1191 539 γενόμε-

168 565 233 599 νοι,
256 549 315 587 καὶ
337 548 376 586 τὸ
394 547 457 599 μὲν
479 546 612 590 πλάτος
633 548 760 599 πηχῶν
783 545 920 598 ἔχοντες
947 544 1069 595 ἐννέα,
1096 545 1136 584 τὸ
1156 544 1192 584 δὲ

171 607 312 659 μέγεθος
325 608 472 659 ὀργυιῶν
487 604 601 654 ἐννέα,
615 604 700 658 πρὸς
717 604 791 643 θεὸν
804 603 978 656 μάχεσθαι
989 604 1192 653 διενοοῦντο,

169 666 229 704 καὶ
248 665 311 712 τὴν
330 663 393 716 μὲν
413 662 552 703 Ὄσσαν
571 664 629 702 ἐπὶ
650 663 709 702 τὸν
729 663 916 714 Ὄλυμπον
934 662 1069 712 ἔθεσαν,
1086 663 1143 701 ἐπὶ
1157 662 1194 701 δὲ

169 723 232 771 τὴν
252 723 392 763 ’Όσσαν
413 722 525 767 θέντες
550 722 590 761 τὸ
612 722 771 771 Πήλιον,
792 721 848 760 διὰ
866 724 935 760 τῶν
956 723 1044 776 ὀρῶν
1061 720 1192 760 τούτων

170 781 334 829 ἠπείλουν
360 783 407 825 εἷς
424 781 568 835 οὐρανὸν
593 780 847 828 ἀναδήσεσθαι·
877 779 936 818 καὶ
956 779 1018 828 τὴν
1045 779 1108 832 μὲν
1135 780 1196 818 θά-

170 842 305 879 λασσαν
318 870 329 889 ,
349 838 528 893 χώσαντες
545 845 618 883 τοῖς
635 838 729 894 ὄρεσι
741 870 752 888 ,
771 838 928 886 ποιήσειν
949 837 1066 890 ἔλεγον
1090 838 1195 885 ἤπει-

173 913 243 952 ρον,
257 897 320 945 τὴν
336 897 372 936 δὲ
388 901 466 949 γῆν,
485 897 675 937 θάλασσαν.
695 898 712 923 ⁶
731 896 916 948 Ἔμνῶντο
936 895 985 946 δὲ,
1003 897 1197 950 Ἐφιάλτης

173 956 236 1008 μὲν
251 955 383 1011 (Ἥραν,
399 950 511 1000 'aroc
527 955 563 994 δὲ
579 953 754 1009 Ἄρτεμιν.
773 954 933 1003 ’Έδησαν
951 954 987 992 δὲ
1003 954 1062 993 καὶ
1073 953 1195 1008 Ἄρην.

172 1017 306 1054 Τοῦτον
340 1014 403 1066 μὲν
432 1009 491 1053 οῧν
518 1013 653 1068 Ἑρμῆς
684 1013 876 1067 ἐξέκλεψεν.
907 1013 1036 1052 Ἀνείλε
1059 1012 1096 1051 δὲ
1120 1012 1198 1057 τοὺς

174 1072 357 1117 Ἀλωείδας
376 1074 411 1112 ἐν
444 1071 551 1126 Νάξῳ
574 1071 735 1127 Ἄρτεμις
763 1071 805 1110 δι’
830 1071 984 1119 ἀπάτης·
1018 1070 1198 1116 ἀλλάξασα

172 1131 239 1185 γὰρ
255 1131 318 1179 τὴν
336 1130 431 1170 ἰδέαν
452 1133 499 1175 εἷς
515 1131 658 1185 ἔλαφον,
679 1130 735 1169 διὰ
755 1129 864 1182 μέσου
882 1131 996 1169 αὐτῶν
1012 1129 1197 1177 ἐπήδησεν·

175 1192 206 1228 οἱ
227 1190 264 1228 δὲ
294 1189 497 1242 βουλόμενοι
522 1191 734 1242 εὐστοχῆσαι
761 1188 801 1228 τὸ
823 1187 960 1242 θηρίον,
989 1189 1042 1242 ἐφ’
1060 1187 1201 1231 ἑαυτοὺς

177 1247 379 1295 ἠκόντισαν.

230 1308 280 1359 (5)
298 1305 465 1354 Καλύκης
488 1305 524 1344 δὲ
543 1306 603 1345 καὶ
619 1305 770 1346 Ἀεθλίου
785 1311 867 1349 παῖς
887 1304 1086 1356 Ἐνδυμίων
1105 1303 1202 1355 γίνε-

176 1381 259 1414 ται,
288 1364 406 1415 ὅστις,
435 1367 474 1403 ἐκ
501 1364 701 1408 Θεσσαλίας
728 1363 876 1407 Αἰολέας
910 1362 1073 1415 ἀγαγὼν,
1095 1356 1201 1400 ’Ἦλιν

177 1423 295 1478 ᾤκισε.
313 1423 465 1476 Λέγουσι
487 1423 524 1462 δὲ
541 1422 644 1462 αὐτόν
664 1439 753 1466 τινες
770 1424 810 1461 ἐκ
828 1421 909 1465 Διὸς
923 1421 1096 1473 γενέσθαι.
1114 1418 1204 1460 Τού-

178 1499 238 1521 του
255 1483 377 1522 κάλλει
392 1482 621 1534 διενεγκόντος
634 1481 768 1536 ἠράσθη
787 1480 940 1528 Σελήνη.
958 1479 1044 1524 Ζεὺς
1058 1478 1094 1518 δὲ
1109 1481 1203 1532 αὐτῷ

180 1541 318 1581 δίδωσιν
342 1540 360 1579 ὃ
386 1540 547 1594 βούλεται
570 1539 720 1579 ἑλέσθαι·
748 1543 766 1578 ὃ
786 1538 822 1577 δὲ
846 1541 993 1593 αἱρεῖται
1014 1541 1204 1589 κοιμᾶσθαι

180 1600 236 1638 διὰ
261 1599 389 1644 παντὸς
407 1600 575 1643 ἀθάνατος
592 1599 651 1637 καὶ
672 1598 811 1653 ἀγήρως
829 1598 955 1650 μένων.

235 1661 286 1712 (6)
307 1659 544 1711 Ἐνδυμίωνος
561 1658 598 1697 δὲ
614 1658 674 1697 καὶ
686 1658 828 1710 [Σηΐδος
841 1657 991 1711 Νύμφης
1007 1656 1046 1708 ἢ]
1063 1656 1204 1704 Νηΐδος,

179 1717 223 1767 ἢ,
249 1717 296 1762 ὥς
322 1734 436 1768 τινες,
462 1716 709 1772 Ἰφιανάσσης,
743 1715 911 1759 Αἰτωλός·
939 1715 975 1760 ὃς
1001 1715 1206 1758 ἀποκτείνας

179 1776 282 1816 ιἎπιν
302 1776 360 1815 τὸν
389 1776 605 1831 Φορωνέως,
627 1776 686 1815 καὶ
710 1774 827 1830 φυγὼν
855 1777 901 1817 εἷς
922 1774 986 1822 τὴν
1004 1774 1206 1827 Κουρήτιδα

181 1835 315 1888 χώραν,
338 1835 473 1879 κτείνας
491 1834 570 1878 τοὺς
590 1832 862 1885 ὑποδεξαμένους
875 1832 989 1876 Φθίας
1006 1832 1066 1871 καὶ
1084 1831 1207 1872 Ἀπόλ-

180 1896 289 1938 λωνος
317 1893 433 1943 υἱοὺς,
458 1895 577 1947 Δῶρον
602 1893 660 1932 καὶ
686 1891 863 1932 Λαοδόκον
890 1891 949 1930 καὶ
966 1890 1204 1941 Πολυποίτην,

181 1951 237 2006 ὑφ’
255 1955 379 1991 ἑαυτοῦ
396 1951 459 1999 τὴν
483 1952 602 2005 χώραν
623 1950 799 1991 Αἷτωλίαν
819 1949 994 1988 ἐκάλεσεν.

239 2011 290 2063 (7)
308 2012 469 2051 Αἰτωλοῦ
488 2010 525 2048 δὲ
544 2011 604 2049 καὶ
622 2008 780 2064 Προνόης
800 2012 862 2056 τῆς
878 2007 1021 2063 Φόρὸου
1040 2007 1206 2062 Πλευρὼν

183 2069 242 2108 καὶ
260 2068 430 2109 Καλυδὼν
457 2068 634 2121 ἐγένοντο,
658 2067 716 2122 ἀφ’
733 2062 780 2106 ὧν
804 2069 839 2105 αἱ
859 2068 894 2105 ἐν
912 2066 1070 2120 Αἰτωλίᾳ
1092 2065 1208 2109 πόλεις

182 2128 452 2180 ὠνομάσθησαν.
483 2127 650 2181 Πλευρὼν
678 2125 741 2179 μὲν
768 2121 827 2164 οῧν
856 2125 971 2177 γήμας
998 2124 1207 2172 Ξανθίππην

182 2185 247 2233 τὴν
266 2186 400 2240 Δώρου,
418 2187 528 2224 παῖδα
548 2185 729 2237 ἐγέννησεν
749 2185 930 2238 Ἀγήνορα·
951 2183 1139 2238 θυγατέρας
1158 2183 1208 2233 δὲ,

185 2245 367 2299 Στερόπην
383 2246 442 2284 καὶ
451 2245 688 2298 Στρατονίκην
706 2244 766 2282 καὶ
776 2243 990 2298 Λαοφόντην.
1003 2245 1019 2269 ²
1039 2244 1210 2283 Καλυδῶ-

185 2319 241 2348 νος
260 2303 297 2342 δὲ
324 2303 381 2342 καὶ
404 2305 547 2347 Αἰολίας
572 2306 633 2350 τῆς
663 2302 890 2354 Ἀμυθάονος,
918 2301 1115 2349 Ἐπικάστη
1149 2301 1209 2339 καὶ

187 2362 444 2417 Πρωτογένεια·
457 2362 491 2407 ἐξ
507 2357 548 2409 ἧς
566 2362 625 2400 καὶ
637 2360 764 2416 Ἄρεος,
783 2360 941 2406 ’Όξυλος.
967 2362 983 2387 ³
1003 2359 1157 2412 Ἀγήνωρ
1175 2359 1210 2398 δὲ

187 2424 206 2460 δ
217 2423 420 2476 Πλευρῶνος
432 2421 549 2473 γήμας
560 2421 781 2467 Ἐπικάστην
798 2420 861 2467 τὴν
881 2420 1102 2463 Καλυδῶνος,
1120 2417 1212 2470 ἐγέν-

187 2495 272 2528 νησε
283 2479 467 2533 Πορθάονα
482 2480 541 2518 καὶ
558 2479 772 2530 Δημονίκην·
791 2473 833 2525 ἧς
847 2478 907 2516 καὶ
920 2477 1048 2532 Ἄρεος,
1066 2476 1210 2526 Εὔηνος,

187 2541 330 2587 Μῶλος,
355 2538 485 2587 Πύλος,
506 2538 666 2582 Θέστιος.

242 2598 291 2650 (8)
304 2597 437 2645 Εὔηνος
448 2596 510 2648 μὲν
525 2592 583 2635 οῧν
598 2595 760 2648 ἐγέννησε
772 2595 1011 2649 Μάρπησσαν,
1025 2594 1079 2642 ἣν,
1092 2593 1212 2633 Ἀπόλ-

187 2657 296 2700 λωνος
318 2654 614 2708 μνηστευομένου,
638 2654 733 2698 Ἴδας
752 2657 770 2693 ὃ
787 2653 960 2707 Ἀφαρέως
978 2653 1129 2705 ἥρπασε,
1148 2654 1213 2691 λα-

189 2713 259 2751 &dm
282 2712 380 2767 παρὰ
406 2714 624 2757 Ποσειδῶνος
643 2712 741 2767 ἅρμα
768 2711 982 2765 ὑπόπτερον·
1017 2711 1151 2749 διώκων
1176 2711 1211 2749 δὲ

190 2771 324 2820 Εὔηνος
349 2772 400 2826 ἐφ’
421 2772 598 2826 ἅρματος,
620 2772 678 2810 ἐπὶ
699 2771 758 2810 τὸν
781 2770 971 2824 Λυκόρμαν
995 2764 1079 2817 ἦλθε
1098 2785 1213 2808 ποτα-

190 2830 274 2881 μὸν,
300 2832 514 2870 καταλαὸεῖν
541 2830 577 2870 δὲ
600 2831 640 2869 οὗ
667 2830 876 2882 δυνάμενος,
895 2828 975 2873 τοὺς
1004 2827 1066 2879 μὲν
1087 2827 1213 2872 ἵππους

190 2887 404 2940 ἀπέσφαξεν,
423 2890 545 2929 ἑαυτὸν
563 2888 600 2928 δὲ
617 2890 664 2933 εἷς
680 2888 739 2927 τὸν
755 2887 914 2938 ποταμὸν
934 2886 1050 2924 ἔὸαλε.
1068 2886 1139 2925 Καὶ
1153 2902 1213 2924 κα-

189 2949 300 2985 λεῖται
323 2947 459 2996 Εὔηνος
477 2951 496 2987 ὃ
521 2948 676 2999 ποταμὸς
702 2946 786 3000 παρ’
807 2946 951 2985 ἐκείνου.
981 2946 1036 2997 (9)
1062 2943 1157 2988 Ἴδας
1177 2945 1213 2983 δὲ

192 3006 237 3047 εἷς
253 3006 443 3053 Μεσσήνην
468 3007 712 3061 παραγίνεται,
729 3006 789 3044 καὶ
809 3007 903 3058 αὐτῷ
922 3008 940 3044 ὁ
957 3001 1135 3043 Ἀπόλλων
1154 3019 1215 3041 πε·-

194 3064 340 3115 ριτυχὼν
359 3067 557 3118 ἀφαιρεῖται
582 3065 645 3113 τὴν
666 3065 773 3119 κόρην
785 3081 793 3088 ·
815 3061 1026 3116 μαχομένων
1045 3061 1080 3100 δὲ
1099 3063 1212 3100 αὐτῶν

191 3122 271 3174 περὶ
289 3124 357 3159 τῶν
374 3127 435 3169 τῆς
450 3125 572 3167 παιδὸς
589 3125 727 3177 γάμων,
739 3123 825 3167 Ζεὺς
844 3121 1010 3165 διαλύσας
1028 3119 1212 3174 ἐπέτρεψεν

193 3181 280 3230 αὐτῇ
293 3183 335 3230 τῇ
347 3182 507 3235 παρθένῳ
519 3182 668 3228 ἑλέσθαι,
688 3182 843 3235 ὁποτέρῳ
856 3180 1019 3233 βουλέται
1032 3184 1213 3217 συνοικεῖν·

192 3240 214 3284 ἡ
236 3237 291 3284 δὲ,
316 3237 459 3276 δείσασα
489 3243 535 3284 ὡς
561 3241 602 3278 ἂν
627 3240 675 3292 μὴ
706 3243 871 3293 γηρῶσαν
898 3239 1005 3287 αὐτὴν
1037 3237 1214 3276 Ἀπόλλων

192 3296 386 3348 καταλίπῃ,
407 3296 464 3335 τὸν
481 3298 576 3336 Ἴδαν
594 3298 705 3337 εἵλετο
725 3299 843 3352 ἄνδρα,

247 3356 323 3406 (10)
347 3356 486 3409 Θεστίῳ
502 3356 536 3394 δὲ
548 3356 583 3401 ἐξ
608 3357 838 3410 Εὐρυθέμιδος
856 3359 918 3408 τῆς
935 3354 1129 3399 Κλεοὸοίας
1139 3353 1212 3405 ἐγέ·

1242 399 1399 439 cubitum,
1411 399 1611 440 longitudine
1623 407 1700 431 vero
1714 398 1824 430 ulnam
1841 397 2028 430 crescebant
2039 399 2124 439 :qui,
2138 398 2195 431 ubi
2209 407 2264 431 no-

1243 471 1322 495 num
1337 463 1508 504 explevere
1523 470 1645 494 annum
1658 484 1668 501 ,
1684 461 1888 493 latitudinem
1909 461 2057 493 cubitum
2074 469 2192 493 novem
2205 483 2216 501 ,
2231 465 2264 494 et

1243 526 1394 559 ulnarum
1407 526 1541 559 totidem
1554 525 1808 567 magnitudinem
1823 524 1942 565 adepti,
1955 526 1975 556 J
1977 525 2032 556 ovi
2046 524 2167 557 bellum
2185 525 2263 558 infe·

1245 590 1336 623 rendi
1358 592 1512 631 ceperunt
1532 589 1713 622 consilium.
1736 591 1849 630 Itaque
1873 588 2012 630 Olympo
2033 590 2149 621 Ossam
2163 589 2266 631 impo-

1246 656 1380 687 suerunt
1398 677 1408 695 ‚
1436 654 1588 695 Pelioque
1632 656 1724 686 Ossae
1764 652 1929 693 imposito,
1959 661 2016 694 per
2051 652 2111 685 hos
2140 655 2266 685 montes

1246 718 1363 750 coelum
1381 725 1615 750 conscensuros
1633 725 1668 749 se
1683 715 1931 755 minitabantur;
1948 724 1986 747 ac
2000 715 2160 756 congestis
2175 724 2267 748 mon-

1246 781 1335 813 tibus
1346 780 1385 813 de
1399 781 1479 813 mari
1495 781 1731 821 continentem,
1748 782 1860 812 contra
1877 779 1917 812 de
1938 781 2022 812 terra
2038 788 2126 812 mare
2145 788 2180 812 se
2199 779 2268 813 red-

1247 843 1369 877 dituros
1384 844 1583 877 dictitabant.
1601 849 1616 868 ⁶
1627 845 1714 883 Quin
1728 844 1825 877 etiam
1837 843 1999 884 Ephialtes
2005 844 2269 884 Junonem‚0tus

1248 909 1356 941 autem
1371 908 1507 940 Dianam
1529 908 1590 941 sibi
1617 910 1766 949 conjuges
1791 907 2017 949 deposcebant.
2034 909 2169 941 Martem
2184 908 2269 940 insu·

1248 981 1305 1013 per
1322 973 1357 1005 in
1372 973 1501 1005 vincula
1518 974 1681 1014 conjecere
1694 997 1703 1013 ,
1724 981 1820 1013 quem
1848 974 1954 1004 tamen
1980 971 2160 1004 Mercurius
2183 971 2271 1003 furto

1249 1035 1376 1076 eripuit.
1392 1035 1494 1067 Diana
1510 1037 1618 1068 autem
1632 1035 1666 1067 in
1679 1037 1770 1067 Naxo
1783 1034 1914 1067 Aloidas
1927 1042 1983 1075 per
1996 1033 2108 1066 dolum
2120 1033 2273 1075 peremit;

1250 1107 1326 1130 nam
1363 1099 1397 1131 in
1429 1107 1559 1131 cervam
1597 1100 1721 1132 mutata
1755 1107 1811 1140 per
1841 1098 1966 1130 medios
2004 1097 2147 1130 exsilivit
2153 1108 2163 1138 5
2202 1099 2273 1130 tum

1251 1162 1286 1194 hi
1311 1163 1344 1194 in
1370 1163 1471 1195 feram
1506 1162 1712 1204 collimatun',
1743 1163 1823 1195 alter
1851 1162 1986 1195 alterum
2016 1162 2086 1194 telis
2119 1161 2274 1203 conjectis

1253 1225 1450 1258 occiderunt.

1297 1315 1346 1356 (5)
1368 1315 1502 1356 calyces
1517 1314 1676 1347 etAetlilii
1700 1314 1785 1347 filius
1803 1316 1853 1346 est
1866 1313 2026 1355 Endymio
2039 1337 2050 1354 ,
2072 1313 2130 1354 qui
2152 1312 2276 1345 eductis

1255 1372 1459 1406 AEolensibus
1485 1381 1504 1405 e
1531 1373 1697 1406 Thessalia
1722 1373 1754 1404 in
1773 1372 1899 1405 Elidem
1918 1371 2171 1412 transmigravit.
2194 1372 2277 1404 Sunt

1255 1432 1351 1464 etiam
1364 1432 1421 1473 qui
1436 1440 1511 1464 eum
1526 1433 1609 1464 Jove
1620 1433 1734 1464 natum
1753 1439 1823 1463 esse
1837 1433 2025 1463 memorent.
2043 1431 2138 1462 Hunc
2151 1429 2195 1461 ob
2213 1429 2278 1462 exi-

1256 1490 1354 1522 miam
1365 1491 1507 1532 corporis
1517 1490 1786 1532 pulchritudinem
1800 1491 1891 1522 Luna
1900 1488 2074 1530 deperivit3
2090 1489 2188 1528 idem,
2203 1488 2279 1521 data

1257 1549 1297 1581 ab
1310 1551 1392 1582 Jove
1404 1558 1607 1590 quaecunque
1619 1548 1715 1581 vellet
1724 1548 1880 1589 deligendi
1893 1549 2062 1589 potestate,
2074 1555 2150 1579 cum
2164 1555 2279 1580 somno

1258 1612 1410 1650 perpetuo
1424 1608 1637 1639 immortalem
1651 1607 1713 1639 sibi
1726 1607 1930 1647 juventutem
1942 1605 2074 1638 concedi
2086 1604 2274 1647 postulavit.

1300 1667 1344 1707 (6)
1365 1666 1580 1707 Endymionis
1605 1674 1622 1698 e
1637 1665 1753 1704 Neide‚
1774 1665 1845 1704 vel,
1870 1667 1905 1696 ut
1919 1663 2066 1695 nonnulli
2081 1663 2215 1703 dicunt,
2238 1674 2279 1697 ex

1257 1726 1445 1768 Iphianassa
1456 1726 1540 1758 filius
1552 1728 1601 1758 est
1610 1725 1735 1758 AEtolus
1746 1735 1756 1764 3
1770 1725 1838 1765 qui,
1857 1733 1959 1765 quum
1971 1723 2160 1765 peremisset
2182 1723 2289 1765 Apin,

1257 1784 1415 1817 Phoronei
1421 1784 1464 1816 fili
1469 1793 1534 1825 um,
1542 1786 1637 1824 atque
1643 1784 1677 1815 in
1683 1782 1867 1816 Curetidem
1874 1783 1992 1814 terram
2002 1782 2192 1824 aufugisset,
2199 1782 2280 1814 occi-

1258 1844 1302 1876 sis
1311 1843 1436 1876 Phthiae
1449 1842 1643 1884 etApollinis
1655 1841 1740 1881 filiis,
1755 1842 1841 1873 Doro
1854 1842 1887 1873 et
1897 1840 2046 1873 Laodoco
2058 1848 2096 1872 ac
2105 1840 2280 1881 Polypoete,

1259 1902 1314 1943 qui
1326 1901 1466 1943 hospitio
1483 1909 1561 1934 eum
1577 1902 1778 1942 exceperant,
1793 1907 1852 1932 suo
1867 1899 1907 1931 de
1919 1899 2050 1931 nomine
2065 1900 2183 1931 terram
2195 1900 2282 1932 AEto-

1258 1961 1334 1993 liam
1347 1960 1528 2002 appellavit.

1299 2019 1345 2060 (7)
1368 2021 1418 2051 Ex
1433 2018 1539 2051 AEtolo
1554 2020 1586 2050 et
1607 2019 1743 2057 Pronoe,
1760 2015 1878 2048 Phorbi
1897 2015 1973 2056 filia,
1990 2015 2128 2048 Pleuron
2142 2017 2174 2047 et
2189 2014 2281 2056 Caly-

1261 2078 1324 2110 don
1340 2077 1407 2110 nati
1422 2079 1522 2117 sunt,
1543 2085 1562 2108 a
1590 2076 1727 2117 quibus,
1744 2083 1818 2116 quae
1842 2077 1920 2107 sunt
1946 2074 2008 2106 illis
2024 2073 2232 2114 cognomines
2247 2073 2282 2107 in

1261 2135 1379 2169 AEtolia
1396 2135 1493 2167 urbes
1504 2158 1514 2175 ,
1534 2142 1652 2166 nomen
1672 2135 1875 2174 acceperunt.
1892 2132 2031 2164 Pleuron
2041 2153 2052 2168 ,
2069 2131 2166 2170 ducta
2181 2139 2283 2163 uxore

1261 2192 1444 2234 Xanthippe
1474 2191 1551 2223 Dori
1565 2214 1574 2227 ‚
1596 2190 1699 2222 filium
1720 2192 1897 2231 Agenorem
1922 2188 2120 2230 procreavit,
2143 2190 2175 2220 et
2201 2187 2283 2220 filias

1262 2252 1415 2292 Steropen
1429 2274 1438 2290 ,
1453 2250 1664 2289 Stratonicen,
1680 2249 1903 2290 Laophonten.
1919 2251 1934 2270 θ
1947 2246 2092 2288 Calydon
2107 2255 2146 2279 ex
2163 2245 2284 2286 AEolin,

1262 2309 1471 2350 Amythaonis
1486 2309 1563 2348 filia,
1583 2309 1755 2348 Epicasten
1774 2307 1916 2348 suscepit
1930 2307 1962 2339 et
1977 2305 2222 2347 Protogeniam;
2242 2312 2284 2336 ex

1262 2377 1327 2408 qua
1339 2370 1371 2400 et
1384 2368 1487 2399 Marte
1507 2366 1651 2399 nascitur
1666 2365 1802 2406 Oxylus.
1821 2369 1835 2388 ὅ
1846 2367 1982 2406 Agenor,
2001 2363 2168 2397 Pleuronis
2185 2362 2283 2403 filius,

1263 2427 1445 2467 Epicasten,
1464 2425 1629 2466 Calydone
1643 2427 1766 2464 natam,
1780 2424 1950 2465 coniugem
1965 2422 2071 2462 duxit,
2083 2422 2124 2454 de
2135 2431 2201 2463 qua
2210 2423 2284 2454 Por-

1265 2484 1416 2516 thaonem
1426 2482 1535 2524 genuit
1549 2484 1582 2514 et
1596 2481 1803 2522 Demonicen;
1819 2489 1892 2522 quae
1905 2489 1946 2512 ex
1960 2481 2062 2512 Marte
2071 2479 2194 2521 peperit
2206 2480 2285 2511 Eve-

1263 2551 1355 2582 num,
1370 2542 1504 2581 Molum,
1520 2541 1648 2582 Pylum,
1665 2539 1841 2573 Thestium.

1306 2602 1336 2631 8.
1361 2603 1491 2633 Evenus
1506 2600 1615 2641 genuit
1629 2601 1843 2640 Marpessam,
1859 2605 1958 2638 quam
1969 2604 2071 2637 quum
2093 2595 2207 2637 Apollo
2223 2594 2286 2628 sibi

1264 2659 1415 2692 collocari
1425 2659 1459 2690 in
1471 2658 1714 2690 matrimonium
1727 2657 1924 2698 quaeritaret,
1936 2655 2023 2695 Idas,
2037 2654 2175 2696 Apharei
2186 2653 2284 2694 filius,

1265 2720 1397 2760 accepto
1411 2727 1430 2750 a
1445 2718 1594 2758 Neptuno
1616 2725 1714 2748 curru
1733 2717 1872 2757 pennato
1883 2737 1893 2753 ‚
1918 2714 2040 2755 rapuit3
2066 2712 2158 2745 illum
2176 2720 2254 2744 vero
2268 2719 2287 2744 e

1265 2787 1361 2810 curru
1374 2777 1562 2818 persecutus
1575 2777 1706 2807 Evenus
1722 2774 1763 2806 ad
1774 2775 1966 2814 Lycormam
1979 2771 2117 2803 fluvium
2131 2769 2286 2812 pervenit,

1266 2836 1322 2869 ubi
1337 2860 1347 2877 ‚
1367 2844 1469 2876 quum
1485 2834 1575 2866 illum
1597 2834 1726 2874 assequi
1746 2841 1811 2864 non
1826 2833 1956 2873 posset,
1989 2838 2090 2871 equos
2105 2828 2287 2870 iugulavit,

1266 2903 1364 2935 seque
1376 2894 1490 2935 ¹ipsum
1505 2892 1656 2933 deinceps
1673 2891 1870 2932 praecipitem
1885 2889 1975 2922 dedit
1989 2889 2023 2920 in
2050 2888 2187 2920 fluvium
2200 2909 2212 2924 ‚
2230 2887 2286 2929 qui

1266 2954 1307 2986 ab
1325 2962 1363 2986 eo
1381 2951 1484 2985 Eveni
1501 2959 1620 2983 nomen
1635 2950 1768 2991 accepit.
2289 2933 2295 2940 ’

1309 3012 1355 3052 (9)
1377 3012 1417 3043 At
1428 3010 1495 3042 Idae
1509 3011 1674 3041 Messenen
1688 3005 1900 3048 proficiscenti
1912 3005 2042 3037 obviam
2057 3004 2161 3036 sactus
2174 3002 2294 3045 Apollo

1268 3070 1426 3110 virginem
1441 3068 1565 3100 auferre
1577 3066 1690 3097 voluit.
1709 3065 1773 3103 Qui
1785 3073 1887 3105 quum
1899 3064 1982 3095 inter
1994 3071 2028 3095 se
2043 3062 2083 3094 de
2095 3062 2210 3103 puellae
2225 3069 2289 3093 ma-

1267 3126 1421 3160 trimonio
1443 3124 1688 3163 concertarent,
1712 3121 1838 3162 Jupiter
1858 3121 1948 3153 litem
1970 3119 2123 3151 dirimens
2144 3118 2285 3159 virgini,

1267 3186 1332 3218 utri
1348 3183 1496 3217 collocari
1515 3182 1622 3221 vellet,
1638 3180 1802 3222 optionem
1818 3178 1916 3211 dedit.
1935 3180 2012 3210 Haec
2027 3177 2136 3217 verita,
2152 3185 2194 3209 ne
2205 3185 2240 3210 se
2254 3176 2312 3209 int„

1269 3245 1434 3278 senectute
1452 3242 1566 3285 Apollo
1582 3241 1752 3279 desereret,
1767 3239 1858 3271 Idam
1874 3237 1937 3270 sibi
1955 3237 2062 3269 virum
2077 3244 2148 3269 esse
2161 3235 2298 3269 maluit?

1310 3361 1369 3399 (ιο)
1384 3359 1535 3392 Thestius
1551 3367 1591 3391 ex
1602 3355 1829 3397 Eurythemide
1841 3353 2000 3387 cleoboeae
2016 3353 2112 3394 gnata
2126 3351 2206 3383 filias
2219 3357 2297 3391 sus·>⁴
