2320 3684
719 133 1053 175 Ammonem
1085 130 1420 172 FRAGMENTA.
1453 105 1462 111 ”

353 282 415 320 01.
434 281 496 327 84.
516 286 589 325 444
612 293 644 317 a.
666 282 707 318 C.

69 343 231 393 Diogen.
251 344 379 379 Laert.
393 343 471 388 IX,
493 341 554 384 50,
577 339 625 377 de
640 341 869 389 Protagora:
892 339 1047 390 Πρωτα-

16 399 120 454 γόρας
139 398 369 452 Ἀρτέμωνος,
387 397 432 446 ἢ,
452 399 499 441 ὡς
518 395 778 451 Ἀπολλόδωρος
803 395 862 434 καὶ
879 396 991 435 Δίνων
1011 397 1046 434 ἐν

18 460 224 512 Περσικοῖς,
249 456 478 510 Μαιανδρίου.

71 518 178 555 Idem
195 521 274 565 IX,
301 515 504 555 561'Evtot
531 514 624 554 κατὰ
657 513 720 562 τὴν
737 512 814 553 ὁδὸν
842 516 1050 562 τελευτῆσαι

19 575 138 626 αὐτὸν,
163 575 343 628 βιώσαντα
380 573 442 622 ἔτη
461 573 548 629 πρὸς
563 572 609 612 τὰ
628 573 850 621 ἐνενήκοντα·
886 571 1052 613 Ἀπολλό-

19 635 127 689 δωρος
141 634 179 674 δέ
195 650 298 690 φησιν
318 633 562 686 ἑὸδομήκοντα
574 664 584 681 ,
609 636 834 686 σοφιστεῦσαι
859 631 896 671 δὲ
919 647 1051 671 τεσσα-

21 693 172 750 ράκοντα
191 693 251 742 ἔτη
272 694 337 747 (ex
354 695 502 732 Platon.
522 696 677 732 Menon.
702 706 739 744 p.
760 707 826 744 91,
843 694 892 730 E:
913 693 1051 730 ἀποθα-

19 759 89 792 νεῖν
114 752 216 806 ἐγγὺς
235 751 477 805 ἑὸδομήκοντα
504 750 566 800 ἔτη
588 749 753 802 γεγόνοτα
765 783 775 799 ,
795 749 1054 805 τετταράκοντα

20 811 57 852 δὲ
77 814 112 852 ἐν
128 815 172 866 τῇ
192 812 300 865 τέχνῃ
320 812 404 851 ὄντα
414 811 475 864 -)
503 811 564 851 καὶ
586 810 755 862 ἀκμάζειν
787 809 878 849 κατὰ
912 809 976 857 τὴν
993 825 1054 848 τε-

19 871 152 926 τάρτην
184 871 243 910 καὶ
271 869 509 924 ὀγδοηκοστὴν
548 868 790 921 Ὀλυμπιάδα.
814 872 860 908 V.
887 869 1054 908 Clinton.

20 934 121 971 Fast.
142 930 242 969 Hell.
264 944 303 982 p.
325 931 398 979 377
414 931 482 969 Kr.

361 1048 422 1086 Ol.
444 1050 507 1094 84.
530 1052 608 1092 442
622 1061 655 1085 a.
677 1049 719 1085 C.

73 1108 235 1159 Diogen.
244 1110 370 1145 Laert.
383 1110 491 1153 VIII,
508 1112 572 1156 74,
583 1106 630 1144 de
646 1105 880 1157 Empedocle
893 1120 901 1143 :
914 1105 1058 1157 Ἤκμα-

21 1183 61 1207 σε
79 1165 171 1206 κατὰ
203 1165 268 1213 τὴν
304 1166 362 1204 πδ’
397 1165 638 1217 Ὀλυμπιάδα.
678 1170 804 1217 Supra
834 1169 945 1215 VIII,
986 1166 1055 1204 52:

24 1224 285 1280 Ἀπολλόδωρος
304 1223 342 1263 δὲ
378 1228 396 1264 ὁ
420 1224 666 1279 γραμματικὸς
702 1225 736 1263 ἐν
774 1230 845 1270 τοῖς
875 1227 1059 1279 Χρονικοῖς

22 1301 146 1340 φησιν·
179 1287 250 1328 «ὡς
279 1278 322 1332 ἦν
354 1283 521 1328 Μέτωνος
553 1285 616 1336 μὲν
635 1283 731 1331 υἱὸς,
766 1286 814 1329 εἷς
833 1283 869 1323 δὲ
889 1285 1059 1339 Θουρίους

24 1343 129 1383 αὐτὸν
147 1343 273 1383 νεωστὶ
286 1345 467 1387 παντελῶς
487 1342 712 1394 ἐκτισμένους
725 1343 801 1396 (Ol.
818 1345 881 1393 83,
901 1346 921 1382 3
938 1354 976 1382 et
994 1346 1057 1394 84,

25 1404 62 1456 2)
82 1405 241 1447 Γλαῦκος
262 1403 371 1441 ἐλθεῖν
392 1418 536 1457 φησιν.»
561 1395 641 1442 Εἶθ’
665 1401 814 1447 ὑποὸάς·
836 1421 851 1436 «
864 1405 895 1441 οἱ
919 1404 949 1442 δ’
965 1406 1060 1444 ἱστο-

23 1466 179 1518 ροῧντες,
197 1464 244 1506 ὡς
263 1461 395 1500 οἴκοθεν
427 1461 609 1516 πεφευγὼς
645 1463 693 1505 εἷς
720 1459 782 1505 τὰς
807 1463 1057 1515 Συρακούσας,

24 1521 103 1574 μετ’
123 1520 264 1559 ἐκείνων
285 1519 450 1571 ἐπολέμει
474 1520 563 1575 πρὸς
587 1519 667 1564 τοὺς
692 1519 912 1568 Ἀθηναίους,
933 1522 1060 1567 τελέως

23 1583 159 1634 ἀγνοεῖν
180 1595 241 1631 μοι
261 1580 435 1619 δοκοῦσιν.
451 1577 502 1620 *H
521 1579 588 1634 γὰρ
610 1578 723 1618 οὐκέτ’
749 1574 805 1629 ἦν,
830 1579 853 1628 ἢ
879 1583 1061 1626 παντελῶς

24 1638 339 1694 ὑπεργεγηρακώς·
369 1640 454 1693 ὅπερ
479 1640 518 1678 οὔ
539 1638 711 1693 φαίνεται.
734 1638 973 1693 Ἀριστοτέλης
991 1643 1059 1695 γὰρ

25 1698 143 1748 αὐτὸν,
159 1696 212 1735 ἔτι
224 1713 262 1736 τε
279 1697 524 1750 Ἡράκλειτον,
542 1696 710 1744 ἑξήκοντα
727 1698 815 1736 ἐτῶν
845 1700 932 1752 φησὶ
962 1717 1061 1739 τετε-

24 1754 244 1804 λευτηκέναι.
255 1774 271 1791 »
289 1756 335 1797 Ὁ
349 1756 386 1796 δὲ
405 1755 548 1812 πρώτην
565 1756 623 1795 καὶ
639 1755 904 1807 ἑὸδομηκοστὴν
926 1759 1062 1811 Ὀλυμ-

25 1816 135 1856 πιάδα
154 1815 345 1865 νενικηκὼς
358 1815 494 1866 κέλητι,
514 1815 636 1855 τούτου
652 1814 792 1860 πάντως
808 1812 849 1864 ἦν
864 1818 1059 1872 ὁμώνυμος·

27 1878 74 1920 ὥς
91 1875 120 1914 θ’
140 1874 216 1925 ἅμα
232 1875 292 1914 καὶ
313 1875 372 1915 τὸν
397 1875 521 1931 χρόνον
543 1875 611 1915 ὑπὸ
632 1877 693 1913 τοῦ
714 1874 975 1933 Ἀπολλοδώρου
998 1896 1063 1929 ση-

27 1935 222 1988 μαίνεσθαι.

80 1997 138 2032 Ex
152 1994 211 2033 his
231 1995 396 2034 Clinton.
417 2010 446 2034 s.
465 1996 525 2035 Ol.
542 1997 604 2047 84,
631 2015 663 2050 1,
683 2002 911 2054 Apollodori
930 2017 1063 2042 versus

28 2056 194 2094 restituit
213 2055 314 2093 hunc
333 2055 371 2093 in
394 2056 573 2094 modum:

109 2125 169 2157 Ἦν
183 2125 238 2166 μὲν
252 2125 398 2163 Μέτωνος
412 2126 489 2167 υἱὸς,
513 2128 555 2164 εἰς
567 2129 600 2161 δὲ
616 2130 764 2171 Θουρίους

109 2172 202 2204 αὐτὸν
218 2173 329 2205 νεωστὶ
344 2175 501 2211 παντελῶς
518 2175 716 2217 ἐκτισμένους

110 2220 247 2257 Γλαυκὸς
331 2220 426 2253 ἐλθεῖν
441 2233 533 2262 φησιν

111 2268 150 2299 Οἱ
167 2268 193 2299 δ’
209 2268 398 2310 ἱστοροῦντες
414 2270 456 2306 ὡς
474 2271 633 2311 πεφευγὼς
647 2271 766 2305 οἴκοθεν

113 2315 155 2351 εἰς
166 2314 218 2351 τὰς
235 2315 414 2357 Συρακόσας
431 2318 496 2356 μετ’
509 2317 634 2349 ἐκείνων
650 2318 795 2361 ἑπολεμεῖ

112 2361 187 2404 πρὸς
201 2362 272 2399 τοὺς
283 2362 469 2404 Ἀθηναίους,
481 2365 592 2402 τελέως
604 2365 723 2406 ἀγνοεῖν
736 2367 792 2409 ἐμο

113 2409 269 2442 δοκοῦσιν·
286 2411 306 2448 ἢ
318 2410 377 2453 γὰρ
393 2411 451 2442 οὐκ
466 2411 508 2443 ἔτ’
521 2412 558 2451 ἦν
574 2413 594 2451 ἢ
607 2415 765 2451 παντελῶς

113 2457 381 2499 ὑπεργεγηρακώς·
396 2458 472 2501 ὅπερ
488 2459 559 2500 οὐχὶ
571 2460 720 2501 φαίνεται.

42 2521 128 2529 ᾕ-

2061 128 2137 167 447

1189 218 1396 261 Ἀριστοτελης
1411 217 1470 260 γὰρ
1482 217 1575 249 αὐτὸν
1591 217 1725 254 ἑξήκοντ’
1739 216 1828 256 ἐτῶν,

1189 265 1233 297 ἔτι
1245 266 1272 297 τ’
1285 264 1496 308 Ἡράκλειτον,
1509 265 1583 306 φησὶ
1593 263 1848 302 τετελευτηκέναι.

1106 323 1165 362 Ad
1192 323 1422 374 Apollodori
1454 323 1622 360 calculos
1660 322 1746 374 plus
1784 322 1911 360 minus
1954 321 2144 359 accedunt

1108 381 1252 420 Gellius
1270 385 1316 420 N.
1335 385 1379 419 A.
1392 385 1520 430 XVII,
1539 390 1653 429 2¹‚et
1672 380 1878 420 Euseb.Ol.
1897 381 1941 419 81
1963 388 2002 418 et
2020 381 2083 418 86.
2094 383 2143 418 V.

1107 445 1272 479 Karsten
1289 444 1347 479 De
1364 440 1598 492 Empedocle
1615 455 1652 493 p.
1667 455 1691 491 9
1706 448 1745 479 et
1764 441 1813 485 45
1833 453 1887 491 sq.

1591 506 1655 544 88.

1164 570 1326 622 Diogen.
1339 575 1465 609 Laert.
1484 572 1598 618 VIII,
1611 572 1659 610 58
1678 587 1687 609 ε
1701 570 1854 625 Γοργίαν
1870 573 1952 622 γοῦν
1966 569 2025 609 τὸν
2039 578 2148 610 Λεον-

1111 632 1203 666 τῖνον
1224 629 1331 667 αὐτοῦ
1349 628 1621 682 (Empedoclis)
1649 628 1811 682 γενέσθαι
1840 627 2013 680 μαθητὴν,
2039 627 2148 683 ἄνδρα

1111 685 1329 740 ὑπερέχοντα
1356 689 1391 726 ἐν
1419 689 1605 741 ῥητορικῇ,
1635 688 1694 726 καὶ
1722 687 1851 740 τέχνην
1875 688 2145 727 ἀπολελοιπότα.

1111 744 1182 786 ‘'Ov
1200 762 1305 800 φησιν
1330 745 1591 802 Ἀπολλόδωρος
1606 749 1641 786 ἐν
1657 750 1840 802 Χρονικοῖς
1857 746 1956 786 ἐννέα
1973 746 2058 800 πρὸς
2076 753 2149 791 τοῖς

1115 803 1238 843 ἑκατὸν
1257 803 1317 852 ἔτη
1343 807 1477 857 βιῶναι.

1167 864 1387 902 Secundum
1425 865 1702 903 Philostratum
1733 865 1773 902 in
1806 865 1894 902 Vita
1917 878 2037 904 annos
2055 865 2151 902 vixit

1121 924 1204 972 108,
1224 923 1434 962 secundum
1449 925 1622 963 Ciceron.
1640 927 1697 961 De
1716 937 1794 960 sen.
1819 923 1840 960 5
1860 938 1868 960 :
1895 938 1986 972 107;
2010 938 2150 963 seeun-

1116 981 1206 1020 dum
1225 986 1386 1020 Pausan.
1403 985 1455 1021 VI
1471 1012 1482 1030 ,
1503 997 1562 1031 17,
1579 983 1619 1020 5:
1643 983 1715 1020 105
1731 996 1741 1028 ;
1762 983 1973 1021 secundum
1994 985 2150 1023 Lucian.

1115 1041 1285 1080 Macrob.
1323 1043 1373 1080 23
1392 1057 1400 1079 :
1426 1043 1519 1088 1083
1559 1055 1648 1079 cum
1685 1041 1925 1092 Apollodoro
1963 1044 2154 1081 consentit

1116 1101 1265 1140 Suidas.
1283 1103 1329 1139 V.
1350 1101 1517 1140 Clinton.
1534 1100 1583 1138 ad
1605 1114 1666 1138 an.
1683 1106 1774 1148 427,
1794 1100 1871 1150 459
1905 1110 1943 1139 et
1970 1101 2150 1153 Append.

1117 1174 1155 1212 p.
1173 1161 1248 1199 388
1268 1163 1337 1199 Kr.

1603 1223 1666 1262 89.

1426 1290 1489 1329 Ol.
1507 1290 1572 1339 88,
1589 1297 1624 1335 4.
1660 1289 1737 1335 428
1755 1302 1787 1326 a.
1808 1291 1850 1328 C.

1172 1355 1335 1405 Diogen.
1360 1358 1487 1394 Laert.
1518 1358 1598 1403 ΙΙΙ,
1620 1369 1656 1403 2,
1688 1358 1736 1393 3:
1758 1353 1899 1393 Γίνεται
1928 1353 2096 1402 Πλάτων,
2110 1353 2156 1398 ὥς

1118 1428 1223 1466 φησιν
1242 1411 1500 1466 Ἀπολλόδωρος
1520 1414 1556 1451 ἐν
1580 1415 1785 1467 Χρονικοῖς,
1814 1411 1919 1464 ὀγδόη
1944 1415 2003 1451 καὶ
2024 1413 2156 1464 ὀγδοη-

1118 1474 1228 1524 κοστῇ
1265 1471 1504 1522 Ὀλυμπιάδι,
1539 1473 1794 1524 Θαργηλιῶνος
1830 1471 1986 1523 ἑῧδόμῃ·
2010 1472 2086 1510 καθ’
2113 1472 2156 1518 ἣν

1119 1530 1244 1578 Δήλιοι
1260 1530 1318 1569 τὸν
1338 1530 1541 1569 Ἀπόλλωνα
1560 1530 1722 1582 γενέσθαι
1741 1530 1858 1585 φασίν.
1886 1532 1926 1571 Si
1943 1532 2158 1570 accuratius

1118 1590 1285 1628 calculos
1309 1590 1582 1638 subducimus,
1606 1592 1803 1629 Platonem
1831 1598 1963 1628 natum
1983 1591 2159 1630 videmus

1119 1649 1272 1687 duobus
1293 1649 1489 1688 mensibus
1528 1658 1617 1688 ante
1638 1651 1698 1688 Ol.
1729 1650 1778 1687 88
1803 1649 1884 1700 (87,
1906 1656 1941 1694 4.
1965 1655 2040 1699 429
2055 1663 2087 1687 a.
2118 1654 2158 1688 C.

1119 1708 1216 1746 Maii
1235 1708 1376 1746 mensis
1403 1708 1464 1746 die
1485 1714 1579 1745 Μ’110
1612 1709 1674 1746 vel
1695 1713 1787 1746 22⁰¹⁰
1802 1707 1829 1759 ).
1849 1712 1894 1746 V.
1914 1708 2080 1746 Clinton.
2099 1722 2158 1747 an.

1122 1773 1210 1818 429.

1603 1831 1667 1870 90.

1441 1897 1503 1936 01.
1525 1899 1590 1947 93,
1604 1899 1639 1936 3.
1657 1899 1731 1943 406
1748 1912 1782 1937 a.
1799 1902 1840 1937 C.

1175 1967 1337 2006 Diodor.
1358 1971 1458 2006 XIII
1470 1997 1480 2016 ,
1508 1969 1601 2006 103:
1619 1967 1876 2024 Ἀπολλόδωρος
1892 1970 1948 2019 δὲ,
1963 1973 1980 2009 ὁ
1998 1970 2061 2017 τὴν
2079 1985 2163 2023 χρο-

1122 2025 1222 2074 νικὴν
1240 2025 1400 2072 σύνταξιν
1415 2027 1777 2081 πραγματευσάμενος
1790 2059 1799 2076 ,
1823 2029 1908 2083 φησὶ
1930 2029 1988 2067 καὶ
2008 2029 2065 2068 τὸν
2088 2030 2162 2068 Εὐ-

1126 2085 1263 2140 ριπίδην
1278 2085 1370 2124 κατὰ
1384 2086 1441 2125 τὸν
1457 2086 1559 2126 αὐτὸν
1580 2086 1736 2126 ἐνιαυτὸν
1756 2089 1973 2136 τελευτῆσαι.

1615 2152 1678 2190 91.

1448 2216 1510 2254 Ol.
1529 2217 1594 2266 93,
1607 2222 1642 2261 4.
1661 2217 1779 2261 4053.
1796 2220 1835 2255 C.

1180 2280 1342 2319 Diodor.
1362 2284 1483 2329 XIII,
1511 2282 1606 2319 108:
1628 2283 1818 2320 Successit
1838 2284 1956 2321 Dario
1976 2284 2159 2323 Artaxer-

1128 2353 1194 2377 xes
1208 2340 1270 2379 Ol.
1289 2342 1353 2390 93,
1368 2346 1411 2385 4:
1434 2340 1521 2378 Καθ’
1538 2339 1575 2378 ὃν
1594 2339 1635 2387 δὴ
1655 2339 1780 2393 χρόνον
1799 2341 1856 2379 καὶ
1876 2341 2086 2394 Ἀντίμαχον
2106 2341 2163 2380 τὸν

1127 2398 1277 2446 ποιητὴν
1300 2399 1558 2453 Ἀπολλόδωρος
1583 2403 1602 2438 ὁ
1622 2399 1799 2447 Ἀθηναῖος
1823 2401 1928 2455 φησὶν
1958 2400 2161 2448 ἠνθηκέναι.

1130 2458 1186 2497 Cf.
1203 2458 1396 2496 Plutarch.
1411 2463 1497 2510 Lys.
1518 2460 1563 2497 18
1582 2467 1619 2497 et
1639 2459 1774 2498 Suidas
1793 2474 1828 2498 V.
1845 2459 2063 2513 Ἀντίμαχος.

78 2616 272 2656 Protagoras
287 2615 471 2648 Artemonis
482 2640 491 2657 ‚
511 2617 598 2656 sive,
623 2621 661 2650 ut
679 2620 895 2661 Apollodorus
909 2625 942 2657 et
958 2626 1064 2659 Dinon

36 2660 67 2695 in
84 2663 221 2696 Persicis
234 2663 291 2704 ait,
303 2664 472 2697 Maeandrii
487 2665 585 2699 filius.

77 2710 220 2748 Quidam
248 2711 341 2744 illum
368 2711 431 2744 iter
459 2716 607 2753 agentem
636 2715 668 2747 in
686 2715 741 2748 via
761 2716 919 2752 defecisse
939 2719 1065 2763 dicunt,

37 2765 138 2797 quum
155 2757 195 2789 ad
211 2758 460 2799 nonagesimum
474 2761 580 2793 oetatis
598 2763 797 2802 pervenisset
810 2774 931 2798 annum
950 2777 957 2799 :
972 2769 1067 2810 Apol·

37 2804 169 2836 lodorus
185 2813 262 2837 vero
286 2805 410 2838 vixisse
427 2815 502 2838 eum
524 2808 626 2842 tradit
642 2811 854 2851 septuaginta,
871 2813 996 2847 dicendi
1020 2825 1067 2847 ar-

38 2853 104 2882 tem
119 2851 303 2883 exercuisse
331 2852 545 2895 quadraginta
560 2864 664 2888 annos
677 2879 688 2896 ,
709 2857 859 2892 floruisse
882 2860 1068 2903 olympiade

39 2898 233 2940 octogesima
249 2901 374 2940 quarta.

82 2998 297 3039 Apollodorus
326 3001 556 3041 grammaticus
581 3002 614 3035 in
651 3004 835 3046 Clironicis‚
861 3008 983 3051 olymp.
1017 3013 1068 3049 84,

45 3045 270 3086 Empedoclem
313 3048 453 3080 Metonis
496 3048 599 3082 filium
631 3050 731 3084 fuisse
755 3053 801 3085 ait
817 3077 826 3093 ,
849 3057 993 3088 ceterum
1028 3057 1068 3090 ad

44 3091 182 3124 Thurios
204 3102 307 3134 nuper
333 3095 468 3127 omnino
497 3097 648 3130 conditos
675 3099 805 3133 venisse
829 3102 970 3135 Glaucus
997 3104 1068 3136 ait:

45 3135 159 3170 deinde
175 3141 249 3179 post
270 3148 373 3180 panca
391 3150 398 3171 :
422 3153 438 3169 «ι
455 3142 518 3179 Qui
535 3152 613 3176 vero
634 3147 766 3178 narrant
781 3146 880 3180 domo
897 3149 1069 3190 profugum

47 3184 171 3230 venisse
184 3187 359 3226 Syracusas
371 3189 405 3220 et
415 3196 490 3220 cum
506 3189 568 3223 illis
582 3190 718 3225 bellasse
730 3193 886 3228 adversus
898 3196 1069 3229 Athenien-

47 3237 110 3270 ses,
127 3239 258 3272 prorsus
275 3233 306 3266 id
319 3233 397 3269 milii
416 3234 564 3277 ignorare
577 3238 728 3272 videntur
744 3250 752 3272 ε
767 3243 825 3274 aut
838 3243 925 3275 enim
936 3243 1003 3283 jam
1020 3244 1071 3276 de-

48 3274 175 3316 (ecerat,
195 3281 251 3310 aut
273 3281 406 3314 omnino
419 3282 513 3315 valde
530 3293 627 3317 senex
655 3290 747 3325 erat,
773 3288 803 3320 id
823 3290 911 3330 quod
937 3290 1071 3322 minime

50 3323 212 3366 probatur.
221 3328 367 3367 Namque
381 3332 414 3360 et
426 3330 617 3364 Aristotcles
633 3332 738 3374 ipsum
747 3337 949 3376 sexagesimo
963 3338 1068 3369 aetatis

1131 2577 1208 2601 vero
1218 2570 1488 2611 septuagesimam
1503 2571 1536 2602 et
1550 2570 1686 2611 primam
1695 2571 1910 2612 olympiadem
1917 2572 2036 2603 vicerat
2051 2580 2161 2612 eques,

1133 2617 1249 2649 eodem
1262 2617 1454 2650 censebatur
1467 2617 1617 2657 nomine,
1634 2618 1680 2650 ita
1696 2621 1731 2650 ut
1751 2618 1848 2650 simul
1863 2620 1991 2659 tempus
2013 2617 2053 2649 ab
2070 2618 2163 2659 Apol-

1131 2663 1247 2697 lodoro
1262 2664 1471 2706 significetur.

1173 2759 1326 2800 Gorgiam
1342 2760 1537 2792 Leontinum
1552 2762 1683 2791 narrant
1698 2760 1799 2801 ipsius
1818 2758 2046 2800 (Empedoclis)
2062 2760 2162 2794 fuisse

1133 2804 1344 2847 discipulum,
1362 2806 1520 2846 insignem
1538 2809 1711 2846 oratorem,
1730 2806 1832 2846 quiet
1847 2808 1949 2839 artem
1968 2807 2162 2839 rhetoricam

1133 2853 1310 2894 scripserit.
1326 2854 1422 2884 Hunc
1435 2852 1535 2884 tradit
1550 2852 1765 2893 Apollodorus
1790 2852 1823 2884 in
1845 2852 2014 2885 Clironieis
2030 2856 2161 2886 eentum

1133 2903 1165 2932 et
1181 2908 1299 2932 novem
1315 2900 1421 2932 aetatis
1436 2899 1622 2940 implevisse
1637 2908 1750 2931 annos.

1176 3001 1326 3032 Nascitur
1339 2999 1443 3039 Plato,
1461 3001 1496 3031 ut
1510 2999 1590 3031 dicit
1600 2999 1814 3040 Apollodorus
1831 3000 1865 3031 in
1882 3000 2063 3041 Chronicis‚
2078 3003 2162 3034 octo-

1134 3047 1255 3087 gesima
1271 3048 1389 3077 octava
1407 3045 1603 3086 olympiade,
1626 3046 1847 3087 Thargelionis
1862 3047 2012 3088 septima,
2029 3057 2093 3090 qua
2109 3049 2162 3082 die

1134 3093 1217 3126 Delii
1233 3093 1413 3134 Apollinem
1436 3095 1548 3125 natum
1565 3102 1636 3125 esse
1651 3093 1773 3126 dicunt.

1177 3192 1392 3233 Apollodorus
1403 3216 1412 3232 ‚
1428 3193 1592 3225 annalium
1611 3148 1757 3235 saginor,
1774 3194 1838 3226 hoc
1853 3203 1937 3228 anno
1961 3196 2025 3238 (Ol.
2043 3197 2097 3237 93,
2127 3198 2160 3238 3)

1135 3239 1323 3280 Euripidem
1337 3249 1466 3281 quoque
1483 3240 1672 3273 defunctum
1690 3250 1762 3274 esse
1782 3242 1888 3275 tradit.

1178 3339 1341 3372 Successit
1357 3340 1453 3372 Dario
1467 3295 1662 3374 Artaxer&
1671 3320 1726 3375 bl.
1742 3343 1795 3383 93,
1810 3345 1840 3375 4.
1857 3345 1930 3382 Quo
1945 3347 2087 3386 tempore
2100 3348 2164 3377 An-

49 3377 145 3410 anno,
162 3371 290 3414 insuper
301 3374 396 3407 etiam
414 3377 621 3418 Heraclitum,
636 3380 681 3412 ait
697 3381 763 3413 vita
774 3390 962 3416 excessusse.
982 3398 996 3412 »
1007 3386 1071 3422 Qui
1104 3374 1110 3411 Ι
1139 3385 1316 3419 timaclium
1332 3389 1458 3428 poetam
1476 3388 1692 3430 Apollodorus
1709 3390 1856 3423 floruisse
1872 3391 1983 3424 tradit.
