<?xml version="1.0" encoding="UTF-8"?>
<!DOCTYPE html PUBLIC "-//W3C//DTD XHTML 1.0 Transitional//EN"
    "http://www.w3.org/TR/xhtml1/DTD/xhtml1-transitional.dtd">
<html xmlns="http://www.w3.org/1999/xhtml" xml:lang="en" lang="en">
 <head>
  <title>
</title>
<meta http-equiv="Content-Type" content="text/html;charset=utf-8" />
  <meta name='ocr-system' content='tesseract 3.04.00' />
  <meta name='ocr-capabilities' content='ocr_page ocr_carea ocr_par ocr_line ocrx_word'/>
</head>
<body>
  <div class='ocr_page' id='page_1' title='image "./fragmentahistori01mueluoft_0661.png"; bbox 0 0 2320 3684; ppageno 0'>
   <div class='ocr_carea' id='block_1_1' title="bbox 1013 97 1326 141">
    <p class='ocr_par' dir='ltr' id='par_1_1' title="bbox 1013 97 1326 141">
     <span class='ocr_line' id='line_1_1' title="bbox 1013 97 1326 141; baseline 0.019 -6"><span class='ocrx_word' id='word_1_1' title='bbox 1013 97 1326 141; x_wconf 88' lang='lat' dir='ltr'>ANNOTATIO.</span> 
     </span>
    </p>
   </div>
   <div class='ocr_carea' id='block_1_2' title="bbox 77 176 1138 2757">
    <p class='ocr_par' dir='ltr' id='par_1_2' title="bbox 113 176 1135 404">
     <span class='ocr_line' id='line_1_2' title="bbox 115 176 1134 232; baseline 0.01 -19"><span class='ocrx_word' id='word_1_2' title='bbox 115 190 148 214; x_wconf 85' lang='lat' dir='ltr'>a.</span> <span class='ocrx_word' id='word_1_3' title='bbox 165 189 198 214; x_wconf 90' lang='lat' dir='ltr'>a.</span> <span class='ocrx_word' id='word_1_4' title='bbox 215 176 350 214; x_wconf 85' lang='lat' dir='ltr'>Christ.</span> <span class='ocrx_word' id='word_1_5' title='bbox 372 176 482 224; x_wconf 84' lang='lat'>1557.</span> <span class='ocrx_word' id='word_1_6' title='bbox 504 178 838 223; x_wconf 84' lang='lat' dir='ltr'>Quemadmodum</span> <span class='ocrx_word' id='word_1_7' title='bbox 866 182 984 232; x_wconf 85' lang='lat' dir='ltr'>igitur</span> <span class='ocrx_word' id='word_1_8' title='bbox 1007 185 1134 222; x_wconf 88' lang='lat' dir='ltr'>Philo—</span> 
     </span>
     <span class='ocr_line' id='line_1_3' title="bbox 115 234 1135 294; baseline 0.011 -23"><span class='ocrx_word' id='word_1_9' title='bbox 115 234 254 272; x_wconf 83' lang='lat' dir='ltr'><strong>chorus</strong></span> <span class='ocrx_word' id='word_1_10' title='bbox 273 237 479 285; x_wconf 80' lang='lat' dir='ltr'>Cecropem</span> <span class='ocrx_word' id='word_1_11' title='bbox 498 237 545 273; x_wconf 87' lang='grc'>25</span> <span class='ocrx_word' id='word_1_12' title='bbox 564 236 624 274; x_wconf 90' lang='lat' dir='ltr'>vel</span> <span class='ocrx_word' id='word_1_13' title='bbox 642 239 689 274; x_wconf 88' lang='grc'>26</span> <span class='ocrx_word' id='word_1_14' title='bbox 707 240 816 276; x_wconf 81' lang='lat' dir='ltr'>annis</span> <span class='ocrx_word' id='word_1_15' title='bbox 836 241 1005 291; x_wconf 85' lang='lat' dir='ltr'>priorem</span> <span class='ocrx_word' id='word_1_16' title='bbox 1026 244 1135 294; x_wconf 90' lang='lat' dir='ltr'>ponit</span> 
     </span>
     <span class='ocr_line' id='line_1_4' title="bbox 113 295 1133 345; baseline 0.012 -16"><span class='ocrx_word' id='word_1_17' title='bbox 113 305 228 344; x_wconf 91' lang='lat' dir='ltr'>quam</span> <span class='ocrx_word' id='word_1_18' title='bbox 247 295 450 332; x_wconf 89' lang='lat' dir='ltr'>Marmoris</span> <span class='ocrx_word' id='word_1_19' title='bbox 466 303 621 345; x_wconf 82' lang='lat' dir='ltr'>auctor,</span> <span class='ocrx_word' id='word_1_20' title='bbox 647 297 700 334; x_wconf 91' lang='lat' dir='ltr'>sic</span> <span class='ocrx_word' id='word_1_21' title='bbox 720 299 908 338; x_wconf 85' lang='lat' dir='ltr'>Eusebius</span> <span class='ocrx_word' id='word_1_22' title='bbox 927 314 1013 339; x_wconf 90' lang='lat' dir='ltr'>eum</span> <span class='ocrx_word' id='word_1_23' title='bbox 1039 304 1133 341; x_wconf 88' lang='lat' dir='ltr'>toti-</span> 
     </span>
     <span class='ocr_line' id='line_1_5' title="bbox 114 352 724 404; baseline 0.007 -15"><span class='ocrx_word' id='word_1_24' title='bbox 114 352 199 390; x_wconf 88' lang='lat' dir='ltr'>dem</span> <span class='ocrx_word' id='word_1_25' title='bbox 219 352 327 389; x_wconf 83' lang='lat' dir='ltr'>annis</span> <span class='ocrx_word' id='word_1_26' title='bbox 350 354 600 404; x_wconf 86' lang='lat' dir='ltr'>posteriorem</span> <span class='ocrx_word' id='word_1_27' title='bbox 623 355 724 394; x_wconf 88' lang='lat' dir='ltr'>facit.</span> 
     </span>
    </p>

    <p class='ocr_par' dir='ltr' id='par_1_3' title="bbox 111 412 1136 696">
     <span class='ocr_line' id='line_1_6' title="bbox 164 412 1133 471; baseline 0.013 -26"><span class='ocrx_word' id='word_1_28' title='bbox 164 412 354 459; x_wconf 74' lang='lat' dir='ltr'>Excetpta</span> <span class='ocrx_word' id='word_1_29' title='bbox 369 412 542 449; x_wconf 80' lang='lat' dir='ltr'>Barbara</span> <span class='ocrx_word' id='word_1_30' title='bbox 562 425 600 464; x_wconf 91' lang='lat' dir='ltr'>p.</span> <span class='ocrx_word' id='word_1_31' title='bbox 624 415 671 459; x_wconf 90' lang='lat'>76</span> <span class='ocrx_word' id='word_1_32' title='bbox 692 428 714 452; x_wconf 88' lang='lat' dir='ltr'>a</span> <span class='ocrx_word' id='word_1_33' title='bbox 733 418 902 467; x_wconf 86' lang='lat' dir='ltr'>Cecrope</span> <span class='ocrx_word' id='word_1_34' title='bbox 923 418 970 455; x_wconf 86' lang='lat' dir='ltr'>ad</span> <span class='ocrx_word' id='word_1_35' title='bbox 985 420 1133 471; x_wconf 89' lang='lat' dir='ltr'>Olymp.</span> 
     </span>
     <span class='ocr_line' id='line_1_7' title="bbox 113 473 1136 527; baseline 0.011 -22"><span class='ocrx_word' id='word_1_36' title='bbox 113 482 128 505; x_wconf 92' lang='lat'>1</span> <span class='ocrx_word' id='word_1_37' title='bbox 149 478 352 507; x_wconf 85' lang='lat' dir='ltr'>numerant</span> <span class='ocrx_word' id='word_1_38' title='bbox 382 483 502 508; x_wconf 85' lang='grc'>11111105</span> <span class='ocrx_word' id='word_1_39' title='bbox 533 477 610 516; x_wconf 90' lang='grc'>814</span> <span class='ocrx_word' id='word_1_40' title='bbox 639 479 676 509; x_wconf 86' lang='grc'>01</span> <span class='ocrx_word' id='word_1_41' title='bbox 703 473 751 511; x_wconf 88' lang='lat' dir='ltr'>ab</span> <span class='ocrx_word' id='word_1_42' title='bbox 780 474 914 512; x_wconf 89' lang='lat' dir='ltr'>eodem</span> <span class='ocrx_word' id='word_1_43' title='bbox 944 490 1064 527; x_wconf 89' lang='lat' dir='ltr'>usque</span> <span class='ocrx_word' id='word_1_44' title='bbox 1089 478 1136 515; x_wconf 86' lang='lat' dir='ltr'>ad</span> 
     </span>
     <span class='ocr_line' id='line_1_8' title="bbox 114 529 1136 585; baseline 0.01 -20"><span class='ocrx_word' id='word_1_45' title='bbox 114 531 315 566; x_wconf 86' lang='lat' dir='ltr'>Creontem</span> <span class='ocrx_word' id='word_1_46' title='bbox 333 529 407 581; x_wconf 91' lang='lat' dir='ltr'>(Ol.</span> <span class='ocrx_word' id='word_1_47' title='bbox 425 536 488 577; x_wconf 89' lang='grc'>24,</span> <span class='ocrx_word' id='word_1_48' title='bbox 512 543 533 567; x_wconf 90' lang='grc'>2</span> <span class='ocrx_word' id='word_1_49' title='bbox 549 531 608 567; x_wconf 90' lang='lat' dir='ltr'>vel</span> <span class='ocrx_word' id='word_1_50' title='bbox 625 533 700 569; x_wconf 86' lang='lat'>683</span> <span class='ocrx_word' id='word_1_51' title='bbox 716 546 748 570; x_wconf 86' lang='lat' dir='ltr'>a.</span> <span class='ocrx_word' id='word_1_52' title='bbox 765 534 871 585; x_wconf 88' lang='lat' dir='ltr'>Chr.)</span> <span class='ocrx_word' id='word_1_53' title='bbox 889 549 921 573; x_wconf 88' lang='lat' dir='ltr'>a.</span> <span class='ocrx_word' id='word_1_54' title='bbox 938 549 1026 585; x_wconf 89' lang='lat'>907.</span> <span class='ocrx_word' id='word_1_55' title='bbox 1042 538 1136 575; x_wconf 90' lang='lat' dir='ltr'>Inde</span> 
     </span>
     <span class='ocr_line' id='line_1_9' title="bbox 113 587 1135 641; baseline 0.009 -17"><span class='ocrx_word' id='word_1_56' title='bbox 113 587 278 625; x_wconf 85' lang='lat' dir='ltr'>efficitur</span> <span class='ocrx_word' id='word_1_57' title='bbox 293 601 328 628; x_wconf 89' lang='lat' dir='ltr'>a.</span> <span class='ocrx_word' id='word_1_58' title='bbox 348 603 361 625; x_wconf 91' lang='lat'>1</span> <span class='ocrx_word' id='word_1_59' title='bbox 374 588 448 638; x_wconf 86' lang='grc'>590</span> <span class='ocrx_word' id='word_1_60' title='bbox 469 601 502 627; x_wconf 88' lang='grc'>11.</span> <span class='ocrx_word' id='word_1_61' title='bbox 520 589 606 627; x_wconf 88' lang='lat' dir='ltr'>Chr.</span> <span class='ocrx_word' id='word_1_62' title='bbox 618 618 628 637; x_wconf 92' lang='lat'>‚</span> <span class='ocrx_word' id='word_1_63' title='bbox 649 591 716 641; x_wconf 90' lang='lat' dir='ltr'>qui</span> <span class='ocrx_word' id='word_1_64' title='bbox 738 605 759 629; x_wconf 88' lang='lat' dir='ltr'>a</span> <span class='ocrx_word' id='word_1_65' title='bbox 777 595 918 631; x_wconf 89' lang='lat' dir='ltr'>Nostro</span> <span class='ocrx_word' id='word_1_66' title='bbox 937 594 1050 632; x_wconf 90' lang='lat' dir='ltr'>distat</span> <span class='ocrx_word' id='word_1_67' title='bbox 1065 609 1135 633; x_wconf 84' lang='lat' dir='ltr'>an-</span> 
     </span>
     <span class='ocr_line' id='line_1_10' title="bbox 111 645 339 696; baseline 0.004 -13"><span class='ocrx_word' id='word_1_68' title='bbox 111 645 171 683; x_wconf 89' lang='lat' dir='ltr'>nis</span> <span class='ocrx_word' id='word_1_69' title='bbox 188 646 211 683; x_wconf 91' lang='lat'>8</span> <span class='ocrx_word' id='word_1_70' title='bbox 227 646 288 684; x_wconf 89' lang='lat' dir='ltr'>vel</span> <span class='ocrx_word' id='word_1_71' title='bbox 303 660 339 696; x_wconf 89' lang='lat'>9.</span> 
     </span>
    </p>

    <p class='ocr_par' dir='ltr' id='par_1_4' title="bbox 105 704 1138 1862">
     <span class='ocr_line' id='line_1_11' title="bbox 169 704 1136 761; baseline 0.011 -22"><span class='ocrx_word' id='word_1_72' title='bbox 169 704 318 740; x_wconf 76' lang='lat' dir='ltr'>omsius</span> <span class='ocrx_word' id='word_1_73' title='bbox 329 707 366 751; x_wconf 92' lang='lat' dir='ltr'>I,</span> <span class='ocrx_word' id='word_1_74' title='bbox 382 718 406 754; x_wconf 92' lang='lat'><strong>9</strong></span> <span class='ocrx_word' id='word_1_75' title='bbox 425 704 614 743; x_wconf 91' lang='lat' dir='ltr'>diluvium</span> <span class='ocrx_word' id='word_1_76' title='bbox 626 709 928 748; x_wconf 83' lang='lat' dir='ltr'>Deucalioneum</span> <span class='ocrx_word' id='word_1_77' title='bbox 940 712 1051 761; x_wconf 91' lang='lat' dir='ltr'>ponit</span> <span class='ocrx_word' id='word_1_78' title='bbox 1065 712 1136 750; x_wconf 91' lang='lat' dir='ltr'>sub</span> 
     </span>
     <span class='ocr_line' id='line_1_12' title="bbox 110 762 1138 813; baseline 0.01 -15"><span class='ocrx_word' id='word_1_79' title='bbox 110 774 229 813; x_wconf 87' lang='lat' dir='ltr'>regno</span> <span class='ocrx_word' id='word_1_80' title='bbox 247 762 540 813; x_wconf 88' lang='lat' dir='ltr'>Amphictyonis</span> <span class='ocrx_word' id='word_1_81' title='bbox 567 777 600 802; x_wconf 83' lang='lat' dir='ltr'>a.</span> <span class='ocrx_word' id='word_1_82' title='bbox 629 765 710 802; x_wconf 87' lang='lat'>810</span> <span class='ocrx_word' id='word_1_83' title='bbox 724 776 812 805; x_wconf 86' lang='lat' dir='ltr'>ante</span> <span class='ocrx_word' id='word_1_84' title='bbox 831 768 978 806; x_wconf 89' lang='lat' dir='ltr'>Urbem</span> <span class='ocrx_word' id='word_1_85' title='bbox 1000 770 1138 807; x_wconf 90' lang='lat' dir='ltr'>condi—</span> 
     </span>
     <span class='ocr_line' id='line_1_13' title="bbox 112 819 1135 870; baseline 0.009 -13"><span class='ocrx_word' id='word_1_86' title='bbox 112 827 203 866; x_wconf 86' lang='lat' dir='ltr'>tam,</span> <span class='ocrx_word' id='word_1_87' title='bbox 220 819 244 858; x_wconf 91' lang='lat' dir='ltr'>i.</span> <span class='ocrx_word' id='word_1_88' title='bbox 264 833 296 858; x_wconf 90' lang='lat' dir='ltr'>e.</span> <span class='ocrx_word' id='word_1_89' title='bbox 315 829 402 858; x_wconf 90' lang='lat' dir='ltr'>ante</span> <span class='ocrx_word' id='word_1_90' title='bbox 420 822 484 859; x_wconf 92' lang='lat' dir='ltr'>Ol.</span> <span class='ocrx_word' id='word_1_91' title='bbox 498 823 534 870; x_wconf 92' lang='lat'>8,</span> <span class='ocrx_word' id='word_1_92' title='bbox 551 836 565 858; x_wconf 94' lang='lat'>1</span> <span class='ocrx_word' id='word_1_93' title='bbox 586 823 645 859; x_wconf 90' lang='lat' dir='ltr'>vel</span> <span class='ocrx_word' id='word_1_94' title='bbox 668 826 743 869; x_wconf 90' lang='lat'>748</span> <span class='ocrx_word' id='word_1_95' title='bbox 763 839 796 863; x_wconf 86' lang='lat' dir='ltr'>a.</span> <span class='ocrx_word' id='word_1_96' title='bbox 817 827 906 864; x_wconf 91' lang='lat' dir='ltr'>Chr.</span> <span class='ocrx_word' id='word_1_97' title='bbox 925 829 1135 866; x_wconf 89' lang='lat' dir='ltr'>secundum</span> 
     </span>
     <span class='ocr_line' id='line_1_14' title="bbox 110 878 1137 937; baseline 0.012 -23"><span class='ocrx_word' id='word_1_98' title='bbox 110 878 295 929; x_wconf 83' lang='lat' dir='ltr'>epocham</span> <span class='ocrx_word' id='word_1_99' title='bbox 318 879 426 917; x_wconf 81' lang='lat' dir='ltr'><strong>Fabii</strong></span> <span class='ocrx_word' id='word_1_100' title='bbox 447 880 620 921; x_wconf 84' lang='lat' dir='ltr'>Pictoris.</span> <span class='ocrx_word' id='word_1_101' title='bbox 642 888 700 922; x_wconf 87' lang='lat' dir='ltr'>Ex</span> <span class='ocrx_word' id='word_1_102' title='bbox 722 884 796 922; x_wconf 88' lang='lat' dir='ltr'>hoc</span> <span class='ocrx_word' id='word_1_103' title='bbox 825 896 1010 937; x_wconf 88' lang='lat' dir='ltr'>computo</span> <span class='ocrx_word' id='word_1_104' title='bbox 1032 889 1137 926; x_wconf 89' lang='lat' dir='ltr'>dilu-</span> 
     </span>
     <span class='ocr_line' id='line_1_15' title="bbox 109 936 1137 994; baseline 0.013 -22"><span class='ocrx_word' id='word_1_105' title='bbox 109 936 217 973; x_wconf 86' lang='lat' dir='ltr'>vium</span> <span class='ocrx_word' id='word_1_106' title='bbox 237 938 364 974; x_wconf 88' lang='lat' dir='ltr'>evenit</span> <span class='ocrx_word' id='word_1_107' title='bbox 382 939 456 985; x_wconf 83' lang='lat'>782</span> <span class='ocrx_word' id='word_1_108' title='bbox 475 947 563 977; x_wconf 84' lang='lat' dir='ltr'>ante</span> <span class='ocrx_word' id='word_1_109' title='bbox 578 943 733 993; x_wconf 89' lang='lat' dir='ltr'>Olymp.</span> <span class='ocrx_word' id='word_1_110' title='bbox 754 957 782 990; x_wconf 93' lang='grc'>1,</span> <span class='ocrx_word' id='word_1_111' title='bbox 802 957 834 981; x_wconf 88' lang='lat' dir='ltr'>a.</span> <span class='ocrx_word' id='word_1_112' title='bbox 852 948 893 982; x_wconf 88' lang='lat' dir='ltr'>P.</span> <span class='ocrx_word' id='word_1_113' title='bbox 911 949 945 983; x_wconf 88' lang='lat' dir='ltr'>J.</span> <span class='ocrx_word' id='word_1_114' title='bbox 966 948 1084 994; x_wconf 90' lang='grc'>3214,</span> <span class='ocrx_word' id='word_1_115' title='bbox 1105 961 1137 985; x_wconf 88' lang='lat' dir='ltr'>a.</span> 
     </span>
     <span class='ocr_line' id='line_1_16' title="bbox 110 994 1138 1055; baseline 0.014 -24"><span class='ocrx_word' id='word_1_116' title='bbox 110 994 200 1032; x_wconf 89' lang='lat' dir='ltr'>Chr.</span> <span class='ocrx_word' id='word_1_117' title='bbox 215 1009 231 1032; x_wconf 91' lang='lat'>1</span> <span class='ocrx_word' id='word_1_118' title='bbox 241 995 327 1036; x_wconf 85' lang='lat'>558.</span> <span class='ocrx_word' id='word_1_119' title='bbox 345 997 541 1044; x_wconf 87' lang='lat' dir='ltr'>Quaeritur</span> <span class='ocrx_word' id='word_1_120' title='bbox 551 1013 717 1049; x_wconf 91' lang='lat' dir='ltr'>quonam</span> <span class='ocrx_word' id='word_1_121' title='bbox 730 1004 1027 1055; x_wconf 89' lang='lat' dir='ltr'>Amphictyonis</span> <span class='ocrx_word' id='word_1_122' title='bbox 1038 1021 1138 1045; x_wconf 88' lang='lat' dir='ltr'>anno</span> 
     </span>
     <span class='ocr_line' id='line_1_17' title="bbox 109 1054 1138 1104; baseline 0.014 -14"><span class='ocrx_word' id='word_1_123' title='bbox 109 1066 190 1091; x_wconf 87' lang='lat' dir='ltr'>rem</span> <span class='ocrx_word' id='word_1_124' title='bbox 203 1054 387 1093; x_wconf 87' lang='lat' dir='ltr'>accidisse</span> <span class='ocrx_word' id='word_1_125' title='bbox 399 1057 561 1095; x_wconf 89' lang='lat' dir='ltr'>Orosius</span> <span class='ocrx_word' id='word_1_126' title='bbox 575 1061 765 1099; x_wconf 85' lang='lat' dir='ltr'>statuerit.</span> <span class='ocrx_word' id='word_1_127' title='bbox 778 1065 981 1102; x_wconf 90' lang='lat' dir='ltr'>Sumamus</span> <span class='ocrx_word' id='word_1_128' title='bbox 995 1079 1138 1104; x_wconf 90' lang='lat' dir='ltr'>annum</span> 
     </span>
     <span class='ocr_line' id='line_1_18' title="bbox 109 1114 1138 1162; baseline 0.016 -15"><span class='ocrx_word' id='word_1_129' title='bbox 109 1121 310 1162; x_wconf 89' lang='lat' dir='ltr'>quartum,</span> <span class='ocrx_word' id='word_1_130' title='bbox 332 1114 387 1151; x_wconf 92' lang='lat' dir='ltr'>ita</span> <span class='ocrx_word' id='word_1_131' title='bbox 405 1123 446 1151; x_wconf 90' lang='lat' dir='ltr'>ut</span> <span class='ocrx_word' id='word_1_132' title='bbox 464 1118 675 1156; x_wconf 85' lang='lat' dir='ltr'>Deucalion</span> <span class='ocrx_word' id='word_1_133' title='bbox 700 1119 835 1158; x_wconf 89' lang='lat' dir='ltr'>eodem</span> <span class='ocrx_word' id='word_1_134' title='bbox 860 1135 960 1161; x_wconf 88' lang='lat' dir='ltr'>anno</span> <span class='ocrx_word' id='word_1_135' title='bbox 976 1124 1138 1162; x_wconf 85' lang='lat' dir='ltr'>Athenis</span> 
     </span>
     <span class='ocr_line' id='line_1_19' title="bbox 109 1170 1136 1234; baseline 0.013 -26"><span class='ocrx_word' id='word_1_136' title='bbox 109 1170 217 1208; x_wconf 90' lang='lat' dir='ltr'>Jovis</span> <span class='ocrx_word' id='word_1_137' title='bbox 231 1172 403 1222; x_wconf 85' lang='lat' dir='ltr'>Olympii</span> <span class='ocrx_word' id='word_1_138' title='bbox 419 1181 492 1210; x_wconf 88' lang='lat' dir='ltr'>tem</span> <span class='ocrx_word' id='word_1_139' title='bbox 499 1174 606 1225; x_wconf 90' lang='lat' dir='ltr'>plum</span> <span class='ocrx_word' id='word_1_140' title='bbox 623 1178 841 1217; x_wconf 91' lang='lat' dir='ltr'>condiderit</span> <span class='ocrx_word' id='word_1_141' title='bbox 855 1178 906 1232; x_wconf 87' lang='lat' dir='ltr'>(v.</span> <span class='ocrx_word' id='word_1_142' title='bbox 923 1184 1058 1219; x_wconf 90' lang='lat' dir='ltr'>Marm.</span> <span class='ocrx_word' id='word_1_143' title='bbox 1076 1196 1136 1234; x_wconf 92' lang='lat' dir='ltr'>ep.</span> 
     </span>
     <span class='ocr_line' id='line_1_20' title="bbox 110 1227 1138 1289; baseline 0.014 -24"><span class='ocrx_word' id='word_1_144' title='bbox 110 1227 163 1278; x_wconf 89' lang='lat'>4),</span> <span class='ocrx_word' id='word_1_145' title='bbox 188 1243 265 1279; x_wconf 91' lang='lat' dir='ltr'>quo</span> <span class='ocrx_word' id='word_1_146' title='bbox 283 1231 554 1271; x_wconf 80' lang='lat' dir='ltr'>Erichthonius</span> <span class='ocrx_word' id='word_1_147' title='bbox 572 1236 773 1274; x_wconf 84' lang='lat' dir='ltr'>Deliacum</span> <span class='ocrx_word' id='word_1_148' title='bbox 788 1239 973 1289; x_wconf 85' lang='lat' dir='ltr'>templum</span> <span class='ocrx_word' id='word_1_149' title='bbox 990 1249 1138 1279; x_wconf 84' lang='lat' dir='ltr'>exstru-</span> 
     </span>
     <span class='ocr_line' id='line_1_21' title="bbox 108 1288 1138 1351; baseline 0.014 -27"><span class='ocrx_word' id='word_1_150' title='bbox 108 1288 209 1325; x_wconf 84' lang='lat' dir='ltr'>xisse</span> <span class='ocrx_word' id='word_1_151' title='bbox 227 1289 370 1327; x_wconf 90' lang='lat' dir='ltr'>dicitur</span> <span class='ocrx_word' id='word_1_152' title='bbox 392 1292 470 1341; x_wconf 84' lang='lat' dir='ltr'>(ap.</span> <span class='ocrx_word' id='word_1_153' title='bbox 491 1292 720 1343; x_wconf 88' lang='lat' dir='ltr'>Hieronym.</span> <span class='ocrx_word' id='word_1_154' title='bbox 742 1298 831 1333; x_wconf 87' lang='lat' dir='ltr'>Can.</span> <span class='ocrx_word' id='word_1_155' title='bbox 849 1310 886 1347; x_wconf 90' lang='lat' dir='ltr'>p.</span> <span class='ocrx_word' id='word_1_156' title='bbox 909 1299 986 1346; x_wconf 89' lang='lat'><strong>78).</strong></span> <span class='ocrx_word' id='word_1_157' title='bbox 1003 1302 1138 1351; x_wconf 90' lang='lat' dir='ltr'>Itaque</span> 
     </span>
     <span class='ocr_line' id='line_1_22' title="bbox 109 1350 1135 1399; baseline 0.014 -16"><span class='ocrx_word' id='word_1_158' title='bbox 109 1359 229 1396; x_wconf 89' lang='lat' dir='ltr'>quum</span> <span class='ocrx_word' id='word_1_159' title='bbox 249 1350 413 1399; x_wconf 88' lang='lat' dir='ltr'>Cecropi</span> <span class='ocrx_word' id='word_1_160' title='bbox 433 1353 629 1390; x_wconf 90' lang='lat' dir='ltr'>communi</span> <span class='ocrx_word' id='word_1_161' title='bbox 654 1353 733 1391; x_wconf 89' lang='lat' dir='ltr'>fere</span> <span class='ocrx_word' id='word_1_162' title='bbox 755 1356 926 1394; x_wconf 90' lang='lat' dir='ltr'>omnium</span> <span class='ocrx_word' id='word_1_163' title='bbox 947 1371 1135 1397; x_wconf 89' lang='lat' dir='ltr'>consensu</span> 
     </span>
     <span class='ocr_line' id='line_1_23' title="bbox 110 1404 1137 1465; baseline 0.015 -23"><span class='ocrx_word' id='word_1_164' title='bbox 110 1404 160 1442; x_wconf 85' lang='grc'>50</span> <span class='ocrx_word' id='word_1_165' title='bbox 179 1407 281 1455; x_wconf 84' lang='grc'>1111111,</span> <span class='ocrx_word' id='word_1_166' title='bbox 303 1410 453 1446; x_wconf 89' lang='lat' dir='ltr'>Cranao</span> <span class='ocrx_word' id='word_1_167' title='bbox 465 1423 558 1447; x_wconf 89' lang='lat' dir='ltr'>vero</span> <span class='ocrx_word' id='word_1_168' title='bbox 578 1425 602 1460; x_wconf 90' lang='lat'><strong>9</strong></span> <span class='ocrx_word' id='word_1_169' title='bbox 621 1413 711 1450; x_wconf 90' lang='lat' dir='ltr'>anni</span> <span class='ocrx_word' id='word_1_170' title='bbox 723 1415 977 1465; x_wconf 86' lang='lat' dir='ltr'>assignentur,</span> <span class='ocrx_word' id='word_1_171' title='bbox 995 1417 1137 1456; x_wconf 91' lang='lat' dir='ltr'>diluvi-</span> 
     </span>
     <span class='ocr_line' id='line_1_24' title="bbox 107 1468 1137 1522; baseline 0.015 -22"><span class='ocrx_word' id='word_1_172' title='bbox 107 1476 174 1501; x_wconf 93' lang='lat' dir='ltr'>um</span> <span class='ocrx_word' id='word_1_173' title='bbox 189 1474 401 1515; x_wconf 86' lang='lat' dir='ltr'>poneretur</span> <span class='ocrx_word' id='word_1_174' title='bbox 420 1468 470 1505; x_wconf 92' lang='grc'>63</span> <span class='ocrx_word' id='word_1_175' title='bbox 493 1469 602 1507; x_wconf 88' lang='lat' dir='ltr'>annis</span> <span class='ocrx_word' id='word_1_176' title='bbox 618 1479 706 1521; x_wconf 91' lang='lat' dir='ltr'>post</span> <span class='ocrx_word' id='word_1_177' title='bbox 725 1473 892 1522; x_wconf 91' lang='lat' dir='ltr'>primum</span> <span class='ocrx_word' id='word_1_178' title='bbox 907 1488 1048 1514; x_wconf 88' lang='lat' dir='ltr'>annum</span> <span class='ocrx_word' id='word_1_179' title='bbox 1064 1479 1137 1515; x_wconf 88' lang='lat' dir='ltr'>Ce-</span> 
     </span>
     <span class='ocr_line' id='line_1_25' title="bbox 108 1524 1135 1576; baseline 0.014 -16"><span class='ocrx_word' id='word_1_180' title='bbox 108 1524 257 1575; x_wconf 88' lang='lat' dir='ltr'>cropis,</span> <span class='ocrx_word' id='word_1_181' title='bbox 284 1525 449 1576; x_wconf 90' lang='lat' dir='ltr'>ideoque</span> <span class='ocrx_word' id='word_1_182' title='bbox 469 1527 532 1565; x_wconf 92' lang='lat' dir='ltr'>hic</span> <span class='ocrx_word' id='word_1_183' title='bbox 561 1537 660 1566; x_wconf 91' lang='lat' dir='ltr'>esset</span> <span class='ocrx_word' id='word_1_184' title='bbox 696 1531 793 1567; x_wconf 91' lang='grc'>1621</span> <span class='ocrx_word' id='word_1_185' title='bbox 812 1545 846 1569; x_wconf 93' lang='lat' dir='ltr'>a.</span> <span class='ocrx_word' id='word_1_186' title='bbox 868 1533 955 1571; x_wconf 90' lang='lat' dir='ltr'>Chr.</span> <span class='ocrx_word' id='word_1_187' title='bbox 975 1536 1135 1574; x_wconf 90' lang='lat' dir='ltr'>Orosius</span> 
     </span>
     <span class='ocr_line' id='line_1_26' title="bbox 106 1581 1135 1638; baseline 0.013 -19"><span class='ocrx_word' id='word_1_188' title='bbox 106 1581 226 1634; x_wconf 86' lang='lat' dir='ltr'>igitur</span> <span class='ocrx_word' id='word_1_189' title='bbox 240 1596 262 1620; x_wconf 88' lang='lat' dir='ltr'>a</span> <span class='ocrx_word' id='word_1_190' title='bbox 278 1587 473 1622; x_wconf 83' lang='lat' dir='ltr'>Marmore</span> <span class='ocrx_word' id='word_1_191' title='bbox 489 1586 662 1625; x_wconf 86' lang='lat' dir='ltr'>differret</span> <span class='ocrx_word' id='word_1_192' title='bbox 678 1600 710 1625; x_wconf 86' lang='lat' dir='ltr'>a.</span> <span class='ocrx_word' id='word_1_193' title='bbox 730 1590 778 1638; x_wconf 84' lang='lat'>39</span> <span class='ocrx_word' id='word_1_194' title='bbox 792 1591 854 1627; x_wconf 90' lang='lat' dir='ltr'>vel</span> <span class='ocrx_word' id='word_1_195' title='bbox 867 1596 928 1635; x_wconf 92' lang='grc' dir='ltr'><strong>4ο.</strong></span> <span class='ocrx_word' id='word_1_196' title='bbox 945 1593 1062 1631; x_wconf 88' lang='lat' dir='ltr'>Sinin</span> <span class='ocrx_word' id='word_1_197' title='bbox 1076 1594 1135 1632; x_wconf 84' lang='grc'>1115</span> 
     </span>
     <span class='ocr_line' id='line_1_27' title="bbox 107 1643 1134 1706; baseline 0.013 -26"><span class='ocrx_word' id='word_1_198' title='bbox 107 1643 262 1681; x_wconf 90' lang='lat' dir='ltr'>calculis</span> <span class='ocrx_word' id='word_1_199' title='bbox 278 1657 349 1695; x_wconf 88' lang='lat' dir='ltr'>pro</span> <span class='ocrx_word' id='word_1_200' title='bbox 365 1645 474 1684; x_wconf 84' lang='lat' dir='ltr'>Fabii</span> <span class='ocrx_word' id='word_1_201' title='bbox 487 1647 636 1698; x_wconf 86' lang='lat' dir='ltr'>epocha</span> <span class='ocrx_word' id='word_1_202' title='bbox 655 1650 830 1698; x_wconf 88' lang='lat' dir='ltr'>posueris</span> <span class='ocrx_word' id='word_1_203' title='bbox 842 1654 1134 1706; x_wconf 80' lang='lat' dir='ltr'>Varronianam,</span> 
     </span>
     <span class='ocr_line' id='line_1_28' title="bbox 107 1704 1132 1761; baseline 0.014 -23"><span class='ocrx_word' id='word_1_204' title='bbox 107 1714 155 1739; x_wconf 86' lang='lat' dir='ltr'>ex</span> <span class='ocrx_word' id='word_1_205' title='bbox 182 1715 259 1752; x_wconf 91' lang='lat' dir='ltr'>qua</span> <span class='ocrx_word' id='word_1_206' title='bbox 278 1705 400 1741; x_wconf 89' lang='lat' dir='ltr'>Roma</span> <span class='ocrx_word' id='word_1_207' title='bbox 425 1704 578 1742; x_wconf 87' lang='lat' dir='ltr'>condita</span> <span class='ocrx_word' id='word_1_208' title='bbox 599 1714 654 1743; x_wconf 90' lang='lat' dir='ltr'>est</span> <span class='ocrx_word' id='word_1_209' title='bbox 678 1707 830 1759; x_wconf 89' lang='lat' dir='ltr'>Olymp.</span> <span class='ocrx_word' id='word_1_210' title='bbox 853 1710 897 1758; x_wconf 86' lang='lat'>6,</span> <span class='ocrx_word' id='word_1_211' title='bbox 928 1712 948 1748; x_wconf 96' lang='lat'>3</span> <span class='ocrx_word' id='word_1_212' title='bbox 974 1713 1031 1750; x_wconf 91' lang='lat' dir='ltr'>vel</span> <span class='ocrx_word' id='word_1_213' title='bbox 1057 1714 1132 1761; x_wconf 87' lang='lat'>754</span> 
     </span>
     <span class='ocr_line' id='line_1_29' title="bbox 105 1759 1133 1818; baseline 0.014 -21"><span class='ocrx_word' id='word_1_214' title='bbox 105 1771 139 1798; x_wconf 87' lang='lat' dir='ltr'>a.</span> <span class='ocrx_word' id='word_1_215' title='bbox 165 1759 288 1811; x_wconf 86' lang='lat' dir='ltr'>Chr.)‚</span> <span class='ocrx_word' id='word_1_216' title='bbox 311 1762 494 1812; x_wconf 90' lang='lat' dir='ltr'>Cecropis</span> <span class='ocrx_word' id='word_1_217' title='bbox 519 1776 642 1801; x_wconf 89' lang='lat' dir='ltr'>annus</span> <span class='ocrx_word' id='word_1_218' title='bbox 667 1778 682 1801; x_wconf 95' lang='lat'>1</span> <span class='ocrx_word' id='word_1_219' title='bbox 707 1766 781 1803; x_wconf 91' lang='lat' dir='ltr'>erit</span> <span class='ocrx_word' id='word_1_220' title='bbox 809 1768 928 1818; x_wconf 83' lang='lat'>1627,</span> <span class='ocrx_word' id='word_1_221' title='bbox 948 1770 1133 1810; x_wconf 89' lang='lat' dir='ltr'>diluvium</span> 
     </span>
     <span class='ocr_line' id='line_1_30' title="bbox 105 1817 600 1862; baseline 0.01 -8"><span class='ocrx_word' id='word_1_222' title='bbox 105 1817 206 1862; x_wconf 77' lang='grc'>1564</span> <span class='ocrx_word' id='word_1_223' title='bbox 227 1820 286 1856; x_wconf 91' lang='lat' dir='ltr'>vel</span> <span class='ocrx_word' id='word_1_224' title='bbox 310 1833 343 1857; x_wconf 87' lang='lat' dir='ltr'>a.</span> <span class='ocrx_word' id='word_1_225' title='bbox 367 1823 406 1858; x_wconf 90' lang='lat' dir='ltr'>P.</span> <span class='ocrx_word' id='word_1_226' title='bbox 426 1824 460 1859; x_wconf 88' lang='lat' dir='ltr'>J.</span> <span class='ocrx_word' id='word_1_227' title='bbox 487 1822 600 1859; x_wconf 83' lang='lat'>3208.</span> 
     </span>
    </p>

    <p class='ocr_par' dir='ltr' id='par_1_5' title="bbox 102 1877 1132 2224">
     <span class='ocr_line' id='line_1_31' title="bbox 159 1877 1131 1941; baseline 0.015 -28"><span class='ocrx_word' id='word_1_228' title='bbox 159 1877 329 1914; x_wconf 80' lang='lat' dir='ltr'>Clemens</span> <span class='ocrx_word' id='word_1_229' title='bbox 346 1881 554 1917; x_wconf 78' lang='lat' dir='ltr'>Alexandr.</span> <span class='ocrx_word' id='word_1_230' title='bbox 568 1881 723 1932; x_wconf 89' lang='lat' dir='ltr'>(Strom.</span> <span class='ocrx_word' id='word_1_231' title='bbox 745 1883 781 1931; x_wconf 93' lang='grc' dir='ltr'>Ι,</span> <span class='ocrx_word' id='word_1_232' title='bbox 798 1897 836 1935; x_wconf 92' lang='lat' dir='ltr'>p.</span> <span class='ocrx_word' id='word_1_233' title='bbox 859 1887 935 1924; x_wconf 89' lang='grc'>336</span> <span class='ocrx_word' id='word_1_234' title='bbox 954 1888 1012 1925; x_wconf 90' lang='lat' dir='ltr'>ed.</span> <span class='ocrx_word' id='word_1_235' title='bbox 1035 1890 1131 1941; x_wconf 81' lang='lat' dir='ltr'>Col.)</span> 
     </span>
     <span class='ocr_line' id='line_1_32' title="bbox 104 1935 1130 1998; baseline 0.015 -27"><span class='ocrx_word' id='word_1_236' title='bbox 104 1946 125 1970; x_wconf 83' lang='lat' dir='ltr'>a</span> <span class='ocrx_word' id='word_1_237' title='bbox 141 1936 315 1985; x_wconf 88' lang='lat' dir='ltr'>Cecrope</span> <span class='ocrx_word' id='word_1_238' title='bbox 330 1935 376 1973; x_wconf 83' lang='lat' dir='ltr'>ad</span> <span class='ocrx_word' id='word_1_239' title='bbox 401 1937 608 1976; x_wconf 83' lang='lat' dir='ltr'>Alexandri</span> <span class='ocrx_word' id='word_1_240' title='bbox 629 1941 763 1989; x_wconf 84' lang='lat' dir='ltr'>Magni</span> <span class='ocrx_word' id='word_1_241' title='bbox 791 1942 830 1980; x_wconf 91' lang='lat' dir='ltr'>in</span> <span class='ocrx_word' id='word_1_242' title='bbox 861 1945 990 1983; x_wconf 88' lang='lat' dir='ltr'>Asiam</span> <span class='ocrx_word' id='word_1_243' title='bbox 1013 1947 1130 1998; x_wconf 88' lang='lat' dir='ltr'>traje—</span> 
     </span>
     <span class='ocr_line' id='line_1_33' title="bbox 104 1999 1129 2054; baseline 0.015 -25"><span class='ocrx_word' id='word_1_244' title='bbox 104 2001 207 2030; x_wconf 89' lang='lat' dir='ltr'>ctum</span> <span class='ocrx_word' id='word_1_245' title='bbox 224 2002 423 2045; x_wconf 84' lang='lat' dir='ltr'>computat</span> <span class='ocrx_word' id='word_1_246' title='bbox 448 2009 567 2035; x_wconf 88' lang='lat' dir='ltr'>annos</span> <span class='ocrx_word' id='word_1_247' title='bbox 598 1999 722 2045; x_wconf 83' lang='lat'>1828,</span> <span class='ocrx_word' id='word_1_248' title='bbox 743 2012 763 2037; x_wconf 87' lang='lat' dir='ltr'>a</span> <span class='ocrx_word' id='word_1_249' title='bbox 785 2003 1059 2054; x_wconf 89' lang='lat' dir='ltr'>Demophonte</span> <span class='ocrx_word' id='word_1_250' title='bbox 1082 2007 1129 2044; x_wconf 87' lang='lat' dir='ltr'>ad</span> 
     </span>
     <span class='ocr_line' id='line_1_34' title="bbox 103 2050 1130 2112; baseline 0.014 -24"><span class='ocrx_word' id='word_1_251' title='bbox 103 2050 292 2089; x_wconf 86' lang='lat' dir='ltr'>eundem1</span> <span class='ocrx_word' id='word_1_252' title='bbox 303 2053 389 2090; x_wconf 83' lang='lat'>250.</span> <span class='ocrx_word' id='word_1_253' title='bbox 400 2053 521 2103; x_wconf 78' lang='lat' dir='ltr'>Igitur</span> <span class='ocrx_word' id='word_1_254' title='bbox 539 2058 721 2109; x_wconf 88' lang='lat' dir='ltr'>Cecropis</span> <span class='ocrx_word' id='word_1_255' title='bbox 734 2059 889 2098; x_wconf 87' lang='lat' dir='ltr'>initium</span> <span class='ocrx_word' id='word_1_256' title='bbox 908 2064 1130 2112; x_wconf 91' lang='lat' dir='ltr'>ponendum</span> 
     </span>
     <span class='ocr_line' id='line_1_35' title="bbox 103 2109 1132 2174; baseline 0.017 -29"><span class='ocrx_word' id='word_1_257' title='bbox 103 2109 203 2147; x_wconf 87' lang='lat' dir='ltr'>foret</span> <span class='ocrx_word' id='word_1_258' title='bbox 219 2110 322 2147; x_wconf 88' lang='grc'>2162</span> <span class='ocrx_word' id='word_1_259' title='bbox 342 2112 370 2162; x_wconf 84' lang='grc'>(1</span> <span class='ocrx_word' id='word_1_260' title='bbox 382 2113 458 2150; x_wconf 85' lang='lat'>828</span> <span class='ocrx_word' id='word_1_261' title='bbox 474 2121 510 2156; x_wconf 85' lang='grc' dir='ltr'>Χ</span> <span class='ocrx_word' id='word_1_262' title='bbox 528 2115 630 2160; x_wconf 64' lang='grc'><strong>334).</strong></span> <span class='ocrx_word' id='word_1_263' title='bbox 647 2117 762 2165; x_wconf 91' lang='lat' dir='ltr'>Quod</span> <span class='ocrx_word' id='word_1_264' title='bbox 784 2132 904 2168; x_wconf 91' lang='lat' dir='ltr'>quum</span> <span class='ocrx_word' id='word_1_265' title='bbox 925 2134 947 2158; x_wconf 91' lang='lat' dir='ltr'>a</span> <span class='ocrx_word' id='word_1_266' title='bbox 965 2123 1132 2174; x_wconf 90' lang='lat' dir='ltr'>reliquo-</span> 
     </span>
     <span class='ocr_line' id='line_1_36' title="bbox 102 2169 1130 2224; baseline 0.017 -21"><span class='ocrx_word' id='word_1_267' title='bbox 102 2180 188 2205; x_wconf 91' lang='lat' dir='ltr'>rum</span> <span class='ocrx_word' id='word_1_268' title='bbox 206 2169 433 2208; x_wconf 90' lang='lat' dir='ltr'>testimoniis</span> <span class='ocrx_word' id='word_1_269' title='bbox 450 2172 563 2224; x_wconf 87' lang='lat' dir='ltr'>longe</span> <span class='ocrx_word' id='word_1_270' title='bbox 578 2175 745 2223; x_wconf 85' lang='lat' dir='ltr'>recedat,</span> <span class='ocrx_word' id='word_1_271' title='bbox 763 2177 967 2217; x_wconf 78' lang='lat' dir='ltr'>Clementis</span> <span class='ocrx_word' id='word_1_272' title='bbox 981 2184 1130 2220; x_wconf 88' lang='lat' dir='ltr'>numeri</span> 
     </span>
    </p>

    <p class='ocr_par' dir='ltr' id='par_1_6' title="bbox 77 2229 1129 2383">
     <span class='ocr_line' id='line_1_37' title="bbox 77 2229 1129 2291; baseline 0.016 -29"><span class='ocrx_word' id='word_1_273' title='bbox 77 2267 83 2275; x_wconf 55' lang='grc'>,</span> <span class='ocrx_word' id='word_1_274' title='bbox 100 2239 173 2277; x_wconf 91' lang='lat' dir='ltr'>pro</span> <span class='ocrx_word' id='word_1_275' title='bbox 187 2229 486 2279; x_wconf 87' lang='lat' dir='ltr'>corruptissimis</span> <span class='ocrx_word' id='word_1_276' title='bbox 496 2231 699 2272; x_wconf 85' lang='lat' dir='ltr'>habentur.</span> <span class='ocrx_word' id='word_1_277' title='bbox 713 2235 789 2274; x_wconf 89' lang='lat' dir='ltr'>Sed</span> <span class='ocrx_word' id='word_1_278' title='bbox 802 2236 876 2274; x_wconf 90' lang='lat' dir='ltr'>hoc</span> <span class='ocrx_word' id='word_1_279' title='bbox 890 2238 1002 2277; x_wconf 91' lang='lat' dir='ltr'>citius</span> <span class='ocrx_word' id='word_1_280' title='bbox 1013 2254 1129 2291; x_wconf 88' lang='lat' dir='ltr'>quam</span> 
     </span>
     <span class='ocr_line' id='line_1_38' title="bbox 101 2286 1129 2347; baseline 0.016 -26"><span class='ocrx_word' id='word_1_281' title='bbox 101 2286 302 2335; x_wconf 89' lang='lat' dir='ltr'>cogitatius</span> <span class='ocrx_word' id='word_1_282' title='bbox 319 2289 614 2337; x_wconf 82' lang='lat' dir='ltr'>pronunciatum</span> <span class='ocrx_word' id='word_1_283' title='bbox 633 2306 714 2330; x_wconf 83' lang='lat' dir='ltr'>esse</span> <span class='ocrx_word' id='word_1_284' title='bbox 734 2294 835 2332; x_wconf 84' lang='lat' dir='ltr'>infra</span> <span class='ocrx_word' id='word_1_285' title='bbox 851 2295 898 2333; x_wconf 87' lang='lat' dir='ltr'>ad</span> <span class='ocrx_word' id='word_1_286' title='bbox 914 2309 973 2347; x_wconf 88' lang='lat' dir='ltr'>ep.</span> <span class='ocrx_word' id='word_1_287' title='bbox 996 2305 1046 2343; x_wconf 83' lang='grc'>24</span> <span class='ocrx_word' id='word_1_288' title='bbox 1065 2299 1129 2337; x_wconf 91' lang='lat' dir='ltr'>de-</span> 
     </span>
     <span class='ocr_line' id='line_1_39' title="bbox 99 2344 335 2383; baseline 0.013 -3"><span class='ocrx_word' id='word_1_289' title='bbox 99 2344 335 2383; x_wconf 90' lang='lat' dir='ltr'>monstrabo.</span> 
     </span>
    </p>

    <p class='ocr_par' dir='ltr' id='par_1_7' title="bbox 96 2403 1128 2757">
     <span class='ocr_line' id='line_1_40' title="bbox 151 2403 1128 2464; baseline 0.016 -25"><span class='ocrx_word' id='word_1_290' title='bbox 151 2403 380 2442; x_wconf 87' lang='lat' dir='ltr'>Differentia</span> <span class='ocrx_word' id='word_1_291' title='bbox 395 2405 460 2442; x_wconf 86' lang='lat' dir='ltr'>illa</span> <span class='ocrx_word' id='word_1_292' title='bbox 481 2406 529 2443; x_wconf 85' lang='grc'>25</span> <span class='ocrx_word' id='word_1_293' title='bbox 551 2408 612 2446; x_wconf 91' lang='lat' dir='ltr'>vel</span> <span class='ocrx_word' id='word_1_294' title='bbox 635 2410 683 2446; x_wconf 91' lang='grc'>26</span> <span class='ocrx_word' id='word_1_295' title='bbox 705 2423 908 2460; x_wconf 87' lang='lat' dir='ltr'>annorum,</span> <span class='ocrx_word' id='word_1_296' title='bbox 927 2427 1013 2464; x_wconf 86' lang='lat' dir='ltr'>quae</span> <span class='ocrx_word' id='word_1_297' title='bbox 1026 2419 1128 2454; x_wconf 89' lang='lat' dir='ltr'>Mar—</span> 
     </span>
     <span class='ocr_line' id='line_1_41' title="bbox 98 2461 1125 2517; baseline 0.016 -20"><span class='ocrx_word' id='word_1_298' title='bbox 98 2461 197 2498; x_wconf 88' lang='lat' dir='ltr'>mori</span> <span class='ocrx_word' id='word_1_299' title='bbox 216 2475 303 2499; x_wconf 90' lang='lat' dir='ltr'>cum</span> <span class='ocrx_word' id='word_1_300' title='bbox 320 2463 478 2502; x_wconf 88' lang='lat' dir='ltr'>Eusebii</span> <span class='ocrx_word' id='word_1_301' title='bbox 498 2466 653 2504; x_wconf 84' lang='lat' dir='ltr'>calculis</span> <span class='ocrx_word' id='word_1_302' title='bbox 669 2468 885 2517; x_wconf 89' lang='lat' dir='ltr'>intercedit,</span> <span class='ocrx_word' id='word_1_303' title='bbox 908 2473 1041 2511; x_wconf 84' lang='lat' dir='ltr'>eadem</span> <span class='ocrx_word' id='word_1_304' title='bbox 1061 2489 1125 2512; x_wconf 90' lang='lat' dir='ltr'>re-</span> 
     </span>
     <span class='ocr_line' id='line_1_42' title="bbox 98 2519 1126 2581; baseline 0.018 -27"><span class='ocrx_word' id='word_1_305' title='bbox 98 2519 247 2569; x_wconf 89' lang='lat' dir='ltr'>peritur</span> <span class='ocrx_word' id='word_1_306' title='bbox 265 2520 379 2558; x_wconf 83' lang='lat' dir='ltr'>etiam</span> <span class='ocrx_word' id='word_1_307' title='bbox 396 2522 435 2559; x_wconf 91' lang='lat' dir='ltr'>in</span> <span class='ocrx_word' id='word_1_308' title='bbox 453 2525 579 2574; x_wconf 88' lang='lat' dir='ltr'>regnis</span> <span class='ocrx_word' id='word_1_309' title='bbox 598 2535 815 2566; x_wconf 85' lang='lat' dir='ltr'>ceterorum</span> <span class='ocrx_word' id='word_1_310' title='bbox 831 2543 962 2581; x_wconf 87' lang='lat' dir='ltr'>regum</span> <span class='ocrx_word' id='word_1_311' title='bbox 978 2532 1126 2572; x_wconf 90' lang='lat' dir='ltr'>Attico-</span> 
     </span>
     <span class='ocr_line' id='line_1_43' title="bbox 96 2580 1126 2642; baseline 0.017 -29"><span class='ocrx_word' id='word_1_312' title='bbox 96 2590 183 2619; x_wconf 88' lang='lat' dir='ltr'>rum</span> <span class='ocrx_word' id='word_1_313' title='bbox 217 2592 340 2629; x_wconf 89' lang='lat' dir='ltr'>usque</span> <span class='ocrx_word' id='word_1_314' title='bbox 369 2580 416 2617; x_wconf 88' lang='lat' dir='ltr'>ad</span> <span class='ocrx_word' id='word_1_315' title='bbox 443 2584 764 2634; x_wconf 87' lang='lat' dir='ltr'>Demophontem.</span> <span class='ocrx_word' id='word_1_316' title='bbox 803 2589 917 2627; x_wconf 89' lang='lat' dir='ltr'>Unde</span> <span class='ocrx_word' id='word_1_317' title='bbox 947 2592 1126 2642; x_wconf 81' lang='lat' dir='ltr'>colligere</span> 
     </span>
     <span class='ocr_line' id='line_1_44' title="bbox 96 2636 1124 2698; baseline 0.016 -25"><span class='ocrx_word' id='word_1_318' title='bbox 96 2636 184 2674; x_wconf 91' lang='lat' dir='ltr'>licet</span> <span class='ocrx_word' id='word_1_319' title='bbox 197 2639 402 2676; x_wconf 84' lang='lat' dir='ltr'>Marmoris</span> <span class='ocrx_word' id='word_1_320' title='bbox 416 2649 613 2680; x_wconf 87' lang='lat' dir='ltr'>auctorem</span> <span class='ocrx_word' id='word_1_321' title='bbox 622 2644 780 2695; x_wconf 89' lang='lat' dir='ltr'>singulis</span> <span class='ocrx_word' id='word_1_322' title='bbox 796 2648 951 2698; x_wconf 86' lang='lat' dir='ltr'>regibus</span> <span class='ocrx_word' id='word_1_323' title='bbox 968 2651 1124 2689; x_wconf 86' lang='lat' dir='ltr'>totidem</span> 
     </span>
     <span class='ocr_line' id='line_1_45' title="bbox 97 2694 1124 2757; baseline 0.018 -27"><span class='ocrx_word' id='word_1_324' title='bbox 97 2694 176 2732; x_wconf 90' lang='lat' dir='ltr'>sere</span> <span class='ocrx_word' id='word_1_325' title='bbox 212 2708 334 2733; x_wconf 88' lang='lat' dir='ltr'>annos</span> <span class='ocrx_word' id='word_1_326' title='bbox 370 2697 548 2737; x_wconf 86' lang='lat' dir='ltr'>tribuisse</span> <span class='ocrx_word' id='word_1_327' title='bbox 581 2715 697 2752; x_wconf 86' lang='lat' dir='ltr'>quam</span> <span class='ocrx_word' id='word_1_328' title='bbox 730 2705 954 2745; x_wconf 86' lang='lat' dir='ltr'>Eusebium.</span> <span class='ocrx_word' id='word_1_329' title='bbox 998 2711 1124 2757; x_wconf 87' lang='lat' dir='ltr'>Quare</span> 
     </span>
    </p>
   </div>
   <div class='ocr_carea' id='block_1_3' title="bbox 94 2752 1124 2850">
    <p class='ocr_par' dir='ltr' id='par_1_8' title="bbox 94 2752 1124 2850">
     <span class='ocr_line' id='line_1_46' title="bbox 95 2752 1124 2822; baseline 0.018 -32"><span class='ocrx_word' id='word_1_330' title='bbox 95 2752 321 2794; x_wconf 83' lang='lat' dir='ltr'>laterculum</span> <span class='ocrx_word' id='word_1_331' title='bbox 340 2769 474 2795; x_wconf 88' lang='lat' dir='ltr'>eorum</span> <span class='ocrx_word' id='word_1_332' title='bbox 490 2772 539 2797; x_wconf 86' lang='lat' dir='ltr'>ex</span> <span class='ocrx_word' id='word_1_333' title='bbox 549 2761 689 2800; x_wconf 88' lang='lat' dir='ltr'>Euseb.</span> <span class='ocrx_word' id='word_1_334' title='bbox 711 2766 817 2802; x_wconf 91' lang='lat' dir='ltr'>Arm.</span> <span class='ocrx_word' id='word_1_335' title='bbox 834 2766 893 2805; x_wconf 91' lang='lat' dir='ltr'>ed.</span> <span class='ocrx_word' id='word_1_336' title='bbox 911 2769 986 2806; x_wconf 85' lang='lat' dir='ltr'>Mai</span> <span class='ocrx_word' id='word_1_337' title='bbox 1001 2782 1124 2822; x_wconf 89' lang='lat' dir='ltr'>oppo-</span> 
     </span>
     <span class='ocr_line' id='line_1_47' title="bbox 94 2824 256 2850; baseline 0.012 -2"><span class='ocrx_word' id='word_1_338' title='bbox 94 2824 230 2850; x_wconf 86' lang='lat' dir='ltr'>namus</span> <span class='ocrx_word' id='word_1_339' title='bbox 247 2827 256 2850; x_wconf 90' lang='lat'>:</span> 
     </span>
    </p>
   </div>
   <div class='ocr_carea' id='block_1_4' title="bbox 250 2874 1036 3328">
    <p class='ocr_par' dir='ltr' id='par_1_9' title="bbox 250 2874 1036 3328">
     <span class='ocr_line' id='line_1_48' title="bbox 258 2874 760 2926; baseline 0.02 -17"><span class='ocrx_word' id='word_1_340' title='bbox 258 2886 290 2909; x_wconf 87' lang='grc'>1.</span> <span class='ocrx_word' id='word_1_341' title='bbox 347 2874 515 2926; x_wconf 88' lang='lat' dir='ltr'>Cecrops</span> <span class='ocrx_word' id='word_1_342' title='bbox 532 2880 550 2914; x_wconf 98' lang='lat' dir='ltr'>I</span> <span class='ocrx_word' id='word_1_343' title='bbox 647 2893 680 2917; x_wconf 87' lang='lat' dir='ltr'>a.</span> <span class='ocrx_word' id='word_1_344' title='bbox 698 2880 760 2919; x_wconf 88' lang='grc'><strong>50.</strong></span> 
     </span>
     <span class='ocr_line' id='line_1_49' title="bbox 253 2934 756 2990; baseline 0.01 -22"><span class='ocrx_word' id='word_1_345' title='bbox 253 2944 288 2968; x_wconf 91' lang='grc'>2.</span> <span class='ocrx_word' id='word_1_346' title='bbox 346 2934 515 2972; x_wconf 83' lang='lat' dir='ltr'>Cranaus</span> <span class='ocrx_word' id='word_1_347' title='bbox 659 2956 674 2973; x_wconf 71' lang='grc' dir='ltr'>α</span> <span class='ocrx_word' id='word_1_348' title='bbox 719 2954 756 2990; x_wconf 79' lang='lat'>9,</span> 
     </span>
     <span class='ocr_line' id='line_1_50' title="bbox 253 2989 756 3048; baseline 0.018 -22"><span class='ocrx_word' id='word_1_349' title='bbox 253 2989 288 3026; x_wconf 93' lang='lat'>3.</span> <span class='ocrx_word' id='word_1_350' title='bbox 345 2992 606 3044; x_wconf 85' lang='lat' dir='ltr'>Amphictyon</span> <span class='ocrx_word' id='word_1_351' title='bbox 658 3013 673 3031; x_wconf 91' lang='lat'><strong><em>«</em></strong></span> <span class='ocrx_word' id='word_1_352' title='bbox 718 3013 756 3048; x_wconf 89' lang='lat'>9.</span> 
     </span>
     <span class='ocr_line' id='line_1_51' title="bbox 253 3050 756 3094; baseline 0.022 -11"><span class='ocrx_word' id='word_1_353' title='bbox 253 3051 289 3090; x_wconf 97' lang='lat'>4.</span> <span class='ocrx_word' id='word_1_354' title='bbox 346 3050 580 3091; x_wconf 87' lang='lat' dir='ltr'>Erechtheus</span> <span class='ocrx_word' id='word_1_355' title='bbox 594 3057 613 3092; x_wconf 94' lang='lat' dir='ltr'>I</span> <span class='ocrx_word' id='word_1_356' title='bbox 662 3071 677 3088; x_wconf 87' lang='lat'>«</span> <span class='ocrx_word' id='word_1_357' title='bbox 695 3055 756 3094; x_wconf 85' lang='lat'>50.</span> 
     </span>
     <span class='ocr_line' id='line_1_52' title="bbox 254 3105 756 3159; baseline 0.022 -18"><span class='ocrx_word' id='word_1_358' title='bbox 254 3105 289 3142; x_wconf 84' lang='lat'>5.</span> <span class='ocrx_word' id='word_1_359' title='bbox 346 3108 517 3147; x_wconf 83' lang='lat' dir='ltr'>Pandion</span> <span class='ocrx_word' id='word_1_360' title='bbox 538 3114 556 3148; x_wconf 97' lang='lat' dir='ltr'>I</span> <span class='ocrx_word' id='word_1_361' title='bbox 657 3130 672 3147; x_wconf 93' lang='lat'>«</span> <span class='ocrx_word' id='word_1_362' title='bbox 694 3120 756 3159; x_wconf 90' lang='grc'>40.</span> 
     </span>
     <span class='ocr_line' id='line_1_53' title="bbox 251 3165 754 3210; baseline 0.02 -10"><span class='ocrx_word' id='word_1_363' title='bbox 251 3165 287 3201; x_wconf 91' lang='grc'>6.</span> <span class='ocrx_word' id='word_1_364' title='bbox 345 3167 582 3207; x_wconf 89' lang='lat' dir='ltr'>Erechtheus</span> <span class='ocrx_word' id='word_1_365' title='bbox 598 3174 637 3209; x_wconf 93' lang='lat' dir='ltr'>II</span> <span class='ocrx_word' id='word_1_366' title='bbox 656 3189 670 3205; x_wconf 86' lang='lat'>&lt;‹</span> <span class='ocrx_word' id='word_1_367' title='bbox 692 3172 754 3210; x_wconf 85' lang='lat'>50.</span> 
     </span>
     <span class='ocr_line' id='line_1_54' title="bbox 253 3226 1036 3288; baseline 0.02 -30"><span class='ocrx_word' id='word_1_368' title='bbox 253 3235 287 3268; x_wconf 83' lang='lat'>7.</span> <span class='ocrx_word' id='word_1_369' title='bbox 346 3226 514 3277; x_wconf 86' lang='lat' dir='ltr'>Cecrops</span> <span class='ocrx_word' id='word_1_370' title='bbox 535 3231 571 3267; x_wconf 96' lang='lat' dir='ltr'>II</span> <span class='ocrx_word' id='word_1_371' title='bbox 655 3248 670 3263; x_wconf 89' lang='lat'>«</span> <span class='ocrx_word' id='word_1_372' title='bbox 689 3237 736 3275; x_wconf 90' lang='lat'>44</span> <span class='ocrx_word' id='word_1_373' title='bbox 794 3233 859 3284; x_wconf 89' lang='lat'>(40</span> <span class='ocrx_word' id='word_1_374' title='bbox 878 3248 914 3286; x_wconf 89' lang='lat' dir='ltr'>p.</span> <span class='ocrx_word' id='word_1_375' title='bbox 937 3235 1036 3288; x_wconf 84' lang='lat'>134).</span> 
     </span>
     <span class='ocr_line' id='line_1_55' title="bbox 250 3280 746 3328; baseline 0.024 -12"><span class='ocrx_word' id='word_1_376' title='bbox 250 3280 286 3317; x_wconf 91' lang='lat'>8.</span> <span class='ocrx_word' id='word_1_377' title='bbox 344 3284 514 3323; x_wconf 82' lang='lat' dir='ltr'>Pandion</span> <span class='ocrx_word' id='word_1_378' title='bbox 530 3290 566 3325; x_wconf 93' lang='lat'>11</span> <span class='ocrx_word' id='word_1_379' title='bbox 652 3307 667 3323; x_wconf 91' lang='lat'>«</span> <span class='ocrx_word' id='word_1_380' title='bbox 686 3290 746 3328; x_wconf 89' lang='grc'>25.</span> 
     </span>
    </p>
   </div>
   <div class='ocr_carea' id='block_1_5' title="bbox 1664 373 1882 384">
    <p class='ocr_par' dir='ltr' id='par_1_10' title="bbox 1664 373 1882 384">
     <span class='ocr_line' id='line_1_56' title="bbox 1664 373 1882 384; baseline 0 3300"><span class='ocrx_word' id='word_1_381' title='bbox 1664 373 1882 384; x_wconf 95' lang='lat' dir='ltr'> </span> 
     </span>
    </p>
   </div>
   <div class='ocr_carea' id='block_1_6' title="bbox 1333 122 2222 445">
    <p class='ocr_par' dir='ltr' id='par_1_11' title="bbox 1333 122 2222 445">
     <span class='ocr_line' id='line_1_57' title="bbox 2149 122 2222 157; baseline 0.027 -2"><span class='ocrx_word' id='word_1_382' title='bbox 2149 122 2222 157; x_wconf 82' lang='grc'>557</span> 
     </span>
     <span class='ocr_line' id='line_1_58' title="bbox 1354 195 1879 243; baseline 0.017 -15"><span class='ocrx_word' id='word_1_383' title='bbox 1354 204 1390 240; x_wconf 88' lang='grc'>9.</span> <span class='ocrx_word' id='word_1_384' title='bbox 1447 195 1588 243; x_wconf 81' lang='lat' dir='ltr'>AEgeus</span> <span class='ocrx_word' id='word_1_385' title='bbox 1764 210 1796 235; x_wconf 85' lang='lat' dir='ltr'>a.</span> <span class='ocrx_word' id='word_1_386' title='bbox 1816 200 1879 243; x_wconf 92' lang='grc'>48.</span> 
     </span>
     <span class='ocr_line' id='line_1_59' title="bbox 1333 251 1878 295; baseline 0.018 -10"><span class='ocrx_word' id='word_1_387' title='bbox 1333 262 1391 286; x_wconf 92' lang='lat'>10.</span> <span class='ocrx_word' id='word_1_388' title='bbox 1449 251 1617 290; x_wconf 87' lang='lat' dir='ltr'>Theseus</span> <span class='ocrx_word' id='word_1_389' title='bbox 1775 273 1790 289; x_wconf 77' lang='grc' dir='ltr'>α</span> <span class='ocrx_word' id='word_1_390' title='bbox 1816 258 1878 295; x_wconf 91' lang='grc' dir='ltr'>3ο.</span> 
     </span>
     <span class='ocr_line' id='line_1_60' title="bbox 1334 311 1877 356; baseline 0.022 -13"><span class='ocrx_word' id='word_1_391' title='bbox 1334 320 1394 345; x_wconf 92' lang='lat'>11.</span> <span class='ocrx_word' id='word_1_392' title='bbox 1452 311 1699 350; x_wconf 86' lang='lat' dir='ltr'>Menestheus</span> <span class='ocrx_word' id='word_1_393' title='bbox 1779 331 1793 347; x_wconf 92' lang='lat'>«</span> <span class='ocrx_word' id='word_1_394' title='bbox 1815 317 1877 356; x_wconf 87' lang='grc'><strong>23.</strong></span> 
     </span>
     <span class='ocr_line' id='line_1_61' title="bbox 1709 399 1851 445; baseline 0.028 -12"><span class='ocrx_word' id='word_1_395' title='bbox 1709 409 1741 434; x_wconf 88' lang='grc'>11.</span> <span class='ocrx_word' id='word_1_396' title='bbox 1762 399 1851 445; x_wconf 87' lang='grc'><strong>378.</strong></span> 
     </span>
    </p>
   </div>
   <div class='ocr_carea' id='block_1_7' title="bbox 1196 453 2226 740">
    <p class='ocr_par' dir='ltr' id='par_1_12' title="bbox 1196 453 2226 740">
     <span class='ocr_line' id='line_1_62' title="bbox 1248 453 2225 511; baseline 0.014 -19"><span class='ocrx_word' id='word_1_397' title='bbox 1248 456 1306 492; x_wconf 82' lang='lat' dir='ltr'>Ex</span> <span class='ocrx_word' id='word_1_398' title='bbox 1316 453 1375 492; x_wconf 90' lang='lat' dir='ltr'>his</span> <span class='ocrx_word' id='word_1_399' title='bbox 1386 455 1665 496; x_wconf 90' lang='lat' dir='ltr'>emendandum</span> <span class='ocrx_word' id='word_1_400' title='bbox 1678 468 1854 511; x_wconf 88' lang='lat' dir='ltr'>putarem</span> <span class='ocrx_word' id='word_1_401' title='bbox 1874 463 2078 504; x_wconf 88' lang='lat' dir='ltr'>Clementis</span> <span class='ocrx_word' id='word_1_402' title='bbox 2097 467 2225 506; x_wconf 91' lang='lat' dir='ltr'>locum</span> 
     </span>
     <span class='ocr_line' id='line_1_63' title="bbox 1196 511 2226 573; baseline 0.017 -26"><span class='ocrx_word' id='word_1_403' title='bbox 1196 511 1310 549; x_wconf 89' lang='lat' dir='ltr'>modo</span> <span class='ocrx_word' id='word_1_404' title='bbox 1327 512 1541 564; x_wconf 85' lang='lat' dir='ltr'>laudatum,</span> <span class='ocrx_word' id='word_1_405' title='bbox 1559 516 1628 555; x_wconf 86' lang='lat' dir='ltr'>ubi</span> <span class='ocrx_word' id='word_1_406' title='bbox 1648 532 1670 556; x_wconf 92' lang='lat' dir='ltr'>a</span> <span class='ocrx_word' id='word_1_407' title='bbox 1687 522 1859 572; x_wconf 90' lang='lat' dir='ltr'>Cecrope</span> <span class='ocrx_word' id='word_1_408' title='bbox 1877 536 1999 573; x_wconf 89' lang='lat' dir='ltr'>usque</span> <span class='ocrx_word' id='word_1_409' title='bbox 2017 525 2064 562; x_wconf 93' lang='lat' dir='ltr'>ad</span> <span class='ocrx_word' id='word_1_410' title='bbox 2080 529 2226 565; x_wconf 88' lang='lat' dir='ltr'>Demo-</span> 
     </span>
     <span class='ocr_line' id='line_1_64' title="bbox 1196 569 2226 633; baseline 0.017 -27"><span class='ocrx_word' id='word_1_411' title='bbox 1196 569 1382 619; x_wconf 80' lang='lat' dir='ltr'>phontem</span> <span class='ocrx_word' id='word_1_412' title='bbox 1411 583 1685 625; x_wconf 88' lang='lat' dir='ltr'>computantur</span> <span class='ocrx_word' id='word_1_413' title='bbox 1713 580 1803 617; x_wconf 89' lang='lat' dir='ltr'>anni</span> <span class='ocrx_word' id='word_1_414' title='bbox 1828 582 1924 629; x_wconf 86' lang='lat'>578,</span> <span class='ocrx_word' id='word_1_415' title='bbox 1954 584 2020 633; x_wconf 90' lang='lat' dir='ltr'>qui</span> <span class='ocrx_word' id='word_1_416' title='bbox 2044 597 2226 624; x_wconf 87' lang='lat' dir='ltr'>numerus</span> 
     </span>
     <span class='ocr_line' id='line_1_65' title="bbox 1196 627 2226 690; baseline 0.017 -26"><span class='ocrx_word' id='word_1_417' title='bbox 1196 627 1244 663; x_wconf 88' lang='lat' dir='ltr'>ad</span> <span class='ocrx_word' id='word_1_418' title='bbox 1260 630 1517 670; x_wconf 88' lang='lat' dir='ltr'>Eusebianum</span> <span class='ocrx_word' id='word_1_419' title='bbox 1531 634 1651 686; x_wconf 83' lang='lat' dir='ltr'>redigi</span> <span class='ocrx_word' id='word_1_420' title='bbox 1669 647 1815 688; x_wconf 83' lang='lat' dir='ltr'>posset,</span> <span class='ocrx_word' id='word_1_421' title='bbox 1832 639 1862 676; x_wconf 93' lang='lat' dir='ltr'>si</span> <span class='ocrx_word' id='word_1_422' title='bbox 1879 653 1952 690; x_wconf 90' lang='lat' dir='ltr'>pro</span> <span class='ocrx_word' id='word_1_423' title='bbox 1970 641 2070 679; x_wconf 85' lang='grc'>1828</span> <span class='ocrx_word' id='word_1_424' title='bbox 2085 643 2226 682; x_wconf 91' lang='lat' dir='ltr'>scribe-</span> 
     </span>
     <span class='ocr_line' id='line_1_66' title="bbox 1196 690 2224 740; baseline 0.018 -18"><span class='ocrx_word' id='word_1_425' title='bbox 1196 698 1324 725; x_wconf 87' lang='lat' dir='ltr'>remus</span> <span class='ocrx_word' id='word_1_426' title='bbox 1346 690 1463 734; x_wconf 77' lang='lat'>16283</span> <span class='ocrx_word' id='word_1_427' title='bbox 1484 692 1557 730; x_wconf 90' lang='lat' dir='ltr'>nisi</span> <span class='ocrx_word' id='word_1_428' title='bbox 1573 694 1816 734; x_wconf 88' lang='lat' dir='ltr'>verisimilius</span> <span class='ocrx_word' id='word_1_429' title='bbox 1826 707 1927 736; x_wconf 90' lang='lat' dir='ltr'>esset</span> <span class='ocrx_word' id='word_1_430' title='bbox 1939 699 2144 740; x_wconf 91' lang='lat' dir='ltr'>Clementis</span> <span class='ocrx_word' id='word_1_431' title='bbox 2156 716 2224 740; x_wconf 88' lang='lat' dir='ltr'>au-</span> 
     </span>
    </p>
   </div>
   <div class='ocr_carea' id='block_1_8' title="bbox 1197 754 2225 857">
    <p class='ocr_par' dir='ltr' id='par_1_13' title="bbox 1197 754 2225 857">
     <span class='ocr_line' id='line_1_67' title="bbox 1197 754 2225 809; baseline 0.019 -26"><span class='ocrx_word' id='word_1_432' title='bbox 1197 755 1341 786; x_wconf 88' lang='lat' dir='ltr'>ctorem</span> <span class='ocrx_word' id='word_1_433' title='bbox 1357 763 1376 787; x_wconf 86' lang='lat' dir='ltr'>a</span> <span class='ocrx_word' id='word_1_434' title='bbox 1398 754 1570 804; x_wconf 82' lang='lat' dir='ltr'>Cecrope</span> <span class='ocrx_word' id='word_1_435' title='bbox 1581 768 1801 795; x_wconf 88' lang='lat' dir='ltr'>numerasse</span> <span class='ocrx_word' id='word_1_436' title='bbox 1817 759 1920 809; x_wconf 91' lang='lat' dir='ltr'>quod</span> <span class='ocrx_word' id='word_1_437' title='bbox 1937 761 2000 799; x_wconf 88' lang='lat' dir='ltr'>alii</span> <span class='ocrx_word' id='word_1_438' title='bbox 2015 763 2155 803; x_wconf 89' lang='lat' dir='ltr'>rectius</span> <span class='ocrx_word' id='word_1_439' title='bbox 2175 764 2225 803; x_wconf 90' lang='lat' dir='ltr'>ab</span> 
     </span>
     <span class='ocr_line' id='line_1_68' title="bbox 1198 809 1612 857; baseline 0.012 -13"><span class='ocrx_word' id='word_1_440' title='bbox 1198 809 1333 857; x_wconf 83' lang='lat' dir='ltr'>Ogyge</span> <span class='ocrx_word' id='word_1_441' title='bbox 1349 821 1612 850; x_wconf 87' lang='lat' dir='ltr'>numerarunt.</span> 
     </span>
    </p>
   </div>
   <div class='ocr_carea' id='block_1_9' title="bbox 1181 867 2253 2991">
    <p class='ocr_par' dir='ltr' id='par_1_14' title="bbox 1191 867 2228 2049">
     <span class='ocr_line' id='line_1_69' title="bbox 1251 867 2226 930; baseline 0.018 -28"><span class='ocrx_word' id='word_1_442' title='bbox 1251 869 1426 904; x_wconf 90' lang='lat' dir='ltr'>Ceterum</span> <span class='ocrx_word' id='word_1_443' title='bbox 1437 867 1517 918; x_wconf 86' lang='lat' dir='ltr'>jam</span> <span class='ocrx_word' id='word_1_444' title='bbox 1532 870 1606 907; x_wconf 89' lang='lat' dir='ltr'>hoc</span> <span class='ocrx_word' id='word_1_445' title='bbox 1620 871 1705 909; x_wconf 90' lang='lat' dir='ltr'>loco</span> <span class='ocrx_word' id='word_1_446' title='bbox 1719 873 1891 913; x_wconf 86' lang='lat' dir='ltr'>indicare</span> <span class='ocrx_word' id='word_1_447' title='bbox 1902 877 1996 915; x_wconf 91' lang='lat' dir='ltr'>mihi</span> <span class='ocrx_word' id='word_1_448' title='bbox 2009 879 2118 917; x_wconf 85' lang='lat' dir='ltr'>liceat</span> <span class='ocrx_word' id='word_1_449' title='bbox 2133 894 2226 930; x_wconf 89' lang='lat' dir='ltr'>rem,</span> 
     </span>
     <span class='ocr_line' id='line_1_70' title="bbox 1197 922 2225 983; baseline 0.018 -24"><span class='ocrx_word' id='word_1_450' title='bbox 1197 922 1245 960; x_wconf 79' lang='lat' dir='ltr'>ad</span> <span class='ocrx_word' id='word_1_451' title='bbox 1270 938 1385 974; x_wconf 87' lang='lat' dir='ltr'>quam</span> <span class='ocrx_word' id='word_1_452' title='bbox 1410 926 1448 963; x_wconf 93' lang='grc'>111</span> <span class='ocrx_word' id='word_1_453' title='bbox 1468 930 1721 977; x_wconf 89' lang='lat' dir='ltr'>sequentibus</span> <span class='ocrx_word' id='word_1_454' title='bbox 1744 933 1883 983; x_wconf 86' lang='lat' dir='ltr'>saepius</span> <span class='ocrx_word' id='word_1_455' title='bbox 1906 949 2112 976; x_wconf 87' lang='lat' dir='ltr'>recurram.</span> <span class='ocrx_word' id='word_1_456' title='bbox 2130 942 2225 977; x_wconf 79' lang='lat' dir='ltr'>Ete-</span> 
     </span>
     <span class='ocr_line' id='line_1_71' title="bbox 1197 982 2228 1046; baseline 0.017 -27"><span class='ocrx_word' id='word_1_457' title='bbox 1197 982 1277 1019; x_wconf 90' lang='lat' dir='ltr'>nim</span> <span class='ocrx_word' id='word_1_458' title='bbox 1301 986 1432 1034; x_wconf 86' lang='lat' dir='ltr'>negari</span> <span class='ocrx_word' id='word_1_459' title='bbox 1448 987 1601 1037; x_wconf 88' lang='lat' dir='ltr'>nequit,</span> <span class='ocrx_word' id='word_1_460' title='bbox 1629 996 1667 1026; x_wconf 89' lang='lat' dir='ltr'>et</span> <span class='ocrx_word' id='word_1_461' title='bbox 1689 990 1781 1028; x_wconf 90' lang='lat' dir='ltr'>mihi</span> <span class='ocrx_word' id='word_1_462' title='bbox 1807 993 1960 1042; x_wconf 88' lang='lat' dir='ltr'>quidem</span> <span class='ocrx_word' id='word_1_463' title='bbox 1984 998 2228 1046; x_wconf 88' lang='lat' dir='ltr'>persuasissi-</span> 
     </span>
     <span class='ocr_line' id='line_1_72' title="bbox 1198 1051 2227 1100; baseline 0.017 -23"><span class='ocrx_word' id='word_1_464' title='bbox 1198 1054 1303 1078; x_wconf 86' lang='lat' dir='ltr'>mum</span> <span class='ocrx_word' id='word_1_465' title='bbox 1331 1051 1407 1091; x_wconf 87' lang='lat' dir='ltr'>est,</span> <span class='ocrx_word' id='word_1_466' title='bbox 1441 1052 1659 1095; x_wconf 86' lang='lat' dir='ltr'>temporum</span> <span class='ocrx_word' id='word_1_467' title='bbox 1702 1053 2010 1100; x_wconf 82' lang='lat' dir='ltr'>computationes</span> <span class='ocrx_word' id='word_1_468' title='bbox 2043 1055 2082 1092; x_wconf 90' lang='grc'>111</span> <span class='ocrx_word' id='word_1_469' title='bbox 2110 1056 2227 1095; x_wconf 85' lang='lat' dir='ltr'>rebus</span> 
     </span>
     <span class='ocr_line' id='line_1_73' title="bbox 1198 1101 2227 1164; baseline 0.017 -27"><span class='ocrx_word' id='word_1_470' title='bbox 1198 1101 1376 1150; x_wconf 86' lang='lat' dir='ltr'>mythicae</span> <span class='ocrx_word' id='word_1_471' title='bbox 1402 1104 1524 1141; x_wconf 84' lang='lat' dir='ltr'>aetatis</span> <span class='ocrx_word' id='word_1_472' title='bbox 1556 1106 1750 1155; x_wconf 89' lang='lat' dir='ltr'>cyclorum</span> <span class='ocrx_word' id='word_1_473' title='bbox 1775 1111 2016 1157; x_wconf 86' lang='lat' dir='ltr'>quorundam</span> <span class='ocrx_word' id='word_1_474' title='bbox 2038 1114 2227 1164; x_wconf 81' lang='lat' dir='ltr'>majorum</span> 
     </span>
     <span class='ocr_line' id='line_1_74' title="bbox 1198 1155 2227 1216; baseline 0.017 -20"><span class='ocrx_word' id='word_1_475' title='bbox 1198 1171 1272 1209; x_wconf 90' lang='lat' dir='ltr'>ope</span> <span class='ocrx_word' id='word_1_476' title='bbox 1309 1155 1501 1200; x_wconf 89' lang='lat' dir='ltr'>institutas</span> <span class='ocrx_word' id='word_1_477' title='bbox 1531 1176 1625 1201; x_wconf 88' lang='lat' dir='ltr'>esse.</span> <span class='ocrx_word' id='word_1_478' title='bbox 1662 1167 1748 1202; x_wconf 87' lang='lat' dir='ltr'>Jam</span> <span class='ocrx_word' id='word_1_479' title='bbox 1767 1179 1879 1216; x_wconf 87' lang='lat' dir='ltr'>vero,</span> <span class='ocrx_word' id='word_1_480' title='bbox 1913 1170 1985 1207; x_wconf 88' lang='lat' dir='ltr'>nisi</span> <span class='ocrx_word' id='word_1_481' title='bbox 2002 1174 2129 1210; x_wconf 88' lang='lat' dir='ltr'>omnia</span> <span class='ocrx_word' id='word_1_482' title='bbox 2166 1188 2227 1213; x_wconf 88' lang='lat' dir='ltr'>me</span> 
     </span>
     <span class='ocr_line' id='line_1_75' title="bbox 1197 1217 2227 1283; baseline 0.016 -29"><span class='ocrx_word' id='word_1_483' title='bbox 1197 1217 1350 1267; x_wconf 87' lang='lat' dir='ltr'>fallunt,</span> <span class='ocrx_word' id='word_1_484' title='bbox 1383 1221 1511 1270; x_wconf 88' lang='lat' dir='ltr'>cyclus</span> <span class='ocrx_word' id='word_1_485' title='bbox 1547 1222 1639 1272; x_wconf 88' lang='grc'>1110,</span> <span class='ocrx_word' id='word_1_486' title='bbox 1683 1225 1749 1275; x_wconf 86' lang='lat' dir='ltr'>qui</span> <span class='ocrx_word' id='word_1_487' title='bbox 1774 1225 1814 1262; x_wconf 92' lang='lat' dir='ltr'>in</span> <span class='ocrx_word' id='word_1_488' title='bbox 1851 1228 1970 1265; x_wconf 87' lang='lat' dir='ltr'>veteri</span> <span class='ocrx_word' id='word_1_489' title='bbox 1991 1229 2227 1283; x_wconf 83' lang='lat' dir='ltr'>chronogra-</span> 
     </span>
     <span class='ocr_line' id='line_1_76' title="bbox 1197 1277 2227 1340; baseline 0.017 -27"><span class='ocrx_word' id='word_1_490' title='bbox 1197 1277 1289 1327; x_wconf 89' lang='lat' dir='ltr'>phia</span> <span class='ocrx_word' id='word_1_491' title='bbox 1326 1278 1620 1320; x_wconf 87' lang='lat' dir='ltr'>fundamentum</span> <span class='ocrx_word' id='word_1_492' title='bbox 1670 1285 1780 1334; x_wconf 90' lang='lat' dir='ltr'>quasi</span> <span class='ocrx_word' id='word_1_493' title='bbox 1808 1293 1847 1323; x_wconf 90' lang='lat' dir='ltr'>et</span> <span class='ocrx_word' id='word_1_494' title='bbox 1886 1286 1988 1325; x_wconf 87' lang='lat' dir='ltr'>basis</span> <span class='ocrx_word' id='word_1_495' title='bbox 2030 1301 2130 1340; x_wconf 84' lang='lat' dir='ltr'>erat,</span> <span class='ocrx_word' id='word_1_496' title='bbox 2165 1294 2227 1330; x_wconf 90' lang='lat' dir='ltr'>cui</span> 
     </span>
     <span class='ocr_line' id='line_1_77' title="bbox 1197 1335 2228 1399; baseline 0.018 -28"><span class='ocrx_word' id='word_1_497' title='bbox 1197 1335 1383 1386; x_wconf 88' lang='lat' dir='ltr'>majorum</span> <span class='ocrx_word' id='word_1_498' title='bbox 1409 1339 1660 1389; x_wconf 84' lang='lat' dir='ltr'>periodorum</span> <span class='ocrx_word' id='word_1_499' title='bbox 1680 1345 1919 1394; x_wconf 87' lang='lat' dir='ltr'>computatio</span> <span class='ocrx_word' id='word_1_500' title='bbox 1942 1358 2228 1399; x_wconf 87' lang='lat' dir='ltr'>superstruere-</span> 
     </span>
     <span class='ocr_line' id='line_1_78' title="bbox 1197 1398 2228 1452; baseline 0.018 -22"><span class='ocrx_word' id='word_1_501' title='bbox 1197 1402 1281 1443; x_wconf 90' lang='lat' dir='ltr'>tur,</span> <span class='ocrx_word' id='word_1_502' title='bbox 1297 1408 1487 1434; x_wconf 86' lang='lat' dir='ltr'>annorum</span> <span class='ocrx_word' id='word_1_503' title='bbox 1503 1398 1575 1436; x_wconf 91' lang='lat' dir='ltr'>fuit</span> <span class='ocrx_word' id='word_1_504' title='bbox 1607 1406 1806 1452; x_wconf 74' lang='lat' dir='ltr'>sexaginta</span> <span class='ocrx_word' id='word_1_505' title='bbox 1827 1408 1947 1443; x_wconf 78' lang='lat' dir='ltr'>trium.</span> <span class='ocrx_word' id='word_1_506' title='bbox 1971 1410 2050 1445; x_wconf 91' lang='lat' dir='ltr'>Cur</span> <span class='ocrx_word' id='word_1_507' title='bbox 2071 1409 2124 1448; x_wconf 84' lang='lat' dir='ltr'>ita</span> <span class='ocrx_word' id='word_1_508' title='bbox 2155 1419 2228 1448; x_wconf 88' lang='lat' dir='ltr'>sta-</span> 
     </span>
     <span class='ocr_line' id='line_1_79' title="bbox 1196 1455 2225 1519; baseline 0.018 -30"><span class='ocrx_word' id='word_1_509' title='bbox 1196 1460 1313 1501; x_wconf 88' lang='lat' dir='ltr'>tuam,</span> <span class='ocrx_word' id='word_1_510' title='bbox 1329 1455 1440 1503; x_wconf 88' lang='lat' dir='ltr'>infra,</span> <span class='ocrx_word' id='word_1_511' title='bbox 1468 1456 1536 1495; x_wconf 92' lang='lat' dir='ltr'>ubi</span> <span class='ocrx_word' id='word_1_512' title='bbox 1559 1458 1608 1496; x_wconf 88' lang='lat' dir='ltr'>de</span> <span class='ocrx_word' id='word_1_513' title='bbox 1620 1472 1696 1498; x_wconf 88' lang='lat' dir='ltr'>aera</span> <span class='ocrx_word' id='word_1_514' title='bbox 1715 1461 1881 1512; x_wconf 88' lang='lat' dir='ltr'>Trojana</span> <span class='ocrx_word' id='word_1_515' title='bbox 1905 1464 2108 1505; x_wconf 90' lang='lat' dir='ltr'>dicendum</span> <span class='ocrx_word' id='word_1_516' title='bbox 2130 1471 2225 1519; x_wconf 87' lang='lat' dir='ltr'>erit,</span> 
     </span>
     <span class='ocr_line' id='line_1_80' title="bbox 1195 1512 2227 1579; baseline 0.018 -30"><span class='ocrx_word' id='word_1_517' title='bbox 1195 1512 1351 1551; x_wconf 88' lang='lat' dir='ltr'>uberius</span> <span class='ocrx_word' id='word_1_518' title='bbox 1367 1528 1571 1566; x_wconf 87' lang='lat' dir='ltr'>exponam.</span> <span class='ocrx_word' id='word_1_519' title='bbox 1585 1518 1662 1557; x_wconf 91' lang='lat' dir='ltr'>Ubi</span> <span class='ocrx_word' id='word_1_520' title='bbox 1678 1521 1710 1558; x_wconf 88' lang='lat' dir='ltr'>si</span> <span class='ocrx_word' id='word_1_521' title='bbox 1719 1534 1853 1559; x_wconf 87' lang='lat' dir='ltr'>verum</span> <span class='ocrx_word' id='word_1_522' title='bbox 1866 1537 1925 1561; x_wconf 90' lang='lat' dir='ltr'>me</span> <span class='ocrx_word' id='word_1_523' title='bbox 1937 1526 2075 1565; x_wconf 87' lang='lat' dir='ltr'>vidisse</span> <span class='ocrx_word' id='word_1_524' title='bbox 2094 1529 2227 1579; x_wconf 85' lang='lat' dir='ltr'>largie-</span> 
     </span>
     <span class='ocr_line' id='line_1_81' title="bbox 1194 1571 2225 1639; baseline 0.019 -32"><span class='ocrx_word' id='word_1_525' title='bbox 1194 1571 1257 1619; x_wconf 85' lang='lat' dir='ltr'>ris,</span> <span class='ocrx_word' id='word_1_526' title='bbox 1271 1582 1432 1623; x_wconf 89' lang='lat' dir='ltr'>apparet</span> <span class='ocrx_word' id='word_1_527' title='bbox 1446 1577 1644 1625; x_wconf 89' lang='lat' dir='ltr'>quomodo</span> <span class='ocrx_word' id='word_1_528' title='bbox 1654 1580 1819 1629; x_wconf 89' lang='lat' dir='ltr'>spatium</span> <span class='ocrx_word' id='word_1_529' title='bbox 1835 1581 2036 1623; x_wconf 86' lang='lat' dir='ltr'>illudinter</span> <span class='ocrx_word' id='word_1_530' title='bbox 2053 1590 2225 1639; x_wconf 84' lang='lat' dir='ltr'>Ogygem</span> 
     </span>
     <span class='ocr_line' id='line_1_82' title="bbox 1193 1634 2226 1691; baseline 0.018 -25"><span class='ocrx_word' id='word_1_531' title='bbox 1193 1638 1232 1667; x_wconf 91' lang='lat' dir='ltr'>et</span> <span class='ocrx_word' id='word_1_532' title='bbox 1267 1634 1476 1683; x_wconf 86' lang='lat' dir='ltr'>Cecropem</span> <span class='ocrx_word' id='word_1_533' title='bbox 1498 1635 1740 1687; x_wconf 82' lang='lat' dir='ltr'>interjectum</span> <span class='ocrx_word' id='word_1_534' title='bbox 1773 1647 1849 1677; x_wconf 89' lang='lat' dir='ltr'>tam</span> <span class='ocrx_word' id='word_1_535' title='bbox 1883 1653 2071 1691; x_wconf 89' lang='lat' dir='ltr'>accurate,</span> <span class='ocrx_word' id='word_1_536' title='bbox 2092 1655 2134 1683; x_wconf 92' lang='lat' dir='ltr'>ut</span> <span class='ocrx_word' id='word_1_537' title='bbox 2153 1660 2226 1684; x_wconf 91' lang='lat' dir='ltr'>no—</span> 
     </span>
     <span class='ocr_line' id='line_1_83' title="bbox 1192 1687 2224 1759; baseline 0.018 -34"><span class='ocrx_word' id='word_1_538' title='bbox 1192 1687 1253 1727; x_wconf 92' lang='lat' dir='ltr'>bis</span> <span class='ocrx_word' id='word_1_539' title='bbox 1277 1690 1452 1740; x_wconf 88' lang='lat' dir='ltr'>videtur,</span> <span class='ocrx_word' id='word_1_540' title='bbox 1480 1703 1630 1733; x_wconf 81' lang='lat' dir='ltr'>veteres</span> <span class='ocrx_word' id='word_1_541' title='bbox 1653 1696 1881 1738; x_wconf 86' lang='lat' dir='ltr'>definierint.</span> <span class='ocrx_word' id='word_1_542' title='bbox 1895 1703 1992 1740; x_wconf 90' lang='lat' dir='ltr'>Anni</span> <span class='ocrx_word' id='word_1_543' title='bbox 2017 1705 2117 1742; x_wconf 89' lang='lat' dir='ltr'>enim</span> <span class='ocrx_word' id='word_1_544' title='bbox 2140 1707 2224 1759; x_wconf 70' lang='lat'>189,</span> 
     </span>
     <span class='ocr_line' id='line_1_84' title="bbox 1193 1750 2226 1813; baseline 0.018 -28"><span class='ocrx_word' id='word_1_545' title='bbox 1193 1762 1292 1799; x_wconf 90' lang='lat' dir='ltr'>quos</span> <span class='ocrx_word' id='word_1_546' title='bbox 1307 1750 1559 1791; x_wconf 89' lang='lat' dir='ltr'>Philochorus</span> <span class='ocrx_word' id='word_1_547' title='bbox 1582 1756 1692 1805; x_wconf 92' lang='lat' dir='ltr'>ponit</span> <span class='ocrx_word' id='word_1_548' title='bbox 1711 1765 1882 1798; x_wconf 89' lang='lat' dir='ltr'>vetustos</span> <span class='ocrx_word' id='word_1_549' title='bbox 1909 1772 2113 1813; x_wconf 88' lang='lat' dir='ltr'>computos</span> <span class='ocrx_word' id='word_1_550' title='bbox 2134 1766 2226 1803; x_wconf 87' lang='lat' dir='ltr'>red-</span> 
     </span>
     <span class='ocr_line' id='line_1_85' title="bbox 1193 1808 2224 1874; baseline 0.018 -30"><span class='ocrx_word' id='word_1_551' title='bbox 1193 1808 1305 1856; x_wconf 89' lang='lat' dir='ltr'>dens,</span> <span class='ocrx_word' id='word_1_552' title='bbox 1328 1818 1402 1847; x_wconf 89' lang='lat' dir='ltr'>tres</span> <span class='ocrx_word' id='word_1_553' title='bbox 1420 1810 1592 1849; x_wconf 89' lang='lat' dir='ltr'>efficiunt</span> <span class='ocrx_word' id='word_1_554' title='bbox 1608 1815 1735 1863; x_wconf 88' lang='lat' dir='ltr'>cyclos</span> <span class='ocrx_word' id='word_1_555' title='bbox 1748 1817 1911 1868; x_wconf 89' lang='lat' dir='ltr'>majores</span> <span class='ocrx_word' id='word_1_556' title='bbox 1927 1821 1965 1870; x_wconf 84' lang='lat'>(3</span> <span class='ocrx_word' id='word_1_557' title='bbox 1978 1828 2012 1862; x_wconf 91' lang='lat'>&gt;&lt;</span> <span class='ocrx_word' id='word_1_558' title='bbox 2025 1822 2103 1874; x_wconf 80' lang='lat'>63).</span> <span class='ocrx_word' id='word_1_559' title='bbox 2122 1826 2224 1863; x_wconf 93' lang='lat' dir='ltr'>Anni</span> 
     </span>
     <span class='ocr_line' id='line_1_86' title="bbox 1192 1869 2221 1933; baseline 0.017 -30"><span class='ocrx_word' id='word_1_560' title='bbox 1192 1880 1286 1904; x_wconf 84' lang='lat' dir='ltr'>vero</span> <span class='ocrx_word' id='word_1_561' title='bbox 1309 1869 1405 1915; x_wconf 87' lang='lat'>378,</span> <span class='ocrx_word' id='word_1_562' title='bbox 1425 1871 1491 1920; x_wconf 91' lang='lat' dir='ltr'>qui</span> <span class='ocrx_word' id='word_1_563' title='bbox 1510 1871 1651 1910; x_wconf 90' lang='lat' dir='ltr'>deinde</span> <span class='ocrx_word' id='word_1_564' title='bbox 1669 1887 1691 1911; x_wconf 81' lang='lat' dir='ltr'>a</span> <span class='ocrx_word' id='word_1_565' title='bbox 1710 1877 1878 1927; x_wconf 89' lang='lat' dir='ltr'>Cecrope</span> <span class='ocrx_word' id='word_1_566' title='bbox 1898 1878 1946 1915; x_wconf 90' lang='lat' dir='ltr'>ad</span> <span class='ocrx_word' id='word_1_567' title='bbox 1963 1882 2221 1933; x_wconf 88' lang='lat' dir='ltr'>Demophon-</span> 
     </span>
     <span class='ocr_line' id='line_1_87' title="bbox 1193 1927 2223 1992; baseline 0.017 -30"><span class='ocrx_word' id='word_1_568' title='bbox 1193 1933 1267 1963; x_wconf 90' lang='lat' dir='ltr'>tem</span> <span class='ocrx_word' id='word_1_569' title='bbox 1287 1928 1348 1964; x_wconf 85' lang='lat' dir='ltr'>vel</span> <span class='ocrx_word' id='word_1_570' title='bbox 1371 1927 1515 1967; x_wconf 90' lang='lat' dir='ltr'>bellum</span> <span class='ocrx_word' id='word_1_571' title='bbox 1537 1931 1750 1982; x_wconf 85' lang='lat' dir='ltr'>Trojanum</span> <span class='ocrx_word' id='word_1_572' title='bbox 1781 1946 2051 1987; x_wconf 88' lang='lat' dir='ltr'>numerantur,</span> <span class='ocrx_word' id='word_1_573' title='bbox 2080 1940 2223 1992; x_wconf 84' lang='lat' dir='ltr'>duplex</span> 
     </span>
     <span class='ocr_line' id='line_1_88' title="bbox 1191 1986 2122 2049; baseline 0.017 -28"><span class='ocrx_word' id='word_1_574' title='bbox 1191 1986 1333 2035; x_wconf 88' lang='lat' dir='ltr'>prioris</span> <span class='ocrx_word' id='word_1_575' title='bbox 1350 1988 1503 2038; x_wconf 91' lang='lat' dir='ltr'>periodi</span> <span class='ocrx_word' id='word_1_576' title='bbox 1519 1991 1685 2040; x_wconf 89' lang='lat' dir='ltr'>spatium</span> <span class='ocrx_word' id='word_1_577' title='bbox 1699 1994 1760 2030; x_wconf 85' lang='lat' dir='ltr'>vel</span> <span class='ocrx_word' id='word_1_578' title='bbox 1776 1995 1798 2031; x_wconf 91' lang='lat'>6</span> <span class='ocrx_word' id='word_1_579' title='bbox 1817 1997 1942 2046; x_wconf 92' lang='lat' dir='ltr'>cyclos</span> <span class='ocrx_word' id='word_1_580' title='bbox 1956 1999 2122 2049; x_wconf 87' lang='lat' dir='ltr'>explent.</span> 
     </span>
    </p>

    <p class='ocr_par' dir='ltr' id='par_1_15' title="bbox 1181 2046 2253 2991">
     <span class='ocr_line' id='line_1_89' title="bbox 1243 2046 2223 2097; baseline 0.017 -16"><span class='ocrx_word' id='word_1_581' title='bbox 1243 2047 1302 2082; x_wconf 90' lang='lat' dir='ltr'>De</span> <span class='ocrx_word' id='word_1_582' title='bbox 1335 2046 1554 2086; x_wconf 86' lang='lat' dir='ltr'>differentia</span> <span class='ocrx_word' id='word_1_583' title='bbox 1589 2051 1637 2086; x_wconf 90' lang='grc'>26</span> <span class='ocrx_word' id='word_1_584' title='bbox 1671 2063 1861 2090; x_wconf 88' lang='lat' dir='ltr'>annorum</span> <span class='ocrx_word' id='word_1_585' title='bbox 1890 2055 1990 2094; x_wconf 87' lang='lat' dir='ltr'>inter</span> <span class='ocrx_word' id='word_1_586' title='bbox 2018 2059 2149 2097; x_wconf 88' lang='lat' dir='ltr'>Nostri</span> <span class='ocrx_word' id='word_1_587' title='bbox 2184 2069 2223 2097; x_wconf 90' lang='lat' dir='ltr'>et</span> 
     </span>
     <span class='ocr_line' id='line_1_90' title="bbox 1191 2103 2221 2155; baseline 0.017 -16"><span class='ocrx_word' id='word_1_588' title='bbox 1191 2103 1348 2141; x_wconf 88' lang='lat' dir='ltr'>Eusebii</span> <span class='ocrx_word' id='word_1_589' title='bbox 1370 2107 1536 2144; x_wconf 87' lang='lat' dir='ltr'>calculos</span> <span class='ocrx_word' id='word_1_590' title='bbox 1553 2109 1753 2147; x_wconf 89' lang='lat' dir='ltr'>Boeckhius</span> <span class='ocrx_word' id='word_1_591' title='bbox 1771 2112 1954 2150; x_wconf 85' lang='lat' dir='ltr'>adscribit</span> <span class='ocrx_word' id='word_1_592' title='bbox 1972 2115 2071 2154; x_wconf 84' lang='lat' dir='ltr'>haec:</span> <span class='ocrx_word' id='word_1_593' title='bbox 2086 2121 2221 2155; x_wconf 83' lang='lat' dir='ltr'>«Cete—</span> 
     </span>
     <span class='ocr_line' id='line_1_91' title="bbox 1191 2163 2219 2227; baseline 0.018 -30"><span class='ocrx_word' id='word_1_594' title='bbox 1191 2174 1276 2198; x_wconf 89' lang='lat' dir='ltr'>rum</span> <span class='ocrx_word' id='word_1_595' title='bbox 1296 2163 1481 2212; x_wconf 87' lang='lat' dir='ltr'>Lydiatus</span> <span class='ocrx_word' id='word_1_596' title='bbox 1504 2165 1633 2216; x_wconf 86' lang='lat' dir='ltr'>[quem</span> <span class='ocrx_word' id='word_1_597' title='bbox 1651 2169 1830 2218; x_wconf 85' lang='lat' dir='ltr'>equidem</span> <span class='ocrx_word' id='word_1_598' title='bbox 1846 2171 2036 2223; x_wconf 89' lang='lat' dir='ltr'>inspicere</span> <span class='ocrx_word' id='word_1_599' title='bbox 2055 2189 2131 2213; x_wconf 91' lang='lat' dir='ltr'>non</span> <span class='ocrx_word' id='word_1_600' title='bbox 2149 2190 2219 2227; x_wconf 90' lang='lat' dir='ltr'>po-</span> 
     </span>
     <span class='ocr_line' id='line_1_92' title="bbox 1191 2220 2218 2281; baseline 0.018 -26"><span class='ocrx_word' id='word_1_601' title='bbox 1191 2220 1271 2270; x_wconf 91' lang='lat' dir='ltr'>tui]</span> <span class='ocrx_word' id='word_1_602' title='bbox 1291 2233 1329 2270; x_wconf 93' lang='lat' dir='ltr'>p.</span> <span class='ocrx_word' id='word_1_603' title='bbox 1364 2223 1438 2259; x_wconf 86' lang='grc'>235</span> <span class='ocrx_word' id='word_1_604' title='bbox 1465 2224 1661 2274; x_wconf 87' lang='lat' dir='ltr'>ingeniose</span> <span class='ocrx_word' id='word_1_605' title='bbox 1685 2227 1817 2275; x_wconf 90' lang='lat' dir='ltr'>docet,</span> <span class='ocrx_word' id='word_1_606' title='bbox 1850 2230 1963 2281; x_wconf 86' lang='lat' dir='ltr'>hujus</span> <span class='ocrx_word' id='word_1_607' title='bbox 1989 2232 2218 2273; x_wconf 79' lang='lat' dir='ltr'>differentiae</span> 
     </span>
     <span class='ocr_line' id='line_1_93' title="bbox 1188 2279 2216 2339; baseline 0.018 -25"><span class='ocrx_word' id='word_1_608' title='bbox 1188 2279 1391 2329; x_wconf 89' lang='lat' dir='ltr'>vestigium</span> <span class='ocrx_word' id='word_1_609' title='bbox 1420 2281 1460 2318; x_wconf 92' lang='grc'>111</span> <span class='ocrx_word' id='word_1_610' title='bbox 1486 2282 1580 2332; x_wconf 83' lang='lat' dir='ltr'>ipsis</span> <span class='ocrx_word' id='word_1_611' title='bbox 1614 2286 1842 2326; x_wconf 85' lang='lat' dir='ltr'>Eusebianis</span> <span class='ocrx_word' id='word_1_612' title='bbox 1862 2289 2010 2339; x_wconf 88' lang='lat' dir='ltr'>inesse,</span> <span class='ocrx_word' id='word_1_613' title='bbox 2032 2292 2121 2330; x_wconf 91' lang='lat' dir='ltr'>dum</span> <span class='ocrx_word' id='word_1_614' title='bbox 2141 2297 2216 2332; x_wconf 90' lang='lat' dir='ltr'>De-</span> 
     </span>
     <span class='ocr_line' id='line_1_94' title="bbox 1189 2336 2216 2399; baseline 0.017 -27"><span class='ocrx_word' id='word_1_615' title='bbox 1189 2336 1275 2374; x_wconf 89' lang='lat' dir='ltr'>liaci</span> <span class='ocrx_word' id='word_1_616' title='bbox 1294 2339 1427 2389; x_wconf 91' lang='lat' dir='ltr'>templi</span> <span class='ocrx_word' id='word_1_617' title='bbox 1452 2344 1682 2390; x_wconf 85' lang='lat' dir='ltr'>exstructio,</span> <span class='ocrx_word' id='word_1_618' title='bbox 1707 2358 1793 2395; x_wconf 82' lang='lat' dir='ltr'>quae</span> <span class='ocrx_word' id='word_1_619' title='bbox 1814 2348 1961 2399; x_wconf 90' lang='lat' dir='ltr'>quippe</span> <span class='ocrx_word' id='word_1_620' title='bbox 1992 2358 2096 2388; x_wconf 86' lang='lat' dir='ltr'>certo</span> <span class='ocrx_word' id='word_1_621' title='bbox 2116 2364 2216 2389; x_wconf 86' lang='lat' dir='ltr'>auno</span> 
     </span>
     <span class='ocr_line' id='line_1_95' title="bbox 1187 2396 2216 2457; baseline 0.017 -26"><span class='ocrx_word' id='word_1_622' title='bbox 1187 2396 1378 2446; x_wconf 85' lang='lat' dir='ltr'>assignata</span> <span class='ocrx_word' id='word_1_623' title='bbox 1398 2408 1497 2436; x_wconf 90' lang='lat' dir='ltr'>esset</span> <span class='ocrx_word' id='word_1_624' title='bbox 1520 2402 1801 2455; x_wconf 85' lang='lat' dir='ltr'>qualiscunque</span> <span class='ocrx_word' id='word_1_625' title='bbox 1830 2408 2004 2457; x_wconf 88' lang='lat' dir='ltr'>periodi,</span> <span class='ocrx_word' id='word_1_626' title='bbox 2030 2410 2144 2446; x_wconf 88' lang='lat' dir='ltr'>modo</span> <span class='ocrx_word' id='word_1_627' title='bbox 2175 2411 2216 2448; x_wconf 89' lang='lat' dir='ltr'>in</span> 
     </span>
     <span class='ocr_line' id='line_1_96' title="bbox 1187 2456 2253 2518; baseline 0.017 -28"><span class='ocrx_word' id='word_1_628' title='bbox 1187 2456 1369 2506; x_wconf 88' lang='lat' dir='ltr'>Cecropis</span> <span class='ocrx_word' id='word_1_629' title='bbox 1381 2469 1522 2496; x_wconf 89' lang='lat' dir='ltr'>annum</span> <span class='ocrx_word' id='word_1_630' title='bbox 1536 2461 1582 2507; x_wconf 90' lang='lat'>37</span> <span class='ocrx_word' id='word_1_631' title='bbox 1598 2459 1743 2512; x_wconf 89' lang='lat' dir='ltr'>(Canon</span> <span class='ocrx_word' id='word_1_632' title='bbox 1755 2467 1822 2502; x_wconf 91' lang='lat' dir='ltr'>Gr.</span> <span class='ocrx_word' id='word_1_633' title='bbox 1834 2478 1871 2516; x_wconf 88' lang='lat' dir='ltr'>p.</span> <span class='ocrx_word' id='word_1_634' title='bbox 1886 2480 1900 2502; x_wconf 88' lang='lat'>1</span> <span class='ocrx_word' id='word_1_635' title='bbox 1912 2480 1972 2514; x_wconf 93' lang='lat'>10,</span> <span class='ocrx_word' id='word_1_636' title='bbox 1988 2468 2212 2518; x_wconf 88' lang='lat' dir='ltr'>Hieronym.</span> <span class='ocrx_word' id='word_1_637' title='bbox 2247 2491 2253 2496; x_wconf 89' lang='lat'><strong>·</strong></span> 
     </span>
     <span class='ocr_line' id='line_1_97' title="bbox 1186 2513 2215 2575; baseline 0.013 -23"><span class='ocrx_word' id='word_1_638' title='bbox 1186 2513 1278 2552; x_wconf 89' lang='lat' dir='ltr'>Can.</span> <span class='ocrx_word' id='word_1_639' title='bbox 1298 2528 1335 2565; x_wconf 93' lang='lat' dir='ltr'>p.</span> <span class='ocrx_word' id='word_1_640' title='bbox 1361 2517 1423 2563; x_wconf 79' lang='lat'>76)</span> <span class='ocrx_word' id='word_1_641' title='bbox 1436 2518 1550 2555; x_wconf 90' lang='lat' dir='ltr'>modo</span> <span class='ocrx_word' id='word_1_642' title='bbox 1570 2519 1608 2556; x_wconf 91' lang='lat' dir='ltr'>in</span> <span class='ocrx_word' id='word_1_643' title='bbox 1637 2533 1778 2559; x_wconf 86' lang='lat' dir='ltr'>annum</span> <span class='ocrx_word' id='word_1_644' title='bbox 1795 2525 2090 2575; x_wconf 89' lang='lat' dir='ltr'>Amphictyonis</span> <span class='ocrx_word' id='word_1_645' title='bbox 2109 2532 2130 2571; x_wconf 98' lang='lat'>4</span> <span class='ocrx_word' id='word_1_646' title='bbox 2152 2541 2215 2565; x_wconf 88' lang='lat' dir='ltr'>re-</span> 
     </span>
     <span class='ocr_line' id='line_1_98' title="bbox 1185 2571 2213 2634; baseline 0.016 -26"><span class='ocrx_word' id='word_1_647' title='bbox 1185 2571 1306 2610; x_wconf 85' lang='lat' dir='ltr'>fertur</span> <span class='ocrx_word' id='word_1_648' title='bbox 1323 2574 1569 2626; x_wconf 90' lang='lat' dir='ltr'>(Hieronym.</span> <span class='ocrx_word' id='word_1_649' title='bbox 1595 2581 1687 2617; x_wconf 89' lang='lat' dir='ltr'>Can.</span> <span class='ocrx_word' id='word_1_650' title='bbox 1707 2594 1746 2631; x_wconf 91' lang='lat' dir='ltr'>p.</span> <span class='ocrx_word' id='word_1_651' title='bbox 1771 2583 1841 2633; x_wconf 86' lang='lat'>78)</span> <span class='ocrx_word' id='word_1_652' title='bbox 1862 2598 1870 2620; x_wconf 90' lang='lat'>:</span> <span class='ocrx_word' id='word_1_653' title='bbox 1892 2598 1976 2634; x_wconf 87' lang='lat' dir='ltr'>quae</span> <span class='ocrx_word' id='word_1_654' title='bbox 1995 2585 2213 2625; x_wconf 85' lang='lat' dir='ltr'>differentia</span> 
     </span>
     <span class='ocr_line' id='line_1_99' title="bbox 1185 2633 2211 2692; baseline 0.016 -25"><span class='ocrx_word' id='word_1_655' title='bbox 1185 2639 1241 2668; x_wconf 90' lang='lat' dir='ltr'>est</span> <span class='ocrx_word' id='word_1_656' title='bbox 1262 2633 1311 2669; x_wconf 90' lang='grc'>26</span> <span class='ocrx_word' id='word_1_657' title='bbox 1332 2646 1535 2673; x_wconf 88' lang='lat' dir='ltr'>annorum.</span> <span class='ocrx_word' id='word_1_658' title='bbox 1561 2637 1691 2676; x_wconf 92' lang='lat' dir='ltr'>Simile</span> <span class='ocrx_word' id='word_1_659' title='bbox 1718 2640 1834 2677; x_wconf 88' lang='lat' dir='ltr'>habes</span> <span class='ocrx_word' id='word_1_660' title='bbox 1855 2655 1916 2692; x_wconf 90' lang='lat' dir='ltr'>ep.</span> <span class='ocrx_word' id='word_1_661' title='bbox 1949 2649 1968 2686; x_wconf 91' lang='grc'>4</span> <span class='ocrx_word' id='word_1_662' title='bbox 1991 2652 2028 2680; x_wconf 84' lang='grc'>01</span> <span class='ocrx_word' id='word_1_663' title='bbox 2058 2645 2099 2691; x_wconf 84' lang='grc'>6,</span> <span class='ocrx_word' id='word_1_664' title='bbox 2118 2645 2211 2684; x_wconf 87' lang='lat' dir='ltr'>item</span> 
     </span>
     <span class='ocr_line' id='line_1_100' title="bbox 1189 2694 2211 2751; baseline 0.015 -23"><span class='ocrx_word' id='word_1_665' title='bbox 1189 2705 1268 2729; x_wconf 81' lang='grc'>12.»</span> <span class='ocrx_word' id='word_1_666' title='bbox 1285 2694 1487 2744; x_wconf 88' lang='lat' dir='ltr'>Templum</span> <span class='ocrx_word' id='word_1_667' title='bbox 1508 2697 1705 2735; x_wconf 89' lang='lat' dir='ltr'>Deliacum</span> <span class='ocrx_word' id='word_1_668' title='bbox 1737 2699 1852 2749; x_wconf 80' lang='lat' dir='ltr'>igitur</span> <span class='ocrx_word' id='word_1_669' title='bbox 1875 2714 1994 2751; x_wconf 91' lang='lat' dir='ltr'>quum</span> <span class='ocrx_word' id='word_1_670' title='bbox 2013 2715 2046 2740; x_wconf 89' lang='lat' dir='ltr'>a.</span> <span class='ocrx_word' id='word_1_671' title='bbox 2070 2710 2091 2748; x_wconf 91' lang='grc'>4</span> <span class='ocrx_word' id='word_1_672' title='bbox 2117 2707 2211 2743; x_wconf 87' lang='lat' dir='ltr'>Am-</span> 
     </span>
     <span class='ocr_line' id='line_1_101' title="bbox 1183 2751 2210 2814; baseline 0.015 -27"><span class='ocrx_word' id='word_1_673' title='bbox 1183 2751 1403 2802; x_wconf 90' lang='lat' dir='ltr'>phictyonis</span> <span class='ocrx_word' id='word_1_674' title='bbox 1427 2754 1621 2792; x_wconf 89' lang='lat' dir='ltr'>conditum</span> <span class='ocrx_word' id='word_1_675' title='bbox 1653 2756 1826 2806; x_wconf 85' lang='lat' dir='ltr'>dicatur,</span> <span class='ocrx_word' id='word_1_676' title='bbox 1860 2759 1968 2797; x_wconf 79' lang='lat' dir='ltr'>vides</span> <span class='ocrx_word' id='word_1_677' title='bbox 2000 2775 2081 2799; x_wconf 87' lang='lat' dir='ltr'>rem</span> <span class='ocrx_word' id='word_1_678' title='bbox 2117 2765 2210 2814; x_wconf 91' lang='lat' dir='ltr'>poni</span> 
     </span>
     <span class='ocr_line' id='line_1_102' title="bbox 1183 2810 2208 2869; baseline 0.014 -23"><span class='ocrx_word' id='word_1_679' title='bbox 1183 2810 1290 2847; x_wconf 87' lang='lat' dir='ltr'>annis</span> <span class='ocrx_word' id='word_1_680' title='bbox 1324 2812 1371 2848; x_wconf 90' lang='grc'>63</span> <span class='ocrx_word' id='word_1_681' title='bbox 1418 2821 1505 2862; x_wconf 89' lang='lat' dir='ltr'>post</span> <span class='ocrx_word' id='word_1_682' title='bbox 1537 2815 1720 2866; x_wconf 89' lang='lat' dir='ltr'>Cecropis</span> <span class='ocrx_word' id='word_1_683' title='bbox 1758 2829 1791 2853; x_wconf 90' lang='lat' dir='ltr'>a.</span> <span class='ocrx_word' id='word_1_684' title='bbox 1829 2831 1869 2865; x_wconf 87' lang='lat'>1;</span> <span class='ocrx_word' id='word_1_685' title='bbox 1899 2826 2014 2869; x_wconf 86' lang='lat' dir='ltr'>atque</span> <span class='ocrx_word' id='word_1_686' title='bbox 2062 2821 2208 2861; x_wconf 89' lang='lat' dir='ltr'>fontem</span> 
     </span>
     <span class='ocr_line' id='line_1_103' title="bbox 1182 2869 2208 2928; baseline 0.015 -24"><span class='ocrx_word' id='word_1_687' title='bbox 1182 2869 1419 2919; x_wconf 89' lang='lat' dir='ltr'>Hieronymi,</span> <span class='ocrx_word' id='word_1_688' title='bbox 1443 2870 1510 2908; x_wconf 92' lang='lat' dir='ltr'>ubi</span> <span class='ocrx_word' id='word_1_689' title='bbox 1529 2871 1628 2910; x_wconf 87' lang='lat' dir='ltr'>idem</span> <span class='ocrx_word' id='word_1_690' title='bbox 1646 2887 1679 2910; x_wconf 88' lang='lat' dir='ltr'>a.</span> <span class='ocrx_word' id='word_1_691' title='bbox 1704 2877 1749 2921; x_wconf 83' lang='lat'>37</span> <span class='ocrx_word' id='word_1_692' title='bbox 1768 2878 1947 2928; x_wconf 90' lang='lat' dir='ltr'>Cecropis</span> <span class='ocrx_word' id='word_1_693' title='bbox 1967 2878 2114 2927; x_wconf 86' lang='lat' dir='ltr'>tribuit,</span> <span class='ocrx_word' id='word_1_694' title='bbox 2135 2885 2208 2919; x_wconf 86' lang='lat' dir='ltr'>Ce-</span> 
     </span>
     <span class='ocr_line' id='line_1_104' title="bbox 1181 2929 2206 2991; baseline 0.016 -29"><span class='ocrx_word' id='word_1_695' title='bbox 1181 2940 1336 2977; x_wconf 85' lang='lat' dir='ltr'>cropem</span> <span class='ocrx_word' id='word_1_696' title='bbox 1354 2929 1402 2964; x_wconf 91' lang='grc'>26</span> <span class='ocrx_word' id='word_1_697' title='bbox 1416 2930 1526 2966; x_wconf 87' lang='lat' dir='ltr'>annis</span> <span class='ocrx_word' id='word_1_698' title='bbox 1542 2931 1710 2981; x_wconf 90' lang='lat' dir='ltr'>priorem</span> <span class='ocrx_word' id='word_1_699' title='bbox 1720 2933 1862 2972; x_wconf 89' lang='lat' dir='ltr'>fecisse.</span> <span class='ocrx_word' id='word_1_700' title='bbox 1879 2939 1954 2974; x_wconf 89' lang='lat' dir='ltr'>Res</span> <span class='ocrx_word' id='word_1_701' title='bbox 1964 2938 2065 2975; x_wconf 88' lang='lat' dir='ltr'>enim</span> <span class='ocrx_word' id='word_1_702' title='bbox 2079 2942 2206 2991; x_wconf 88' lang='lat' dir='ltr'>magni</span> 
     </span>
    </p>
   </div>
   <div class='ocr_carea' id='block_1_10' title="bbox 1180 2987 2204 3099">
    <p class='ocr_par' dir='ltr' id='par_1_16' title="bbox 1180 2987 2204 3099">
     <span class='ocr_line' id='line_1_105' title="bbox 1181 2987 2204 3043; baseline 0.016 -22"><span class='ocrx_word' id='word_1_703' title='bbox 1181 2987 1391 3034; x_wconf 89' lang='lat' dir='ltr'>momenti,</span> <span class='ocrx_word' id='word_1_704' title='bbox 1427 3001 1511 3037; x_wconf 89' lang='lat' dir='ltr'>quae</span> <span class='ocrx_word' id='word_1_705' title='bbox 1542 2991 1836 3043; x_wconf 82' lang='grc' dir='ltr'>παραπηγμᾶτων</span> <span class='ocrx_word' id='word_1_706' title='bbox 1870 2994 1991 3033; x_wconf 87' lang='lat' dir='ltr'>instar</span> <span class='ocrx_word' id='word_1_707' title='bbox 2027 3006 2136 3036; x_wconf 88' lang='lat' dir='ltr'>erant</span> <span class='ocrx_word' id='word_1_708' title='bbox 2163 3000 2204 3037; x_wconf 89' lang='lat' dir='ltr'>in</span> 
     </span>
     <span class='ocr_line' id='line_1_106' title="bbox 1180 3044 2055 3099; baseline 0.016 -19"><span class='ocrx_word' id='word_1_709' title='bbox 1180 3044 1443 3096; x_wconf 85' lang='lat' dir='ltr'>chronologia,</span> <span class='ocrx_word' id='word_1_710' title='bbox 1466 3047 1554 3084; x_wconf 89' lang='lat' dir='ltr'>totis</span> <span class='ocrx_word' id='word_1_711' title='bbox 1582 3049 1698 3099; x_wconf 90' lang='lat' dir='ltr'>cyclis</span> <span class='ocrx_word' id='word_1_712' title='bbox 1722 3051 1896 3091; x_wconf 86' lang='lat' dir='ltr'>distineri</span> <span class='ocrx_word' id='word_1_713' title='bbox 1919 3055 2055 3094; x_wconf 87' lang='lat' dir='ltr'>solent.</span> 
     </span>
    </p>
   </div>
   <div class='ocr_carea' id='block_1_11' title="bbox 1491 3131 1890 3178">
    <p class='ocr_par' dir='ltr' id='par_1_17' title="bbox 1491 3131 1890 3178">
     <span class='ocr_line' id='line_1_107' title="bbox 1491 3131 1890 3178; baseline 0.023 -14"><span class='ocrx_word' id='word_1_714' title='bbox 1491 3131 1628 3178; x_wconf 78' lang='lat' dir='ltr'>Epoch.</span> <span class='ocrx_word' id='word_1_715' title='bbox 1646 3145 1680 3169; x_wconf 86' lang='lat'>2.</span> <span class='ocrx_word' id='word_1_716' title='bbox 1703 3146 1756 3170; x_wconf 87' lang='lat' dir='ltr'>vs.</span> <span class='ocrx_word' id='word_1_717' title='bbox 1775 3137 1890 3178; x_wconf 84' lang='lat'>4—5.</span> 
     </span>
    </p>
   </div>
   <div class='ocr_carea' id='block_1_12' title="bbox 1177 3197 2199 3379">
    <p class='ocr_par' dir='ltr' id='par_1_18' title="bbox 1177 3197 2199 3379">
     <span class='ocr_line' id='line_1_108' title="bbox 1230 3197 2199 3260; baseline 0.019 -30"><span class='ocrx_word' id='word_1_718' title='bbox 1230 3197 1288 3232; x_wconf 90' lang='lat' dir='ltr'>De</span> <span class='ocrx_word' id='word_1_719' title='bbox 1305 3198 1472 3245; x_wconf 90' lang='lat' dir='ltr'>Lycorea</span> <span class='ocrx_word' id='word_1_720' title='bbox 1490 3201 1650 3237; x_wconf 87' lang='lat' dir='ltr'>Pausan.</span> <span class='ocrx_word' id='word_1_721' title='bbox 1668 3204 1720 3249; x_wconf 86' lang='lat' dir='ltr'>X,</span> <span class='ocrx_word' id='word_1_722' title='bbox 1739 3203 1761 3239; x_wconf 87' lang='lat'>6</span> <span class='ocrx_word' id='word_1_723' title='bbox 1779 3218 1787 3240; x_wconf 75' lang='grc' dir='ltr'><em>τ</em></span> <span class='ocrx_word' id='word_1_724' title='bbox 1802 3205 1883 3243; x_wconf 88' lang='grc' dir='ltr'>Τῶν</span> <span class='ocrx_word' id='word_1_725' title='bbox 1905 3206 2096 3260; x_wconf 84' lang='grc' dir='ltr'>ἀνθρώπων</span> <span class='ocrx_word' id='word_1_726' title='bbox 2125 3208 2199 3248; x_wconf 82' lang='grc' dir='ltr'>δ’σοι</span> 
     </span>
     <span class='ocr_line' id='line_1_109' title="bbox 1177 3252 2199 3321; baseline 0.019 -32"><span class='ocrx_word' id='word_1_727' title='bbox 1177 3252 1354 3306; x_wconf 82' lang='grc' dir='ltr'>διαφυγεῖν</span> <span class='ocrx_word' id='word_1_728' title='bbox 1376 3254 1435 3292; x_wconf 84' lang='grc' dir='ltr'>τὸν</span> <span class='ocrx_word' id='word_1_729' title='bbox 1465 3259 1623 3307; x_wconf 83' lang='grc' dir='ltr'>χειμῶνα</span> <span class='ocrx_word' id='word_1_730' title='bbox 1650 3259 1884 3312; x_wconf 81' lang='grc' dir='ltr'>ἠδυνήθησαν,</span> <span class='ocrx_word' id='word_1_731' title='bbox 1903 3263 2019 3304; x_wconf 74' lang='grc' dir='ltr'>λύκων</span> <span class='ocrx_word' id='word_1_732' title='bbox 2047 3268 2199 3321; x_wconf 84' lang='grc' dir='ltr'>ὠρυγαῖς</span> 
     </span>
     <span class='ocr_line' id='line_1_110' title="bbox 1177 3311 2197 3379; baseline 0.018 -31"><span class='ocrx_word' id='word_1_733' title='bbox 1177 3311 1410 3359; x_wconf 80' lang='grc' dir='ltr'>ἀπεσώθησαν</span> <span class='ocrx_word' id='word_1_734' title='bbox 1428 3314 1462 3357; x_wconf 80' lang='grc' dir='ltr'>ἐς</span> <span class='ocrx_word' id='word_1_735' title='bbox 1481 3319 1540 3353; x_wconf 77' lang='grc' dir='ltr'>τοῦ</span> <span class='ocrx_word' id='word_1_736' title='bbox 1559 3317 1773 3372; x_wconf 77' lang='grc' dir='ltr'>Παρνασσοῦ</span> <span class='ocrx_word' id='word_1_737' title='bbox 1793 3320 1837 3359; x_wconf 82' lang='grc' dir='ltr'>τὰ</span> <span class='ocrx_word' id='word_1_738' title='bbox 1854 3321 1944 3377; x_wconf 84' lang='grc' dir='ltr'>ἄκρα</span> <span class='ocrx_word' id='word_1_739' title='bbox 1963 3325 2029 3370; x_wconf 63' lang='grc' dir='ltr'>ὑπὸ</span> <span class='ocrx_word' id='word_1_740' title='bbox 2048 3327 2197 3379; x_wconf 79' lang='grc' dir='ltr'>ἡγεμόσι</span> 
     </span>
    </p>
   </div>
  </div>
 </body>
</html>
