2320 3684
895 142 1121 181 MARMOR
1149 142 1367 183 PARIUM.

84 366 87 424 i
104 387 154 424 60
181 388 216 423 A
234 397 312 435 quo
331 383 536 434 Euripides
556 396 677 420 annos
695 391 806 420 natus
822 386 966 431 XLIII,
990 391 1128 433 tragoe-

83 434 86 510 1
183 443 247 481 dia
259 443 426 494 primum
438 443 545 491 vicit,
556 442 646 480 anni
657 440 936 495 [CLX]XVIII,
947 442 1131 479 archonte

184 502 346 540 Athenis
379 501 550 552 Diphilo.
587 500 780 538 Vixerunt
795 508 922 537 autem
958 509 1131 551 tempore

182 559 379 611 Euripidis
396 562 571 596 Socrates
593 565 631 595 et
653 562 906 608 Anaxagoras.

81 622 83 644 ¹
105 620 150 656 61
183 621 218 656 A
251 630 329 668 quo
364 617 573 655 Archelaus
607 616 647 653 in
684 616 907 654 Macedonia
943 617 1130 667 regnavit,

182 676 363 715 Perdicca
395 675 576 714 defuncto
591 704 602 724 ,
636 674 726 712 anni
749 675 914 726 C[LVI]‚
947 674 1130 712 archonte

182 735 342 773 Athenis
360 733 579 785 Astyphilo.

103 793 152 831 62
183 797 219 831 A
238 807 316 844 quo
329 793 538 843 Dionysius
557 792 754 840 Syracusis
768 789 1006 840 tyrannidem
1021 802 1134 826 occu-

183 852 307 902 pavit,
331 852 419 888 anni
438 853 634 894 CXLVII,
663 850 848 888 archonte
866 848 1028 888 Athenis
1048 849 1128 886 Eu-

183 918 373 948 ctemone.

104 970 152 1008 63
183 972 217 1007 A
261 982 338 1019 quo
379 968 604 1019 Euripides,
653 981 774 1018 quum
821 971 978 1005 vixisset
1015 981 1133 1004 annos

182 1030 411 1076 LXXVIII,
427 1027 537 1076 obiit,
548 1028 638 1066 anni
653 1031 802 1076 CXLV,
820 1028 1004 1066 archonte
1017 1027 1132 1065 Athe-

183 1088 243 1125 nis
261 1088 465 1138 Antigene.

105 1147 153 1191 64
183 1150 218 1184 A
234 1160 312 1196 quo
329 1146 538 1197 Sophocles
553 1154 682 1196 poeta,
704 1158 824 1195 quum
837 1145 996 1182 vixisset
1015 1157 1134 1182 annos

183 1207 297 1252 XCI,
318 1204 437 1252 obiit,
456 1212 494 1242 et
527 1208 648 1254 Cyrus
680 1207 810 1240 invasit
824 1203 994 1252 fratrem
1013 1217 1131 1247 suum,

183 1268 277 1301 anm·
296 1265 454 1310 CXLII,
467 1263 650 1301 archonte
659 1261 821 1301 Athenis
836 1262 953 1300 Callia
966 1265 1133 1299 secundo.

106 1323 155 1360 65
183 1325 216 1361 A
234 1336 313 1373 quo
328 1323 497 1360 Telestes
511 1322 745 1360 Selinuntius
759 1321 852 1358 vicit
864 1321 1033 1368 Athenis,
1047 1321 1135 1358 anni

186 1384 407 1429 CXXXIX,
425 1381 618 1418 archonte
637 1381 794 1418 Athenis
810 1381 975 1418 Micone.

106 1440 156 1477 66
184 1443 220 1478 A
244 1453 322 1490 quo
354 1441 495 1476 rediere
517 1442 680 1488 quicum
697 1442 797 1489 Cyro
813 1439 981 1486 iverant,
1001 1445 1039 1476 et
1061 1439 1133 1476 So-

184 1507 307 1537 crates
328 1498 584 1549 philosophus
611 1497 709 1535 obiit
737 1498 857 1535 aetatis
879 1511 980 1535 anno
1006 1499 1134 1548 LXX,

185 1559 275 1596 anni
291 1560 528 1604 CXXXVII,
561 1556 747 1594 archonte
773 1556 935 1594 Athenis
955 1555 1132 1594 Lachete.

105 1617 154 1665 67
183 1620 219 1654 A
245 1630 324 1668 quo
357 1618 584 1665 Astydamas
605 1615 772 1665 primum
803 1618 926 1652 docuit
955 1615 1132 1662 Athenis,

185 1676 276 1714 anni
291 1677 484 1723 CXXXV,
503 1674 690 1712 archonte
703 1675 866 1712 Athenis
883 1674 1132 1713 Aristocrate.

105 1793 155 1830 68
183 1794 217 1830 A
230 1805 308 1843 quo
324 1794 375 1831 X.
387 1792 444 1830 los
461 1819 525 1831 .....
535 1790 820 1842 Selymbrianus
831 1790 1074 1842 dithyrambo
1081 1793 1135 1831 vi-

42 1896 46 1901 ·
83 1871 85 1921 l
184 1851 237 1889 cit
271 1851 443 1900 Athenis,
470 1851 562 1888 anni
581 1851 723 1902 C[X...‚
741 1853 917 1888 archonte
930 1852 1133 1891 Athenis...

83 1923 85 1929 ·
106 1911 156 1960 69
183 1914 220 1947 A
235 1924 312 1961 quo
324 1910 558 1949 Philoxenus
572 1909 875 1959 dithyrambicus
889 1909 1000 1958 obiit,
1014 1924 1132 1961 quum

183 1970 341 2008 vixisset
371 1983 491 2008 annos
524 1972 610 2018 LV,
645 1971 736 2007 anni
769 1972 914 2018 CXVI,
948 1971 1134 2010 archonte

183 2028 345 2066 Athenis
362 2029 518 2078 Pythea.

106 2099 155 2134 70
182 2090 217 2125 A
232 2100 311 2137 quo
324 2087 616 2126 Anaxandrides
627 2087 797 2126 comicus
857 2088 1013 2125 Athenis
1042 2095 1135 2127 anni

187 2146 343 2192 CXIII,
367 2147 541 2184 archonte
556 2147 721 2185 Athenis
737 2145 873 2184 Callea.

105 2218 149 2252 71
166 2207 201 2242 A
214 2218 290 2255 quo
303 2205 532 2255 Astydamas
544 2206 706 2244 Athenis
719 2205 824 2252 vicit,
840 2205 931 2243 anni
947 2208 1047 2253 CIX,
1069 2220 1129 2244 ar-

183 2264 326 2302 chonte
354 2265 514 2303 Athenis
542 2266 664 2303 Astio.
691 2265 796 2302 Arsit
825 2273 952 2302 autem
985 2274 1076 2303 tunc
1097 2270 1133 2303 in

183 2326 274 2360 coelo
290 2323 391 2361 trabs
412 2328 540 2374 ignita.

106 2395 153 2429 72
182 2385 219 2419 A
246 2396 316 2431 quo
345 2387 382 2419 in
406 2386 569 2419 Leuctris
579 2395 715 2431 pugna
733 2382 935 2420 commissa
957 2390 1014 2419 est
1034 2383 1135 2421 inter

182 2441 385 2479 Thebanos
402 2450 439 2478 et
461 2441 785 2488 Lacedaemonios,
805 2441 844 2478 in
863 2454 938 2491 qua
960 2442 1133 2480 vicerunt

183 2499 370 2548 Thebani,
389 2500 480 2537 anni
495 2502 611 2545 CVII,
631 2499 816 2536 archonte
834 2499 997 2538 Athenis
1013 2502 1132 2539 Phra—

181 2560 327 2598 siclide.
372 2562 495 2607 Hajzts
540 2568 665 2595 autem
713 2568 873 2608 tempore
918 2560 1114 2598 Alexande

181 2620 472 2668 Amyntoefilius
486 2622 522 2654 in
533 2619 759 2655 Macedonia
773 2618 958 2668 regnavit.

105 2679 152 2726 73
182 2682 216 2716 A
238 2692 315 2729 quo
336 2677 577 2716 Stesichorus
594 2677 807 2715 Himeraeus
830 2677 1019 2715 secundus
1043 2678 1133 2716 vicit

81 2746 83 2812 ι
182 2737 359 2783 Athenis,
376 2745 414 2774 et
427 2736 579 2773 condita
599 2736 670 2773 suit
686 2736 935 2787 Megalopolis
952 2741 988 2774 in
1004 2740 1129 2775 Arca-

182 2797 246 2831 dia
254 2810 269 2841 ;
291 2800 384 2832 anni
410 2796 520 2843 CVI,
547 2796 719 2832 archonte
738 2796 892 2832 Athenis
919 2799 1129 2845 DyscinetO.

82 2813 84 2896 i
105 2858 153 2903 74
182 2859 212 2891 Α
228 2868 306 2905 quo
332 2855 542 2905 Dionysius
563 2854 714 2893 Siculus
736 2854 855 2902 obiit,
881 2856 981 2893 filius
1004 2865 1131 2895 autem

82 2905 84 2971 ξ
183 2913 266 2964 ejus
300 2914 508 2962 Dionysius
548 2913 790 2963 tyrannidem
829 2916 1058 2964 occupavit,
1094 2925 1132 2953 et

183 2973 400 3010 Alexandro
409 2973 579 3020 deficncto
592 2975 815 3009 Ptolemaeus
828 2977 973 3010 Alorita
991 2979 1027 3010 in
1047 2977 1131 3011 Ma-

183 3033 333 3068 cedonia
354 3032 537 3081 regnavit,
554 3032 641 3069 anni
661 3035 758 3079 CIV,
774 3032 958 3070 archonte
974 3034 1131 3071 Athenis

81 3089 85 3163 ι
183 3091 407 3140 Nausigene.

82 3165 84 3209 Ε
106 3148 153 3196 75
182 3152 217 3187 A
238 3163 316 3200 quo
330 3149 545 3187 Phocenses
566 3150 795 3200 Delphicum
815 3150 999 3199 templum
1022 3164 1130 3186 occu-

82 3216 85 3258 Ι
175 3217 340 3258 parant,
369 3213 462 3245 anni
484 3210 636 3256 XCIV,
661 3210 831 3246 archonte
860 3209 1021 3247 Athenis
1058 3213 1130 3247 Ce—

82 3264 85 3370 Ι
183 3266 405 3317 phisodoro.

1233 262 1328 286 Annus

1203 309 1356 334 marmoris.

1232 384 1337 436 1[78]

1253 2398 1323 2432 107

1231 2678 1339 2730 [ωδ]

1249 2861 1320 2900 104

1242 3149 1324 3200 [94]

1447 265 1554 290 Period.
1583 265 1681 291 Julian.

1457 314 1550 338 Annus
1560 313 1672 338 medius.

1516 393 1616 434 4272

1517 626 1618 671 4294

1518 797 1618 842 4306

1518 1149 1620 1194 4308

1519 1324 1621 1369 4312

1519 1442 1620 1485 4314

1518 1616 1620 1661 4315
1684 1649 1687 1653 .

1461 1795 1683 1840 4316-4333
1720 1798 1928 1850 95‚3-99‚4
1992 1818 2116 1826 --.

1518 1913 1620 1957 4334

2106 146 2183 181 553

1787 264 1856 288 Ante
1974 261 2102 291 Magistra
2141 231 2181 237 --‘

1744 311 1854 342 Olymp.
1873 315 1895 335 ι.
2008 307 2092 332 Atuc.

1780 388 1870 435 84‚3
1972 384 2128 436 Diphilo

1954 438 2149 476 archonte.

1781 635 1869 672 9o‚1
1951 613 2156 671 Astyphilo

1956 673 2150 711 archonte.

1781 800 1870 849 93‚1
1949 799 2158 834 Euctemo-

1990 863 2038 887 ne
2058 862 2118 886 ar-

1976 903 2129 940 chonte.

1786 975 1874 1024 93‚2
1965 973 2150 1022 Antigene

1957 1027 2150 1063 archonte.

1785 1152 1875 1200 93‚3
1969 1149 2088 1187 Callia
2105 1151 2143 1186 11

1970 1202 2056 1252 (111)
2078 1215 2140 1238 ar-

1978 1255 2130 1291 chonte.

1784 1329 1874 1377 94,3
1953 1326 2162 1362 Miconear-

1979 1378 2132 1415 chonte.

1784 1446 1872 1495 95,1
1976 1443 2143 1481 Lachete

1957 1496 2151 1534 archonte.

1786 1622 1876 1673 95,2
1978 1620 2132 1658 Aristo-

1966 1682 2069 1710 crate
2084 1687 2148 1710 ar—

1980 1726 2132 1764 ehonte.

1771 1931 1786 1954 1
1795 1930 1856 1965 oo,
1868 1931 1879 1954 ι
1951 1913 2094 1964 Pythea
2105 1927 2162 1952 ar-

1977 1968 2130 2005 chonte.

1770 2100 1882 2141 100,4
1951 2091 2079 2130 Callea
2098 2104 2161 2128 ar—
2188 2083 2190 2089 ¹

1978 2145 2131 2182 chonte.

1965 2210 2069 2247 Astio
2085 2223 2149 2246 ar-

1977 2263 2132 2300 chonte.

1773 2217 1886 2260 101,4

1977 2387 2032 2424 Ph
2039 2386 2134 2423 rasi-

1967 2440 2065 2477 clide
2085 2452 2144 2475 ar-

1978 2493 2131 2530 chonte.

1769 2401 1881 2436 102,·z

1772 2694 1786 2717 1
1795 2682 1884 2727 023
1957 2681 2153 2727 Dyscineto

1961 2732 2153 2769 archonte.

1986 2855 2123 2893 Nausi-

1963 2922 2059 2958 gene
2080 2921 2144 2945 ar—

1975 2962 2128 3000 chonte.

1768 2857 1878 2904 103,1

1768 3149 1880 3197 1053
1959 3149 2146 3201 Cephiso-

1961 3202 2063 3240 ⁷doro
2085 3216 2141 3239 ar-

1974 3256 2126 3294 chonte.
