2320 3684
185 174 255 206 144

178 251 297 291 λαὸὼν
317 251 430 299 ἔδησε·
458 249 602 291 3Συλέα
636 248 672 288 δὲ
700 251 734 288 ἐν
758 249 884 290 Αὐλίδι
905 250 984 294 τοὺς
1016 249 1204 303 παριόντας

181 309 294 355 ξένους
317 310 484 348 σκάπτειν
515 307 782 359 ἀναγκάζοντα,
808 307 875 347 ’σὺν
905 314 982 351 ταῖς
1011 308 1118 361 ῥίζαις
1143 307 1205 352 τὰς

180 367 357 419 ἀμπέλους
397 366 533 420 σκάψας
546 396 556 415 ,
591 365 681 416 μετὰ
714 369 777 413 τῆς
809 365 977 419 θυγατρὸς
1016 365 1206 414 Ξενοδίκης

182 426 376 465 ἀπέκτεινε.
402 424 500 463 4Καὶ
519 422 707 477 προσσχὼν
721 423 818 476 νήσῳ
837 423 991 476 Δολίχῃ,
1011 423 1051 462 τὸ
1070 423 1206 478 Ἰκάρου

183 487 287 536 σῶμα
306 483 387 522 ἰδὼν
406 488 476 525 τοῖς
499 482 666 533 αἰγιαλοῖς
687 481 982 536 προσφερόμενον,
1003 482 1129 536 ἔθαψε,
1147 482 1206 520 καὶ

182 542 246 590 τὴν
266 545 369 588 νῆσον
390 540 467 578 ἀντὶ
490 539 642 591 Δολίχης
654 539 808 592 Ἰκαρίαν
826 539 1001 579 ἐκάλεσεν.
1017 540 1107 579 Ἀντὶ
1126 539 1207 579 τού-

183 616 244 639 του
266 599 439 642 Δαίδαλος
472 599 507 636 ἐν
533 597 629 650 Πίσῃ
663 599 780 636 εἰκόνα
809 597 1062 653 παραπλησίαν
1101 614 1208 638 κατε-

186 657 358 696 σκεύασεν
382 655 551 710 Ἡρακλεῖ
566 671 574 679 ·
599 655 642 703 ἣν
668 656 790 700 νυκτὸς
809 655 982 708 ἀγνοήσας
1002 655 1208 709 Ἡρακλῆς,

185 715 270 768 λίθῳ
289 714 416 767 βαλὼν,
435 716 480 758 ὡς
493 713 644 765 ἔμπνουν
662 713 800 763 ἔπληξε.
819 717 835 741 5
852 715 942 754 Καθ’
961 713 998 753 ὃν
1018 713 1054 752 δὲ
1085 713 1209 768 χρόνον

186 773 350 827 ἐλάτρευε
370 773 454 826 παρ’
475 771 662 826 Ὀμφάλῃ,
694 772 836 825 λέγεται
857 772 915 811 τὸν
953 773 1010 811 ἐπὶ
1051 772 1211 824 Κόλχους

186 835 294 872 πλοῦν
321 833 502 885 γενέσθαι,
528 832 588 872 καὶ
615 831 678 880 τὴν
703 838 765 872 τοῦ
806 832 1034 873 Καλυδωνίου
1068 832 1205 886 κάπρου

186 891 307 944 θήραν,
327 890 386 929 καὶ
406 890 532 938 Θησέα
550 890 846 971 παραγενόμενον,
865 892 904 930 ἐκ
925 892 1149 944 Τροιζῆνος(
1138 890 1211 942 (εἷς)

185 948 244 987 τὸν
262 947 406 999 Ἰσθμὸν
425 951 586 1002 καθᾶραι.

241 1007 296 1060 (4)
312 1006 416 1045 Μετὰ
444 1006 480 1045 δὲ
499 1006 563 1055 τὴν
585 1006 747 1060 λατρείαν
768 1006 982 1058 ἀπαλλαγεὶς
1019 1008 1082 1052 τῆς
1112 1004 1213 1043 νόσου

187 1065 247 1104 ἐπὶ
263 1064 371 1105 Ἴλιον
389 1065 510 1114 ἔπλει,
529 1065 816 1119 πεντηκοντόροις
834 1064 1093 1112 ὀκτωκαίδεκα,
1107 1078 1214 1101 συνα-

187 1125 326 1178 θροίσας
344 1124 491 1178 στρατὸν
518 1125 652 1178 ἀνδρῶν
677 1124 827 1178 ἀρίστων
859 1123 1023 1166 ἑκουσίως
1047 1121 1214 1160 θελόντων

187 1182 446 1236 στρατεύεσθαι.
468 1182 726 1226 Καταπλεύσας
742 1181 778 1220 δὲ
790 1183 836 1226 εἷς
847 1181 968 1230 Ἴλιον,
986 1179 1049 1227 τὴν
1065 1178 1127 1231 μὲν
1146 1181 1215 1216 τῶν

190 1246 277 1282 νεῶν
297 1242 456 1297 φυλακὴν
474 1242 610 1282 Ὀἴκλεῖ
635 1242 841 1281 κατέλιπεν·
864 1241 965 1284 αὐτὸς
982 1238 1018 1278 δε
1039 1238 1129 1291 μετὰ
1147 1239 1215 1275 τῶν

187 1300 340 1341 ἄλλων
322 1301 491 1356 ἀριστέων
504 1301 608 1377 ὥρμα
619 1301 676 1339 ἐπὶ
693 1300 755 1348 τὴν
773 1300 886 1339 πόλιν.
900 1300 916 1324 ²
929 1297 1218 1352 Παραγενόμενος

188 1361 225 1400 δὲ
253 1362 310 1400 ἐπὶ
335 1361 398 1405 τὰς
422 1366 504 1405 ναῦς
531 1361 592 1399 συν
611 1363 661 1414 τῷ
689 1360 815 1407 πλήθει
841 1359 1052 1410 Λαομέδων,
1073 1354 1218 1395 Ὀϊκλέα

189 1419 253 1471 μὲν
268 1419 448 1458 ἀπέκτεινε
466 1418 685 1471 μαχόμενον·
703 1417 887 1462 ἀπελαθεὶς
901 1417 955 1466 δὲ,
969 1415 1036 1455 υπὸ
1046 1430 1114 1454 των
1130 1412 1218 1466 μετὰ

188 1479 347 1533 ‘=Hpotx)x.'
349 1495 405 1522 ους
425 1480 676 1532 ἐπολιορκεῖτο.
692 1478 767 1517 3Γ
745 1493 786 1524 ης
802 1477 838 1515 δὲ
851 1476 1087 1531 πολιορκίας’
1072 1472 1221 1514 ενεστώ-

191 1553 276 1590 σης,
296 1536 402 1591 ῥήξας
419 1536 459 1575 τὸ
479 1542 614 1589 τεῖχος,
636 1535 812 1587 Ἰελαμὼν
831 1537 969 1589 πρῶτος
997 1536 1153 1581 εισῆλθεν
1173 1533 1221 1576 εἷς

189 1595 254 1643 τὴν
272 1595 393 1634 πόλιν·
417 1595 478 1634 καὶ
498 1593 588 1647 μετὰ
607 1598 728 1633 τοῦτον
749 1594 940 1648 Ἡρακλῆς.
962 1593 1030 1637 Ὦς
1055 1591 1092 1630 δὲ
1114 1590 1218 1630 ἐθεά-

191 1671 278 1694 σατο
291 1657 491 1707 Τελαμῶνα
506 1656 644 1709 πρῶτον
659 1652 923 1702 εἰσεληλυθότα,
940 1651 1164 1703 σπασάμενος
1181 1649 1222 1688 τὸ

192 1713 339 1768 ξίφος,’
323 1713 381 1752 επ’
403 1711 506 1752 αὐτὸν
522 1712 578 1764 ᾔει
591 1742 602 1762 ,
650 1711 757 1759 ηδένα
776 1711 884 1751 θέλων
898 1713 1022 1750 ἑαυτοῦ
1042 1709 1221 1764 κρείττονα

192 1772 404 1824 νομίζεσθαι.
422 1771 439 1796 4
451 1770 607 1811 Συνιδὼν
617 1774 719 1810 τοῦτο
740 1768 929 1822 Τελαμὼν,
944 1768 1092 1816 πλησίον
1108 1767 1222 1810 λίθους

193 1830 373 1891 κειμένους
394 1829 607 1884 συνηθροιζε.
635 1832 709 1869 Τοῦ
736 1829 807 1868 δὲ’
791 1827 975 1882 ερομένου,
991 1827 1026 1866 τί
1053 1826 1222 1879 πράττοι,

196 1889 314 1941 βωμὸν
336 1892 430 1927 εἶπεν
452 1886 669 1942 Ἡρακλέους
696 1885 969 1931 κατασκευάζειν
994 1885 1220 1925 Καλλινίκου.

194 1950 211 1974 5
223 1948 268 1986 ‘O
287 1946 378 1995 δὲ,’
364 1945 570 2020 επαινέρας,
590 1948 637 1990 ὡς
654 1940 723 1984 εἷλε
738 1944 802 1993 τὴν
826 1943 940 1994 πόλιν,
969 1942 1223 1988 κατατοξεύσας

195 2004 427 2058 Λαομέδοντα
440 2005 499 2043 καὶ
515 2003 594 2048 τους
611 2004 737 2047 παῖδας
757 2005 881 2053 αὐτοῦ,
899 2002 1006 2056 χωρὶς
1024 2001 1223 2055 Ποδάρκου,

196 2065 387 2115 Τελαμῶνι
406 2063 578 2116 ἀριστεῖον
598 2061 764 2110 Ἡσιόνην
783 2060 847 2109 τὴν
861 2061 1101 2112 Λαομέδοντος
1120 2063 1225 2111 θυγα-

195 2122 280 2176 τέρα
297 2123 428 2161 δίδωσι.
455 2121 549 2161 6Καὶ
563 2120 675 2174 ταύτῃ
692 2126 867 2174 συγχωρεῖ
883 2123 951 2158 τῶν
973 2118 1223 2171 αἰχμαλώτων,

197 2181 234 2221 ὃν
262 2181 382 2229 ἤθελεν
411 2179 568 2232 ἄγεσθαι.
590 2182 664 2226 Τῆς
695 2178 732 2218 δὲ
758 2178 966 2233 αἱρουμένης
989 2178 1047 2217 τὸν
1078 2177 1224 2231 ἀδελφὸν

199 2239 403 2293 Ποδάρκην,
431 2238 497 2293 ἔφη
527 2239 596 2277 δεῖν
615 2241 753 2292 πρῶτον
773 2237 876 2276 αὐτὸν
903 2238 1021 2276 δοῦλον
1040 2236 1223 2289 γενέσθαι,

198 2298 258 2338 καὶ
276 2298 372 2348 τότε,
387 2297 422 2336 τί
439 2313 525 2336 ποτε
547 2298 673 2335 δοῦσαν
699 2298 772 2335 ἀντ’
805 2299 908 2335 αὐτοῦ
919 2327 930 2345 ,
955 2296 1076 2334 λαὸεῖν
1108 2294 1225 2333 αὐτόν.

199 2357 246 2397 Ἥ
274 2356 330 2406 δὲ,
359 2356 669 2410 πιπρασκομένου,
692 2355 755 2403 τὴν
788 2354 991 2408 καλύπτραν
1029 2353 1225 2407 ἀφελομένη

198 2418 261 2463 τῆς
288 2416 442 2469 κεφαλῆς
478 2414 690 2454 ἀντέδωκεν·
726 2414 802 2453 ὅθεν
838 2414 1028 2468 Ποδάρκης
1063 2413 1226 2467 Πρίαμος

201 2473 343 2522 ἐκλήθη.

558 2611 805 2643 ΚΕΦΑΛΑΙΟΝ
826 2609 876 2643 Ζ’.

257 2688 312 2739 (1)
327 2684 502 2730 Πλέοντος
514 2685 587 2724 δὲ’
568 2685 639 2724 απὸ
651 2685 781 2762 ΤροΗίας
790 2685 1023 2740 Ἡρακλέους,
1043 2684 1140 2738 (Ἦρα
1158 2700 1230 2736 χα-

203 2745 328 2789 λεπους
343 2745 479 2799 ἔπεμψε
501 2747 696 2798 χειμῶνας·
716 2745 768 2799 ἐφ’
788 2739 838 2789 οἷς
856 2743 1103 2796 ἀγανακτήσας
1123 2743 1208 2786 Ζευς
1220 2773 1230 2791 ,

206 2804 399 2857 ἐκρέμασεν
431 2803 539 2852 αυτὴν
564 2803 599 2849 ἐξ
618 2803 816 2854 Ὀλύμπου.
842 2802 1042 2857 Προσέπλει
1062 2801 1099 2840 δὲ
1122 2801 1232 2855 Ηρα-

206 2865 293 2911 κλῆς
315 2867 358 2917 τῇ
381 2867 466 2917 Κῶ·
487 2864 547 2903 καὶ
565 2862 770 2915 νομίσαντες
789 2862 893 2901 αὐτὸν
917 2865 948 2900 οι
972 2865 1070 2902 Κωοι
1089 2865 1233 2915 λῃστρι-

208 2922 267 2960 κὸν
279 2922 340 2975 ἄγε
325 2938 373 2961 ειν
387 2922 521 2972 στόλον,
542 2922 727 2975 βάλλοντες
744 2923 851 2965 λίθοις
866 2922 1054 2975 προσπλεῖν
1069 2920 1231 2959 ἐκώλυον.

208 2980 225 3004 ²
239 2981 280 3020 ‘O
298 2981 332 3019 δὲ
354 2981 580 3033 βιασάμενος,
603 2980 666 3028 τὴν
685 2980 793 3019 νύκτα
811 2981 928 3032 (νῆσον
946 2980 1017 3032 Ρ)ἱ
988 2974 1078 3026 εἷλε,
1097 2978 1156 3018 καὶ
1174 2978 1232 3017 τὸν

213 3039 358 3091 βασιλέα
380 3040 600 3094 Εὐρύπυλον,
620 3038 877 3083 Ἀστυπαλαίας
895 3040 1006 3078 παῖδα
1022 3039 1082 3077 καὶ
1104 3040 1233 3077 Ποσει-

212 3098 317 3140 δῶνος
329 3128 339 3148 ,
358 3097 497 3137 ἔκτεινε.
514 3097 674 3151 Ἐτρώθη
694 3097 730 3136 δὲ
749 3096 840 3136 κατὰ
850 3097 914 3145 τὴν
927 3097 1045 3150 μάχην
1057 3097 1234 3151 Ἡρακλῆς

213 3154 280 3192 ὑπὸ
313 3156 582 3204 Χαλκώδοντος,
613 3157 693 3205 καὶ,
734 3157 815 3200 Διὸς
835 3156 1094 3210 ἐξαρπάσαντος
1120 3156 1235 3204 αὐτὸν,

214 3212 308 3250 οὐδὲν
328 3213 442 3252 ἔπαθε.

269 3271 480 3324 3Πορθήσας
500 3271 535 3310 δὲ
562 3275 624 3311 Κῶ
639 3304 648 3322 ,
668 3268 731 3320 ἧκε
761 3275 803 3312 δι’
829 3274 971 3322 Ἀθηνᾶς
990 3276 1035 3317 εἷς
1059 3273 1236 3326 Φλέγραν,

218 3328 275 3365 καὶ
299 3328 387 3380 μετὰ
407 3332 490 3367 θεῶν
517 3330 781 3382 κατεπολέμησε
802 3332 981 3384 Γίγαντας.

810 164 1188 204 ΑΠΟΛΛΟΔΩΡΟΥ
1214 166 1558 206 ΒΙΒΛΙΟΘΗΚΗΣ
1585 168 1629 218 Β,
1655 166 1695 212 ζ’.

1263 261 1418 303 devinxit;
1434 264 1566 304 Syleum
1579 269 1594 288 ³
1609 274 1698 306 vero,
1713 266 1768 306 qui
1784 265 1817 297 in
1832 265 1947 298 Aulide
1963 266 2118 308 (Lydiae?)
2144 268 2278 309 peregri-

1263 331 1323 355 nos
1337 325 1567 364 praetereuntes
1578 327 1695 356 terram
1711 324 1820 357 fodere
1834 325 1978 366 cogebat,
1994 326 2129 359 defossis
2142 335 2217 358 cum
2232 335 2280 359 ra-

1264 380 1336 413 dice
1350 381 1490 422 vitibus,
1504 390 1569 414 una
1585 391 1660 414 cum
1676 382 1839 414 Xenodice
1854 382 1918 414 filia
1929 382 2098 416 interfecit.
2117 384 2223 416 ⁴ldem
2240 383 2283 418 ad

1265 440 1420 473 Dolichen
1435 440 1575 473 insulam
1585 441 1723 482 delatus,
1734 450 1771 473 ac
1782 441 1896 473 videns
1909 442 1990 474 Icari
2015 451 2133 484 corpus
2146 443 2181 474 in
2191 442 2284 475 litore

1266 496 1415 537 ejectum,
1430 498 1604 538 sepulturae
1618 498 1718 538 dedit,
1734 497 1774 529 ab
1783 506 1886 538 eoque
1899 498 2054 531 Dolichen
2067 498 2206 531 insulam
2218 507 2286 530 mu·

1267 555 1334 585 tato
1354 554 1486 587 nomine
1500 557 1635 588 Icariam
1652 555 1792 588 vocavit.
1810 555 1912 596 eujus
1927 555 2074 588 beneficii
2088 565 2204 589 caussa
2215 558 2286 588 Doe-

1268 613 1361 645 dalus
1376 613 1461 646 Pisae
1473 613 1610 646 similem
1623 614 1754 646 Herculi
1768 613 1906 646 confecit
1919 613 2104 655 imaginem,
2118 622 2217 656 quam
2231 623 2286 647 no-

1269 671 1323 701 ctu
1351 669 1502 710 ignorans
1527 670 1680 703 Hercules
1696 694 1706 711 ,
1739 671 1850 703 vivam
1883 679 1954 703 esse
1983 670 2132 712 opinatus
2147 694 2157 711 ,
2183 671 2289 712 lapide

1269 726 1437 767 percussit.
1457 729 1546 764 ⁸Quo
1559 730 1703 768 tempore
1717 728 1804 769 apud
1816 728 1995 769 Omphalen
2007 727 2176 768 serviebat,
2189 728 2290 761 fuisse

1271 782 1383 816 dicunt
1394 783 1426 815 in
1440 784 1580 816 Colchos
1594 784 1831 825 navigationem
1848 787 1881 818 et
1895 785 2101 818 venationem
2115 785 2185 826 apri
2199 784 2291 826 caly-

1271 839 1370 880 donii,
1382 849 1420 872 ac
1428 841 1588 874 Theseum
1599 843 1749 874 Troezene
1761 842 1941 883 profectum
1953 843 2115 875 Isthmum
2137 849 2291 884 purgasse

1271 897 1462 930 latronibus.

1317 1017 1362 1058 (4)
1384 1019 1463 1050 Post
1477 1017 1667 1050 servitutem
1682 1018 1797 1050 morbo
1811 1018 1967 1050 liberatus
1980 1026 2056 1050 cum
2070 1017 2293 1059 duodeviginti

1274 1074 1412 1106 navibus
1428 1075 1659 1115 quinquaginta
1685 1075 1781 1106 remis
1808 1074 1992 1114 instructis,
2008 1074 2143 1107 collecto
2162 1074 2295 1106 fortissi-

1275 1140 1402 1163 morum
1418 1132 1561 1163 virorum
1577 1131 1757 1163 voluntarie
1768 1139 1844 1163 cum
1854 1139 1894 1163 eo
1913 1131 1947 1162 in
1962 1130 2082 1164 bellum
2094 1130 2295 1172 proficiscen·

1276 1189 1358 1222 tium
1375 1189 1530 1228 exercitu,
1542 1189 1709 1230 navigavit
1722 1190 1835 1221 contra
1849 1188 1957 1221 Ilium.
1974 1188 2025 1220 Ibi
2040 1197 2142 1229 quum
2158 1186 2296 1229 appulis·

1277 1249 1337 1288 set,
1345 1247 1477 1279 navium
1493 1248 1672 1280 custodiam
1678 1247 1806 1288 reliquit
1822 1247 1917 1287 Oion,
1931 1246 2001 1287 ipse
2011 1255 2088 1279 vero
2097 1255 2173 1278 cum
2184 1245 2296 1278 ceteris

1277 1304 1475 1346 principibus
1487 1304 1653 1337 contendit
1659 1304 1698 1336 ad
1712 1304 1836 1336 urbem.
1850 1303 2051 1336 2Laomedon
2062 1304 2196 1343 interea,
2213 1302 2298 1336 facto

1278 1371 1354 1394 cum
1366 1362 1575 1395 multitudine
1598 1362 1632 1394 in
1647 1362 1783 1395 classem
1795 1362 1916 1404 impetu
1931 1385 1942 1402 ‚
1958 1361 2082 1394 Oiclem
2097 1361 2227 1403 quidem
2241 1369 2298 1402 pu·

1279 1422 1430 1461 gnantem
1446 1419 1614 1459 interfecit,
1628 1419 1685 1452 sed
1697 1419 1857 1461 repulsus,
1870 1419 1911 1451 ab
1932 1419 2080 1452 Herculis
2101 1418 2196 1451 sociis
2213 1418 2300 1450 intra

1280 1477 1394 1510 urbem
1410 1477 1507 1518 coepit
1513 1476 1664 1510 obsideri.
1674 1478 1864 1517 ⁵Quumque
1882 1476 2008 1508 obsidio
2022 1478 2199 1518 urgeretur,
2213 1475 2300 1508 'rela-

1282 1545 1371 1577 mon,
1389 1536 1519 1577 dirupta
1533 1535 1619 1568 muri
1631 1537 1732 1576 parte,
1749 1535 1874 1576 primus
1886 1535 2001 1567 urbem
2012 1543 2176 1575 ingressus
2191 1536 2252 1574 est,
2267 1534 2301 1567 et

1280 1597 1354 1637 post
1366 1603 1441 1627 eum
1455 1594 1621 1626 Hercules.
1634 1594 1698 1632 Qui
1713 1594 1769 1626 ubi
1784 1594 1990 1626 Telamonem
2008 1593 2150 1635 primum
2161 1592 2301 1626 intrasse
2318 1633 2320 1635 Ι

1281 1654 1376 1695 vidit,
1401 1654 1514 1686 stricto
1536 1662 1612 1686 eum
1632 1653 1737 1694 gladio
1758 1654 1950 1695 aggreditur,
1970 1653 2132 1686 neminem
2144 1652 2255 1691 volens
2267 1659 2302 1684 se

1281 1712 1390 1744 haberi
1417 1712 1593 1744 fortiorem.
1625 1715 1639 1734 ⁴
1654 1712 1689 1744 Id
1721 1721 1823 1753 quum
1838 1712 1992 1744 Telamon
2007 1709 2320 1750 animadvertisset,.

1282 1771 1463 1812 adjacentes
1476 1779 1575 1812 prope
1586 1771 1710 1813 lapides
1725 1771 1868 1812 collegit,
1889 1772 1985 1812 atque
2004 1769 2133 1803 Herculi
2147 1768 2316 1810 quidnam.

1282 1829 1401 1862 faceret
1415 1829 1626 1870 interroganti
1641 1838 1730 1861 aram
1752 1838 1787 1862 se
1801 1829 1968 1871 respondit
1988 1827 2118 1861 Herculi
2138 1829 2304 1860 exstruere

1283 1888 1447 1922 Callinico.
1465 1890 1572 1921 ”Tum
1586 1889 1614 1920 is
1627 1888 1792 1921 Telamoni
1805 1888 2174 1929 collaudatorpostquam
2190 1886 2304 1918 urbem

1282 1948 1410 1986 ceperat
1425 1946 1742 1987 Laomedontemque
1756 1955 1832 1978 cum
1843 1945 1918 1978 filiis
1930 1946 2000 1986 eJus
2012 1947 2128 1986 praeter
2140 1944 2304 1977 Podarcen

1283 2005 1408 2046 sagittis
1421 2004 1632 2045 interfecerat,
1647 2005 1821 2044 Hesionen,
1837 2003 2065 2036 Laomedontis
2078 2003 2189 2043 filiam,
2204 2002 2304 2036 virtu-

1283 2064 1325 2096 tis
1343 2064 1514 2104 praemium
1531 2063 1630 2104 dedit,
1647 2066 1703 2096 “et
1721 2063 1798 2095 huic
1818 2071 1914 2104 quem
1927 2062 2024 2095 vellet
2039 2063 2239 2104 captivorum
2250 2061 2304 2094 ab-

1284 2122 1471 2154 ducendum
1486 2122 1655 2154 concessit.
1675 2124 1758 2159 Quae
1780 2129 1885 2162 quum
1905 2120 1966 2153 sibi
1987 2120 2152 2153 Podarcen
2173 2120 2320 2152 fratrem·-

1285 2179 1477 2221 delegisset,
1497 2179 1651 2212 Hercules
1676 2179 1768 2211 illum
1785 2180 1876 2220 prius
1899 2179 1934 2211 in
1954 2178 2143 2211 servitutem
2164 2179 2312 2219 redigen-

1285 2238 1364 2271 dum
1381 2239 1436 2278 ait,
1451 2241 1546 2279 atque
1560 2239 1607 2271 sic
1619 2247 1695 2271 eum
1708 2261 1718 2278 ,
1737 2238 1814 2270 dato
1831 2237 2050 2279 quodcunque
2069 2236 2166 2270 vellet
2188 2235 2320 2278 rodem-3

1286 2299 1406 2340 ptionis
1422 2298 1526 2340 pretio
1538 2321 1547 2338 ,
1562 2307 1596 2331 se
1611 2300 1812 2339 recepturam
1827 2306 1908 2330 esse.
1921 2297 1980 2329 Illa
1991 2297 2089 2338 igitur
2103 2305 2162 2337 pro
2177 2295 2311 2340 vendito*

1286 2357 1384 2389 fratre
1399 2356 1570 2397 dempturn
1592 2364 1610 2388 e
1626 2355 1728 2397 capite
1749 2355 1935 2388 flammeum
1948 2353 2048 2387 dedit.
2072 2353 2132 2387 Hic
2150 2353 2320 2386 Podarces.

1286 2415 1434 2448 Priamus
1448 2417 1498 2447 est
1519 2418 1667 2447 vocatus.
2312 2411 2320 2416 ”

1679 2617 1817 2649 CAPUT
1844 2617 1915 2648 ΥΠ.

1331 2700 1377 2741 (1)
1391 2699 1519 2732 Herculi
1530 2708 1549 2732 a
1560 2701 1655 2740 Troja
1666 2699 1801 2732 classem
1813 2698 1976 2731 reducenti
1988 2699 2008 2730 J
2011 2707 2075 2730 uno
2086 2695 2320 2743 vehementem}

1290 2758 1429 2790 immisit
1443 2759 1680 2798 tempestatem.
1698 2759 1803 2795 Quam
1824 2757 1867 2788 ob
1891 2765 1959 2788 rem
1980 2756 2107 2797 Jupiter
2124 2755 2320 2802 indignatus.

1291 2823 1362 2848 eam
1378 2824 1418 2847 ex
1434 2814 1572 2855 Olympo
1589 2814 1767 2855 suspendit.
1785 2813 1938 2846 Hercules
1958 2812 2078 2845 interea
2093 2812 2256 2854 navigavit
2267 2807 2320 2845 ul-

1291 2876 1373 2907 Con.
1398 2873 1457 2906 Coi
1472 2873 1639 2914 piraticam
1655 2881 1730 2904 eum
1746 2872 1880 2903 classem
1902 2880 1994 2912 agere
2008 2871 2230 2903 existimantes
2240 2892 2250 2910 ,
2263 2853 2320 2911 ἱα-’ῥ

1291 2932 1351 2964 ctis
1363 2931 1524 2972 lapidibus
1540 2930 1696 2971 appellere
1707 2929 1930 2970 prohibebant.
1947 2931 1995 2962 ⁹1s
2007 2931 2114 2961 autem
2124 2928 2157 2960 vi
2169 2927 2320 2967 adhibita}

1292 2992 1391 3022 noctu
1403 2989 1541 3021 insulam
1557 2988 1654 3029 cepit,
1666 2995 1835 3028 regemque
1850 2987 2050 3028 Eurypylum
2066 2987 2266 3027 Astypaloeoe,
2277 2971 2320 3022 ὦ

1293 3048 1431 3089 Neptuni
1458 3047 1573 3082 filiurn
1592 3046 1764 3078 interemit.
1783 3045 1846 3077 Sed
1873 3047 1906 3077 et
1929 3045 2082 3077 Hercules
2106 3045 2139 3076 in
2160 3053 2266 3086 pugna
2289 3039 2314 3077 ι’

1295 3106 1515 3140 Chalcodonte
1530 3104 1717 3136 vulneratus
1732 3105 1798 3144 est,
1815 3105 1848 3135 at
1859 3113 1878 3135 a
1892 3106 1974 3136 Jove
1988 3105 2117 3144 ereptus
2140 3103 2214 3136 mali
2229 3096 2320 3137 nih&

1295 3164 1434 3207 pertulit.

1338 3284 1399 3314 ³Co
1415 3281 1591 3319 devastata,
1603 3288 1620 3310 a
1629 3279 1770 3311 Minerva
1784 3278 1960 3311 advocatus
1972 3278 2058 3310 venit
2068 3277 2245 3319 Phlegram,
2256 3270 2313 3309 uhi.

1298 3349 1372 3373 cum
1385 3339 1444 3371 diis
1464 3339 1613 3379 Gigantes
1630 3337 1809 3370 debellavit.
