2320 3684
787 153 1110 195 PHERECYDIS
1138 157 1468 200 FRAGMENTA.
2111 159 2158 191 87

545 240 605 277 58.

118 299 243 338 Schol.
261 300 439 351 Apollon.
458 303 494 346 1,
519 305 561 344 [μ
574 312 587 337 1
607 311 615 334 :
634 297 785 341 Αἰσωνὶς
806 297 904 341 πόλις
922 300 981 344 τῆς
1001 299 1086 336 Μα-

6 358 7 361 ’
65 357 230 407 γνησίας,
254 358 324 396 ἀπὸ
338 362 397 396 τοῦ
416 356 545 410 πατρὸς
565 354 735 403 Ἰάσονος,
755 357 802 399 ὡς
825 354 885 394 καὶ
915 355 1088 408 Πίνδαρος

64 414 150 469 φησὶ
178 416 238 455 καὶ
265 415 479 470 Φερεκύδης.
503 413 630 453 Verba
661 413 720 452 καὶ
741 412 944 465 Φερεκύδης
964 415 1087 452 codex

0 472 3 476 ’
64 475 179 512 Paris.
196 489 274 512 non
294 474 420 513 habet.

117 534 250 571 Paullo
272 532 509 582 aliterSteplz.
529 533 621 580 Byz.
638 545 650 567 :
670 529 803 578 Αἴσων,
826 529 925 573 πόλις
942 531 1088 569 Θεσσα-

64 590 153 635 λίας.
221 591 293 632 Καὶ
312 588 515 644 Φερεκύδης
534 588 597 637 τὴν
614 588 715 628 πόλιν
739 588 916 629 Αἷσωνίαν
937 588 1034 642 φησί.

174 676 177 685 ι
541 649 603 685 59.

117 708 244 754 Schol.
268 709 424 746 Homer.
446 707 580 756 Odyss.
598 708 656 753 M,
683 720 752 753 70:
770 703 876 759 Τυρὼ
895 708 917 752 ἦ
936 706 1089 757 Σαλμω-

64 764 150 810 νέως
163 796 172 814 ,
190 764 321 818 ἔχουσα
355 763 424 816 δύο,
443 766 571 809 παῖδας
591 766 631 804 ἐκ
652 766 888 811 Ποσειδῶνος,
915 763 1037 811 Νηλέα
1053 779 1090 802 τε

63 823 123 863 καὶ
143 823 290 872 Πελίαν,
310 822 422 876 ἔγημε
442 822 599 877 Κρηθέα.
622 823 695 864 Καὶ
710 821 804 876 ἴσχει
822 823 949 866 παῖδας
964 820 998 867 ἐξ
1024 824 1090 860 αὐ-

63 886 124 921 τοῦ
142 888 254 938 τρεῖς,
272 881 425 931 Αἴσονα,
442 882 502 922 καὶ
523 880 673 936 Φέρητα
685 912 696 930 ,
713 881 772 922 καὶ
793 880 999 933 Ἀμυθάονα.
1020 880 1089 920 Αἴ-

64 956 163 984 σονος
181 939 216 979 δὲ
240 939 299 978 καὶ
314 939 520 991 Πολυμίλας
533 940 609 978 καθ’
626 939 790 978 Ἡσίοδον
805 939 937 990 γίνεται
951 938 1090 987 Ἰάσων,

63 999 154 1038 κατὰ
173 998 210 1037 δὲ
226 998 428 1052 Φερεκύδην
448 998 482 1044 ἐξ
500 997 717 1050 Ἀλκιμέδης.
735 999 916 1038 Τελευτῶν
940 996 977 1036 δὲ
995 992 1093 1041 οὗτος

64 1056 268 1096 καταλείπει
283 1060 343 1096 τοῦ
355 1057 477 1103 παιδὸς
496 1055 681 1111 ἐπίτροπον
695 1056 754 1095 τὸν
772 1056 919 1111 ἀδελφὸν
942 1055 1090 1103 Πελίαν,

64 1114 261 1169 ἐγχειρίσας
281 1116 375 1169 αὐτῷ
394 1115 455 1154 καὶ
474 1114 537 1162 τὴν
558 1114 751 1168 βασιλείαν,
770 1113 828 1153 ἵνα
849 1113 1028 1163 αὐξηθέντι
1041 1117 1091 1168 τῷ

64 1176 129 1228 υἱῷ
147 1173 330 1228 παράσχῃ.
349 1173 396 1214 Ἡ
427 1172 465 1212 δὲ
497 1177 559 1213 τοῦ
579 1173 733 1217 Ἰάσονος
769 1173 886 1227 μήτηρ
904 1172 1090 1224 Ἀλκιμέδη

65 1232 232 1282 δείσασα,
256 1233 395 1271 δίδωσιν
429 1233 532 1271 αὐτὸν
551 1232 735 1286 τρέφεσθαι
761 1233 902 1287 Χείρονι
930 1235 980 1286 τῷ
1001 1234 1092 1271 Κεν-

63 1307 128 1330 ταυ
151 1307 191 1330 ω.

117 1307 219 1388 «ρέεά
235 1349 451 1401 Πολυμήλας
469 1364 498 1388 3.
517 1348 724 1401 Πολυμίλας
739 1363 878 1388 nomen
895 1363 955 1400 ap.
973 1349 1091 1387 schol.

64 1412 177 1448 Hom.
202 1408 356 1446 videtur
377 1423 423 1446 ex
447 1409 626 1460 Apollod.
644 1412 683 1454 I,
701 1422 737 1458 9,
762 1410 821 1454 16,
848 1408 1091 1446 scribendum

65 1481 147 1505 esse
167 1465 401 1518 Πολυμήδας,
423 1468 482 1505 vel
501 1466 716 1519 Πολυμήδης
731 1481 752 1506 0
777 1470 914 1505 Tzetza
941 1467 987 1504 ad
1015 1470 1092 1517 Ly-

64 1525 199 1576 cophr.
238 1525 324 1573 175,
365 1526 432 1576 qui
466 1539 551 1564 eam
583 1534 696 1563 vocat
721 1525 902 1576 Autolyci
936 1526 1062 1564 filiam.
1075 1543 1091 1560 ι)

62 1586 181 1622 Sturz.

117 1643 245 1681 Schol.
282 1644 455 1694 Apollon.
489 1647 509 1681 I
523 1671 533 1689 ‚
577 1644 625 1689 45
644 1659 652 1681 :
674 1642 876 1697 Φερεκύδης
912 1649 1092 1697 συμφωνεῖ

64 1700 286 1755 Ἀπολλωνίῳ
298 1729 308 1746 ,
323 1701 461 1753 λέγοντι
480 1700 687 1753 Ἀλκιμέδην
713 1700 850 1756 μητέρα
875 1695 965 1740 εἶναι
978 1700 1092 1741 Ἰάσο-

62 1774 138 1810 νος,
157 1758 221 1808 τὴν
250 1760 421 1800 Φυλάκου
441 1759 626 1814 θυγατέρα.
645 1761 707 1800 Sic
724 1769 763 1799 et
782 1764 822 1807 Ι,
840 1763 927 1799 230.

539 1820 603 1860 60.

105 1877 241 1923 schol.
260 1878 415 1916 Pindar.
438 1879 548 1928 Pyth.
573 1881 640 1922 IV,
671 1880 741 1916 133
754 1892 762 1914 ι
775 1876 818 1916 Ἥ
836 1877 972 1932 ἱστορία
993 1876 1090 1931 παρὰ

62 1934 258 1990 Φερεκύδῃ.
280 1935 429 1985 «Ἔθυε,
461 1937 589 1992 φησὶν,
610 1939 627 1975 ὁ
652 1936 780 1981 Πελίας
808 1939 859 1991 τῷ
880 1937 1089 1985 Ποσειδῶνι,

61 1993 122 2037 καὶ
139 1999 283 2047 προεῖπε
304 2000 393 2033 πᾶσι
428 2000 601 2049 παρεῖναι.
632 1996 678 2034 Οἱ
705 1992 742 2032 δὲ
764 1989 855 2042 ἦσαν
879 1993 914 2033 οἵ
930 2010 968 2033 τε
989 1993 1089 2032 ἄλλοι

60 2053 218 2102 πολῖται,
235 2052 293 2091 καὶ
310 2056 329 2092 ὃ
345 2052 488 2100 Ἰήσων·
514 2052 617 2106 ἔτυχε
634 2051 671 2091 δὲ
696 2052 890 2107 ἀροτρεύων
911 2052 1010 2105 ἐγγὺς
1027 2056 1088 2091 τοῦ

62 2109 225 2164 Ἀναύρου
241 2114 414 2162 ποταμοῦ.
434 2111 642 2155 Ἀσάνδαλος
661 2110 698 2149 δὲ
724 2111 875 2150 διέὸαινε
902 2111 960 2150 τὸν
980 2126 1090 2149 ποτα-

61 2167 127 2220 μόν
141 2183 148 2191 ·
179 2168 301 2213 διαὸὰς
322 2168 381 2218 δὲ,
401 2167 459 2208 τὸν
491 2168 554 2221 μὲν
576 2169 683 2215 δεξιὸν
704 2171 883 2209 ὑποδεῖται
901 2169 1009 2208 πόδα·
1029 2169 1087 2208 τὸν

61 2226 97 2265 δὲ
114 2227 306 2282 ἀριστερὸν,
322 2227 537 2275 ἐπιλήθεται.
563 2229 636 2268 Καὶ
653 2228 793 2283 ἔρχεται
813 2228 921 2273 οὕτως
937 2227 993 2267 ἐπὶ
1015 2229 1088 2267 δεῖ-

542 2347 604 2379 58.

100 2395 247 2434 AEsonis,
268 2395 345 2427 urbs
359 2397 531 2437 Magnesiae
541 2421 550 2436 ‚
571 2406 645 2438 quae
661 2397 701 2429 ab
717 2397 847 2429 Jasonis
866 2400 954 2438 patre
967 2406 1096 2433 nomen>

59 2441 165 2474 habet.

101 2490 201 2520 AEson
223 2512 233 2528 ,
253 2488 333 2521 urbs
355 2489 551 2532 Thessaliae,
567 2500 672 2533 -quam
693 2491 895 2533 Pherecydes
919 2492 1086 2524 AEsoniam

60 2534 215 2567 nominat.

539 2586 604 2618 59.

101 2635 199 2675 Tyro,
212 2634 373 2668 Salmonei
379 2635 454 2675 filia,
468 2645 542 2677 quae
554 2636 637 2669 ‹luos
651 2637 733 2669 filios
746 2647 764 2670 e
773 2639 921 2680 Neptuno
935 2639 1083 2680 habebat,

59 2680 191 2713 Neleum
204 2683 237 2714 et
250 2682 383 2722 Peliam,
396 2683 509 2724 nupsit
519 2684 676 2724 crethe03
687 2685 740 2716 cui
750 2688 816 2717 tres
823 2694 863 2717 ex
879 2695 917 2718 ca
928 2687 998 2723 nat-i
1007 2689 1086 2719 sunt

58 2726 125 2766 filii,
133 2730 241 2768 AEson,
253 2729 587 2771 Pheres,'A1nythaon.
601 2733 702 2764 AEson
710 2741 751 2764 ex
760 2732 929 2773 Polymila,
944 2734 1085 2766 Hesiodo

59 2777 204 2815 auctore,
219 2776 276 2808 sed
291 2776 468 2809 secundum
490 2778 707 2819 Pherecydem
728 2788 769 2812 ex
785 2780 961 2820 Alcimeda‚
975 2781 1085 2821 genuit

60 2821 218 2855 Iasonem.
250 2823 392 2855 Moriens
418 2826 525 2855 autem
552 2824 607 2856 filii
639 2827 779 2859 tutorem
801 2827 930 2868 reliquit
962 2827 1083 2861 Peliam

59 2866 201 2908 fratrem,
212 2869 264 2901 cui
280 2869 377 2901 etiam
391 2879 525 2911 regnum
536 2872 711 2914 commisit,
721 2874 807 2915 quod
824 2874 889 2906 filio
898 2875 1008 2906 adulto
1021 2877 1083 2907 tra-

59 2913 158 2947 deret.
176 2915 238 2952 sad
263 2918 365 2948 mater
395 2918 520 2950 Iasonis
533 2942 542 2956 ,
561 2919 664 2952 verita
697 2930 738 2952 ne.
757 2921 840 2953 male
865 2921 1038 2954 haberetur
1059 2931 1078 2953 a

60 2961 160 3001 Pelia,
175 2962 277 2994 filium
293 2963 494 2996 educandum
510 2965 644 2998 tradidit
657 2967 789 2999 chironi
811 2970 983 3000 Centauro.

99 3008 299 3049 Pherecydes
318 3010 459 3043 concinit
478 3011 646 3052 Apollonio
662 3013 846 3046 Alcimeden
860 3038 870 3054 ,
885 3014 1017 3055 Phylaci
1045 3013 1080 3045 fi-

60 3053 146 3094 liam,
160 3054 279 3088 dicenti
294 3058 430 3089 matrem
446 3066 517 3090 esse
531 3060 668 3092 Iasonis.

538 3114 600 3146 60.

1145 259 1241 283 πνον.
1258 245 1354 284 Ἰδὼν
1372 245 1408 285 δὲ
1422 250 1440 285 ὃ
1459 247 1609 296 Πελίας,
1624 248 1819 300 συμὸάλλει
1837 248 1876 288 τὸ
1893 250 2074 301 μαντήϊον.
2096 252 2166 291 Καὶ

1145 301 1222 340 τότε
1240 302 1303 354 μὲν
1326 304 1495 358 ἡσύχασε.
1524 308 1580 358 Τῇ
1601 307 1631 345 δ’
1655 307 1820 362 ὑστεραίᾳ
1851 308 2169 362 μεταπεμψάμενος

1146 359 1248 413 ἤρετο
1282 361 1304 400 δ’
1329 379 1363 401 τι
1393 365 1533 413 ποιοίη,
1553 366 1582 403 εἷ
1611 367 1708 419 αὐτῷ
1730 366 1899 421 χρησθείη
1929 366 1997 405 ὓπό
2012 383 2073 406 του
2097 371 2166 406 τῶν

1146 419 1297 458 πολιτῶν
1319 422 1514 461 ἀποθανεῖν.
1528 422 1574 462 ‘0
1591 423 1627 462 δὲ
1645 423 1782 473 Ἰήσων,
1796 423 1935 478 πέμψαι
1951 424 1992 463 ἂν
2012 426 2060 469 εἷς
2078 419 2167 465 Αἶαν

1148 476 1267 525 αὐτὸν,
1288 478 1347 516 ἐπὶ
1373 478 1413 517 τὸ
1433 482 1525 524 κῶας
1551 481 1591 520 τὸ
1603 481 1862 535 χρυσόμαλλον,
1879 482 2004 528 ἄξοντα
2029 482 2070 522 ἂν
2100 484 2169 523 ἀπὸ

1148 534 1300 581 Αἰήτεω.
1321 538 1444 575 Ταῦτα
1463 537 1499 576 δὲ
1521 541 1571 592 τῷ
1598 539 1727 587 Ἰήσονι
1744 540 1841 594 ‘'Hp-q
1867 542 1901 585 ἐς
1926 540 2001 580 νόον
2034 541 2168 594 βάλλει,

1148 594 1194 636 ὡς
1213 591 1337 640 ἔλθοιή
1355 595 1493 641 Μήδεια
1515 600 1565 650 τῷ
1586 598 1697 652 Πελία
1715 598 1836 638 κακόν.
1854 617 1869 632 n
1889 598 1976 639 e‘Ort
1995 599 2031 638 δὲ
2047 602 2087 638 ἐκ
2107 603 2168 638 τοῦ

1150 651 1314 705 Ἀναύρου
1333 658 1493 704 ποταμοῦ
1512 654 1610 705 μόγις
1635 657 1675 695 τὸ
1699 657 1839 697 πέδιλον
1871 657 2014 706 ἔσωσεν,
2039 661 2169 713 ἱστορεῖ

1122 724 1124 726 ·
1149 709 1208 748 καὶ
1233 710 1464 755 Ἀπολλώνιος
1484 713 1531 764 (l,
1561 714 1647 765 10.).

1627 785 1692 824 61.

1203 845 1328 883 Schol.
1352 846 1531 895 Apollon.
1553 849 1589 893 Ι,
1609 854 1628 892 ἰ,
1653 862 1660 884 :
1682 847 1724 887 Ὁ
1744 849 1971 895 Ἀπολλώνιος
1989 853 2089 890 καλεῖ
2105 851 2169 900 τὴν

1149 901 1279 956 Ἀργὼ,
1298 902 1367 941 ἀπὸ
1385 902 1510 958 Ἄργου
1532 908 1592 942 τοῦ
1612 906 1951 952 κατασκευάσαντος·
1969 909 2171 963 Φερεκύδης

1151 960 1187 999 δὲ
1201 961 1271 999 ἀπὸ
1287 960 1414 1014 Ἄργου
1435 966 1496 1000 τοῦ
1514 962 1646 1016 Φρίξου
1671 966 1755 1002 υἱοῦ.

1628 1034 1692 1073 62.

1204 1097 1356 1136 Scholia
1389 1097 1558 1135 Parisina
1589 1098 1766 1148 Apollon.
1788 1102 1827 1146 Ι,
1854 1099 1924 1136 105
1943 1115 1951 1137 :
1970 1099 2014 1139 Ὁ
2034 1101 2071 1139 δὲ
2092 1104 2169 1141 Φε-

1153 1155 1293 1209 ρεκύδης
1313 1154 1467 1195 Ποτνιέα
1487 1157 1616 1208 ἱστορεῖ
1640 1155 1698 1194 τὸν
1726 1158 1839 1210 Τῖφυν
1866 1150 1967 1196 εἶναι.
1996 1158 2172 1212 Αἴσχηλος

1152 1216 1239 1267 (leg.
1265 1213 1455 1267 Αἰσχύλος)
1477 1213 1513 1252 δὲ
1537 1214 1595 1252 τὸν
1618 1216 1650 1253 Τ
1652 1220 1730 1267 ῑφυν
1748 1216 1783 1252 ἐν
1803 1218 1845 1267 τῇ
1864 1215 1977 1269 Ἀργοῖ
1993 1210 2085 1269 ’Ἶφιν
2111 1233 2172 1255 κα-

1150 1275 1214 1312 λεῖ.
1235 1272 1387 1313 Ποτνιέα
1412 1287 1481 1324 pro
1510 1272 1650 1312 Ποντέα
1670 1274 1888 1312 emendavit
1908 1278 1946 1314 C.
1974 1278 2017 1313 O.
2038 1277 2172 1315 Miiller

1152 1333 1199 1371 de
1218 1334 1355 1383 Minyis
1375 1347 1412 1384 p.
1432 1335 1518 1377 264.

1629 1399 1693 1438 63.

1203 1464 1330 1502 Schol.
1353 1463 1530 1515 Apollon.
1555 1466 1591 1509 I,
1613 1464 1683 1500 23:
1701 1462 1903 1516 Φερεκύδης
1926 1464 1960 1502 ἐν
1977 1465 2020 1516 τῇ
2040 1463 2078 1512 ς’,
2099 1465 2174 1503 Φι-

1149 1523 1328 1575 λάμμωνα
1349 1523 1434 1578 φησὶ
1450 1523 1511 1562 καὶ
1524 1525 1586 1561 οὐκ
1603 1522 1734 1577 Ὀρφέα
1751 1523 2066 1575 συμπεπλευκέναι·
2087 1519 2175 1563 εἶναι

1151 1583 1186 1622 δὲ
1218 1582 1366 1637 Ὀρφέα,
1398 1581 1490 1621 κατὰ
1508 1585 1571 1634 μὲν
1593 1582 1854 1630 Ἀσκληπιάδην
1875 1583 2089 1627 Ἀπόλλωνος
2114 1583 2174 1622 καὶ

1151 1641 1356 1688 Καλλιόπης
1367 1672 1376 1689 ,
1394 1640 1485 1679 κατὰ
1508 1640 1544 1678 δὲ
1558 1640 1687 1689 ἐνίους,
1707 1641 1863 1695 Οἰάγρου
1881 1642 1941 1680 καὶ
1959 1642 2173 1693 Πολυμνίας.

1203 1700 1476 1738 Philammonis
1494 1699 1607 1751 hujus
1638 1700 1756 1750 genus
1772 1713 1793 1738 e
1814 1701 2034 1751 Pherecyde
2057 1701 2175 1739 refert

1149 1758 1274 1797 Schol.
1300 1763 1417 1798 Hom,
1449 1758 1586 1808 Odyss.
1607 1759 1653 1804 T,
1675 1758 1943 1803 4323Φιλωνὶς
1970 1761 1992 1805 ἡ
2029 1757 2175 1814 Δηϊόνος

1149 1816 1316 1870 θυγάτηρ,
1336 1818 1479 1854 οἰκοῦσα
1498 1815 1556 1855 τὸν
1572 1816 1793 1870 Παρνασσὸν,
1810 1819 1845 1855 ἐν
1863 1818 1956 1870 αὐτῷ
1973 1816 2172 1871 παρελέχθη

1149 1875 1208 1913 καὶ
1228 1874 1432 1914 Ἀπόλλωνι.
1449 1868 1538 1927 Εἶχε
1553 1874 1620 1927 γὰρ
1638 1875 1679 1914 τὸ
1700 1875 1826 1918 κάλλος
1852 1875 2017 1929 ἐράσμιον
2038 1876 2095 1913 ἐπὶ
2114 1891 2174 1914 το-

1149 1937 1284 1982 σοῦτον,
1302 1932 1392 1971 ὥστε
1411 1933 1470 1971 καὶ
1495 1932 1574 1976 τοὺς
1593 1931 1688 1977 θεοὺς
1711 1934 1988 1980 ζηλοτυποῦντας
2014 1934 2105 1973 κατὰ
2135 1934 2173 1973 τὸ

1149 1993 1235 2044 αὐτῇ
1256 1993 1487 2042 (Buttmann.
1513 1991 1609 2043 αὐτὸ)
1635 1993 1780 2038 θελῆσαι
1803 1991 1998 2044 μίσγεσθαι.
2022 1986 2110 2031 Εἶτα
2133 1994 2173 2030 ἐκ

1149 2050 1211 2101 μὲν
1229 2054 1290 2089 τοῦ
1298 2050 1520 2103 ’Ἀπόλλωνος
1535 2050 1666 2102 γίνεται
1677 2050 1884 2102 Φιλάμμων
1896 2050 1982 2104 ἀνὴρ
1994 2051 2171 2104 σοφιστὴς,

1148 2109 1183 2153 ὃς
1201 2109 1260 2148 καὶ
1277 2112 1414 2163 πρῶτος
1431 2108 1541 2148 ἐδόκει
1567 2108 1693 2163 χοροὺς
1717 2109 1958 2158 συστήσασθαι
1976 2109 2170 2162 παρθένων,

1147 2170 1187 2206 ἐκ
1202 2172 1262 2207 τοῦ
1277 2168 1414 2222 Ἑρμοῦ
1447 2167 1666 2216 Αὐτόλυκος,
1701 2168 1736 2212 ὃς
1758 2170 1862 2207 οἰκῶν
1882 2169 1939 2207 τὸν
1960 2169 2168 2223 Παρνασσὸν

1147 2230 1295 2267 πλεῖστα
1307 2228 1467 2267 κλέπτων
1485 2228 1719 2283 ἕθησαύριζεν.
1739 2223 1827 2282 Εἶχε
1856 2229 1922 2283 γὰρ
1947 2229 2075 2277 ταύτην
2107 2229 2169 2277 τὴν

2081 2309 2165 2316 ,ἡ

1146 2338 1249 2370 vium.
1267 2340 1371 2376 Quem
1387 2347 1489 2380 quum
1505 2339 1608 2371 Pelias
1617 2339 1827 2380 conspiceret,
1839 2348 1963 2372 memor
1977 2342 2026 2372 est
2035 2341 2166 2380 oraculi,

1145 2385 1203 2417 sed
1235 2386 1368 2417 tacitum
1399 2395 1434 2418 se
1451 2386 1584 2426 praebet.
1601 2388 1722 2418 Verum
1745 2387 1885 2418 crastino
1904 2387 1955 2419 die
1976 2387 2166 2419 advocatum

1145 2432 1338 2473 interrogat,
1355 2433 1510 2473 quidnam
1532 2433 1668 2472 faceret,
1686 2433 1714 2465 si
1730 2434 1860 2465 oraculo
1877 2433 2008 2465 edoctus
2029 2437 2112 2465 esset
2127 2443 2166 2465 ex

1145 2479 1253 2520 aliquo
1267 2479 1389 2511 civium
1405 2480 1466 2511 sibi
1476 2480 1676 2521 pereundum
1687 2488 1768 2511 esse.
1784 2480 1968 2520 Respondet
1984 2482 2074 2511 lason
2088 2489 2162 2510 eum

1145 2535 1179 2558 se
1194 2526 1226 2558 in
1242 2528 1347 2566 AEam,
1373 2526 1474 2559 vellus
1490 2536 1624 2559 aureum
1639 2526 1680 2558 ab
1697 2529 1789 2558 AEeta
1812 2527 1945 2567 petitum
1958 2550 1966 2566 ‚
1990 2526 2165 2557 missurum

1144 2581 1225 2605 esse.
1243 2575 1321 2606 Haec
1334 2574 1419 2606 enim
1434 2576 1453 2605 J
1457 2583 1521 2605 uno
1537 2574 1566 2606 ei
1582 2574 1756 2614 suggessit,
1775 2576 1812 2606 ut
1828 2574 1938 2605 Medea
1955 2572 2074 2604 veniret
2101 2582 2166 2604 ma-

1144 2619 1211 2651 lum
1227 2620 1362 2652 allatura
1378 2621 1483 2653 Peliae.

1185 2719 1386 2761 Pherecydes
1395 2722 1480 2761 Argo
1495 2729 1611 2752 navem
1635 2719 1676 2751 ab
1698 2722 1779 2758 Argo
1813 2717 1919 2749 Phrixi
1944 2717 2008 2748 filio
2023 2717 2163 2750 denomi-

1142 2768 1253 2799 natam
1271 2767 1359 2799 dicit.

1622 2821 1683 2852 62.

1185 2872 1385 2913 Pherecydes
1402 2872 1482 2904 dicit
1495 2871 1622 2911 Tiphyn
1640 2871 1738 2902 fuisse
1756 2870 1939 2901 Potnieum.

1182 2977 1381 3018 Pherecydes
1402 2976 1656 3009 Philammonem
1672 2975 1762 3014 dicit,
1775 2983 1880 3015 neque
1892 2984 1969 3007 vero
1984 2976 2160 3017 Orpheum,

1138 3032 1214 3056 cum
1229 3024 1421 3064 Argonautis
1437 3022 1614 3062 navigasse.

1181 3072 1336 3110 Philonis,
1352 3071 1481 3102 Deionis
1504 3070 1581 3108 filia,
1600 3070 1633 3100 in
1650 3070 2067 3109 Parnasso,ubihabitahat‚
2087 3079 2160 3102 cum

1141 3119 1300 3150 Mercurio
1339 3121 1370 3149 et
1414 3116 1561 3157 Apolline
1602 3116 1789 3148 concubuit.
1843 3117 2030 3150 venustatis
2075 3117 2160 3149 enim

100 3159 212 3192 Peleus
228 3169 319 3193 sacra
334 3162 577 3204 fecitNeptuno,
592 3165 631 3197 ad
645 3174 747 3206 eaque
763 3166 953 3198 celebranda
966 3174 1078 3197 omnes
1141 3167 1209 3197 erat
1238 3172 1382 3195 amorem
1417 3165 1585 3203 tantopere
1610 3163 1862 3203 inflammantis,
1896 3166 1934 3195 ut
1973 3164 2034 3205 ipsi
2048 3164 2092 3195 dii
2122 3163 2162 3196 de

12 3245 16 3250 Δ
60 3205 146 3237 cives
161 3208 194 3238 et
205 3206 288 3240 inter
302 3217 358 3240 eos
373 3212 518 3242 Iasonem
535 3212 737 3244 invitaverat.
754 3213 825 3252 Hic,
841 3213 896 3253 qui
911 3215 979 3244 tum
993 3214 1073 3244 tem-

1138 3212 1207 3251 ejus
1235 3210 1469 3242 consuetudine
1493 3211 1606 3241 mutua
1636 3209 1758 3241 invidia
1773 3210 1856 3242 inter
1872 3219 1906 3242 se
1923 3211 2100 3251 flagrarent.
2119 3212 2161 3242 Et

60 3252 147 3292 poris
169 3252 250 3286 torte
274 3255 385 3288 arabat
406 3257 446 3288 ad
468 3262 633 3290 Anaurum
657 3258 793 3291 fluvium
810 3284 818 3299 ,
838 3268 904 3291 non
921 3259 1080 3291 calceatus
1137 3267 1177 3289 ex
1192 3257 1338 3297 Apolline
1350 3256 1480 3296 quidem
1495 3258 1591 3288 natus
1604 3258 1653 3288 est
1666 3256 1881 3297 Philammon,
1902 3258 2000 3290 homo
2017 3258 2156 3298 sapiens,

60 3297 195 3330 fluvium
203 3302 388 3341 permeavit,
405 3303 461 3335 sed
478 3304 509 3335 in
524 3304 623 3336 altera
639 3306 706 3346 ripa
723 3306 874 3338 dextrum
889 3306 1080 3337 calceamen-
1137 3305 1192 3344 qui
1210 3304 1334 3344 primus
1350 3303 1478 3335 videtur
1493 3303 1609 3335 choros
1632 3303 1793 3344 virginum
1807 3304 2004 3345 instituisse;
2021 3314 2061 3337 ex
2077 3306 2156 3336 Mer-

58 3345 130 3376 tum
146 3346 300 3387 subligat,
316 3348 482 3381 sinistrum
502 3351 714 3383 obliviscitur.
738 3353 790 3384 Sic
811 3353 895 3384 venit
913 3352 952 3384 ad
971 3352 1078 3383 convi-
1110 3342 1114 3372 ¹
1138 3351 1226 3383 curio
1244 3359 1319 3382 vero
1348 3350 1543 3391 Autolycus,
1562 3351 1618 3391 qui
1641 3351 1673 3383 in
1694 3353 1852 3384 Parnasso
1871 3352 2019 3384 habitans
2040 3352 2157 3383 multas
