2320 3684
167 173 238 213 114

163 259 366 314 Εὐρυτίωνα
387 259 422 298 δὲ
442 259 582 307 Πηλεὺς
599 259 694 298 ἄκων
713 258 956 307 κατηκόντισε.
979 259 1052 300 Τὸν
1070 261 1107 300 δὲ
1122 261 1188 300 κά-

159 333 246 372 προν
277 319 399 372 πρώτη
433 319 496 370 μὲν
527 318 721 365 Ἀταλάντη
749 319 796 360 εἷς
820 316 865 356 τὰ
894 319 987 357 νῶτα
1019 319 1188 367 ἐτόξευσε,

162 376 316 431 δεύτερος
335 375 371 415 δὲ
394 376 606 430 Ἀμφιάραος
625 378 673 419 εἰς
697 375 755 414 τὸν
776 375 966 428 ὀφθαλμόν·
987 378 1189 433 Μελέαγρος

162 435 199 473 δὲ
218 436 320 474 αὐτὸν
335 437 382 479 εἷς
393 435 451 473 τὸν
466 437 618 473 κενεῶνα
634 433 768 482 πλήξας
786 433 980 485 ἀπέκτεινε,
994 437 1054 475 καὶ
1069 436 1187 476 λαὸὼν

160 493 200 532 τὸ
225 493 325 548 δέρας
350 492 476 531 ἔδωκεν
505 491 712 546 Ἀταλάντῃ.
731 495 747 521 7
768 495 815 532 Οἱ
833 491 870 532 δὲ
890 494 1041 534 Θεστίου
1070 497 1190 540 παῖδες

161 552 371 600 ἀδοξοῦντες,
389 553 418 590 εἰ
437 550 619 605 παρόντων
639 552 772 605 ἀνδρῶν
788 552 874 604 γυνὴ
888 553 932 591 τὰ
950 555 1107 607 ἀριστεῖα
1122 554 1190 602 λή-

162 613 289 663 ψεται,
319 609 360 647 τὸ
379 609 479 663 δέρας
511 611 599 662 αὐτῇ
618 609 824 663 ἀφείλοντο,
843 611 934 650 κατὰ
958 611 1056 663 γένος
1074 614 1190 656 αὐτοῖς

161 667 348 722 προσήκειν
368 667 539 719 λέγοντες,
560 670 589 706 εἰ
606 667 809 723 Μελέαγρος
823 669 1015 721 λαμὸάνειν
1038 670 1087 722 μὴ
1098 687 1189 726 προ-

161 732 304 780 αιροῖτο.
336 726 392 778 (3)
421 726 616 780 Ὀργισθεὶς
635 725 672 765 δὲ
692 726 913 782 Μελέαγρος,
933 728 1012 773 τους
1031 729 1093 780 μὲν
1114 731 1188 769 Θε-

161 785 257 823 στίου
274 786 440 828 παῖδας
422 784 626 834 απέκτεινε,
655 785 695 824 τὸ
718 784 754 824 δὲ
774 785 874 841 δέρας
899 786 1006 826 ἔδωκε
1020 791 1063 840 τῇ
1086 788 1189 826 Ἀτα-

159 842 281 896 λάντῃ.
318 843 459 882 Ἀλθαία
489 843 525 882 δὲ
555 846 751 892 λυπηθεῖσα
777 843 835 884 ἐπὶ
857 848 901 897 τῇ
932 847 1002 884 τῶν
1031 847 1188 900 ἀδελφῶν

161 901 319 956 ἀπωλεία
344 902 403 940 τὸν
425 902 527 942 δαλὸν
555 898 642 957 ἡψ·ε
667 903 728 941 καὶ
755 907 773 942 ὁ
799 903 1002 959 Μελέαγρος
1029 904 1191 959 ἐξαίφνης

161 959 345 1000 ἀπέθανεν.

213 1021 229 1044 ²
250 1022 296 1059 Οἱ
311 1019 347 1058 δὲ
359 1021 464 1075 φασὶν
485 1022 552 1073 οὐχ
571 1019 663 1059 οὕτω
678 1020 882 1075 Μελέαγρον
896 1023 1143 1068 τελευτησαι·’
1125 1037 1191 1072 αμ-

160 1078 424 1132 φισὸητούντων
439 1079 476 1118 δὲ
490 1084 550 1118 τοῦ
572 1079 673 1134 θηρός
687 1095 772 1134 φασι
790 1083 858 1118 τῶν
874 1080 1024 1120 Θεστίου
1041 1080 1190 1129 παίδων,

160 1138 206 1180 ὡς
225 1136 377 1190 Ἰφίκλου
393 1137 534 1191 πρώτου
560 1137 743 1189 βαλόντος,
765 1137 924 1191 Κούρησι
942 1138 1002 1176 καὶ
1022 1138 1192 1177 Καλυδω-

159 1195 243 1239 νίοις
259 1195 411 1248 πόλεμον
433 1198 608 1244 ἐνστῆναι.
628 1198 644 1222 ³
666 1195 888 1241 Ἐξελθόντος
907 1196 943 1234 δὲ
970 1196 1190 1249 Μελεάγρου,

159 1254 220 1292 καί
237 1270 332 1298 τινας
350 1257 420 1293 τῶν
438 1255 588 1294 Θεστίου
604 1254 739 1293 παίδων
760 1254 988 1308 φονεύσαντος
999 1285 1010 1303 ,
1031 1255 1190 1293 Ἀλθαίαν

160 1311 358 1364 ἀράσασθαι
377 1312 455 1350 κατ’
475 1314 599 1351 αὐτοῦ·
626 1312 685 1351 τὸν
705 1311 741 1350 δὲ
765 1311 985 1365 ὀργιζόμενον
1010 1311 1101 1350 οἴκοι
1124 1311 1191 1363 μέ-

160 1385 242 1408 νειν.
261 1372 278 1396 4
298 1367 395 1418 '‘H871
414 1371 450 1409 δὲ
467 1373 536 1408 τῶν
554 1370 731 1422 πολεμίων
749 1376 819 1414 τοῖς
834 1370 968 1423 τείχεσι
984 1371 1190 1423 προσπελα-

161 1427 311 1477 ζόντων,
335 1429 394 1467 καὶ
430 1431 498 1467 τῶν
516 1431 668 1467 πολιτῶν
693 1428 880 1473 ἀξιούντων
907 1429 981 1480 μεθ’
1003 1428 1191 1482 ἱκετηρίας,

162 1490 298 1539 βοηθεῖν
312 1518 321 1535 ,
349 1486 447 1538 μόλις
470 1486 655 1525 πεισθέντα
675 1487 743 1526 ὑπὸ
772 1491 835 1534 τῆς
851 1487 1014 1538 γυναικὸς
1032 1486 1191 1536 ἐξελθεῖν,

160 1546 238 1593 καὶ,
267 1545 346 1589 τοὺς
376 1545 518 1589 λοιποὺς
549 1545 732 1584 κτείναντα
760 1548 830 1584 τῶν
862 1546 1013 1585 Θεστίου
1042 1545 1190 1594 παίδων,

161 1606 345 1642 ἀποθανεῖν
387 1604 600 1657 μαχόμενον.
641 1606 656 1631 5
675 1604 777 1643 Μετὰ
819 1603 855 1642 δὲ
890 1605 948 1643 τὸν
986 1605 1191 1658 Μελεάγρου

161 1663 306 1701 θάνατον
343 1663 484 1702 Ἀλθαία
515 1663 574 1701 καὶ
610 1663 821 1717 Κλεοπάτρα
874 1662 997 1707 ἑαυτὰς
1041 1662 1193 1717 ἀνήρτη-

160 1737 246 1759 σαν·
280 1724 315 1760 αἱ
352 1720 388 1759 δὲ
425 1724 613 1775 θρηνοῦσαι
631 1721 690 1760 τὸν
719 1722 838 1776 νεκρὸν
866 1728 1027 1774 γυναῖκες
1067 1724 1191 1776 ἀπωρ-

159 1779 352 1827 νεώθησαν.

215 1840 264 1890 (4)
287 1839 447 1883 Ἀλθαίας
468 1839 504 1877 δὲ
521 1838 775 1888 ἀποθανούσης,
795 1838 925 1891 ἔγημεν
940 1839 1063 1883 Οἰνεὺς
1078 1839 1191 1893 Περί-

161 1897 260 1936 6οιαν
280 1897 343 1945 τὴν
373 1897 570 1938 Ἱππονόου.
604 1898 747 1946 Ταύτην
772 1897 809 1937 δὲ
834 1902 851 1937 ὃ
881 1897 944 1950 μὲν
964 1899 1100 1952 γράψας
1125 1898 1188 1945 τὴν

161 1956 342 2004 Θηὸαΐδα,
359 1955 618 2007 πολεμηθείσης
644 1955 812 2005 Ὠλένου,
833 1955 926 2008 λέγει
943 1956 1062 1995 λαὸεῖν
1081 1955 1191 1996 Οἰνέα

160 2013 274 2068 γέρας.
294 2014 454 2058 Ἡσίοδος
474 2013 510 2052 δὲ
529 2014 563 2060 ἐξ
584 2014 730 2054 Ὠλένου
749 2018 812 2062 τῆς
832 2011 992 2067 Ἀχαίας,
1012 2014 1188 2069 ἐφθαρμέ-

160 2090 223 2121 νην
254 2073 322 2112 snb
345 2073 599 2127 Ἱπποστράτου
628 2077 688 2112 τοῦ
710 2073 953 2127 Ἀμαρυγκέως
968 2104 978 2122 ,
1006 2073 1189 2113 Ἱππόνουν

160 2133 218 2172 τὸν
237 2132 373 2186 πατέρα
401 2131 541 2186 πέμψαι
563 2132 648 2187 πρὸς
669 2132 777 2172 Οἰνέα
794 2132 914 2186 πόῤῥω
942 2135 1003 2179 τῆς
1020 2133 1189 2177 Ἑλλάδος

162 2191 277 2243 [ὄντα]
310 2190 551 2243 ἐντειλάμενον
587 2193 793 2231 ἀποστεῖλαι
820 2193 1043 2243 (ἀποκτεῖναι
1091 2191 1190 2242 conj.

161 2251 308 2301 Faber).
330 2251 384 2302 (5)
407 2250 489 2288 Εἰσὶ
508 2250 545 2289 δέ
560 2267 650 2294 τινες
665 2254 697 2289 οἱ
714 2249 886 2303 λέγοντες,
904 2248 1101 2298 Ἱππόνουν,
1119 2252 1191 2289 ἐπι-

159 2309 286 2361 γνόντα
310 2308 373 2355 τὴν
398 2308 487 2347 ἰδίαν
514 2309 686 2363 θυγατέρα
715 2309 934 2364 ἐφθαρμένην
955 2308 1022 2357 ὑπὸ
1044 2308 1188 2358 Οἰνέως,

132 2411 134 2413 ,
160 2367 283 2421 ἔγκυον
304 2366 411 2414 αὐτὴν
429 2367 513 2421 πρὸς
531 2372 652 2407 τοῦτον
672 2367 891 2421 ἀποπέμψαι.
904 2369 921 2393 2
942 2367 1134 2419 Ἐγεννήθη
1153 2367 1188 2406 δὲ

160 2429 200 2466 ἐκ
218 2426 347 2474 ταύτης
358 2427 457 2466 Οἰνεῖ
473 2427 616 2471 Τυδεύς.
636 2427 848 2480 Πείσανδρος
867 2426 902 2464 δὲ
924 2426 1026 2464 αὐτὸν
1045 2428 1083 2464 ἐκ
1102 2425 1189 2480 Γόρ-

160 2503 224 2539 γης
241 2486 402 2539 γενέσθαι
417 2485 522 2537 λέγει·
548 2490 610 2533 τῆς
623 2487 689 2540 γὰρ
704 2487 869 2540 θυγατρὸς
884 2485 993 2526 Οἰνέα
1013 2485 1102 2524 κατὰ
1124 2486 1187 2534 τὴν

163 2546 329 2598 βούλησιν
347 2545 428 2588 Διὸς
445 2546 644 2598 ἐρασθῆναι.

215 2607 232 2632 3
252 2603 387 2648 Τυδεὺς
405 2602 442 2642 δὲ
461 2603 548 2658 ἀνὴρ
573 2603 756 2656 γενόμενος
771 2609 937 2655 γενναῖος,
959 2603 1186 2657 ἐφυγαδεύθη,

160 2664 315 2713 κτείνας,
333 2665 379 2706 ὡς
399 2661 462 2713 μέν
486 2679 575 2707 τινες
593 2662 766 2715 λέγουσιν,
794 2661 940 2715 ἀδελφὸν
960 2660 1094 2704 Οἰνέως
1112 2661 1187 2700 Ἀλ-

160 2723 298 2762 κάθοον·
327 2724 374 2766 ὡς
400 2719 436 2759 δὲ
454 2724 472 2760 ὁ
497 2721 561 2769 τὴν
580 2721 839 2773 Ἀλκμαιωνίδα
870 2719 1072 2773 γεγραφὼς,
1108 2718 1186 2763 τοὺς

161 2782 321 2825 Μέλανος
350 2780 478 2826 παῖδας
511 2779 798 2823 ἐπιδουλεύοντας
814 2780 925 2826 Οἰνεῖ,
944 2777 1089 2826 Φηνέα,
1110 2779 1186 2816 Εὐ-

162 2838 302 2893 ρύαλον,
322 2839 535 2894 Ὑπέρλαον,
559 2838 762 2892 Ἀντιόχην,
781 2836 972 2889 Εὐμήδην,
991 2836 1185 2890 Στέρνοπα,

162 2897 366 2937 Ξάνθιππον
385 2929 395 2948 ,
437 2898 618 2939 Σθένελον·
652 2900 699 2941 ὡς
742 2895 779 2936 δὲ
827 2894 1030 2949 Φερεκύδης
1062 2910 1185 2948 φησιν,

161 2957 325 3014 Ὠλενίαν
350 2958 496 3032 ἀδελφὶζν
522 2957 622 2998 ιδιον.
647 2960 663 2985 4
684 2955 819 3009 Ἀγρίου
832 2954 869 2992 δὲ
886 2954 1016 2997 δίκας’
1001 2953 1187 3004 επάγοντος

162 3012 277 3068 αυτι),
300 3016 417 3069 φυγὼν
455 3019 501 3060 εἰς
519 3016 653 3070 Ἄργος,
685 3019 749 3062 ἧκε
783 3014 869 3068 πρὸς
887 3012 1096 3067 Ἄδραστον,
1128 3011 1187 3049 καὶ

160 3073 222 3120 τὴν
266 3074 387 3113 τούτου
432 3075 549 3127 γήμας
564 3074 735 3127 θυγατέρα
778 3071 988 3120 Δηϊπύλην,
1026 3068 1188 3122 εγέννησε

161 3136 353 3187 Διομήδην.

215 3195 346 3238 Τυδεὺς
367 3195 429 3246 μὲν
447 3201 505 3235 οὐν
524 3197 580 3235 ἐπὶ
598 3196 722 3244 Θήὸας
747 3194 836 3248 μετὰ
863 3193 1052 3248 Ἀδράστου
1078 3207 1188 3246 στρα-

159 3253 382 3304 τευσάμενος,
412 3255 479 3293 ὑπὸ
504 3256 735 3294 Μελανίππου
769 3253 909 3307 τρωθεὶς
932 3252 1113 3291 ἀπέθανεν.
1135 3251 1188 3303 (6)

161 3314 207 3350 Οἳ
237 3311 272 3350 δὲ
300 3312 434 3365 Ἀγρίου
447 3314 566 3356 παῖδες
591 3312 982 3366 Θερσίτης,’()γχηστὸς
995 3343 1004 3360 ,
1023 3308 1189 3364 Πρόθοος,

162 3369 360 3423 Κελεύτωρ,
395 3371 585 3413 Λυκωπεὺς
601 3402 609 3417 ,
633 3371 877 3420 Μελάνιππος,
899 3368 1105 3423 ἀφελόμενοι
1125 3366 1187 3414 τὴν

695 173 1077 214 ΑΠΟΛΛΟΔΩΡΟΥ
1105 176 1454 218 mennonium
1485 182 1529 230 A,
1553 179 1601 231 η’,
1626 178 1673 220 θ’.

1241 277 1346 309 necati
1361 278 1450 318 sunt,
1467 280 1499 310 et
1514 278 1628 310 Peleus
1640 279 1848 319 Eurytionem
1861 278 1974 312 nolens
1986 280 2094 322 jaculo
2106 281 2261 315 confodit.

1245 337 1368 376 Aprum
1393 344 1472 368 vero
1487 337 1592 377 prima
1614 337 1761 369 Atalanta
1776 337 1809 368 in
1826 339 1916 378 tergo
1938 338 2054 379 sagitta
2077 339 2262 380 percussit;

1241 396 1315 434 post
1331 394 1418 427 illam
1446 395 1660 436 Amphiaraus
1689 396 1819 428 oculum
1849 395 1938 436 ferit,
1965 397 2080 430 deinde
2110 397 2265 439 Meleager

1242 452 1419 485 transfosso
1435 453 1531 486 latere
1542 454 1682 486 belluam
1697 454 1874 495 interfecit;
1891 455 1946 487 sed
1962 454 2090 496 pellem,
2105 463 2204 496 quam
2217 464 2267 488 ac-

1242 509 1337 550 cepit,
1345 511 1470 543 muneri
1480 512 1569 544 dedit
1579 513 1748 545 Atalantae.
1760 514 1893 545 ⁷Verum
1901 513 2022 546 Thestii
2032 513 2087 545 filii
2097 513 2266 556 indignum

1242 570 1403 610 putantes,
1417 571 1499 602 viris
1519 571 1734 612 praesentibus
1747 572 1876 604 feminae
1889 571 2020 604 virtutis
2034 575 2168 614 praemia
2193 581 2268 605 con-

1243 626 1323 666 cedi,
1340 627 1455 668 pellem
1468 628 1496 660 ei
1510 628 1663 670 eripiunt,
1679 639 1789 670 quam,
1806 630 1833 662 si
1849 630 2006 671 Meleager
2018 633 2192 670 recusaret,
2203 630 2266 663 sibi

1239 684 1311 725 Jure
1326 686 1524 726 cognationis
1537 687 1690 719 obvenire
1700 687 1912 720 affirmabant.
1926 689 1979 729 ζ(3)
1987 690 2191 730 Quapropter
2204 689 2268 722 ira-

1243 745 1297 774 tus
1313 744 1468 785 Meleager
1484 745 1606 777 Thestii
1620 744 1704 778 filios
1719 746 1850 785 occidit,
1865 755 1903 778 ac
1917 746 2034 788 pellem
2049 747 2208 780 Atalantae
2224 756 2268 780 re-

1244 802 1359 833 stituit.
1378 802 1439 834 Sed
1465 802 1589 836 Althaea
1603 812 1740 836 moerore
1766 804 1913 837 confecta
1938 804 1978 836 de
1999 805 2134 837 fratrum
2156 805 2266 846 caede,

1244 860 1385 901 stipitem
1414 870 1528 893 rursus
1548 862 1714 903 accendit;
1736 871 1801 904 quo
1828 863 1913 895 facto
1931 862 2088 905 Meleager
2105 863 2268 906 extemplo

1243 919 1373 951 occidit.

1285 1039 1299 1058 2
1309 1035 1392 1067 Sunt
1405 1037 1512 1067 autem
1528 1035 1583 1076 qui
1600 1035 1794 1077 Meleagrum
1818 1045 1884 1068 non
1899 1037 1945 1069 ita
1966 1036 2067 1069 vitam
2083 1036 2205 1069 finiisse
2223 1037 2268 1069 di-

1245 1089 1338 1120 cant:
1354 1087 1411 1119 sed
1427 1096 1529 1128 quum
1551 1087 1673 1120 Thestii
1687 1088 1745 1120 filii
1768 1087 1808 1120 de
1824 1088 1889 1121 fera
1912 1089 2165 1130 contenderent,
2181 1088 2270 1130 quod

1244 1140 1369 1181 primus
1382 1141 1528 1172 omnium
1552 1141 1691 1182 Iphicles
1707 1149 1822 1182 aprum
1838 1142 2035 1181 sauciasset,
2051 1141 2224 1174 Curetibus
2238 1142 2271 1173 et

1245 1193 1430 1234 calydoniis
1439 1194 1559 1226 bellum
1570 1195 1744 1226 conflatum
1757 1203 1844 1235 esse;
1856 1200 1870 1218 ³
1880 1195 1913 1227 in
1927 1204 1992 1235 quo
2006 1204 2108 1236 quum
2115 1195 2270 1236 Meleager

1247 1246 1304 1286 (ex
1322 1247 1492 1287 Calydone
1507 1247 1593 1279 urbe
1611 1256 1634 1279 a
1650 1247 1829 1279 Curetibus
1842 1247 1989 1286 obsessa)
2003 1257 2150 1288 egressus
2163 1256 2181 1279 e
2194 1248 2272 1280 The-

1247 1299 1299 1330 stii
1315 1299 1390 1331 filiis
1402 1300 1576 1332 nonnullos
1589 1299 1772 1338 occidisse-t,
1789 1299 1948 1332 Althaeam
1961 1302 2096 1332 matrem
2110 1299 2175 1331 lilio
2187 1308 2270 1331 mon

1245 1353 1311 1383 tem
1328 1360 1399 1384 esse
1414 1352 1621 1393 imprecatum
1634 1363 1644 1392 ;
1662 1352 1750 1383 hunc
1770 1361 1846 1384 vero
1861 1352 2063 1393 indignatum
2082 1352 2271 1385 tenuissese

1246 1404 1345 1437 domi.
1364 1409 1376 1428 ¹
1386 1405 1510 1438 Dehinc
1523 1404 1672 1437 hostibus
1685 1404 1726 1436 ad
1739 1404 1858 1436 moenia
1871 1405 2018 1446 proxime
2033 1403 2270 1444 accedentibus,

1245 1459 1277 1490 et
1294 1458 1421 1490 civibus
1443 1459 1550 1499 ipsum
1573 1457 1760 1499 suppliciter
1774 1481 1784 1496 ,
1805 1459 1843 1489 ut
1863 1458 1978 1498 patriae
1997 1457 2154 1489 laboranti
2175 1466 2270 1498 opem

1247 1510 1353 1552 ferret,
1371 1512 1551 1551 orantibus,
1565 1520 1649 1553 aegre
1658 1511 1699 1543 ab
1710 1519 1810 1543 uxore
1823 1519 2015 1552 persuasum
2029 1510 2159 1542 tandem
2172 1509 2271 1542 domo

1245 1563 1363 1596 exiisse
1375 1566 1567 1604 memorant,
1582 1565 1679 1605 atque
1701 1566 1875 1605 postquam
1890 1563 2030 1604 reliquos
2044 1561 2171 1595 Thestii
2187 1561 2271 1595 filios

1246 1616 1470 1657 interfecisset,
1487 1618 1596 1657 ipsum
1613 1617 1646 1648 in
1661 1625 1769 1658 pugna
1779 1617 1923 1649 occisum
1938 1624 2019 1648 esse.
2035 1617 2178 1648 uverum
2196 1615 2271 1656 post

1245 1672 1394 1712 Meleagri
1412 1673 1578 1704 interitum
1601 1673 1724 1704 Althaea
1755 1674 1787 1704 et
1809 1672 1978 1712 Cleopatra
2005 1679 2076 1702 sese
2097 1668 2270 1710 suspende-

1245 1725 1334 1764 runt,
1352 1724 1385 1756 et
1400 1733 1474 1764 quae
1486 1727 1652 1756 mortuum
1667 1724 1874 1765 deploravere
1888 1722 2039 1755 mulieres
2052 1722 2086 1754 in
2101 1729 2179 1754 aves
2194 1721 2271 1752 sunt

1245 1778 1464 1809 commutatae.

1289 1853 1334 1894 (4)
1370 1853 1495 1886 Althaea
1523 1853 1676 1885 defuncta
1692 1876 1701 1893 ,

1245 1910 1369 1950 boeam,
1386 1910 1549 1952 Hipponoi
1570 1910 1689 1949 filiam3
1711 1918 1809 1950 quam
1824 1908 1955 1950 quidem
1975 1909 2023 1947 is,
2054 1907 2110 1948 qui
2140 1905 2271 1939 Thebai-

1245 1969 1318 2001 dem
1345 1969 1550 2010 conscripsit,
1593 1969 1735 2000 OEneum
1771 1969 1845 2008 post
1883 1966 2098 2007 expugnatam
2131 1963 2271 1996 Olenum

1246 2027 1401 2066 (AEtolioe
1418 2026 1560 2067 urbem)
1577 2026 1608 2057 in
1624 2024 1794 2066 praemium
1811 2023 1972 2065 accepisse
1986 2022 2103 2054 narrat.
2125 2020 2187 2054 Sed
2210 2022 2270 2053 He—

1245 2085 1357 2117 siodus
1373 2085 1418 2116 ait
1433 2094 1472 2116 ex
1486 2084 1598 2123 Oleno,
1615 2084 1743 2116 Achaiae
1756 2082 1887 2124 oppido,
1901 2081 2055 2113 violatam
2076 2080 2118 2112 ab
2146 2079 2264 2120 Hippo-

1245 2146 1365 2184 strato,
1390 2143 1580 2184 Amaryncei
1607 2142 1672 2173 filio
1686 2165 1696 2182 ,
1716 2142 1924 2182 Hipponoum
1942 2142 2065 2181 patrem
2087 2138 2216 2171 misisse
2229 2137 2270 2170 ad

1245 2204 1401 2241 OEneum,
1416 2202 1508 2243 eique
1522 2204 1559 2233 ut
1574 2209 1645 2233 eam
1661 2209 1680 2232 a
1697 2200 1822 2231 Graecia
1833 2199 1927 2238 longe
1945 2197 2136 2250 abduceret,
2151 2204 2270 2238 proeoe·

1244 2262 1341 2303 pisse.
1362 2262 1408 2302 (5)
1428 2263 1514 2293 Sunt
1528 2268 1657 2301 quoque
1671 2261 1727 2300 qui
1741 2259 1897 2298 referant,
1918 2258 2148 2298 Hipponoum,
2166 2263 2270 2296 quum
2307 2290 2310 2292 ,

1244 2320 1342 2351 filiam
1370 2328 1463 2352 suam
1482 2318 1524 2351 ab
1552 2321 1657 2351 OEneo
1684 2317 1829 2349 vitiatam
1856 2316 2080 2357 cognovisset,
2103 2313 2269 2355 gravidam

1243 2377 1345 2418 ipsam
1359 2377 1495 2409 adhunc
1505 2375 1677 2418 ablegasse.
1687 2376 1804 2408 flNatus
1818 2382 1894 2406 vero
1900 2382 1938 2405 ex
1952 2372 2006 2404 illa
2014 2373 2120 2404 OEneo
2126 2370 2268 2412 Tydeus.

1243 2437 1396 2469 Pisander
1412 2439 1518 2468 autem
1535 2445 1609 2468 eum
1625 2444 1666 2467 ex
1690 2437 1796 2474 Gorge
1825 2435 1932 2465 ortum
1960 2430 2061 2470 dicit;
2087 2438 2163 2461 nam
2195 2428 2269 2460 filim

1242 2503 1351 2527 amore
1366 2496 1509 2526 OEneum
1528 2502 1569 2525 ex
1585 2492 1677 2525 Jovis
1690 2491 1856 2524 voluntate
1871 2490 2002 2530 captum
2016 2487 2127 2519 fuisse.

1740 1854 1865 1885 OEueus
1898 1859 2033 1883 uxorem
2065 1849 2159 1882 duxit
2188 1848 2272 1881 Peri·

1283 2613 1433 2654 ³Tydeus
1449 2621 1537 2649 vero,
1555 2620 1657 2652 quum
1671 2611 1735 2651 jam
1753 2610 1803 2641 vir
1821 2607 2018 2640 fortissimus
2032 2604 2205 2643 evasisset,
2220 2602 2268 2634 in-
2298 2610 2313 2637 ,f

1242 2671 1383 2709 ten-secto,
1399 2672 1435 2702 ut
1447 2669 1579 2710 quidam
1605 2669 1730 2706 dicunt,
1745 2666 1842 2698 OEnei
1859 2665 1955 2696 fratre
1971 2662 2137 2700 Alcathoo‚
2152 2660 2186 2692 in
2203 2658 2268 2692 exi-
2307 2691 2310 2692 ⁷

1241 2731 1320 2762 lium
1337 2729 1500 2770 profectus
1513 2732 1577 2768 est;
1593 2728 1648 2760 sed
1663 2726 1842 2759 secundum
1852 2721 2078 2757 Alcmaeonidis
2090 2722 2267 2757 auctorem,
2300 2749 2305 2757 ,

1241 2789 1316 2829 quia
1340 2787 1473 2820 Melanis
1487 2787 1605 2818 liberos
1619 2785 1821 2818 interfecerat
1835 2785 1943 2815 OEneo
1967 2779 2167 2818 insidiantes,
2189 2777 2268 2809 Phe·
2299 2786 2311 2830 {ss

1241 2856 1349 2886 neum,
1366 2846 1554 2887 Euryalum,
1570 2844 1776 2885 Hyperlaum,
1791 2842 1980 2880 Antiochen,
1993 2838 2171 2876 Eumeden,
2187 2837 2269 2868 Ster—

1241 2915 1370 2948 nopem,
1387 2906 1617 2946 Xanthippum,
1634 2903 1841 2942 Sthenelum;
1856 2903 1894 2934 ut
1906 2909 1983 2932 vero
1998 2897 2195 2937 Pherecydes
2209 2894 2266 2936 ait,
2296 2890 2308 2926 Γ

1241 2966 1398 3004 Oleniam‚
1418 2973 1514 2996 suum
1531 2964 1672 2995 fratrem.
1693 2960 1802 3002 *Agrio
1818 2962 1925 2992 autem
1941 2959 2070 2999 propter
2085 2954 2207 2987 caedem
2223 2952 2266 2985 fa·

1241 3027 1326 3058 ctam
1343 3032 1417 3056 eum
1434 3023 1654 3064 persequente,
1672 3022 1771 3059 Argos
1788 3018 1911 3058 fugiens
1925 3016 2013 3048 venit
2025 3014 2065 3046 ad
2080 3013 2264 3052 Adrastum,
2298 3007 2299 3010 ’

1242 3083 1402 3123 ductaque
1417 3082 1486 3122 eJus
1509 3079 1572 3111 filia
1588 3078 1721 3119 Deipyle
1747 3078 1779 3108 in
1800 3074 2062 3113 matrimonium,
2086 3070 2267 3113 procreavit
2319 3069 2320 3080 ³

1355 3141 1429 3172 den.

1243 3143 1432 3240 Dissy'geus
1424 3197 1532 3237 itaque
1547 3194 1701 3226 adversus
1717 3191 1842 3224 Thebas
1856 3198 1930 3222 cum
1947 3188 2083 3221 Adrasto
2096 3186 2128 3218 in
2143 3185 2291 3219 bellum
2282 3208 2313 3230 :-

1243 3258 1431 3299 profectus,
1464 3264 1483 3286 a
1511 3252 1693 3293 Melanippo
1714 3250 1827 3282 vulne}
1829 3252 1901 3280 atus
1929 3246 2090 3279 occubuit.
2121 3245 2176 3285 (6).
2201 3242 2297 3276 Sed

1245 3317 1331 3358 Agrii
1349 3315 1419 3353 tilii,
1434 3313 1608 3351 Thersites,
1629 3310 1823 3346 Onchestus,
1839 3307 2010 3345 Prothous,
2025 3304 2186 3342 Celeutor,
2201 3303 2264 3341 Ly·

1245 3383 1376 3417 copeus,
1391 3373 1603 3412 Melanippus,
1620 3370 1812 3408 occupatum
1827 3365 1922 3398 OEnei
1937 3371 2068 3405 regnum
2083 3361 2164 3403 patri
2176 3358 2262 3392 attri-
2280 3383 2288 3393 ,,
