2294 3704
106 185 189 212 XXX

105 271 244 294 στευσεν
261 256 372 293 αὐτῶν
381 254 539 308 κρεῖσσόν
549 270 583 292 τι
594 253 885 303 ἐξοίσειν.Ιῑει(]ιιε
894 252 1117 290 maledicen-

106 315 166 352 tiae
182 315 396 352 incusarem
412 313 678 363 Porphyrium,
697 312 841 362 quippe
859 311 920 348 cui
942 318 1021 348 tota
1038 311 1118 348 fere

103 372 343 410 literatorum
370 371 583 422 respublica
609 369 759 406 infamis
781 369 830 405 sit
857 367 969 406 turba
991 369 1117 406 furum

105 439 143 468 et
170 431 430 474 moechorum3
451 429 522 465 nisi
550 441 593 464 ea
619 440 703 476 quae
720 426 855 464 Suidas
880 426 929 464 de
946 426 1118 464 Zalmoxi

105 502 154 526 ex
172 488 368 525 Hellanico
388 487 446 538 (fr.
473 500 484 521 ι
496 484 559 535 73)
578 484 708 531 affert,
735 492 934 535 tantopere
949 485 989 522 in
1005 484 1120 522 rebus

106 554 144 583 et
163 545 288 582 verbis
307 544 551 581 concinerent
574 554 660 578 cum
682 541 748 588 iis,
769 555 855 592 quae
873 542 975 593 apud
991 546 1118 580 Hero-

107 604 243 640 dotum
274 603 364 651 (IV,
387 599 452 649 95)
477 602 676 648 leguntur,
702 608 745 636 ut
772 601 932 638 alterum
966 601 1120 638 alterius

107 674 206 711 opus
227 667 313 696 ante
332 659 463 695 oculos
483 657 659 695 habuisse
681 671 794 695 nemo
817 671 983 708 unquam
1002 671 1119 709 nega—

108 718 214 755 verit.
238 720 322 754 Jam
338 728 455 765 quum
477 715 697 753 Herodotus
724 715 827 753 dicat
847 730 886 754 se
900 717 1025 767 ipsum
1048 717 1121 754 hoc

106 775 296 825 accepisse
317 787 339 811 a
354 773 493 811 Graecis
517 773 565 810 ad
583 777 748 812 Pontum
767 774 1049 824 habitantibus,
1065 783 1123 811 at-

107 845 181 883 que
210 832 367 869 omnino
400 831 454 869 nil
486 831 721 870 Herodotum
755 833 950 871 Hellanico
983 832 1122 871 debere

104 889 281 940 'pluribus
293 890 612 928 demonstraverit
622 891 882 929 Dahlmannus
893 891 932 943 (l.
946 892 969 930 l.
982 905 1019 942 p.
1039 906 1050 928 1
1061 904 1122 938 27,

108 949 216 998 599),
243 948 339 985 nihil
369 949 542 986 relictum
574 949 694 987 videri
729 951 865 1000 possit,
897 964 1010 1000 quam
1036 964 1123 987 cum

106 1006 277 1052 Sturzio,
297 1006 358 1043 cui
375 1006 608 1057 suffragatur
623 1011 835 1045 Creuzerus
852 1008 914 1057 (ad
938 1008 1122 1046 Herodot.

106 1065 131 1102 l.
151 1065 176 1104 l.
195 1064 254 1102 ed.
271 1065 671 1115 Baehr.),Hellanicum
686 1076 958 1118 repraesentare
976 1068 1123 1118 compi-

106 1124 267 1162 latorem
280 1123 480 1163 Herodoti.
506 1127 559 1162 At
579 1125 732 1162 tertium
755 1125 869 1163 datur
890 1126 994 1176 quod
1012 1127 1124 1164 unice

107 1195 239 1219 verum
257 1189 363 1231 puto.
379 1183 570 1220 Nimirum
585 1184 762 1222 Nomima
779 1184 983 1222 Barbarica
996 1185 1124 1223 Hella-

107 1241 183 1278 nici
210 1239 367 1278 eandem
392 1250 534 1279 sortem
562 1251 721 1292 experta
754 1251 842 1280 sunt
869 1257 984 1295 quam
1006 1246 1126 1294 AEgy—

108 1298 235 1349 ptiaca
247 1298 427 1346 Hecataei,
451 1312 566 1349 quam
587 1300 737 1338 Xanthi
757 1300 935 1351 Lydiaca.
956 1304 1049 1350 Quae
1066 1315 1126 1339 res

108 1357 158 1394 sit
178 1355 310 1406 paucis
326 1358 517 1407 explicare
536 1358 714 1396 studebo.

161 1413 354 1451 Zalmoxis
384 1415 492 1453 Getis
522 1416 749 1454 monstravit
785 1417 906 1455 initia.
941 1418 1050 1456 Dixit
1078 1418 1126 1456 iis

109 1482 234 1522 neque
253 1486 293 1510 se
309 1486 433 1523 neque
452 1474 632 1512 convivas
655 1488 744 1513 suos
761 1489 940 1526 umquam
960 1469 1125 1514 moritu-

110 1542 193 1576 ros,
213 1530 277 1567 sed
301 1531 340 1568 in
361 1531 487 1568 locum
507 1532 694 1581 quendam
718 1542 922 1581 venturos,
950 1533 1017 1572 ubi
1039 1548 1126 1572 cum

110 1588 194 1625 vitae
212 1588 468 1638 perpetuitate
487 1589 659 1626 omnium
681 1590 835 1629 fruituri
859 1601 983 1630 essent
997 1592 1125 1630 bono-

111 1658 197 1683 rum
217 1645 462 1684 abundantia.
494 1647 642 1686 Deinde
677 1649 800 1687 tribus
831 1652 940 1689 annis
973 1652 1013 1689 in
1042 1652 1127 1690 loco

110 1704 362 1742 subterraneo
398 1715 676 1755 commoratus,
719 1717 858 1759 quarto
897 1710 1053 1748 demum
1088 1711 1128 1748 in

112 1764 234 1802 lucem
253 1765 377 1803 denuo
395 1767 577 1804 ascendit.
599 1769 689 1815 Quae
706 1769 833 1806 omnia
847 1769 896 1807 ad
913 1770 1126 1808 doctrinam

113 1822 161 1860 de
185 1824 302 1861 animi
330 1824 615 1863 immortalitate
640 1835 812 1877 spectare
842 1837 972 1866 monet
990 1830 1126 1877 Baehr.,

111 1882 308 1919 Zalmoxin
326 1890 413 1932 apte
434 1896 660 1934 comparans
689 1898 774 1922 cum
794 1885 942 1934 Sileno,
965 1888 1127 1926 Bacchi-

113 1952 247 1977 corum
267 1954 458 1978 sacrorum
476 1942 686 1993 interprete
698 1971 707 1988 ‚
731 1952 886 1981 auctore
902 1945 1128 1983 immortali-

115 1999 213 2036 tatis.
236 1999 359 2050 Igitur
378 2009 539 2050 propter
554 2011 820 2051 argumentum
840 2005 1042 2054 praeclarus
1056 2006 1127 2042 fuit

113 2056 175 2094 hic
199 2056 385 2095 Herodoti
404 2059 522 2107 locus,
543 2073 658 2110 quem
674 2070 898 2111 excerperet
915 2063 986 2100 iste
1001 2064 1128 2101 Hella-

114 2115 222 2152 nicus
234 2144 243 2161 ,
269 2116 334 2166 qui
351 2117 557 2167 Orphicam
577 2118 811 2168 theologiam
828 2121 990 2171 scripsit.
1008 2123 1127 2159 Com-

115 2183 348 2212 memoratur
371 2175 443 2213 hoc
462 2190 560 2227 opus
575 2191 598 2215 a
616 2179 816 2216 Damascio
840 2179 934 2232 (περὶ
951 2181 1068 2233 ἀρχῶν
1088 2181 1127 2218 in

115 2236 148 2270 J.
165 2233 253 2270 Chr.
273 2234 401 2271 Wolfii
423 2235 565 2273 Anecd.
581 2239 647 2273 Gr.
671 2245 765 2274 tom.
781 2241 857 2280 ΙΙΙ,
877 2252 914 2289 p.
934 2239 1027 2290 253)
1049 2240 1125 2277 ita:

114 2290 160 2330 ‘H
176 2290 212 2329 δὲ
240 2291 328 2330 κατὰ
359 2292 415 2330 τὸν
448 2293 651 2346 Ἱερώνυμον
684 2295 857 2348 φερομένη
883 2298 948 2350 (sc.
977 2298 1128 2351 Ὀρφικὴ

115 2349 288 2402 θεολογία)
322 2351 381 2389 καὶ
402 2351 630 2399 Ἑλλάνικον,
658 2353 754 2406 εἴπερ
781 2355 830 2406 μὴ
857 2359 875 2394 ὁ
898 2356 999 2400 αὐτός
1023 2358 1128 2396 ἐστιν.

116 2409 386 2459 Hieronymus,
432 2424 548 2460 quem
585 2414 808 2451 Damascius
842 2415 1007 2453 eundem
1042 2430 1128 2453 cum

115 2467 313 2504 Hellanico
333 2481 413 2505 esse
436 2469 673 2519 suspicatur,
698 2485 719 2508 a
738 2473 908 2523 Josepho
927 2475 1128 2524 (Archaeol.

115 2527 146 2572 Ι,
163 2531 182 2569 l.
201 2525 311 2575 extr.)
340 2526 480 2564 dicitur
497 2529 721 2578 AEgyptius,
741 2531 846 2580 quod
866 2545 941 2568 non
969 2532 1131 2584 impedit

115 2584 320 2632 quominus
353 2592 454 2622 recte
479 2586 638 2624 fortasse
666 2589 845 2625 statuerit
874 2589 1131 2630 Tiedmannus

116 2642 431 2692 (Grieclzenlands
465 2654 558 2681 erste
591 2646 835 2695 Plzilosoplzen
867 2660 905 2698 p.
935 2649 1010 2699 61)
1044 2662 1130 2687 eum

116 2713 196 2737 esse
216 2709 350 2738 notum
364 2701 472 2739 illum
492 2703 685 2740 Rhodium
700 2705 1008 2755 Peripateticum.
1026 2707 1130 2745 Idem

118 2771 208 2795 vero
242 2773 317 2796 non
349 2761 471 2797 solum
501 2762 695 2812 Orphica,
728 2763 793 2800 sed
814 2765 928 2802 etiam
950 2765 1130 2804 historica

118 2817 294 2866 scripsit,
328 2819 510 2868 quoniam
545 2821 735 2871 Josephus
776 2822 799 2859 l.
827 2823 849 2860 l.
887 2823 1017 2861 laudat
1048 2824 1129 2875 ejus

120 2874 342 2912 Plioenicica.
357 2879 444 2913 Haec
458 2877 542 2926 ipsa
552 2887 677 2916 autem
692 2880 909 2918 Plioenicica
921 2882 1001 2919 sine
1014 2881 1130 2920 dubio

111 2931 272 2969 ..fuerunt
287 2946 373 2982 pars
385 2934 610 2989 Βαρὸαρικῶν
624 2937 808 2988 Νομίμων,
822 2952 907 2989 quae
921 2939 992 2977 sub
1007 2941 1132 2978 Hella-

120 2989 195 3026 nici
217 2991 369 3027 nomine
395 2993 592 3031 venderet.
623 2998 725 3033 Num
746 2997 957 3047 Orphicam
976 3011 1131 3049 quoque

122 3048 349 3097 theologiam
380 3057 570 3100 tamquam
605 3062 713 3091 vetus
744 3056 931 3093 Hellanici
962 3070 1059 3107 opus
1076 3057 1132 3109 (3)

163 3131 207 3172 (7)
231 3131 412 3163 Mirandum
426 3141 501 3165 sane
514 3136 673 3167 Sturzium
684 3147 793 3170 revera
807 3141 920 3180 putare
933 3141 1132 3174 Hellanicum

122 3177 273 3210 Lesbium
289 3178 321 3209 in
344 3179 539 3219 AEgyptiacis
555 3181 594 3212 de
617 3184 754 3222 Orphica
775 3186 932 3227 theologia
947 3188 980 3220 in
999 3189 1132 3221 modum

121 3224 307 3265 Hieronymi
326 3226 520 3265 exposuisse.
545 3227 594 3258 Ad
612 3229 708 3261 verba
736 3232 895 3266 Damascii
918 3237 1134 3276 supraraliata

121 3270 221 3302 dicit:
243 3283 258 3298 «
275 3272 354 3308 Quae
370 3271 417 3302 sic
432 3271 644 3313 interpretor:
664 3277 730 3307 πίει·
749 3279 886 3318 quidem
902 3282 995 3314 alter
1013 3283 1059 3315 'az
1078 3286 1132 3317 al-

123 3319 195 3349 tero
209 3326 274 3349 sua
290 3316 429 3357 hausit,
454 3319 505 3350 ita
520 3321 560 3351 ut
584 3321 682 3352 ambo
697 3330 762 3354 non
779 3327 846 3357 nisi
862 3330 968 3360 unius
982 3332 1133 3363 auctoris

124 3365 194 3397 loco
225 3363 374 3396 habendi
389 3365 469 3396 sint.
501 3367 578 3396 Uter
600 3368 707 3399 autem
733 3369 866 3403 alterum
893 3377 1042 3415 secutus,
1074 3387 1131 3410 nos

939 168 1006 206 DE
1032 166 1342 206 HELLANICO.

1171 251 1345 300 ediderit,
1366 265 1414 289 an
1430 251 1509 290 haec
1527 252 1565 290 iu
1580 252 1755 304 Νομίμοις
1774 251 2190 308 ΒαρὸαρικοῖςΙΕςγΡῑί·

1171 310 1249 347 acis
1265 309 1407 347 inserta
1419 309 1553 358 fuerit,
1575 324 1623 348 au
1642 311 1806 363 denique
1829 312 1878 350 ab
1894 313 1978 351 aliis
1993 311 2191 350 Hellanico

1172 367 1363 405 vindicata
1381 367 1448 415 sit,
1470 368 1538 417 qui
1557 377 1762 420 utrumque
1782 383 1880 421 opus
1896 370 1945 408 ab
1962 370 2097 407 eodem
2116 382 2191 407 au·—

1177 433 1284 462 ctore
1299 425 1515 475 profectum
1527 439 1608 464 esse
1623 427 1815 474 viderunt,
1835 429 1927 477 hoc,
1947 429 2119 478 inquam,
2149 427 2191 464 in

1176 482 1303 520 medio
1326 483 1514 532 relinquo.
1532 487 1629 523 Utut
1644 486 1705 533 sit,
1721 487 1866 537 optime
1888 500 1974 524 cum
2010 487 2070 524 his
2093 498 2193 536 qua-

1173 541 1260 578 drat
1283 540 1389 591 quod
1413 541 1529 579 Clem.
1545 543 1655 580 Alex.
1674 547 1851 582 stromm.
1874 546 1925 584 Vl
1937 574 1948 591 ‚
1968 559 2006 596 p.
2024 546 2115 594 629.
2133 543 2195 581 di-

1174 599 1246 636 cit:
1260 598 1304 636 τὰ
1318 598 1564 652 Μελεσαγόρου
1581 600 1722 655 ἔκλεψεν
1737 602 2063 647 Ἑλλάνικος.Ναῐῐι
2080 601 2194 653 hujus

1174 670 1259 707 quae
1280 656 1502 694 ferebantur
1522 659 1663 708 scripta
1678 659 1817 698 referta
1829 669 1938 698 erant
1959 660 2101 698 talibus
2120 660 2194 697 ha-

1174 714 1443 752 riolationibus
1476 723 1590 765 atque
1605 717 1787 768 Orphicis
1802 719 2106 756 historiunculis.
2120 717 2195 757 sed

1174 773 1373 810 videamus
1387 773 1548 824 singula.

1228 835 1320 869 Pars
1327 832 1594 869 Institutorum
1603 833 1909 881 Barbaricorum,
1925 842 1967 872 ut
1978 834 2091 872 modo
2101 835 2196 881 dixi,

1176 890 1332 927 fuerunt
1356 890 1595 940 AEgyptiaca.
1625 894 1710 928 Jam
1733 904 1824 929 vero
1856 892 2016 930 Photius
2041 893 2197 943 Sopatri

1176 944 1320 996 ἐκλογὰς
1348 947 1581 996 compositas
1606 947 1700 984 dicit
1718 948 1759 986 ἐκ
1780 950 1849 986 τῶν
1871 948 1995 987 Αἰλίου
2013 948 2097 988 Δίου
2117 949 2198 1003 περὶ

1177 1002 1433 1057 Ἀλεξανδρείας
1458 1003 1518 1042 καὶ
1543 1006 1583 1042 ἐκ
1605 1007 1675 1042 τῶν
1701 1007 1954 1056 Αἰγυπτιακῶν
1974 1006 2197 1055 Ἑλλανίκου,

1177 1061 1220 1099 δι’
1237 1055 1284 1099 ὧν·
1303 1060 1432 1114 μυθικὰ
1449 1062 1510 1100 καὶ
1540 1062 1770 1114 πλασματικὰ
1792 1063 1908 1102 πολλὰ
1936 1064 2101 1110 συλλέξας
2125 1074 2197 1103 etc.

1177 1123 1316 1158 Nonne
1343 1121 1602 1172 suspicionem
1635 1131 1764 1160 movet
1791 1123 2012 1162 Hellanicus
2035 1124 2199 1163 Lesbius

1177 1191 1264 1215 cum
1279 1179 1379 1216 AElio
1390 1180 1648 1230 compositus?
1663 1181 1784 1218 Multo
1798 1181 1918 1231 magis
1931 1190 2035 1220 certe
2050 1182 2097 1219 ad
2109 1183 2200 1221 AElii

1177 1238 1307 1275 Severi
1323 1239 1621 1276 commentarios
1645 1239 1825 1278 accedere
1847 1240 2063 1278 debuerunt
2075 1244 2199 1292 AEgy-

1179 1297 1303 1347 ptiaca
1322 1296 1509 1335 Hellanici
1525 1299 1712 1349 AEgyptii,
1730 1312 1816 1349 quae
1835 1300 1914 1337 sine
1929 1299 2049 1338 dubio
2065 1301 2200 1351 copio-

1179 1369 1236 1393 sas
1246 1355 1511 1406 expositiones
1525 1356 1573 1394 de
1583 1357 1853 1407 AEgyptiorum
1868 1358 2073 1410 theologia,
2084 1368 2200 1410 atque

1179 1414 1385 1464 mythicam
1413 1414 1460 1451 de
1476 1414 1590 1465 hujus
1620 1423 1729 1453 terrae
1759 1417 1951 1454 miraculis
1972 1417 2200 1469 farraginem

1180 1472 1415 1524 praebebant.
1435 1477 1491 1510 Ac
1507 1474 1681 1524 profecto
1696 1487 1772 1512 non
1787 1474 1952 1513 abfuisse
1969 1475 2200 1527 disputatio-

1180 1545 1246 1568 nes
1267 1531 1551 1582 philosophicas
1569 1545 1617 1570 ex
1634 1532 1707 1570 illis
1728 1542 1890 1584 apparet
1903 1547 1989 1585 quae
2002 1547 2050 1572 ex
2067 1535 2200 1573 Hella-

1179 1589 1256 1626 nici
1290 1590 1526 1640 AEgyptiacis
1567 1591 1746 1641 leguntur
1784 1592 1888 1642 apud
1921 1593 2128 1631 Arrianum
2159 1594 2202 1632 in

1179 1647 1375 1685 Dissertat.
1394 1648 1516 1698 Epict.
1536 1651 1592 1694 11,
1611 1662 1657 1699 ¹9
1682 1658 1721 1686 et
1741 1649 1832 1687 inde
1854 1650 1958 1700 apud
1978 1651 2144 1689 Gellium
2159 1652 2201 1690 in

1179 1709 1226 1743 N.
1243 1709 1286 1743 A.
1304 1709 1335 1754 I,
1357 1719 1378 1742 2
1398 1720 1406 1743 :
1424 1708 1504 1745 Τῶν
1525 1705 1647 1755 ὄντων,
1666 1707 1804 1758 inquit,
1821 1707 1866 1746 τὰ
1880 1707 1943 1759 μέν
1957 1710 2050 1747 ἐστιν
2071 1709 2200 1761 ἀγαθὰ,

1179 1763 1224 1802 τὰ
1243 1762 1278 1801 δὲ
1298 1765 1403 1810 κακὰ,
1427 1765 1470 1802 τὰ
1487 1764 1697 1818 δ’ἀδιάφορα.
1716 1765 1846 1817 Ἀγαθὰ
1867 1766 1931 1818 μὲν
1950 1762 2009 1806 οῧν
2030 1770 2066 1805 αἱ
2079 1768 2200 1821 ἀρεταὶ

1180 1821 1239 1860 καὶ
1255 1821 1300 1860 τὰ
1317 1821 1510 1875 μετέχοντα
1529 1825 1640 1862 αὐτῶν
1657 1839 1664 1847 ·
1681 1824 1774 1863 κακὰ
1791 1824 1827 1863 δὲ
1838 1825 1958 1864 κακίαι
1968 1825 2028 1864 καὶ
2043 1827 2088 1865 τὰ
2102 1825 2204 1878 μετέ·

1180 1895 1290 1932 χοντα
1305 1881 1441 1924 κακίας·
1467 1881 1639 1935 ἀδιάφορα
1661 1880 1697 1919 δὲ
1716 1883 1761 1920 τὰ
1780 1883 1907 1934 μεταξὺ
1922 1882 2053 1922 τούτων
2066 1915 2075 1931 ,
2093 1885 2201 1922 πλοῦ-

1180 1954 1258 1987 τος,
1287 1939 1419 1990 ὑγίεια,
1448 1938 1538 1987 ζωὴ,
1564 1940 1725 1989 θάνατος,
1751 1941 1880 1990 ἡδονὴ,
1897 1941 2012 1986 πόνος.
2035 1943 2094 1980 Ad
2116 1957 2201 1993 quae

1182 1998 1355 2035 Sturzius
1373 2013 1380 2035 :
1398 2001 1553 2036 «Potest
1572 1999 1746 2049 profecto
1766 2000 1828 2037 hic
1849 2001 1955 2038 loeus
1968 2001 2201 2040 desiderium

1182 2058 1355 2094 omnium
1373 2058 1559 2096 Hellanici
1587 2058 1775 2097 librorum
1797 2059 2042 2099 vehementer
2061 2074 2200 2112 augere

1183 2116 1296 2153 etiam
1308 2115 1346 2152 in
1362 2128 1496 2154 eorum
1510 2116 1658 2162 animis,
1672 2117 1785 2167 quiin
1797 2119 2059 2169 cognoscenda
2072 2120 2200 2170 philo-

1183 2174 1332 2225 sophiae
1351 2174 1511 2212 historia
1528 2175 1567 2212 id
1585 2174 1658 2213 sibi
1671 2175 1860 2227 agendum
1878 2190 1959 2215 esse
1979 2186 2136 2229 putant,
2158 2187 2202 2216 ut

1183 2259 1277 2292 hodie
1290 2259 1486 2300 ignoramus.
1503 2274 1519 2289 ι)
1537 2262 1582 2293 Ut
1598 2260 1666 2303 ipse
1681 2261 1780 2294 lector
1793 2261 1936 2302 judicare
1956 2264 2077 2305 possit,
2094 2265 2200 2297 locum

1182 2319 1201 2341 a
1222 2312 1391 2343 Damascio
1417 2321 1458 2343 ex
1474 2312 1632 2353 theologia
1658 2312 1789 2345 allatum
1815 2322 1975 2355 apponam
1993 2325 2001 2346 :
2016 2315 2120 2359 Ὕδωρ
2141 2317 2198 2358 ἦν,

1183 2359 1292 2399 φησὶν,
1317 2358 1346 2394 ἐξ
1375 2358 1470 2400 ἀρχῆς
1485 2360 1539 2391 καὶ
1561 2360 1636 2400 ὕλη,
1664 2360 1694 2396 ἐξ
1717 2360 1753 2400 ἧς
1778 2360 1887 2401 ὑπάγει
1902 2363 1922 2399 ἡ
1937 2365 1995 2402 γῆ,
2013 2362 2068 2395 δύο
2087 2364 2199 2401 ταύτας

1183 2404 1278 2447 ἀρχὰς
1291 2406 1506 2446 ὑποτιθέμενος
1528 2409 1665 2448 πρῶτος,
1682 2407 1764 2449 ὕδωρ
1785 2408 1837 2439 καὶ
1858 2411 1933 2448 γῆν·
1956 2409 2068 2447 ταύτην
2084 2410 2138 2450 μὲν
2159 2411 2201 2447 ὡς

1183 2452 1270 2491 φύσει
1300 2452 1490 2490 σκεδαστήν·
1519 2453 1616 2484 ἐκεῖνο
1637 2453 1687 2493 δὲ,
1711 2455 1752 2490 ὡς
1767 2454 1878 2492 ταύτης
1900 2455 2079 2493 κολλητικὸν
2093 2467 2127 2488 τε
2147 2458 2200 2488 καὶ

1184 2498 1378 2530 συνεκτικόν·
1408 2500 1463 2537 τὴν
1488 2499 1520 2531 δὲ
1539 2499 1610 2540 μίαν
1633 2500 1692 2542 πρὸ
1713 2502 1774 2531 τῶν
1797 2501 1878 2532 δυοῖν
1899 2501 2031 2543 ἄῤῥητον
2054 2502 2198 2543 ἀφίησιν·

1184 2544 1257 2575 αὐτὸ
1273 2544 1330 2586 γὰρ
1351 2544 1386 2576 τὸ
1408 2545 1484 2585 μηδὲ
1498 2545 1587 2586 φάναι
1613 2547 1681 2588 περὶ
1708 2546 1802 2584 αὐτῆς
1823 2546 2007 2578 ἐνδείκνυται
2034 2548 2127 2586 αὐτῆς
2145 2550 2201 2587 τὴν

1183 2590 1356 2634 ἀπόῤῥητον
1377 2591 1486 2631 φύσιν·
1508 2593 1563 2630 τήν
1583 2593 1615 2624 δὲ
1631 2592 1732 2634 τρίτην
1753 2593 1850 2635 ἀρχὴν
1873 2593 1948 2634 μετὰ
1962 2593 2014 2630 τὰς
2029 2594 2084 2626 δύο
2099 2605 2201 2635 γεννη-

1185 2638 1272 2675 θῆναι
1303 2638 1339 2669 ἐκ
1359 2638 1493 2678 τούτων,
1519 2639 1627 2675 ὕδατος
1652 2640 1727 2680 φημὶ
1755 2641 1808 2671 καὶ
1829 2643 1884 2680 γῆς
1897 2648 1904 2655 ·
1934 2640 2083 2682 δράκοντα
2104 2642 2199 2682 εἶναι,

1184 2684 1314 2725 κεφαλὰς
1328 2684 1439 2726 ἔχοντα
1458 2686 1708 2728 προσπεφυκυίας
1725 2687 1836 2729 ταύρου
1848 2688 1900 2718 καὶ
1916 2687 2051 2726 λέοντος,
2067 2687 2098 2719 ἐν
2114 2689 2202 2729 μέσῳ

1184 2731 1217 2762 δὲ
1233 2732 1301 2762 θεοῦ
1316 2731 1483 2773 πρόσωπον
1493 2740 1500 2747 ·
1527 2732 1608 2773 ἔχειν
1624 2733 1657 2764 δὲ
1672 2734 1724 2764 καὶ
1740 2733 1789 2765 ἐπὶ
1808 2736 1868 2764 τῶν
1889 2733 1983 2774 ὤμων
2001 2733 2112 2776 πτερά·
2127 2735 2200 2766 ὠνο-

1185 2777 1298 2818 μάσθαι
1311 2778 1344 2810 δὲ
1354 2778 1462 2819 χθόνον
1474 2778 1594 2821 (χρόνον
1608 2778 1775 2811 Jabionski
1785 2779 1918 2812 Panthei
1930 2781 2106 2821 AEgyptior.
2121 2783 2157 2813 P.
2172 2784 2198 2822 1,

1184 2833 1216 2864 p.
1238 2824 1307 2864 191)
1322 2824 1473 2867 ἀγήρατον
1484 2835 1491 2842 ·
1508 2826 1597 2866 φύσιν
1613 2825 1708 2857 οὖσαν
1718 2835 1726 2842 ·
1745 2828 1799 2864 τήν
1818 2826 1912 2864 αὐτὴν
1926 2827 1979 2858 καὶ
1991 2826 2199 2869 Ἀδράστειαν,

1185 2871 1367 2911 ἀσώματον,
1391 2871 1614 2913 διοργωμένην,
1639 2872 1669 2903 ἐν
1688 2873 1778 2904 παντὶ
1793 2875 1837 2913 τῷ
1854 2872 1965 2914 κόσμῳ
1979 2876 2040 2904 τῶν
2062 2873 2200 2916 περάτων

1185 2917 1278 2948 αὐτοῦ
1294 2917 1503 2958 ἐφαπτομένην
1513 2927 1520 2934 ·
1536 2919 1649 2957 ταύτην
1661 2919 1747 2959 οἶμαι
1759 2919 1899 2959 λέγεσθαι
1915 2921 1969 2958 τὴν
1989 2919 2091 2962 τρίτην
2104 2921 2201 2963 ἀρχὴν
2237 2935 2240 2938 ·

1184 2963 1263 2994 κατὰ
1278 2965 1332 3001 τὴν
1349 2964 1456 2996 οὐσίαν
1475 2965 1615 2997 ἑστῶσαν
1625 2974 1632 2981 ·
1653 2966 1731 3003 πλὴν
1748 2966 1792 2997 ὅτι
1809 2966 2010 3007 ἀρσενόθηλυν
2025 2967 2119 3006 αὐτὴν
2131 2969 2201 3000 ὑπε-

1185 3010 1338 3047 στήσατο,
1353 3011 1427 3052 πρὸς
1446 3011 1567 3047 ἔνδειξιν
1592 3015 1645 3050 τῆς
1669 3011 1790 3043 πάντων
1809 3016 1985 3050 γεννητικῆς
2004 3013 2118 3050 αἰτίας.
2136 3015 2199 3047 Καὶ

1184 3056 1392 3097 ὑπολαμὸάνω
1416 3058 1472 3095 τὴν
1499 3058 1530 3088 ἐν
1548 3061 1613 3094 ταῖς
1635 3058 1802 3099 ῥαψῳδίαις
1825 3059 1979 3099 θεολογίαν
2002 3059 2129 3099 ἀφεῖσαν
2147 3061 2200 3096 τὰς

1185 3102 1239 3133 δύο
1251 3102 1373 3143 πρώτας
1384 3103 1478 3145 ἀρχὰς
1490 3127 1499 3142 ,
1517 3104 1593 3144 μετὰ
1608 3108 1660 3142 τῆς
1675 3107 1743 3144 μιᾶς
1755 3105 1814 3146 πρὸ
1828 3105 1889 3136 τῶν
1909 3106 1992 3136 δυοῖν
2015 3109 2069 3144 τῆς
2083 3107 2114 3137 ἐν
2125 3111 2198 3147 σιγῇ

1185 3149 1423 3190 παραδοθείσηςε
1440 3149 1501 3182 ἀπὸ
1517 3154 1570 3188 τῆς
1588 3150 1687 3192 τρίτης
1702 3151 1778 3190 μετὰ
1800 3151 1854 3188 τὰς
1869 3151 1939 3191 δύο,
1956 3151 2065 3189 ταύτης
2084 3152 2116 3184 ἐν
2129 3153 2200 3190 στή-

1186 3194 1299 3225 σασθαι
1315 3195 1369 3232 τὴν
1381 3194 1496 3236 ἀρχὴν,
1514 3197 1555 3231 ὡς
1571 3196 1692 3237 πρώτης
1717 3196 1807 3236 ῥητόν
1822 3208 1851 3228 τι
1876 3197 2006 3237 ἐχούσης
2021 3198 2073 3229 καὶ
2086 3197 2199 3239 σύμμε·

1185 3252 1254 3284 τρον
1275 3240 1348 3283 πρὸς
1360 3241 1528 3283 ἀνθρώπων
1541 3242 1646 3278 ἀκοάς.
1669 3242 1765 3278 Οὗτος
1789 3242 1846 3284 γὰρ
1867 3243 1904 3282 ἦν
1920 3244 1937 3274 ὁ
1952 3244 2153 3285 πολυτίμητος
2169 3245 2203 3276 ἐν

1186 3286 1285 3328 ἐκείνῃ
1302 3286 1407 3328 χρόνος
1422 3287 1572 3330 ἀγήραος,
1589 3289 1641 3319 καὶ
1655 3289 1770 3331 αἰθέρος
1785 3290 1837 3320 καὶ
1851 3289 1945 3330 χάους
1961 3290 2071 3332 πατὴρ.
2137 3289 2207 3323 Καὶ

1186 3333 1244 3371 ἤδη
1260 3335 1279 3371 ἡ
1296 3333 1434 3374 θεολογία
1448 3333 1641 3376 πρωτόγονον
1660 3334 1785 3375 ἀνυμνεῖ
1804 3337 1856 3367 καὶ
1881 3335 1941 3368 Δία
1958 3338 2062 3377 καλεῖ,
2078 3337 2203 3369 πάντων

1183 3379 1365 3422 διατάκτορα
1380 3381 1433 3412 καὶ
1456 3381 1528 3412 ὅλου
1547 3384 1602 3412 τοῦ
1623 3380 1755 3421 κόσμου.
