2320 3684
147 180 196 214 98
866 169 1186 210 PHERECYDIS
1213 171 1540 211 FRAGMENTA.

146 262 376 313 γεγενῆσθαι,
399 259 460 302 τὰς
478 258 508 296 δ’
527 257 562 302 ἐξ
579 256 760 310 ἁρπαγῆς,
776 255 884 300 ἄλλας
910 256 939 294 δ’
959 257 1000 294 ἐκ
1015 255 1174 308 νομίμων

148 319 287 371 γάμων.
306 317 369 363 Ἐξ
386 319 546 372 ἁρπαγῆς
564 315 627 367 μὲν
645 313 808 363 Ἑλένην,
833 314 1028 368 Ἀριάδνην,
1047 314 1176 354 Ἱππο-

150 377 257 424 λύτην
271 392 278 399 ·
313 376 372 415 καὶ
406 376 466 418 τὰς
495 371 688 427 Κερκύονος
719 372 778 411 καὶ
811 372 948 417 Σίνιδος
973 373 1174 428 θυγατέρας·

151 436 307 488 νομίμως
339 436 368 473 δ’
398 434 500 472 αὐτὸν
534 435 649 484 γῆμαι
682 430 892 478 Μελίὸοιαν,
920 431 983 479 τὴν
1028 432 1178 476 Αἴαντος

153 495 310 548 μητέρα,
335 499 485 545 γυναῖκα
498 507 506 516 ·
531 490 693 534 Ἡσίοδος
707 489 744 529 δέ
761 507 865 545 φησιν
885 490 944 529 καὶΙ
963 490 1096 539 Ἵππην
1117 491 1177 530 καὶ

154 554 304 605 Αἴγλην,
320 553 362 591 δι’
385 552 427 599 ἣν
445 551 504 589 καὶ
526 550 603 594 τοὺς
632 549 717 604 πρὸς
744 550 923 604 Ἀριάδνην
955 549 1076 604 ὅρκους
1103 567 1177 589 πα-

153 612 237 667 ρέὸη
250 641 258 656 ,
285 610 331 655 ὥς
349 626 435 665 φησι
455 610 621 664 Κέρκωψ.
634 608 837 662 Φερεκύδης
847 610 883 648 δὲ
896 609 1105 664 προστίθησι
1118 610 1177 648 καὶ

152 670 359 725 Φερέὸοιαν.

626 722 640 759 1
654 721 712 761 10.

205 782 341 819 Pollux
370 785 425 828 X,
465 783 538 819 128
554 796 561 818 :
584 780 768 833 Δρεπάνη,
800 781 861 819 καὶ
896 782 942 824 ὡς
975 779 1179 834 Φερεκύδης

152 839 336 891 ὠνόμασε,
353 839 508 893 κρώπιον
522 855 530 863 ·
556 839 636 892 περὶ
655 839 722 893 γὰρ
743 843 804 878 τοῦ
827 838 963 893 Κόδρου
983 838 1108 890 λέγων,
1126 838 1180 877 ὅτι

152 902 198 943 ὡς
218 899 274 937 ἐπὶ
304 898 543 953 φρυγανισμὸν
575 897 713 945 ἐξῆλθεν
739 900 774 938 ἐν
801 898 954 953 ἀγροίκῳ
985 901 1030 951 τῇ
1072 900 1178 950 σκευῇ

155 957 363 1010 βουλόμενος
377 959 508 1005 λαθεῖν,
532 958 636 1010 φησὶν
657 957 711 996 ὅτι
726 960 776 1011 τῷ
796 957 940 1012 κρωπίῳ
956 957 1035 996 τινὰ
1051 956 1180 1001 παίσας

153 1033 346 1056 απεκτεινε.

629 1071 643 1107 l
656 1071 670 1108 l
682 1070 713 1108 l.

208 1130 347 1168 Strabo
357 1133 464 1174 XIV,
482 1144 517 1181 p.
529 1131 620 1179 632,
632 1131 660 1168 C
675 1143 683 1166 ε
698 1128 840 1176 Ταύτης
850 1129 925 1181 (τ’ἥς
939 1128 1096 1174 Ἰωνικῆς
1106 1142 1179 1165 πα-

157 1188 291 1242 ραλίας)
307 1188 393 1243 φησὶ
416 1187 620 1241 Φερεκύδης
640 1187 799 1234 Μίλητον
818 1186 896 1239 μὲν,
918 1186 977 1225 καὶ
992 1188 1180 1232 Μυοῦντα,

154 1247 213 1285 καὶ
238 1247 281 1286 τὰ
297 1247 376 1301 περὶ
393 1247 566 1294 Μυκάλην
584 1246 643 1285 καὶ
662 1246 831 1300 ῗΕφεσον,
847 1248 968 1299 Κᾶρας
987 1244 1079 1297 ἔχειν
1096 1242 1184 1296 πρό-

155 1322 272 1360 τερον·
295 1305 359 1354 τὴν
390 1306 419 1344 δ’
447 1305 524 1353 ἑξῆς
549 1305 725 1358 παραλίαν
758 1305 864 1358 μέχρι
899 1303 1090 1351 Φωκαίας,
1125 1302 1184 1340 καὶ

156 1365 265 1412 Χίου,
286 1365 344 1403 καὶ
372 1365 518 1417 Σάμου,
539 1360 582 1412 ἧς
605 1364 768 1415 Ἀγκαῖος
794 1358 904 1416 ἦρχε,
924 1361 1099 1413 Λέλεγας·
1123 1362 1185 1399 ἐκ-

158 1423 329 1471 ὅληθῆναι
350 1424 379 1462 δ’
405 1423 621 1475 ἀμφοτέρους
639 1422 706 1461 ὑπὸ
722 1424 791 1460 τῶν
813 1421 955 1467 Ἰώνων,
982 1420 1043 1459 καὶ
1068 1421 1115 1463 εἷς
1142 1418 1187 1457 τὰ

156 1482 264 1521 λοιπὰ
297 1482 386 1535 μέρη
417 1485 476 1529 τ’ῆς
505 1481 639 1534 Καρίας
674 1483 846 1520 ἐκπεσεῖν.
867 1479 988 1534 Ἄρξαι
1013 1479 1050 1518 δέ
1080 1495 1185 1533 φησιν

158 1541 366 1596 Ἄνδροκλον
395 1545 457 1588 τῆς
484 1543 553 1579 τῶν
578 1539 707 1579 Ἰώνων
740 1538 919 1588 ἀποικίας,
949 1538 1091 1593 ὕστερον
1125 1541 1187 1585 τῆς

159 1602 345 1648 Αἰολικῆς,
361 1600 433 1638 υἱὸν
450 1599 593 1651 γνήσιον
611 1598 748 1652 Κόδρου
761 1603 821 1638 τοῦ
842 1597 1011 1651 βασιλέως
1021 1598 1185 1645 Ἀθηνῶν·

158 1660 318 1712 γενέσθαι
333 1662 453 1697 τοῦτον
475 1658 629 1713 Ἐφέσου
651 1658 812 1705 κτίστην.

631 1719 646 1754 l
660 1717 717 1755 12.

212 1777 442 1815 Scholiastes
450 1777 489 1814 in
503 1777 699 1814 Platonem
711 1788 747 1826 p.
765 1776 840 1813 335
859 1775 918 1813 ed.
930 1775 1045 1814 Bekk.
1060 1790 1067 1812 :
1080 1774 1187 1828 Παρὰ

160 1835 196 1874 δὲ
214 1835 398 1890 Φερεκύδῃ
414 1834 473 1873 καὶ
489 1833 643 1885 τοῦνομα
662 1836 725 1880 τῆς
739 1833 896 1879 Ἰωνικῆς
919 1832 1071 1881 πόλεως,
1095 1832 1187 1885 λέγω

160 1893 195 1933 δὲ
211 1897 273 1941 τῆς
287 1894 369 1933 Τέω
381 1923 391 1941 ,
414 1893 573 1944 κείμενον
591 1887 703 1946 εῧρον,
724 1891 799 1931 ὅθεν
817 1886 859 1939 ἦν
878 1891 1071 1945 Ἀνακρέων
1094 1894 1112 1930 ὁ
1126 1907 1188 1943 με-

159 1953 315 2002 λοποιὸς,
335 1952 404 1991 ἀπὸ
421 1956 482 1990 τοῦ
498 1951 595 1995 τέως.
616 1950 662 1991 Ὁ
678 1949 744 2004 γὰρ
759 1951 930 2002 Ἀθάμας,
951 1951 1071 2004 φησὶν,
1099 1953 1188 1989 ἀνα-

159 2014 284 2066 χωρῶν
320 2013 360 2050 ἐκ
383 2013 446 2058 τῆς
461 2010 597 2064 χώρας,
623 2009 733 2064 εὑρὼν
761 2008 886 2064 Ἄρεαν
918 2009 982 2057 τὴν
1017 2009 1188 2063 θυγατέρα

161 2071 354 2125 ἀθύρουσαν
389 2069 450 2108 καὶ
469 2070 583 2113 λίθους
603 2072 848 2124 συμφοροῦσαν
869 2068 947 2112 τοὺς
959 2073 1018 2108 νῦν
1035 2069 1135 2113 ὄντας
1152 2071 1187 2108 ἐν

160 2225 231 2248 esse
245 2239 253 2255 ,
278 2215 356 2247 alias
375 2218 469 2256 raptu
481 2239 490 2255 ,
512 2215 590 2247 alias
610 2224 687 2247 vero
706 2215 855 2255 legitimis
878 2214 1010 2255 nuptiis.
1026 2217 1076 2246 Ex
1097 2216 1191 2256 raptu

163 2262 294 2302 quidem
308 2260 476 2301 Helenam,
491 2262 663 2301 Ariadnen,
684 2262 893 2302 Hippolytam
909 2263 941 2294 et
963 2261 1137 2302 Cercyonis
1157 2263 1188 2292 et

163 2309 282 2342 Sinidis
292 2309 374 2340 filias
391 2319 398 2340 :
413 2309 556 2350 legitimo
569 2318 647 2341 vero
661 2309 867 2340 matrimonio
881 2318 955 2340 eum
972 2309 1123 2340 habuisse
1131 2311 1191 2340 Me-

161 2356 293 2388 liboeam
308 2379 317 2395 ‚
343 2355 450 2396 Ajacis
475 2358 618 2388 matrem.
636 2358 755 2388 Praeter
777 2356 835 2387 has
865 2355 1026 2388 Hesiodus
1044 2355 1192 2386 nominat

163 2403 289 2444 Hippen
305 2403 338 2434 et
359 2402 482 2442 AEglam
494 2426 502 2441 ‚
519 2404 650 2444 propter
672 2412 770 2443 quam
787 2403 1015 2443 jusjurandum
1043 2401 1191 2434 Ariadnae

163 2452 278 2484 datum
296 2458 360 2481 uon
378 2449 540 2488 servavit,
568 2451 603 2480 ut
622 2449 700 2480 dicit
716 2452 868 2490 CercopS.
902 2449 971 2481 Illis
989 2458 1066 2481 vero
1079 2449 1191 2480 Phere-

162 2497 259 2538 cydes
278 2494 368 2528 addit
386 2495 595 2527 Phereboeam
610 2503 751 2535 quoque.

205 2597 377 2638 Bipalium,
393 2598 425 2628 et
438 2595 615 2636 pastinum,
630 2594 810 2626 secundum
825 2594 1062 2635 Pherecydem:
1078 2593 1117 2625 de
1133 2595 1192 2625 co-

163 2645 221 2677 dro
237 2645 324 2676 enim
341 2644 478 2684 loquens
493 2667 502 2682 ,
521 2642 610 2682 quod
635 2642 729 2683 quasi
761 2641 801 2673 ad
827 2643 989 2673 sarmenta
1017 2641 1192 2681 colligenda

164 2692 303 2724 exiverit
315 2691 439 2723 rustico
453 2689 576 2728 habitu,
593 2698 635 2721 ne
651 2691 890 2730 agnosceretur,
909 2688 989 2720 dicit
1003 2697 1076 2720 eum
1093 2689 1191 2729 pasti-

164 2749 207 2771 no
222 2737 383 2780 quendam
397 2745 590 2779 percussum
603 2736 814 2769 interemisse.

631 2790 718 2823 111.

206 2844 326 2876 Deliae
342 2843 454 2884 (Ioniae
469 2845 560 2884 parte
582 2841 758 2882 maritima)
774 2841 924 2873 Miletum
936 2864 945 2880 ,
959 2839 1145 2880 Myuntem,
1162 2841 1193 2870 et

166 2899 238 2930 quae
255 2892 332 2923 sunt
345 2891 430 2922 circa
447 2890 592 2931 Mycalen
607 2890 702 2930 atque
718 2889 882 2930 Ephesum
895 2888 978 2926 loca,
997 2886 1193 2926 Pherecydes

168 2937 279 2969 scribit
301 2940 399 2970 Cares
415 2937 582 2978 quondam
595 2937 751 2975 tenuisse,
770 2935 927 2976 reliquam
943 2942 1048 2974 usque
1062 2933 1103 2965 ad
1116 2933 1193 2964 Pho-

167 2992 278 3022 caeam,
295 2985 412 3016 Chium
429 2985 461 3016 et
483 2986 614 3015 Samum
630 2991 732 3022 oram,
748 2982 802 3014 cui
818 2986 956 3013 Ancaeus
977 2979 1118 3021 praefuit,
1137 2980 1193 3010 Le-

167 3030 252 3069 leges
268 3039 274 3061 :
287 3032 443 3071 utrosque
450 3033 558 3063 autem
571 3031 611 3062 ab
623 3030 755 3062 Ionibus
768 3029 887 3070 ejectos
897 3028 931 3059 in
941 3027 1080 3068 reliquas
1090 3027 1193 3058 Cariae

168 3078 276 3117 partes
290 3077 496 3117 demigrasse.
515 3079 636 3109 Ducem
653 3077 789 3109 coloniae
819 3078 936 3108 Ionum
954 3075 1000 3106 ait
1015 3074 1116 3106 fuisse
1131 3075 1193 3105 An-

170 3123 327 3162 droclum,
346 3124 442 3155 Codri
455 3125 702 3156 Atheniensium
715 3124 799 3164 regis
811 3122 912 3154 filium
925 3121 1120 3162 legitimum:
1138 3120 1193 3160 qui

170 3178 241 3202 eam
254 3172 327 3210 post
340 3170 495 3202 AEolicam
509 3171 698 3210 deduxerit,
715 3171 946 3211 Ephesumque
958 3167 1149 3200 condiderit.

642 3225 657 3256 1
719 3247 727 3255 .

212 3275 366 3306 Athamas
378 3283 418 3305 ex
431 3275 533 3315 patria
546 3225 714 3307 ἀίεοεᾶρῙῐιΞ
729 3278 843 3307 Aream
861 3275 959 3306 filiam
971 3273 1135 3305 ludentem
1148 3272 1192 3302 in-

170 3322 259 3353 venit
271 3323 303 3353 et
325 3321 447 3362 lapides
465 3322 664 3362 colligentem
675 3346 683 3361 ‚
705 3323 761 3362 qui
778 3330 865 3353 nunc
878 3322 933 3353 Tei
951 3322 1038 3352 sunt.
1056 3322 1192 3352 Interro-

171 3370 224 3408 gat
248 3377 318 3401 eam
337 3378 344 3400 z
365 3381 381 3396 «
404 3369 491 3406 Quid
509 3370 547 3400 tu
564 3369 659 3409 sacis
672 3373 690 3400 ,³
705 3381 720 3397 n
748 3369 932 3409 Respondet
957 3367 1033 3399 illa:
1051 3369 1138 3399 Dum
1156 3367 1193 3397 tu

1235 257 1336 310 Τέῳ,
1358 258 1462 312 ἤρετο
1479 258 1623 307 ταύτην,
1637 258 1671 297 τί
1688 265 1816 307 ποιεῖς;
1847 259 1892 299 Ἥ
1917 260 1953 299 δὲ
1980 255 2073 300 εἷπε·
2098 260 2199 307 Τέως
2216 263 2260 303 σὺ

1235 314 1383 365 ἐζήτεις,
1403 316 1461 356 ἵνα
1478 316 1578 355 πόλιν
1593 317 1714 370 κτίσῃς
1728 349 1738 367 ,
1753 313 1862 371 εῧρον.
1879 319 1954 373 Ἀφ’
1971 315 2011 358 οῧ
2028 322 2258 374 ἀνακινηθεὶς,

1235 374 1298 422 τὴν
1314 375 1415 415 πόλιν
1433 376 1595 428 ὠνόμασε
1609 379 1642 416 T
1645 376 1704 416 έω.

1291 511 1410 549 Clem.
1438 513 1543 550 Alex.
1576 515 1714 551 Strom.
1738 516 1782 557 V,
1802 526 1838 563 p.
1861 513 1932 560 567
1956 516 2046 551 C.D
2063 513 2183 553 εΦασὶ
2202 514 2262 554 καὶ

1238 568 1459 623 Ἰδανθούραν
1479 570 1537 608 τὸν
1559 572 1704 609 Σκυθῶν
1734 569 1900 622 βασιλέα,
1923 572 1969 614 ὡς
1995 573 2124 626 ἱστορεῖ
2147 574 2264 626 Φερε-

1238 626 1345 676 κύδης
1363 631 1382 666 ὁ
1399 628 1544 682 Σύριος,
1569 629 1707 682 Δαρείῳ
1729 629 1889 668 διαὸάντι
1902 630 1961 668 τὸν
1981 629 2133 684 Ἴστρον,
2155 631 2264 670 πόλε-

1240 701 1304 738 μον
1325 689 1532 726 ἀπειλοῦντα
1549 688 1688 743 πέμψαι
1711 688 1886 740 σύμὸολον
1907 689 1982 728 ἀντὶ
1999 692 2069 729 τῶν
2094 690 2266 744 γραμμά-

1238 761 1322 794 των,
1341 749 1421 797 μῦν,
1435 746 1624 800 βάτραχον,
1639 747 1777 801 ὄρνιθα,
1795 747 1926 798 ὀϊστὸν,
1938 748 2095 803 ἄροτρον.
2107 749 2267 804 Ἀπορίας

1239 803 1276 842 δὲ
1296 803 1419 854 οὔσης,
1439 804 1512 848 οἵας
1535 805 1643 855 εἰκὸς,
1668 806 1725 844 ἐπὶ
1746 807 1895 856 τούτοις,
1919 808 2180 861 Ὀροντοπάγας
2202 806 2266 859 μὲν

1239 866 1257 902 ὃ
1279 864 1463 917 χιλίαρχος
1488 864 1617 917 ἔλεγεν,
1638 865 1860 919 παραδώσειν
1887 866 2011 910 αὐτοὺς
2042 866 2105 915 τὴν
2135 866 2266 921 ἀρχήν·

1239 922 1514 976 τεκμαιρόμενος
1534 923 1604 962 ἀπὸ
1625 923 1687 975 μὲν
1707 928 1768 963 τοῦ
1794 925 1897 976 μυὸς,
1921 924 1983 970 τὰς
2008 925 2178 974 οἰκήσεις·
2198 925 2268 964 ἀπὸ

1241 980 1276 1020 δὲ
1307 986 1368 1020 τοῦ
1399 981 1599 1036 βατράχου,
1624 981 1669 1021 τὰ
1699 982 1825 1022 ὕδατα·
1850 983 1909 1022 τὸν
1933 984 2019 1038 ἀέρα
2045 1001 2084 1023 τε
2111 984 2181 1023 ἀπὸ
2207 987 2270 1031 τῆς

1239 1040 1386 1093 ὄρνιθος·
1421 1040 1481 1079 καὶ
1504 1040 1575 1079 ἀπὸ
1602 1044 1663 1079 τοῦ
1697 1043 1836 1089 ὀϊστοῦ,
1855 1041 1898 1081 τὰ
1926 1042 2020 1081 ὅπλα
2034 1059 2042 1068 ·
2063 1043 2135 1082 ἀπὸ
2154 1042 2190 1081 δὲ
2209 1046 2270 1081 τοῦ

1242 1099 1389 1153 ἀρότρου
1401 1129 1411 1145 ,
1428 1098 1492 1147 τὴν
1510 1099 1642 1154 χώραν.
1671 1100 1848 1156 Ξιφόδρης
1867 1101 1903 1141 δὲ
1920 1101 2071 1153 ἔμπαλιν
2096 1101 2271 1155 ἡρμήνευ-

1243 1175 1322 1197 σεν·
1349 1158 1479 1212 ἔφασκε
1507 1158 1598 1214 γὰρ,
1623 1158 1682 1198 ἐὰν
1709 1161 1759 1212 μὴ
1784 1164 1830 1205 ὡς
1861 1162 1990 1216 ὄρνιθες
2007 1165 2230 1214 ἀναπτῶμεν,
2246 1161 2270 1208 ἢ

1242 1219 1290 1261 ὡς
1314 1217 1396 1268 μύες
1411 1216 1502 1256 κατὰ
1516 1220 1579 1264 τῆς
1594 1221 1683 1270 γῆς,
1704 1218 1727 1266 ἢ
1748 1222 1795 1263 ὡς
1814 1222 1846 1259 οἵ
1873 1220 2046 1274 βάτραχοι
2058 1221 2136 1260 καθ’
2149 1220 2272 1263 ὕδατος

1245 1275 1395 1326 δύωμεν,
1417 1277 1480 1313 οὐκ
1500 1274 1541 1313 ἂν
1561 1276 1728 1330 φύγοιμεν
1751 1277 1796 1316 τὰ
1819 1278 1959 1317 ἐκείνων
1989 1278 2095 1331 βέλη·
2122 1282 2184 1326 τῆς
2202 1278 2272 1332 γὰρ

1243 1333 1363 1388 χώρας
1380 1336 1442 1372 οὐκ
1473 1334 1578 1386 ἐσμὲν
1611 1334 1737 1389 κύριοι.
1759 1336 1969 1391 Ἀνάχαρσίν
1993 1354 2032 1377 τε
2056 1337 2114 1377 τὸν
2133 1337 2272 1385 Σκύθην

1245 1393 1331 1447 φησὶ
1362 1393 1422 1432 καὶ
1447 1392 1550 1432 αὐτὸν
1578 1393 1797 1446 κοιμώμενον
1817 1395 1994 1449 κατέχειν,
2013 1399 2057 1448 τῇ
2082 1395 2144 1449 μὲν
2167 1398 2272 1451 λαιᾷ,

1245 1451 1289 1491 τὰ
1312 1453 1446 1490 αἰδοῖα·
1467 1455 1511 1505 τῇ
1532 1451 1625 1507 δεξιᾷ
1646 1451 1703 1500 δὲ,
1720 1453 1760 1492 τὸ
1778 1453 1909 1506 στόμα·
1937 1455 2182 1508 αἰνιττόμενον,
2204 1457 2273 1495 δεῖν

1248 1511 1310 1563 μὲν
1332 1513 1474 1565 ἀμφοῖν,
1503 1513 1619 1562 μεῖζον
1640 1511 1676 1549 δὲ
1696 1505 1783 1552 εἶναι
1810 1513 1968 1564 γλώττης
1991 1521 2129 1568 κρατεῖν
2145 1514 2169 1562 ἢ
2188 1515 2272 1563 ἡδο-

1246 1574 1317 1618 νῆς.
1337 1574 1410 1608 Pro
1430 1573 1448 1608 ὁ
1467 1569 1592 1624 Σύριος
1611 1571 1814 1622 legendum
1828 1587 1910 1611 esse
1934 1576 1953 1612 ὁ
1975 1572 2095 1628 Λέριος
2136 1582 2275 1626 putant

1246 1631 1404 1669 Vossius
1418 1658 1428 1676 ,
1446 1630 1689 1681 Wessehng„
1707 1634 1831 1669 Sturz.

1647 1727 1863 1743 <Dm

1375 1794 1696 1834 FRAGMENTA
1724 1792 1869 1833 SEDIS
1897 1788 2145 1830 INCERTAE.

1719 1883 1731 1919 l
1746 1882 1804 1924 14.

1300 1951 1465 2002 Etymol.
1481 1955 1530 1990 M.
1551 1950 1739 2003 ;Ἄρυπες,
1765 1947 1992 2002 Φερεκύδης,
2017 1946 2093 1984 ἀντὶ
2117 1950 2178 1984 τοῦ
2193 1945 2276 1985 Ῥύ-

1247 2025 1320 2053 πες.
1339 2009 1523 2062 Πρόδηλον
1543 2009 1583 2047 τὸ
1611 2007 1806 2062 εἰρημένον.
1826 2007 1954 2050 Ῥύπες
1974 2005 2042 2059 γὰρ
2062 2004 2223 2057 λέγονται
2242 2005 2275 2043 οἱ

1248 2068 1393 2121 Ἀχαιοί.
1420 2067 1522 2107 Κατὰ
1539 2066 1759 2118 πλεονασμὸν
1773 2070 1834 2104 τοῦ
1849 2082 1871 2104 α
1882 2097 1891 2114 ,
1905 2065 1943 2104 Ἄ
1950 2080 2066 2119 ρυπες.

1247 2214 1425 2255 quaerebas,
1439 2213 1495 2246 ubi
1508 2213 1620 2245 urbem
1637 2212 1803 2251 conderes,
1819 2220 1878 2252 ego
1891 2210 2010 2244 inveni.
2026 2210 2153 2248 Quibus
2170 2209 2276 2244 verbis

1246 2263 1430 2294 commotus
1445 2261 1559 2293 urbem
1575 2260 1748 2302 appellavit
1765 2262 1878 2292 Teum.

1290 2373 1388 2405 Aiunt
1402 2372 1532 2413 quidem
1547 2375 1632 2404 certe
1649 2372 1860 2403 Idanthuram
1876 2378 2006 2411 quoque
2022 2369 2210 2409 Scytharum
2229 2378 2274 2400 re-

1247 2430 1330 2460 gem,
1347 2423 1383 2452 ut
1399 2420 1495 2452 refert
1511 2419 1709 2460 Pherecydes
1725 2418 1835 2459 Syrius
1845 2442 1854 2458 ,
1873 2417 1972 2449 Dario
1986 2416 2043 2456 qui
2059 2416 2177 2448 Istrum
2187 2417 2276 2456 traje-

1247 2470 1354 2508 cerat,
1373 2467 1495 2499 bellum
1511 2468 1710 2506 minantem,
1730 2465 1921 2506 symbolum
1937 2463 2063 2495 misisse
2078 2471 2136 2503 pro
2150 2462 2249 2494 literis
2263 2487 2272 2503 ‚

1247 2524 1384 2555 murem,
1398 2523 1519 2554 ranam,
1534 2523 1638 2554 avem,
1653 2513 1808 2554 jaculum,
1822 2514 1974 2544 aratrum.
1990 2512 2096 2547 Quum
2112 2511 2219 2542 autem
2234 2509 2274 2541 de

1247 2561 1311 2601 his,
1330 2564 1366 2593 ut
1383 2564 1450 2593 erat
1466 2564 1738 2600 consentaneum,
1757 2562 1869 2592 exorta
1885 2560 1970 2591 esset
1988 2557 2157 2596 dubitatio,
2173 2559 2274 2588 Oron-

1247 2610 1379 2650 topagas
1406 2610 1538 2650 quidem
1553 2609 1704 2640 tribunus
1718 2608 1869 2646 militum,
1887 2605 2014 2638 dicebat
2030 2613 2086 2636 eos
2098 2603 2274 2635 tradituros

1247 2656 1418 2697 imperium
1432 2680 1440 2695 ,
1458 2657 1642 2697 conjectans
1661 2664 1701 2687 ex
1717 2663 1809 2686 mure
1825 2653 1958 2694 quidem
1971 2651 2184 2683 habitationes
2202 2661 2212 2691 ;
2231 2659 2273 2682 ex

1249 2713 1325 2735 rana
1341 2706 1448 2735 autem
1463 2728 1472 2743 ‚
1491 2711 1592 2744 aquas
1609 2713 1617 2742 ;
1635 2711 1675 2734 ex
1697 2711 1757 2733 ave
1779 2710 1872 2740 vero,
1891 2707 1997 2732 aerem
2014 2709 2024 2738 ;
2039 2707 2080 2730 ex
2097 2696 2204 2738 Jaculo
2218 2705 2272 2728 au·
2299 2719 2302 2721 v

1251 2754 1326 2792 tem,
1344 2760 1456 2790 arma;
1479 2760 1517 2783 ex
1535 2753 1642 2782 aratro
1657 2759 1747 2790 vero,
1764 2750 1936 2790 regionem.
1961 2747 2142 2788 Xiphodres
2163 2748 2271 2778 autem

1248 2802 1359 2830 contra
1375 2801 1423 2830 est
1439 2799 1677 2838 interpretatus.
1692 2797 1826 2829 Dicebat
1833 2796 1918 2828 enim
1931 2794 2017 2826 :Nisi
2030 2795 2185 2834 tanquam
2195 2801 2272 2825 aves

1248 2848 1501 2886 evolaverimus,
1515 2849 1571 2878 aut
1589 2849 1747 2886 tanquam
1769 2854 1879 2877 mures
1897 2847 2028 2883 terram,
2046 2842 2098 2874 vel
2117 2844 2272 2882 tanquam

1249 2904 1337 2927 ranae
1350 2903 1467 2935 aquam
1494 2893 1707 2932 subierimus,
1725 2893 1854 2924 illorum
1877 2891 1940 2923 tela
1958 2899 2023 2922 non
2043 2889 2238 2929 effugiemus
2261 2897 2270 2918 :

1249 2951 1312 2974 non
1330 2950 1444 2974 sumus
1455 2941 1540 2973 enim
1552 2940 1671 2972 domini
1684 2940 1832 2980 regionis.
1848 2937 2047 2970 Anacharsin
2062 2943 2192 2976 quoque
2199 2936 2271 2975 Scy-

1248 2991 1339 3023 tham
1357 2989 1433 3021 dicit
1449 2988 1661 3020 dormientem
1673 3009 1681 3025 ‚
1703 2987 1834 3018 sinistra
1850 2985 1980 3026 quidem
2003 2982 2203 3015 continuisse
2215 2990 2271 3022 pu-

1248 3039 1372 3076 denda,
1385 3046 1422 3068 os
1438 3038 1546 3068 autem
1559 3034 1705 3073 dextera,
1723 3033 1956 3074 significantem
1971 3031 2119 3071 oportere
2139 3028 2271 3069 quidem

1248 3087 1438 3125 utrumque,
1455 3082 1513 3115 sed
1529 3081 1633 3122 majus
1652 3089 1739 3120 esse,
1758 3080 1902 3120 linguam
1917 3077 2064 3109 cohibere
2075 3098 2084 3115 ,
2099 3083 2198 3116 quam
2213 3083 2271 3106 vo-

1249 3134 1417 3174 luptatem.

1656 3191 1849 3205 ‘m‘—

1371 3231 1691 3274 FRAGMENTA
1727 3226 1867 3267 SEDIS
1894 3223 2145 3264 INCERTAE.

1293 3365 1420 3403 Arypes
1436 3371 1493 3403 pro
1512 3361 1643 3402 Rhypes
1659 3360 1692 3400 (i.
1708 3307 1875 3397 &gc-linei)
1891 3355 1972 3387 dicit
1986 3350 2194 3392 Pherecydes.
