2320 3684
161 223 239 257 352

160 302 304 350 θέσθαι,
323 299 408 354 πρὸς
427 298 463 337 δὲ
481 299 540 338 τὸν
565 297 768 350 Ἀντίγονον,
795 297 824 356 ej
852 294 956 347 μόνον
975 295 1184 349 τριακοσίων

159 363 297 413 ὑπῆρχε
315 358 445 412 κύριος,
466 357 524 395 καὶ
550 357 627 395 λίαν
657 355 773 400 ἱκανὸς
800 357 842 402 ἠν
862 355 1027 407 ἀσφαλῶς
1046 354 1183 406 ὑπομέ-

159 434 227 457 νων
245 417 375 472 τρίὸειν
394 416 453 455 τὸν
470 414 635 466 πόλεμον.

643 473 705 510 55.

210 538 310 574 Plut.
333 535 419 573 Vita
449 534 592 572 Cleom.
620 532 641 568 5
662 547 671 570 ε
697 532 743 570 Οἱ
763 531 792 568 δ’
818 529 1029 585 ἀνῃρηκότες
1056 529 1186 585 πρότε-

160 611 216 648 ρον
233 594 291 632 τὸν
315 587 426 644 Ἆγιν,
446 590 645 642 αἰσθόμενοι
670 595 772 629 τοῦτο
803 590 863 629 καὶ
893 589 1100 644 φοὸηθέντες
1135 588 1184 641 μὴ

160 654 258 700 δίκην
288 653 374 691 δῶσι
404 654 466 690 τοῦ
504 649 719 703 Ἀρχιδάμου
754 649 996 698 κατελθόντος,
1028 648 1186 694 ἐδέξαντο

160 710 222 763 μὲν
251 710 354 749 αὐτὸν
378 711 424 754 εἷς
448 708 512 756 τὴν
529 709 630 747 πόλιν
661 707 943 762 παραγενόμενον
970 706 1098 762 κρύφα,
1125 707 1186 745 καὶ

159 771 391 820 συγκατῆγον,
425 766 523 811 εὐθὺς
554 767 583 804 δ’
614 767 842 806 ἀπέκτειναν·
875 766 938 805 εἴτ’
962 766 1106 809 ἄκοντος
1125 770 1186 804 τοῦ

160 826 392 878 Κλεομένους,
417 828 463 870 ὡς
492 825 602 864 οἴεται
637 825 850 880 Φύλαρχος,
886 825 955 864 εἴτε
988 824 1187 868 πεισθέντος

159 886 226 924 ὑπὸ
245 888 314 924 τῶν
344 885 453 938 φίλων
481 884 540 923 καὶ
561 883 755 939 προεμένου
773 884 831 923 τὸν
853 884 1032 939 ἄνθρωπον
1058 885 1186 928 αὐτοῖς.

159 947 234 991 Τῆς
264 943 332 997 γὰρ
363 943 476 988 αἰτίας
505 943 546 982 τὸ
575 945 738 982 πλεῖστον
759 943 814 982 ἐπ’
841 943 990 988 ἐκείνους
1008 937 1105 992 ἦλθε,
1127 944 1188 994 βε-

160 1005 304 1044 ὅιάσθαι
322 1004 381 1044 τὸν
402 1003 605 1056 Κλεομένην
623 1005 820 1049 δοκοῦντας.

646 1069 710 1109 56.

211 1134 440 1172 Plutarchus
467 1134 493 1172 1.
524 1134 548 1173 1.
578 1134 627 1172 28
650 1149 659 1172 :
681 1132 873 1188 Φύλαρχος
906 1146 943 1171 οε
969 1133 1029 1171 καὶ
1054 1134 1187 1187 προδο-

161 1192 239 1231 σίαν
269 1192 431 1245 γενέσθαι
454 1192 540 1247 φησὶ
563 1191 628 1239 τὴν
657 1192 814 1244 μάλιστα
844 1195 894 1245 τῷ
925 1191 1117 1243 Κλεομένει
1142 1191 1188 1230 τὰ

159 1251 352 1305 πράγματα
372 1250 663 1304 διεργασαμένην.
695 1254 769 1291 Τοῦ
797 1250 865 1305 γὰρ
889 1250 1084 1302 Ἀντιγόνου
1111 1249 1190 1294 τοὺς

161 1310 350 1364 Ἰλλυριοὺς
376 1310 435 1348 καὶ
467 1309 546 1354 τοὺς
563 1310 775 1364 Ἀκαρνᾶνας
810 1311 1041 1363 ἐκπεριελθεῖν
1074 1308 1190 1369 κρύφα

159 1368 386 1412 κελεύσαντος
405 1368 465 1407 καὶ
487 1367 735 1406 κυκλώσασθαι
756 1369 897 1422 θάτερον
924 1367 1048 1422 κέρας,
1070 1368 1122 1420 ἐφ’
1150 1371 1189 1406 οὗ

159 1426 370 1478 τεταγμένος
388 1421 430 1474 ἦν
465 1427 658 1471 Εὐκλείδας
676 1430 694 1465 ὃ
710 1431 770 1465 τοῦ
787 1425 1016 1477 Κλεωμένους
1032 1425 1188 1479 ἀδελφὸς,

161 1479 237 1522 εἶτα
256 1484 319 1532 τὴν
343 1484 452 1532 ἄλλην
473 1485 531 1523 ἐπὶ
556 1484 654 1537 μάχῃ
681 1484 828 1536 δύναμιν
856 1485 1097 1528 ἐκτάττοντος·
1118 1483 1188 1523 ἀπὸ

160 1547 294 1591 σκοπῆς
313 1546 449 1597 θεωρῶν
471 1547 489 1582 ὃ
513 1543 735 1594 Κλεομένης,
763 1546 810 1587 ὡς
839 1544 992 1595 οὐδαμοῦ
1021 1542 1067 1582 τὰ
1097 1542 1190 1581 ὅπλα

159 1604 228 1639 τῶν
248 1602 426 1657 Ἰλλυριῶν
442 1602 500 1640 καὶ
518 1604 587 1641 τῶν
607 1601 828 1656 Ἀκαρνάνων
846 1603 1014 1650 κατεῖδεν,
1034 1602 1188 1655 ἕφοὸήθη

161 1659 211 1711 μὴ
237 1659 322 1714 πρός
352 1677 387 1699 τι
414 1664 568 1700 τοιοῦτον
602 1662 717 1705 αὐτοῖς
746 1664 764 1700 ὁ
783 1661 975 1713 Ἀντίγονος
1006 1661 1189 1715 κέχρηται.

162 1718 325 1764 Καλέσας
354 1719 390 1757 δὲ
421 1719 630 1770 Δαμοτέλη,
652 1719 711 1759 τὸν
741 1719 798 1758 ἐπὶ
827 1723 890 1767 τ’ἧς
920 1720 1108 1774 κρυπτείας
1130 1735 1191 1758 τε-

159 1778 347 1829 ταγμένον,
367 1782 449 1832 ὁρᾷν
469 1777 606 1818 ἐκέλευε
630 1779 689 1817 καὶ
706 1781 819 1826 ζητεῖν
837 1779 930 1823 ὅπως
945 1778 1019 1832 ἔχει
1034 1778 1080 1818 τὰ
1098 1777 1190 1818 κατὰ

160 1836 271 1876 νώτου
291 1837 350 1875 καὶ
369 1837 489 1891 κύκλῳ
508 1841 569 1885 τῆς
589 1838 828 1892 παρατάξεως.
859 1841 933 1878 Τοῦ
957 1838 993 1876 δὲ
1025 1836 1191 1889 Δαμοτέ-

160 1897 241 1940 λους
274 1891 330 1948 (ἦν
359 1896 440 1950 γὰρ,
469 1899 516 1940 ὣς
543 1895 702 1948 λέγεται,
725 1896 891 1951 πρότερον
919 1896 1101 1951 χρήμασιν
1131 1897 1191 1934 ὑπ’

160 1953 355 2006 Ἀντιγόνου
373 1954 632 2010 διεφθαρμένος)
654 1957 794 2006 ἀμελεῖν
817 1955 956 1994 ἐκείνων
975 1954 1128 2000 εἰπόντος
1145 1957 1192 1999 ὡς

161 2014 278 2057 καλῶς
311 2013 486 2065 ἐχόντων,
523 2020 594 2058 τοῖς
625 2013 662 2052 δὲ
694 2014 928 2053 συνάπτουσιν
963 2014 998 2059 ἐξ
1033 2013 1191 2058 ἐναντίας

158 2070 346 2125 προσέχειν
365 2072 424 2110 καὶ
442 2072 581 2116 τούτους
604 2072 818 2125 ἀμύνεσθαι,
846 2072 1036 2116 πιστεύσας
1054 2072 1112 2111 ἐπὶ
1130 2072 1189 2111 τὸν

159 2175 323 2208 sumtibus
356 2185 509 2217 superare
542 2178 679 2218 poterat.
705 2177 755 2210 Ad
775 2177 898 2210 bellum
917 2186 995 2210 vero
1010 2186 1084 2209 cum
1108 2177 1195 2210 Anti·

158 2231 243 2264 gono
269 2222 358 2263 quod
383 2223 518 2263 attinet,
543 2224 571 2256 si
595 2225 648 2256 vel
673 2226 816 2257 trecenta
843 2224 1049 2257 solummodo
1073 2224 1195 2257 talenta

158 2272 321 2311 receperat
342 2270 532 2303 Cleomenes
545 2295 554 2311 ‚
579 2271 672 2304 facile
694 2272 740 2303 illi
766 2272 848 2308 fuit,
873 2272 942 2304 sine
963 2271 1028 2304 ullo
1050 2271 1193 2313 periculo

158 2316 285 2350 bellum.
298 2317 382 2350 illud
402 2318 562 2351 sustinere
584 2322 680 2360 atque
700 2319 840 2352 trahere.

643 2373 706 2406 55.

198 2425 321 2456 Verum
343 2423 400 2455 ubi
424 2427 594 2457 senserunt
615 2425 650 2456 id
670 2425 726 2466 qui
746 2425 828 2466 Agin
851 2426 926 2458 ante
946 2425 1190 2465 interfecerant,

159 2470 367 2503 formidantes
384 2480 425 2503 ne
443 2480 574 2504 reverso
591 2472 632 2504 ab
653 2473 750 2505 exilio
772 2473 967 2505 Archidamo
985 2472 1110 2505 luerent
1132 2482 1193 2514 ρω-

159 2526 237 2556 nas,
258 2521 451 2559 acceperunt
470 2519 563 2551 illum
583 2519 715 2560 quidem
732 2519 764 2551 in
788 2520 952 2552 civitatem
970 2520 1053 2552 clam
1077 2519 1194 2560 ingres·

159 2572 251 2603 sum,
267 2566 299 2595 et
313 2563 453 2596 reditum
474 2565 543 2605 ejizs
559 2565 753 2606 adJuverunt
770 2575 777 2597 :
799 2567 853 2599 sed
871 2566 946 2598 ilico
962 2567 1194 2600 interemerunt

158 2619 253 2651 eum,
283 2610 354 2642 sive
375 2610 480 2643 invito
511 2612 706 2653 Cleomene,
733 2615 770 2645 ut
790 2613 900 2655 opinio
922 2615 973 2645 est
999 2613 1191 2654 Phylarchi,

159 2658 229 2689 sive
252 2657 519 2698 persuadentibus
541 2661 675 2700 amicis,
700 2662 737 2692 ut
758 2660 956 2693 condonaret
977 2661 1056 2702 ipsis
1082 2661 1193 2693 Archi-

159 2702 305 2734 damum.
330 2704 411 2735 Nam
433 2705 555 2737 crimen
574 2706 716 2738 maxima
736 2715 778 2739 ex
799 2709 890 2748 parte
912 2706 945 2738 in
966 2707 1039 2740 illos
1058 2707 1190 2745 recidit,

160 2750 249 2791 quod
270 2750 339 2782 vim
355 2751 545 2785 adhibuisse
563 2753 770 2787 crederentur
788 2754 964 2788 Cleomeni.

644 2809 706 2841 56.

200 2857 421 2890 Proditionem
444 2867 574 2900 quoque
596 2860 642 2892 ait
668 2861 868 2902 Phylarchus
892 2860 1092 2901 adhibitam,
1120 2870 1194 2902 quae

159 2904 324 2937 Cleomeni
346 2906 552 2946 potissimum
576 2908 722 2942 intulerit
742 2909 879 2942 cladem.
904 2909 1069 2950 Siquidem
1091 2918 1194 2950 quum

160 2951 286 2992 Illyrios
301 2956 334 2985 et
350 2957 532 2987 Acarnanes
549 2955 632 2987 clam
648 2956 829 2997 Antigonus
845 2956 997 2995 circuire,
1013 2959 1046 2988 et
1061 2957 1195 2989 circum.

161 2996 294 3032 sundere
319 3000 455 3032 alterum
481 3011 581 3034 cornu
609 3003 697 3044 quod
721 3004 820 3036 frater
846 3003 1032 3036 Cleomenis
1056 3003 1195 3036 ducebat

161 3045 328 3085 Euclides,
361 3048 534 3086 jussisset,
560 3059 637 3082 mox
657 3054 779 3084 ceteras
795 3052 904 3092 copias
926 3051 964 3083 ad
988 3052 1136 3093 praelium
1151 3052 1196 3084 in-

162 3093 301 3124 strueret
324 3103 332 3124 :
360 3097 582 3137 contemplans
608 3107 646 3129 ex
672 3098 803 3139 specula
828 3098 1037 3135 Cleomenes.
1063 3101 1099 3130 ut
1124 3108 1196 3131 nus-

161 3146 260 3176 quam
281 3142 451 3180 conspexit
471 3143 654 3184 Illyriorum
676 3147 709 3176 et
722 3148 929 3177 Acarnanum
952 3146 1061 3187 signa,
1081 3145 1198 3177 metuit

162 3193 203 3216 ne
224 3195 287 3226 qua
306 3188 369 3220 illis
392 3190 571 3230 Antigonus
589 3192 629 3223 ad
646 3192 743 3224 talem
763 3192 946 3224 machinam
963 3196 1115 3226 uteretur.
1138 3195 1198 3225 Ac-

163 3230 265 3262 citum
286 3234 504 3275 Damotelem,
526 3238 581 3278 qui
600 3238 727 3271 insidiis
743 3238 898 3270 curandis
918 3240 1090 3279 praefectus
1107 3241 1195 3279 erat,

163 3278 421 3313 animadvertere
439 3283 536 3322 jussit
562 3287 593 3316 et
616 3286 774 3326 speculari
791 3285 867 3327 quid
884 3294 903 3317 a
923 3289 1013 3328 tergo
1028 3287 1110 3319 etin
1131 3295 1197 3319 am-

164 3324 234 3356 bitu
256 3326 333 3358 aciei
356 3332 510 3367 ageretur.
538 3333 646 3368 Quum
673 3333 856 3366 Damoteles
881 3333 1022 3376 (quippe
1043 3335 1130 3368 sama
1149 3337 1199 3366 est

163 3379 237 3403 eum
255 3373 389 3412 pecunia
406 3378 478 3406 ante
497 3376 537 3407 ab
556 3378 715 3417 Antigono
733 3379 935 3421 redemptum
953 3381 1075 3422 fuisse)
1101 3382 1198 3414 dixis-

164 3419 215 3451 set
238 3419 316 3451 nihil
338 3420 548 3454 laborandum
572 3424 611 3455 de
639 3425 720 3465 illis,
743 3436 816 3467 quae
839 3431 924 3461 recte
946 3429 1119 3471 haberent,
1142 3429 1196 3463 sed

885 210 1185 251 PnYLAncffl
1212 196 1543 252 FRAGMENTA.

1248 297 1439 350 Ἀντίγονον
1471 299 1614 354 ἐχώρει,
1653 299 1713 339 καὶ
1745 303 1789 354 τῇ
1822 300 1914 354 ῥύμῃ
1948 302 2018 340 τῶν
2049 302 2128 358 περὶ
2165 305 2269 350 αὑτὸν

1246 356 1480 410 Σπαρτιατῶν
1499 359 1680 411 ὠσάμενος
1695 358 1759 407 τὴν
1779 359 1944 414 φάλαγγα
1961 363 2031 399 τῶν
2055 363 2268 404 Μακεδόνων

1246 414 1304 453 ἐπὶ
1323 415 1429 455 πέντε
1457 433 1524 457 που
1545 418 1704 462 σταδίους
1733 418 2010 473 ὑποχωρούντων
2025 421 2269 474 ἐκὸιαζόμενος

1245 475 1305 514 καὶ
1325 479 1462 531 κρατῶν
1481 477 1729 524 ἠκολούθησεν.
1753 472 1844 517 Εἶτα
1862 480 1932 517 τῶν
1949 479 2029 533 περὶ
2049 478 2107 519 τὸν
2127 481 2274 521 Eone<-

1248 533 1310 572 δαν
1328 534 1397 573 ἀπὸ
1416 534 1562 590 θατέρου
1588 536 1858 586 κυκλωθέντων,
1879 537 2024 582 ἐπιστὰς
2042 538 2101 577 καὶ
2120 538 2271 579 κατιδὼν

1245 590 1304 630 τὸν
1324 592 1494 644 κίνδυνον,
1513 593 1609 648 Οἴχῃ
1631 611 1709 647 μοι,
1727 596 1873 650 φίλτατε
1894 597 2032 650 ἀδελφὲ,
2050 591 2159 648 εἶπεν,
2177 598 2271 654 οἴχῃ,

1245 658 1399 702 γενναῖος
1415 652 1463 692 ὢν
1482 654 1541 693 καὶ
1565 654 1667 693 παισὶ
1685 655 1836 703 ζηλωτὸς
1857 658 2090 710 Σπαρτιατῶν
2120 658 2179 697 καὶ
2206 674 2274 711 γυ-

1246 709 1353 755 ναιξὶν
1383 712 1552 764 ἀοίδιμος.
1582 713 1689 753 Οὕτω
1716 714 1752 754 δὲ
1779 718 1849 754 τῶν
1878 715 1958 770 περὶ
1988 716 2047 755 τὸν
2079 717 2274 758 Εὐκλείδαν

1248 770 1497 823 ἀναιρεθέντων
1514 772 1575 811 καὶ
1593 775 1663 812 τῶν
1684 775 1825 823 ἐκεῖθεν,
1844 777 1891 819 ὡς
1910 775 2088 828 ἐκράτουν,
2106 777 2273 831 ἐπιφερο-

1248 827 1376 881 μένων,
1393 830 1669 884 ταραττομένους
1685 835 1774 886 ὁρῶν
1793 832 1872 876 τοὺς
1893 833 2108 887 στρατιώτας
2127 835 2186 873 καὶ
2206 835 2275 888 μέ-

1247 905 1315 930 νειν
1346 888 1462 929 οὐκέτι
1480 891 1683 941 τολμῶντας
1707 890 1832 936 ἔσωζεν
1857 891 1992 931 ἑαυτόν.
2018 893 2217 933 Ἀποθανεῖν
2237 894 2276 933 δὲ

1247 950 1307 988 καὶ
1331 952 1400 988 τῶν
1428 948 1534 994 ξένων
1563 948 1714 993 πολλοὺς
1731 949 1872 1000 λέγουσι
1891 950 1950 989 καὶ
1979 951 2278 1003 Λακεδαιμονίους

1249 1008 1406 1052 ἅπαντας
1422 1006 1516 1054 πλὴν
1537 1007 1737 1057 διακοσίων,
1758 1007 2010 1061 ἑξακισχιλίους
2028 1009 2141 1054 ὄντας.

1301 1071 1360 1105 De
1373 1067 1444 1104 hac
1461 1066 1509 1104 ad
1530 1067 1724 1105 Sellasiam
1749 1081 1878 1118 pugna
1899 1069 1946 1106 cf.
1965 1070 2101 1120 Polyb.
2123 1074 2182 1119 11,
2203 1070 2277 1108 55-

1250 1127 1314 1176 69,
1329 1125 1519 1164 Plutarch.
1537 1126 1833 1176 Philopoemene.

1301 1248 1526 1287 Plutarchus
1545 1248 1569 1286 l.
1587 1249 1613 1287 l.
1630 1249 1701 1286 30:
1738 1248 1833 1296 Ἤδη
1859 1247 1895 1287 δὲ
1920 1249 1980 1289 καὶ
2003 1248 2043 1289 τὸ
2061 1250 2201 1302 νόσημα
2219 1267 2278 1291 κα-

1248 1313 1363 1359 τεῖχεν
1384 1307 1487 1345 αὐτὸν
1514 1306 1585 1359 (τὸν
1609 1307 1839 1360 Ἀντίγονον),
1870 1310 1916 1351 εἷς
1948 1309 2063 1363 φθίσιν
2089 1310 2279 1359 ἐκὸεὸηκὸς

1251 1364 1398 1420 ἰσχυρὰν
1428 1365 1488 1404 καὶ
1513 1365 1707 1419 κατάῤῥουν
1729 1365 1905 1406 σύντονον.
1933 1368 1987 1406 Οὖ
2019 1367 2089 1419 μὴν
2119 1370 2279 1419 ἀπεῖπεν,

1251 1424 1328 1463 ἀλλ’
1349 1424 1540 1478 ἀντήρκεσε
1559 1424 1644 1479 πρὸς
1666 1424 1745 1469 τοὺς
1772 1425 1915 1470 οἰκείους
1941 1428 2092 1478 ἀγῶνας,
2112 1425 2191 1466 ὅσον
2222 1426 2279 1466 ἐπὶ

1249 1483 1328 1535 νίκῃ
1345 1482 1493 1536 μεγίστῃ
1507 1483 1567 1521 καὶ
1580 1483 1673 1538 φόνῳ
1690 1483 1845 1538 πλείστῳ
1859 1486 1928 1523 τῶν
1945 1483 2130 1538 βαρὸάρων
2144 1483 2279 1524 εὐκλεέ-

1251 1557 1369 1595 στερον
1381 1543 1564 1580 ἀποθανεῖν
1576 1557 1584 1566 ·
1612 1544 1658 1586 ὡς
1673 1541 1735 1594 μὲν
1748 1541 1837 1586 εἰκός
1847 1544 1921 1581 ἐστι
1931 1543 1991 1581 καὶ
1999 1542 2141 1595 λέγουσι
2153 1545 2184 1582 οἱ
2199 1543 2280 1598 περὶ

1251 1600 1459 1653 Φύλαρχον,
1477 1602 1565 1654 αὐτῇ
1582 1603 1626 1654 τῇ
1647 1601 1726 1655 περὶ
1742 1601 1800 1640 τὸν
1822 1604 1941 1653 ἀγῶνα
1963 1617 1985 1640 κ
2009 1605 2098 1655 αυγῇ
2117 1601 2157 1641 τὸ
2176 1605 2279 1654 σῶμα

1250 1658 1559 1713 προσαναρρήξας,
1583 1661 1619 1698 ἐν
1651 1658 1688 1699 δὲ
1713 1667 1789 1704 ταῖς
1808 1662 1950 1713 σχολαῖς
1981 1677 2024 1708 ην
2054 1660 2204 1709 ἀκούειν,
2228 1661 2279 1701 ὅτι

1254 1721 1343 1771 βοῶν
1365 1718 1454 1769 μετὰ
1469 1717 1532 1765 τὴν
1559 1718 1658 1766 νίκην
1687 1719 1755 1758 ὑπὸ
1776 1726 1904 1774 χαρᾶς,
1924 1713 1973 1759 ῗΩ
1993 1721 2103 1768 καλῆς
2127 1719 2280 1774 ἡμέρας,

1251 1778 1382 1824 πλῆθος
1409 1777 1556 1828 αἵματος
1573 1777 1728 1830 ἀνήγαγε
1749 1778 1810 1817 καὶ
1837 1776 1989 1832 πυρέξας
2007 1778 2180 1824 συντόνως
2199 1780 2279 1818 ἐτε-

1251 1838 1413 1885 λεύτησε.

1731 1897 1796 1937 58.

1306 1955 1459 1994 Scholia
1478 1959 1514 1994 S.
1534 1956 1695 1994 Maximi
1718 1955 1766 1994 ad
1784 1960 1822 1995 S.
1850 1957 2078 2008 Dionysium
2102 1961 2277 2010 Areopa-

1254 2014 1319 2065 git.
1346 2022 1373 2052 t.
1403 2016 1463 2063 11,
1487 2027 1526 2065 p.
1557 2015 1628 2052 156
1662 2015 1723 2053 ed.
1756 2019 1947 2067 Antverp.
1983 2017 2080 2062 1634
2113 2016 2184 2055 :‘fl
2213 2016 2280 2070 γὰρ

1254 2071 1408 2126 ῥομφαία
1417 2071 1628 2126 βαρὸαρικόν
1638 2073 1731 2111 ἐστιν
1743 2072 1865 2122 ὅπλον,
1875 2075 1921 2117 ὡς
1931 2075 2062 2127 ἱστορεῖ
2075 2073 2279 2129 Φύλαρχος.

1252 2175 1398 2208 animum
1420 2176 1654 2209 attendendum
1674 2185 1746 2209 esse
1766 2177 1801 2209 in
1825 2186 1900 2217 eos,
1922 2187 2006 2219 quos
2020 2178 2053 2210 in
2074 2179 2182 2212 fronte
2197 2179 2280 2220 obje-

1252 2225 1322 2256 ctos
1342 2223 1484 2263 haberet,
1520 2227 1557 2256 ut
1582 2224 1643 2256 hos
1669 2224 1851 2265 profligaret
1874 2234 1882 2256 ε
1902 2225 2010 2258 habita
2024 2226 2054 2258 ei
2070 2225 2152 2266 fide,
2179 2225 2281 2260 movit

1251 2269 1284 2301 in
1313 2270 1528 2311 Antigonum,
1553 2273 1650 2312 atque
1673 2271 1797 2312 impetu
1820 2272 2072 2313 Spartiatarum,
2093 2277 2176 2315 quos
2199 2272 2281 2305 circa

1251 2325 1287 2349 se
1309 2317 1464 2356 habebat,
1491 2318 1620 2359 impulit
1644 2318 1857 2351 Macedonum
1878 2320 2090 2361 phalangem,
2119 2319 2280 2353 referenti·

1252 2363 1377 2405 busque
1400 2364 1514 2406 pedem
1537 2365 1637 2397 ferme
1658 2365 1698 2397 ad
1721 2366 1867 2408 quinque
1889 2366 1995 2399 stadia
2016 2367 2122 2399 victor
2143 2366 2280 2407 institit,

1251 2411 1283 2443 vi
1306 2420 1361 2444 eos
1383 2421 1543 2453 premens.
1571 2414 1655 2444 Tum
1676 2413 1814 2446 Euclida
1835 2414 1876 2446 ab
1898 2414 1998 2446 altero
2020 2422 2121 2446 cornu
2144 2414 2280 2446 circum-

1251 2460 1370 2499 vento,
1393 2459 1555 2500 constitit,
1580 2462 1612 2492 et
1633 2461 1838 2502 conspicatus
1861 2461 2041 2503 periculum
2061 2462 2142 2502 ejus,
2165 2463 2280 2495 Actum

1251 2506 1357 2546 dete,
1378 2507 1545 2539 carissime
1566 2507 1674 2547 frater,
1700 2508 1824 2549 inquit,
1849 2511 1958 2541 actum
1974 2510 2043 2549 est,
2065 2508 2117 2541 vir
2132 2510 2280 2549 strenue,

1252 2555 1548 2595 Spartiatarumque
1574 2554 1647 2587 filiis
1675 2555 1867 2596 praeclarum
1889 2555 2088 2597 exemplum,
2117 2557 2150 2587 et
2171 2554 2280 2588 mulie·

1251 2602 1340 2633 ribus
1367 2601 1512 2633 celebris.
1545 2603 1594 2633 Ita
1614 2601 1783 2635 interfecto
1811 2603 1964 2644 Euclida,
1993 2605 2091 2644 atque
2117 2602 2280 2640 hostibus,

1251 2649 1306 2690 qui
1322 2648 1414 2680 illum
1431 2648 1597 2688 fuderant,
1612 2649 1770 2690 impetum
1787 2650 1978 2682 facientibus
1993 2650 2028 2683 in
2043 2658 2140 2682 suum
2153 2657 2278 2682 cornu:

1251 2695 1419 2736 perculsos
1465 2695 1585 2727 milites
1614 2704 1749 2728 cernens
1785 2699 1818 2728 et
1842 2697 2001 2729 sustinere
2027 2704 2093 2728 non
2117 2696 2288 2736 valeam,-

1252 2742 1395 2775 servavit
1418 2751 1453 2774 se
1473 2743 1592 2783 ipsum.
1614 2744 1736 2776 Multos
1757 2743 1911 2776 cecidisse
1928 2746 2141 2776 mercenarios
2161 2744 2282 2778 milites

1252 2790 1360 2822 ferunt
1371 2812 1380 2828 ,
1401 2792 1434 2821 et
1448 2789 1587 2830 demptis
1604 2790 1751 2822 ducentis
1767 2793 1903 2823 cunctos
1924 2790 2208 2831 Lacedaemonios,
2224 2791 2283 2833 qui

1253 2845 1310 2869 sex
1333 2836 1436 2869 millia
1462 2836 1598 2869 fuerant.

1298 2949 1372 2980 Jam
1391 2948 1524 2980 morbus
1547 2957 1677 2989 quoque
1705 2948 1852 2981 tentabat
1877 2957 1952 2981 eum
1983 2948 2231 2990 (Antigonum),
2247 2948 2282 2982 in

1254 3003 1384 3036 gravem
1398 2995 1504 3027 tabem
1518 2998 1550 3028 et
1562 2995 1809 3027 destillationem
1822 3004 1996 3036 erumpens
2008 2996 2185 3029 violentam
2210 2997 2280 3029 Non

1255 3041 1428 3074 succubuit
1445 3045 1554 3075 tamen
1578 3042 1654 3075 huic
1682 3043 1768 3074 malo
1788 3046 1955 3074 :ceterum
1980 3043 2137 3075 hactenus
2163 3042 2282 3076 restitit

1255 3088 1412 3120 molestiis
1427 3088 1652 3129 interioribus,
1678 3091 1714 3121 ut
1739 3089 1771 3120 in
1799 3089 1942 3120 maxima
1967 3089 2104 3121 victoria
2121 3091 2218 3130 alque
2233 3089 2280 3120 in—

1254 3136 1341 3176 genti
1356 3135 1563 3168 barbarorum
1583 3137 1688 3176 strage
1703 3135 1863 3177 expiraret
1878 3136 2014 3176 gloriose
2033 3145 2040 3167 :
2059 3139 2096 3168 ut
2109 3134 2280 3168 verisimile

1255 3185 1349 3215 estet
1362 3182 1507 3224 perhibet
1518 3183 1729 3224 Phylarchus,
1744 3183 2029 3216 vociferationibus
2043 3183 2074 3215 in
2087 3182 2199 3224 praeho
2212 3180 2266 3223 pul
2280 3222 2285 3223 ⁷

1257 3238 1386 3262 monem
1399 3229 1531 3270 dirupit.
1547 3232 1584 3262 ln
1598 3229 1682 3262 ludis
1694 3229 1869 3261 narrabant
1881 3230 2072 3263 clamantem
2087 3238 2154 3271 prae
2166 3227 2279 3261 laetitia

1257 3279 1330 3317 post
1340 3275 1520 3315 victoriam,
1541 3276 1740 3316 Osaustum
1756 3277 1859 3316 diem,
1872 3277 1938 3309 vim
1950 3276 2117 3318 sanguinis
2127 3275 2280 3308 effudisse

1257 3327 1352 3365 atque
1366 3323 1430 3355 acri
1445 3323 1532 3355 febre
1550 3326 1733 3364 correptum
1750 3324 1940 3365 exspirasse.

1737 3378 1798 3410 58.

1299 3429 1476 3472 Rompha‘a
1488 3432 1536 3462 est
1551 3429 1651 3462 telum
1669 3428 1888 3470 barbaricum,
1905 3432 1941 3461 ut
1956 3428 2152 3470 Phylarchus
2167 3425 2275 3460 tradit.
