2320 3684
14 1867 24 1882 §r

881 144 1075 184 EPHORI
1104 145 1439 186 FRAGMENTA.

92 231 172 277 τοὺς
190 231 327 283 λόγους·
353 225 441 269 εἶναι
456 229 523 283 γάρ
553 245 649 273 τινας
671 230 740 267 τῶν
770 228 946 280 Νομάδων
975 232 1121 269 Σκυθῶν

93 291 245 343 γάλακτι
259 288 491 345 τρεφομένους
505 287 637 336 ἵππων,
649 290 692 340 τῇ
707 303 745 325 τε
764 287 966 340 δικαιοσύνῃ
981 288 1124 327 πάντων

93 349 280 404 διαφέρειν·
296 351 495 401 μεμνῆσθαι
511 347 541 386 δ’
566 347 680 386 αὐτῶν
706 345 786 390 τοὺς
810 347 960 394 ποιητάς
974 363 982 370 ·
1003 346 1127 398 ζΌμη-

93 425 151 463 ρον
169 408 247 461 μὲν,

176 477 401 520 Πακτοφάγων
417 477 524 510 Ἀῧίων
545 488 579 509 τε
594 476 796 509 δικαιοτάτων
817 477 987 520 ἀνθρώπων

92 537 255 591 φήσαντα
274 537 340 589 (sc.
360 536 420 575 τὸν
438 536 506 575 Δία
521 535 585 583 τὴν
598 538 664 588 γῆν
680 535 859 590 καθορᾷν)·
879 535 938 574 τὸν
963 535 1125 575 Ἡσίοδον

92 595 182 645 δὲ,’
166 613 202 636 εν
221 599 265 649 τῇ
297 595 498 648 καλουμένῃ
530 597 603 643 Γῆς
619 594 794 649 περιόδῳ,
826 594 885 634 τὸν
916 595 1070 635 Φινέαε
1058 595 1125 634 υπὸ

91 658 161 694 τῶν
183 655 340 709 ἁρπυιῶν
357 654 504 707 ἄγεσθαι
594 664 602 670 ’

173 729 399 772 Γλακτοφάγων
415 730 456 766 εἰς
478 731 580 770 γαῖαν,
593 728 724 767 ἀπήναις
740 727 812 760 οἰκί’
831 727 977 770 ἐχόντων.

91 786 184 833 Εἶτα
200 794 412 844 αἰτιολογεῖ,
431 791 519 830 διότι
551 797 626 835 ταῖς
653 791 801 836 διαίταις
828 793 980 835 εὐτελεῖς
1007 791 1124 841 ὄντες,

89 852 149 891 καὶ
172 853 210 890 οὗ
228 851 493 926 χρηματισταὶ,
513 850 599 925 πρός
620 866 660 889 τε
682 850 856 898 ἀλλήλους
878 853 1125 903 εὖνομοῧνται,

89 909 190 950 κοινὰ
206 910 324 950 πάντα
341 909 480 963 ἔχοντες
511 909 557 949 τά
581 925 620 948 τε
646 909 759 958 ἄλλα,
772 909 833 948 καὶ
852 916 1038 962 γυναῖκας,
1058 910 1123 949 καὶ

90 969 216 1019 τέκνα,
233 985 294 1009 και
307 968 371 1017 τὴν
391 968 478 1016 δ’λην
498 967 724 1020 συγγένειαν·
745 967 832 1023 πρός
857 984 896 1007 τε
916 967 994 1012 τους
1024 969 1123 1013 εκτὸς

90 1027 226 1082 ἄμαχοί
254 1029 342 1077 εἶσι,
371 1027 431 1066 καὶ
455 1026 638 1076 ἀνίκητοι,
669 1026 816 1066 οὗδὲν”
795 1043 952 1079 εχοντες,
978 1026 1066 1081 ὑπὲρ
1085 1031 1125 1066 οὗ

90 1086 324 1127 δουλεύσουσι.
346 1088 460 1126 Καλεῖ
490 1085 528 1125 δὲ
553 1086 610 1125 καὶ
636 1086 816 1140 Χοιρίλον,
837 1086 980 1126 εἰπόντα
1012 1087 1048 1124 ἐν
1080 1090 1124 1140 τῇ

90 1146 251 1186 διαδάσει
269 1149 332 1193 τῆς
352 1145 493 1198 σχεδίας
506 1176 517 1195 ,
536 1145 579 1193 ἣν
600 1144 711 1191 ἔζευξε
728 1147 890 1199 Δαρεῖος·

171 1220 351 1262 Μηλονὸμοι
364 1231 398 1252 τε
413 1218 524 1260 Σάκαι,
539 1221 629 1261 γενεᾷ
644 1219 770 1251 Σκύθαι·
787 1220 884 1262 αὐτὰρ
899 1220 1000 1252 ἔναιον

170 1268 276 1300 Ἀσίδα
288 1266 469 1309 πυροφόρον·
484 1265 627 1306 νομάδων
640 1276 677 1305 γε
691 1266 745 1306 μὲν
756 1265 837 1305 ἦσαν
852 1266 978 1298 ἄποικοι

170 1309 340 1357 ἀνθρώπων
352 1312 503 1354 νομίμων.

90 1379 163 1420 Καὶ
192 1377 250 1417 τὸν
280 1376 490 1431 Ἀνάχαρσιν
528 1375 564 1415 δὲ
567 1375 796 1451 ..ἄνθρωπον
815 1376 921 1432 σοφὸν
953 1379 1070 1416 καλων
1105 1381 1124 1417 ὁ

87 1438 263 1493 Ἔφορος,
281 1436 405 1476 τούτου
407 1436 534 1507 Νφησὶν
555 1440 645 1475 εἶναι
667 1440 729 1475 τοῦ
755 1435 894 1488 γένους·
915 1440 1124 1490 νομισθῆναι

90 1496 127 1536 δὲ
145 1497 205 1536 καὶ
227 1495 317 1535 ἑπτὰ
336 1511 452 1549 σοφων
479 1494 558 1545 ἕνα,
574 1495 690 1550 τελεία
710 1511 918 1549 σωφροσυνῃ
939 1496 999 1535 καὶ
1019 1496 1123 1535 συνέ-

89 1571 162 1595 σει·
184 1554 367 1609 εὸρήματά
385 1570 424 1593 τε
442 1555 548 1592 αὐτοῦ
564 1553 660 1606 λέγει
679 1554 724 1593 τά
737 1570 776 1592 τε
796 1554 961 1609 ζωπυρα,
979 1556 1040 1594 καὶ
1058 1555 1122 1603 τὴν

90 1613 329 1668 ἄμφίὸολον”
307 1628 475 1667 αγκυραν,
493 1612 552 1651 καὶ
571 1629 630 1651 τον
644 1613 852 1686 κεραμεικὸν
868 1613 1006 1674 τροχόν.
1025 1617 1122 1654 Ταυ-

87 1671 183 1712 ταδὲ
202 1671 315 1726 λέγω,
341 1673 462 1726 σαφῶς
494 1670 557 1722 μὲν
585 1670 701 1719 ειδὼς,
729 1670 781 1709 ὅτι
810 1671 870 1710 καὶ
890 1675 989 1716 οὗτος
1020 1672 1122 1716 αὐτὸς

87 1733 127 1771 οὖ
144 1731 190 1771 τὰ
208 1730 431 1779 ἀληθέστατα
463 1729 559 1782 λέγει
583 1729 662 1784 περὶ
677 1729 833 1779 πάντων,
854 1730 913 1769 και
939 1730 980 1779 δὴ
1001 1732 1062 1770 και
1081 1732 1121 1772 τὸ

86 1794 147 1830 τοῦ
158 1789 424 1853 Ἀναχάρσιδος.
443 1791 528 1833 Πῶς
544 1787 612 1843 γὰρ
640 1792 659 1828 ὁ
684 1789 808 1843 τροχὸς
831 1788 970 1843 εὕρημα
994 1791 1119 1839 αὐτου,

87 1849 124 1889 ὃν
144 1843 236 1888 οἶδεν
254 1849 415 1903 (Όμηρος
428 1847 700 1903 πρεσὸύτερος”
676 1863 744 1887 ων·
737 1877 747 1894 ,

169 1927 223 1964 Ὡς
237 1926 263 1958 δ’
278 1927 330 1959 ὅτε
340 1938 386 1964 τις
400 1926 549 1969 κεραμεὺς
562 1926 672 1969 τροχὸν
687 1926 816 1968 ἄρμενον
834 1927 865 1958 ἐν
881 1926 1055 1968 παλάμῃσι,

87 2060 162 2092 mis.
179 2062 261 2093 Sunt
281 2057 368 2093 enini
383 2059 519 2101 quidam
534 2058 575 2091 de
591 2059 681 2100 vagis
695 2067 752 2091 seu
769 2059 973 2092 Nomadibus
990 2060 1122 2101 Scythis

86 2108 142 2149 qui
155 2115 313 2148 equorum
325 2107 408 2139 lacte
419 2107 609 2146 vescuntur,
624 2106 748 2147 justitia
760 2106 913 2138 omnibus
929 2107 1118 2139 hominibus

87 2155 269 2197 superiores
296 2163 305 2186 :
330 2162 471 2195 quorum
501 2156 534 2186 et
559 2155 667 2195 poetae
693 2153 921 2186 meminerunt.
958 2156 1121 2186 Homerus

87 2204 174 2236 enim
190 2204 210 2235 J
212 2211 306 2235 ovem
321 2202 365 2234 ait
380 2200 562 2243 respexisse
577 2200 619 2232 ad

168 2251 349 2280 Lactivoros
363 2249 521 2288 Abiosque
536 2257 545 2279 ς
561 2248 607 2277 his.
622 2257 686 2277 non
702 2253 748 2277 est
761 2247 875 2286 justior
890 2249 953 2277 ulla

171 2307 248 2337 gens
263 2296 434 2326 hominum.

90 2346 132 2377 Et
148 2344 311 2378 Hesiodus
326 2343 359 2374 in
372 2346 531 2383 poemate,
543 2341 631 2382 quod
643 2341 824 2374 circuitum
839 2343 934 2374 terrae
949 2341 1126 2383 inscripsit,

91 2392 137 2424 ait
161 2392 321 2424 Phineum
341 2390 382 2422 ab
406 2390 558 2431 Harpyiis
583 2390 760 2422 abductum
785 2389 819 2420 in
843 2391 961 2422 terram
987 2399 1100 2422 eorum
1118 2414 1127 2429 ‚

92 2439 215 2482 quibus

172 2490 229 2517 Pro
242 2486 389 2517 domibus
404 2496 514 2516 currus
531 2491 615 2525 sunt,
632 2486 735 2514 vivere
750 2484 831 2514 lacte
847 2491 987 2515 suerunt.

55 2576 58 2578 ,
87 2540 221 2582 subjicit
226 2539 343 2572 deinde
349 2547 509 2578 caussam,
517 2537 605 2579 quod
612 2546 715 2579 quum
722 2537 798 2569 exili
815 2538 949 2570 utantur
957 2537 1059 2577 victu,
1073 2546 1126 2570 ne·

87 2597 151 2629 que
163 2588 227 2620 sint
242 2586 382 2628 quaestui
396 2585 513 2620 dediti,
527 2585 584 2618 sed
598 2584 739 2616 invicem
750 2584 851 2616 vitam
862 2584 979 2625 degant
991 2584 1126 2625 justam,

88 2635 197 2668 omnia
211 2634 366 2666 habentes
386 2632 591 2672 communia,
624 2634 656 2664 et
676 2640 796 2664 uxores
817 2634 850 2663 et
881 2631 1000 2664 liberos
1017 2639 1055 2663 ac
1076 2640 1116 2663 co

90 2684 226 2723 gnatos:
243 2683 314 2713 tum
333 2680 490 2713 adversus
503 2682 631 2712 exteros
651 2679 768 2711 invicti
790 2679 855 2711 sint
875 2681 973 2721 atque
995 2680 1126 2720 inexpu-

89 2728 250 2770 gnabiles,
265 2727 354 2768 quod
383 2726 462 2758 nihil
491 2726 632 2758 habeant
644 2749 652 2765 ,
669 2727 764 2767 cujus
789 2735 906 2758 caussa
937 2726 1127 2759 servitutem

89 2775 247 2808 sustinere
261 2775 372 2807 velint.
391 2774 541 2815 citatque
553 2774 732 2806 Choerilum
745 2798 755 2815 ,
771 2774 827 2815 qui
841 2774 872 2806 in
884 2777 982 2815 ponte
995 2775 1125 2817 ratitun‚

89 2832 154 2865 quo
171 2823 288 2856 Darius
306 2823 551 2863 Hellespontum
565 2821 682 2862 junxit,
700 2822 771 2853 haec
786 2822 930 2863 posuerit
947 2832 955 2853 ε

214 2879 354 2907 Pastores
369 2878 473 2905 ovium
490 2875 638 2915 Scythica
654 2875 693 2905 de
708 2882 804 2915 geute
820 2876 918 2905 creati

216 2923 306 2952 Asida
322 2923 474 2952 triticeam
490 2923 644 2952 clarorum
659 2922 804 2952 habitare
821 2923 925 2952 coloni

213 2971 392 3010 integritate
407 2971 502 3000 Sacae.

0 2922 238 3091 &phorm
250 3035 346 3068 porro
359 3025 621 3064 Anacharsidem‚
636 3024 688 3057 cui
699 3025 853 3066 sapientis
866 3034 985 3058 nomen
995 3026 1123 3065 tribuit,

90 3082 127 3107 ca
145 3074 184 3106 de
197 3077 290 3114 gente
308 3074 408 3105 fuisse
425 3072 556 3112 scribit,
574 3081 612 3104 ac
634 3075 764 3113 propter
790 3072 1030 3113 perfectionem,
1047 3075 1126 3105 tem-

93 3121 272 3162 perantiam
296 3130 334 3153 ac
361 3119 553 3161 sapientiam
578 3128 681 3151 unum
705 3120 746 3151 de
773 3121 897 3160 septem
923 3120 1124 3160 sapientibus

1150 236 1155 251 l

2139 156 2212 189 25⁷

1184 233 1244 271 καὶ
1277 234 1322 272 τὰ
1355 233 1442 280 ἑξῆς.
1475 233 1567 272 Ἀλλ’
1599 235 1715 272 ἐκεῖνα
1748 234 1963 285 διασημῆναι
1991 235 2216 287 βουλόμενος,

1186 290 1238 329 ὅτι
1262 295 1360 344 κοινῇ
1378 308 1446 331 τινι
1464 291 1586 346 φήμῃ,
1610 293 1669 331 καὶ
1701 292 1769 331 ὑπὸ
1797 295 1866 331 τῶν
1884 295 2047 332 παλαιῶν
2065 295 2125 333 καὶ
2147 297 2217 335 ὑπὸ

1185 366 1254 388 των
1272 349 1428 404 ὕστερον,
1442 355 1693 390 πεπιστεῦσθαι
1707 350 1888 390 συνέὸαινε
1900 352 1940 391 τὸ
1955 355 2024 391 τῶν
2041 355 2216 406 Νομάδων

1185 407 1265 452 τους
1285 409 1439 460 μάλιστα
1465 410 1731 473 ἀπῳκισμένους
1755 410 1825 450 ἀπὸ
1849 414 1919 450 τῶν
1945 412 2061 451 ἄλλων
2081 414 2218 468 ἀνθρώ-

1185 482 1277 518 πων,
1295 469 1581 523 γαλακτοφάγους
1595 486 1633 508 τε
1649 474 1738 508 εἶναι
1750 470 1810 509 καὶ
1828 470 1946 516 ἀὸίους
1962 471 2022 510 καὶ
2043 473 2219 513 δικαιοτά-

1185 541 1282 573 τους,
1302 527 1379 564 om?
1397 529 1464 580 οὐχ
1481 528 1548 566 υπὸ
1567 527 1729 583 ”Ομήρου
1748 530 1962 569 πεπλάσθαι.

1240 585 1365 622 schol.
1386 588 1567 636 Apollon.
1588 588 1663 627 Rh.
1690 591 1721 634 Ι,
1747 591 1870 636 1276:
1890 588 1982 643 “ngt
2011 589 2047 629 δὲ
2078 592 2187 640 νηὸς.

1185 642 1322 687 εὐναίας
1341 642 1525 696 ἐρύσαντες
1544 645 1798 699 ἀνεκρουσαντο
1830 648 2000 700 κάλωας]
2026 652 2165 696 Γελοῐος
2182 651 2219 690 δὲ

1184 699 1338 755 Ἔφορος
1356 702 1507 754 νομίζων
1527 706 1666 757 πρῶτον
1686 705 1895 760 Ἀνάχαρσιν
1919 707 1983 755 τὴν
2005 709 2174 757 διπλῆν
2152 713 2220 762 ἀγ-

1185 775 1293 813 κυραν
1311 759 1516 813 ευρηκέναι·
1545 762 1775 817 πρεσὸύτεροι
1801 765 1868 818 γὰρ
1902 765 2151 821 Ἀναχάρσιδος
2186 771 2219 808 οἱ

1187 818 1437 872 Ἀργωναυται.

1240 925 1376 964 Strabo
1398 929 1487 973 VII,
1526 940 1566 977 p.
1608 874 1742 977 4657*
1727 928 1881 983 Ἔφορος
1913 930 1949 970 δὲ
1977 934 2219 985 πεντάστομον

1186 983 1303 1037 εἴρηκε
1316 984 1374 1023 τὸν
1390 983 1542 1039 ’.Ιστρον
1561 987 1618 1025 Cf.
1642 987 1852 1037 Dionysius
1868 991 2012 1042 Perieg.
2032 1007 2085 1031 vs.
2102 1007 2191 1045 299.

1239 1095 1430 1141 scymnus
1447 1092 1567 1131 Chius
1598 1106 1632 1130 v.
1658 1107 1728 1130 102
1753 1107 1837 1146 sqq.
1857 1096 2044 1146 epitomes
2057 1130 2066 1146 ‚
2084 1113 2121 1137 v.
2143 1101 2216 1148 847

1185 1163 1269 1201 sqq.
1288 1154 1470 1189 Letronn.
1499 1167 1508 1189 :

1268 1215 1415 1257 Πρώτους
1430 1216 1463 1248 δὲ
1477 1217 1561 1259 παρὰ
1574 1216 1627 1249 τὸν
1641 1216 1763 1260 Ἴστρδν
1778 1219 1855 1250 εἶναι
1870 1220 2029 1262 Καρπίδας

1268 1262 1387 1304 εἴρηκεν
1401 1263 1544 1306 Ἔφορος,
1561 1264 1638 1296 εἶτεν
1654 1265 1827 1308 Ἂροτῆρας,
1843 1266 1952 1309 πρόσω

1267 1311 1400 1352 Νευρούς
1416 1312 1442 1342 τ’
1457 1311 1545 1353 ἄχρις
1558 1316 1615 1352 γῆς
1629 1311 1721 1344 πάλιν
1737 1313 1852 1355 ἐρήμου
1867 1314 1917 1345 διὰ
1931 1314 2051 1355 πάγων.

1268 1357 1351 1399 Πρὸς
1366 1357 1517 1395 ἀνατολὰς
1533 1359 1566 1391 δὲ
1579 1359 1702 1391 ἐκὸάντι
1719 1360 1771 1391 τὸν
1786 1361 1979 1403 Βορυσθένην

1266 1405 1336 1441 τοὺς
1349 1406 1403 1444 τὴν
1417 1407 1584 1447 λεγομένην
1598 1407 1714 1439 Ὕὸλαν
1729 1408 1888 1445 οἰκοῦντας
1903 1410 2032 1446 Σκύθας.

1266 1452 1355 1483 Εἶναι
1370 1453 1403 1484 δὲ
1418 1454 1575 1496 Γεωργοὺς
1591 1454 1756 1496 ἐχομένους
1771 1455 1888 1487 τούτων
1909 1456 1988 1492 ἄνω,

1267 1498 1375 1530 ἔπειτα
1388 1498 1480 1531 πάλιν
1495 1499 1607 1542 ἔρημον
1623 1500 1673 1532 ἐπὶ
1690 1501 1785 1532 πολὺν
1800 1501 1906 1533 τόπον.

1267 1545 1361 1589 Ὑπὲρ
1376 1547 1409 1578 δὲ
1422 1547 1536 1585 ταύτην
1553 1548 1635 1584 ἔθνος
1651 1547 1860 1590 Ἀνδροφάγων
1873 1550 2011 1581 Σκυθῶν.

1265 1593 1430 1625 Ἐπεκεῖνα
1444 1594 1535 1625 πάλιν
1550 1594 1662 1636 ἔρημον
1674 1595 1823 1637 ὑπάρχειν
1837 1595 1997 1637 ἐχομένην.

1265 1640 1326 1672 Τὸν
1340 1641 1526 1679 Παντικάπη
1543 1641 1681 1673 διαὸάντι
1697 1642 1857 1684 Λιμναίων
1874 1643 1970 1682 ἔθνος,

1265 1687 1351 1730 ἕτερά
1363 1699 1397 1719 τε
1411 1688 1525 1720 πλείον’
1540 1689 1575 1720 οὐ
1590 1689 1839 1731 διωνομασμένα,

1264 1734 1428 1775 Νομαδικὰ
1442 1735 1469 1766 δ’
1483 1735 1712 1776 ἐπικαλούμεν’,
1732 1737 1844 1774 εὐσεὸῆ
1860 1736 1956 1776 πάνυ,

1264 1782 1305 1817 ὡς
1328 1781 1398 1813 οὐδὲ
1421 1782 1462 1818 εἷς
1477 1782 1616 1823 ἔμψυχον
1630 1783 1776 1821 ἀδικῆσαι
1791 1785 1861 1815 ποτ’
1875 1783 1925 1822 ἄν,

1265 1828 1413 1871 οἰκοφόρα
1427 1829 1468 1867 δ’,
1485 1831 1527 1866 ὡς
1542 1829 1657 1871 εἴρηκε,
1671 1831 1725 1861 καὶ
1741 1831 1910 1871 σιτούμενα

1262 1875 1406 1916 γάλακτι,
1423 1879 1489 1913 ταῖς
1505 1877 1688 1909 Σκυθικαῖσί
1704 1878 1730 1908 θ’
1745 1877 1978 1919 ἱππομολγίαις,

1263 1925 1356 1959 ζῶσιν
1371 1923 1404 1955 δὲ
1418 1924 1473 1961 τήν
1487 1934 1521 1955 τε
1534 1927 1644 1962 κτῆσιν
1658 1924 1887 1966 ἀναδεδειχὸτες

1265 2062 1307 2092 Ut
1322 2073 1418 2102 quum
1435 2063 1518 2093 forte
1532 2070 1631 2094 rotam
1647 2063 1790 2093 manibus
1805 2064 1972 2094 solertibus
1987 2071 2090 2103 aptam

1263 2111 1407 2149 explorat
1422 2111 1550 2150 figulus.

1179 2186 1300 2217 Verum
1318 2186 1353 2218 id
1369 2186 1459 2218 volui
1480 2185 1682 2228 significare,
1704 2189 1872 2220 communi
1889 2189 2030 2229 quadam
2051 2191 2084 2221 et
2105 2190 2220 2230 prisco-

1180 2241 1253 2263 rum
1271 2235 1304 2264 et
1320 2233 1539 2274 posteriorum
1556 2233 1643 2265 sama
1658 2235 1816 2267 creditum
1831 2235 1942 2275 fuisse,
1956 2236 2139 2268 Nomadum
2151 2244 2218 2273 eos,

1181 2281 1242 2321 qui
1259 2281 1402 2313 maxime
1415 2281 1456 2313 ab
1468 2281 1540 2314 aliis
1553 2281 1743 2314 hominibus
1758 2285 1868 2315 essent
1881 2283 2007 2323 remoti,
2024 2283 2106 2316 lacte
2119 2282 2219 2320 vesci,

1184 2329 1302 2370 opibus
1317 2338 1426 2361 carere
1440 2331 1472 2361 et
1486 2338 1558 2361 esse
1571 2329 1772 2370 justissimos
1783 2353 1791 2369 ‚
1809 2339 1914 2371 neque
1930 2330 1960 2362 id
1982 2330 2083 2363 fuisse
2099 2330 2139 2362 ab
2157 2331 2218 2361 Ho-

1185 2385 1276 2408 mero
1293 2376 1479 2408 confictum.

1226 2426 1363 2465 Ineptus
1376 2424 1549 2465 Ephorus,
1572 2424 1628 2464 qui
1646 2423 1845 2456 Anacharsin
1869 2432 2022 2455 ancoram
2041 2422 2214 2463 ancipitem

1181 2471 1347 2504 invenisse
1384 2472 1477 2512 putat
1491 2495 1500 2511 ,
1529 2480 1631 2512 quum
1663 2474 1772 2503 tamen
1804 2473 1993 2510 Argonautae
2020 2469 2217 2501 Anacharsin

1180 2519 1276 2550 aetate
1292 2518 1536 2551 antecesserint.

1222 2624 1373 2664 Ephorus
1387 2624 1531 2665 quinque
1546 2623 1630 2656 ostia
1647 2571 1731 2656 Is7t3o
1744 2621 1868 2654 tribuit.

1669 2683 1729 2715 78.

1223 2742 1348 2775 Primos
1368 2742 1477 2774 autem
1492 2740 1569 2775 Istri
1582 2740 1706 2772 accolas
1722 2747 1793 2771 esse
1809 2738 1965 2779 Carpides
1982 2738 2091 2770 retulit
2111 2739 2216 2781 Epho-

1179 2798 1255 2829 rus;
1275 2791 1386 2830 postea
1395 2790 1544 2820 Aroteres
1554 2786 1744 2827 (Aratores),
1758 2784 1890 2817 ulterius
1904 2787 2040 2824 Neuros,
2053 2794 2158 2827 usque
2173 2785 2215 2818 ad

1179 2837 1338 2869 desertam
1352 2835 1395 2867 ob
1410 2835 1529 2875 glacies
1543 2836 1674 2866 terram.
1705 2832 1870 2865 Orientem
1892 2841 2008 2865 versus
2030 2834 2214 2865 transeunti

1179 2884 1410 2924 Borysthenem
1422 2881 1531 2921 (refert
1543 2881 1596 2912 ille
1608 2880 1722 2911 obvios
1735 2879 1818 2918 esse)
1831 2879 1977 2919 Scythas,
1987 2879 2127 2920 Hyblam
2140 2888 2214 2920 quae

1178 2932 1297 2964 dicitur
1317 2930 1520 2967 habitantes;
1540 2930 1572 2959 et
1596 2927 1636 2958 iis
1659 2925 1879 2958 conterminos
1906 2927 2051 2966 Georgos
2072 2935 2143 2958 esse
2163 2935 2214 2958 su·

1178 2979 1336 3020 periorem
1356 2984 1470 3008 versus
1491 2975 1524 3015 (i.
1546 2983 1574 3006 e.
1603 2972 1882 3012 mediterraneam)
1900 2975 2080 3014 regionem;
2097 2973 2214 3006 deinde

1180 3034 1293 3057 rursus
1307 3025 1470 3056 desertum
1495 3022 1627 3062 (patere)
1648 3020 1681 3051 in
1703 3029 1820 3060 magna
1841 3020 1956 3060 spatia.
1977 3022 2081 3061 Supra
2103 3022 2211 3053 autem

1180 3072 1259 3103 illud
1275 3072 1402 3111 gentem
1418 3069 1610 3109 Scytharum
1628 3068 1915 3108 Androphagorum
1933 3077 1941 3098 :
1958 3067 2003 3099 ibi
2025 3076 2139 3099 rursus
2155 3068 2212 3099 de-

1178 3126 1229 3149 sen
1231 3120 1300 3149 tum
1308 3125 1379 3148 esse
1389 3115 1588 3155 contiguum.
1599 3113 1794 3154 Panticapen
1804 3115 2007 3154 transgresso
2026 3113 2212 3154 (reperitur)

91 3168 258 3200 habitum:
272 3170 303 3200 et
316 3176 386 3199 esse
400 3167 469 3208 ejus
484 3166 616 3198 inventa
632 3169 788 3206 recenset,
802 3167 929 3199 fomites
933 3167 1124 3208 ‚ancipitem
1178 3165 1394 3196 Limnoeorum
1405 3171 1494 3203 gens,
1502 3162 1533 3193 et
1544 3161 1654 3192 multa
1664 3160 1734 3192 aliae
1744 3160 1814 3192 sine
1823 3160 2151 3200 nomine,Nomadicae
2161 3164 2204 3192 ta-

91 3223 253 3255 ancoram,
264 3224 302 3247 ac
311 3217 414 3247 rotam
425 3214 524 3255 figuli.
536 3215 677 3254 Haecego
692 3223 920 3252 commemoro,
937 3223 1124 3255 quanquam
1178 3221 1251 3244 men
1267 3210 1520 3250 cognominatae,
1534 3208 1690 3249 religiosae
1704 3208 1900 3248 admodum,
1919 3209 1966 3240 ita
1982 3211 2017 3240 ut
2034 3217 2130 3240 nemo
2146 3208 2213 3239 ani-

93 3261 169 3294 mihi
190 3264 326 3301 constat,
344 3270 419 3294 eum
433 3270 499 3292 non
515 3261 610 3302 plane
627 3270 704 3293 vera
719 3270 821 3302 quum
837 3261 876 3293 de
895 3261 977 3300 aliis,
995 3263 1066 3292 tum
1085 3261 1125 3292 de

95 3309 310 3341 Anacharside
325 3309 458 3341 dixisse.
473 3309 645 3346 Quomodo
661 3309 747 3341 enim
762 3311 833 3341 rota
845 3309 945 3349 hujus
961 3309 1124 3341 sitinven-

92 3357 175 3395 tum,
191 3357 344 3395 Homero,
358 3356 415 3396 qui
430 3364 505 3387 eum
518 3357 614 3388 aetate
633 3357 817 3390 antecessit,
837 3359 937 3388 nota?

195 3417 390 3448 chuemx
412 3423 600 3447 ms'romcon
605 3425 658 3447 um.

1178 3258 1334 3291 mantium
1358 3257 1413 3289 ulli
1425 3265 1567 3297 unquam
1583 3265 1698 3288 nocere
1716 3256 1813 3296 velit;
1837 3256 2018 3298 (plaustris)
2028 3257 2136 3288 autem
2154 3255 2210 3287 do-

1178 3316 1249 3338 mos
1263 3306 1430 3343 vehentes,
1446 3306 1482 3336 ut
1497 3303 1542 3335 ait
1555 3304 1744 3345 (Ephorus),
1757 3306 1790 3336 et
1805 3303 1888 3336 lacte
1903 3304 2087 3336 victitantes
2107 3304 2210 3343 atque

1182 3352 1340 3394 Scythicis
1361 3360 1518 3392 equarum
1535 3351 1721 3384 mulctibus.
1738 3351 1865 3384 Vivunt
1885 3351 1985 3384 etiam
2002 3356 2209 3382 communem

2047 3410 2082 3441 17
