2294 3704
884 138 952 177 DE
980 139 1307 181 PHYLARCHO.

57 225 333 263 daemoniorum
360 233 398 264 et
438 223 625 276 imprimis
655 223 868 262 Cleomenis
899 236 960 261 res
994 237 1075 262 esse

57 291 247 322 tractatas.
279 286 415 335 Neque
443 283 491 320 de
530 281 659 333 operis
694 282 947 332 dispositione
982 282 1078 320 certi

57 341 149 393 quid
160 342 275 380 statui
291 349 437 393 potest;
455 340 497 378 id
516 348 662 378 tantum
683 340 762 378 fere
778 339 985 391 probatum
1002 349 1077 389 est,

57 398 178 437 libros
217 401 413 438 XII-XIV
450 398 513 450 (fr.
562 397 704 448 30-34)
742 397 1077 448 comprehendisse

57 458 174 507 Syriae
188 466 226 496 et
245 457 491 495 finitimarum
507 456 704 494 civitatum
723 456 922 494 historiam
933 485 943 501 ‚
958 456 1077 494 libros

56 518 363 554 xxv-XXVIII
390 514 500 553 belliv
521 515 753 554 Cleomenici
793 516 1077 553 enarrationem

58 573 119 624 (fr.
141 574 205 620 51,
224 571 302 623 59).

109 631 325 669 Secundum
348 644 446 682 opus
476 639 551 678 est,
576 631 608 669 si
628 631 837 670 Eudociam
861 640 900 669 et
921 631 1077 671 Suidam

57 702 277 740 sequamur,
301 686 345 727 τὰ
360 687 452 727 κατὰ
467 689 526 728 τὸν
542 689 717 741 Ἀντίοχον
731 689 791 728 καὶ
806 689 864 728 τὸν
883 691 1079 744 Περγαμη-

56 748 112 786 νὸν
131 746 287 798 Εὐμένη.
301 747 503 786 Probanda
521 761 613 786 vero
632 748 746 787 nobis
764 749 917 787 videtur
930 749 1079 786 Briick-

57 806 141 844 neri
169 806 378 854 sententia,
409 806 457 844 de
476 809 648 844 Eumene
676 816 715 845 et
741 807 933 845 Antiocho
969 806 1076 856 Phy-

57 864 228 902 larchum
259 877 338 901 non
372 865 556 915 peculiari
583 879 721 916 opere,
744 866 810 904 sed
837 866 877 903 in
898 866 1078 903 Historiis

58 922 195 973 egisse3
215 934 303 959 nam
334 935 414 969 res,
445 936 530 973 quae
560 925 717 962 Eumeni
739 927 757 962 I
773 937 861 962 cum
886 924 1078 962 Antiocho

57 983 190 1020 Sotere
227 980 541 1030 intercesserant,
570 995 650 1019 non
681 983 774 1020 tanti
804 982 962 1020 fuerunt
992 995 1079 1019 mo-

60 1037 179 1076 menti
206 1051 331 1088 neque
370 1047 518 1077 tantum
552 1039 771 1078 habuerunt
803 1041 1003 1088 effectum,
1039 1048 1080 1077 ut

59 1097 240 1148 singulari
266 1097 475 1148 scriptione
495 1099 616 1150 dignae
641 1108 767 1138 essent
786 1099 876 1151 (vid.
898 1098 1078 1138 Strabon.

59 1158 177 1202 XIII,
198 1168 236 1206 p.
260 1156 352 1203 624,
381 1156 443 1207 A);
471 1157 679 1207 quominus
701 1166 828 1195 autem
850 1165 1079 1203 statuamus,

59 1213 107 1251 de
126 1212 241 1251 rebus
272 1227 358 1265 quae
376 1215 475 1252 inter
502 1219 709 1254 Eumenem
738 1219 775 1254 II
793 1225 833 1254 et
852 1216 1080 1254 Antiochum

60 1275 242 1322 Magnum
271 1281 387 1322 gestae
407 1282 516 1319 sunt,
550 1274 806 1324 Phylarchum
843 1274 1080 1325 exposuisse,

59 1331 222 1381 impedit
254 1330 335 1381 ejus
365 1339 472 1380 aetas,
503 1346 623 1382 quum
645 1333 779 1370 eodem
800 1341 914 1383 atque
943 1335 1082 1370 Aratus

62 1398 236 1440 tempore
268 1390 466 1440 scripsisse
491 1390 640 1428 dicatur
665 1406 674 1428 ε
711 1404 837 1441 neque
862 1391 950 1428 licet
977 1391 1082 1440 Phy—

61 1448 183 1485 larchi
213 1456 362 1486 aetatem
385 1449 433 1486 ad
457 1450 520 1488 Ol.
564 1455 652 1497 147,
682 1451 704 1488 3
741 1450 942 1501 proferre,
976 1449 1081 1500 quod

61 1506 239 1544 ultimum
255 1515 311 1544 est
330 1507 481 1544 Luchtii
500 1507 703 1558 refugium.
719 1511 846 1559 Atque
871 1508 974 1558 apud
992 1508 1083 1546 Sui-

62 1568 150 1606 dam
175 1575 214 1604 et
232 1567 444 1605 Eudociam
473 1569 625 1606 nonnisi
655 1577 803 1620 partem
836 1569 962 1620 magni
986 1582 1084 1619 ope-

62 1627 115 1664 ris
147 1626 354 1676 significari
387 1639 432 1664 eo
470 1627 591 1677 magis
626 1627 834 1665 verisimile
867 1636 942 1674 est,
979 1627 1084 1677 quod

62 1685 176 1723 etiam
208 1684 274 1721 illa
308 1699 316 1722 :
351 1682 428 1730 Τὴν
461 1683 518 1722 ἐπὶ
551 1684 817 1732 Πελοπόννησον
851 1685 993 1738 Πύρῤου
1022 1687 1083 1722 τοῦ

63 1740 486 1795 Ἧπειρώτουστρατείαν
507 1751 578 1781 etc.
602 1743 650 1781 de
672 1752 754 1781 toto
777 1743 945 1795 quodam
965 1756 1084 1794 opere

62 1801 308 1852 intelligenda
328 1814 410 1839 esse
438 1801 634 1848 videntur,
665 1815 797 1840 revera
829 1811 957 1840 autem
981 1815 1084 1840 non-

64 1861 136 1898 nisi
153 1860 201 1897 de
219 1868 329 1911 parte
349 1859 507 1910 majoris
526 1861 655 1912 operis
675 1861 917 1912 intelligenda
937 1869 1038 1898 sunt.

116 1918 264 1956 Deinde
274 1919 510 1969 Phylarchus
520 1920 718 1971 scripsisse
731 1920 871 1957 dicitur
885 1917 1083 1970 Ἐπιτομὴν

64 1975 212 2027 μυθικὴν
244 1976 409 2029 περὶτῆς
445 1981 505 2016 τοῦ
539 1977 620 2021 Διὸς
653 1978 865 2031 ἐπιφανείας.
902 1978 1084 2016 Dubitari

65 2042 190 2085 potest
204 2043 332 2072 utrum
351 2035 410 2074 his
427 2049 547 2074 unum
566 2050 613 2074 an
635 2036 713 2074 duo
733 2049 851 2087 opera
868 2036 1086 2086 significen-

64 2101 138 2130 tur.
153 2094 339 2131 Luchtius
353 2108 432 2132 rem
447 2095 486 2132 in
504 2095 631 2133 medio
648 2096 826 2145 reliquit;
844 2096 1084 2133 Briicknerus

64 2151 283 2202 suspicatur
303 2165 375 2202 pro
399 2151 478 2205 περὶ
499 2152 744 2190 scribendum
763 2166 845 2191 esse
865 2151 955 2199 ἀπὸ,
973 2153 1026 2190 ita
1042 2160 1086 2190 ut

63 2209 313 2260 intelligenda
333 2211 380 2247 sit
402 2212 581 2261 Epitome
608 2211 776 2261 mythica
797 2211 886 2248 inde
909 2210 957 2249 ab
976 2211 1085 2249 Jovis

65 2267 242 2306 adventu.
260 2272 387 2319 Atque
406 2277 510 2307 recte
536 2270 689 2320 quidem
719 2270 778 2307 vir
804 2270 939 2307 doctus
966 2269 1085 2307 verba

65 2327 300 2377 grammatici
331 2327 379 2364 de
411 2341 489 2365 uno
519 2328 732 2378 eodemque
765 2341 882 2378 opere
911 2328 1086 2378 accipere

66 2385 158 2422 mihi
180 2385 348 2433 videtur,
366 2398 492 2436 neque
519 2393 646 2423 tamen
671 2394 877 2437 propterea
903 2399 1003 2436 opus
1029 2395 1087 2424 est

66 2443 148 2490 illa,
179 2456 293 2494 quam
327 2444 550 2494 proposuit,
580 2444 805 2481 mutatione.
842 2444 932 2482 Sine
965 2443 1086 2482 dubio

66 2502 203 2540 Suidas
225 2502 321 2539 duos
344 2503 477 2539 titulos
506 2502 694 2551 laudavit,
718 2515 883 2553 quorum
905 2503 1001 2539 alter
1031 2511 1088 2540 est

67 2558 243 2611 Ἐπιτομὴ
257 2559 384 2611 μυθικὴ
398 2590 408 2608 ,
421 2561 517 2598 alter
527 2560 617 2614 Περὶ
634 2563 696 2608 τῆς
708 2564 768 2599 τοῦ
781 2560 862 2604 Διὸς
872 2560 1086 2614 ἐπιφανείας,

67 2619 247 2668 quivero
278 2620 380 2656 tituli
409 2620 461 2656 ita
480 2627 569 2657 sunt
600 2620 880 2671 conjungendi,
906 2628 950 2657 ut
978 2620 1088 2670 prior

68 2677 116 2714 sit
137 2678 252 2715 totius
280 2677 421 2725 libelli,
453 2678 548 2715 alter
578 2678 626 2715 ad
654 2679 818 2729 primam
837 2677 918 2728 ejus
938 2686 1086 2729 partem

69 2737 271 2787 pertineat.
291 2740 387 2783 Quae
404 2737 502 2774 ratio
520 2736 711 2774 librorum
732 2737 863 2774 titulos
882 2736 1082 2782 laudandi,

69 2796 129 2832 vel
150 2795 278 2845 potius
297 2809 382 2846 quae
406 2809 534 2833 rerum
561 2796 736 2833 confusio
755 2809 870 2847 quam
892 2796 1088 2833 familiaris

69 2853 118 2891 sit
131 2854 423 2904 Lexicographo
435 2862 568 2891 nostro
579 2854 738 2904 aliisque
757 2854 1025 2904 grammaticis,
1039 2868 1088 2891 ex

70 2911 116 2950 iis
146 2926 232 2963 quae
261 2926 378 2964 supra
412 2913 461 2950 de
494 2914 680 2961 Hecataei,
711 2914 921 2962 Hellanici‚
953 2914 1087 2952 Timaei

70 2971 219 3022 scriptis
238 2972 384 3009 monita
403 2979 511 3019 sunt,
527 2972 739 3010 luculenter
754 2980 926 3022 apparet.
946 2974 1090 3009 Narra·-

72 3029 125 3066 tio
152 3030 270 3080 igitur
294 3030 407 3080 hujus
435 3029 652 3080 compendii
684 3030 932 3080 mythologici
952 3043 1089 3068 exorsa

71 3105 152 3131 esse
178 3094 333 3132 videtur
352 3094 401 3132 ab
420 3095 527 3132 Jovis
543 3095 729 3144 adventu,
743 3108 787 3133 ac
812 3094 1089 3132 mutationibus

71 3150 144 3188 illis
169 3166 253 3202 quae
275 3153 357 3203 ejus
384 3153 550 3191 adventu
582 3154 622 3191 in
653 3155 813 3192 deorum
846 3167 964 3204 regno
1002 3162 1090 3191 sunt

73 3208 228 3247 effectae.
266 3214 400 3261 Neque
431 3212 533 3249 enim
571 3212 691 3250 verba
723 3212 858 3265 περὶ
891 3210 1090 3264 ἐπιφανείας

75 3279 161 3304 cum
180 3268 344 3306 Luchtio
361 3269 647 3321 interpretanda
667 3279 755 3308 sunt
771 3285 779 3307 :
795 3273 851 3306 De
869 3273 966 3307 Jovis
980 3283 1089 3318 prce-

75 3328 190 3362 sentia
218 3339 230 3362 .-
259 3327 441 3376 quoniam
475 3336 555 3366 tum
583 3329 819 3379 Phylarchus
854 3336 919 3366 aut
947 3335 1087 3365 certam

2022 155 2152 183 Lxxtx

1140 227 1331 276 quandam
1369 228 1478 266 Jovis
1518 226 1720 281 ἐπιφάνειαν
1757 228 1957 279 designare
1992 229 2161 269 debebat

1139 284 1328 333 (similiter
1357 287 1539 324 nimirum
1556 299 1600 324 ac
1621 287 1781 337 Dionys.
1797 288 1880 326 Hal.
1895 288 1935 325 11
1946 316 1956 335 ,
1969 288 2018 337 95
2041 303 2049 326 :
2065 286 2155 325 πάνυ

1139 341 1168 378 δ’
1185 341 1277 386 ἄξιον
1302 342 1363 380 καὶ
1380 342 1444 391 τὴν
1461 344 1665 398 ἐπιφάνειαν
1691 346 1875 398 ἱστορῆσαι
1901 347 1964 391 τῆς
1987 347 2065 388 θεᾶς
2083 347 2158 397 (τῆς

1137 397 1318 451 Ἑστίας),
1353 401 1395 448 ἣν
1424 403 1620 448 ἐπεδείξατο
1653 409 1729 447 ταῖς
1757 403 1892 448 ἀδίκαις
1919 403 2158 455 ἐγκληθείσαις

1137 457 1351 510 παρθένοις),
1368 469 1434 497 aut
1451 462 1591 511 plurali
1608 475 1767 500 numero
1782 462 1910 500 dicere
1928 460 2008 515 περὶ
2080 463 2157 499 ἐπι-

1139 517 1306 568 φανειῶν,
1320 518 1376 554 uti
1393 531 1428 555 v.
1450 532 1483 558 c.
1499 522 1597 557 Ister
1617 521 1769 572 scripsit
1783 519 1864 574 περὶ
1891 522 1960 558 τῶν
1977 519 2159 559 Ἀπόλλω-

1137 587 1195 616 νος
1214 575 1421 626 ἐπιφανειῶν
1442 575 1492 627 (ν.
1513 581 1700 628 Harpocr.
1720 593 1755 616 v.
1775 577 2000 632 Φαρμακός).

1193 631 1282 684 Περὶ
1299 633 1503 684 εὑρημάτων
1517 644 1656 685 praeter
1671 637 1926 687 Phylarchum
1942 636 2055 674 multi
2070 635 2161 673 scri·

1140 697 1320 740 pserunt,
1341 690 1442 728 inter
1467 705 1564 742 quos
1590 694 1782 745 principes
1810 704 1898 733 sunt
1916 695 2096 746 Ephorus
2124 701 2162 731 et

1140 749 1406 789 Philochorus.
1431 750 1505 788 Sed
1536 765 1622 788 cum
1651 752 1730 805 περὶ
1762 752 1968 805 εὑρημάτων
1994 753 2162 803 conjun-

1142 808 1264 858 genda
1281 808 1463 846 videntur
1487 823 1572 859 quae
1596 819 1808 860 sequuntur
1826 811 2082 865 παρεμὸάσεων
2108 813 2164 862 βι-

1143 865 1225 903 6λία
1241 867 1291 914 θ’,
1306 879 1394 904 cum
1405 869 1624 905 Briicknero
1640 869 1693 905 ita
1705 870 1938 907 emendanda
1958 885 1966 906 :
1985 868 2165 922 παρέκὸα-

1143 938 1198 962 σιν
1223 923 1347 977 βιὸλίῳ
1379 925 1408 961 θ’
1417 953 1427 971 ,
1447 938 1534 962 nam
1554 939 1632 963 vox
1651 925 1870 978 παρέμὸασις
1889 941 2077 978 nusquam
2102 940 2166 964 re—

1144 983 1306 1033 peritur.
1325 983 1508 1021 Luchtius
1521 983 1760 1035 παρεμὸάσεις
1775 986 1905 1022 statuit
1916 999 2012 1036 opus
2030 986 2164 1031 fuisse,

1146 1041 1251 1093 quod
1269 1043 1378 1093 quasi
1389 1041 1501 1092 juxta
1515 1043 1703 1081 Historias
1721 1043 1915 1081 incederet
1933 1052 1971 1081 et
1989 1057 2048 1081 res
2065 1044 2103 1080 in
2119 1044 2166 1080 iis

1146 1108 1317 1138 narratas
1330 1101 1548 1139 illustraret.
1565 1101 1677 1149 Quod
1690 1114 1768 1138 non
1785 1101 1902 1151 magis
1916 1114 1955 1138 se
1974 1115 2168 1138 commen·-

1146 1157 1212 1194 dat
1238 1171 1353 1208 quam
1387 1159 1517 1197 Sevini
1546 1158 1765 1209 conjectura
1793 1172 1802 1195 z
1826 1157 2076 1210 παρεκὸάσεων
2110 1160 2169 1208 βι-

1148 1214 1231 1254 ὅλία
1248 1217 1288 1254 θ’.

1202 1273 1414 1328 Ἄγραφα,
1436 1288 1459 1312 a
1477 1275 1560 1312 solo
1587 1274 1793 1312 scholiasta
1813 1274 1853 1312 in
1878 1273 1969 1311 AElii
1994 1272 2170 1312 Aristidis

1150 1333 1343 1371 orationes
1361 1333 1415 1384 (p.
1442 1334 1512 1371 103
1532 1333 1591 1370 ed.
1617 1332 1838 1384 Frommel.)
1861 1339 2094 1378 memorata,
2113 1331 2172 1369 vi-

1150 1392 1292 1429 dentur
1318 1392 1567 1442 mythologici
1597 1392 1713 1429 fuisse
1734 1391 1970 1442 argumenti3
1991 1390 2170 1427 contine-

1150 1450 1245 1488 bant
1261 1450 1439 1498 fortasse,
1457 1458 1500 1488 ut
1512 1450 1694 1488 Luchtius
1706 1458 1840 1487 monet
1850 1479 1860 1496 ,
1878 1448 2173 1486 reconditiorem

1151 1518 1189 1548 et
1207 1509 1481 1548 abstrusiorem
1508 1509 1722 1546 doctrinam
1738 1508 1786 1546 de
1800 1507 1916 1545 rebus
1935 1507 2072 1555 sacris,
2090 1519 2175 1557 quae

1153 1569 1304 1619 scriptis
1334 1568 1507 1606 nondum
1541 1568 1764 1618 consignata
1792 1574 1875 1604 erat
1905 1581 1914 1602 ε
1943 1566 2045 1603 idem
2081 1578 2174 1603 vero

1152 1627 1422 1664 animadvertit
1437 1626 1599 1676 intelligi
1617 1626 1730 1662 etiam
1748 1637 1860 1675 posse
1875 1623 2014 1677 ἄγραφα
2028 1622 2174 1674 νόμιμα,

1153 1686 1282 1736 qualia
1301 1692 1562 1723 memorentur
1587 1683 1692 1734 apud
1708 1684 1858 1721 Platon.
1878 1686 1937 1720 De
1968 1683 2064 1733 legg.
2084 1683 2175 1730 VII,

1155 1750 1190 1792 [θ’
1207 1757 1246 1795 Ρ·
1266 1745 1353 1793 793.

1207 1804 1324 1852 Quod
1336 1803 1383 1841 ad
1407 1802 1570 1840 virtutes
1584 1801 1787 1839 historicas
1800 1799 2005 1850 Phylarchi
2026 1799 2173 1847 attinet,

1152 1862 1379 1901 Plutarchus
1396 1874 1483 1899 eum
1506 1861 1605 1898 inter
1623 1860 1828 1897 historicos
1848 1858 2008 1897 secundi
2030 1858 2175 1896 ordinis

1153 1922 1291 1970 refert,
1323 1921 1470 1972 quippe
1499 1920 1567 1970 qui
1599 1918 1713 1957 rebus
1744 1918 1877 1969 gestis,
1904 1930 1997 1968 quas
2025 1925 2176 1965 narrat,

1154 1995 1230 2019 non
1260 1982 1343 2032 ipse
1372 1979 1610 2022 interfuerit;
1635 1978 1730 2016 dicit
1760 1978 1862 2015 enim
1885 1992 1893 2014 ε
1919 1977 2082 2028 Ξενοφῶν
2113 1975 2176 2027 μὲν

1154 2039 1220 2091 γὰρ
1237 2038 1337 2081 αὖτὸς
1357 2040 1478 2076 ἑαυτοῦ
1497 2036 1634 2088 γέγονεν
1649 2035 1784 2088 ἱστορία
1846 2065 1856 2083 ,
1874 2037 1905 2074 οἳ
1920 2035 1949 2072 δ’
1968 2034 2067 2072 ἄλλοι
2083 2034 2177 2073 πάν-

1154 2113 1209 2141 τες
1244 2096 1431 2150 ἱστορικοὶ,
1470 2094 1723 2145 Κλειτόδημοι,
1759 2093 1921 2139 Δίυλλοι,
1960 2092 2178 2144 Φιλόχορος,

1154 2154 1346 2207 Φύλαρχος
1367 2153 1559 2206 ἀλλοτρίων
1581 2152 1743 2204 γεγόνασι
1762 2151 1870 2205 ἔργων
1888 2150 2008 2204 ὥσπερ
2037 2150 2178 2205 δραμά-

1153 2230 1222 2253 των
1241 2213 1426 2266 ὗποκριταὶ
1439 2244 1450 2262 ,
1482 2211 1545 2256 τὰς
1576 2214 1645 2250 τῶν
1678 2213 1882 2264 στρατηγῶν
1910 2210 1970 2248 καὶ
2006 2210 2176 2262 βασιλέων

1153 2271 1292 2325 πράξεις
1323 2270 1554 2322 διατιθέμενοι
1586 2269 1648 2308 καὶ
1678 2275 1755 2313 ταῖς
1783 2268 1921 2307 ἐκείνων
1950 2267 2177 2319 ὑποδυόμενοι

1156 2330 1308 2382 μνήμαις
1320 2359 1330 2377 ,
1348 2329 1405 2368 ἵνα
1424 2332 1470 2372 ὡς
1489 2331 1596 2380 αὐγῆς
1617 2344 1708 2371 τινος
1733 2327 1793 2366 καὶ
1810 2327 1920 2380 φωτὸς
1941 2327 2176 2378 μετάσχωσιν-

1154 2390 1228 2428 Sed
1248 2397 1453 2440 propterea
1469 2401 1582 2426 nemo
1607 2396 1804 2426 auctorem
1826 2394 2000 2424 nostrum
2021 2398 2176 2423 accusa—-

1155 2447 1224 2486 bit.
1243 2447 1401 2497 Maioris
1418 2448 1500 2485 sine
1515 2445 1634 2484 dubio
1656 2445 1840 2483 momenti
1861 2452 1918 2482 est
1933 2443 2028 2481 illud
2043 2473 2052 2491 ,
2072 2443 2176 2493 quod

1155 2515 1236 2544 tum
1263 2521 1310 2544 ex
1339 2506 1561 2557 fragmentis
1588 2505 1717 2555 colligi
1737 2511 1885 2555 potest,
1918 2511 1999 2539 tum
2026 2501 2175 2538 disertis

1154 2574 1326 2603 veterum
1344 2566 1577 2615 scriptorum
1592 2563 1818 2601 testimoniis
1832 2562 2055 2607 affirmatur,
2071 2572 2175 2596 uem-

1156 2638 1204 2675 pe
1224 2624 1478 2675 Phylarchum
1505 2637 1583 2660 non
1604 2623 1642 2659 in
1666 2621 1829 2672 simplici
1847 2627 2095 2668 accurataque
2114 2631 2175 2655 re-

1158 2697 1241 2720 rum
1262 2682 1520 2733 expositione,
1541 2693 1667 2731 neque
1694 2680 1734 2716 in
1766 2691 1897 2715 earum
1924 2689 2026 2713 nexu
2047 2683 2084 2712 et
2105 2689 2175 2712 nee-

1155 2742 1332 2779 cessitate
1373 2739 1600 2790 indagandis
1657 2750 1829 2788 operam·
1866 2734 2059 2785 posuisse,
2107 2733 2173 2770 sed

1155 2808 1347 2837 oratorem
1368 2799 1487 2849 egisse
1512 2799 1551 2835 in
1570 2796 1730 2834 historia
1755 2792 1977 2839 scribenda,
1994 2792 2033 2829 in
2052 2805 2175 2842 eoque

1155 2859 1258 2896 omni
1274 2857 1403 2895 studio
1419 2856 1654 2900 elaborasse,
1674 2861 1715 2890 ut
1731 2852 1879 2889 animos
1909 2850 2024 2887 variis
2049 2851 2173 2888 modis

1155 2923 1434 2962 commoveret,
1459 2923 1516 2961 et,
1544 2913 1613 2950 ubi
1634 2923 1768 2962 graves
1796 2909 1954 2947 affectus
1981 2910 2174 2947 concitare

1154 2989 1232 3013 non
1244 2983 1394 3026 posset,
1416 2973 1671 3024 permulceret
1691 2984 1734 3007 ac
1754 2969 1891 3006 leniret
1911 2968 2059 3006 animos
2079 2982 2171 3006 nar-

1154 3034 1284 3072 randis
1304 3033 1437 3084 jocose
1460 3031 1570 3068 dictis
1599 3037 1637 3066 et
1661 3028 1774 3066 rebus
1797 3027 1915 3065 miris.
1941 3029 2067 3076 Quum
2091 3028 2172 3066 talis

1155 3094 1204 3131 sit
1219 3092 1422 3132 thlarchi
1438 3089 1614 3127 historici
1637 3087 1800 3134 indoles,
1820 3095 1957 3137 sponte
1977 3086 2173 3124 suboritur

1154 3136 1314 3201 quaestio
1332 3149 1379 3186 de
1395 3148 1476 3198 ejus
1494 3146 1578 3183 lide.
1598 3149 1691 3184 Eam
1710 3146 1938 3182 imminuere
1951 3144 2079 3182 studet
2094 3149 2172 3182 Po-

1153 3209 1300 3258 lybius,
1329 3207 1413 3257 qui,
1439 3205 1589 3243 Achaeis
1617 3212 1655 3241 et
1673 3208 1788 3241 Arato
1816 3203 1981 3241 maxime
2001 3202 2170 3240 addictus

1154 3276 1191 3304 et
1207 3265 1425 3304 vehementi
1442 3265 1482 3301 in
1496 3263 1737 3301 Cleomenem
1755 3262 1846 3300 odio
1862 3261 2016 3309 ardens,
2039 3256 2175 3298 acerbe

1154 3324 1348 3362 invehitur
1369 3324 1408 3361 in
1427 3322 1681 3373 Phylarchum
1694 3351 1704 3369 ,
1723 3330 1767 3358 ut
1795 3321 1861 3372 qui
1881 3319 2073 3359 Cleomeni
2093 3326 2174 3356 toto
