2320 3684
148 179 224 212 380

198 261 340 300 Eadem
374 261 551 312 leguntur
574 259 676 312 apud
702 259 825 297 Schol.
858 259 906 296 ad
936 258 1045 297 Pind.
1065 262 1175 297 Nem.

146 323 235 366 VII,
259 320 345 369 155,
370 320 473 358 unde
491 334 511 357 a
541 318 729 358 Francino
757 318 796 355 in
817 317 958 355 scholia
979 317 1176 368 Aristoph.

145 379 251 417 illata
269 387 373 416 sunt.
389 378 547 417 Siebelis
563 377 664 414 hunc
681 376 806 413 locum
825 389 872 413 ex
892 376 1016 414 Schol.
1030 376 1070 414 in
1085 377 1176 414 Pla-

148 444 226 474 ton.
247 437 286 474 in
306 435 542 474 Siebenkesii
565 434 707 473 Anecd.
725 438 845 472 Graec.
868 435 921 471 ita
941 434 1175 472 emendavit:

195 493 253 534 Τὰ
276 492 311 532 δὲ
329 496 397 531 τῶν
419 492 611 546 Μεγαρέων
638 491 768 546 ἔῤῥωτο
784 491 845 530 καὶ
864 491 949 544 πρὸς
969 491 1102 531 ἐλπίσιν
1117 496 1177 531 τοῦ

146 552 255 605 μηδὲν
269 555 389 590 παθεῖν
406 552 626 595 ἀποστάντας
642 549 764 594 αὐτοὺς
775 566 783 574 ·
795 550 988 603 Κορινθίων
1005 551 1177 605 ἀφίσταν-

145 628 213 651 ται.
241 612 431 662 Πέμπουσι
461 612 550 659 δῆτα
634 613 663 650 εἰ
693 610 742 663 μὴ
771 609 943 665 λήψονται
974 610 1073 658 δίκην
1092 611 1177 665 παρ’

146 673 273 710 αὐτῶν.
295 670 377 722 Ἐφ’
406 663 514 714 οἷς...
529 670 608 714 τοὺς
634 668 797 725 πρέσὸεις
826 671 1046 724 παραχρῆμα
1071 669 1179 713 λίθοις

146 728 352 778 ἔὸαλον,καὶ
368 727 457 780 μετὰ
468 729 632 785 μικρὸν...
643 730 735 783 φυγῇ
749 729 818 767 τῶν
827 728 1018 781 Κορινθίων
1035 729 1180 781 ἀποχω-

146 787 295 842 ρούντων
325 786 610 841 ἐφαπτόμενοι...
631 786 747 826 παίειν
770 786 934 834 ἀλλήλοις
1006 786 1175 826 ἐκέλευον.

200 901 398 940 Scholiast.
431 846 759 952 Aristophlglut.
801 912 926 937 1000:
952 898 1071 938 Πάλαι
1099 900 1177 938 ποτ’

144 952 233 1006 ἦσαν
264 958 408 1012 ἄλκιμοι
438 958 620 1007 Μιλήσιοι.
648 956 737 1012 Περὶ
757 959 820 1004 τῆς
845 957 1034 1010 παροιμίας
1049 958 1179 1006 ταύτης

144 1017 278 1069 Δήμων
294 1018 385 1058 οὕτω
401 1017 504 1072 φησί·
521 1020 591 1056 τῶν
610 1018 738 1071 Καρῶν
756 1016 835 1070 περὶ
849 1019 910 1054 τοῦ
925 1015 1081 1068 πολέμου
1094 1017 1179 1072 πρὸς

144 1075 223 1120 τοὺς
260 1076 525 1131 Ἀμὸρακιώτας
573 1075 876 1128 βουλευσαμένων,
913 1077 1178 1128 ἀλκιμωτάτους

145 1134 246 1180 ὄντας
274 1139 343 1175 τῶν
358 1138 393 1176 ἐν
415 1135 561 1189 πολέμῳ
580 1134 762 1187 γειτόνων,
784 1134 881 1180 τίνας
909 1134 979 1187 χρὴ
1004 1139 1178 1175 ποιεῖσθαι

146 1194 378 1248 συμμάχους,
395 1197 426 1233 οἱ
448 1193 512 1243 μὲν
532 1192 611 1239 τοὺς
639 1193 834 1241 Μιλησίους
852 1196 1001 1245 ἡγοῦντο
1017 1195 1086 1233 δεῖν
1104 1211 1178 1234 πα-

147 1255 330 1305 ρακαλεῖν”
352 1253 412 1292 καὶ
432 1252 499 1307 γὰρ
532 1251 724 1306 εὖημέρουν
745 1253 823 1291 τότε
857 1252 1012 1303 μάλιστα
1030 1255 1100 1291 τῶν
1117 1270 1180 1292 πε-

147 1311 305 1364 ριοίκων,
338 1313 398 1351 καὶ
429 1310 486 1350 διὰ
515 1311 555 1350 τὸ
573 1316 726 1364 γειτνιᾷν
746 1313 790 1363 τῇ
812 1310 929 1364 Καρίᾳ
954 1309 1018 1358 τὴν
1046 1311 1178 1350 τούτων

143 1369 264 1424 χώραν
275 1386 283 1394 ·
299 1372 329 1408 οἱ
363 1369 399 1408 δὲ
420 1370 651 1409 διαλύσασθαι
666 1368 752 1423 πρὸς
763 1367 842 1412 τοὺς
858 1367 1002 1422 Πέρσας
1011 1369 1181 1409 συνεὸού-

144 1430 257 1476 λευον,
273 1428 338 1476 τὴν
354 1428 487 1468 τούτων
507 1427 620 1482 ἀρχὴν
640 1426 808 1479 μεγίστην
825 1426 1004 1478 γεγονέναι
1026 1428 1181 1481 φάσκον-

145 1503 220 1537 τες,
234 1488 294 1526 καὶ
313 1488 454 1527 πάντων
475 1485 742 1539 ἀλκιμωτάτους
760 1479 868 1535 εἶναι,
885 1491 1096 1540 κρατοῦντας
1119 1491 1181 1536 τῆς

146 1546 274 1591 Ἀσίας.
296 1546 442 1592 Ἔδοξεν
460 1541 519 1584 οῧν
537 1552 608 1589 τοῖς
628 1545 763 1599 Καρσὶν
778 1546 954 1600 ἐρωτῆσαι
971 1545 1030 1584 τὸν
1047 1546 1178 1586 Ἀπόλ-

143 1607 239 1644 λωνα
321 1605 391 1645 Τὸν
416 1604 452 1644 δὲ
472 1604 546 1644 θεὸν
570 1604 830 1659 ἀποκρίνεσθαι,

268 1670 371 1702 Πάλαι
386 1670 455 1702 ποτ’
469 1669 549 1709 ἦσαν
564 1669 688 1710 ἄλκιμοι
703 1669 865 1707 Μιλήσιοι.

144 1729 219 1767 Τοῦ
237 1727 273 1766 δὲ
294 1732 457 1783 χρησμοῦ
470 1728 684 1773 διαδοθέντος
699 1729 744 1772 εἷς
757 1727 819 1772 τὰς
839 1728 1033 1772 Ἀσιατίδας
1048 1729 1177 1778 πόλεις,

143 1789 174 1825 οἳ
196 1786 259 1839 μὲν
279 1786 450 1834 Μιλήσιοι
468 1786 531 1834 τὴν
557 1789 730 1841 προφῆτιν
751 1786 993 1839 αἰτιασάμενοι
1019 1788 1180 1844 διεφθάρ-

143 1848 200 1883 θαι
233 1845 414 1899 χρήμασιν
447 1845 514 1884 ὑπὸ
533 1848 602 1884 τῶν
634 1844 862 1896 μηδιζόντων,
899 1846 1075 1897 πανδημεὶ
1093 1850 1179 1901 [τοῖς

143 1905 260 1957 Καρσὶ
281 1904 537 1957 βοηθήσαντες,
558 1904 632 1955 καὶ]
647 1910 719 1948 τοῖς
752 1903 907 1958 Πέρσαις
938 1905 1013 1956 μετ’
1037 1906 1176 1944 ἐκείνων

143 1962 381 2014 συμὸαλόντες
392 1993 402 2011 ,
419 1963 544 2015 σχεδὸν
560 1962 712 2006 ἅπαντες
732 1962 917 2001 ἀπέθανον.
933 1963 1004 2003 Τὸν
1030 1963 1066 2003 δὲ
1089 1981 1179 2020 χρη-

143 2020 231 2072 σμὸν
251 2020 306 2060 διὰ
323 2021 386 2069 τὴν
409 2021 573 2069 ἀλήθειαν
592 2024 640 2065 εἷς
655 2021 846 2076 παροιμίαν
865 2023 987 2061 ἐλθεῖν.

195 2085 268 2118 Pro
299 2081 446 2132 Δάμων,
464 2081 569 2132 quod
586 2082 701 2132 vulgo
722 2083 796 2119 hoc
820 2082 907 2119 loco
927 2083 1079 2133 legitur,
1097 2084 1179 2121 Sie-

143 2139 238 2177 belis
255 2139 354 2178 bene
373 2141 548 2191 reposuit
564 2139 710 2191 Δήμων.
736 2141 979 2179 Phavorinus
999 2155 1036 2179 v.
1054 2141 1177 2189 Μιλή-

140 2213 223 2247 σιοι,
243 2199 309 2249 qui
329 2200 462 2237 eadem
485 2200 614 2246 refert,
629 2200 790 2237 eandem
810 2200 851 2237 in
869 2202 1037 2239 auctoris
1058 2202 1178 2239 nomi-

141 2270 189 2294 ne
202 2258 460 2308 corruptelam
475 2257 642 2295 exhibet.

194 2317 407 2353 Narrantur
423 2329 515 2353 vero
534 2316 607 2353 h.l.
625 2316 769 2364 eadem,
789 2329 874 2367 quae
891 2317 1052 2368 legimus
1068 2318 1174 2369 apud

140 2373 325 2411 Herodot.
340 2377 388 2420 V,
414 2388 428 2410 1
441 2375 590 2412 18-120
610 2383 648 2412 et
667 2375 707 2412 in
727 2375 888 2413 Diodor.
903 2377 1175 2415 Exc.Vatiean.

140 2445 178 2483 p.
199 2433 245 2479 37
268 2432 327 2471 ed.
344 2433 423 2470 Mai
445 2433 506 2484 (p.
528 2439 577 2477 4ο
597 2434 657 2471 ed.
682 2434 893 2484 Dindorf.).
914 2437 1041 2483 Quare
1057 2438 1175 2472 Hem-

911 169 1142 230 DEMopus
1168 170 1507 212 FRAGMENTA.

1237 256 1446 310 ὅρακιώτας,
1466 259 1571 310 quod
1586 260 1695 298 nihili
1712 269 1782 308 est,
1800 261 1936 312 reponi
1957 261 2094 313 jussit:
2109 263 2194 317 πρὸς
2207 267 2258 320 τῷ

1237 315 1470 368 Ααὸρανδέως
1486 317 1586 357 ἄλσει
1605 319 1628 356 i.
1643 331 1676 357 e.
1699 319 1746 356 ad
1763 319 1892 357 lucum
1915 321 2021 359 Jovis
2034 322 2259 362 Labrandei.

1237 375 1425 425 Equidem
1452 377 1607 415 malim:
1630 376 1716 430 πρὸς
1743 380 1794 431 τῷ
1824 377 1906 421 Διὸς
1934 380 2157 432 Στρατιώτου
2190 382 2258 433 (sc.

1236 433 1319 486 ἱερῷ
1338 435 1399 472 vel
1419 434 1557 487 τεμένει
1582 437 1640 473 vel
1657 435 1788 487 ἄλσει),
1811 436 1916 487 quod
1936 437 1984 475 ad
2007 437 2127 477 verba
2140 439 2262 478 Scho-

1235 492 1353 530 liastae
1381 494 1549 545 propius
1569 494 1730 532 accedit.
1763 495 1985 533 Herodotus
2012 497 2112 534 enim
2134 498 2158 535 l.
2178 499 2201 536 l.
2226 512 2259 536 c.

1241 565 1255 587 1
1268 565 1336 600 19:
1359 552 1514 591 ἐνθεῦτεν
1540 551 1576 591 δὲ
1595 554 1628 591 οἱ
1648 552 1871 607 διαφυγόντες
1890 556 2003 593 αὐτῶν
2020 554 2088 607 (sc.
2105 555 2260 609 Carum)

1236 610 1495 658 κατειλήθησαν
1524 614 1558 656 ἐς
1582 611 1795 667 Αάὸρανδα,
1823 615 1858 658 ἐς
1873 614 1956 657 Διὸς
1987 615 2161 669 Στρατίου
2174 616 2261 671 ἱρὸν,

1237 668 1329 722 μέγα
1346 685 1385 708 τε
1402 670 1462 709 καὶ
1484 671 1580 722 ἅγιον
1608 672 1712 716 ἄλσος
1739 673 1996 712 πλατανίστων.

1289 783 1415 822 Schol.
1435 787 1592 822 Homer.
1613 733 1807 835 Odys‡.l†‚
1830 786 1899 822 301
1921 799 1929 821 :
1951 787 1997 826 Οἳ
2017 785 2080 833 τὴν
2103 786 2264 841 Σαρδόνα

1236 845 1495 890 κατοικοῦντες,
1512 842 1582 881 ἀπὸ
1596 843 1848 897 Καρχηδονίων
1864 843 1974 892 ὄντες,
1994 847 2150 898 χρῶνται
2167 844 2265 900 νόμῳ

1236 899 1303 938 τινὶ
1322 901 1525 956 βαρὸαρικῷ
1545 900 1606 940 καὶ
1627 901 1716 940 πολὺ
1729 903 1798 940 τῶν
1811 901 1994 954 Ἑλλήνων
2006 903 2265 957 διηλλαγμένῳ.

1237 960 1300 1013 Τῷ
1315 958 1382 1012 γὰρ
1402 959 1528 1013 Κρόνῳ
1561 959 1699 999 θύουσιν
1725 960 1874 1014 ἡμέραις
1893 961 1964 1000 τισὶ
1982 960 2209 1014 τεταγμέναις
2226 963 2266 1001 οὗ

1238 1015 1342 1068 μόνον
1373 1020 1442 1055 τῶν
1469 1017 1706 1070 αἰχμαλώτων
1730 1017 1809 1062 τοὺς
1840 1020 2068 1069 καλλίστους,
2089 1018 2178 1058 ἀλλὰ
2205 1019 2267 1059 καὶ

1239 1078 1307 1114 τῶν
1324 1075 1568 1129 πρεσὸυτέρων
1588 1076 1664 1120 τοὺς
1684 1075 1770 1131 ὑπὲρ
1784 1077 2026 1128 ἑὸδομήκοντα
2045 1078 2106 1126 ἔτη
2124 1093 2269 1130 γεγενη-

1241 1133 1376 1186 μένους.
1396 1134 1542 1179 Τούτοις
1562 1134 1602 1182 δὴ
1621 1134 1796 1187 θυομένοις
1810 1135 1850 1174 τὸ
1870 1134 1932 1188 μὲν
1950 1137 2107 1192 δακρύειν
2122 1137 2267 1190 αἰσχρὸν

1238 1187 1326 1231 εἶναι
1346 1194 1439 1232 δοκεῖ
1457 1194 1516 1232 καὶ
1538 1195 1674 1243 δοῦλον,
1701 1194 1742 1232 τὸ
1770 1194 1806 1232 δὲ
1834 1196 2051 1240 ἀσπάζεσθαι
2081 1196 2141 1234 καὶ
2160 1198 2266 1250 γελᾷν

1239 1251 1388 1305 ἔσχατον
1407 1252 1468 1291 καὶ
1487 1253 1679 1306 προϊόντων
1698 1252 1870 1307 ἀνδρῶδές
1884 1269 1922 1292 τε
1939 1254 2000 1292 καὶ
2018 1254 2136 1294 καλόν.
2157 1253 2269 1294 ’Ὅθεν

1239 1309 1324 1363 φασὶ
1341 1310 1401 1348 καὶ
1420 1310 1478 1349 τὸν
1493 1310 1551 1348 ἐπὶ
1571 1313 1671 1363 κακῷ
1685 1311 1922 1363 προσποίητον
1939 1311 2078 1364 γέλωτα
2096 1314 2269 1360 κληθῆναι

1240 1367 1443 1422 Σαρδόνιον.
1465 1368 1512 1408 Ἥ
1533 1368 1569 1407 δὲ
1593 1369 1730 1422 ἱστορία
1749 1368 1846 1424 παρὰ
1863 1369 2023 1421 Δήμωνι.

1292 1428 1451 1467 Siebelis
1467 1444 1475 1466 :
1502 1446 1517 1462 «
1537 1427 1686 1480 ἔσχατον
1723 1428 1783 1467 καὶ
1819 1429 2012 1483 προϊόντων
2046 1430 2270 1469 insolentius

1239 1487 1383 1524 dictum
1403 1495 1460 1524 est
1478 1500 1552 1538 pro
1577 1486 1724 1539 ἔσχατον
1748 1487 1807 1526 καὶ
1824 1486 2027 1542 προϊόντας,
2055 1488 2122 1527 sed
2139 1490 2270 1528 nescio

1239 1560 1286 1583 an
1308 1545 1555 1583 scribendum
1587 1547 1635 1584 sit
1654 1562 1662 1584 :
1689 1545 1847 1598 ἐσχάτων
1878 1546 1939 1585 καὶ
1959 1546 2164 1602 προϊόντων,
2181 1551 2268 1586 dum

1240 1615 1409 1642 extrema
1423 1610 1532 1643 etiam
1542 1616 1744 1656 parantur.
1757 1623 1773 1640 »
1788 1606 1900 1655 Quod
1919 1606 2010 1644 ferri
2031 1620 2109 1644 non
2126 1615 2268 1658 potest.

1239 1664 1459 1714 Legendum
1478 1673 1592 1715 puto:
1609 1664 1665 1702 ἐπ’
1681 1663 1817 1716 ἔσχατα
1833 1664 2031 1719 προϊόντας.
2049 1666 2164 1704 Paulo
2182 1675 2271 1704 ante

1239 1722 1327 1760 fort.
1348 1721 1519 1763 δουλικόν.
1543 1726 1722 1762 Ceterum
1743 1725 1791 1761 cf.
1811 1724 1940 1762 Timaei
1960 1725 2005 1762 fr.
2025 1725 2094 1773 28,
2117 1738 2178 1775 29.

1726 1781 1782 1819 12.

1291 1839 1452 1878 Photius
1473 1853 1502 1878 s.
1522 1854 1560 1878 V.
1581 1840 1691 1893 Σαρδ.
1720 1841 1815 1891 γελ.;
1837 1839 2020 1894 Παροιμία
2048 1839 2191 1880 ἐπὶτῶν
2213 1841 2270 1880 ἐπ’

1237 1896 1368 1951 ὀλέθρῳ
1385 1899 1436 1951 τῷ
1449 1900 1545 1952 σφῶν
1564 1899 1677 1937 αὐτῶν
1694 1897 1889 1950 γελώντων,
1904 1899 1947 1947 ἣν
1961 1899 2093 1952 Δήμων
2110 1898 2174 1951 μὲν
2194 1901 2270 1939 δια-

1238 1955 1399 2004 δοθῆναι,
1423 1955 1476 1995 ὅτι
1510 1958 1542 1994 οἱ
1568 1956 1729 2011 Σαρδόνα
1760 1961 2001 2001 κατοικοῦντες
2029 1957 2268 2010 αἰχμαλώτων

1236 2029 1274 2052 τε
1293 2013 1373 2058 τοὺς
1401 2015 1608 2059 καλλίστους
1636 2015 1696 2054 καὶ
1722 2015 1976 2071 πρεσὸυτέρους
2005 2016 2092 2069 ὑπὲρ
2112 2016 2268 2068 ἑὸδομή-

1236 2088 1343 2111 κοντα
1362 2072 1423 2120 ἔτη
1447 2076 1497 2127 τῷ
1521 2073 1645 2128 Κρόνῳ
1673 2073 1769 2113 ἔθυον
1792 2076 1985 2126 γελῶντας,
2012 2074 2114 2115 ἕνεκα
2138 2078 2199 2114 τοῦ
2228 2076 2268 2115 τὸ

1236 2130 1404 2185 ἔπανδρον
1426 2133 1592 2186 ἐμφῆναι.

1290 2191 1425 2230 Suidas
1448 2201 1486 2229 et
1505 2193 1728 2243 Apostolius
1763 2194 1896 2232 eadem
1919 2194 2103 2244 referunt,
2124 2197 2186 2234 ille
2209 2202 2268 2232 ta-

1237 2263 1324 2287 men
1343 2249 1506 2303 εὔανδρον
1521 2251 1638 2289 habet
1653 2265 1725 2302 pro
1745 2251 1912 2306 ἔπανδρον
1934 2267 1942 2290 :
1961 2253 2063 2305 apud
2083 2254 2185 2293 hunc
2206 2252 2266 2292 καὶ

1236 2308 1367 2360 Δήμων
1388 2308 1630 2347 scribendum
1652 2325 1723 2362 pro
1744 2310 1938 2362 Καδήμων.

1722 2375 1781 2413 13.

1291 2437 1451 2476 Zenobii
1475 2440 1660 2478 Proverb.
1678 2443 1725 2486 V,
1752 2442 1799 2479 52
1831 2455 1839 2478 :
1866 2438 1987 2479 “Ὀπου
2012 2441 2047 2478 αἱ
2073 2438 2195 2493 ἔλαφοι
2221 2439 2266 2479 τὰ

140 2491 353 2529 sterhusius
371 2492 420 2529 ad
439 2492 638 2543 Aristoph.
659 2494 682 2531 l.
705 2494 729 2532 l.
758 2506 831 2544 pro
847 2508 856 2530 :
885 2493 971 2546 πρὸς
990 2492 1069 2537 τοὺς
1085 2494 1174 2545 Ἀμ-
1237 2494 1368 2548 κέρατα
1385 2497 1656 2538 ἀποὸάλλουσιν.
1674 2497 1721 2538 ‘0
1740 2498 1874 2551 Δήμων
1892 2498 2010 2552 φησὶν,
2033 2499 2068 2537 ἐν
2088 2504 2160 2543 τοῖς
2174 2513 2265 2552 τρα-

625 2611 685 2644 10.

185 2672 367 2711 Quondam
376 2672 487 2746 {uere
511 2675 646 2706 strenui
670 2673 810 2706 Milesii.
839 2676 888 2706 De
916 2674 979 2705 hoc
1003 2673 1175 2715 proverbio

139 2715 242 2746 Demo
254 2714 298 2746 ita
312 2715 374 2747 scri
399 2715 424 2746 it
441 2724 449 2746 :
465 2717 575 2752 Quum
590 2718 688 2748 cares
704 2715 745 2747 ad
762 2715 874 2747 lucum
890 2715 983 2747 Jovis
999 2715 1173 2747 Labrandii

142 2760 204 2801 (vel
221 2761 345 2803 Stratii)
366 2756 407 2794 de
422 2761 507 2794 bello
536 2761 776 2801 consultarent,
794 2761 847 2793 alii
873 2761 1017 2793 Milesios
1045 2770 1174 2794 censue-

142 2809 218 2839 runt
234 2816 306 2840 esse
323 2808 532 2841 advocandos
549 2818 557 2840 :
573 2817 628 2841 eos
643 2808 730 2841 enim
753 2808 944 2841 auctoritate
965 2808 1106 2840 maxime
1121 2817 1174 2840 va-

139 2853 204 2886 lere
227 2855 396 2895 omnium,
421 2856 477 2896 qui
504 2856 590 2888 circa
620 2856 830 2896 habitarent,
864 2864 1041 2896 eorumque
1055 2857 1174 2887 terram

140 2901 244 2934 cariae
261 2911 332 2936 esse
339 2903 563 2937 vicinam.Alii
576 2906 759 2943 suaserunt,
776 2906 814 2936 ut
829 2904 1023 2942 cumvPersis
1038 2904 1174 2946 pacisce-

142 2950 268 2989 rentur,
281 2959 338 2982 eos
364 2951 543 2983 maximum
561 2951 678 2983 hahere
697 2951 870 2992 imperium
890 2950 1054 2991 dicentes,
1073 2952 1174 2983 omni-

142 3003 262 3035 umque
295 3005 365 3029 esse
390 2998 634 3038 potentissimos
648 3022 658 3038 ,
694 2998 729 3030 iu
768 3006 907 3039 quorum
933 2998 1056 3031 ditione
1089 3000 1175 3032 esset

139 3041 221 3072 Asia.
242 3042 367 3120 Ρέειοιιὶῐ
389 3043 503 3084 igitur,
525 3047 561 3076 ut
584 3044 764 3086 Apollinem
792 3044 1007 3078 consulerent.
1035 3047 1122 3078 Deus
1134 3045 1174 3078 iis

143 3095 257 3128 respon
282 3089 328 3120 it:

307 3154 405 3183 Fuere
419 3155 578 3194 quondam
595 3157 714 3185 strenui
727 3156 854 3188 Milesii.

146 3215 213 3245 Hoc
226 3215 356 3247 oraculo
372 3225 427 3257 per
442 3218 527 3250 Asiae
556 3219 654 3251 urbes
669 3219 836 3261 divulgato
848 3245 856 3260 ,
874 3219 991 3253 Milesii
1014 3220 1173 3254 sacerdoti

144 3261 373 3302 exprobrantes
387 3287 395 3302 ,
415 3269 599 3307 corruptam
621 3276 692 3300 eam
708 3277 779 3301 esse
799 3269 840 3300 ab
862 3269 920 3310 iis,
941 3269 996 3310 qui
1012 3270 1113 3303 Medis
1131 3271 1172 3303 sa-

145 3309 256 3339 verent
275 3332 284 3348 ‚
313 3310 451 3342 caribus
478 3314 565 3344 omni
594 3315 714 3355 populo
744 3316 865 3348 auxilio
886 3320 1059 3357 venerunt,
1076 3320 1172 3359 atque

144 3355 256 3386 Persas
271 3363 346 3386 cum
363 3357 412 3388 his
428 3359 578 3399 aggressi,
594 3369 706 3394 omnes
726 3362 791 3394 sere
806 3363 879 3394 oaesi
900 3366 987 3396 sunt.
997 3365 1170 3397 oraculum

140 3403 272 3442 propter
291 3402 455 3436 veritatem
472 3406 503 3436 in
518 3407 724 3446 proverbium
746 3409 837 3442 abiit.

1278 2662 1375 2703 Apud
1388 2669 1455 2700 eos,
1470 2662 1526 2701 qui
1540 2661 1723 2694 Sardiniam
1739 2661 1895 2702 incolunt,
1911 2671 1930 2694 a
1945 2661 2264 2703 Carthaginiensibus

1233 2708 1402 2748 oriundos,
1417 2707 1543 2740 obtinet
1558 2718 1630 2741 mos
1641 2708 1798 2741 barbarus
1811 2711 1843 2741 et
1855 2718 1875 2741 a
1887 2709 2009 2741 Graecis
2022 2709 2116 2750 plane
2125 2709 2262 2743 alienus.

1235 2757 1373 2787 Saturno
1385 2755 1472 2786 enim
1489 2755 1586 2787 certis
1601 2755 1715 2788 diebus
1731 2757 1875 2788 mactant
1890 2764 1931 2787 ex
1954 2755 2092 2796 captivis
2113 2756 2146 2788 et
2158 2755 2264 2790 sortis-

1233 2801 1334 2833 simos
1350 2803 1382 2833 et
1403 2800 1569 2832 seniorum
1588 2810 1662 2841 eos,
1688 2802 1743 2842 qui
1760 2810 1881 2834 annum
1904 2801 2176 2842 septuagesimum
2195 2805 2264 2844 jam

1232 2849 1352 2889 egressi
1369 2850 1455 2880 sunt.
1478 2848 1548 2888 His,
1561 2850 1617 2890 qui
1633 2849 1855 2890 immolantur,
1874 2849 2034 2881 lacrimari
2052 2851 2146 2891 turpe
2165 2852 2261 2891 atque
2306 2880 2309 2885 ⁴

1231 2895 1386 2928 illiberale
1401 2904 1473 2928 esse
1487 2896 1626 2937 videtur,
1645 2906 1680 2929 se
1691 2897 1831 2929 invicem
1843 2905 1921 2929 vero
1937 2896 2086 2937 amplecti
2098 2897 2131 2928 et
2143 2896 2259 2939 ridere,

1231 2942 1311 2974 dum
1327 2945 1471 2975 extrema
1484 2945 1666 2984 perpessuri
1683 2946 1777 2983 sunt,
1797 2943 1970 2976 honestum
1988 2946 2020 2976 et
2039 2943 2132 2976 sortis
2147 2944 2260 2976 animi.
2297 2950 2304 2955 ’·

1232 2989 1324 3022 Unde
1346 2990 1445 3021 risum
1463 2990 1652 3022 simulatum
1668 2989 1708 3022 de
1720 2990 1806 3022 malo
1827 2991 1935 3031 aliquo
1947 3015 1955 3031 ‚
1973 2991 2082 3031 aiunt,
2106 2991 2260 3032 appellari

1231 3037 1434 3070 Sardonium.
1452 3037 1530 3069 Haec
1543 3037 1685 3070 narratio
1699 3038 1789 3070 extat
1806 3037 1892 3079 apud
1907 3039 2096 3070 Demonem.
2120 3074 2124 3076 ‚

1273 3131 1375 3163 Risus
1388 3130 1586 3163 sardonius.
1608 3130 1821 3163 Proverbium
1837 3131 1877 3164 de
1895 3132 1944 3168 iis,
1960 3131 2036 3172 qui,
2054 3139 2156 3172 quum
2173 3139 2260 3172 pere·

1231 3181 1309 3218 unt,
1342 3178 1459 3210 rident.
1483 3178 1521 3211 Id
1539 3179 1648 3211 autem
1663 3178 1739 3210 inde
1757 3180 1864 3210 ortum
1891 3187 1963 3211 esse
1985 3180 2111 3210 Demon
2138 3177 2257 3218 tradit,
2296 3199 2314 3228 Τ

1230 3225 1319 3266 quod
1342 3225 1434 3258 Sardi
1457 3227 1661 3266 captivorum
1689 3225 1925 3266 pulcherrimos
1946 3228 1979 3258 et
1991 3235 2083 3258 senes
2097 3227 2260 3268 septuage-
2318 3248 2320 3256 ,

1230 3272 1328 3303 nariis
1345 3273 1481 3312 majores
1494 3273 1632 3304 Saturno
1649 3271 1864 3314 immolarent,
1878 3274 1935 3315 qui
1950 3273 1990 3305 ad
2002 3273 2216 3306 constantiam
2226 3274 2260 3306 et
2310 3281 2315 3284 ’

1231 3318 1453 3351 fortitudinem
1473 3327 1566 3351 suam
1588 3318 1812 3351 declarandam
1829 3319 1932 3353 ridere
1948 3320 2095 3352 solerent.

1713 3367 1727 3399 l
1738 3367 1773 3399 3.

1279 3412 1337 3445 sz'
1356 3414 1445 3445 cervi
1459 3420 1592 3445 cornua
1608 3412 1787 3452 abjiciunt.
1814 3415 1913 3446 Demo
1924 3413 1978 3454 ait,
1996 3413 2028 3446 in
2046 3413 2125 3446 loeis
2138 3411 2258 3455 asperis
