2294 3704
931 123 996 163 DE
1023 124 1329 167 HELLANICO.

77 226 156 265 quo
172 228 219 252 cx
237 213 341 252 sonte
357 213 496 265 dogma
510 210 694 263 quodque
709 211 887 248 haustum
906 210 969 258 sit,
984 210 1098 247 intel-

2078 139 2181 168 XXXI

1159 215 1246 250 Non
1263 214 1361 264 fugit
1388 214 1462 252 hoc
1482 226 1551 252 nec
1570 213 1701 266 sugere
1730 214 1858 265 potuit
1873 215 2063 253 Welckeri
2079 229 2183 267 saga-

77 273 206 324 ligant.
222 272 328 311 Idem
340 272 404 310 ille
426 269 660 317 Hellanicus,
683 269 751 319 qui
769 269 806 306 h.
825 268 851 306 l.
870 268 1098 319 praeclarum
1156 270 1310 309 citatem
1341 272 1404 318 (de
1421 273 1522 323 Cycl.
1540 275 1654 311 Hom.
1675 286 1714 324 p.
1730 271 1809 324 49).
1840 277 2020 312 Attamen
2037 287 2115 312 non
2133 275 2182 315 ad

77 332 200 370 edidit
222 329 452 370 eruditionis
477 337 515 367 et
546 327 743 379 sapientiae
775 327 992 378 specimen,
1020 340 1098 364 non

77 391 261 429 dedecere
273 389 424 441 putavit
435 400 542 426 suam
557 399 773 438 personam,
787 386 819 424 si
834 386 918 423 aliis
933 385 972 423 in
990 385 1097 431 locis,

76 449 145 488 ubi
155 462 268 488 merae
278 448 448 486 historiae
455 446 653 484 narrandae
663 454 804 492 essent,
816 458 896 483 rem
907 457 1099 496 quamque

76 509 140 556 ita,
158 517 200 546 ut
214 507 330 545 fando
344 506 405 544 vel
422 506 506 544 aliis
525 505 651 544 modis
666 506 889 557 accepisset,
903 503 1098 541 narrando

76 566 264 605 redderet.
291 565 405 604 Unde
426 564 642 603 necessario
663 564 799 602 debuit
814 563 1020 610 nonnulla,
1037 563 1098 599 vel

75 625 106 664 si
125 625 243 663 mavis
262 624 397 673 multa,
419 624 574 674 scriptis
589 623 668 661 suis
686 622 915 669 immiscere,
941 634 1023 672 quae
1038 621 1098 659 vel

75 696 167 723 sana
190 683 286 721 ratio
303 683 585 720 demonstraret
604 695 703 720 vana
717 694 799 719 esse
809 694 879 718 nec
891 681 970 718 ullo
981 679 1098 717 modo

74 742 149 780 fide
166 741 292 793 digna.
320 745 496 780 Fortasse
521 741 585 778 hic
612 741 718 778 locus
742 739 1021 777 desumtusest
1050 752 1099 776 ex

73 800 393 851 AEgyptiacorum
412 798 652 850 praefatione,
672 798 713 836 in
731 811 807 848 qua
827 797 956 835 multis
973 797 1098 835 modis

74 859 202 910 potuit
223 859 450 910 sapientiam
473 871 583 896 suam
605 866 643 896 et
656 856 857 909 judicandi
878 856 1098 894 facultatem

74 918 282 967 declarare,
304 931 383 968 quo
403 917 524 968 magis
545 917 808 968 perspicerent
831 916 1012 963 lectores,
1031 915 1099 953 ubi

73 984 263 1016 narrasset
285 989 345 1014 res
368 989 521 1014 omnem
542 975 657 1014 fidem
682 975 889 1013 humanam
910 987 1099 1024 superan—

75 1045 144 1085 tes,
154 1036 192 1074 id
210 1035 258 1074 ab
273 1036 358 1087 ipso
371 1036 514 1074 factum
524 1049 605 1074 esse
617 1048 697 1073 non
707 1034 846 1086 judicii
865 1034 1098 1082 infirmitate,

73 1095 140 1135 sed
172 1096 350 1148 religiosa
374 1095 541 1147 quadam
571 1096 612 1133 in
636 1094 830 1133 narrando
857 1094 1066 1145 diligentia.
1084 1111 1099 1128 »

73 1154 164 1193 Νο11
184 1167 206 1192 a
230 1167 291 1192 me
315 1154 522 1205 impetrare
546 1163 589 1192 ut
609 1154 690 1192 haec
715 1153 883 1191 refutare
910 1153 1098 1191 studeam.

72 1214 300 1252 Deleveram
315 1213 354 1251 in
371 1214 594 1264 fragmentis
610 1214 737 1251 locum
753 1213 870 1251 modo
887 1213 1098 1260 laudatum,

73 1272 218 1323 quippe
249 1285 365 1322 quem
396 1272 513 1310 animi
539 1285 673 1310 caussa
691 1272 879 1310 Arrianus
901 1272 1100 1310 Hellanico

73 1330 290 1378 tribuisset3
312 1330 380 1368 sed
402 1330 483 1381 jam
509 1331 618 1369 vides
643 1344 722 1369 non
740 1344 823 1369 esse
842 1344 911 1368 cur
931 1331 1099 1368 levitatis

73 1391 233 1428 crimine
248 1390 454 1427 Arrianum
473 1403 690 1437 oneremus,
703 1403 822 1440 quum
842 1390 900 1427 vel
916 1389 997 1427 haec
1012 1389 1097 1440 ipsa

73 1449 134 1488 vel
157 1449 295 1487 similia
314 1449 449 1486 saltem
468 1448 508 1486 in
527 1449 786 1499 AEgyptiacis,
805 1461 891 1499 quae
909 1449 1099 1487 Hellanici

73 1508 230 1546 nomine
257 1506 647 1552 circumferebantur,
686 1507 849 1557 reperiri
881 1507 1094 1558 potuerint,

73 1580 143 1605 nec
160 1573 318 1604 auctore
333 1565 518 1616 AEgyptio
536 1565 612 1603 sint
627 1565 799 1616 indigna.

125 1625 276 1664 Deinde
298 1637 381 1676 quae
408 1638 456 1662 ex
476 1624 659 1663 Gentium
689 1623 922 1663 Nominibus
950 1624 1009 1672 (fr.
1030 1625 1096 1676 93)

73 1685 121 1724 de
156 1683 331 1722 moribus
365 1682 577 1733 Libyorum
611 1683 809 1733 leguntur,
850 1682 984 1721 eadem
1018 1683 1098 1722 fere

71 1743 176 1795 apud
201 1742 445 1781 Herodotum
466 1749 639 1788 exstant,
668 1749 710 1779 ut
725 1740 806 1792 jam
824 1741 1097 1780 Valckenarius

71 1802 310 1841 Hellanicum
319 1801 579 1851 suspicaretur
587 1800 828 1838 Herodotum
837 1802 1095 1851 exscripsisse.

72 1862 195 1912 Igitur
222 1861 304 1898 haec
328 1872 484 1911 quoque
506 1860 746 1909 Hieronymo
769 1859 974 1897 tribuenda
996 1868 1096 1907 sunt,

71 1921 184 1959 sicuti
210 1920 326 1957 etiam
355 1922 433 1956 Iter
454 1918 503 1956 ad
533 1918 719 1969 templum
747 1919 855 1956 Jovis
884 1919 1095 1968 Ammonis,

72 1992 187 2030 quem
207 1978 349 2016 librum
370 1990 449 2014 non
470 1990 562 2014 vere
584 1977 775 2015 Hellanici
793 1991 874 2015 6556
893 1978 1097 2016 Athenaeus

71 2038 251 2089 indigitat
266 2035 397 2074 verbis
414 2050 422 2073 ε
444 2036 475 2073 εἰ
491 2034 634 2087 γνήσιον
650 2035 690 2074 τὸ
704 2034 933 2089 σύγγραμμα.

125 2100 260 2134 Restat
277 2094 381 2133 aliud
398 2094 588 2133 Hellanici
610 2108 709 2145 opus
732 2094 831 2138 Διὸς
851 2094 1097 2147 πολυτυχία

72 2157 313 2208 inscriptum.
346 2155 461 2203 Quod
478 2163 609 2193 utrum
637 2156 837 2193 metricum
862 2169 960 2206 opus
982 2155 1097 2194 fuerit

71 2229 205 2264 necne,
220 2215 424 2265 dijudicari
439 2214 502 2252 vix
512 2222 648 2265 potest.
661 2217 760 2252 Nam
770 2227 818 2251 ne
834 2213 930 2252 illud
939 2214 1096 2265 quidem

72 2275 162 2313 satis
178 2275 336 2321 scimus,
356 2272 449 2323 quid
471 2272 604 2310 titulus
626 2271 698 2309 sibi
715 2272 821 2310 velit.
841 2273 1002 2311 Vossius
1026 2277 1097 2321 (De

72 2334 206 2371 histor.
233 2335 300 2370 Gr.
326 2345 364 2382 p.
386 2331 475 2382 450)
496 2330 702 2381 legendum
727 2331 878 2381 putavit
905 2331 1096 2370 πολυτοκία

71 2394 131 2432 vel
148 2391 369 2435 πολυτεκνία.
390 2391 492 2429 «Sed
507 2405 584 2429 non
600 2391 730 2438 video,
747 2391 921 2429 Sturzius
937 2391 1008 2438 ait,
1029 2406 1098 2430 cur

71 2466 150 2490 non
166 2449 365 2503 πολυτυχία
390 2449 438 2487 ad
461 2450 675 2500 analogiam
698 2449 865 2487 nominis
892 2449 1036 2502 εὐτυχία
1058 2459 1096 2488 61

73 2510 266 2558 similium,
281 2517 384 2547 recte
398 2509 476 2546 dici
485 2509 658 2560 potuerit
665 2508 712 2547 de
725 2508 829 2546 varia
840 2517 878 2546 et
891 2509 1093 2560 multiplici

73 2569 245 2616 fortuna,
266 2569 321 2606 ita
347 2576 389 2605 ut
410 2568 485 2605 hoc
510 2581 596 2607 raro
624 2576 663 2606 et
687 2568 881 2618 exquisito
903 2568 1095 2606 vocabulo

71 2629 306 2667 indicaretur
319 2627 480 2666 historia
493 2627 572 2665 sive
587 2641 740 2665 carmen
758 2627 806 2665 de
820 2631 929 2675 Jove,
947 2629 1096 2667 ratione

71 2687 261 2738 imprimis
289 2685 423 2723 habita
448 2685 644 2723 variarum
673 2685 838 2723 fortunae
858 2686 1094 2725 vicissitudi-

72 2758 185 2793 num,
215 2744 356 2796 quibus
384 2744 578 2782 obnoxius
610 2745 693 2782 suit.
727 2747 820 2793 Quae
849 2745 1001 2795 quidem
1034 2759 1095 2783 res

73 2805 299 2856 ampliorem
347 2803 516 2853 fingendi
577 2803 846 2853 scribendique
897 2805 1094 2842 materiam

74 2863 380 2915 suppeditaverit
395 2874 547 2900 necesse
562 2871 632 2908 651,
650 2874 765 2912 quam
780 2862 859 2899 sola
883 2861 1093 2900 liberorum

74 2923 295 2961 multitudo.
318 2922 383 2960 Sin
403 2930 530 2960 autem
553 2922 634 2959 haec
656 2922 754 2959 ratio
771 2922 938 2970 cuipiam
958 2922 1094 2973 displi-

74 2989 147 3029 cet,
162 2981 290 3018 videat
302 2980 365 3017 ille
382 2993 429 3017 an
445 2981 566 3030 magis
579 2979 779 3030 probanda
794 2980 969 3018 videatur
981 2982 1094 3019 πολυ-

73 3038 217 3091 πτυχία,
231 3047 272 3076 111
284 3038 486 3090 multiplex
500 3048 537 3076 et
554 3047 768 3076 tortuosum
778 3041 798 3076 J
802 3039 885 3075 ovis
895 3039 1092 3089 ingenium

74 3097 222 3135 dicatur
237 3096 285 3134 ab
300 3097 500 3134 Hellanico
517 3096 753 3147 descriptum
769 3097 921 3134 fuisse.»
941 3098 1093 3147 Perpla-

74 3165 134 3193 cet
151 3156 242 3193 mihi
260 3156 341 3193 haec
355 3155 589 3206 conjectura,
604 3155 780 3206 quamvis
795 3155 841 3192 de
857 3168 970 3193 sensu
987 3157 1092 3194 vocis

73 3213 294 3266 πολυπτυχία
308 3214 438 3265 paullo
451 3215 559 3251 aliter
571 3213 815 3251 statuendum
831 3222 976 3264 putem.
993 3218 1092 3252 Ante

74 3272 203 3309 omnia
222 3285 316 3309 vero
335 3272 568 3310 monendum
585 3280 666 3309 erat
681 3272 755 3308 1106
768 3273 952 3322 scriptum
965 3272 1091 3309 histo-

74 3331 280 3382 riographo
314 3340 446 3370 nostro
477 3332 634 3369 omnino
661 3330 959 3382 abjudicandum
993 3344 1086 3368 esse.

1159 331 1449 378 grammaticum
1471 331 1714 369 Hellanicum
1731 331 1806 369 hoc
1824 332 2011 383 scriptum
2034 333 2182 370 retule-

1157 387 1230 424 rim
1241 417 1251 435 ,
1269 402 1354 438 quae
1370 399 1426 427 est
1441 391 1634 428 Welckeri
1653 391 1860 439 sententia,
1872 391 1938 430 sed
1954 391 2001 430 ad
2016 392 2183 430 eundem

1158 446 1225 495 qui
1260 449 1488 498 AEgyptiaca
1521 457 1636 499 atque
1661 453 1739 487 Iter
1771 449 1819 488 ad
1854 450 2039 501 templum
2074 454 2182 489 Jovls

1157 504 1362 542 Ammonis
1394 509 1631 557 composuit3
1669 509 1783 559 quid,
1817 523 1895 547 uon
1923 509 2183 560 improbabile

1158 570 1215 598 est
1234 561 1316 605 Διὸς
1335 564 1579 616 πολυπτυχίαν
1597 596 1608 614 ,
1634 567 1747 604 sicuti
1767 567 2012 618 theogoniam
2036 568 2184 619 Orphi-

1158 633 1240 658 cam
1252 650 1262 668 ‚
1291 630 1440 672 partem
1468 623 1584 661 fuisse
1613 626 1941 676 AEgyptiacorum.
1979 630 2077 665 Nam
2106 640 2185 665 non

1157 679 1317 728 dubito,
1350 681 1444 730 quin
1474 693 1745 731 argumentum
1771 684 1852 735 ejus
1880 685 1969 723 libri
1996 685 2113 724 fuerit
2136 686 2184 725 de

1156 737 1331 775 doctrina
1346 740 1627 789 cosmogonica.
1638 742 1790 791 Jupiter
1797 744 1978 794 Orphicis
1989 744 2047 782 his
2059 744 2186 796 philo-

1159 797 1291 847 sophis
1307 805 1377 844 est,
1395 805 1439 835 ut
1458 798 1580 848 ipsius
1599 799 1824 850 Hieronymi
1846 802 1977 840 verbis
1994 816 2075 841 rem
2097 803 2184 841 elo-

1158 869 1255 906 quar
1268 885 1279 903 ‚
1296 858 1314 894 ὁ
1327 854 1565 907 πολυτίμητος
1581 886 1589 894 .
1600 885 1607 893 .
1618 886 1626 894 .
1643 856 1765 910 χρόνος
1782 859 1932 912 ἀγήραος
1943 891 1953 908 ,
1967 860 2028 898 καὶ
2053 860 2186 914 αἰθέρος
2198 856 2209 868 “

1156 913 1218 952 καὶ
1235 914 1344 966 χάους
1362 914 1482 968 πατήρ
1503 945 1512 953 .
1525 945 1551 953 ..
1572 914 1633 953 καὶ
1654 915 1722 963 ἤδη
1740 919 1762 963 ἡ
1782 917 1940 968 θεολογία
1959 918 2180 971 πρωτόγονον

1156 973 1301 1025 ἀνυμνεῖ
1319 972 1378 1012 καὶ
1395 972 1463 1012 Δία
1479 975 1601 1022 καλεῖ,
1627 973 1770 1012 πάντων
1796 975 2007 1029 διατάκτορα
2026 977 2085 1015 καὶ
2104 977 2185 1016 δ’λου

1155 1036 1216 1070 τοῦ
1232 1031 1378 1083 κόσμου.
1404 1037 1508 1084 Apte
1524 1033 1645 1085 igitur
1663 1034 1773 1071 Jovis
1791 1047 1931 1072 nomen
1949 1037 2041 1086 poni
2058 1039 2186 1087 potuit

1157 1091 1197 1128 in
1223 1091 1348 1129 fronte
1376 1092 1504 1142 operis
1534 1091 1766 1142 theogonici.
1796 1095 1896 1130 Tum
1924 1093 1963 1129 in
1991 1094 2188 1145 πολυτυχία

1157 1157 1276 1195 latere
1305 1157 1524 1208 putaverim
1556 1157 1775 1209 πολυμυχία,
1807 1159 1873 1208 qui
1906 1159 2037 1196 titulus
2057 1160 2188 1198 similis

1159 1225 1258 1255 esset
1273 1217 1328 1254 illi
1347 1216 1581 1266 Pherecydei
1600 1217 1731 1267 operis
1750 1215 2186 1269 Ἑπτάμυχος111561·1ρ11.

1159 1276 1232 1314 Sed
1267 1275 1553 1327 praeferendum
1588 1275 1751 1313 fortasse
1785 1283 1843 1313 est
1879 1275 1986 1326 quod
2016 1277 2188 1314 Sturzius

1158 1335 1374 1387 suspicatus
1393 1343 1463 1381 est,
1488 1333 1713 1386 πολυπτυχία
1747 1334 1863 1380 Quod
1886 1334 1979 1384 quid
2000 1334 2073 1372 sibi
2095 1336 2189 1372 velit

1158 1394 1427 1445 explicandum
1437 1403 1555 1431 estex
1569 1393 1772 1443 allegorica
1780 1393 2041 1443 Orphicorum
2056 1393 2187 1431 dicen-

1159 1453 1199 1491 di
1227 1454 1395 1500 ratione,
1414 1461 1528 1503 atque
1552 1451 1757 1502 significari
1784 1459 1911 1502 potest
1932 1451 2035 1489 hisce
2060 1451 2188 1490 verbis

1157 1512 1394 1562 Pherecydis
1413 1511 1516 1562 Syrii
1542 1511 1619 1562 (ap.
1639 1510 1758 1550 Clem.
1777 1510 1889 1548 Alex.
1913 1512 2094 1548 Stromm.
2117 1515 2187 1557 VI,

1157 1583 1196 1621 p.
1214 1572 1303 1619 621,
1314 1570 1462 1622 Α);Ζᾶς
1478 1574 1571 1607 ποιεῖ
1584 1567 1692 1621 φάρος
1711 1567 1803 1620 μέγα
1813 1584 1852 1607 τε
1865 1568 1924 1606 καὶ
1947 1567 2067 1606 καλόν·
2078 1568 2138 1607 καὶ
2153 1569 2188 1607 ἓν

1156 1630 1252 1682 αὐτῷ
1265 1630 1438 1667 ποικίλλει
1451 1631 1516 1680 γῆν
1527 1627 1586 1666 καὶ
1601 1627 1754 1679 Ὠγῆνον
1768 1627 1885 1666 καὶτὰ
1899 1626 2056 1679 Ὠγήνου
2066 1627 2190 1668 δώμα-

1156 1703 1200 1726 τα
1212 1718 1221 1736 ,
1234 1697 1272 1726 61
1284 1688 1367 1726 aliis
1382 1688 1436 1737 ll.,
1449 1687 1598 1739 quibus-
1608 1686 1825 1724 universum
1843 1700 1930 1725 cum
1946 1687 2063 1738 pallio
2081 1700 2186 1724 60111-

1156 1756 1280 1799 parat.

1210 1810 1269 1845 Ex
1308 1805 1424 1844 simili
1451 1805 1633 1856 allegoria
1664 1804 1772 1842 locus
1796 1804 1987 1854 Fulgentii
2004 1803 2063 1854 (p.
2088 1803 2188 1854 174)

1157 1867 1354 1905 desumtus
1380 1878 1463 1903 esse
1483 1863 1646 1902 videtur.
1665 1865 1820 1900 Incerta
1842 1863 1942 1910 haec,
1964 1863 2070 1914 quod
2090 1862 2189 1900 bene

1156 1926 1261 1972 sci03
1280 1925 1438 1962 meliora
1462 1931 1500 1960 et
1519 1923 1685 1960 certiora
1705 1921 1868 1959 doceant
1889 1922 1965 1959 alii.

1209 1984 1345 2035 Igitur,
1379 1991 1422 2020 ut
1456 1995 1542 2033 quae
1575 1981 1615 2018 in
1648 1979 1964 2018 antecedentibus
1997 1979 2155 2017 disserui
2173 2008 2184 2026 ,

1156 2044 1288 2094 paucis
1303 2040 1627 2092 comprehendam
1639 2069 1649 2088 ,
1667 2040 1777 2077 multi
1795 2040 1850 2077 illi
1874 2039 2062 2076 librorum
2086 2038 2186 2075 tituli

1156 2103 1210 2140 ita
1241 2101 1448 2140 distinendi
1475 2108 1591 2151 atque
1619 2098 1876 2150 conjungendi
1896 2106 2005 2146 sunt,
2036 2106 2079 2135 ut
2098 2097 2185 2135 inde

1157 2162 1327 2212 quinque
1358 2161 1420 2198 vel
1452 2172 1520 2197 sex
1557 2171 1675 2209 opera
1707 2157 2011 2203 constituantur,
2046 2155 2187 2206 quibus

1158 2220 1274 2257 totius
1288 2218 1395 2257 orbis
1411 2227 1598 2256 terrarum
1615 2216 1788 2262 historia,
1807 2222 1993 2265 quantum
2010 2214 2091 2264 ejus
2106 2222 2185 2251 tum

1157 2279 1342 2330 temporis
1374 2277 1459 2315 fieri
1493 2283 1667 2327 poterat,
1697 2275 1972 2312 contineretur.
2008 2272 2186 2311 Barbaris

1156 2337 1310 2388 populis
1332 2336 1522 2373 destinata
1541 2341 1649 2371 etant
1667 2333 1817 2370 Persica
1834 2340 1872 2369 et
1884 2331 2062 2369 Instituta
2087 2334 2181 2367 Bai-

1155 2395 1307 2442 barica,
1330 2406 1496 2445 quorum
1516 2393 1597 2430 haec
1617 2400 1750 2442 postea
1767 2390 1893 2428 denuo
1909 2389 2045 2435 edidit,
2065 2397 2107 2425 ut
2131 2389 2183 2425 ita

1156 2454 1303 2502 dicam,
1335 2453 1611 2501 Hieronymus,
1642 2450 1666 2487 i
1702 2463 1735 2490 e.
1771 2450 1844 2487 hoc
1874 2461 1989 2499 opere
2026 2447 2183 2496 ejusque

1155 2511 1406 2550 adornatione
1450 2520 1565 2561 atque
1618 2517 1747 2546 vetere
1787 2506 1974 2545 Hellanici
2028 2504 2182 2541 nomine

1158 2584 1249 2608 usus
1268 2579 1345 2618 est,
1367 2577 1410 2607 ut
1430 2569 1678 2606 historiarum
1701 2566 1879 2617 fairagini
1911 2578 1958 2601 ex
1986 2563 2181 2601 Amelesa-

1155 2642 1262 2680 gora,
1283 2628 1502 2677 Herodoto,
1536 2631 1734 2672 Damaste,
1766 2626 1847 2663 aliis
1877 2634 2036 2660 coirasae
2068 2629 2182 2671 atque

1155 2688 1431 2752 philosophicis
1471 2686 1548 2724 suis
1578 2685 1760 2722 doctrinis
1797 2684 1835 2720 111
1868 2679 2180 2730 AEgyptiacoruin

1154 2747 1257 2784 libro
1278 2746 1464 2797 expositis
1504 2744 1613 2781 fidem
1647 2751 1685 2780 et
1710 2740 1977 2779 auctoritatem
1997 2737 2182 2775 concilia-

1154 2814 1227 2843 ret.
1250 2809 1326 2843 Res
1346 2808 1494 2842 Graecas
1524 2803 1577 2840 ita
1604 2801 1760 2838 tradidit
1790 2798 2007 2836 Hellanicus
2037 2805 2079 2833 ut
2100 2796 2182 2846 pii-

1154 2877 1258 2901 mum
1294 2863 1522 2929 opusculum
1567 2859 1752 2897 scriberet
1789 2857 1836 2894 de
1878 2855 1993 2893 rebus
2026 2855 2180 2905 patiiae3

1154 2922 1323 2959 deinde
1313 2935 1352 2959 111
1372 2920 1507 2970 majori
1524 2931 1641 2968 opere
1661 2917 1778 2954 totius
1801 2915 1956 2953 Graeciae
1981 2913 2180 2951 historiam

1153 2992 1239 3017 eum
1256 2980 1295 3016 in
1315 2978 1468 3015 modum
1493 2975 1717 3022 adornaret,
1738 2982 1780 3011 ut
1798 2973 1837 3010 in
1863 2972 1980 3010 rebus
2002 2971 2179 3021 mythicis

1154 3045 1335 3087 quattuor
1351 3035 1565 3072 fabularum
1577 3041 1692 3082 atque
1705 3031 1873 3082 gentium
1891 3032 2000 3081 quasi
2017 3029 2179 3067 familias

1153 3095 1384 3132 discerneret
1403 3121 1413 3138 ,
1433 3104 1593 3142 quarum
1614 3099 1790 3128 auctores
1810 3089 2056 3135 Phoroneus,
2074 3091 2179 3126 Deu-

1153 3154 1297 3200 calion,
1330 3152 1454 3198 Atlas,
1488 3153 1675 3200 Cecrops,
1706 3161 1948 3199 quarumque
1974 3146 2178 3198 primitivae

1151 3221 1188 3250 et
1212 3210 1404 3261 primariae
1436 3207 1543 3246 sedes
1577 3208 1732 3245 fuerunt
1759 3206 1934 3257 Argolis,
1958 3204 2174 3250 Thessalia,

1152 3268 1335 3315 Arcadia,
1366 3267 1504 3304 Attica.
1541 3270 1585 3304 In
1619 3266 1676 3304 his
1705 3266 1922 3303 uberiorem
1960 3263 2175 3301 fabularum

1153 3327 1431 3366 enarrationem
1456 3325 1682 3376 plerumque
1706 3323 1944 3374 repudiavit,
1971 3321 2176 3359 maximam
