<?xml version="1.0" encoding="UTF-8"?>
<!DOCTYPE html PUBLIC "-//W3C//DTD XHTML 1.0 Transitional//EN"
    "http://www.w3.org/TR/xhtml1/DTD/xhtml1-transitional.dtd">
<html xmlns="http://www.w3.org/1999/xhtml" xml:lang="en" lang="en">
 <head>
  <title>
</title>
<meta http-equiv="Content-Type" content="text/html;charset=utf-8" />
  <meta name='ocr-system' content='tesseract 3.04.00' />
  <meta name='ocr-capabilities' content='ocr_page ocr_carea ocr_par ocr_line ocrx_word'/>
</head>
<body>
  <div class='ocr_page' id='page_1' title='image "./fragmentahistori01mueluoft_0014.png"; bbox 0 0 2294 3704; ppageno 0'>
   <div class='ocr_carea' id='block_1_1' title="bbox 249 165 1293 212">
    <p class='ocr_par' dir='ltr' id='par_1_1' title="bbox 249 165 1293 212">
     <span class='ocr_line' id='line_1_1' title="bbox 249 165 1293 212; baseline -0.01 0"><span class='ocrx_word' id='word_1_1' title='bbox 249 185 288 212; x_wconf 86' lang='grc' dir='ltr'>ιν</span> <span class='ocrx_word' id='word_1_2' title='bbox 1004 165 1293 206; x_wconf 83' lang='lat' dir='ltr'><strong>PRAEFATIO.</strong></span> 
     </span>
    </p>
   </div>
   <div class='ocr_carea' id='block_1_2' title="bbox 245 251 2026 890">
    <p class='ocr_par' dir='ltr' id='par_1_2' title="bbox 246 251 2014 321">
     <span class='ocr_line' id='line_1_2' title="bbox 246 251 2014 321; baseline -0.003 -16"><span class='ocrx_word' id='word_1_3' title='bbox 246 260 431 305; x_wconf 86' lang='lat' dir='ltr'>Sturzio</span> <span class='ocrx_word' id='word_1_4' title='bbox 465 258 514 303; x_wconf 91' lang='lat' dir='ltr'>in</span> <span class='ocrx_word' id='word_1_5' title='bbox 548 255 826 321; x_wconf 76' lang='lat' dir='ltr'>praefatione</span> <span class='ocrx_word' id='word_1_6' title='bbox 857 252 918 299; x_wconf 94' lang='lat' dir='ltr'>ad</span> <span class='ocrx_word' id='word_1_7' title='bbox 957 251 1154 298; x_wconf 87' lang='lat' dir='ltr'>alteram</span> <span class='ocrx_word' id='word_1_8' title='bbox 1186 251 1474 315; x_wconf 79' lang='lat' dir='ltr'>Pherecydis</span> <span class='ocrx_word' id='word_1_9' title='bbox 1499 252 1763 298; x_wconf 81' lang='lat' dir='ltr'>editionem</span> <span class='ocrx_word' id='word_1_10' title='bbox 1801 254 2014 317; x_wconf 83' lang='lat' dir='ltr'>repetita·</span> 
     </span>
    </p>

    <p class='ocr_par' dir='ltr' id='par_1_3' title="bbox 245 332 2026 890">
     <span class='ocr_line' id='line_1_3' title="bbox 310 332 2023 396; baseline -0.003 -11"><span class='ocrx_word' id='word_1_11' title='bbox 310 338 380 384; x_wconf 86' lang='lat' dir='ltr'>Ad</span> <span class='ocrx_word' id='word_1_12' title='bbox 400 335 794 384; x_wconf 89' lang='lat' dir='ltr'>constituendum</span> <span class='ocrx_word' id='word_1_13' title='bbox 817 342 999 378; x_wconf 88' lang='lat' dir='ltr'>textum</span> <span class='ocrx_word' id='word_1_14' title='bbox 1018 332 1298 395; x_wconf 78' lang='lat' dir='ltr'>Apollodori</span> <span class='ocrx_word' id='word_1_15' title='bbox 1316 332 1461 396; x_wconf 90' lang='lat' dir='ltr'>primi</span> <span class='ocrx_word' id='word_1_16' title='bbox 1478 332 1792 379; x_wconf 84' lang='lat' dir='ltr'>adhibuimus</span> <span class='ocrx_word' id='word_1_17' title='bbox 1806 333 2023 380; x_wconf 87' lang='lat' dir='ltr'>codicem</span> 
     </span>
     <span class='ocr_line' id='line_1_4' title="bbox 249 413 2023 480; baseline -0.002 -14"><span class='ocrx_word' id='word_1_18' title='bbox 249 420 516 466; x_wconf 83' lang='lat' dir='ltr'>Parisinum</span> <span class='ocrx_word' id='word_1_19' title='bbox 542 434 663 480; x_wconf 80' lang='lat'><strong>2722</strong></span> <span class='ocrx_word' id='word_1_20' title='bbox 681 450 693 474; x_wconf 94' lang='lat'>,</span> <span class='ocrx_word' id='word_1_21' title='bbox 723 415 807 477; x_wconf 91' lang='lat' dir='ltr'>qui</span> <span class='ocrx_word' id='word_1_22' title='bbox 840 413 1003 460; x_wconf 73' lang='lat' dir='ltr'>forma:</span> <span class='ocrx_word' id='word_1_23' title='bbox 1028 414 1296 476; x_wconf 84' lang='lat' dir='ltr'>quadratae,</span> <span class='ocrx_word' id='word_1_24' title='bbox 1327 415 1604 478; x_wconf 87' lang='lat' dir='ltr'>seculique,</span> <span class='ocrx_word' id='word_1_25' title='bbox 1627 426 1680 462; x_wconf 93' lang='lat' dir='ltr'>ut</span> <span class='ocrx_word' id='word_1_26' title='bbox 1706 416 1916 476; x_wconf 86' lang='lat' dir='ltr'>videtur,</span> <span class='ocrx_word' id='word_1_27' title='bbox 1939 417 2023 463; x_wconf 79' lang='lat' dir='ltr'>de-</span> 
     </span>
     <span class='ocr_line' id='line_1_5' title="bbox 247 494 2026 569; baseline -0.001 -23"><span class='ocrx_word' id='word_1_28' title='bbox 247 501 359 546; x_wconf 88' lang='lat' dir='ltr'>cimi</span> <span class='ocrx_word' id='word_1_29' title='bbox 378 499 557 563; x_wconf 87' lang='lat' dir='ltr'>quarti,</span> <span class='ocrx_word' id='word_1_30' title='bbox 578 506 746 569; x_wconf 87' lang='lat' dir='ltr'>praeter</span> <span class='ocrx_word' id='word_1_31' title='bbox 765 494 979 540; x_wconf 84' lang='lat' dir='ltr'>carmina</span> <span class='ocrx_word' id='word_1_32' title='bbox 998 495 1236 541; x_wconf 89' lang='lat' dir='ltr'>nonnulla</span> <span class='ocrx_word' id='word_1_33' title='bbox 1257 495 1502 541; x_wconf 78' lang='lat' dir='ltr'>Theocriti</span> <span class='ocrx_word' id='word_1_34' title='bbox 1521 506 1665 560; x_wconf 89' lang='lat' dir='ltr'>atque</span> <span class='ocrx_word' id='word_1_35' title='bbox 1685 498 2026 560; x_wconf 84' lang='lat' dir='ltr'>epigrammata</span> 
     </span>
     <span class='ocr_line' id='line_1_6' title="bbox 247 577 2026 644; baseline -0.002 -15"><span class='ocrx_word' id='word_1_36' title='bbox 247 583 426 629; x_wconf 88' lang='lat' dir='ltr'>nullius</span> <span class='ocrx_word' id='word_1_37' title='bbox 455 581 622 644; x_wconf 86' lang='lat' dir='ltr'>pretii,</span> <span class='ocrx_word' id='word_1_38' title='bbox 656 577 935 642; x_wconf 82' lang='lat' dir='ltr'>Apollodori</span> <span class='ocrx_word' id='word_1_39' title='bbox 968 578 1185 623; x_wconf 90' lang='lat' dir='ltr'>continet</span> <span class='ocrx_word' id='word_1_40' title='bbox 1220 578 1542 641; x_wconf 80' lang='lat' dir='ltr'>fragmentum</span> <span class='ocrx_word' id='word_1_41' title='bbox 1574 579 1856 642; x_wconf 90' lang='lat' dir='ltr'>quindecim</span> <span class='ocrx_word' id='word_1_42' title='bbox 1886 580 2026 626; x_wconf 89' lang='lat' dir='ltr'>folio-</span> 
     </span>
     <span class='ocr_line' id='line_1_7' title="bbox 249 658 2026 726; baseline -0.001 -16"><span class='ocrx_word' id='word_1_43' title='bbox 249 680 376 722; x_wconf 89' lang='lat' dir='ltr'>rum,</span> <span class='ocrx_word' id='word_1_44' title='bbox 396 676 502 726; x_wconf 83' lang='lat' dir='ltr'>quae</span> <span class='ocrx_word' id='word_1_45' title='bbox 520 678 633 707; x_wconf 89' lang='lat' dir='ltr'>vero</span> <span class='ocrx_word' id='word_1_46' title='bbox 654 670 929 724; x_wconf 87' lang='lat' dir='ltr'>temporum</span> <span class='ocrx_word' id='word_1_47' title='bbox 949 658 1125 721; x_wconf 89' lang='lat' dir='ltr'>injuria</span> <span class='ocrx_word' id='word_1_48' title='bbox 1143 658 1307 706; x_wconf 87' lang='lat' dir='ltr'>multis</span> <span class='ocrx_word' id='word_1_49' title='bbox 1322 659 1441 706; x_wconf 93' lang='lat' dir='ltr'>locis</span> <span class='ocrx_word' id='word_1_50' title='bbox 1462 661 1700 720; x_wconf 89' lang='lat' dir='ltr'>mutilata,</span> <span class='ocrx_word' id='word_1_51' title='bbox 1719 677 2026 725; x_wconf 88' lang='lat' dir='ltr'>quorumque</span> 
     </span>
     <span class='ocr_line' id='line_1_8' title="bbox 246 740 2023 807; baseline -0.002 -16"><span class='ocrx_word' id='word_1_52' title='bbox 246 745 365 791; x_wconf 88' lang='lat' dir='ltr'>ordo</span> <span class='ocrx_word' id='word_1_53' title='bbox 387 759 565 807; x_wconf 92' lang='lat' dir='ltr'>susque</span> <span class='ocrx_word' id='word_1_54' title='bbox 590 742 747 807; x_wconf 90' lang='lat' dir='ltr'>deque</span> <span class='ocrx_word' id='word_1_55' title='bbox 770 741 1079 807; x_wconf 88' lang='lat' dir='ltr'>perturbatus</span> <span class='ocrx_word' id='word_1_56' title='bbox 1104 751 1189 788; x_wconf 88' lang='lat' dir='ltr'>est.</span> <span class='ocrx_word' id='word_1_57' title='bbox 1225 741 1294 788; x_wconf 80' lang='lat' dir='ltr'>Ad</span> <span class='ocrx_word' id='word_1_58' title='bbox 1321 740 1528 805; x_wconf 83' lang='lat' dir='ltr'>priscam</span> <span class='ocrx_word' id='word_1_59' title='bbox 1553 758 1776 789; x_wconf 81' lang='lat' dir='ltr'>normam</span> <span class='ocrx_word' id='word_1_60' title='bbox 1806 752 2023 790; x_wconf 86' lang='lat' dir='ltr'>revocata</span> 
     </span>
     <span class='ocr_line' id='line_1_9' title="bbox 245 827 677 890; baseline -0.007 -16"><span class='ocrx_word' id='word_1_61' title='bbox 245 829 308 874; x_wconf 90' lang='lat' dir='ltr'>ita</span> <span class='ocrx_word' id='word_1_62' title='bbox 328 843 377 874; x_wconf 90' lang='lat' dir='ltr'>se</span> <span class='ocrx_word' id='word_1_63' title='bbox 396 827 644 890; x_wconf 87' lang='lat' dir='ltr'>excipiunt</span> <span class='ocrx_word' id='word_1_64' title='bbox 667 843 677 871; x_wconf 89' lang='lat'><strong>:</strong></span> 
     </span>
    </p>
   </div>
   <div class='ocr_carea' id='block_1_3' title="bbox 666 953 1542 1006">
    <p class='ocr_par' dir='ltr' id='par_1_4' title="bbox 666 953 1542 1006">
     <span class='ocr_line' id='line_1_10' title="bbox 666 953 1542 1006; baseline -0.001 -14"><span class='ocrx_word' id='word_1_65' title='bbox 666 954 793 993; x_wconf 83' lang='lat' dir='ltr'>Prima</span> <span class='ocrx_word' id='word_1_66' title='bbox 810 954 900 992; x_wconf 88' lang='lat' dir='ltr'>folia</span> <span class='ocrx_word' id='word_1_67' title='bbox 915 954 993 992; x_wconf 92' lang='lat' dir='ltr'>duo</span> <span class='ocrx_word' id='word_1_68' title='bbox 1012 954 1152 1006; x_wconf 84' lang='lat' dir='ltr'>integri</span> <span class='ocrx_word' id='word_1_69' title='bbox 1168 953 1313 992; x_wconf 86' lang='lat' dir='ltr'>cod-icis</span> <span class='ocrx_word' id='word_1_70' title='bbox 1329 953 1542 1006; x_wconf 81' lang='lat' dir='ltr'>perierunt.</span> 
     </span>
    </p>
   </div>
   <div class='ocr_carea' id='block_1_4' title="bbox 215 1076 1834 1188">
    <p class='ocr_par' dir='ltr' id='par_1_5' title="bbox 215 1076 1834 1188">
     <span class='ocr_line' id='line_1_11' title="bbox 215 1076 1834 1132; baseline 0 -14"><span class='ocrx_word' id='word_1_71' title='bbox 215 1119 218 1122; x_wconf 68' lang='grc'><strong>,</strong></span> <span class='ocrx_word' id='word_1_72' title='bbox 250 1079 343 1118; x_wconf 92' lang='lat' dir='ltr'>Cod.</span> <span class='ocrx_word' id='word_1_73' title='bbox 375 1079 439 1117; x_wconf 83' lang='lat' dir='ltr'>sol.</span> <span class='ocrx_word' id='word_1_74' title='bbox 472 1081 493 1117; x_wconf 83' lang='lat'><strong>3</strong></span> <span class='ocrx_word' id='word_1_75' title='bbox 519 1085 556 1118; x_wconf 75' lang='lat' dir='ltr'>et</span> <span class='ocrx_word' id='word_1_76' title='bbox 585 1085 606 1124; x_wconf 76' lang='lat' dir='ltr'>l.</span> <span class='ocrx_word' id='word_1_77' title='bbox 638 1091 648 1118; x_wconf 74' lang='grc' dir='ltr'><em>τ</em></span> <span class='ocrx_word' id='word_1_78' title='bbox 674 1082 715 1126; x_wconf 77' lang='lat'><strong>1,</strong></span> <span class='ocrx_word' id='word_1_79' title='bbox 740 1092 778 1126; x_wconf 83' lang='lat'>2,</span> <span class='ocrx_word' id='word_1_80' title='bbox 809 1081 958 1126; x_wconf 85' lang='lat' dir='ltr'><strong>7.-I,</strong></span> <span class='ocrx_word' id='word_1_81' title='bbox 988 1079 1027 1126; x_wconf 90' lang='lat'>6,</span> <span class='ocrx_word' id='word_1_82' title='bbox 1048 1079 1084 1126; x_wconf 87' lang='lat'>3,</span> <span class='ocrx_word' id='word_1_83' title='bbox 1109 1092 1167 1115; x_wconf 90' lang='lat'>11.</span> <span class='ocrx_word' id='word_1_84' title='bbox 1197 1076 1311 1128; x_wconf 70' lang='grc' dir='ltr'>(Ζεὺς</span> <span class='ocrx_word' id='word_1_85' title='bbox 1330 1077 1368 1116; x_wconf 84' lang='grc' dir='ltr'>δὲ</span> <span class='ocrx_word' id='word_1_86' title='bbox 1392 1077 1718 1129; x_wconf 75' lang='grc' dir='ltr'>γαμεῖ-ἔδαλλεν</span> <span class='ocrx_word' id='word_1_87' title='bbox 1739 1078 1834 1132; x_wconf 79' lang='grc' dir='ltr'>ὄρη.)</span> 
     </span>
     <span class='ocr_line' id='line_1_12' title="bbox 673 1148 1130 1188; baseline -0.002 -1"><span class='ocrx_word' id='word_1_88' title='bbox 673 1149 911 1188; x_wconf 88' lang='lat' dir='ltr'>Exciderunt</span> <span class='ocrx_word' id='word_1_89' title='bbox 933 1148 1010 1187; x_wconf 91' lang='lat' dir='ltr'>duo</span> <span class='ocrx_word' id='word_1_90' title='bbox 1027 1148 1130 1187; x_wconf 81' lang='lat' dir='ltr'>folia.</span> 
     </span>
    </p>
   </div>
   <div class='ocr_carea' id='block_1_5' title="bbox 238 1217 2044 2191">
    <p class='ocr_par' dir='ltr' id='par_1_6' title="bbox 247 1217 2018 1328">
     <span class='ocr_line' id='line_1_13' title="bbox 247 1217 2018 1273; baseline -0.001 -13"><span class='ocrx_word' id='word_1_91' title='bbox 247 1221 342 1260; x_wconf 85' lang='lat' dir='ltr'>Cod.</span> <span class='ocrx_word' id='word_1_92' title='bbox 372 1220 436 1258; x_wconf 88' lang='lat' dir='ltr'>fol.</span> <span class='ocrx_word' id='word_1_93' title='bbox 467 1220 489 1257; x_wconf 85' lang='lat'><strong>5</strong></span> <span class='ocrx_word' id='word_1_94' title='bbox 518 1227 556 1258; x_wconf 89' lang='lat' dir='ltr'>et</span> <span class='ocrx_word' id='word_1_95' title='bbox 582 1220 604 1256; x_wconf 89' lang='lat'>6</span> <span class='ocrx_word' id='word_1_96' title='bbox 635 1234 644 1257; x_wconf 74' lang='grc' dir='ltr'><strong><em>ε</em></strong></span> <span class='ocrx_word' id='word_1_97' title='bbox 671 1220 711 1268; x_wconf 94' lang='grc' dir='ltr'>Ῑ,</span> <span class='ocrx_word' id='word_1_98' title='bbox 740 1233 785 1269; x_wconf 86' lang='grc'>9,</span> <span class='ocrx_word' id='word_1_99' title='bbox 819 1234 851 1266; x_wconf 85' lang='grc' dir='ltr'>ι,</span> <span class='ocrx_word' id='word_1_100' title='bbox 883 1222 1031 1266; x_wconf 81' lang='lat'>2.--1‚</span> <span class='ocrx_word' id='word_1_101' title='bbox 1053 1233 1091 1269; x_wconf 88' lang='grc'>9,</span> <span class='ocrx_word' id='word_1_102' title='bbox 1123 1233 1186 1268; x_wconf 91' lang='lat'>17,</span> <span class='ocrx_word' id='word_1_103' title='bbox 1204 1232 1240 1257; x_wconf 73' lang='grc' dir='ltr'>α.</span> <span class='ocrx_word' id='word_1_104' title='bbox 1268 1217 1444 1271; x_wconf 78' lang='grc' dir='ltr'>(πέμπων</span> <span class='ocrx_word' id='word_1_105' title='bbox 1473 1218 1730 1271; x_wconf 79' lang='grc' dir='ltr'>ὁἌθαμας-</span> <span class='ocrx_word' id='word_1_106' title='bbox 1748 1220 2018 1273; x_wconf 82' lang='grc' dir='ltr'>συνευνάζεται.)</span> 
     </span>
     <span class='ocr_line' id='line_1_14' title="bbox 669 1290 1132 1328; baseline 0 -1"><span class='ocrx_word' id='word_1_107' title='bbox 669 1290 822 1328; x_wconf 89' lang='lat' dir='ltr'>Excidit</span> <span class='ocrx_word' id='word_1_108' title='bbox 845 1303 964 1327; x_wconf 92' lang='lat' dir='ltr'>unum</span> <span class='ocrx_word' id='word_1_109' title='bbox 986 1290 1132 1328; x_wconf 89' lang='lat' dir='ltr'>folium.</span> 
     </span>
    </p>

    <p class='ocr_par' dir='ltr' id='par_1_7' title="bbox 250 1360 1878 1476">
     <span class='ocr_line' id='line_1_15' title="bbox 250 1360 1878 1415; baseline 0 -14"><span class='ocrx_word' id='word_1_110' title='bbox 250 1361 344 1403; x_wconf 89' lang='lat' dir='ltr'>Cod.</span> <span class='ocrx_word' id='word_1_111' title='bbox 373 1361 439 1400; x_wconf 86' lang='lat' dir='ltr'>fol.</span> <span class='ocrx_word' id='word_1_112' title='bbox 471 1375 491 1409; x_wconf 95' lang='lat'><strong>7</strong></span> <span class='ocrx_word' id='word_1_113' title='bbox 523 1369 561 1399; x_wconf 91' lang='lat' dir='ltr'>et</span> <span class='ocrx_word' id='word_1_114' title='bbox 590 1361 613 1399; x_wconf 90' lang='lat'>8</span> <span class='ocrx_word' id='word_1_115' title='bbox 643 1374 651 1398; x_wconf 92' lang='lat'><strong>:</strong></span> <span class='ocrx_word' id='word_1_116' title='bbox 682 1363 717 1408; x_wconf 94' lang='lat'>1,</span> <span class='ocrx_word' id='word_1_117' title='bbox 743 1374 787 1411; x_wconf 90' lang='lat'>9,</span> <span class='ocrx_word' id='word_1_118' title='bbox 817 1362 879 1408; x_wconf 81' lang='lat'><strong>23,</strong></span> <span class='ocrx_word' id='word_1_119' title='bbox 899 1364 1077 1409; x_wconf 87' lang='lat'><strong>7.—11‚</strong></span> <span class='ocrx_word' id='word_1_120' title='bbox 1099 1374 1135 1409; x_wconf 91' lang='lat'>1,</span> <span class='ocrx_word' id='word_1_121' title='bbox 1159 1360 1196 1408; x_wconf 83' lang='lat'>5,</span> <span class='ocrx_word' id='word_1_122' title='bbox 1225 1374 1278 1399; x_wconf 88' lang='lat'>10.</span> <span class='ocrx_word' id='word_1_123' title='bbox 1316 1360 1878 1415; x_wconf 73' lang='grc' dir='ltr'>(κατέζευςεν...Ἡφαιστίνης.)</span> 
     </span>
     <span class='ocr_line' id='line_1_16' title="bbox 685 1437 1149 1476; baseline -0.002 -1"><span class='ocrx_word' id='word_1_124' title='bbox 685 1437 836 1476; x_wconf 83' lang='lat' dir='ltr'>Excidit</span> <span class='ocrx_word' id='word_1_125' title='bbox 858 1451 977 1476; x_wconf 91' lang='lat' dir='ltr'>unum</span> <span class='ocrx_word' id='word_1_126' title='bbox 1002 1437 1149 1475; x_wconf 90' lang='lat' dir='ltr'>folium.</span> 
     </span>
    </p>

    <p class='ocr_par' dir='ltr' id='par_1_8' title="bbox 257 1499 2044 1617">
     <span class='ocr_line' id='line_1_17' title="bbox 257 1499 2044 1563; baseline 0.001 -16"><span class='ocrx_word' id='word_1_127' title='bbox 257 1506 354 1547; x_wconf 61' lang='lat' dir='ltr'>eod,</span> <span class='ocrx_word' id='word_1_128' title='bbox 382 1507 446 1546; x_wconf 86' lang='lat' dir='ltr'>fol.</span> <span class='ocrx_word' id='word_1_129' title='bbox 478 1521 529 1546; x_wconf 90' lang='lat'>10</span> <span class='ocrx_word' id='word_1_130' title='bbox 555 1516 595 1546; x_wconf 88' lang='lat' dir='ltr'>et</span> <span class='ocrx_word' id='word_1_131' title='bbox 624 1514 670 1555; x_wconf 77' lang='lat'>14</span> <span class='ocrx_word' id='word_1_132' title='bbox 702 1521 711 1545; x_wconf 73' lang='grc' dir='ltr'><strong>ε</strong></span> <span class='ocrx_word' id='word_1_133' title='bbox 741 1511 800 1554; x_wconf 88' lang='grc' dir='ltr'>ΙΙ,</span> <span class='ocrx_word' id='word_1_134' title='bbox 832 1513 851 1552; x_wconf 78' lang='lat' dir='ltr'>l,</span> <span class='ocrx_word' id='word_1_135' title='bbox 869 1536 879 1555; x_wconf 91' lang='lat'>,</span> <span class='ocrx_word' id='word_1_136' title='bbox 902 1521 938 1555; x_wconf 81' lang='lat'>2,</span> <span class='ocrx_word' id='word_1_137' title='bbox 963 1509 1143 1556; x_wconf 91' lang='lat'><strong>6.-11,</strong></span> <span class='ocrx_word' id='word_1_138' title='bbox 1161 1507 1196 1556; x_wconf 78' lang='lat'><strong>5,</strong></span> <span class='ocrx_word' id='word_1_139' title='bbox 1225 1521 1254 1556; x_wconf 94' lang='lat'>1,</span> <span class='ocrx_word' id='word_1_140' title='bbox 1289 1521 1326 1555; x_wconf 91' lang='lat'>7.</span> <span class='ocrx_word' id='word_1_141' title='bbox 1357 1499 1476 1560; x_wconf 72' lang='grc' dir='ltr'>(εἶχεν</span> <span class='ocrx_word' id='word_1_142' title='bbox 1504 1505 1846 1562; x_wconf 80' lang='grc' dir='ltr'>πέδιλα-Ἴφιτον</span> <span class='ocrx_word' id='word_1_143' title='bbox 1875 1511 2044 1563; x_wconf 83' lang='grc' dir='ltr'>κτείνας.)</span> 
     </span>
     <span class='ocr_line' id='line_1_18' title="bbox 679 1573 1135 1617; baseline -0.004 0"><span class='ocrx_word' id='word_1_144' title='bbox 679 1573 832 1617; x_wconf 79' lang='lat' dir='ltr'>Excidit</span> <span class='ocrx_word' id='word_1_145' title='bbox 850 1592 969 1616; x_wconf 92' lang='lat' dir='ltr'>unum</span> <span class='ocrx_word' id='word_1_146' title='bbox 988 1578 1135 1616; x_wconf 84' lang='lat' dir='ltr'>folium.</span> 
     </span>
    </p>

    <p class='ocr_par' dir='ltr' id='par_1_9' title="bbox 257 1647 1919 1756">
     <span class='ocr_line' id='line_1_19' title="bbox 257 1647 1919 1707; baseline 0 -19"><span class='ocrx_word' id='word_1_147' title='bbox 257 1648 351 1688; x_wconf 90' lang='lat' dir='ltr'>Cod.</span> <span class='ocrx_word' id='word_1_148' title='bbox 382 1648 446 1686; x_wconf 88' lang='lat' dir='ltr'>fol.</span> <span class='ocrx_word' id='word_1_149' title='bbox 476 1662 500 1699; x_wconf 90' lang='lat'><strong>9</strong></span> <span class='ocrx_word' id='word_1_150' title='bbox 529 1656 567 1687; x_wconf 86' lang='lat' dir='ltr'>et</span> <span class='ocrx_word' id='word_1_151' title='bbox 595 1659 632 1686; x_wconf 82' lang='lat'>11</span> <span class='ocrx_word' id='word_1_152' title='bbox 663 1660 673 1686; x_wconf 85' lang='lat'>:</span> <span class='ocrx_word' id='word_1_153' title='bbox 698 1652 757 1695; x_wconf 89' lang='grc' dir='ltr'>ΙΙ,</span> <span class='ocrx_word' id='word_1_154' title='bbox 783 1648 819 1697; x_wconf 87' lang='lat'>5,</span> <span class='ocrx_word' id='word_1_155' title='bbox 846 1649 883 1696; x_wconf 89' lang='lat'>8,</span> <span class='ocrx_word' id='word_1_156' title='bbox 908 1651 1075 1696; x_wconf 91' lang='lat'><strong>1.—11,</strong></span> <span class='ocrx_word' id='word_1_157' title='bbox 1104 1649 1142 1696; x_wconf 87' lang='lat'>6,</span> <span class='ocrx_word' id='word_1_158' title='bbox 1160 1648 1197 1697; x_wconf 85' lang='lat'>3,</span> <span class='ocrx_word' id='word_1_159' title='bbox 1224 1648 1263 1688; x_wconf 86' lang='lat'>3.</span> <span class='ocrx_word' id='word_1_160' title='bbox 1281 1647 1295 1699; x_wconf 96' lang='lat'>(</span> <span class='ocrx_word' id='word_1_161' title='bbox 1311 1649 1373 1686; x_wconf 78' lang='grc' dir='ltr'>τοῦ</span> <span class='ocrx_word' id='word_1_162' title='bbox 1390 1647 1530 1701; x_wconf 65' lang='grc' dir='ltr'>Θρᾳκὸς</span> <span class='ocrx_word' id='word_1_163' title='bbox 1547 1647 1687 1693; x_wconf 78' lang='grc' dir='ltr'>--τοὺς</span> <span class='ocrx_word' id='word_1_164' title='bbox 1700 1649 1919 1707; x_wconf 81' lang='grc' dir='ltr'>παριόντας.)</span> 
     </span>
     <span class='ocr_line' id='line_1_20' title="bbox 685 1718 1164 1756; baseline -0.004 0"><span class='ocrx_word' id='word_1_165' title='bbox 685 1718 840 1756; x_wconf 86' lang='lat' dir='ltr'>Excidit</span> <span class='ocrx_word' id='word_1_166' title='bbox 865 1731 987 1756; x_wconf 88' lang='lat' dir='ltr'>unum</span> <span class='ocrx_word' id='word_1_167' title='bbox 1017 1718 1164 1756; x_wconf 87' lang='lat' dir='ltr'>folium.</span> 
     </span>
    </p>

    <p class='ocr_par' dir='ltr' id='par_1_10' title="bbox 260 1785 1891 1848">
     <span class='ocr_line' id='line_1_21' title="bbox 260 1785 1891 1848; baseline 0.001 -20"><span class='ocrx_word' id='word_1_168' title='bbox 260 1788 357 1828; x_wconf 84' lang='lat' dir='ltr'>Cod.</span> <span class='ocrx_word' id='word_1_169' title='bbox 389 1789 454 1826; x_wconf 83' lang='lat' dir='ltr'>sol.</span> <span class='ocrx_word' id='word_1_170' title='bbox 486 1802 500 1825; x_wconf 88' lang='lat'>1</span> <span class='ocrx_word' id='word_1_171' title='bbox 525 1803 534 1826; x_wconf 75' lang='grc' dir='ltr'>ε</span> <span class='ocrx_word' id='word_1_172' title='bbox 561 1792 618 1836; x_wconf 88' lang='grc' dir='ltr'>ΙΙ,</span> <span class='ocrx_word' id='word_1_173' title='bbox 639 1802 675 1836; x_wconf 92' lang='lat'>7,</span> <span class='ocrx_word' id='word_1_174' title='bbox 709 1789 746 1837; x_wconf 89' lang='lat'>6,</span> <span class='ocrx_word' id='word_1_175' title='bbox 768 1791 943 1836; x_wconf 91' lang='lat' dir='ltr'><strong>7.—-II,</strong></span> <span class='ocrx_word' id='word_1_176' title='bbox 973 1789 1019 1836; x_wconf 88' lang='grc'>8,</span> <span class='ocrx_word' id='word_1_177' title='bbox 1049 1802 1092 1835; x_wconf 79' lang='lat'>2,</span> <span class='ocrx_word' id='word_1_178' title='bbox 1120 1801 1165 1838; x_wconf 91' lang='lat'>9,</span> <span class='ocrx_word' id='word_1_179' title='bbox 1196 1785 1393 1840; x_wconf 79' lang='grc' dir='ltr'>(Ἡρακλέα</span> <span class='ocrx_word' id='word_1_180' title='bbox 1425 1786 1516 1840; x_wconf 79' lang='grc' dir='ltr'>ἔχειν</span> <span class='ocrx_word' id='word_1_181' title='bbox 1535 1810 1583 1818; x_wconf 88' lang='grc'>-</span> <span class='ocrx_word' id='word_1_182' title='bbox 1612 1788 1891 1848; x_wconf 85' lang='grc' dir='ltr'>Ἀριστόδημος.)</span> 
     </span>
    </p>

    <p class='ocr_par' dir='ltr' id='par_1_11' title="bbox 238 1857 1244 1910">
     <span class='ocr_line' id='line_1_22' title="bbox 238 1857 1244 1910; baseline -0.003 -12"><span class='ocrx_word' id='word_1_183' title='bbox 238 1867 241 1872; x_wconf 76' lang='grc'><em>’</em></span> <span class='ocrx_word' id='word_1_184' title='bbox 687 1859 923 1897; x_wconf 86' lang='lat' dir='ltr'>Exciderunt</span> <span class='ocrx_word' id='word_1_185' title='bbox 942 1866 1127 1910; x_wconf 80' lang='lat' dir='ltr'>quattuor</span> <span class='ocrx_word' id='word_1_186' title='bbox 1142 1857 1244 1895; x_wconf 82' lang='lat' dir='ltr'>folia.</span> 
     </span>
    </p>

    <p class='ocr_par' dir='ltr' id='par_1_12' title="bbox 260 1927 1852 2054">
     <span class='ocr_line' id='line_1_23' title="bbox 260 1927 1852 1988; baseline 0.001 -20"><span class='ocrx_word' id='word_1_187' title='bbox 260 1932 356 1968; x_wconf 86' lang='lat' dir='ltr'>Cod.</span> <span class='ocrx_word' id='word_1_188' title='bbox 379 1930 446 1968; x_wconf 87' lang='lat' dir='ltr'>fol.</span> <span class='ocrx_word' id='word_1_189' title='bbox 477 1942 500 1967; x_wconf 78' lang='lat'><em>2</em></span> <span class='ocrx_word' id='word_1_190' title='bbox 524 1944 533 1968; x_wconf 68' lang='grc' dir='ltr'>ε</span> <span class='ocrx_word' id='word_1_191' title='bbox 563 1933 645 1978; x_wconf 82' lang='lat'><strong>111,</strong></span> <span class='ocrx_word' id='word_1_192' title='bbox 676 1931 713 1977; x_wconf 87' lang='grc'>6,</span> <span class='ocrx_word' id='word_1_193' title='bbox 746 1930 792 1977; x_wconf 82' lang='lat'>5,</span> <span class='ocrx_word' id='word_1_194' title='bbox 816 1933 1002 1975; x_wconf 89' lang='lat'>1.-111‚</span> <span class='ocrx_word' id='word_1_195' title='bbox 1033 1943 1070 1976; x_wconf 93' lang='lat'>7,</span> <span class='ocrx_word' id='word_1_196' title='bbox 1105 1929 1153 1976; x_wconf 90' lang='lat'>6,</span> <span class='ocrx_word' id='word_1_197' title='bbox 1178 1941 1208 1965; x_wconf 89' lang='lat'>1.</span> <span class='ocrx_word' id='word_1_198' title='bbox 1237 1927 1383 1980; x_wconf 83' lang='grc' dir='ltr'>(Τυδέα</span> <span class='ocrx_word' id='word_1_199' title='bbox 1408 1951 1455 1957; x_wconf 91' lang='grc'>-</span> <span class='ocrx_word' id='word_1_200' title='bbox 1488 1927 1552 1977; x_wconf 77' lang='grc' dir='ltr'>τὴν</span> <span class='ocrx_word' id='word_1_201' title='bbox 1581 1928 1852 1988; x_wconf 75' lang='grc' dir='ltr'>Ἀλκμαίωνος.)</span> 
     </span>
     <span class='ocr_line' id='line_1_24' title="bbox 689 1998 1147 2054; baseline -0.004 -16"><span class='ocrx_word' id='word_1_202' title='bbox 689 2000 842 2038; x_wconf 85' lang='lat' dir='ltr'>Excidit</span> <span class='ocrx_word' id='word_1_203' title='bbox 860 2012 980 2037; x_wconf 89' lang='lat' dir='ltr'>unum</span> <span class='ocrx_word' id='word_1_204' title='bbox 1000 1998 1147 2054; x_wconf 60' lang='lat' dir='ltr'>folium.</span> 
     </span>
    </p>

    <p class='ocr_par' dir='ltr' id='par_1_13' title="bbox 259 2066 2035 2191">
     <span class='ocr_line' id='line_1_25' title="bbox 259 2066 2035 2124; baseline 0.003 -19"><span class='ocrx_word' id='word_1_205' title='bbox 259 2068 349 2108; x_wconf 76' lang='lat' dir='ltr'>cod.</span> <span class='ocrx_word' id='word_1_206' title='bbox 381 2068 445 2107; x_wconf 77' lang='lat' dir='ltr'>fol.</span> <span class='ocrx_word' id='word_1_207' title='bbox 478 2083 491 2107; x_wconf 96' lang='lat'>1</span> <span class='ocrx_word' id='word_1_208' title='bbox 506 2069 542 2117; x_wconf 84' lang='lat'>5,</span> <span class='ocrx_word' id='word_1_209' title='bbox 573 2071 634 2118; x_wconf 82' lang='lat'><strong>13,</strong></span> <span class='ocrx_word' id='word_1_210' title='bbox 664 2083 678 2106; x_wconf 91' lang='lat'>1</span> <span class='ocrx_word' id='word_1_211' title='bbox 692 2082 713 2106; x_wconf 86' lang='lat'>2</span> <span class='ocrx_word' id='word_1_212' title='bbox 735 2082 744 2105; x_wconf 71' lang='grc' dir='ltr'><strong>ε</strong></span> <span class='ocrx_word' id='word_1_213' title='bbox 770 2072 826 2107; x_wconf 85' lang='lat'>111</span> <span class='ocrx_word' id='word_1_214' title='bbox 842 2097 852 2116; x_wconf 95' lang='lat'>,</span> <span class='ocrx_word' id='word_1_215' title='bbox 870 2082 926 2114; x_wconf 79' lang='grc' dir='ltr'>ιο,</span> <span class='ocrx_word' id='word_1_216' title='bbox 953 2082 990 2116; x_wconf 84' lang='lat'>2,</span> <span class='ocrx_word' id='word_1_217' title='bbox 1011 2069 1193 2115; x_wconf 84' lang='lat'>3.—111‚</span> <span class='ocrx_word' id='word_1_218' title='bbox 1212 2072 1268 2113; x_wconf 80' lang='lat'>14,</span> <span class='ocrx_word' id='word_1_219' title='bbox 1285 2072 1323 2114; x_wconf 70' lang='grc'>4,</span> <span class='ocrx_word' id='word_1_220' title='bbox 1347 2080 1383 2105; x_wconf 85' lang='lat'>2.</span> <span class='ocrx_word' id='word_1_221' title='bbox 1401 2067 1477 2120; x_wconf 80' lang='grc' dir='ltr'>(τὰς</span> <span class='ocrx_word' id='word_1_222' title='bbox 1500 2067 1564 2119; x_wconf 84' lang='grc' dir='ltr'>μὲν</span> <span class='ocrx_word' id='word_1_223' title='bbox 1591 2066 1715 2114; x_wconf 77' lang='grc' dir='ltr'>λοιπὰς</span> <span class='ocrx_word' id='word_1_224' title='bbox 1734 2094 1775 2101; x_wconf 83' lang='grc'>-</span> <span class='ocrx_word' id='word_1_225' title='bbox 1792 2068 2035 2124; x_wconf 72' lang='grc' dir='ltr'>Ἀλφεσιὸοίας</span> 
     </span>
     <span class='ocr_line' id='line_1_26' title="bbox 682 2136 1309 2191; baseline -0.006 -12"><span class='ocrx_word' id='word_1_226' title='bbox 682 2138 806 2191; x_wconf 83' lang='grc' dir='ltr'>λέγει.)</span> <span class='ocrx_word' id='word_1_227' title='bbox 831 2139 994 2190; x_wconf 84' lang='lat' dir='ltr'>Reliqua</span> <span class='ocrx_word' id='word_1_228' title='bbox 1022 2136 1309 2176; x_wconf 85' lang='lat' dir='ltr'>interciderunt.</span> 
     </span>
    </p>
   </div>
   <div class='ocr_carea' id='block_1_6' title="bbox 255 2278 2040 3245">
    <p class='ocr_par' dir='ltr' id='par_1_14' title="bbox 255 2278 2040 3245">
     <span class='ocr_line' id='line_1_27' title="bbox 316 2278 2028 2346; baseline 0.001 -18"><span class='ocrx_word' id='word_1_229' title='bbox 316 2282 608 2329; x_wconf 86' lang='lat' dir='ltr'>Memoratur</span> <span class='ocrx_word' id='word_1_230' title='bbox 641 2278 836 2346; x_wconf 87' lang='lat' dir='ltr'>quidem</span> <span class='ocrx_word' id='word_1_231' title='bbox 875 2281 955 2328; x_wconf 90' lang='lat' dir='ltr'>hic</span> <span class='ocrx_word' id='word_1_232' title='bbox 985 2280 1107 2328; x_wconf 91' lang='lat' dir='ltr'>liber</span> <span class='ocrx_word' id='word_1_233' title='bbox 1133 2281 1194 2328; x_wconf 84' lang='lat' dir='ltr'>ab</span> <span class='ocrx_word' id='word_1_234' title='bbox 1232 2282 1418 2345; x_wconf 84' lang='lat' dir='ltr'>Heynio</span> <span class='ocrx_word' id='word_1_235' title='bbox 1441 2282 1641 2344; x_wconf 82' lang='lat' dir='ltr'>(Proefat.</span> <span class='ocrx_word' id='word_1_236' title='bbox 1677 2282 1739 2328; x_wconf 92' lang='lat' dir='ltr'>ad</span> <span class='ocrx_word' id='word_1_237' title='bbox 1777 2283 2028 2346; x_wconf 85' lang='lat' dir='ltr'>Apollod.,</span> 
     </span>
     <span class='ocr_line' id='line_1_28' title="bbox 255 2364 2028 2428; baseline 0.001 -18"><span class='ocrx_word' id='word_1_238' title='bbox 255 2381 298 2428; x_wconf 91' lang='lat' dir='ltr'>p.</span> <span class='ocrx_word' id='word_1_239' title='bbox 326 2365 508 2427; x_wconf 90' lang='lat' dir='ltr'><strong>XLIX),</strong></span> <span class='ocrx_word' id='word_1_240' title='bbox 536 2364 621 2428; x_wconf 88' lang='lat' dir='ltr'>qui</span> <span class='ocrx_word' id='word_1_241' title='bbox 644 2375 804 2410; x_wconf 85' lang='lat' dir='ltr'>autem</span> <span class='ocrx_word' id='word_1_242' title='bbox 823 2364 1044 2410; x_wconf 83' lang='lat' dir='ltr'>lectionis</span> <span class='ocrx_word' id='word_1_243' title='bbox 1065 2364 1336 2411; x_wconf 89' lang='lat' dir='ltr'>varietatem</span> <span class='ocrx_word' id='word_1_244' title='bbox 1362 2382 1417 2411; x_wconf 82' lang='lat' dir='ltr'>ex</span> <span class='ocrx_word' id='word_1_245' title='bbox 1437 2380 1494 2411; x_wconf 93' lang='lat' dir='ltr'>eo</span> <span class='ocrx_word' id='word_1_246' title='bbox 1517 2381 1616 2410; x_wconf 91' lang='lat' dir='ltr'>non</span> <span class='ocrx_word' id='word_1_247' title='bbox 1635 2364 1823 2411; x_wconf 87' lang='lat' dir='ltr'>habuit.</span> <span class='ocrx_word' id='word_1_248' title='bbox 1851 2368 2028 2411; x_wconf 89' lang='lat' dir='ltr'>Verum</span> 
     </span>
     <span class='ocr_line' id='line_1_29' title="bbox 258 2445 2033 2510; baseline 0 -18"><span class='ocrx_word' id='word_1_249' title='bbox 258 2447 479 2510; x_wconf 86' lang='lat' dir='ltr'>quamvis</span> <span class='ocrx_word' id='word_1_250' title='bbox 519 2447 580 2493; x_wconf 89' lang='lat' dir='ltr'>sit</span> <span class='ocrx_word' id='word_1_251' title='bbox 613 2446 738 2493; x_wconf 87' lang='lat' dir='ltr'>inter</span> <span class='ocrx_word' id='word_1_252' title='bbox 772 2463 878 2504; x_wconf 86' lang='lat' dir='ltr'>eos,</span> <span class='ocrx_word' id='word_1_253' title='bbox 920 2446 1005 2510; x_wconf 91' lang='lat' dir='ltr'>qui</span> <span class='ocrx_word' id='word_1_254' title='bbox 1044 2445 1298 2509; x_wconf 87' lang='lat' dir='ltr'>hucusque</span> <span class='ocrx_word' id='word_1_255' title='bbox 1324 2446 1484 2493; x_wconf 91' lang='lat' dir='ltr'>collati</span> <span class='ocrx_word' id='word_1_256' title='bbox 1515 2456 1655 2505; x_wconf 87' lang='lat' dir='ltr'>sunt,</span> <span class='ocrx_word' id='word_1_257' title='bbox 1686 2447 1883 2510; x_wconf 77' lang='lat' dir='ltr'>optimae</span> <span class='ocrx_word' id='word_1_258' title='bbox 1919 2463 2033 2493; x_wconf 88' lang='lat' dir='ltr'>sane</span> 
     </span>
     <span class='ocr_line' id='line_1_30' title="bbox 259 2520 2037 2592; baseline 0 -17"><span class='ocrx_word' id='word_1_259' title='bbox 259 2540 412 2589; x_wconf 86' lang='lat' dir='ltr'>notae‚</span> <span class='ocrx_word' id='word_1_260' title='bbox 434 2530 484 2576; x_wconf 91' lang='lat' dir='ltr'>in</span> <span class='ocrx_word' id='word_1_261' title='bbox 506 2529 768 2592; x_wconf 88' lang='lat' dir='ltr'>majoribus</span> <span class='ocrx_word' id='word_1_262' title='bbox 793 2539 952 2575; x_wconf 89' lang='lat' dir='ltr'>tamen</span> <span class='ocrx_word' id='word_1_263' title='bbox 974 2528 1284 2592; x_wconf 86' lang='lat' dir='ltr'>corruptelis,</span> <span class='ocrx_word' id='word_1_264' title='bbox 1308 2529 1492 2575; x_wconf 85' lang='lat' dir='ltr'>lacunis</span> <span class='ocrx_word' id='word_1_265' title='bbox 1513 2520 1558 2575; x_wconf 77' lang='lat' dir='ltr'>et</span> <span class='ocrx_word' id='word_1_266' title='bbox 1580 2528 2037 2592; x_wconf 88' lang='lat' dir='ltr'>interpolationibus</span> 
     </span>
     <span class='ocr_line' id='line_1_31' title="bbox 255 2609 2037 2673; baseline 0.001 -18"><span class='ocrx_word' id='word_1_267' title='bbox 255 2610 306 2655; x_wconf 90' lang='lat' dir='ltr'>in</span> <span class='ocrx_word' id='word_1_268' title='bbox 333 2609 636 2673; x_wconf 88' lang='lat' dir='ltr'>reliquorum</span> <span class='ocrx_word' id='word_1_269' title='bbox 661 2609 1053 2672; x_wconf 87' lang='lat' dir='ltr'>depravationem</span> <span class='ocrx_word' id='word_1_270' title='bbox 1086 2610 1344 2672; x_wconf 84' lang='lat' dir='ltr'>conspirat.</span> <span class='ocrx_word' id='word_1_271' title='bbox 1373 2609 1518 2667; x_wconf 90' lang='lat' dir='ltr'>Quod</span> <span class='ocrx_word' id='word_1_272' title='bbox 1541 2609 1642 2655; x_wconf 83' lang='lat' dir='ltr'>haec</span> <span class='ocrx_word' id='word_1_273' title='bbox 1660 2610 1855 2668; x_wconf 85' lang='lat' dir='ltr'>attinet,</span> <span class='ocrx_word' id='word_1_274' title='bbox 1876 2610 2037 2656; x_wconf 90' lang='lat' dir='ltr'>omnis</span> 
     </span>
     <span class='ocr_line' id='line_1_32' title="bbox 257 2690 2037 2755; baseline 0 -18"><span class='ocrx_word' id='word_1_275' title='bbox 257 2691 422 2738; x_wconf 88' lang='lat' dir='ltr'>salutis</span> <span class='ocrx_word' id='word_1_276' title='bbox 449 2707 557 2755; x_wconf 90' lang='lat' dir='ltr'>spes</span> <span class='ocrx_word' id='word_1_277' title='bbox 581 2692 737 2755; x_wconf 88' lang='lat' dir='ltr'>posita</span> <span class='ocrx_word' id='word_1_278' title='bbox 768 2701 840 2738; x_wconf 90' lang='lat' dir='ltr'>est</span> <span class='ocrx_word' id='word_1_279' title='bbox 867 2691 917 2737; x_wconf 93' lang='lat' dir='ltr'>in</span> <span class='ocrx_word' id='word_1_280' title='bbox 948 2690 1200 2737; x_wconf 87' lang='lat' dir='ltr'>codicibus</span> <span class='ocrx_word' id='word_1_281' title='bbox 1235 2691 1436 2751; x_wconf 73' lang='lat' dir='ltr'>Italicis,</span> <span class='ocrx_word' id='word_1_282' title='bbox 1461 2692 1501 2738; x_wconf 93' lang='lat' dir='ltr'>si</span> <span class='ocrx_word' id='word_1_283' title='bbox 1529 2691 1729 2755; x_wconf 88' lang='lat' dir='ltr'>quidem</span> <span class='ocrx_word' id='word_1_284' title='bbox 1761 2708 1929 2738; x_wconf 89' lang='lat' dir='ltr'>verum</span> <span class='ocrx_word' id='word_1_285' title='bbox 1963 2702 2037 2738; x_wconf 86' lang='lat' dir='ltr'>est</span> 
     </span>
     <span class='ocr_line' id='line_1_33' title="bbox 256 2773 2034 2839; baseline 0.001 -21"><span class='ocrx_word' id='word_1_286' title='bbox 256 2773 391 2837; x_wconf 91' lang='lat' dir='ltr'>quod</span> <span class='ocrx_word' id='word_1_287' title='bbox 429 2776 732 2820; x_wconf 86' lang='lat' dir='ltr'>Hermannus</span> <span class='ocrx_word' id='word_1_288' title='bbox 775 2774 973 2837; x_wconf 83' lang='lat' dir='ltr'>(Praefat.</span> <span class='ocrx_word' id='word_1_289' title='bbox 1015 2776 1077 2823; x_wconf 93' lang='lat' dir='ltr'>ad</span> <span class='ocrx_word' id='word_1_290' title='bbox 1112 2777 1285 2838; x_wconf 87' lang='lat' dir='ltr'>Hymn.</span> <span class='ocrx_word' id='word_1_291' title='bbox 1332 2776 1504 2834; x_wconf 91' lang='lat' dir='ltr'>Hom.,</span> <span class='ocrx_word' id='word_1_292' title='bbox 1546 2791 1593 2839; x_wconf 92' lang='lat' dir='ltr'>p.</span> <span class='ocrx_word' id='word_1_293' title='bbox 1633 2773 1774 2837; x_wconf 81' lang='lat' dir='ltr'>XLV)</span> <span class='ocrx_word' id='word_1_294' title='bbox 1809 2774 2034 2837; x_wconf 83' lang='lat' dir='ltr'>accepit:</span> 
     </span>
     <span class='ocr_line' id='line_1_34' title="bbox 260 2854 2038 2921; baseline 0.001 -21"><span class='ocrx_word' id='word_1_295' title='bbox 260 2873 282 2896; x_wconf 82' lang='grc' dir='ltr'>α</span> <span class='ocrx_word' id='word_1_296' title='bbox 306 2854 585 2918; x_wconf 84' lang='lat' dir='ltr'>Apollodori</span> <span class='ocrx_word' id='word_1_297' title='bbox 611 2855 763 2902; x_wconf 89' lang='lat' dir='ltr'>libros</span> <span class='ocrx_word' id='word_1_298' title='bbox 789 2855 838 2903; x_wconf 92' lang='lat' dir='ltr'>in</span> <span class='ocrx_word' id='word_1_299' title='bbox 872 2856 929 2902; x_wconf 86' lang='lat' dir='ltr'>iis</span> <span class='ocrx_word' id='word_1_300' title='bbox 954 2856 1019 2903; x_wconf 86' lang='lat' dir='ltr'>ita</span> <span class='ocrx_word' id='word_1_301' title='bbox 1046 2857 1251 2921; x_wconf 83' lang='lat' dir='ltr'>scriptos</span> <span class='ocrx_word' id='word_1_302' title='bbox 1277 2856 1512 2915; x_wconf 89' lang='lat' dir='ltr'>inveniri,</span> <span class='ocrx_word' id='word_1_303' title='bbox 1540 2867 1596 2902; x_wconf 88' lang='lat' dir='ltr'>ut</span> <span class='ocrx_word' id='word_1_304' title='bbox 1619 2855 1658 2901; x_wconf 90' lang='lat' dir='ltr'>si</span> <span class='ocrx_word' id='word_1_305' title='bbox 1681 2871 1794 2901; x_wconf 88' lang='lat' dir='ltr'>cum</span> <span class='ocrx_word' id='word_1_306' title='bbox 1813 2854 2038 2902; x_wconf 89' lang='lat' dir='ltr'>editioni·</span> 
     </span>
     <span class='ocr_line' id='line_1_35' title="bbox 260 2936 2039 3004; baseline 0 -22"><span class='ocrx_word' id='word_1_307' title='bbox 260 2937 352 2983; x_wconf 91' lang='lat' dir='ltr'>bus</span> <span class='ocrx_word' id='word_1_308' title='bbox 375 2937 453 2983; x_wconf 88' lang='lat' dir='ltr'>isti</span> <span class='ocrx_word' id='word_1_309' title='bbox 477 2937 667 2984; x_wconf 88' lang='lat' dir='ltr'>codices</span> <span class='ocrx_word' id='word_1_310' title='bbox 686 2949 1051 3002; x_wconf 88' lang='lat' dir='ltr'>comparentur,</span> <span class='ocrx_word' id='word_1_311' title='bbox 1076 2940 1360 3004; x_wconf 85' lang='lat' dir='ltr'>scriptorem</span> <span class='ocrx_word' id='word_1_312' title='bbox 1383 2937 1515 2984; x_wconf 92' lang='lat' dir='ltr'>hunc</span> <span class='ocrx_word' id='word_1_313' title='bbox 1539 2937 1614 2984; x_wconf 91' lang='lat' dir='ltr'>vix</span> <span class='ocrx_word' id='word_1_314' title='bbox 1635 2937 1708 2983; x_wconf 91' lang='lat' dir='ltr'>sui</span> <span class='ocrx_word' id='word_1_315' title='bbox 1728 2936 1932 2983; x_wconf 88' lang='lat' dir='ltr'>similem</span> <span class='ocrx_word' id='word_1_316' title='bbox 1953 2936 2039 2983; x_wconf 87' lang='lat' dir='ltr'>ha-</span> 
     </span>
     <span class='ocr_line' id='line_1_36' title="bbox 262 3018 2040 3084; baseline -0.001 -20"><span class='ocrx_word' id='word_1_317' title='bbox 262 3018 411 3064; x_wconf 86' lang='lat' dir='ltr'>bituri</span> <span class='ocrx_word' id='word_1_318' title='bbox 435 3019 640 3064; x_wconf 84' lang='lat' dir='ltr'>simus.»</span> <span class='ocrx_word' id='word_1_319' title='bbox 665 3022 889 3066; x_wconf 89' lang='lat' dir='ltr'>Ceterum</span> <span class='ocrx_word' id='word_1_320' title='bbox 913 3021 1063 3067; x_wconf 77' lang='lat' dir='ltr'>multa</span> <span class='ocrx_word' id='word_1_321' title='bbox 1088 3021 1407 3084; x_wconf 85' lang='lat' dir='ltr'>fragmentum</span> <span class='ocrx_word' id='word_1_322' title='bbox 1428 3030 1651 3066; x_wconf 89' lang='lat' dir='ltr'>nostrum</span> <span class='ocrx_word' id='word_1_323' title='bbox 1671 3020 1912 3076; x_wconf 85' lang='lat' dir='ltr'>continet,</span> <span class='ocrx_word' id='word_1_324' title='bbox 1936 3019 2040 3080; x_wconf 93' lang='lat' dir='ltr'>qui-</span> 
     </span>
     <span class='ocr_line' id='line_1_37' title="bbox 263 3098 2039 3167; baseline -0.001 -22"><span class='ocrx_word' id='word_1_325' title='bbox 263 3099 355 3145; x_wconf 91' lang='lat' dir='ltr'>bus</span> <span class='ocrx_word' id='word_1_326' title='bbox 384 3098 478 3144; x_wconf 92' lang='lat' dir='ltr'>loci</span> <span class='ocrx_word' id='word_1_327' title='bbox 508 3099 815 3148; x_wconf 83' lang='lat' dir='ltr'>librariorum</span> <span class='ocrx_word' id='word_1_328' title='bbox 850 3103 1040 3149; x_wconf 89' lang='lat' dir='ltr'>mendis</span> <span class='ocrx_word' id='word_1_329' title='bbox 1075 3103 1317 3166; x_wconf 88' lang='lat' dir='ltr'>inquinati</span> <span class='ocrx_word' id='word_1_330' title='bbox 1357 3102 1550 3167; x_wconf 86' lang='lat' dir='ltr'>purgari</span> <span class='ocrx_word' id='word_1_331' title='bbox 1581 3101 1798 3165; x_wconf 91' lang='lat' dir='ltr'>possint,</span> <span class='ocrx_word' id='word_1_332' title='bbox 1830 3099 2039 3162; x_wconf 88' lang='lat' dir='ltr'>aliaque,</span> 
     </span>
     <span class='ocr_line' id='line_1_38' title="bbox 264 3179 2038 3245; baseline -0.001 -19"><span class='ocrx_word' id='word_1_333' title='bbox 264 3179 443 3245; x_wconf 90' lang='lat' dir='ltr'>quibus</span> <span class='ocrx_word' id='word_1_334' title='bbox 462 3182 812 3230; x_wconf 79' lang='lat' dir='ltr'>confirmentur</span> <span class='ocrx_word' id='word_1_335' title='bbox 835 3186 1047 3232; x_wconf 86' lang='lat' dir='ltr'>virorum</span> <span class='ocrx_word' id='word_1_336' title='bbox 1069 3185 1326 3232; x_wconf 88' lang='lat' dir='ltr'>doctorum</span> <span class='ocrx_word' id='word_1_337' title='bbox 1346 3183 1723 3231; x_wconf 89' lang='lat' dir='ltr'>emendationes.</span> <span class='ocrx_word' id='word_1_338' title='bbox 1749 3180 1842 3228; x_wconf 91' lang='lat' dir='ltr'>Sed</span> <span class='ocrx_word' id='word_1_339' title='bbox 1862 3190 1916 3226; x_wconf 90' lang='lat' dir='ltr'>ut</span> <span class='ocrx_word' id='word_1_340' title='bbox 1936 3181 2038 3243; x_wconf 88' lang='lat' dir='ltr'>ipse</span> 
     </span>
    </p>
   </div>
   <div class='ocr_carea' id='block_1_7' title="bbox 266 3261 2039 3407">
    <p class='ocr_par' dir='ltr' id='par_1_15' title="bbox 266 3261 2039 3407">
     <span class='ocr_line' id='line_1_39' title="bbox 266 3261 2039 3325; baseline -0.001 -17"><span class='ocrx_word' id='word_1_341' title='bbox 266 3263 415 3309; x_wconf 88' lang='lat' dir='ltr'>lector</span> <span class='ocrx_word' id='word_1_342' title='bbox 437 3261 645 3324; x_wconf 88' lang='lat' dir='ltr'>judicet,</span> <span class='ocrx_word' id='word_1_343' title='bbox 670 3266 908 3324; x_wconf 82' lang='lat' dir='ltr'>potiorem</span> <span class='ocrx_word' id='word_1_344' title='bbox 943 3267 1163 3315; x_wconf 84' lang='lat' dir='ltr'>lectionis</span> <span class='ocrx_word' id='word_1_345' title='bbox 1195 3268 1466 3314; x_wconf 77' lang='lat' dir='ltr'>varietatem</span> <span class='ocrx_word' id='word_1_346' title='bbox 1484 3301 1496 3325; x_wconf 92' lang='lat'>,</span> <span class='ocrx_word' id='word_1_347' title='bbox 1530 3265 1721 3312; x_wconf 90' lang='lat' dir='ltr'>omissis</span> <span class='ocrx_word' id='word_1_348' title='bbox 1749 3261 2010 3309; x_wconf 87' lang='lat' dir='ltr'>levioribus</span> <span class='ocrx_word' id='word_1_349' title='bbox 2027 3297 2039 3321; x_wconf 95' lang='lat'>,</span> 
     </span>
     <span class='ocr_line' id='line_1_40' title="bbox 266 3358 607 3407; baseline -0.012 -16"><span class='ocrx_word' id='word_1_350' title='bbox 266 3358 567 3407; x_wconf 86' lang='lat' dir='ltr'>apponamus</span> <span class='ocrx_word' id='word_1_351' title='bbox 597 3364 607 3387; x_wconf 82' lang='lat'>.-</span> 
     </span>
    </p>
   </div>
  </div>
 </body>
</html>
