2320 3684
188 121 206 141 σ
768 106 1080 147 PHANODEMI
1091 127 1097 129 -
1108 106 1444 147 FRAGMENTA.
1894 121 1916 137 -

392 198 532 240 LIBRI
547 197 732 289 4ΒΕΧΤῙ.

98 311 237 352 Suidas
249 324 287 350 v.
327 309 633 365 Τριτοποίτορες..
639 306 874 360 ,Φανόδημος
891 307 928 346 δὲ
940 308 976 347 ἐν
990 307 1082 361 ἕκτῳ

45 369 166 424 φησὶν,
181 367 235 407 ὅτι
253 366 354 420 μόνοι
372 369 404 406 οἱ
426 367 601 415 Ἀθηναῖοι
626 364 747 405 θύουσί
764 381 804 406 τε
830 365 890 405 καὶ
918 363 1083 418 εὔχονται

44 431 162 472 αὐτοῖς
181 426 269 481 ὑπὲρ
288 425 456 479 γενέσεως
474 425 624 475 παίδων,
644 424 726 464 ὅταν
745 430 872 477 γαμεῖν
891 423 1081 476 μέλλωσιν·

44 489 80 527 ἐν
98 486 136 526 δὲ
152 488 204 541 τῷ
220 484 378 540 Ὀρφέως
393 487 546 539 Φυσικῷ
556 484 788 536 ὀνομάζεσθαι
805 482 887 529 τους
896 482 1081 537 Τριτοποί-

43 561 149 600 τορας
162 545 396 597 Ἀμαλκείδην
408 544 469 583 καὶ
484 542 702 599 Πρωτοκλέα
712 542 773 582 καὶ
791 540 1081 598 Πρωτοκρέοντα,

43 603 216 660 θυρωρους
235 603 294 643 καὶ
315 602 511 658 φύλακας”
490 618 593 647 οντας
622 604 692 641 τῶν
713 600 866 654 ἀνέμων.

98 664 155 703 Cf.
170 667 297 714 Etym.
317 667 389 712 M„
403 663 515 702 Phot.
525 670 564 700 et
577 662 737 700 Phavor.
757 674 792 700 v.
809 658 1082 714 Τριτοπάτορες,

44 726 173 762 Tzetz.
207 722 257 761 ad
295 723 492 774 Lycophr.
527 722 618 770 738.
653 720 772 772 Apud
801 723 930 770 Etym.
959 722 1015 758 M.
1045 726 1084 756 et

43 781 306 820 Phavorinum
326 782 466 833 legitur
499 781 535 819 ἐν
569 778 606 818 δὲ
626 785 696 824 τοῖς
716 777 877 833 Ὀρφέως
908 782 1081 832 φυσικοῖς.

43 844 120 880 Pro
144 839 450 894 Πρωτοκλέοντα,
485 848 528 878 ut
558 840 677 892 vulgo
707 839 849 890 legitur
886 838 927 876 in
958 837 1084 876 Suidae

43 900 154 948 loco,
177 900 419 939 Phavorinus
446 908 486 938 et
513 902 671 938 Tzetzes
704 897 890 936 exhibent
927 898 1079 950 Πρωτο-

43 957 212 1013 κρέοντα,
231 958 336 1011 quod
356 959 484 1011 recepi
495 975 506 1008 5
526 958 574 997 cf.
593 957 774 998 Welcker
791 956 840 995 de
856 955 982 995 AEsch.
997 955 1083 993 Tri-

43 1018 120 1069 log.
143 1032 183 1070 p.
206 1018 292 1057 152.

367 1123 506 1163 LIBRI
535 1120 761 1162 SEPTIMI.

96 1235 235 1274 Athen.
245 1239 317 1283 ΙΙΙ,
330 1237 393 1284 30,
403 1250 442 1288 p.
457 1250 472 1273 1
484 1242 545 1285 14,
554 1237 595 1274 C:
607 1233 796 1286 Αἰγύπτιοι
806 1232 865 1272 τὸν
879 1231 1085 1278 ὓποξίζοντα

45 1293 148 1348 ἄρτον
165 1293 355 1333 κυλλάστιν
375 1296 536 1333 καλοῦσι.
558 1291 784 1345 Μνημονεύει
807 1292 837 1330 δ’
860 1292 967 1330 αὐτοῦ
988 1290 1084 1345 Ἀρι-

46 1353 221 1407 στοφάνης
253 1355 288 1392 ἐν
315 1353 468 1393 Δαναίσι
575 1351 852 1404 μνημονεύουσιν
879 1351 986 1389 αὐτοῦ
1024 1350 1084 1388 καὶ

44 1411 236 1456 Ἑκαταῖος
252 1412 312 1451 καὶ
333 1412 520 1466 Ἡρόδοτος
542 1411 602 1450 καὶ
621 1415 639 1450 ὁ
655 1409 871 1462 Φανόδημος
896 1411 931 1448 ἐν
951 1407 1083 1462 ἑὸδόμῃ

44 1471 206 1515 Ἀτθίδος.
219 1473 276 1512 Cf.
294 1473 468 1512 Herodot
498 1475 550 1519 II,
568 1470 806 1521 77,Hesych.
819 1483 856 1510 v.
871 1467 1085 1518 Κύλλαστις,

44 1530 290 1570 sablonskius
303 1535 422 1570 Voce.
445 1534 602 1583 AEgypt.
622 1544 656 1582 p.
687 1543 746 1577 17.

488 1613 624 1624 ψ-

408 1655 570 1745 LIBRI6
581 1654 723 1694 NONI.

98 1764 348 1812 Harpocran:
368 1759 602 1814 Λεωκόρειον,
619 1757 850 1811 Δημοσθένης
871 1758 907 1796 ἐν
923 1758 975 1810 τῷ
994 1755 1086 1795 κατὰ

47 1819 220 1864 Κόνωνος.
249 1819 302 1858 Τὸ
333 1819 369 1858 δὲ
402 1819 619 1873 Λεωκόρειον
645 1811 734 1857 εἷναί
760 1832 847 1871 φησι
869 1814 1085 1867 Φανόδημος

47 1878 179 1932 ἔννοὶτῳ
200 1878 350 1922 Ἀτθίδος
366 1879 401 1917 ἐν
419 1878 519 1933 μέσῳ
535 1881 587 1932 τῷ
609 1878 832 1931 Κεραμεικῷ.

99 1939 304 1978 Phavorin.
320 1939 359 1977 h.
376 1953 412 1977 v.
430 1939 564 1977 eadem
583 1938 709 1977 refert.

170 2061 497 2102 FRAGMENTA
532 2061 774 2152 liJCERTAE
801 2061 960 2101 SEDIS.

101 2168 261 2206 Proclus
280 2168 319 2206 in
337 2170 552 2207 Comment.
573 2168 622 2206 ad
644 2169 794 2209 Platon.
815 2168 1023 2217 Timaeum,
1044 2181 1083 2219 p.

398 2279 540 2317 LIBRI
569 2279 737 2318 SEXTl.

549 2355 587 2388 4.

90 2413 318 2446 Phanodemus
347 2412 430 2445 libro
455 2415 549 2445 sexto
575 2413 670 2454 dicit,
698 2412 784 2446 solos
813 2412 1023 2445 Athenienses
1048 2412 1089 2445 iis

50 2460 228 2493 sacrificare
239 2462 272 2493 et
281 2462 358 2492 vota
368 2460 471 2493 facere
483 2469 541 2502 pro
552 2460 726 2493 liberorum
736 2460 952 2502 generatione,
959 2460 1090 2501 quando

49 2515 168 2540 uxores
182 2509 250 2540 sint
265 2508 414 2548 ductum
433 2507 466 2540 in
484 2508 605 2549 Orphei
619 2517 698 2542 vero
714 2507 853 2549 Physico
869 2508 1090 2549 Tritopatores

49 2554 180 2594 vocari,
207 2555 430 2594 Amalcidem,
458 2556 640 2588 Protoclem
664 2558 697 2588 et
719 2557 1004 2595 Protocreontem,
1031 2555 1089 2596 qui

50 2604 220 2634 ventorum
235 2602 394 2643 janitores
410 2604 444 2636 et
459 2603 613 2636 custodes
631 2602 710 2636 sint.

373 2714 515 2754 LIBRI
543 2714 766 2754 SEPTIMI.

94 2835 236 2876 AEgyptii
251 2834 445 2867 subacidum
461 2783 580 2876 paneri
595 2834 745 2876 cyllastin
760 2835 899 2876 vocant,
915 2836 1010 2877 cujus
1025 2844 1089 2868 me-

55 2882 150 2915 minit
176 2883 407 2923 Aristophanes
422 2882 464 2914 'in
493 2883 702 2914 Danaidibus.
730 2882 885 2923 Ejusdem
912 2883 1090 2916 meminere

54 2927 150 2960 etiam
179 2929 372 2968 Hecataeus,
406 2928 590 2961 Herodotus
610 2931 643 2961 et
672 2929 901 2961 Phanodemus
931 2928 1015 2961 libro
1046 2938 1091 2962 se-

55 2974 155 3016 ptimo
177 2974 331 3008 AtthidiS.

460 3039 678 3054 “OOC-—

416 3091 558 3131 LIBRI
585 3092 726 3132 NONI.

556 3169 592 3202 6.

98 3230 300 3262 Leocorium.
326 3228 560 3264 Demosthenes
583 3231 740 3264 adversus
764 3234 944 3266 Cononem.
971 3233 1090 3264 Leoco-

61 3276 143 3309 rium
161 3277 389 3311 Phanodemus
404 3278 439 3310 in
454 3287 540 3311 nono
556 3278 596 3311 de
615 3281 721 3312 Attica
737 3279 819 3312 libro
835 3280 881 3312 ait
894 3288 966 3312 esse
982 3280 1014 3313 in
1029 3287 1093 3311 me-

59 3323 114 3356 dlo
139 3325 316 3358 ceramico.

2096 114 2170 150 367

1144 199 1207 246 30,
1227 198 1288 237 ed.
1308 198 1443 237 Basih:
1462 195 1553 242 Τοὺς
1576 196 1613 236 δὲ
1630 197 1830 245 Ἀθηναίους
1849 197 2090 250 Καλλισθένης
2109 198 2174 251 μὲν

1141 256 1201 294 καὶ
1229 255 1446 308 Φανόδημος
1474 255 1631 310 πατέρας
1646 259 1716 295 τῶν
1738 258 1880 297 Σαϊτῶν
1908 259 2086 312 ἱστοροῦσι
2111 273 2176 310 γε-

1141 313 1273 354 νέσθαι.
1309 315 1479 354 Platonis
1510 316 1618 354 locus
1639 324 1697 355 est
1725 315 1766 354 in
1793 316 1935 355 Timaeo
1971 330 2011 369 p.
2051 331 2112 367 ιι,
2131 320 2174 355 E.

1142 373 1197 412 Cf.
1215 374 1456 427 Theopomp.
1478 375 1526 415 fr.
1548 387 1634 424 172.

1195 491 1357 542 Dionys.
1379 492 1505 532 Halic.
1528 496 1618 531 Ant.
1643 494 1758 531 Rom.
1777 494 1816 541 Ι,
1835 493 1898 542 61,
1915 506 1956 544 p.
1979 492 2028 531 50
2044 491 2148 544 Sylb.
2165 506 2175 534 :

1142 550 1299 603 Τεῦκρον
1319 548 1356 588 δὲ
1379 549 1479 588 ἄλλοι
1502 566 1541 589 τε
1562 550 1687 589 πολλοὶ
1715 550 1776 589 καὶ
1805 550 2038 602 Φανόδημος,
2057 552 2083 590 ’ὁ
2112 550 2177 599 τὴν

1143 607 1308 655 Ἀττικὴν
1324 607 1463 662 γράψας
1480 608 1744 661 ἀρχαιολογίαν,
1759 610 1799 648 ἐκ
1813 611 1875 657 τῆς
1889 609 2049 658 Ἀττικῆς
2067 625 2181 662 μετοι-

1143 665 1252 713 κῆσαί
1271 681 1376 720 φασιν
1397 668 1444 711 εἷς
1459 666 1522 714 τὴν
1544 667 1678 717 Ἀσίαν,
1697 667 1809 719 δήμου
1828 668 2031 713 Ξυπεταίας
2051 669 2180 723 ἄρχον-

1143 741 1188 764 τα
1199 741 1208 749 ·
1228 724 1289 764 καὶ
1305 724 1421 764 πολλὰ
1438 725 1655 779 παρέχονται
1669 730 1730 765 τοῦ
1747 726 1852 779 λόγου
1870 727 2064 781 τεκμήρια,
2087 742 2180 782 κρα-

1142 782 1300 831 τήσαντα
1319 783 1361 831 δὴ
1376 783 1493 838 χώρας
1509 787 1641 837 συχνῆς
1657 800 1694 823 τε
1711 785 1770 823 καὶ
1785 787 1916 837 ἀγαθῆς
1929 817 1938 835 ,
1955 785 2015 824 καὶ
2035 788 2073 824 οὔ
2089 784 2180 824 πολὺ

1143 842 1184 882 τὸ
1207 841 1397 897 ἐπιχώριον
1425 842 1523 895 γένος
1543 842 1709 896 ἐχούσης,
1736 843 1897 896 ἀσμένως
1918 844 1977 883 τὸν
2000 844 2180 899 Δάρδανον

1145 902 1245 950 ἰδεῖν,
1274 901 1335 940 καὶ
1357 900 1398 940 τὸ
1415 900 1476 940 συν
1513 903 1608 955 αὐτῶ
1638 902 1920 956 παραγενόμενον
1956 902 2180 951 Ἑλληνικὸν,

1144 962 1214 999 τῶν
1249 976 1287 999 τε
1315 959 1402 1014 πρὸς
1434 959 1514 1004 τους
1549 959 1747 1034 βαρὸάρους
1776 960 1941 1013 πολέμων
1977 961 2183 1015 συμμαχίας

1145 1018 1248 1058 ἕνεκα
1259 1050 1270 1069 ,
1290 1018 1350 1058 καὶ
1365 1017 1423 1058 ἵνα
1446 1022 1469 1066 ἦ
1486 1034 1532 1070 γη
1558 1013 1649 1070 μὴ
1626 1035 1648 1072 ῃ
1666 1018 1807 1073 ἔρημος.

1198 1078 1383 1117 Ξυπεταία
1402 1092 1476 1130 pro
1501 1079 1603 1129 vulg.
1623 1077 1861 1122 Ἔξποταιέως
1878 1087 1936 1117 est
1952 1079 2110 1118 Meursii
2130 1080 2184 1130 (in

1145 1138 1282 1189 Popul.
1300 1141 1379 1176 Att.
1403 1152 1432 1175 s.
1458 1151 1495 1175 v.
1515 1135 1680 1188 Ξυπέτη)
1697 1136 1932 1188 conjectura,
1950 1153 2032 1189 quae
2051 1139 2182 1176 firma—

1146 1204 1210 1234 tur
1229 1196 1432 1236 Strabonis
1447 1197 1536 1234 loco
1548 1196 1616 1234 lib.
1635 1199 1747 1245 XIII,
1763 1210 1800 1247 p.
1816 1196 1908 1245 604,
1924 1197 1991 1235 ubi
2005 1197 2182 1245 traditur,

1146 1268 1228 1293 esse
1246 1256 1524 1293 nonnullorum
1550 1255 1701 1307 scriptt.
1729 1255 1972 1304 sententiam,
1995 1259 2185 1294 Teucrum

1145 1327 1194 1352 ex
1207 1314 1274 1352 illo
1287 1317 1412 1353 Demo
1431 1315 1470 1352 in
1494 1315 1625 1353 Asiam
1642 1315 1838 1366 migrasse.

1646 1383 1684 1421 9.

1201 1447 1331 1486 Schol.
1353 1446 1553 1498 Aristoph.
1580 1450 1627 1485 V
1616 1447 1824 1498 esp.1238
1845 1445 1982 1498 (1190)
1995 1446 2044 1484 de
2064 1446 2186 1484 scolio

1147 1506 1333 1556 quodam,
1348 1505 1458 1556 cujus
1478 1506 1552 1543 hoc
1569 1506 1724 1543 initium
1741 1506 2018 1557 Aristophanes
2037 1506 2185 1543 attulit:

1148 1563 1322 1616 Ἀδμήτου
1341 1563 1497 1615 λόγον,
1476 1580 1505 1602 ω
1521 1564 1643 1618 ’ταῐρε,
1660 1563 1795 1615 μαθὼν,
1813 1563 1891 1607 τους
1909 1563 2058 1615 ἀγαθους
2076 1562 2184 1617 φίλει·

1147 1624 1252 1676 quod
1263 1623 1440 1675 plumbus
1447 1624 1663 1675 explicans
1652 1632 1755 1662 inter
1767 1624 1921 1662 aliahoc
1932 1623 2061 1661 tradit·
2074 1622 2188 1666 Αὐτὸς

1148 1682 1184 1721 δὲ
1197 1684 1227 1734 (ὁ
1236 1683 1497 1736 Ἀρτεμίδωρος)
1513 1698 1612 1744 φησι,
1624 1682 1854 1734 Φαινόδημον
1865 1681 1993 1733 λέγειν,
2011 1681 2064 1719 ὅτι
2079 1681 2188 1734 φυγὰς

1149 1743 1190 1780 ἐκ
1207 1743 1334 1796 Φερων
1351 1740 1527 1793 Ἄδμητος
1549 1735 1635 1788 ’ἦλθε
1651 1741 1737 1795 πρὸς
1755 1740 1904 1789 Θησέα,
1921 1740 1980 1779 τὸν
1998 1740 2188 1789 Ἀλκήστι-

1149 1801 1205 1845 δος
1234 1800 1295 1839 καὶ
1329 1800 1502 1840 Ἱππάσου
1535 1799 1708 1839 νεώτατον
1740 1801 1870 1850 παῖδα,
1889 1799 1949 1838 και
1980 1800 2185 1854 κατῳκίσθη

1146 1859 1231 1913 παρ’
1254 1861 1360 1898 αὒτου
1378 1861 1413 1898 ἐν
1433 1862 1477 1912 τῇ
1496 1875 1601 1898 αυτου
1619 1857 1739 1914 χώρα,
1759 1861 1807 1903 εἰς
1822 1858 1859 1897 ὃν
1876 1858 1916 1896 τὸ
1936 1856 2088 1896 σκόλιον.

1202 1919 1403 1958 Fabricius
1427 1919 1470 1956 in
1494 1918 1593 1957 Bibl.
1612 1932 1668 1970 gr.
1699 1922 1729 1968 Ι,
1745 1932 1785 1970 p.
1807 1918 1883 1968 695
1902 1917 1961 1956 ed.
1979 1918 2098 1968 antiq.
2114 1930 2188 1969 pro

1148 1977 1379 2030 Φαινόδημον
1396 1978 1550 2030 scripsit
1564 1976 1794 2029 Φανόδημον,
1813 1985 1850 2015 et
1866 1977 1920 2015 sic
1938 1976 2023 2014 cod.
2037 1980 2172 2016 Venet.

1640 2042 1700 2081 10.

1202 2108 1421 2159 Etymolog.
1451 2111 1506 2146 M.
1541 2121 1579 2160 p.
1623 2114 1696 2156 747
1730 2107 1790 2145 ed.
1820 2106 1926 2158 sylb.
1961 2121 1970 2144 :
2000 2105 2188 2161 Ταυροπό-

1148 2169 1208 2206 λον
1221 2198 1231 2216 ,
1246 2166 1310 2215 τὴν
1327 2166 1491 2221 Ἄρτεμιν
1504 2182 1513 2190 ·
1582 2168 1612 2205 οἳ
1636 2166 1673 2205 δὲ
1691 2165 1872 2218 λέγουσιν,
1891 2165 1946 2205 ὅτι
1962 2167 2032 2204 τῶν
2049 2165 2187 2213 Ἑλλή-

1277 2278 1605 2318 FRAGMENTA
1633 2277 1875 2317 INCERTAE
1904 2278 2064 2317 SEDIS.

1190 2383 1403 2416 Callisthenes
1422 2385 1455 2416 et
1478 2383 1707 2416 Phanodemus
1727 2382 1880 2422 tradunt,
1906 2382 2009 2415 Saitas
2030 2381 2071 2414 ab
2095 2382 2189 2414 Athe·

1148 2431 1315 2464 niensibus
1333 2434 1422 2464 ortos
1436 2439 1519 2464 esse.

1193 2526 1356 2558 Teucrum
1394 2534 1497 2567 quum
1534 2524 1589 2557 alii
1616 2524 1733 2564 multi,

1148 2581 1223 2605 mus
1238 2597 1247 2613 ,
1281 2573 1462 2606 Atticarum
1492 2572 1725 2613 antiquitatum
1754 2571 1914 2612 scriptor,
1945 2579 1985 2602 ex
2016 2569 2123 2602 Attica
2153 2568 2187 2601 in

1148 2620 1260 2652 Asiam
1290 2621 1461 2662 migrasse,
1488 2621 1522 2652 et
1547 2619 1742 2661 Xypetensis
1767 2619 1853 2651 demi
1885 2617 2061 2659 principem
2088 2615 2187 2648 fuisse

1147 2668 1294 2701 tradunt.
1305 2667 1417 2700 Multis
1430 2670 1539 2700 autem
1546 2668 1746 2707 argumentis
1759 2674 1893 2698 suorum
1904 2663 2077 2695 verborum
2089 2662 2187 2694 fidem

1148 2714 1281 2747 faciunt.
1305 2717 1415 2753 Quum
1430 2714 1530 2755 igitur
1545 2722 1658 2754 agrum
1675 2712 1820 2753 amplum
1835 2713 1868 2744 et
1883 2711 2005 2742 bonum
2021 2709 2083 2741 sibi
2100 2717 2186 2750 quae·

1149 2763 1270 2802 sisset,
1306 2762 1363 2803 qui
1398 2770 1538 2804 parvum
1566 2761 1792 2801 indigenarum
1822 2766 1996 2790 numerum
2027 2756 2184 2795 habebat,

1148 2810 1336 2842 Dardanum
1356 2810 1448 2841 aiunt
1462 2817 1538 2841 enm
1569 2808 1716 2840 lubenter
1731 2806 1869 2844 vidisse,
1886 2806 2074 2845 ceterosque
2098 2805 2185 2836 Grae-

1149 2865 1206 2890 cos
1222 2857 1280 2898 qui
1294 2866 1370 2889 cum
1384 2865 1423 2888 eo
1438 2858 1610 2895 venerant,
1628 2857 1699 2886 tum
1714 2855 1752 2886 ut
1772 2853 1805 2884 in
1826 2852 1918 2884 hellis
1941 2853 2054 2884 contra
2073 2850 2185 2883 barba-

1149 2913 1203 2936 ros
1230 2904 1381 2945 gerendis
1408 2911 1520 2935 eorum
1549 2901 1703 2934 societate
1730 2902 1886 2939 uteretur,
1916 2900 1988 2932 tum
2017 2898 2116 2931 etiam
2144 2905 2186 2930 ne

1148 2958 1229 2983 suus
1257 2959 1331 2991 ager
1358 2951 1502 2982 maneret
1527 2948 1685 2980 desertus.

1194 3058 1209 3072 «ι
1234 3043 1363 3076 Admeti
1377 3042 1517 3081 dictum,
1534 3041 1639 3073 amice
1647 2995 1701 3080 ?si
1716 3039 1922 3081 cognoveris,
1944 3039 2048 3072 bonos
2062 3047 2147 3071 ama.
2165 3052 2181 3068 υ

1149 3095 1222 3133 Ipse
1237 3090 1507 3132 (Artemidorus)
1524 3089 1624 3128 dicit,
1640 3088 1885 3121 Phanodemum
1902 3096 2032 3120 narrare
2043 3111 2053 3128 ,
2070 3086 2185 3119 Adme-

1151 3142 1221 3171 tum
1250 3138 1361 3170 Pheris
1386 3137 1560 3177 expulsum
1585 3136 1627 3168 ad
1651 3136 1812 3168 Theseum
1838 3135 1984 3175 venisse,
2012 3133 2184 3167 Alcestidis

1149 3187 1182 3218 et
1204 3184 1338 3226 Hippasi
1360 3183 1464 3215 filium
1478 3185 1557 3215 natu
1575 3182 1766 3222 minimum,
1788 3182 1941 3223 huncque
1963 3182 1999 3214 in
2019 3190 2079 3213 sua
2099 3183 2185 3213 terra

1150 3232 1180 3264 ei
1195 3231 1321 3264 dedisse
1335 3230 1444 3263 sedem
1455 3253 1465 3269 ,
1481 3229 1514 3261 in
1527 3238 1624 3271 quem
1640 3229 1778 3262 scolium
1793 3228 1874 3261 iilud
1887 3227 2106 3270 compositum
2129 3227 2182 3260 sit.

1193 3325 1405 3367 Ταυροπόλος,
1423 3323 1538 3356 Diana.
1555 3280 1708 3357 Nomiuiiii
1724 3323 1858 3364 dicunt,
1874 3332 1976 3365 quum
1993 3322 2101 3356 Graeci
2120 3324 2180 3355 Au·

1769 2526 1840 2556 tnm
1886 2524 1986 2556 etiam
2023 2522 2187 2556 Phanode-
