2320 3684
166 193 239 225 ⁴56

870 179 1204 220 APOLLODORI
1231 179 1565 226 FRAGMENTA.

172 272 241 316 τοὺς
257 271 396 323 ὕστερον
413 266 675 322 ἐμπειροτέρους
694 265 874 317 ’γεγονέναι
886 267 955 304 τῶν
975 265 1089 304 πάλαι
1108 265 1190 318 περὶ
1250 266 1336 317 πεζῇ
1362 266 1618 322 συγγράφουσιν
1643 270 1678 308 ἐν
1706 270 1859 323 ἱστορίας
1877 272 2036 325 σχήματι
2052 260 2270 331 προσέχομεν

163 330 208 370 τὰ
235 333 399 377 τοιαῦτα,
424 328 483 366 καὶ
502 323 745 379 Ἐρατοσθένει
770 323 830 362 καὶ
851 323 966 378 τούτῳ
990 323 1123 363 δοτέον·
1150 323 1191 363 τὸ

165 390 194 427 δ’
214 387 304 427 οὕτω
323 387 412 439 πέρα
432 389 491 422 τοῦ
521 382 660 436 μετρίου
680 381 860 434 προάγειν,
881 382 940 420 καὶ
964 383 1121 433 μάλιστα
1135 382 1190 435 ἐφ’

163 446 342 500 Ὁμήρου,
364 445 455 482 δοκεῖ
478 458 536 493 μοι
564 440 629 480 κᾶν
660 439 850 488 ἓπιπλῆξαί
874 456 926 485 τις
953 440 1106 490 δικαίως,
1131 441 1190 480 καὶ

163 506 360 547 τούναντίον
390 506 510 552 εἰπεῖν,
534 504 581 546 ὡς
602 501 682 555 περὶ
702 494 750 539 ὧν
775 503 958 554 ἀγνοοῦσιν
979 502 1089 552 αὐτοὶ,
1110 502 1190 556 περὶ

163 566 292 605 τούτων
313 566 363 617 τῷ
378 565 506 614 ποιητῇ
526 559 752 614 προφέρουσι.

215 625 270 661 Ad
294 623 374 661 haec
400 621 538 672 saepius
569 618 706 658 Strabo
732 619 923 670 respexit,
955 627 998 657 ut
1029 619 1191 658 demon-

165 690 287 720 strant
307 679 504 730 sequentia
522 694 529 715 :

633 752 646 789 l
656 751 716 790 60.

215 818 352 858 strabo
383 822 423 866 I,
467 831 503 869 p.
542 817 613 864 55,
639 819 668 854 B
698 816 762 867 (p.
806 816 882 867 31)
908 831 916 854 ε
948 816 1191 855 Aristarchus

163 878 364 928 AEthiopes
392 876 568 914 bifariam
597 875 741 914 divisos
771 876 928 926 accipit,
955 889 1034 913 non
1062 876 1114 914 ita
1131 885 1191 914 ta—

164 950 248 975 men
262 936 390 974 dirimi
403 936 613 983 existimat,
628 943 671 972 ut
689 934 774 972 duae
790 935 867 972 sint
879 935 1098 986 AEthiopiae,
1116 949 1191 974 una

165 1009 297 1033 versus
321 995 528 1042 orientem,
549 995 668 1034 altera
687 1007 822 1032 versus
842 994 1081 1032 occidentem
1101 995 1189 1041 sita3

163 1054 230 1092 sed
260 1066 376 1092 unam
406 1061 555 1091 tantum
584 1065 665 1090 esse
690 1051 899 1089 contendit.
931 1053 1046 1089 Τοῦτο
1078 1051 1114 1090 δὲ
1147 1054 1192 1090 ἀ-

161 1115 328 1163 γνοοῦντα
348 1112 406 1151 τὸν
426 1110 590 1159 ποιητὴν,
610 1108 730 1162 ὥσπερ
748 1109 807 1148 καὶ
825 1109 870 1147 τὰ
890 1110 993 1158 ἄλλα,
1012 1109 1076 1148 ὅσα
1094 1110 1192 1163 εἴρη-

162 1188 220 1210 κεν
250 1170 507 1224 Ἀπολλόδωρος
531 1171 566 1208 ἐν
595 1171 646 1222 τῷ
669 1168 748 1222 περὶ
780 1170 865 1206 νεῶν
898 1167 1094 1219 καταλόγου
1114 1170 1193 1208 δευ-

162 1229 265 1283 τέρῳ,
285 1227 571 1282 καταψεύσασθαι
589 1230 659 1265 τῶν
679 1226 795 1265 τόπων
818 1226 862 1264 τὰ
885 1225 933 1277 μὴ
954 1225 1049 1266 ὄντα.

215 1288 357 1326 Strabo
381 1290 421 1335 Ι,
439 1301 477 1338 p.
499 1289 547 1334 73
567 1290 596 1324 B
621 1288 674 1337 (p.
706 1287 769 1337 43)
790 1299 798 1321 :
820 1289 907 1324 Non
934 1285 1093 1334 desunt,
1126 1287 1193 1337 qui

163 1347 399 1397 AEthiopiam
419 1346 458 1383 in
470 1353 639 1383 nostram
655 1344 856 1382 Phoenicen
886 1344 1126 1389 transferant,
1156 1354 1193 1383 et

163 1418 247 1455 quae
267 1404 315 1442 de
338 1404 587 1442 Andromeda
615 1411 838 1449 narrantur,
859 1402 906 1439 ad
933 1405 1081 1453 Ioppen
1098 1416 1191 1441 eve-

163 1464 262 1501 nisse
285 1462 434 1510 dicant3
466 1463 504 1499 οὐ
531 1460 642 1508 δήπου
671 1476 739 1498 κατ
783 1459 923 1511 ἄγνοιαν
956 1459 1105 1507 τοπικὴν
1132 1461 1192 1499 καὶ

171 1520 293 1559 ῑούτων
314 1518 525 1572 λεγομένων,
549 1519 627 1557 ἀλλ’
650 1520 685 1557 ἐν
719 1517 826 1569 μύθου
852 1519 985 1568 μᾶλλον
1005 1518 1191 1570 ζσχήματι,

163 1578 322 1633 καθάπερ
344 1578 405 1616 καὶ
436 1580 505 1616 τῶν
537 1577 620 1630 παρ’
649 1576 803 1629 Ἡσιόδῳ
831 1576 891 1614 καὶ
916 1582 988 1619 τοῖς
1014 1576 1149 1626 ἄλλοις,
1170 1577 1193 1615 ἃ

163 1637 328 1691 προφέρει
347 1640 365 1676 ὁ
387 1635 665 1690 Ἀπολλόδωρος,
685 1635 755 1674 οὐδ’
772 1634 809 1673 ὃν
827 1634 955 1687 τρόπον
978 1635 1192 1689 παρατίθησι

162 1702 232 1739 τοῖς
251 1695 412 1750 Ὁμήρου
432 1698 565 1743 ταῦτα,
587 1693 696 1738 εἰδώς.
717 1693 775 1733 Τὰ
798 1691 860 1744 μὲν
882 1692 950 1747 γὰρ
970 1692 1133 1747 Ὁμήρου
1147 1693 1192 1732 τὰ

161 1754 240 1808 περὶ
272 1754 330 1792 τὸν
357 1752 493 1793 Πόντον
526 1757 576 1801 (v.
605 1753 672 1790 inf.
693 1766 714 1790 e
739 1752 805 1789 lib.
827 1755 920 1798 VII,
952 1765 991 1802 p.
1017 1752 1110 1803 457)
1132 1753 1191 1791 καὶ

162 1813 226 1860 τὴν
258 1813 436 1864 Αἴγυπτον
472 1811 719 1866 παρατίθησιν,
747 1809 889 1862 ἄγνοιαν
909 1811 1126 1861 αἰτιώμενος,
1146 1813 1193 1855 ὡς

161 1871 274 1923 λέγειν
297 1871 360 1923 μὲν
388 1870 433 1910 τὰ
463 1870 546 1909 ὄντα
572 1869 802 1922 βουλομένου,
824 1868 873 1919 μὴ
892 1868 1052 1920 λέγοντος
1082 1869 1118 1907 δὲ
1147 1868 1192 1907 τὰ

162 1930 268 1979 ὄντα,
309 1929 399 1968 ἀλλὰ
429 1928 474 1968 τὰ
510 1928 558 1980 μὴ
594 1928 677 1967 ὄντα
708 1930 755 1972 ὡς
781 1927 885 1976 ὄντα,
916 1928 994 1966 κατ’
1035 1927 1189 1979 ἄγνοιαν.

161 1987 327 2026 Ἡσιόδου
348 1988 377 2026 δ’
390 1989 453 2026 οὐκ
475 1987 516 2025 ἄν
537 2003 588 2030 τις
605 1986 801 2026 αἰτιάσαιτο
826 1985 979 2037 ἄγνοιαν,
998 1985 1193 2037 Ἡμίκυνας

161 2047 323 2098 λέγοντος
350 2046 408 2084 καὶ
441 2046 741 2100 Μακροκεφάλους
761 2045 821 2084 καὶ
857 2045 1078 2096 Πυγμαίους·
1115 2046 1191 2084 οὐδὲ

162 2107 229 2158 γὰρ
266 2107 370 2145 αὐτοῦ
394 2104 552 2159 Ὀμήρου
580 2109 693 2144 ταῦτα
721 2104 937 2156 μυθεύοντος·
964 2098 1012 2142 ὧν
1045 2105 1111 2143 εἶσὶ
1131 2106 1190 2144 καὶ

163 2159 258 2202 οὗτοι
299 2166 330 2202 οἱ
369 2166 566 2216 Πυγμαῖοι·
605 2164 676 2202 οὐδ’
705 2162 895 2214 Ἀλκμᾶνος
928 2163 1192 2214 Στεγανόποδας

1249 324 1328 378 περὶ
1358 327 1512 375 πολλῶν,
1538 325 1603 366 κᾶν
1627 327 1677 379 μὴ
1704 326 1981 382 ἐξομολογῶνται
1999 332 2063 381 τὴν
2094 344 2271 392 μυθογρα-

1250 382 1344 436 φίαν.
1362 384 1535 425 Φαίνεται
1553 385 1621 440 γὰρ
1641 386 1737 430 εὐθὺς
1744 418 1754 437 ,
1771 386 1824 427 ὅτι
1841 388 1968 441 μύθους
1986 395 2270 446 παραπλέκουσιν

1250 441 1405 493 ἑκόντες,
1429 445 1491 484 οὐκ
1520 445 1645 499 ἀγνοίᾳ
1678 447 1747 485 τῶν
1773 446 1896 498 ὄντων,
1924 450 2014 489 ἀλλὰ
2042 452 2171 492 πλάσει
2201 457 2270 493 τῶν

1251 501 1445 552 ἀδυνάτων,
1464 503 1641 557 τερατείας
1663 505 1722 543 καὶ
1741 505 1894 560 τέρψεως
1915 507 2033 563 χάριν.
2055 511 2220 562 [Δοκοῦσι
2235 512 2272 552 δὲ

1250 560 1327 598 κατ’
1345 561 1484 613 ἄγνοιαν
1504 562 1557 601 ὅτι
1579 562 1753 614 μάλιστα,
1782 566 1842 604 καὶ
1863 569 2035 617 πιθανῶς,
2061 568 2106 608 τὰ
2129 575 2274 611 τοιαῦτα

1251 619 1436 668 μυθεύουσι
1467 621 1545 675 περὶ
1565 624 1633 659 τῶν
1666 622 1805 670 ἀδήλων
1834 624 1893 663 καὶ
1921 627 1991 666 τῶν
2017 628 2274 680 ἀγνοουμένων,

1250 678 1380 730 gloss]
1401 679 1614 732 Θεόπομπος
1632 680 1668 718 δὲ
1693 681 1951 734 ἐξομολογεῖται
1975 684 2106 738 φήσας,
2131 685 2185 726 ὅτι
2214 688 2274 728 καὶ

1252 736 1378 788 μύθους
1408 740 1443 778 ἓν
1477 747 1552 786 ταῖς
1581 739 1748 792 ἱστορίαις
1775 743 1844 796 ἐρεῖ
1875 749 2030 796 κρεῖττον
2057 744 2080 792 ἢ
2105 747 2151 791 ὥς
2170 746 2276 800 Ἡρό-

1251 797 1347 842 δοτος
1366 799 1426 837 καὶ
1440 801 1597 848 Κτησίας
1624 802 1682 841 καὶ
1703 800 1911 844 Ἑλλάνικος
1938 801 1997 840 καὶ
2026 804 2057 841 οἱ
2075 803 2120 842 τὰ
2142 804 2274 844 Ἰνδικὰ

1251 857 1522 910 συγγράψαντες.

1305 917 1410 955 Idem
1431 932 1470 970 p.
1494 920 1556 968 76,
1579 924 1613 958 A
1633 921 1688 972 (p.
1712 920 1774 971 44)
1802 935 1810 957 :
1841 918 2099 974 Ἀπολλόδωρος
2126 920 2163 960 δὲ
2193 923 2275 960 ἐπι-

1251 981 1338 1028 τιμᾷ
1358 977 1598 1031 Καλλιμάχῳ,
1620 980 1820 1030 συνηγορῶν
1840 983 1911 1021 τοῖς
1929 978 2008 1032 περὶ
2026 979 2275 1033 Ἐρατοσθένη,

1252 1032 1356 1082 διότι,
1375 1035 1501 1089 καίπερ
1527 1037 1771 1090 γραμματικὸς
1789 1037 1852 1086 ὢν,
1871 1034 1969 1088 παρὰ
1987 1037 2051 1085 τὴν
2075 1038 2276 1092 εΟμηρικὴν

1253 1091 1413 1131 ὑπόθεσιν
1437 1093 1497 1132 καὶ
1516 1094 1574 1133 τὸν
1597 1094 1851 1147 ἐξωκεανισμὸν
1879 1100 1949 1136 τῶν
1969 1096 2085 1136 τόπων
2109 1097 2188 1150 περὶ
2217 1097 2276 1142 οὓς

1252 1150 1315 1196 τὴν
1344 1152 1482 1200 πλάνην
1515 1152 1656 1207 φράζει,
1687 1155 1821 1193 Γαῦδον
1857 1155 1996 1207 (Heyn.
2030 1156 2182 1207 Γαῦλον)
2216 1155 2276 1194 καὶ

1253 1209 1438 1263 Κόρκυραν
1455 1212 1628 1262 ὀνομάζει.
1646 1217 1690 1251 In
1708 1226 1812 1263 seqq.
1836 1213 2045 1265 respondet
2063 1214 2215 1253 Strabo.

1305 1271 1402 1306 Cum
1421 1269 1479 1307 his
1501 1270 1647 1308 confer.
1666 1274 1793 1309 Tzetz.
1814 1272 1911 1310 Chii.
1929 1275 2023 1320 VII,
2043 1273 2118 1320 760
2135 1288 2143 1310 :

1334 1339 1371 1370 Ὁ
1388 1339 1421 1370 δέ
1432 1349 1467 1379 γε
1479 1339 1702 1383 Ἀπολλόδωρος
1718 1341 1848 1384 δευτέρῳ
1864 1342 2050 1384 καταλόγου,

1334 1386 1438 1426 ψυχὴν
1453 1386 1694 1424 ἐπαληθίζουσαν
1707 1388 1813 1430 ὥσπερ
1829 1390 1846 1420 ὁ
1858 1390 1985 1428 Τζέτζης
1998 1389 2092 1431 ἔχων,

1334 1431 1444 1473 τέρατά
1459 1444 1494 1464 τε
1508 1434 1562 1464 καὶ
1578 1434 1746 1475 πλάσματα
1761 1434 1869 1475 οἴεται,
1882 1435 2004 1478 γράφων
2022 1436 2082 1468 ὦδε
2091 1445 2100 1454 ·

1338 1492 1352 1506 u
1367 1479 1544 1520 Ἡμίκυνες,
1560 1480 1778 1523 Μακρόκρανοι
1789 1506 1798 1522 ,
1811 1483 1864 1514 καὶ
1883 1484 1911 1515 οἱ
1927 1484 2097 1524 Πυγμαῖοι,
2114 1482 2256 1524 πλάσμα·

1335 1526 1441 1568 ὥσπερ
1453 1528 1482 1558 οἱ
1500 1528 1726 1568 Στεγανόποδες
1742 1530 1795 1560 καὶ
1812 1531 1841 1561 οἱ
1857 1529 2098 1572 Στερνὸφθαλμοί
2113 1540 2159 1570 τε,

1334 1572 1421 1603 αὐτοί
1438 1583 1471 1604 τε
1487 1574 1697 1615 Κυνοκέφαλοι
1712 1575 1788 1615 μετὰ
1800 1578 1862 1607 τῶν
1877 1575 2106 1617 Μονομμάτων.

1335 1619 1449 1650 Μόθων
1464 1630 1498 1651 τε
1512 1620 1628 1661 (Heyn.
1652 1621 1753 1652 Μῦθοί
1774 1633 1819 1662 τε,
1844 1622 1896 1654 vel
1921 1623 2083 1662 μυθώδεις)
2098 1622 2276 1664 Ἱμαντόπο·

1841 1670 1890 1707 δες
1905 1672 1958 1702 καὶ
1974 1671 2215 1712 Ἱμαντοσκελεῖς
2229 1683 2274 1711 τε,

1334 1714 1560 1754 Μονοτοκῆται,
1574 1713 1705 1756 Ἄῤῥινες
1714 1738 1723 1754 ,
1736 1717 1788 1747 καὶ
1803 1715 1948 1757 Ἄστομοι
1964 1718 2091 1758 ὁμοίως,

1334 1761 1397 1792 Καὶ
1410 1762 1439 1792 οἱ
1455 1761 1731 1794 Ὀπισθοδάκτυλοι
1747 1763 1800 1794 καὶ
1813 1765 1842 1794 οἱ
1858 1764 2119 1804 Ἀγελαστοῦντες.
2134 1776 2150 1792 υ

1306 1818 1444 1857 Strabo
1460 1822 1559 1868 XII,
1578 1833 1616 1871 p.
1637 1821 1709 1857 831
1735 1825 1790 1872 (p.
1813 1820 1930 1872 553):
1951 1821 2099 1873 Ἀγνοεῖν
2121 1820 2188 1875 γὰρ
2212 1822 2277 1860 αὔ-

1251 1875 1308 1914 τὸν
1329 1876 1398 1928 (τὸν
1413 1875 1575 1930 ’Όμηρον
1590 1877 1656 1929 sc.)
1670 1877 1785 1916 πολλὰ
1800 1881 1870 1917 τῶν
1891 1878 2035 1924 ἐνδόξων
2050 1879 2115 1933 ἔφη
2133 1879 2275 1931 (Ἀπολ-

1251 1933 1400 1987 λόδωρος
1439 1935 1511 1985 sc.)
1538 1934 1619 1988 περὶ
1645 1935 1703 1974 τὸν
1726 1934 1881 1986 Πόντον,
1913 1931 1983 1976 οἷον
2005 1936 2185 1989 ποταμοὺς
2216 1938 2276 1978 καὶ

1251 1992 1346 2042 ἔθνη,
1365 2003 1439 2031 etc.

1723 2049 1807 2086 161.

1304 2105 1470 2142 Exlibro
1482 2119 1597 2143 secun
1603 2106 1653 2144 do
1666 2106 1823 2144 fortasse
1836 2116 1956 2159 petlta
1966 2116 2054 2146 sunt
2065 2108 2179 2146 etiam
2186 2108 2275 2146 haec.

1304 2163 1443 2201 Strabo
1461 2167 1501 2210 I,
1524 2178 1562 2214 p.
1590 2166 1659 2202 105
1689 2169 1717 2202 B
1743 2164 1798 2217 (Ι).
1833 2165 1912 2217 61),
1935 2165 2002 2204 ubi
2027 2166 2075 2203 de
2103 2167 2274 2217 populo—

162 2226 401 2278 ἱστοροῦντος,
420 2223 491 2261 οὐδ’
517 2221 694 2274 Αἰσχύλου
715 2222 981 2275 Κυνοκεφάλους
996 2222 1055 2260 καὶ
1077 2225 1190 2277 Στερ-
1251 2237 1336 2260 rum
1357 2223 1671 2274 migrationibus:
1695 2226 1780 2263 Οἱον
1810 2223 1958 2278 Ἰὸήρων
1989 2223 2052 2275 μὲν
2075 2226 2145 2262 τῶν
2171 2226 2277 2262 ἑσπε-

162 2282 381 2335 νοφθάλμους
409 2282 468 2320 καὶ
501 2281 761 2332 Μονομμάτους
777 2297 784 2304 ·
823 2280 909 2319 ὅπου
948 2296 988 2332 γε
1023 2280 1101 2319 οὐδὲ
1121 2287 1193 2325 τοῖς
1219 2287 1223 2334 Ι
1253 2281 1333 2335 ρίων
1353 2283 1399 2325 εἷς
1413 2281 1492 2326 τοὺς
1511 2281 1599 2335 ὑπὲρ
1621 2285 1681 2320 τοῦ
1702 2280 1839 2321 Πόντου
1862 2281 1922 2320 καὶ
1945 2284 2006 2328 τῆς
2029 2281 2200 2334 Κολχίδος
2218 2281 2277 2320 τό·-

162 2393 362 2425 transtulerit
379 2402 386 2423 :
407 2401 481 2433 quae
499 2400 596 2432 supra
612 2391 814 2424 ostendimus
833 2400 948 2432 parum
965 2400 1036 2424 esse
1055 2400 1187 2423 consen-

162 2443 266 2472 tanea.
298 2439 424 2480 Quippe
452 2442 484 2471 et
514 2439 740 2478 Eratostheni,
769 2440 802 2471 et
828 2439 875 2470 illi
903 2439 997 2471 facile
1021 2438 1188 2478 dederim,

163 2486 356 2528 posteriores
386 2486 527 2527 antiquis
557 2486 591 2517 in
621 2486 736 2526 peritia
764 2494 873 2517 rerum
903 2486 1189 2526 geographicarum

162 2533 352 2574 praestitisse
370 2542 378 2565 z
401 2533 459 2565 sed
479 2532 558 2565 adeo
580 2532 665 2564 ultra
682 2532 814 2564 modum
836 2533 1098 2573 reprehendendo
1119 2542 1190 2573 pro-

164 2581 272 2612 vectos
284 2604 293 2619 ,
312 2579 452 2612 maxime
466 2579 500 2611 in
516 2581 694 2611 Homerum
705 2603 714 2616 ‚
732 2579 861 2610 videtur
878 2579 956 2610 mihi
973 2579 1088 2611 merito
1105 2581 1188 2620 quis-

162 2627 248 2666 piam
264 2626 434 2668 objurgare
449 2634 545 2667 posse
563 2635 570 2657 :
587 2625 732 2666 adeoque
746 2625 943 2657 contrarium
960 2634 1118 2664 asserere,
1133 2635 1189 2658 eos

163 2675 265 2713 poetae
282 2682 388 2706 rerum
408 2673 641 2714 ignorationem
660 2672 856 2714 exprobrare
874 2681 984 2704 earum
997 2696 1006 2712 ,
1027 2682 1108 2713 quas
1127 2672 1187 2713 ipsi

164 2721 315 2753 nesciant.

631 2775 716 2808 160.

204 2827 334 2858 Poetam
351 2851 360 2866 ‚
397 2836 499 2868 quum
542 2827 574 2858 id
603 2827 780 2868 ignoraret,
816 2826 900 2857 sicut
939 2828 970 2857 et
1001 2826 1063 2857 alia
1075 2849 1083 2864 ,
1115 2833 1189 2866 quae

166 2872 374 2912 Apollodorus
393 2873 474 2905 libro
493 2873 532 2905 de
544 2874 739 2906 Recensione
759 2873 891 2904 navium
912 2871 1055 2904 secundo
1073 2872 1187 2910 refert,

164 2918 295 2950 linxisse
311 2919 351 2951 de
370 2920 450 2952 locis
467 2920 559 2952 salsa.
1001 2928 1011 2935 '

206 2966 286 3000 Quae
302 2974 377 2997 sane
393 2975 456 2998 non
474 2967 516 2998 ol)
532 2967 767 3007 ignorationem
785 2966 933 2998 locorum
950 2965 1113 3003 dicuntur,
1132 2964 1187 2996 sed

166 3008 281 3040 fabulae
298 3012 403 3051 potius
419 3016 577 3053 praetextu
591 3025 599 3053 ;
620 3014 704 3045 sicut
718 3016 749 3045 et
768 3012 854 3053 apud
871 3012 1048 3044 Hesiodum
1065 3012 1142 3042 suut
1159 3012 1190 3042 et

167 3055 245 3086 alios
261 3057 356 3093 talia,
377 3067 449 3098 quac
472 3059 686 3100 Apollodorus
705 3059 870 3100 proferens
898 3058 1001 3090 nescit
1026 3057 1189 3098 quomodo

166 3109 203 3131 eo
218 3110 291 3133 cum
314 3105 493 3136 Homericis
508 3108 692 3146 componat.
715 3108 796 3138 Nam
814 3106 854 3138 de
877 3107 981 3137 Ponto
999 3107 1031 3136 et
1053 3105 1190 3144 AEgypto

167 3144 207 3177 ab
227 3150 365 3180 Homero
383 3151 501 3191 scripta
519 3153 701 3192 proferens,
726 3152 864 3184 inscitiae
882 3161 958 3184 eum
981 3151 1108 3192 culpat,
1129 3150 1188 3190 qui

168 3193 304 3226 voluerit
320 3196 447 3235 quidem
466 3207 540 3230 vera
557 3199 678 3238 dicere,
695 3200 751 3232 sed
766 3200 966 3240 ignoratione
981 3199 1092 3239 lapsus
1109 3198 1189 3229 salsa

169 3247 226 3278 pro
248 3240 334 3271 veris
356 3241 483 3275 dixerit.
509 3247 549 3275 At
570 3246 656 3276 enim
680 3246 818 3278 Hesiodo
840 3254 935 3277 nemo
959 3245 1190 3285 ignorationem

169 3285 338 3325 obiecerit,
361 3289 542 3321 Semicanes
557 3292 755 3331 nominanti,
772 3293 805 3323 et
825 3291 1058 3332 Longicipites,
1077 3292 1110 3323 et
1133 3292 1190 3331 Py-

169 3341 290 3370 gmaeos
314 3334 412 3372 (nam
435 3336 484 3367 hae
507 3337 641 3376 fabulae,
666 3341 702 3369 ut
724 3340 756 3370 et
782 3341 1027 3379 Pygmaeorum,
1051 3339 1191 3369 Homero

170 3387 299 3419 quoque
321 3380 399 3412 vitio
422 3390 485 3413 nou
508 3382 648 3422 dantur)
676 3394 682 3414 :
707 3394 809 3424 neque
833 3385 976 3416 Alcmani
999 3384 1189 3424 Latipedes3

1245 2401 1350 2433 neque
1375 2392 1530 2433 AEschylo
1555 2392 1748 2433 Canicipites
1772 2393 1804 2424 et
1829 2392 2108 2431 Pectoroculatos‚
2133 2393 2166 2424 et
2190 2393 2276 2424 Uno*

1216 2469 1221 2472 .
1247 2439 1356 2478 culos;
1372 2439 1473 2480 quid?
1489 2439 1578 2480 quod
1593 2448 1632 2472 ne
1646 2448 1742 2480 prosa
1756 2439 1886 2479 quidem
1902 2441 2046 2471 oratione
2060 2438 2275 2472 scribentibus

1247 2487 1394 2518 animum
1410 2485 1613 2518 advertimus
1629 2485 1732 2517 multa
1746 2485 1952 2517 narrantibus
1969 2485 2030 2517 sub
2045 2485 2189 2517 historiae
2204 2494 2274 2527 spe·

1245 2533 1314 2572 cie,
1337 2532 1465 2565 etiamsi
1487 2541 1553 2563 non
1577 2532 1739 2564 fateantur
1760 2540 1795 2564 se
1823 2531 1948 2564 fabulas
1970 2532 2120 2564 scribere.
2157 2532 2273 2564 statim

1246 2580 1333 2611 enim
1362 2580 1493 2620 apparet
1519 2587 1574 2610 eos
1604 2578 1730 2610 fabulas
1756 2577 1934 2610 admiscere
1960 2587 2026 2610 non
2054 2578 2097 2610 ob
2123 2587 2275 2611 verorum

1245 2626 1501 2666 ignorationem,
1527 2625 1584 2657 sed
1604 2625 1828 2657 delectationis
1850 2633 1966 2656 caussa
1988 2627 2133 2656 monstra
2146 2626 2179 2657 et
2191 2625 2274 2666 alia,

1246 2680 1320 2712 quae
1343 2680 1414 2703 esse
1435 2680 1501 2703 non
1523 2673 1680 2712 possunt,
1702 2671 1869 2711 fingentes.
1889 2670 2072 2711 [Videntur
2095 2673 2203 2703 autem
2223 2670 2276 2703 vel

1246 2718 1388 2749 maxime
1405 2717 1605 2758 ignoratione
1620 2717 1708 2749 ducti
1724 2717 1764 2749 de
1780 2717 1927 2749 obscuris
1944 2719 1976 2749 et
1990 2717 2107 2758 ignotis
2122 2718 2190 2749 tam
2204 2724 2276 2758 pro-

1245 2764 1392 2796 babiliter
1407 2764 1583 2805 fabulari]
1603 2766 1646 2796 Et
1667 2764 1894 2805 Theopompus
1917 2763 2046 2804 quidem
2069 2762 2185 2795 diserte
2205 2772 2277 2804 pro·

1245 2811 1352 2843 fitetur
1374 2820 1409 2842 se
1431 2811 1465 2842 iu
1484 2811 1623 2843 historia
1650 2811 1775 2843 fabulas
1802 2811 2007 2842 narraturum
2035 2809 2154 2842 rectius
2176 2818 2274 2850 quam

1215 2866 1219 2896 ι
1245 2857 1378 2890 fecerint
1400 2857 1582 2889 Herodotus
1595 2880 1604 2896 ‚
1627 2857 1775 2896 Ctesias,
1802 2856 2009 2896 Hellanicus,
2032 2859 2064 2888 et
2091 2855 2274 2888 Indicarum

1245 2913 1357 2936 rerum.
1372 2904 1433 2935 scri
1438 2906 1557 2944 ptores.

1286 2950 1520 2991 Apollodorus,
1543 2950 1788 2982 Eratosthenem
1810 2948 2007 2984 defendens,
2033 2947 2269 2980 Callimachum

1246 2997 1470 3038 reprehendit,
1492 2997 1577 3037 quod
1591 3020 1600 3035 ‚
1623 2996 1750 3028 tametsi
1778 2996 2006 3036 grammaticus
2027 2995 2134 3033 esset,
2163 2996 2271 3026 tamen

1246 3047 1280 3077 et
1303 3046 1414 3077 contra
1435 3043 1566 3076 Homeri
1588 3043 1772 3074 institutum
1785 3066 1793 3081 ,
1816 3044 1848 3074 et
1863 3042 2007 3074 locorum
2023 3041 2056 3072 in
2078 3042 2208 3072 Oceano
2229 3039 2271 3072 ab

1246 3091 1307 3122 boc
1330 3090 1568 3131 expositorum,
1590 3089 1628 3120 ad
1652 3098 1725 3129 quae
1745 3089 1878 3129 Ulysses
1900 3087 2100 3129 pervenerit,
2122 3086 2271 3119 Caudum

1246 3140 1274 3172 is
1293 3147 1331 3170 ac
1352 3140 1527 3178 Corcyram
1547 3137 1774 3168 nominaverit.
2312 3172 2314 3174 Ι

1288 3186 1342 3218 Ait
1361 3185 1575 3226 Apollodorus
1594 3186 1770 3216 Homerum
1788 3183 1891 3215 multa
1909 3181 2030 3214 nobilia
2045 3181 2211 3221 ignorasse
2229 3180 2270 3212 de
2317 3204 2320 3205 γ

1247 3233 1286 3266 iis
1298 3255 1306 3268 ,
1325 3241 1398 3272 quae
1414 3233 1492 3263 sunt
1509 3231 1591 3263 circa
1610 3232 1749 3263 Pontum
1764 3254 1773 3269 ‚
1793 3231 1904 3270 utpote
1923 3229 2055 3260 flumina
2071 3229 2103 3260 et
2119 3227 2269 3268 populosi

1717 3307 1801 3339 161.

1290 3383 1373 3415 Iberi
1392 3381 1604 3415 occidentales
1622 3381 1654 3413 in
1676 3381 1745 3413 loca
1763 3380 1847 3413 ultra
1870 3381 2006 3412 Pontum
2026 3379 2059 3411 et
2079 3376 2264 3410 Colchidem
