2320 3684
121 149 196 182 568

173 226 286 274 Quod
306 226 440 263 attinet
459 237 571 261 aeram
586 220 803 270 Trojanam,
822 227 877 256 tot
891 217 1139 255 obruimuret

120 295 197 323 tam
217 285 373 322 diversis
392 291 560 320 veterum
581 281 812 330 scriptorum
836 276 1138 327 computationi-

119 343 213 390 bus,
238 351 281 380 ut
307 342 472 391 singulas
500 337 722 376 enumerare
743 337 937 386 negotium
966 335 1014 372 sit
1038 334 1139 371 taedii

120 402 290 451 plenum,
309 414 371 437 eas
391 400 449 435 vel
472 398 636 448 probare
654 396 714 433 vel
727 394 948 444 improbare
964 407 1024 430 res
1043 406 1141 430 vana

120 473 190 496 nec
205 472 325 497 vacua
340 457 388 494 ab
404 455 637 506 arrogantia.
652 457 751 492 Nam
767 466 879 491 nemo
893 452 1008 490 hodie
1021 452 1141 489 nescit

121 530 293 566 quaenam
324 515 419 552 fides
452 514 511 550 his
546 511 720 550 habenda
753 512 802 549 sit
837 510 1025 548 omnibus.
1066 509 1141 548 Sed

120 588 238 624 quum
254 574 420 611 rationes
436 580 574 609 nostrae
591 571 643 608 ita
660 571 759 607 ferre
774 570 942 617 soleant,
959 577 1002 606 ut
1017 577 1141 607 certus

120 633 273 683 quidam
302 631 467 681 Trojano
489 631 590 668 bello
611 643 792 668 numerus
814 629 1062 680 assignandus
1079 629 1140 676 sit,

122 705 253 728 eorum
278 691 444 727 maxime
461 698 663 740 computos
683 689 897 739 sequimur,
917 688 982 738 qui
998 688 1038 725 in
1057 688 1142 738 ipsa

121 749 346 798 antiquitate
365 761 551 785 summam
573 748 776 798 diligentiae
799 756 837 784 et
852 746 1082 784 eruditionis
1102 746 1142 782 in

121 807 177 843 his
191 806 304 844 rebus
322 806 474 843 laudem
495 806 751 844 abstulerunt.
775 809 903 856 Atque
925 805 964 842 in
988 805 1143 842 univer-

121 879 204 902 sum
222 866 293 902 viri
311 865 413 902 docti
434 865 555 916 legem
578 866 687 915 quasi
706 865 963 916 scripserunt,
984 863 1077 900 nihil
1103 863 1143 900 in

122 923 297 972 mythicae
338 924 459 960 aetatis
507 924 757 974 chronologia
810 922 922 961 nobis
969 923 1142 960 relictum

121 994 201 1017 esse
235 981 306 1018 nisi
337 981 682 1019 Alexandrinorum
702 981 1004 1032 computationes
1023 993 1144 1030 quan-

122 1048 200 1076 tum
218 1040 298 1090 ejus
311 1040 391 1077 {ieri
409 1048 537 1090 posset
552 1041 773 1086 restituere3
791 1048 924 1077 contra
934 1040 972 1076 in
985 1052 1143 1076 examen

120 1110 183 1135 eas
202 1111 339 1136 vocare
355 1097 490 1136 inutile
514 1112 595 1136 esse
617 1107 656 1136 et
679 1099 935 1136 temerarium.
959 1100 1053 1134 Nam
1074 1097 1144 1134 niti

121 1169 183 1193 eas
217 1158 472 1195 monumentis
506 1158 750 1208 pervetustis.
797 1157 867 1195 His
915 1155 1065 1206 adjutos
1107 1162 1145 1192 et

122 1229 258 1265 magna
283 1216 467 1253 doctrinae
497 1216 607 1266 copia
628 1216 819 1266 variisque
847 1215 1022 1266 priorum
1047 1213 1145 1251 scri-

122 1283 277 1326 ptorum
307 1273 571 1312 conaminibus
595 1274 875 1312 Alexandrinos
908 1286 987 1323 prae
1010 1272 1146 1310 ceteris

122 1333 292 1384 potuisse
312 1331 554 1383 probabilem
573 1332 738 1382 aliquam
752 1331 1041 1381 chronologiam
1055 1344 1146 1368 con-

123 1393 292 1429 stituere.
313 1413 358 1419 —-
378 1394 509 1441 Longe
533 1390 667 1427 absum
688 1399 730 1428 ut
749 1391 829 1427 haec
850 1390 1144 1440 reprehendam.

123 1453 255 1500 Neque
275 1457 401 1486 tamen
421 1456 628 1499 propterea
653 1448 890 1498 reliquorum
916 1448 1146 1494 testimonia,

123 1515 165 1544 ut
193 1507 418 1557 plerumque
436 1507 499 1554 fit,
533 1506 762 1556 negligenda
789 1515 892 1544 sunt.
923 1509 1020 1544 Nam
1036 1506 1146 1554 anti-

123 1565 302 1615 quiorum
325 1577 478 1615 quoque
503 1573 702 1602 auctorum
722 1565 918 1602 sententiae
937 1578 1014 1602 non
1037 1578 1149 1602 merae

123 1623 278 1660 suerunt
298 1621 549 1672 conjecturae,
569 1622 636 1660 sed
664 1623 755 1661 item
784 1624 966 1673 profectae
988 1632 1075 1660 sunt
1101 1636 1148 1660 ex

123 1681 336 1718 rationibus
368 1688 601 1718 vetustarum
633 1682 861 1733 ἀναγραφῶν,
889 1681 1029 1731 quibus
1058 1694 1148 1718 sane

123 1740 255 1777 ea'dem
278 1739 484 1776 auctoritas
508 1739 667 1777 concedi
691 1740 805 1777 debet
826 1753 869 1777 ac
888 1740 1070 1790 catalogis
1086 1753 1148 1776 re—

123 1812 212 1847 gum
233 1798 624 1835 Lacedaemoniorum.
646 1801 790 1836 Omnes
811 1799 911 1835 enim
932 1799 993 1835 isti
1012 1811 1147 1835 recem

123 1871 204 1904 sus,
231 1858 374 1894 seriore
397 1857 551 1894 demum
579 1865 690 1894 aetate
712 1857 893 1900 confecti,
924 1865 1054 1894 carent
1075 1856 1148 1894 lide

123 1915 317 1952 historica.
338 1918 473 1962 Neque
506 1923 631 1953 tamen
658 1915 863 1952 verisimile
880 1924 954 1963 est,
975 1924 1148 1952 auctores

123 1974 332 2026 ἀναγραφῶν
350 1974 388 2009 in
404 1974 679 2011 constituendis
696 1987 828 2023 regum
847 1974 1019 2024 imperiis
1034 1988 1148 2024 pror—

123 2104 200 2128 suae
253 2091 366 2128 certis
401 2090 630 2140 quibusdam
660 2091 808 2140 legibus
855 2091 1044 2128 moderari
1082 2091 1147 2128 de-

122 2148 300 2187 buerunt.
330 2152 422 2195 Quae
449 2162 540 2186 vero
560 2150 702 2186 fuerint
730 2150 811 2186 istae
829 2150 942 2200 leges,
966 2163 1013 2186 ex
1039 2150 1147 2187 annis

122 2208 280 2258 singulis
312 2206 468 2258 regibus
500 2207 653 2245 tributis
687 2209 753 2246 vix
786 2209 964 2259 cognosci
985 2209 1147 2258 poterit3

122 2267 242 2317 magis
262 2266 301 2303 in
320 2279 363 2303 ea
380 2279 421 2303 re
441 2265 707 2316 adjuvabimur
726 2266 976 2304 observandis
994 2275 1146 2317 tempo-

122 2338 209 2362 rum
238 2324 448 2369 distantiis,
478 2333 560 2364 tum
582 2326 628 2362 iis
654 2326 796 2376 quibus
825 2339 958 2376 magna
978 2326 1146 2363 historiae

122 2382 392 2436 παραπήγματα
410 2383 513 2433 apud
532 2384 695 2421 eundem
715 2385 942 2435 scriptorem
961 2385 1146 2423 distinen-

124 2451 207 2488 tur,
227 2450 308 2478 tum
324 2441 371 2478 iis
383 2470 392 2488 ‚
410 2454 497 2491 quae
512 2441 559 2478 de
579 2442 714 2479 eodem
734 2443 835 2479 facto
852 2443 954 2492 apud
976 2443 1145 2481 diversos

123 2500 327 2537 historicos
349 2499 702 2550 deprehenduntur.
727 2501 827 2549 Quid
851 2514 943 2538 vero
963 2502 1009 2538 ad
1035 2502 1144 2538 talem

124 2559 428 2608 disquisitionem
471 2559 741 2596 instituendam
785 2560 1025 2597 commodius
1065 2574 1170 2598 sese*

124 2617 238 2653 offert
258 2630 371 2666 quam
394 2617 506 2653 variae
522 2617 596 2654 illae
620 2617 666 2654 de
687 2617 852 2667 Trojana
879 2619 1024 2668 epocha
1049 2621 1145 2656 scri—

126 2682 281 2723 ptorum
309 2675 529 2711 sententiae?
551 2675 675 2725 Igitur
703 2677 830 2726 paullo
854 2676 1008 2714 uberius
1034 2677 1079 2713 de
1099 2678 1145 2714 iis

124 2746 290 2782 agemuS.
312 2733 385 2771 Sed
400 2741 603 2783 antequam
624 2733 671 2771 de
692 2748 790 2771 anno
804 2734 925 2785 Trojae
940 2743 1060 2786 captae
1074 2749 1146 2772 ser-

126 2804 276 2828 monem
334 2791 539 2840 faciamus,
578 2793 761 2831 nonnulla
791 2794 838 2831 de
893 2795 951 2830 die
1005 2793 1145 2831 excidii

125 2850 389 2899 praemittenda
410 2858 508 2888 sunt.

178 2908 335 2944 Plurimi
352 2908 502 2958 Trojam
517 2922 685 2948 eversam
704 2911 811 2948 aiunt
828 2910 890 2947 die
902 2914 1053 2960 septimo
1073 2909 1144 2957 vel,

126 2966 229 3015 quod
249 2966 381 3003 eodem
399 2968 508 3015 redit,
523 2969 584 3006 die
600 2979 719 3006 octavo
738 2970 987 3022 Θαργηλιῶνος
1005 2967 1144 3020 φθίνον-

125 3039 182 3066 τος
198 3033 262 3061 aut
276 3024 472 3075 ἱσταμένου.
488 3028 677 3065 Plutarch.
695 3029 843 3065 Camill.
859 3041 890 3064 c.
911 3041 957 3077 19
973 3041 981 3062 :
1003 3027 1145 3078 Θαργη-

125 3084 245 3124 λιῶνος
269 3083 398 3135 ἑὸδόμῃ
419 3084 591 3137 φθίνοντος
612 3117 624 3138 ,
642 3087 722 3140 περὶ
734 3087 776 3133 ἣν
795 3088 886 3125 δοκεῖ
905 3086 963 3125 καὶ
981 3085 1019 3125 τὸ
1037 3085 1143 3125 Ἴλιον

126 3143 276 3188 ἁλῶναι,
302 3144 347 3185 ὥς
364 3142 516 3195 ’Ἔφορος
540 3146 598 3184 καὶ
619 3146 856 3194 Καλλισθένης
874 3147 932 3185 καὶ
952 3147 1145 3198 Δαμάστης

125 3198 184 3236 καὶ
199 3198 387 3252 Φύλαρχος
400 3202 634 3254 ἱστορήκασιν.
648 3206 891 3244 Callisthenes
903 3206 1004 3256 apud
1017 3207 1143 3245 Schol.

128 3258 259 3309 Eurip.
277 3258 429 3295 Hecub.
457 3259 532 3308 895
554 3277 562 3298 :
585 3263 824 3311 Καλλισθένης
844 3263 992 3318 δευτέρῳ
1010 3264 1144 3311 Ἑλλη-

126 3317 242 3354 νικῶν·
263 3314 384 3355 Ἑάλω
402 3314 437 3353 δὲ
451 3319 472 3362 ἠ
489 3320 601 3370 Τροία
616 3323 863 3373 Θαργηλιῶνος
881 3315 999 3374 μηνὸς,
1016 3325 1060 3367 ὡς
1076 3323 1140 3375 μέν

1006 131 1077 170 ΑΝ
1080 130 1305 170 ΝΟΤΑΤΙΟ

1198 231 1285 258 τινες
1304 216 1488 267 ἱστορικῶν
1510 217 1552 267 τῇ
1567 215 1600 262 η’
1623 214 1826 267 ἱσταμένου,
1846 218 1892 260 ὡς
1911 215 1946 254 δὲ
1966 219 1983 255 ὁ
2005 217 2067 264 τὴν
2092 217 2218 272 μικρὰν

1199 274 1334 313 Ἰλιάδα
1350 274 1528 328 (γράψας),
1548 277 1591 327 τῇ
1607 272 1643 323 η’
1658 275 1842 328 φθίνοντος.
1866 276 2015 330 Διορίζει
2032 276 2098 331 γὰρ
2120 277 2221 321 αὐτὸς

1198 332 1262 380 τὴν
1285 333 1415 372 ἅλωσιν
1441 333 1583 387 φάσκων
1613 333 1791 386 συμὸἧναι
1818 333 1896 372 τότε
1921 334 1984 381 τὴν
2009 336 2220 390 κατάληψιν,

1199 391 1304 438 ἡνίκα

1282 454 1344 491 Νὺξ
1365 455 1419 496 μὲν
1431 455 1483 493 ἔην
1496 455 1626 496 μεσάτα,
1647 456 1772 498 λαμπρὰ
1788 456 1814 487 δ’
1825 456 1964 488 ἐπέτελλε
1979 455 2104 488 σελάνα.

1201 507 1435 550 Μεσονύκτιος
1455 505 1490 545 δὲ
1510 507 1614 559 μόνον
1639 511 1683 560 τῇ
1708 507 1812 560 ὀγδόῃ
1834 507 2008 562 φθίνοντος
2029 506 2220 546 ἀνατέλλει.

1202 566 1317 603 Clem.
1343 566 1449 603 Alex.
1468 568 1608 604 Strom.
1633 569 1663 612 Ι,
1687 580 1725 617 p.
1746 567 1816 605 381
1841 570 1955 614 Pott.‚
1975 580 2014 617 p.
2039 567 2112 615 139
2133 566 2222 615 Syl-

1201 623 1458 675 burg.:’Ay{oe;
1474 623 1533 661 καὶ
1552 623 1723 677 Δερκύλος
1738 626 1772 663 ἐν
1791 628 1834 677 τῇ
1854 625 1952 678 τρίτῃ
1973 625 2080 675 μηνὸς
2097 623 2224 671 Πανή-

1202 699 1268 734 μου
1293 686 1426 736 (mens.
1445 685 1707 730 Macedonici,
1737 686 1803 735 qui
1822 685 2028 736 respondet
2048 685 2222 734 Tharge-

1202 743 1343 780 lioniet
1357 742 1660 792 Scirophorioni,
1675 757 1710 780 V.
1729 744 1895 781 Clinton.
1918 747 1958 784 F.
1975 745 2021 780 H.
2054 753 2143 781 tom.
2165 745 2223 780 ΙΙΙ

1204 815 1240 852 p.
1267 801 1355 847 354,
1377 801 1411 847 i,
1435 810 1472 838 et
1493 815 1530 852 p.
1552 801 1641 851 359)
1661 801 1766 854 ὀγδόῃ
1791 802 1966 855 φθίνοντος
2052 801 2113 840 καί
2134 816 2225 844 τινες

1203 862 1272 898 τῶν
1298 861 1340 898 τὰ
1362 858 1503 898 Ἀττικὰ
1528 859 1828 914 συγγραψαμένων
1857 860 1960 914 ὀγδόῃ
1989 860 2164 914 φθίνοντος
2185 861 2224 900 τὸ

1202 919 1396 956 τελευταῖον
1424 916 1496 961 ἔτος
1522 918 1725 962 Μενεσθέως
1815 918 1924 973 ἕτεροι
1948 922 2225 974 Σκιροφοριῶνος

1202 979 1245 1028 τῇ
1266 977 1354 1028 αὐτῇ
1373 976 1489 1029 ἡμέρα
1512 976 1666 1027 Trojam
1681 987 1832 1029 captam
1857 980 2038 1018 referunt.
2062 979 2223 1028 Dionys,

1204 1037 1288 1074 Hal.
1306 1036 1494 1074 Archaeol.
1509 1038 1547 1083 1,
1562 1049 1598 1086 p.
1618 1036 1639 1073 5
1651 1050 1662 1072 1
1678 1066 1689 1084 ,
1714 1043 1734 1081 4
1752 1050 1761 1075 :
1782 1036 1888 1075 Ἴλιον
1904 1037 1980 1084 ἥλω
1998 1039 2226 1080 τελευτῶντος

1203 1093 1270 1140 ἤδη
1286 1096 1345 1131 τοῦ
1365 1091 1463 1146 ἔαρος
1481 1093 1550 1144 (sie
1567 1103 1670 1132 recte
1684 1095 1816 1145 Scalig.
1834 1109 1905 1146 pro
1923 1098 2078 1147 vulgata
2093 1096 2226 1149 θέρους)

1204 1151 1442 1190 ἑπτακαίδεκα
1470 1151 1636 1205 πρότερον
1667 1153 1815 1207 ἡμέραις
1841 1156 1904 1201 τῆς
1928 1157 2061 1208 θερινῆς
2082 1159 2226 1209 τροπῆς,

1205 1209 1308 1263 ὀγδόῃ
1337 1210 1514 1265 φθίνοντος
1543 1210 1651 1261 μηνὸς
1683 1212 1947 1265 Θαργηλιῶνος,
1977 1215 2024 1258 ὣς
2052 1214 2228 1261 Ἀθηναῖοι

1205 1269 1282 1313 τοὺς
1310 1269 1453 1323 χρόνους
1482 1268 1614 1321 ἄγουσι.
1634 1272 1703 1321 (De
1733 1285 1811 1321 quo
1837 1273 1922 1310 loco
1948 1274 2059 1323 plura
2073 1274 2230 1312 disserit

1206 1330 1357 1367 Boeckh.
1384 1329 1431 1366 ad
1446 1338 1617 1366 nostram
1649 1330 1728 1380 ep.)
1752 1331 1999 1380 Lysimachus
2024 1346 2085 1383 ap.
2100 1333 2227 1379 Sehol,

1207 1391 1296 1426 Eur.
1315 1389 1404 1426 Hoc.
1421 1388 1445 1425 l.
1457 1388 1480 1425 l.
1498 1389 1628 1438 posuit
1645 1388 1910 1440 Thargelionis
1921 1390 2021 1428 diem
2034 1393 2228 1443 decimum,

1207 1446 1238 1484 si
1254 1447 1410 1497 quidem
1428 1459 1611 1484 numerus
1632 1448 1779 1498 integer
1796 1457 1866 1487 est.

1260 1505 1320 1543 Ab
1339 1506 1398 1542 his
1423 1505 1681 1556 distinguendi
1701 1515 1791 1544 sunt
1807 1507 2024 1546 Hellanicus
2046 1517 2084 1546 et
2113 1509 2230 1547 Duris

1207 1572 1244 1602 et
1260 1566 1391 1602 Dinias
1403 1565 1568 1615 Argivus
1585 1566 1728 1616 (Tzetz.
1745 1565 1870 1603 Posth.
1886 1567 1975 1614 78o;
1986 1567 2103 1607 Clem.
2119 1569 2228 1606 Alex.

1209 1624 1231 1661 l.
1245 1623 1295 1675 L),
1316 1625 1382 1675 qui
1399 1638 1447 1661 ex
1461 1625 1610 1674 Argivis
1625 1625 1705 1663 sine
1717 1624 1836 1662 dubio
1847 1626 2063 1680 ἀναγραφαῖς
2074 1627 2230 1678 Trojam

1208 1691 1358 1732 captam
1403 1692 1558 1720 narrant
1602 1683 1861 1734 'l'liargelionis
1907 1685 1968 1722 die
2008 1688 2229 1734 ‹luade-eima,

1207 1740 1430 1787 πληθυούσης
1458 1741 1614 1788 σελήνης.
1646 1743 1830 1789 Quamvis
1852 1744 1952 1781 enim
1974 1745 2229 1794 plenilunium

1208 1800 1318 1837 cadat
1334 1801 1371 1838 in
1394 1801 1495 1837 diem
1519 1803 1616 1838 XIII
1641 1801 1697 1837 vel
1716 1804 1809 1838 xlv
1830 1803 1967 1839 mensis
1990 1804 2142 1850 lunaris,
2164 1817 2231 1854 po-

1211 1859 1280 1895 tuit
1307 1867 1456 1906 tamen,
1491 1868 1648 1896 notante
1665 1860 1868 1908 Bosckhio,
1903 1861 1942 1897 in
1969 1862 2098 1912 aliquo
2121 1863 2230 1913 cyclo

1208 1918 1322 1954 etiam
1356 1918 1394 1954 in
1433 1917 1532 1955 diem
1568 1918 1756 1955 decimum
1791 1918 1871 1969 ejus
1906 1921 2043 1957 mensis
2079 1921 2229 1960 cadere.

1210 1993 1224 2009 α
1241 1978 1597 2026 Itaque‚Boeckhius
1613 1978 1678 2024 ait,
1700 1979 1915 2016 Hellanicus
1927 1980 2028 2017 hunc
2046 1980 2145 2019 diem
2157 1981 2230 2019 de-

1208 2035 1284 2082 dit,
1306 2035 1408 2085 quod
1427 2037 1608 2074 traditum
1632 2036 1680 2073 ab
1704 2037 1833 2087 aliquo
1850 2047 1962 2088 poeta
1980 2048 2078 2088 erat,
2105 2040 2230 2090 pleni—

1208 2094 1355 2132 lunium
1376 2095 1489 2133 fuisse
1508 2109 1625 2145 quum
1646 2105 1850 2146 caperetur
1863 2100 1991 2148 Troja,
2009 2103 2143 2150 Neque
2158 2100 2231 2138 alia

1208 2167 1340 2190 caussa
1363 2162 1439 2202 est,
1475 2168 1594 2204 <piare
1630 2154 1705 2191 diei
1735 2157 1827 2192 xm
1850 2158 2083 2194 Gamelionis
2109 2159 2230 2196 caedes

1208 2213 1506 2261 Agamemnonis
1548 2212 1689 2249 tributa
1729 2212 1797 2256 sit,
1840 2226 1978 2264 nempe
2015 2215 2230 2265 plenilunio

1207 2283 1290 2307 eam
1314 2271 1495 2308 accidisse
1514 2270 1671 2308 fabulati
1690 2281 1779 2308 sunt
1796 2272 1899 2308 haud
1922 2272 2052 2312 dubie.
2069 2292 2085 2307 »ι

1259 2329 1445 2367 Videmus
1466 2330 1583 2380 igitur
1601 2330 1728 2380 Trojae
1749 2332 1941 2369 excidium
1961 2346 1980 2369 a
2004 2342 2095 2371 vett.
2127 2334 2227 2372 rela-

1207 2394 1286 2423 tum
1315 2401 1396 2425 esse
1425 2388 1472 2426 ad
1503 2403 1635 2426 omnes
1665 2389 1764 2426 lunae
1795 2391 1979 2428 luminum
2011 2392 2228 2439 varietates,

1207 2452 1285 2481 tum
1300 2445 1347 2483 ad
1359 2447 1485 2484 lunam
1496 2456 1740 2493 crescentem,
1754 2457 1832 2486 tum
1843 2450 1890 2487 ad
1906 2450 2069 2500 plenam,
2082 2459 2160 2488 lum
2180 2452 2228 2489 ad

1206 2503 1512 2551 decrescentem3
1536 2506 1677 2556 quihus
1695 2508 1926 2557 respondent
1947 2510 2026 2547 sere
2049 2510 2229 2548 inmense

1205 2562 1327 2599 lunari
1345 2575 1393 2613 29
1415 2564 1562 2601 dierum
1578 2595 1587 2612 ,
1604 2564 1682 2602 dies
1705 2567 1888 2615 septimus
1900 2597 1910 2614 ‚
1931 2568 2100 2606 decimus
2115 2581 2228 2619 quar-

1207 2628 1287 2670 tus,
1311 2622 1514 2660 vicesimus
1534 2623 1692 2673 primus.
1714 2624 1763 2661 Hi
1796 2627 1944 2673 numeri
1968 2640 2091 2676 neque
2115 2628 2228 2676 plane

1206 2680 1353 2717 fortuiti
1381 2690 1492 2728 sunt,
1524 2696 1648 2732 neque
1671 2684 1953 2721 accuratissima
1976 2699 2100 2722 rerum
2122 2699 2226 2723 com-

1205 2739 1404 2788 putatione
1428 2741 1591 2790 reperti,
1614 2740 1678 2777 sed
1694 2754 1740 2777 ex
1763 2741 1846 2791 ipsa
1862 2743 2054 2780 fluxerunt
2074 2747 2226 2781 Graeco—

1206 2809 1288 2833 rum
1301 2798 1495 2847 religione.
1507 2799 1672 2836 Plurima
1685 2800 1784 2836 enim
1797 2814 1839 2837 ac
1852 2801 2044 2851 praecipua
2058 2803 2229 2853 antiquae

1205 2856 1356 2892 Graeciae
1376 2855 1471 2892 festa
1493 2865 1598 2893 arcto
1619 2857 1770 2894 vinculo
1787 2858 1990 2908 conjuncta
2011 2869 2118 2897 erant
2138 2875 2224 2899 cum

1206 2913 1295 2950 anni
1330 2914 1659 2952 vicissitudinibus
1687 2924 1724 2952 et
1757 2929 1843 2953 cum
1882 2917 1982 2954 lunae
2013 2918 2050 2954 in
2087 2920 2225 2968 quovis

1205 2984 1333 3008 mense
1349 2971 1610 3009 varietatibus.
1632 2975 1675 3010 In
1699 2973 1744 3010 iis
1766 2987 1858 3011 vero
1881 2975 1958 3012 duo
1986 2976 2223 3026 potissimum

1204 3031 1352 3068 numeri
1372 3031 1527 3068 maximi
1542 3039 1629 3068 sunt
1646 3034 1842 3079 momenti,
1860 3036 2117 3084 septenarium
2135 3036 2223 3074 dico

1204 3096 1241 3126 et
1255 3090 1472 3136 nonarium,
1490 3103 1585 3140 quos
1597 3089 1686 3140 jure
1700 3093 1956 3130 nominaveris
1976 3108 2107 3131 sacms.
2125 3097 2223 3141 Quae

1203 3162 1336 3186 eorum
1349 3148 1465 3187 suerit
1473 3150 1541 3198 vis,
1549 3163 1777 3200 cognoscere
1787 3151 1875 3188 licet
1885 3164 1932 3188 ex
1943 3151 2048 3189 sestis
2059 3153 2222 3190 nonnul-

1203 3209 1248 3246 lis
1268 3209 1372 3246 Jovis
1401 3217 1440 3246 et
1466 3209 1675 3260 Apollinis,
1695 3209 1804 3259 cujus
1824 3210 1885 3247 dei
1905 3211 2028 3248 cultus
2049 3225 2221 3262 magnam

1203 3268 1332 3305 saltem
1354 3276 1500 3318 partem
1527 3281 1574 3305 ex
1590 3268 1807 3318 antiquiore
1833 3269 1899 3308 illo
1913 3270 2020 3307 Jovis
2039 3271 2219 3322 Pelasgici

1202 3327 1399 3375 profectus
1434 3334 1505 3366 est.
1539 3326 1600 3364 Sic
1623 3327 1662 3364 iu
1691 3326 1794 3364 festis
1827 3328 2036 3377 Apollineis
2075 3328 2218 3379 ubique
