2320 3684
177 159 253 192 572

177 238 354 288 gulorum
370 247 502 285 regum
517 242 554 272 et
568 233 794 271 archontum
809 238 1085 281 perpetuorum
1102 229 1202 268 Atti-

1081 144 1182 184 ANN
1188 144 1382 184 OTATIO

1266 229 1315 267 sit
1333 242 1365 268 a.
1391 231 1508 278 1343,
1530 230 1629 270 inter
1646 231 1746 270 hanc
1765 241 1803 271 ct
1818 234 2103 273 Heraclidarum
2121 236 2287 277 reditum
2308 229 2320 282 ³3

179 309 314 333 corum
345 294 476 340 annis,
513 291 577 329 ubi
605 295 745 328 Acasto
773 289 910 326 tribuit
931 303 966 326 a.
991 289 1040 326 36
1061 288 1219 347 (01111111ρ
1263 288 1449 339 interjecti
1470 298 1558 327 sunt
1579 304 1613 328 a.
1634 291 1706 341 189
1724 291 1765 342 (3
1791 299 1826 334 ><
1853 292 1934 344 63).

181 355 261 404 39),
295 367 416 403 usque
450 351 497 389 ad
535 351 687 388 initium
725 349 1000 400 Olympiadum
1032 348 1204 399 praebeut

180 425 300 450 annos
339 414 426 457 437,
463 416 713 446 annumerato
758 408 884 458 primo
921 407 1205 457 Demophontis

181 484 279 507 anno
292 499 301 516 ,
320 469 386 506 sed
403 482 481 504 non
499 474 722 504 enumerato
743 466 910 503 secundo
929 466 1120 515 AEschyli,
1143 465 1204 502 cui

182 526 444 577 Olympiadem
467 526 628 575 primam
650 523 839 562 tribuunt.
852 541 867 556 »
886 524 960 562 Sed
978 537 1055 560 non
1071 531 1128 560 est
1138 537 1207 560 cur

182 598 368 623 annorum
401 597 604 620 numerum
646 587 785 620 Acasto
815 582 946 619 datum
989 590 1206 626 mutemus;

182 645 298 680 immo
315 657 362 680 ex
380 643 541 692 antiquo
563 642 669 678 sonte
688 641 843 678 fluxisse
863 641 1027 678 videtur.
1051 643 1145 677 Nam
1176 641 1207 678 si

181 706 320 739 Acasto
336 732 344 746 ‚
367 709 406 738 ut
425 701 566 747 editur,
588 701 637 749 39
654 700 742 737 anni
761 700 1024 749 assignaveris,
1042 699 1207 748 Trojana

181 759 326 810 epocha
342 759 441 796 eadit
455 760 493 796 in
512 773 543 796 a.
569 764 641 804 441
666 758 734 808 (z
751 773 770 805 7
784 759 894 810 ><63)
911 768 997 796 ante
1009 759 1207 809 Olymp.13

181 817 287 868 quod
321 818 490 855 concinit
526 831 612 855 cum
645 821 858 864 Marmore,
894 818 967 855 nisi
1001 818 1106 868 quod
1137 818 1209 855 hoc

182 876 442 927 expeditionis
469 890 611 913 annum
643 876 755 923 fecit,
788 889 902 926 quem
927 876 990 913 illa
1014 889 1086 926 pro
1108 889 1208 913 anno

182 936 322 974 excidii
346 943 606 987 sumpserunt.

235 996 405 1032 Aliorum
420 1002 624 1045 computos
637 993 750 1030 affert
764 993 938 1030 Clemens
949 993 1055 1031 Alex.
1072 993 1210 1031 Strom.

181 1056 221 1100 1,
244 1066 282 1104 p.
308 1059 381 1097 402
403 1056 515 1099 Pott.‚
535 1065 574 1103 p.
598 1053 683 1096 145,
703 1051 824 1101 sylb„
844 1059 935 1089 tom.
958 1055 1008 1098 II,
1026 1065 1063 1102 p.
1085 1052 1135 1101 93
1151 1051 1211 1088 cd.

183 1111 310 1151 Klotz.
345 1110 473 1149 ‘Verba
492 1119 582 1148 suut
601 1125 608 1147 :
632 1109 715 1149 Εἰσὶ
738 1108 775 1147 δὲ
796 1109 829 1148 οἳ
850 1109 920 1148 ἀπὸ
950 1109 1131 1163 Κέκροπος
1150 1108 1212 1159 μὲν

183 1170 242 1208 ἐπὶ
265 1169 486 1223 Ἀλέξανδρον
509 1168 566 1208 τὸν
587 1167 776 1208 Μακεδόνα
796 1168 1005 1220 συνάγουσιν
1029 1167 1092 1215 ἔτη
1114 1167 1213 1219 χίλια

183 1229 377 1270 ὀκτακόσια
406 1228 517 1266 εἴκοσι
547 1226 662 1273 ὀκτὼ,
691 1226 759 1265 ἀπὸ
787 1226 823 1264 δὲ
852 1229 1089 1280 Δημοφῶντος
1115 1226 1213 1278 χίλια

186 1287 348 1326 διακόσια
370 1286 611 1337 πεντήκοντα,
633 1286 693 1324 καὶ
722 1285 791 1323 ἀπὸ
817 1286 947 1338 Τροίας
970 1285 1133 1328 ἁλώσεως
1156 1283 1213 1322 ἐπὶ

184 1345 249 1393 τὴν
268 1346 507 1400 Ἡρακλειδῶν
529 1345 674 1383 κάθοδον
695 1343 756 1390 ἔτη
781 1343 904 1382 ἑκατὸν
922 1343 1031 1382 εἴκοσι
1051 1342 1073 1390 ἢ
1091 1342 1214 1382 ἑκατὸν

185 1399 412 1451 ὀγδοήκοντα·
437 1397 506 1435 ἀπὸ
527 1397 648 1435 τούτου
673 1397 731 1435 ἐπὶ
756 1396 943 1435 Εὖαίνετον
971 1396 1140 1449 ἄρχοντα,
1163 1397 1215 1448 ἐφ’

185 1452 225 1496 οῧ
253 1457 356 1511 φασὶν
389 1456 607 1509 Ἀλέξανδρον
640 1456 686 1499 εἷς
711 1454 775 1502 τὴν
805 1455 923 1494 Ἀσίαν
956 1455 1142 1503 διαὸἦναι,
1170 1457 1216 1498 ὡς

187 1518 250 1568 μὲν
272 1515 441 1564 Φανειάς,
458 1516 517 1562 ἔτη
534 1514 727 1553 ἑπτακόσια
745 1513 830 1552 δέκα
845 1513 962 1562 πέντε,
981 1517 1027 1557 ὡς
1047 1514 1083 1552 δὲ
1105 1513 1217 1567 Ἔφο-

187 1591 255 1628 ρος,
280 1573 473 1613 ἑπτακόσια
497 1573 682 1626 τριάκοντα
710 1573 833 1623 πέντε,
853 1575 899 1616 ὡς
922 1571 957 1610 δὲ
984 1572 1135 1623 Τίμαιος
1157 1572 1213 1610 καὶ

188 1633 417 1686 Κλείταρχος,
438 1631 628 1671 ὀκτακόσια
660 1631 792 1678 εἴκοσι,
821 1634 868 1676 ὡς
897 1631 932 1670 δὲ
950 1631 1216 1684 Ἐρατοσθένης,

187 1692 382 1730 ἑπτακόσια
403 1691 645 1742 ἑὸδομήκοντα
665 1690 833 1744 τέσσαρα.

241 1751 461 1788 Accuratius
505 1750 567 1787 hic
608 1751 715 1787 locus
758 1749 870 1787 nobis
912 1749 1191 1787 examinandus
1206 1779 1216 1798 ,

189 1810 372 1860 quoniam
395 1809 621 1859 plerumque
637 1822 708 1859 pro
725 1807 1018 1858 corruptissimo
1039 1807 1216 1856 habetur,

188 1868 334 1918 quippe
355 1869 421 1918 qui
444 1881 466 1905 a
486 1866 708 1917 vulgaribus
733 1867 886 1904 calculis
914 1867 1026 1917 longe
1051 1868 1215 1904 recedat.

187 1930 265 1965 Nos
287 1928 452 1965 fatemur
472 1926 627 1977 quidem
648 1926 754 1964 vitiis
776 1926 973 1963 nonnullis
997 1940 1084 1963 eum
1110 1926 1217 1964 labo-

188 2000 296 2033 rare,
325 1994 364 2023 et
394 1999 440 2023 ex
473 1985 635 2022 diversis
667 1984 840 2022 fontibus
875 1985 1085 2022 conflatum
1115 1999 1217 2034 esse,

190 2046 300 2083 simul
336 2058 428 2083 vcro
462 2044 701 2095 largiendum
733 2052 790 2082 est
823 2045 937 2094 plura
971 2053 1218 2093 systematum

190 2103 552 2154 chronologicorum
576 2103 841 2154 Apollodoreo
866 2103 988 2140 multo
1018 2104 1218 2154 antiquio-

191 2175 276 2199 rum
296 2162 421 2199 inesse
441 2161 611 2211 vestigia.

243 2220 411 2258 Primum
441 2220 556 2269 igitur
583 2219 676 2257 dicit
701 2232 722 2256 a
750 2222 921 2270 Cecrope
941 2218 990 2256 ad
1009 2219 1220 2257 Alexandri

192 2276 353 2315 διάὸασιν
374 2291 495 2315 annos
521 2291 602 2315 esse
634 2278 747 2316 1826.
778 2281 914 2328 Itaque
946 2280 1117 2329 Cecrops
1147 2291 1221 2328 po—

191 2335 341 2373 nendus
374 2338 472 2374 1386
506 2338 566 2374 vel
596 2350 644 2373 22
684 2344 718 2378 ><
740 2337 787 2373 63
818 2349 851 2373 a.
887 2344 977 2373 ante
1004 2337 1157 2387 Olymp.
1189 2340 1218 2374 Ι.

191 2394 342 2432 Deinde
373 2396 685 2446 Demophontem
725 2394 836 2446 ponit
878 2395 976 2431 1250
1011 2403 1098 2432 aute
1145 2396 1219 2440 334

191 2467 226 2493 a.
273 2462 360 2491 ante
400 2454 503 2500 Chr„
531 2455 590 2491 vel
639 2455 712 2491 808
756 2461 844 2490 ante
875 2454 1031 2503 Olymp.
1058 2456 1088 2490 Ι.
1126 2456 1220 2492 Cum

191 2513 474 2563 Demophontis
527 2525 628 2549 auno
673 2513 800 2562 primo
818 2541 829 2559 ,
867 2511 927 2549 vel
963 2512 1099 2549 ultimo
1136 2515 1219 2549 Me-

191 2571 340 2609 nesthei
400 2571 648 2621 conjungitur
702 2571 896 2608 excidium
948 2570 1037 2616 Ilii;
1092 2571 1221 2620 itaque

193 2630 389 2680 expeditio
421 2629 523 2667 cadit
549 2630 588 2666 in
621 2642 655 2666 a.
696 2625 773 2657 ⁸-'—⁸-
808 2629 868 2667 vel
905 2630 949 2666 13
984 2638 1018 2671 ><
1052 2629 1102 2665 63
1133 2639 1220 2668 ante

193 2690 349 2739 Olymp.
374 2692 402 2726 I.

697 2662 710 2683 8
729 2666 736 2681 Ι
755 2662 769 2682 9

246 2771 261 2785 «
279 2758 311 2791 A
325 2753 491 2803 Trojana
502 2754 639 2802 epocha
657 2753 761 2804 (nam
776 2753 829 2791 sic
845 2752 963 2791 verba
977 2752 1221 2802 intelligenda

194 2813 300 2863 sunt)
334 2812 380 2850 ad
406 2812 573 2849 reditum
602 2812 892 2849 Heraclidarum
929 2812 995 2849 alii
1019 2819 1222 2849 numerant

200 2883 293 2920 120,
313 2871 376 2908 alii
397 2872 467 2908 180
483 2884 616 2907 annos.
631 2887 646 2904 υ
664 2875 708 2909 111
726 2870 784 2908 his
802 2879 867 2908 aut
889 2871 1014 2908 minus
1045 2878 1221 2907 accurate

200 2943 214 2966 1
226 2943 272 2966 20
291 2943 362 2980 pro
382 2944 395 2966 1
407 2931 469 2978 26,
486 2939 523 2967 et
544 2932 615 2967 180
632 2943 703 2980 pro
721 2931 793 2979 189
811 2931 954 2980 posuit,
972 2937 1038 2967 aut
1055 2943 1102 2966 ex
1118 2929 1220 2966 fonte

195 2987 342 3032 hausit,
371 2988 439 3026 ubi
462 2989 613 3026 lunares
636 2989 726 3025 anni
745 2988 794 3026 ad
817 2989 960 3026 solares
982 2996 1090 3025 erant
1108 3001 1221 3024 revo-

196 3047 281 3083 cati.
302 3050 395 3083 Rem
417 3048 469 3084 ita
489 3061 570 3084 csse
589 3056 667 3084 tum
690 3061 758 3097 per
772 3062 811 3085 se
827 3047 1028 3098 probabile
1045 3056 1122 3095 est,
1143 3056 1221 3084 tum

197 3117 244 3140 ex
264 3105 308 3141 iis
327 3105 465 3155 colligo
478 3135 487 3152 ,
507 3119 591 3155 quae
615 3106 662 3143 de
682 3107 813 3144 Timaei
831 3108 988 3144 calculis
1007 3107 1219 3157 subjiciun-

197 3170 268 3199 tur.
290 3166 325 3199 Is
342 3164 441 3200 enim
463 3163 509 3199 ab
529 3166 601 3208 334
622 3177 654 3200 a.
673 3165 760 3202 Chr.
780 3165 828 3202 ad
846 3165 1067 3203 Heraclidas
1083 3179 1218 3202 nume-

198 3234 299 3258 rasse
328 3221 469 3258 dicitur
494 3235 528 3259 a.
553 3224 629 3259 820
644 3252 655 3273 ,
689 3223 739 3260 ita
762 3232 804 3261 ut
829 3224 901 3261 hos
925 3226 1100 3275 posuerit
1122 3225 1219 3269 1154

199 3293 232 3316 a.
251 3279 338 3317 Chr.
356 3281 416 3316 vel
431 3281 507 3326 378
525 3281 591 3331 (z
608 3282 630 3317 6
654 3289 689 3323 ><
713 3282 778 3333 63)
797 3284 905 3321 annis
919 3292 1007 3321 ante
1022 3284 1176 3334 Olymp.
1192 3284 1220 3322 l.

198 3340 279 3374 Jatn
301 3350 419 3373 Quum
444 3338 587 3373 enocha
617 3340 775 3373 Troiana
805 3354 850 3373 ov
879 3341 1013 3377 'rimaei
1039 3350 1222 3379 commuto

1319 347 1490 386 Sosibius
1507 351 1625 399 Laco,
1637 351 1924 398 Eratosthenes,
1939 351 2208 402 Apollodorus,
2218 366 2289 391 nec

1266 421 1343 445 non
1371 409 1570 459 Ephorus,
1605 417 1647 446 ut
1675 410 1840 457 videtur,
1871 411 2076 462 Trojanam
2103 413 2288 464 epocham

1267 475 1539 516 computarunt
1566 481 1615 505 ex
1642 469 1862 506 recensibus
1887 483 2018 520 regum
2047 470 2290 510 Lacedaemo-

1268 526 1441 575 niornm3
1461 527 1593 578 accipe
1611 541 1744 565 eorum
1764 529 2013 568 laterculum:

1405 613 1437 636 1.
1494 600 1730 650 Eurystheus
1782 607 1842 646 42.

1495 658 1587 707 Agis
1812 673 1843 697 1.

1431 723 1449 752 .'
1496 716 1740 754 Echestratus
1781 718 1843 755 36.

1496 773 1662 812 Labotas
1781 776 1842 814 35.

1495 835 1690 882 Doryssus
1779 848 1841 884 29·

1496 888 1526 922 A
1534 886 1694 935 gesilaus
1786 894 1806 932 4
1818 901 1831 924 1
1839 918 1847 926 .

1496 950 1707 988 Archelaus
1786 952 1848 989 58.

1407 1008 1444 1044 8.
1500 1008 1671 1046 Teleclus
1786 1016 1846 1055 4ο.

1406 1080 1444 1117 9.
1499 1067 1720 1106 Alcamenes
1786 1071 1847 1117 37.

1901 777 1968 828 (37
1995 774 2160 827 Euseb.)

1906 887 1980 939 (44
2007 885 2165 938 Euseb.)

1907 952 1980 1003 (60
2010 949 2165 1003 Euseb.)

1405 962 1440 996 τ’
1402 669 1440 922 estem»

1756 1163 1846 1211 319.

1329 1235 1440 1270 Α11110
1464 1239 1660 1282 postremo
1678 1231 1895 1270 Alcamenis
1915 1232 2104 1271 Eusebius
2123 1234 2301 1285 antiquos

1276 1289 1399 1326 fontes
1419 1297 1571 1327 secutus
1587 1290 1681 1341 (non
1697 1302 1790 1327 vero
1806 1303 1954 1337 errore,
1974 1299 2016 1328 ut
2033 1304 2120 1328 cum
2136 1292 2302 1330 Miillero

1276 1349 1390 1385 statui
1417 1348 1465 1385 ad
1496 1348 1541 1386 fr.
1577 1361 1624 1396 72
1657 1349 1906 1400 Apollodori)
1940 1350 2102 1400 primam
2137 1351 2304 1401 assignat

1277 1406 1558 1457 Olympiadem.
1593 1410 1636 1444 In
1657 1407 1852 1445 nonnullis
1871 1409 1999 1459 regnis
2019 1422 2207 1446 annorum
2230 1423 2304 1447 nu-

1279 1479 1405 1502 merus
1427 1465 1594 1504 fluctuat.
1626 1469 1706 1504 Nos
1737 1467 1955 1516 Syncellum
1987 1467 2225 1518 potissimum
2245 1481 2305 1506 se-

1277 1524 1356 1562 cuti
1373 1526 1644 1575 exputavimns
1661 1538 1694 1562 a.
1712 1526 1810 1575 3193
1827 1525 1968 1563 Euseb.
1986 1533 2146 1576 exputat
2163 1539 2198 1563 a.
2212 1526 2302 1564 325.

1276 1586 1401 1620 Verus
1423 1597 1604 1620 numerus
1623 1583 1691 1633 qui
1710 1583 1846 1631 fuerit,
1869 1598 1914 1622 eo
1934 1584 2178 1635 significatur,
2199 1584 2304 1635 quod

1277 1642 1518 1692 septenarius
1548 1642 1589 1679 in
1618 1642 1777 1692 singulis
1813 1643 1939 1693 regnis
1974 1652 2054 1680 tum
2091 1643 2192 1680 clare
2224 1655 2306 1682 sese

1278 1700 1434 1750 prodit,
1463 1708 1506 1738 ut
1538 1714 1670 1751 posses
1701 1714 1788 1738 eum
1824 1701 1992 1738 minimis
2030 1701 2306 1740 mutationibus

1278 1759 1422 1810 ubique
1454 1760 1533 1798 fere
1568 1761 1781 1798 restituere.
1818 1765 1899 1800 Hac
1935 1762 2083 1799 ratione
2118 1761 2304 1810 admissa,

1278 1833 1460 1857 numeros
1480 1820 1533 1857 ita
1555 1820 1827 1857 constituerem
1847 1835 1856 1858 ε
1876 1827 1939 1868 42,
1956 1821 2026 1867 35,
2043 1819 2117 1868 35,
2139 1821 2211 1868 28,
2233 1826 2305 1869 42,

1281 1878 1350 1926 56,
1371 1884 1419 1922 42
1434 1908 1444 1925 ,
1462 1877 1522 1916 35.
1546 1879 1609 1916 Sic
1628 1879 1938 1916 nancisceremnr
1956 1878 2030 1915 315
2049 1877 2115 1930 (z
2134 1878 2155 1915 5
2180 1885 2214 1920 ><
2240 1879 2304 1930 63)

1279 1951 1397 1975 annos
1417 1950 1487 1988 pro
1515 1937 1603 1974 325.
1628 1940 1713 1974 Jam
1734 1939 1766 1975 si
1791 1938 1990 1988 Olympias
2022 1940 2041 1974 Ι
2063 1936 2176 1975 datur
2205 1950 2308 1976 anno

1279 2005 1476 2047 postremo
1505 1996 1745 2040 Alcamenis3
1769 1997 1916 2047 primus
1951 1996 2153 2046 Eurysthei
2185 2006 2307 2034 annus

1280 2057 1378 2093 foret
1402 2069 1495 2105 1091
1522 2069 1556 2093 a.
1581 2056 1695 2101 Chr.;
1727 2056 1794 2106 qui
1813 2069 1934 2093 annus
1953 2055 2002 2094 ab
2029 2055 2176 2106 epocha
2203 2058 2307 2093 Tro-

1275 2115 1378 2165 jana,
1394 2116 1546 2165 qualem
1567 2118 1738 2152 Marmor
1754 2115 1896 2165 aliique
1917 2114 2170 2161 tradiderunt,
2191 2113 2320 2163 distat*

1280 2187 1314 2210 a.
1352 2174 1446 2220 126,
1478 2174 1557 2210 sive
1587 2187 1607 2210 2
1643 2181 1677 2214 Χ
1714 2173 1789 2219 63;
1821 2173 1859 2210 id
1890 2172 1996 2223 quod
2025 2172 2195 2209 concinit
2222 2172 2306 2210 loco

1282 2234 1509 2281 Clementis,
1541 2233 1609 2270 ubi
1641 2233 1846 2271 nonnullos
1876 2233 1929 2270 ait
1951 2233 2052 2270 inter
2083 2231 2238 2283 'l'rojam
2267 2238 2320 2278 <³5²¹

1281 2293 1502 2330 Heraclidas
1534 2293 1706 2343 posuisse
1737 2306 1770 2330 a.
1808 2305 1890 2329 120.
1925 2292 2064 2342 [Fuere
2093 2292 2208 2329 etiam
2239 2290 2307 2342 qui

1281 2352 1432 2390 nonnisi
1452 2365 1568 2389 unam
1596 2352 1784 2402 epocham
1808 2350 2045 2401 interjectam
2073 2358 2304 2400 statuerent,

1281 2418 1324 2448 ut
1346 2424 1394 2448 ex
1417 2410 1607 2449 Strabone
1628 2418 1743 2460 patet.
1769 2410 1906 2459 (XIII,
1933 2422 1970 2459 p.
1996 2410 2071 2447 582
2093 2424 2102 2447 :
2131 2408 2320 2462 Ὀρέστηνς

1282 2467 1344 2518 μὲν
1363 2467 1429 2522 γὰρ
1452 2468 1583 2521 (φασὶν)
1609 2467 1709 2521 ἄρξαι
1733 2472 1797 2507 τοῦ
1819 2467 1954 2506 στόλου·
1977 2466 2099 2506 τούτου
2117 2467 2147 2506 δ’
2164 2469 2198 2507 ἐν
2225 2467 2320 2522 'Ap-l

1281 2526 1389 2579 καδίᾴ
1411 2526 1680 2573 τελευτήσαντος
1707 2526 1764 2565 τὸν
1799 2526 1871 2578 βίον
1900 2526 2120 2571 διαδέξασθαι
2147 2525 2205 2565 τὸν
2233 2521 2320 2567 υἱὸνῚ

1281 2587 1386 2622 αὐτοῦ
1424 2585 1606 2633 Πενθίλον,
1634 2585 1693 2623 καὶ
1715 2587 1894 2638 προελθεῖν
1915 2585 2020 2639 μέχρι
2040 2584 2205 2638 Θρᾴκης,
2225 2583 2305 2633 ἑξή-

1281 2658 1386 2682 κοντα
1402 2642 1494 2681 ἔτεσι
1510 2646 1578 2682 τῶν
1598 2645 1769 2696 Τρωῖκῶν
1786 2642 1940 2696 ὕστερον,
1963 2642 2020 2680 ὑπ’
2036 2642 2143 2690 αὐτὴν
2162 2642 2301 2690 ’τὴντῶνΙ

1281 2695 1521 2748 Ἡρακλειδῶν
1537 2698 1583 2740 εἷς
1602 2695 1867 2743 Πελοπόννησον
1883 2694 2039 2746 κάθοδον)
2056 2704 2094 2733 et
2109 2709 2158 2734 ex
2171 2695 2303 2735 Nostri

1281 2755 1499 2806 comput0.]

1334 2816 1468 2864 Neque
1489 2827 1582 2851 vero
1602 2813 1800 2851 temerarie
1810 2813 1857 2850 de
1876 2813 2080 2863 Eurysthei
2099 2827 2200 2853 anno
2221 2815 2305 2866 pri·-

1282 2885 1345 2909 mo
1366 2884 1425 2908 me
1448 2873 1626 2909 statuisse
1653 2871 1841 2922 probatur
1869 2872 2017 2923 Ephori
2041 2873 2217 2923 calculis,
2240 2873 2306 2926 qui

1282 2929 1452 2966 nondum
1483 2928 1660 2966 addictus
1691 2942 1773 2966 esse
1807 2930 1934 2980 potuit
1978 2931 2306 2974 artificiosioribus

1282 2987 1450 3024 numeris
1465 2987 1824 3026 Alexandrinorum.
1855 2989 2008 3026 Etenim
2035 2989 2228 3040 Ephorus,
2246 3003 2304 3028 ro·-

1283 3045 1427 3083 ferente
1454 3045 1629 3083 Diodoro
1646 3049 1757 3094 XVI,
1781 3048 1850 3094 76,
1870 3047 1919 3084 ab
1939 3049 2097 3099 Olymp.
2116 3061 2207 3099 109,
2232 3054 2252 3094 4
2273 3060 2303 3089 s.

1284 3106 1330 3148 34
1341 3118 1354 3140 1
1373 3117 1405 3141 a.
1421 3104 1510 3142 Chr.
1527 3104 1575 3141 ad
1587 3105 1805 3142 Heraclidas
1821 3107 2036 3144 numeravit
2049 3107 2150 3144 circa
2163 3120 2198 3145 a.
2215 3103 2303 3155 7565

1282 3162 1369 3200 inde
1395 3162 1496 3200 idem
1527 3176 1647 3200 annus
1678 3163 1849 3212 eruitur,
1881 3178 1997 3215 quem
2029 3177 2100 3202 nos
2131 3156 2303 3218 dedimuff

1281 3222 1392 3259 initio
1421 3221 1526 3271 regni
1554 3222 1781 3270 Eurysthei,
1807 3223 1911 3273 quod
1941 3236 1989 3260 ex
2011 3231 2187 3260 veterum
2211 3219 2310 3263 ἅναξ

1281 3281 1422 3333 γραφῶν
1455 3281 1696 3331 simplicitate
1740 3294 1811 3331 pro
1857 3282 1941 3332 ipsa
1975 3280 2122 3319 reditus
2157 3280 2306 3332 epochjt

1283 3339 1509 3377 sumendum
1529 3347 1596 3377 est.
1627 3339 1738 3388 Apud
1753 3340 1985 3378 Clementem
2003 3339 2107 3377 idem
2123 3334 2302 3390 Ephoruis'

1274 2328 1279 2345 l

2274 3512 2309 3684 wasers
2287 3493 2295 3502 ¹
2287 3475 2297 3485 ⁸
2291 3454 2295 3455 =
2291 3430 2294 3436 -
