2320 3684
776 146 1078 188 THEOPOMPI
1106 150 1440 192 FRAGMENTA.

1118 237 1123 253 ¹
1149 238 1289 277 ἐκείνων
1326 241 1621 293 ὑπονοουμένους,
1642 242 1689 288 ὥς
1717 259 1823 298 φασιν
1856 244 1957 284 ἄλλοι
1987 263 2023 285 τε
2058 248 2117 287 καὶ
2141 251 2177 289 ἐν

527 233 613 272 171.

106 308 234 348 schol.
252 306 447 346 Theocrit.
478 304 534 343 Id.
552 307 600 353 V,
620 305 668 343 83
685 320 693 342 :
712 303 854 359 Κάρνεα
886 306 987 359 ἑορτὴ
1006 309 1086 346 Δω-

53 366 154 422 ρικὴ,
192 364 384 417 τελουμένη
429 361 590 418 Καρνείῳ
635 362 851 410 Ἀπόλλωνι,
896 365 988 403 κατὰ
1019 366 1083 413 τὴν

53 424 337 472 Πελοπόννησον,
356 421 425 461 ἀπὸ
444 421 586 474 Κάρνου
606 421 783 473 μάντεως,
804 421 839 465 ὃς
865 421 995 477 ἔχρησε
1012 430 1083 469 τοῖς

50 483 318 536 Ἡρακλείδαις,
354 481 415 519 ἀπ’
447 481 554 519 αὐτοῦ
591 479 628 519 δὲ
667 480 837 534 Κάρνειον
879 482 1083 521 Ἀπόλλωνα

50 540 386 596 προσαγορεύουσιν·
405 544 428 588 ἡ
449 539 486 578 δὲ
502 539 636 594 ἱστορία
654 540 753 594 παρὰ
776 539 1002 594 Θεοπόμπῳ·
1029 541 1082 581 ὅτι

3 598 6 599 ⁷
49 601 108 642 τὸν
125 601 229 640 αὐτὸν
253 600 312 639 καὶ
338 598 408 640 Δία
434 598 493 638 καὶ
513 598 694 653 Ἥγήτορα
719 600 883 638 καλοῦσιν
915 600 1080 654 Ἀργεῖοι,

50 659 108 700 διὰ
124 660 164 699 τὸ
184 659 321 714 Κάρνον
337 657 539 710 ἡγήσασθαι
557 661 618 696 τοῦ
649 662 813 712 στρατοῦ,
839 658 876 697 ὃν
907 660 938 698 οἳ
969 658 1081 714 Ἠρα-

0 746 6 756 ›
48 721 184 760 κλεῖδαι
215 718 423 758 ἀπέκτειναν
454 719 554 772 ἀπερ*
572 716 695 770 όμενον
720 719 768 762 εἰς
794 718 1080 768 Πελοπόννησον,

48 777 280 822 ὖπολαὸόντες
305 777 528 816 κατάσκοπον
554 792 642 815 ειναι
661 779 722 815 τοῦ
740 776 1022 830 στρατεύματος,
1043 777 1079 816 ὃν

48 836 190 892 ὕστερον
211 836 383 888 ἐτίμησαν
402 834 470 874 ὑπὸ
487 836 613 886 λοιμοῦ
631 834 860 889 φθειρόμενοι.

100 901 145 936 In
161 897 265 935 bello
285 895 437 934 Medico
456 898 603 933 Carnea
623 895 933 935 Lacedaemonios
949 896 1079 948 impe-

49 954 254 1005 diverunt,
272 955 479 1006 quominus
511 954 559 992 ad
587 954 868 1006 Thermopylas
896 956 1079 994 adversus

46 1018 179 1054 Persas
193 1015 543 1067 proficiscerentur,
559 1021 655 1051 teste
669 1014 869 1052 Herodoto
883 1018 969 1062 VII,
987 1017 1075 1053 206.

47 1075 230 1126 Suspicor
245 1082 373 1112 autem
391 1073 465 1110 hoc
481 1073 608 1124 ipsum
639 1081 677 1111 et
705 1073 862 1123 quidem
891 1074 966 1112 hoc
992 1075 1078 1112 loco

46 1146 368 1172 commemorasse
388 1130 708 1183 Theopompum,
733 1141 849 1183 atque
866 1147 911 1171 ea
928 1147 1078 1185 oppor-

47 1193 209 1230 tunitate
230 1192 342 1243 plura
360 1191 407 1229 de
431 1191 588 1230 Carneis
614 1192 711 1229 festo
731 1193 924 1230 memoriae
940 1193 1076 1244 prodi-

46 1250 160 1297 disse;
181 1251 363 1302 quoniam
390 1250 464 1287 hoc
490 1249 591 1287 libro
611 1250 685 1288 alia
703 1250 750 1288 ad
768 1250 912 1289 bellum
943 1260 1077 1290 contra

46 1313 178 1348 Persas
195 1309 430 1361 pertinentia
446 1308 629 1345 narravit.
651 1311 709 1347 W
707 1310 833 1346 ichers.

518 1377 605 1417 172.

96 1450 254 1488 Proclus
278 1447 327 1487 ad
355 1449 455 1487 Tim.
487 1448 658 1486 Platonis
687 1462 726 1500 p.
765 1452 814 1488 30
846 1449 906 1487 ed.
939 1452 1074 1490 Basil.:

44 1509 78 1548 T
79 1506 138 1552 οὺς
163 1506 200 1546 δὲ
214 1507 414 1555 Ἀθηναίους
436 1506 678 1554 Καλλισθένης
700 1506 763 1559 μὲν
784 1508 844 1547 καὶ
863 1509 1075 1561 Φανόδημος

43 1566 199 1621 πατέρας
217 1568 286 1606 τῶν
306 1567 447 1606 Σαϊτῶν
467 1567 645 1620 ἱστοροῦσι
660 1565 841 1617 γενέσθαι·
861 1567 1076 1620 Θεόπομπος

43 1624 81 1664 δὲ
108 1625 283 1664 ἀνάπαλιν
314 1623 474 1668 ἐποίκους
493 1626 607 1663 αὐτῶν
627 1618 716 1663 εἶναί
735 1640 860 1679 φησιν·
881 1626 1034 1672 Ἀττικὸς
1057 1631 1075 1666 ὁ

43 1682 273 1727 Πλατωνικὸς
310 1682 367 1722 διὰ
409 1682 604 1736 βασκανίαν
634 1683 721 1736 φησὶ
748 1688 986 1736 μεταποιῆσαι
1009 1686 1073 1734 τὴν

41 1741 196 1796 ἱστορίαν
227 1741 287 1780 τὸν
320 1741 557 1794 Θεόπομπον·
588 1743 643 1781 ἐπ’
665 1745 770 1782 αὐτοῦ
795 1743 863 1798 γὰρ
889 1745 1073 1798 ἀφικέσθαι

41 1799 136 1845 τινὰς
166 1802 206 1839 ἐκ
234 1803 297 1848 τῆς
317 1801 439 1846 Σάεως
468 1801 740 1853 ἀνανεουμένους
764 1803 828 1852 τὴν
854 1803 939 1857 πρὸς
967 1804 1071 1852 Ἀθη-

41 1859 157 1904 ναίους
173 1859 389 1912 συγγένειαν.

92 1922 183 1958 Haec
199 1920 401 1958 Africanus
424 1933 486 1972 ap.
517 1920 656 1959 Euseb.
675 1924 797 1973 Praep.
827 1925 894 1960 Ev.
924 1926 974 1970 Χ,
1012 1937 1070 1972 10,

41 1991 78 2032 p.
92 1985 182 2030 491,
194 1983 241 2029 A,
251 1987 290 2017 et
301 1979 499 2030 Syncellus
516 1980 657 2021 Chron.
667 1994 705 2032 p.
721 1995 806 2029 121,
818 1981 878 2019 ed.
891 1982 1070 2022 Dindorl'.

39 2038 338 2090 Theopompum
368 2039 564 2090 scripsisse
587 2047 776 2077 testantur
791 2041 832 2078 in
847 2042 1067 2080 Tricarano.

40 2097 96 2148 (V.
115 2101 157 2136 C.
178 2101 226 2136 Ο.
242 2099 385 2136 Miiller
401 2098 582 2136 Orchom.
603 2112 642 2150 p.
667 2112 751 2147 ¹07·
771 2114 827 2151 sq.
847 2109 885 2138 et
904 2104 1066 2140 Heeren.

38 2157 153 2194 Ideen
169 2159 243 2208 Op.
254 2159 342 2203 XV,
359 2171 398 2209 p.
417 2159 496 2208 90.)
512 2157 676 2207 Syncelli
698 2158 817 2196 verba
846 2160 925 2197 haec
953 2170 1066 2200 sunt:

39 2213 103 2253 Ἐν
135 2213 172 2252 δὲ
191 2217 235 2267 τῇ
254 2215 394 2268 Ἀττικῇ
417 2219 434 2254 δ
460 2215 518 2253 ἐπὶ
549 2215 706 2268 Ὠγύγου
723 2217 856 2268 γίνεται
887 2221 1067 2258 κατακλυ-

37 2272 136 2324 σμὸς,
154 2273 215 2312 καὶ
230 2273 321 2312 κατὰ
334 2274 448 2326 λόγον.
465 2276 547 2314 Τῶν
567 2273 633 2328 γὰρ
653 2276 737 2328 παρ’
754 2277 954 2328 Αἰγυπτίων
979 2280 1065 2332 ὀργῇ

36 2333 113 2370 θεοῦ
147 2332 320 2385 χαλάζαις
344 2348 382 2371 τε
408 2332 467 2371 καὶ
493 2336 649 2386 χειμῶσι
679 2335 944 2386 μαστιζομένων
977 2338 1066 2382 εἰκὸς

34 2383 78 2438 ἧν
106 2391 196 2445 μέρη
222 2390 301 2430 τινὰ
333 2392 558 2444 συμπάσχειν
592 2396 655 2440 τῆς
679 2392 835 2445 γῆς,ὅτε
866 2394 1065 2443 Ἀθηναίους

34 2450 103 2488 τῶν
135 2452 264 2499 αὐτῶν,
286 2450 494 2502 Αἰγυπτίοις
513 2451 703 2491 ἀπολαύειν
721 2452 811 2497 εἰκὸς
834 2447 875 2501 ἦν
897 2453 1065 2500 ἀποίκους

79 2654 226 2693 carnea,
240 2653 357 2685 festum
373 2655 540 2695 Doricum,
559 2656 648 2696 quod
664 2656 803 2698 Apollini
817 2659 943 2690 carneo
959 2658 990 2690 in
1006 2661 1059 2692 Pe-

33 2699 208 2741 loponneso
218 2700 398 2733 celebratur
406 2712 416 2741 3
430 2711 548 2734 nomen
559 2702 656 2736 habet
670 2713 689 2736 a
703 2706 809 2737 Cerno
823 2707 908 2745 vate,
922 2706 977 2747 qui
993 2716 1060 2738 ora·

27 2746 103 2778 cula
115 2747 216 2779 edidit
227 2748 416 2788 Heraclidis,
432 2749 474 2781 ab
485 2758 524 2781 eo
540 2750 720 2791 Apollinem
737 2752 973 2793 appellantibus
988 2756 1060 2787 Car-

31 2801 138 2826 neum.
159 2796 273 2827 Narrat
286 2803 364 2827 vero
392 2796 620 2838 Theopompus
642 2799 777 2839 Argivos
802 2799 940 2832 eundem
956 2802 1059 2842 appel·

31 2839 96 2874 lare
107 2843 140 2873 et
158 2844 274 2874 Jovem
287 2844 320 2874 et
334 2844 524 2884 Hegetorem
536 2867 545 2883 ‚
565 2845 652 2885 quod
669 2847 795 2878 Carnus
813 2847 974 2880 exercitus
990 2848 1054 2880 dux

2104 169 2178 201 307

1146 298 1197 348 τῷ
1214 298 1428 353 Τρικαράνῳ
1447 300 1674 353 Θεόπομπος.
1690 303 1870 342 Dubitari
1888 305 2007 356 igitur
2028 314 2155 358 potest
2167 339 2178 357 ‚

1145 363 1274 393 utrum
1295 371 1381 407 quae
1399 361 1557 398 Proclus
1577 361 1690 399 affert
1709 362 1758 400 ad
1777 363 2020 416 Theopompi
2042 366 2178 404 Histo—

1145 414 1220 452 rias
1245 415 1446 455 referenda
1475 420 1573 465 sint,
1591 433 1640 458 an
1661 434 1710 458 ex
1732 422 1868 460 eodem
1890 423 1964 461 isto
1986 423 2086 462 libro
2106 439 2178 476 pe—

1145 472 1225 520 tita,
1235 474 1301 523 qui
1314 474 1384 512 sub
1395 477 1638 529 Theopompi
1648 481 1804 519 nomine
1818 482 2173 522 circumferebatur.

1143 532 1293 577 Quodsi
1311 534 1418 584 prius
1439 538 1637 586 concedas,
1669 540 1857 578 Wichers.
1884 541 1959 579 hoc
1979 542 2176 594 fragmen-

1143 597 1224 627 tum
1241 591 1290 628 ad
1309 592 1411 630 hunc
1428 596 1593 633 maxime
1610 597 1751 636 librum
1768 600 2010 639 referendum
2026 611 2174 652 censet,

1142 649 1289 700 quippe
1304 651 1343 686 in
1363 664 1442 701 quo
1467 654 1745 707 Theopompus
1772 658 1819 696 de
1849 659 2086 698 Athenarum
2103 662 2178 699 ori-

1141 708 1294 759 ginibus
1315 712 1454 761 egerit,
1477 714 1665 763 siquidem
1682 726 1785 756 recte
1799 721 2010 758 Creuzerus
2027 721 2066 758 in
2084 734 2177 772 prae·

1142 768 1206 806 fat.
1227 769 1276 806 ad
1312 773 1437 808 Marx.
1471 773 1671 823 Ephorum
1692 789 1730 826 p.
1760 780 1818 817 IX
1847 778 1950 830 (add.
1980 780 2173 818 Meletem.

1141 826 1314 865 Critic.P.
1333 832 1364 876 I,
1378 842 1415 880 p.
1428 830 1494 881 63)
1510 845 1557 869 ex
1577 833 1830 887 Theopompo
1847 846 2006 876 auctore
2019 838 2175 876 fluxisse

1141 892 1283 922 statuat
1314 887 1435 924 verba
1464 890 1605 927 Justini
1638 894 1694 939 ΙΙ,
1724 895 1747 930 6
1786 909 1794 931 :
1823 898 1924 932 Ante
1942 899 2175 935 Deucalionis

1140 953 1304 993 tempora
1323 959 1443 996 regem
1464 948 1625 986 habuere
1645 951 1851 1001 Cecropem,
1867 969 1988 1003 quem,
2004 965 2045 992 ut
2057 961 2175 993 omnis

1139 1007 1338 1053 antiquitas
1345 1004 1529 1052 fabulosa
1547 1016 1612 1053 est,
1634 1008 1825 1057 biformem
1844 1015 2027 1051 tradidere
2050 1030 2062 1051 :
2084 1022 2173 1065 quia

1133 1066 1279 1111 primus
1307 1077 1447 1101 marem
1473 1063 1635 1114 feminoe
1660 1074 1891 1107 matrimonio
1906 1077 2049 1120 sanxit.
2079 1078 2172 1123 Quae

1139 1132 1255 1171 quam
1273 1122 1419 1160 incerta
1432 1124 1520 1171 sint,
1538 1138 1653 1163 nemo
1667 1140 1745 1164 non
1757 1128 1876 1166 videt.

1614 1189 1700 1228 173.

1192 1250 1411 1301 Stephanus
1429 1266 1437 1288 ε
1459 1252 1648 1306 Ζηροίνιοι,
1666 1252 1760 1299 ἔθνος
1780 1255 1937 1310 Θρᾴκης·
1957 1259 2171 1311 Θεόπομπος

1138 1309 1286 1362 εἰκοστῷ
1302 1308 1469 1364 πέμπτῳ.

1191 1368 1372 1419 Ejusdem
1400 1370 1509 1409 urbis
1538 1372 1676 1411 incolae
1702 1388 1784 1412 esse
1804 1375 1984 1415 videntur
2011 1391 2097 1428 quae
2126 1379 2170 1417 fr.

1139 1427 1188 1471 48
1208 1437 1370 1466 vocatur
1387 1430 1559 1483 Ζειρενία.

1617 1509 1700 1547 174.

1191 1578 1299 1616 Idem
1317 1595 1325 1617 :
1345 1580 1550 1635 Μίλκωρος,
1568 1583 1764 1632 Χαλκιδικὴ
1783 1586 1881 1629 πόλις
1905 1588 1940 1624 ἐν
1956 1582 2102 1641 Θρᾴκῃ.
2124 1588 2169 1629 Ὁ

1135 1635 1282 1683 πολίτης
1324 1639 1542 1692 Μιλκώριος·
1581 1642 1796 1694 Θεόπομπος
1831 1646 1978 1699 εἰκοστῷ
2013 1645 2168 1701 πέμπτῳ

1136 1696 1382 1735 Φιλιππικῶν.

1188 1757 1297 1795 Idem
1317 1772 1325 1795 ε
1348 1759 1551 1813 Μιάκωρος,
1572 1761 1674 1806 πόλις
1705 1764 1918 1812 Χαλκιδική.
1956 1765 2167 1818 Θεόπομπος

1133 1813 1184 1852 κε’
1198 1817 1443 1856 Φιλιππικῶν.
1460 1820 1644 1859 Milcorus
1662 1830 1701 1859 et
1716 1826 1753 1859 Μ
1758 1823 1909 1862 iacorus
1927 1838 2003 1862 una
2016 1826 2166 1864 eadem—

1133 1888 1208 1924 que
1235 1876 1329 1914 urbs
1346 1891 1427 1916 esse
1461 1879 1656 1918 videntur.

1620 1954 1705 1992 175.

1184 2027 1410 2077 Harpocrat.
1428 2029 1583 2080 ιΔρῦς...
1611 2027 1685 2068 ἔστι
1712 2028 1747 2067 δὲ
1767 2029 1827 2068 καὶ
1855 2030 1958 2085 ἑτέρα
1981 2034 2017 2071 ἐν
2035 2034 2162 2088 Θρᾴκῃ

1191 2083 1335 2131 Ταύτην
1371 2087 1586 2138 Θεόπομπος
1617 2089 1653 2125 ἐν
1686 2090 1825 2142 εἰκοστῇ
1861 2090 2005 2145 πέμπτῃ
2046 2094 2160 2141 (cod.

1128 2147 1216 2181 Vat.
1245 2145 1385 2196 εἰκοστῇ
1415 2145 1461 2198 ς’)
1485 2146 1589 2200 φησὶν
1609 2147 1676 2186 ὑπὸ
1706 2147 1923 2203 Ἰφικράτους
1954 2153 2160 2199 οἰκισθῆναι.

1127 2205 1173 2238 V.
1195 2204 1395 2241 Demosth.
1414 2205 1453 2241 in
1474 2206 1699 2245 Aristocrat.
1718 2221 1757 2259 p.
1784 2215 1865 2253 ¹24·

1602 2275 1688 2314 176.

1180 2344 1406 2392 Harpocrat.
1428 2356 1437 2381 :
1460 2343 1706 2394 Ἡδύλειον,...
1726 2345 1805 2399 ὅρος
1827 2347 1920 2385 ἐστὶν
1949 2350 1984 2386 ἐν
2008 2351 2158 2403 Βοιωτία

1125 2398 1164 2437 τὸ
1197 2398 1402 2448 Ἥδύλειον,
1437 2404 1485 2446 ὡς
1521 2403 1579 2442 καὶ
1620 2404 1834 2458 Θεόπομπος
1865 2408 1902 2445 ἐν
1936 2411 1979 2460 τῇ
2019 2410 2158 2459 εἰκοστῇ

1125 2455 1273 2512 πέμπτῃ
1294 2459 1412 2513 φησίν.

1598 2615 1682 2648 173.

1161 2673 1296 2713 Zeranii,
1312 2683 1390 2714 gens
1403 2675 1561 2716 Thraciae,
1576 2678 1659 2709 teste
1673 2678 1881 2719 Theopompo
1895 2678 1976 2711 libro
1991 2681 2109 2721 quinto
2120 2686 2152 2716 et

1119 2720 1286 2760 vigesimo.

1592 2790 1607 2822 1
1617 2790 1637 2822 7
1644 2790 1679 2822 4.

1159 2842 1331 2879 Milcorus‚
1348 2844 1506 2885 oppidum
1522 2845 1746 2878 Chalcidicum
1762 2845 1795 2877 in
1811 2845 1966 2888 Thracia,
1985 2849 2079 2890 cuius
2095 2860 2148 2893 op-

31 2886 128 2920 suerit
144 2911 154 2928 ‚
184 2898 282 2930 quem
298 2891 475 2924 Heraclidae
500 2891 719 2925 interfecerint
739 2893 773 2925 in
798 2894 1056 2935 Peloponnesum
1116 2888 1267 2930 Fidimus,
1282 2891 1458 2931 ΜῖΙΟΟΥῙΠδ,
1477 2894 1558 2925 {este
1572 2893 1779 2934 Theopompo
1792 2892 1876 2924 libm
1891 2894 2005 2934 qUiUtO
2017 2898 2050 2929 θῑ
2064 2898 2147 2931 Vice-

30 2934 303 2976 profioiscentem,
325 2938 496 2979 opinantes
524 2948 600 2971 eum
630 2941 791 2972 exercitus
817 2942 1055 2982 exploratorem
1116 2936 1200 2967 Simo
1214 2937 1478 2978 PhiliPPlGffl'um-

29 2989 120 3023 esse;
147 2983 235 3015 hunc
265 2985 375 3024 postea
398 2985 440 3017 ab
474 2986 525 3025 iis,
555 2986 739 3027 pestilentia
766 2988 903 3029 vexatis,
929 2989 1054 3022 cultum

29 3035 110 3061 0888.

498 3081 512 3113 1
522 3082 542 3113 7
548 3083 570 3114 2
577 3107 585 3115 .

69 3123 282 3158 Callisthenes
298 3127 331 3158 et
346 3126 573 3159 Phanodemus
592 3130 723 3160 narrant
734 3152 744 3168 ‚
761 3129 971 3162 Athenienses
987 3131 1053 3162 Sai-

27 3169 134 3202 tanim
149 3173 257 3212 patres
276 3182 358 3213 esse,
374 3173 603 3215 Theopompus
619 3177 743 3214 contra,
761 3176 973 3209 Athenienses
996 3178 1052 3209 ho·

26 3224 99 3248 rum
112 3218 243 3250 colonos
263 3228 346 3252 esse.
370 3221 498 3253 Atticus
514 3221 697 3254 Platonicus
719 3223 787 3262 ait,
803 3224 1050 3265 Theopompum

27 3263 251 3297 maledicentia
269 3268 463 3307 pervertisse
489 3268 655 3301 historiam
672 3279 680 3300 τ
699 3278 758 3302 sua
785 3270 870 3302 enim
886 3273 984 3303 aetate
1000 3281 1050 3303 ve·
1077 3295 1081 3302 .

25 3309 111 3342 nisse
129 3312 182 3344 Sai
212 3314 267 3353 qui
283 3314 506 3353 cognationem
538 3325 614 3348 cum
638 3316 891 3350 Atheniensibus
916 3327 1048 3349 renova·
1076 3305 1081 3366 Ι

1075 3374 1079 3405 ῃ
1110 3368 1246 3397 testatur
1261 3366 1343 3398 libro
1361 3368 1518 3408 vigesimo
1534 3370 1660 3410 quinto.

25 3357 141 3390 verint.

1156 2984 1317 3016 Miacorus
1332 3008 1340 3024 ,
1371 2985 1525 3026 oppidum
1543 2985 1778 3018 Chalcidicum.
1803 2986 2034 3030 Theopumpus
2063 2991 2147 3026 libro

1112 3030 1272 3071 vigesimo
1288 3032 1403 3072 quinto
1421 3032 1685 3073 Philippicorum.

1584 3092 1599 3124 1
1610 3093 1629 3124 7
1635 3092 1672 3125 5.

1156 3148 1238 3186 Drys
1305 3150 1354 3178 est
1368 3149 1399 3179 et
1416 3147 1477 3179 alia
1495 3148 1572 3180 urbs
1584 3149 1729 3181 Thraciae
1798 3159 1896 3191 quam
1910 3151 2142 3197 Theopompus

1111 3191 1152 3223 ab
1167 3192 1326 3233 lphicrate
1336 3194 1500 3226 conditam
1514 3195 1614 3227 fuisse
1627 3195 1741 3228 scribit
1753 3195 1837 3228 libro
1844 3196 2000 3239 vigesimo
2015 3203 2139 3242 quinto,

1582 3260 1596 3293 1
1606 3261 1627 3292 7
1633 3261 1669 3294 6.

1150 3318 1367 3360 Hedyleum...
1386 3329 1480 3353 mons
1494 3323 1545 3354 est
1556 3323 1702 3364 Boeotiae,
1719 3325 1756 3357 ut
1768 3325 1995 3368 Theopompus
2009 3338 2139 3374 quoque

1940 3436 1989 3465 20.
