2320 3684
808 154 1049 194 HECATAEI
1078 155 1408 197 FRAGMENTA.
2116 167 2162 200 23

52 249 135 301 τῇσι
153 246 318 299 γυναιξίν.
342 250 450 285 Hanc
468 244 768 295 discrepantiam
794 242 934 280 fabulae
956 245 1083 280 Hero—
1140 246 1381 284 narrationes
1395 245 1443 284 de
1460 244 1743 297 hippopotamo
1767 252 1806 284 et
1830 245 2007 296 phoenice
2027 256 2065 285 et
2081 262 2167 299 quae

52 305 189 344 dotum
220 307 259 344 in
289 305 458 344 Hecataei
485 302 589 342 libro
618 301 755 352 legisse
782 299 986 352 probabile
1013 309 1084 349 est,

52 365 120 416 qui
139 378 223 404 eam
240 379 263 404 a
276 364 422 403 colonis
435 361 577 402 Graecis
595 364 807 411 AEgyptum
826 359 1084 398 incolentibus

52 423 257 474 acceperit.
281 426 377 470 Quae
396 421 427 459 si
441 420 546 472 juste
569 419 766 470 disputata
788 425 891 465 sunt,
909 418 1085 455 narravit

53 484 266 528 Hecataeus,
281 480 477 531 AEgyptios
490 491 572 516 sese
586 486 728 528 putare
734 485 888 526 gentem
905 478 1086 527 antiquis-

53 541 205 590 simam,
219 538 454 589 antiquiores
470 551 561 575 vero
577 550 619 575 se
637 538 731 587 ipsis
747 535 886 573 habere
904 536 1084 587 Phryges,

52 613 105 637 ex
120 612 192 649 quo
207 598 512 635 Psammetichus
525 598 565 634 in
586 596 722 646 primis
752 594 968 643 infantium,
991 608 1086 645 quos

54 656 263 696 nutricibus
278 658 407 707 lingua
420 657 583 706 privatis
605 656 766 693 alendos
783 656 956 701 dederat,
978 655 1087 692 voci-

54 716 121 754 bus
135 717 303 767 Phrygia
322 717 442 754 verba
456 715 662 767 agnoverit.

491 773 568 812 298
582 772 641 826 (Ρ).

18 879 22 883 ,
105 833 308 882 Incertior,
328 846 444 885 quam
462 833 558 881 haec,
575 840 634 871 est
658 831 746 879 alia,
772 844 889 883 quam
911 830 1088 882 prolatu-

54 905 120 931 rus
142 905 240 941 sum,
259 891 492 942 conjectura.
522 894 749 930 Hecataeum
775 890 999 928 tractavisse
1026 902 1088 927 res

56 951 232 990 Herculis
249 959 288 989 et
309 949 672 988 commemoravisse
692 948 800 987 locos
827 948 1000 999 singulos
1023 947 1089 986 ubi

54 1009 120 1048 ille
142 1009 297 1048 labores
321 1023 412 1048 suos
428 1009 649 1061 perfecerit,
666 1022 715 1047 ex
741 1007 789 1046 iis
814 1015 979 1054 constat,
1002 1020 1089 1058 quae

55 1068 104 1107 de
124 1069 288 1120 Erythia
306 1068 500 1107 disseruit.
518 1067 672 1106 Fabulae
690 1067 731 1105 in
748 1070 963 1119 AEgyptum
985 1079 1088 1118 quo—

55 1141 131 1180 que
154 1128 360 1166 Herculem
390 1127 541 1166 venisse
560 1126 693 1178 ibique
718 1140 739 1164 a
768 1126 918 1177 populo
952 1125 1090 1163 hostiae

55 1187 178 1225 instar
196 1187 351 1225 coronis
369 1194 551 1225 ornatum
575 1194 614 1225 et
636 1186 687 1224 ad
715 1198 837 1233 aram,
857 1184 927 1223 ubi
948 1184 1090 1222 immo-

55 1245 216 1293 laretur,
235 1245 395 1284 ductum
420 1259 502 1284 esse
518 1245 778 1292 tradiderunt,
804 1243 934 1283 subito
959 1252 1090 1282 autem

57 1318 146 1344 eum
181 1318 264 1344 sese
293 1305 519 1343 liberavisse
551 1305 855 1354 innumerosque
887 1303 1091 1354 AEgyptios

57 1363 258 1412 occidisse,
276 1364 465 1402 Herodot.
482 1366 532 1411 II,
554 1363 618 1409 45.
636 1363 712 1402 Sed
734 1363 811 1400 hoc
828 1365 986 1400 Graecos
1011 1370 1092 1399 tan-

58 1431 138 1462 tum
158 1436 318 1462 narrare
340 1422 543 1461 contendit
557 1421 795 1469 Herodotus,
808 1421 908 1459 nihil
928 1421 976 1459 de
991 1424 1091 1459 Her-

58 1482 144 1521 cule
165 1486 302 1522 Graeco
329 1482 428 1521 scire
449 1481 662 1533 AEgypfios,
690 1480 758 1519 sed
788 1481 860 1519 hos
884 1480 1091 1530 Herculem

58 1540 176 1579 alium
196 1554 270 1593 pro
287 1541 360 1580 deo
377 1535 555 1579 venerari
574 1540 643 1592 (ib.
658 1539 746 1592 43);
765 1540 853 1578 illos
866 1547 1010 1586 autem,
1025 1539 1092 1590 qui

59 1599 231 1639 fabulam
247 1600 361 1638 istam
387 1600 571 1646 referant,
593 1599 743 1637 etiamsi
769 1598 852 1636 fieri
883 1598 1020 1649 possit,
1050 1606 1092 1635 ut

57 1659 120 1698 vir
132 1672 232 1697 unus
244 1666 389 1697 tantam
403 1658 657 1710 prostraverit
671 1656 839 1706 turbam,
853 1657 916 1694 cui
935 1657 1091 1708 quidem

39 1718 115 1756 'rei
137 1717 221 1769 ipse
243 1717 358 1756 fidem
387 1731 466 1756 non
490 1717 621 1764 habet,
643 1716 814 1768 graviter
838 1729 993 1754 errare:
1014 1714 1093 1766 ἐμοὶ

60 1774 124 1828 μέν
140 1792 200 1815 νυν
215 1776 373 1816 δοκέουσι
385 1779 497 1815 ταῦτα
509 1776 667 1828 λέγοντες
682 1777 744 1823 τῆς
755 1774 959 1826 Αἰγυπτίων
974 1773 1093 1828 φύσιος

59 1834 120 1874 καὶ
148 1837 218 1873 τῶν
246 1834 363 1887 νόμων
379 1834 532 1886 πάμπαν
551 1834 704 1888 ἀπείρως
729 1833 821 1887 ἔχειν
844 1836 875 1872 οἱ
890 1832 1067 1880 Ἕλληνες
1081 1862 1092 1881 ,

60 1899 151 1933 τοῖσι
166 1892 235 1948 γὰρ
254 1892 332 1933 οὐδὲ
355 1893 487 1942 κτήνεα
503 1893 582 1941 ὁσίη
603 1892 695 1932 θύειν
714 1892 804 1945 ἐστὶ,
822 1892 930 1946 χωρὶς
946 1894 1015 1931 ὑῶν
1033 1892 1094 1931 καὶ

60 1951 210 2007 ἐρσένων
229 1955 319 2006 βοῶν
333 1953 392 1993 καὶ
411 1952 558 2006 μόσχων
578 1952 654 1994 ὅσοι
680 1950 723 1992 ἂν
747 1951 895 2007 καθαροὶ
923 1950 1009 1992 ἔωσι
1033 1951 1094 1991 καὶ

60 2011 211 2065 χηνέων·
245 2014 316 2056 κῶς
342 2011 383 2051 ἂν
404 2006 498 2051 οὗτοι
523 2011 725 2066 ἀνθρώπους
754 2011 885 2061 θύοιεν;
917 2013 1095 2051 Concinit

62 2072 143 2110 haec
163 2072 288 2110 oratio
302 2086 388 2110 cum
400 2072 526 2120 solita,
540 2086 616 2124 qua
632 2071 856 2110 Herodotus
871 2074 1094 2110 Hecataeum

62 2131 215 2179 refellit,
245 2132 407 2170 ratione.
441 2135 586 2171 Praeter
613 2131 696 2169 haec
730 2131 963 2181 complures,
999 2144 1095 2182 quas

61 2189 285 2228 Herodotus
303 2190 425 2239 dedit,
436 2190 718 2241 descriptiones
736 2189 960 2229 animalium
980 2193 1097 2242 AEgy-

62 2249 284 2300 ptiacorum
308 2249 472 2288 fortasse
491 2249 682 2288 debentur
699 2252 895 2296 Hecataeo,
912 2262 934 2287 e
954 2249 1096 2300 quibus

63 2308 189 2346 solum
210 2318 403 2358 serpentes
421 2312 549 2346 alatos
570 2316 609 2346 et
632 2307 777 2345 Ibidem
799 2321 911 2346 avem
944 2308 1008 2359 (11,
1035 2309 1096 2357 75,

66 2366 132 2417 76)
152 2366 375 2418 designabo,
391 2370 491 2406 Nam
508 2367 654 2419 pariter
672 2380 758 2418 quae
786 2366 854 2404 has
872 2367 1097 2418 praecedunt

530 2482 623 2516 298.

106 2536 188 2573 Quoe
205 2541 308 2576 quum
329 2533 439 2566 dicant
460 2535 585 2575 Graeci,
599 2533 752 2567 videntur
767 2534 848 2566 mihi
865 2542 899 2567 se
915 2535 948 2566 et
963 2536 1091 2566 naturae

64 2581 289 2624 AEgyptiorum
299 2582 332 2614 et
340 2590 470 2614 morum
485 2582 614 2623 ignaros
626 2590 760 2624 prorsus
773 2581 951 2614 ostendere.
967 2581 1095 2622 Quippe

64 2629 184 2670 quibus
199 2628 323 2661 nullam
340 2629 498 2670 pecudem
514 2629 563 2662 fas
580 2631 631 2662 est
653 2629 822 2662 immolare
832 2653 842 2670 ,
858 2630 976 2670 praeter
992 2637 1092 2668 sues,

65 2677 246 2717 praeterque
257 2675 358 2707 boves
374 2684 492 2716 mares,
507 2678 541 2708 et
551 2675 686 2716 vitulos,
704 2676 883 2708 dummodo
896 2675 1049 2716 mundos,
1063 2677 1096 2707 et

65 2730 195 2756 anseres
211 2731 219 2754 :
236 2721 260 2754 ii
274 2730 340 2763 qua
352 2722 477 2755 ratione
495 2735 509 2751 ιι
527 2722 735 2755 immolarent
759 2723 928 2755 homines?
952 2735 968 2751 ι»

107 2835 322 2875 Cynossema,
339 2833 430 2867 locus
448 2783 645 2876 Libygeaffie
662 2843 728 2876 quo
743 2835 926 2867 Hecataeus

106 2944 250 2986 Ausigda
260 2969 270 2986 ‚
283 2945 364 2978 urbs
378 2945 492 2987 Libyae
501 2969 511 2987 ,
525 2895 640 2986 {eggre
651 2947 786 2986 neutro,
800 2948 932 2979 auctore
945 2946 1094 2980 Callima-

66 2991 138 3023 cho.
154 2993 325 3024 Hecataeus
340 3001 418 3025 vero
430 2992 572 3025 insulam
585 2994 742 3034 agnoscit.
767 2993 893 3026 Gentile
906 3017 916 3033 ‚
935 2993 1069 3035 Ausigdi
1084 3006 1091 3023 :

66 3037 112 3070 ita
126 3038 213 3071 enim
229 3038 343 3080 Apollo
358 3039 488 3072 colitur.

107 3150 283 3191 Mascotus,
294 3149 374 3182 urbs
386 3150 511 3192 Libyae,
527 3099 644 3192 &endu-a
654 3153 837 3185 Hecataeus.
854 3152 922 3184 Sita
933 3154 983 3185 est
994 3160 1094 3194 prope

66 3196 268 3237 Hesperides.
287 3198 423 3237 Gentile,
438 3199 617 3239 Mascotita,
634 3199 754 3240 Libyca
768 3201 801 3231 et
814 3199 963 3240 AEgyptia
978 3199 1092 3231 forma.

534 3260 624 3293 302.

67 3303 268 3400 byffifflstt'is,
287 3314 443 3355 oppidum
459 3316 589 3358 Libyae,
607 3320 689 3350 teste
711 3319 788 3350 Hec.
807 3317 999 3359 oppidanus
1011 3342 1020 3358 ‚
1039 3319 1093 3350 Ze-

1141 312 1357 353 sequuntur
1376 304 1424 342 de
1443 317 1544 356 pane
1561 304 1709 355 cyllesti
1726 305 1817 344 inde
1831 305 1998 356 repetita
2014 319 2094 345 esse
2114 307 2167 344 di-

1141 368 1246 398 ctum
1263 372 1330 400 est.

1170 530 1181 544 9
1197 474 1251 541 {n
1269 475 1310 510 B.
1328 472 1441 517 Κυνὸς
1456 476 1568 526 σ’ῆμα,
1585 416 1852 525 τΞτῗοῖιΛιὸύης·
1870 475 1946 516 Ἕκ.
1961 476 2169 530 περιηγήσει

1144 545 1261 576 αυτης.
1610 586 1700 625 300.

1197 642 1253 679 St.
1267 643 1309 679 B.
1324 640 1499 693 Αὔσιγδα,
1516 641 1616 687 πόλις
1629 643 1777 692 Λιὸόης,
1793 646 1993 700 οὗδετέρως,
2011 648 2056 690 ὡς
2071 649 2170 687 Καλ-

1143 698 1306 751 λίμαχος·
1331 699 1412 739 Ἕκ.
1440 699 1477 738 δὲ
1506 703 1612 749 νῆσον
1642 697 1724 742 οἶδε.
1749 704 1802 744 Τὸ
1824 705 1958 745 ἐθνικὸν
1990 706 2169 758 Αὔσιγδοι·

1144 757 1237 796 οὕτω
1253 757 1322 812 γὰρ
1346 757 1527 798 Ἀπόλλων
1545 765 1704 811 τιμᾶται.

1199 872 1252 910 St.
1269 873 1310 909 Β.
1331 869 1544 920 Μάσκωτος,
1563 813 1831 921 πόλῗῗΙᾸιὸύης·
1854 874 1933 914 Ἑκ.
1952 876 2170 929 περιηγήσει.

1145 927 1252 969 Ἔστι
1268 927 1304 967 δὲ
1317 928 1466 976 πλησίον
1477 931 1546 967 τῶν
1561 929 1791 984 Ἑσπερίδων.
1805 931 1858 970 Τὸ
1872 933 2002 973 ἐθνικὸν
2017 937 2174 974 Mamo-

1145 987 1256 1037 τίτης,
1270 987 1416 1042 Λιὸυκῷ
1435 988 1495 1027 καὶ
1511 988 1695 1086 Αἰγυπτίίὶοῖ)
1716 988 1826 1043 τύπῳ.

1200 1109 1257 1146 St.
1277 1110 1319 1145 Β.
1334 1105 1522 1157 Ζήὸυττις,
1543 1048 1642 1150 πόλιῗ
1663 1077 1810 1154 Λιὸύης·
1832 1107 1911 1147 Ἑκ.
1924 1107 1994 1147 Ἀσ.
2007 1109 2052 1148 Ὁ
2071 1109 2174 1149 πολί-

1147 1181 1210 1214 της
1224 1164 1458 1213 Ζηὸυττίτης.
1618 1218 1692 1256 303

1202 1279 1255 1316 St.
1285 1281 1326 1316 B.
1346 1276 1506 1328 Ψύλλοι,
1532 1276 1593 1316 καὶ
1617 1276 1804 1321 Ψυλλικὸς
1826 1275 1966 1325 κόλπος,
1986 1279 2020 1316 ἐν
2041 1280 2091 1332 τῷ
2115 1281 2179 1319 Λι-

1149 1335 1246 1390 ὅυκῷ
1268 1335 1402 1389 κόλπῳ·
1426 1336 1508 1377 Ἕκ.
1532 1335 1740 1389 περιηγήσει
1762 1335 1911 1383 Λιὸύης·
1932 1354 1946 1370 «
1959 1338 1977 1375 ὁ
1996 1337 2180 1382 Ψυλλικὸς

1111 1406 1114 1409 ’
1150 1394 1305 1439 «κόλπος
1329 1394 1439 1448 μέγας
1459 1394 1519 1433 καὶ
1541 1394 1661 1447 βαθὺς,
1679 1396 1785 1448 τριῶν
1807 1397 1950 1448 ἡμερῶν
1973 1396 2093 1440 πλοῦς.
2104 1415 2118 1431 »

1616 1453 1705 1491 304.

1203 1515 1257 1552 St.
1272 1517 1312 1551 Β.
1327 1511 1480 1561 Μάζυες,
1493 1514 1525 1551 οἱ
1538 1511 1675 1560 Λιὸύης
1686 1511 1846 1562 νομάδες·
1864 1511 1944 1551 Ἐκ.
1959 1512 2177 1567 περιηγήσει,

1150 1570 1234 1610 Εἰσὶ
1251 1569 1287 1609 δὲ
1305 1570 1367 1610 καὶ
1386 1569 1498 1624 ἕτεροι
1519 1569 1672 1622 Μάξυες,
1691 1570 1757 1617 ,καὶ
1778 1569 1889 1625 ἕτεροι
1918 1570 2082 1624 Μάχμες.
2106 1576 2181 1610 Pro

1150 1628 1261 1684 ἕτεροι
1277 1638 1443 1681 utroque
1456 1630 1542 1667 loco
1558 1630 1763 1681 legendum
1778 1630 1929 1668 videtur
1946 1629 2086 1684 ἑτέροις,
2107 1645 2179 1682 pro

1151 1688 1305 1742 Μᾶχμες
1320 1689 1526 1740 legendum
1543 1686 1723 1740 Μάχλυες.

1205 1798 1260 1834 St.
1291 1799 1330 1834 B.
1364 1793 1529 1846 Μέγασα,
1552 1796 1598 1838 ὡς
1626 1794 1781 1847 Γέρασα,
1806 1795 1905 1838 πόλις
1931 1794 2078 1842 Λιὸύης.
2097 1795 2177 1835 Ἕκ.

1150 1852 1359 1906 περιηγήσει
1373 1851 1499 1895 Ἀσίας·
1518 1851 1571 1897 «ἐξ
1583 1854 1690 1944 auggg
1698 1852 1890 1906 Σιτοφάγοι
1900 1853 1960 1892 καὶ
1970 1854 2002 1892 Ἀ
2009 1857 2179 1907 ροτῆρες.»

1204 1962 1259 1999 St.
1277 1962 1317 1998 B.
1333 1959 1517 2012 Ζυγαντὶς,
1534 1958 1636 2005 πόλις
1656 1958 1803 2007 Λιὸύης·
1822 1959 1905 2000 Ἕκ.
1924 1959 2092 2013 Ἀσίᾳ.οἷ
2111 1975 2178 1999 που

1150 2019 1245 2057 λῖται
1286 2018 1475 2070 Ζυγάντες·
1517 2017 1639 2063 οἵτινες
1663 2018 1709 2058 τὰ
1729 2017 1814 2067 ἄνθη
1846 2018 2069 2071 συλλέγοντες
2100 2018 2180 2070 μέλι

1152 2082 1325 2126 ποιοῦσιν,
1351 2076 1442 2116 ὥστε
1460 2077 1510 2129 μὴ
1536 2077 1717 2116 λείπεσθαι
1736 2082 1797 2117 τοῦ
1825 2077 1893 2117 ὕπὸ
1916 2080 1985 2117 τῶν
2006 2080 2178 2130 μελισσῶν

1152 2136 1379 2188 γιγνομένου,
1405 2137 1452 2180 ὣς
1476 2135 1626 2182 Εὔδοξος
1649 2139 1667 2175 ὁ
1690 2137 1829 2181 Κνίδιος
1858 2138 1894 2175 ἐν
1919 2135 2010 2191 ἕκτῳ
2028 2140 2091 2190 γῆς
2113 2152 2181 2175 πε-

1154 2194 1279 2248 ριόδου.

1621 2248 1712 2288 307.

1206 2310 1261 2346 St.
1277 2310 1317 2345 B.
1335 2305 1508 2359 Ζαύηκες,
1522 2304 1616 2351 ἔθνος
1632 2305 1780 2355 Λιὸύης,
1798 2306 1984 2361 Ἡρόδοτος
2001 2306 2042 2345 δ’.
2064 2306 2178 2354 Ζαύη-

1153 2382 1211 2409 κες
1233 2364 1341 2418 ἔθνος,
1362 2365 1441 2404 Ἕκ.
1466 2367 1502 2404 ἐν
1515 2365 1723 2419 περιηγήσει
1745 2365 1873 2410 Ἀσίας.

1622 2480 1712 2515 303.

1192 2533 1294 2575 Psylli
1309 2535 1342 2566 et
1357 2532 1517 2574 Psyllicus
1530 2532 1634 2572 sinuS,
1651 2532 1686 2564 in
1702 2532 1777 2565 sinu
1792 2533 1926 2574 Libyco.
1943 2534 2111 2565 Hecataeus
2127 2532 2178 2564 Li-

1151 2580 1226 2622 byae
1245 2580 1484 2622 descriptione:
1502 2593 1517 2608 «
1529 2580 1690 2621 Psyllicus
1720 2581 1812 2613 sinus
1842 2588 1978 2621 magnus
2003 2582 2035 2611 et
2047 2579 2179 2620 profun-

1151 2627 1231 2668 dus,
1249 2628 1348 2661 trium
1365 2628 1492 2661 dierum
1506 2627 1680 2668 navigatio.
1701 2641 1716 2656 »

1192 2743 1335 2783 Mazyes‚
1357 2740 1470 2782 Libyae
1486 2690 1814 2781 Nomadeffsffiimtore
1832 2742 1993 2773 Hecataeo.
2010 2741 2093 2773 Sunt
2107 2739 2178 2772 aliis

1151 2790 1296 2831 Maxyes‚
1315 2788 1387 2820 aliis
1402 2788 1576 2829 Machlyes.

1623 2849 1712 2882 305.

1193 2902 1340 2941 Megasa,
1358 2901 1405 2931 uti
1427 2901 1566 2940 Gerasa,
1590 2899 1669 2931 urbs
1687 2899 1817 2939 Libyae,
1835 2898 1875 2931 de
1895 2907 1961 2940 qua
1975 2900 2053 2932 Hec.
2073 2909 2081 2931 ε
2099 2911 2114 2927 «
2129 2901 2179 2931 Ex

1151 2947 1206 2979 illa
1225 2949 1303 2979 sunt
1322 2946 1486 2988 Sitophagi
1501 2948 1533 2978 et
1545 2948 1704 2979 Aroteres.
1720 2958 1736 2973 »

1194 3058 1357 3098 Zygantis,
1373 3057 1529 3098 oppidum
1545 3006 1819 3097 Lihyzzgssauctore
1835 3058 1915 3090 Hec.
1931 3059 2106 3100 Oppidani,
2123 3061 2178 3100 Zy-

1151 3107 1274 3145 gantes,
1292 3104 1348 3145 qui
1360 3104 1503 3136 collectis
1520 3104 1654 3136 floribus
1667 3104 1731 3137 mel
1745 3105 1922 3138 conficiunt
1932 3129 1942 3146 ‚
1959 3106 2047 3147 quod
2060 3106 2100 3139 ab
2116 3108 2178 3148 api-

1152 3152 1214 3184 bus
1227 3151 1312 3183 sacto
1325 3159 1527 3191 nequaquam
1540 3150 1636 3191 cedit,
1652 3151 1700 3183 uti
1715 3151 1862 3193 perhibet
1872 3153 2029 3186 Eudoxus
2040 3154 2176 3187 Cnidius

1151 3199 1234 3231 libro
1250 3200 1342 3230 sexto
1362 3198 1402 3229 de
1415 3200 1508 3229 terrae
1528 3197 1677 3231 circuitu.

1621 3259 1709 3292 307.

1194 3318 1349 3355 Zaueces,
1365 3324 1443 3356 gens
1459 3315 1589 3356 Libyae,
1607 3316 1648 3350 de
1669 3325 1734 3358 qua
1756 3318 1939 3350 Herodotus
1953 3318 2035 3350 libro
2050 3321 2174 3360 quarto,

1154 3366 1290 3394 Zaucces
1304 3371 1392 3402 gens,
1409 3364 1587 3395 Hecataeus.
2063 3390 2092 3408 x
