2320 3684
53 141 2163 226 ffiffifflfflffifflssfflssffissfflffiffifflffifflfflfflssffi

554 331 1666 453 INTRODUCTIO.

129 643 352 684 Chronicon
401 642 556 682 Parium
594 641 736 680 tabulae
771 642 1007 692 insculptum
1031 648 1088 679 est

60 715 420 754 marmoreae,quam
432 706 594 754 Sampso
614 701 772 751 quidam
787 699 1089 751 jussuPeirescii

58 777 136 803 una
165 777 254 802 cum
281 763 364 801 aliis
395 761 630 813 quibusdam
663 761 799 812 priscis
831 760 1089 798 marmoribus

57 827 230 873 Smyrnae
265 829 411 860 emerat
447 821 573 860 aureis
620 820 911 871 quinquaginta.
943 823 1088 857 Verum

57 882 187 921 nescio
208 894 286 932 quo
305 883 516 918 Turcarum
540 879 630 918 dolo
643 908 652 926 ‚
673 883 839 930 Sampso
851 908 861 926 ,
876 891 994 928 quum
1007 877 1088 928 jam

58 943 98 981 in
120 955 166 980 eo
193 949 312 987 esset,
330 948 373 978 ut
401 940 482 978 haec
505 939 746 990 antiquitatis
772 945 1022 976 monumenta
1050 938 1090 974 in

58 1003 254 1050 Europam
276 999 572 1046 transmitteret,
588 1005 747 1049 repente
764 998 804 1035 in
824 997 979 1034 vincula
996 1009 1088 1034 con-

55 1059 182 1111 jectus
213 1066 271 1096 est
314 1071 584 1109 marmoraque
622 1065 712 1095 sunt
748 1064 906 1095 retenta.
939 1055 1092 1094 Accidit

60 1125 204 1164 autem,
225 1126 267 1155 ut
293 1117 465 1156 Thomas
487 1116 704 1154 Howardus
717 1146 726 1164 ‚
746 1128 874 1154 comes
894 1113 1092 1153 Arundel-

59 1175 119 1214 liae
142 1183 181 1213 et
211 1175 370 1224 Surriae,
405 1175 541 1214 eodem
573 1175 652 1213 fere
684 1183 859 1227 tempore
886 1174 926 1212 in
959 1173 1090 1212 Asiam

61 1234 226 1273 misisset
250 1235 499 1272 Guilielmum
532 1238 732 1282 Pettaeum,
761 1234 828 1285 qui
856 1240 1007 1271 veteres
1033 1231 1090 1270 ibi

59 1293 327 1344 inscriptiones
344 1302 382 1331 et
404 1307 490 1344 quae
507 1294 584 1331 huc
602 1301 777 1344 spectant
795 1293 870 1331 alia
886 1291 1091 1342 conquire-

60 1361 132 1391 ret.
161 1355 197 1390 Is
234 1365 428 1392 marmora
459 1352 526 1391 illa
557 1353 738 1391 Peirescii
772 1365 892 1404 opera
921 1351 1090 1403 primum

61 1410 213 1448 detecta
234 1419 424 1462 erutaque
451 1411 592 1461 majori
609 1409 691 1461 jam
722 1411 848 1462 pretio
871 1409 1034 1448 redemit
1054 1416 1092 1446 et

62 1483 150 1507 cum
178 1469 262 1508 aliis
290 1483 324 1508 a.
357 1469 455 1517 1627
479 1470 744 1508 transferenda
766 1470 915 1507 curavit
940 1467 1089 1506 Londi-

59 1542 175 1576 num‚
208 1528 277 1567 ubi
328 1529 369 1566 in
405 1528 550 1566 aedibus
583 1529 785 1580 hortisque
818 1527 1006 1567 Howardi
1042 1527 1089 1566 ad

59 1587 260 1630 Thamesis
287 1588 410 1638 ripam
444 1587 631 1638 disposita
662 1595 762 1626 sunt.
789 1591 925 1638 Neque
959 1595 1088 1624 tamen

61 1646 130 1685 diu
162 1646 221 1684 his
264 1645 359 1684 locis
397 1654 507 1684 erant
549 1654 790 1684 ornamento.
828 1649 930 1684 Nam
970 1658 1094 1696 quum

61 1704 295 1743 turbulentis
312 1705 385 1743 illis
406 1718 492 1755 quae
510 1704 718 1743 subsecuta
738 1713 827 1743 sunt
849 1704 1091 1756 temporibus

59 1777 186 1802 comes
216 1763 451 1802 Arundelliae
482 1763 640 1802 domum
683 1778 791 1803 suam
824 1764 1091 1814 derelinquere

59 1831 272 1874 cogeretur,
293 1836 483 1861 marmora
501 1824 642 1875 partim
661 1831 839 1875 surrepta
867 1831 977 1874 sunt,
994 1837 1088 1874 par—

60 1881 127 1919 tim
147 1895 346 1919 servorum
363 1882 537 1934 nequitia
557 1890 758 1934 corrupta,
775 1883 847 1920 alia
865 1882 1032 1932 denique
1042 1881 1093 1921 ad·

60 1953 281 1978 communes
297 1941 389 1979 vitae
415 1955 506 1979 usus
523 1941 708 1980 adhibita.
736 1945 899 1980 Tantam
923 1950 1090 1991 stragem

59 1999 156 2051 lapis
174 2013 331 2050 quoque
350 2000 481 2038 Parius
497 2014 575 2039 non
595 2014 755 2051 prorsus
768 2001 972 2038 incolumis
988 2001 1090 2038 effu-

60 2058 127 2109 git.
144 2059 294 2097 Etenim
315 2060 515 2110 superiore
531 2059 613 2110 ejus
631 2069 741 2110 parte
764 2060 871 2097 focus
887 2060 927 2097 in
945 2060 1089 2111 palatio

60 2117 333 2156 Arundelliano
349 2127 548 2169 reparatus
562 2133 643 2157 esse
658 2119 812 2156 dicitur.
825 2122 916 2156 Pars
930 2118 1090 2155 inferior

25 2175 28 2178 ’
60 2175 217 2227 oblique
233 2177 399 2228 abrupta
413 2177 493 2228 jam
514 2187 617 2225 erat,
635 2191 752 2228 quum
774 2186 1014 2215 transvectus
1033 2186 1091 2215 est

59 2235 99 2272 in
129 2235 384 2274 Britanniam.
403 2240 519 2274 Latus
538 2245 617 2275 tum
633 2237 705 2274 fuit
721 2235 756 2273 2'
774 2232 842 2284 7‘',
862 2249 1012 2274 crassus
1026 2232 1090 2284 5⁰,

60 2293 157 2331 altus
174 2293 220 2332 ad
235 2294 409 2332 dextram
426 2294 461 2332 a'
478 2309 493 2332 1
506 2294 560 2347 1⁰,
576 2296 624 2334 ad
642 2295 835 2333 sinistram
851 2296 883 2333 3¹
899 2293 955 2341 7''‚
970 2295 1090 2332 literae

60 2352 138 2390 sere
177 2353 269 2400 ³s10''
290 2354 388 2392 altae.
416 2358 531 2393 Anno
561 2355 731 2406 denique
763 2356 862 2402 1667
902 2356 1090 2393 Henricus

60 2411 295 2459 Howardus,
320 2426 442 2464 nepos
461 2414 641 2461 Thomae,
663 2413 816 2451 comitis
832 2414 1089 2460 Arundelliae,

59 2482 272 2518 marmora,
299 2485 385 2522 quae
419 2472 622 2510 hominum
653 2471 834 2522 injuriam
863 2472 993 2523 elapsa
1022 2472 1090 2510 diu

58 2529 230 2579 neglecta
258 2529 480 2580 J‘acuerant‚
507 2544 584 2568 una
617 2545 706 2569 cum
741 2540 920 2570 truncato
954 2540 1089 2570 nostro

59 2586 251 2626 Chronico
269 2589 373 2627 dono
387 2590 494 2628 dedit
507 2591 760 2629 Universitati
779 2591 1007 2639 Oxoniensi,
1023 2590 1090 2629 ubi

58 2646 265 2685 etiamnum
285 2658 540 2687 asservantur.

110 2706 260 2744 Primus
278 2707 499 2746 Chronicon
516 2708 759 2760 transcripsit
780 2709 868 2748 Joh.
886 2709 1087 2749 Seldenus.

59 2764 154 2811 Quae
174 2777 233 2802 res
254 2765 334 2815 jam
356 2775 437 2805 tum
460 2781 540 2805 non
561 2767 643 2806 sine
663 2767 890 2806 difficultate
909 2768 992 2806 fleri
1012 2782 1088 2820 po-

59 2822 142 2860 tuit.
157 2826 255 2863 Nam
267 2827 334 2864 «in
349 2826 413 2864 illa
434 2827 530 2864 stela
560 2826 796 2877 epocharum
813 2826 1087 2879 describenda⁷

58 2881 241 2922 seldenus
261 2885 406 2936 inquit,
422 2898 541 2936 opera
563 2886 822 2936 complurium
838 2886 987 2924 dierum
1004 2888 1088 2924 col—

58 2937 182 2978 locata
215 2951 284 2980 est.
331 2943 546 2982 Obscurior
584 2958 724 2996 nempe
758 2953 816 2982 est
837 2973 848 2991 ‚
885 2946 1086 2983 elementis

59 2998 196 3048 saepius
238 3001 395 3039 omnino
430 3002 580 3040 detritis
597 3033 607 3050 ,
645 3003 882 3054 fugientibus
931 3004 1083 3053 saepius.

58 3057 135 3094 Has
170 3067 298 3098 tamen
323 3069 361 3099 et
405 3062 716 3113 perspicillorum
758 3076 830 3100 usu
856 3061 1010 3112 adjutus
1050 3071 1088 3099 et

58 3116 211 3156 assiduo
248 3121 422 3159 acumine
462 3130 500 3159 et
537 3121 686 3171 judicio
723 3121 937 3159 suavissimi
974 3121 1086 3158 amici

56 3175 211 3214 Patricii
233 3179 337 3216 Junii
352 3208 362 3226 ‚
380 3188 469 3230 post
497 3179 596 3218 hene
621 3181 759 3217 multas
787 3180 1030 3226 iterationes,
1045 3180 1082 3217 in

58 3243 241 3283 quantum
262 3237 346 3275 fieri
370 3239 496 3288 potuit
524 3239 716 3278 revocavi.
743 3258 756 3271 ι
771 3238 922 3276 Titulus
942 3239 1084 3289 operis,

57 3290 165 3341 cujus
191 3303 339 3344 partem
371 3298 461 3334 facit
491 3298 696 3349 inscriptio
730 3297 863 3343 Paria,
897 3298 957 3334 hic
984 3306 1040 3335 est
1075 3311 1083 3336 :

59 3349 251 3389 Illarmora
273 3357 548 3393 Arunclelliana
576 3362 648 3394 sive
676 3371 773 3394 saxa
797 3359 927 3393 Groece
944 3361 1075 3403 incisa,

1144 655 1194 678 ex
1214 646 1440 681 venerandis
1459 650 1597 695 priseae
1630 650 1790 688 Orientis
1805 656 1938 702 gloriae
1957 656 2169 702 ruderibus,

1143 706 1317 750 auspiciis
1339 713 1377 740 ec
1392 707 1566 753 impensis
1591 708 1710 746 herois
1734 713 1966 750 illustrissimi
1994 716 2144 753 Tliomoe
2158 744 2169 761 ‚

1148 759 1295 796 Comitis
1328 764 1561 801 Arundellioe
1596 776 1635 802 et
1661 768 1826 814 Surrioe,
1864 771 2008 809 Comitis
2035 775 2174 811 Mare-

1143 822 1252 856 scalli
1265 822 1432 870 Aug-flue,
1438 825 1583 871 pridem
1601 827 1806 872 vindicata,
1826 838 1863 865 et
1880 833 1916 866 in
1937 831 2081 869 (edibus
2095 837 2175 881 esus

1144 878 1330 927 hortisque
1363 882 1634 930 cognominibus
1665 887 1719 921 ad
1737 888 1771 921 T
1766 887 1925 924 ltamesis
1950 894 2070 939 ripam
2097 893 2176 928 dc’s-

1136 940 1300 985 posita...
1311 938 1518 986 publicavit
1531 950 1570 977 et
1578 949 1890 982 commentariolos
1903 950 2041 996 adjecit
2049 951 2170 986 Ioan-

1145 1009 1210 1032 nes
1237 996 1417 1034 Seldenus
1427 1026 1440 1043 ‚
1462 1000 1492 1035 J
1491 1028 1499 1037 .
1524 1000 1567 1037 C.
1581 1022 1630 1029 —
1645 1004 1804 1039 Londini
1820 1010 1916 1054 typis
1938 1016 1976 1043 et
2002 1011 2175 1056 impensis

1149 1057 1338 1092 Guilielmi
1353 1057 1573 1104 Stanesbeii‚
1609 1060 1708 1097 1628
1722 1090 1732 1108 ,
1752 1068 1772 1106 l.
1785 1080 1799 1096 »
1815 1092 1825 1111 ‚
1845 1065 1928 1111 vel,
1945 1073 1989 1102 ut
2006 1066 2046 1102 in
2074 1080 2174 1104 non—

1145 1114 1259 1151 nullis
1275 1116 1560 1165 exemplaribus
1577 1117 1731 1169 legitur‚
1760 1124 1866 1170 apud
1876 1124 2082 1162 Johannem
2093 1127 2175 1162 Bil-

1147 1176 1235 1210 lium
1256 1176 1524 1225 {ypograplzum
1547 1177 1658 1227 1629.

1199 1233 1485 1285 Quinquaginta
1509 1235 1588 1273 fere
1612 1236 1722 1274 annis
1741 1247 1830 1288 post
1849 1241 2094 1280 Seldenianas
2114 1244 2172 1281 in-

1146 1292 1375 1342 scriptiones
1401 1292 1530 1331 denuo
1545 1294 1712 1333 edendas
1732 1299 1882 1336 curavit
1907 1302 2173 1351 Humphridus

1144 1350 1338 1389 Prideaux
1350 1351 1389 1388 in
1403 1351 1502 1390 libro
1522 1354 1588 1404 qui
1603 1354 1845 1394 inscribitur:
1855 1360 2053 1397 Marmora
2072 1363 2174 1399 Oxo-

1147 1414 1292 1448 niensia
1302 1439 1314 1456 ‚
1335 1425 1385 1448 ex
1413 1414 1721 1460 Arundellianis,
1745 1416 1999 1465 Seldenianis,
2017 1423 2174 1469 aliisque

1145 1471 1320 1519 conflata,
1336 1475 1523 1508 recensuit
1536 1481 1575 1508 et
1581 1482 1763 1522 perpetuo
1774 1481 2034 1514 commentario
2053 1482 2175 1528 expli-

1145 1534 1241 1567 cavit
1267 1531 1522 1580 Humphridus
1550 1532 1767 1578 Prideaux,
1795 1536 1901 1570 AEdis
1933 1536 2066 1574 Christi
2087 1541 2174 1574 alu-

1145 1602 1272 1636 mnus,
1297 1590 1475 1638 adpositis
1507 1592 1562 1625 ad
1586 1604 1708 1628 eorum
1744 1596 1926 1629 nonnulla
1959 1595 2110 1632 Seldeni
2140 1605 2178 1633 et

1145 1650 1299 1695 Lydiati
1314 1648 1623 1687 annotationibus.
1642 1651 1779 1687 Oxonii
1795 1665 1815 1688 e
1836 1653 1992 1690 Theatro
2017 1655 2175 1691 Slzeldo-

1145 1711 1270 1752 niam,
1307 1707 1433 1753 1676,
1455 1707 1520 1745 fol.
1549 1711 1596 1745 At
1628 1708 1817 1748 Prideaux
1848 1711 1975 1762 ipsum
2007 1713 2173 1763 lapidem

1145 1765 1274 1803 denuo
1302 1778 1382 1802 uon
1411 1766 1591 1816 inspexit.
1616 1768 1703 1805 «Ad
1724 1768 1807 1819 ipsa
1826 1782 2017 1809 marmora
2038 1772 2083 1822 (a
2100 1773 2175 1810 Sel-

1146 1824 1247 1862 deno
1272 1823 1352 1874 jam
1364 1825 1571 1875 exscripta)
1582 1855 1592 1873 ‚
1603 1826 1743 1877 inquit,
1757 1829 2017 1878 recurrebam,
2031 1844 2151 1881 eaque
2163 1862 2173 1880 ‚

1145 1891 1188 1921 ut
1218 1884 1334 1921 etiam
1363 1883 1444 1921 haec
1483 1884 1692 1923 ederentur
1720 1900 1835 1937 quam
1871 1890 2174 1940 accuratissime,

1145 1942 1278 1980 eadem
1297 1955 1389 1980 cura
1404 1943 1549 1993 perlegi
1570 1945 1698 1982 omnia
1709 1975 1718 1992 ‚
1733 1955 1897 1997 excepto
1913 1962 1992 1986 uno
2007 1957 2173 1997 tantum,

1144 2014 1190 2038 eo
1216 2001 1361 2039 scilicet
1381 2002 1595 2052 (Chronico
1614 2003 1769 2054 Pario),
1788 2018 1809 2043 a
1829 2019 1906 2056 quo
1923 2007 2062 2058 incipit
2086 2023 2174 2060 pars

1146 2060 1335 2109 secunda,
1358 2059 1468 2110 cujus
1494 2075 1612 2111 quum
1634 2062 1831 2102 dimidiam
1856 2073 2002 2104 tantum
2026 2077 2173 2118 partem

1144 2118 1354 2157 habeamus
1374 2119 1559 2159 —altera
1576 2134 1598 2157 a
1629 2121 1794 2171 lapicida
1822 2125 1988 2173 quodam
2009 2127 2057 2164 ad
2085 2129 2175 2165 refi-

1146 2177 1323 2214 ciendum
1346 2179 1472 2215 focum
1491 2179 1531 2215 in
1546 2180 1692 2218 Palatio
1702 2182 1978 2222 Arundelliano
1998 2187 2174 2226 adhibita

1145 2236 1424 2286 -eamqueita
1450 2244 1568 2274 totam
1593 2251 1762 2284 erasum,
1779 2249 1820 2278 ut
1840 2242 1908 2279 vix
1932 2244 2009 2281 ulla
2022 2245 2172 2284 literula

1143 2295 1182 2331 in
1205 2294 1271 2331 illa
1288 2295 1368 2344 jam
1389 2295 1464 2344 legi
1493 2297 1639 2346 possit,
1668 2311 1740 2347 pro
1760 2311 1853 2337 vera
1880 2301 1983 2339 illius
2008 2303 2172 2342 lectione

1144 2353 1217 2391 soli
1252 2354 1415 2391 Seldeno
1447 2363 1505 2392 est
1538 2354 1754 2403 fidendum3
1779 2358 1874 2396 illud
1908 2361 1998 2399 ideo
2039 2364 2170 2401 eodem

1144 2413 1281 2462 modo,
1310 2426 1388 2463 quo
1422 2414 1463 2450 in
1495 2414 1568 2451 viri
1597 2415 1846 2455 eruditissimi
1878 2418 1979 2458 libro
2010 2421 2171 2460 invene-

1143 2485 1226 2510 ram
1241 2500 1250 2518 ,
1271 2473 1400 2510 curavi
1421 2472 1612 2513 edendum
1633 2475 1673 2511 in
1693 2488 1822 2514 meo».

1196 2534 1255 2570 Ex
1283 2530 1638 2581 ejusdem2Seldeni
1673 2533 1749 2571 fide
1779 2536 1920 2585 pendet
1951 2537 2168 2576 Chronicon

1143 2590 1297 2628 Parium
1317 2590 1358 2627 in
1377 2590 1549 2630 editione
1561 2592 1745 2630 Mertairii
1777 2595 2024 2644 (Marmoram
2041 2599 2169 2633 Arun-

1141 2651 1388 2686 dellianorum
1398 2677 1410 2694 ,
1437 2650 1740 2687 Seldenianorum
1748 2679 1761 2697 ‚
1781 2655 2010 2702 aliorumque
2022 2658 2167 2693 Acade-

1142 2712 1230 2746 mioe
1269 2709 1472 2745 Oxoniensi
1505 2711 1720 2746 donatorum
1759 2713 1919 2748 secunda
1953 2715 2060 2750 editio
2096 2723 2166 2752 etc.

1141 2770 1311 2814 Londini,
1332 2768 1445 2814 1732,
1461 2767 1525 2804 fol.
1568 2765 1606 2819 J,
1623 2768 1660 2805 in
1679 2782 1755 2818 qua
1770 2769 1880 2807 simul
1893 2771 2041 2809 collecti
2056 2786 2165 2811 com—

1142 2826 1320 2866 mentarii
1351 2834 1387 2863 et
1409 2825 1759 2864 animadversiones
1779 2828 1952 2877 Seldeni‚
1975 2831 2166 2882 Palmerii,

1141 2885 1291 2935 Lydiati
1304 2913 1312 2929 ,
1327 2885 1485 2923 Thomae
1505 2885 1592 2922 Joh.
1606 2886 1828 2933 Marshami,
1846 2890 1892 2926 H.
1926 2889 2142 2930 Prideauxii
2154 2921 2165 2940 ,

1141 2943 1302 2993 Bentleji
1331 2943 1419 2995 (cui
1454 2944 1600 2981 Minius
1634 2945 1738 2982 locos
1769 2948 1972 2986 nonnullos
2003 2962 2051 2987 ex
2081 2951 2166 3002 ipso

1140 3006 1330 3041 Marmore
1356 3003 1635 3054 comparavit),
1656 3004 1758 3054 Scip.
1782 3006 1934 3054 Mafsei,
1957 3008 2164 3059 Dodwelli‚

1140 3063 1262 3113 ipsius
1297 3061 1463 3111 denique
1503 3062 1684 3099 Mettairii
1715 3077 1723 3099 :
1754 3065 1820 3114 qui
1847 3066 1921 3104 viri
1953 3067 2057 3105 docti
2099 3078 2166 3107 aut

1142 3129 1258 3157 totam
1299 3120 1588 3170 inscriptionem
1614 3120 1705 3158 data
1749 3136 1868 3173 opera
1905 3125 2164 3174 illustrarunt,

1139 3187 1205 3217 aut
1239 3179 1343 3216 aliud
1366 3186 1520 3228 agentes
1552 3178 1681 3216 oblata
1715 3183 1918 3221 occasione
1936 3185 1984 3223 de
2005 3186 2164 3238 singulis

1139 3237 1367 3289 quibusdam
1387 3237 1545 3288 epochis
1563 3238 1837 3279 disseruerunt.

1193 3296 1433 3335 Chandlerus
1453 3295 1619 3347 denique
1643 3300 1886 3349 superstitem
1907 3302 2048 3354 lapidis
2067 3318 2161 3355 par·-

1141 3365 1216 3394 tcm
1249 3355 1338 3392 inde
1369 3368 1389 3392 a
1422 3355 1522 3392 linea
1549 3356 1597 3399 [06
1626 3356 1753 3395 denuo
1781 3362 1972 3400 consuluit
2009 3371 2046 3400 et
2073 3377 2158 3400 cum
