2320 3684
131 188 205 222 173

186 267 235 320 (7)
257 267 329 308 Καὶ
352 266 528 319 Τελαμὼν
557 265 620 318 μὲν
646 267 692 310 εἷς
722 267 912 318 Σαλαμῖνα
929 265 1160 320 παραγίνεται

129 325 216 395 πρὸς
242 325 387 380 Κυχρέα
413 326 472 364 τὸν
509 324 728 367 Ποσειδῶνος
757 324 818 362 και
850 326 1054 376 Σαλαμῖνος
1098 327 1161 372 τῆς

134 381 301 423 Ασωπου.
322 383 469 427 Κτείνας
488 382 562 421 δὲ”
542 398 618 436 οφιν
634 386 732 426 οὗτος
753 383 940 421 ἀδικουντα
955 382 1019 431 τὴν
1038 398 1159 433 νησον,

128 438 171 492 ἧς
191 443 292 487 αὐτὸς
311 443 510 491 ἑὸασίλευε,
545 457 605 480 και
639 441 848 480 τελευτῶν”
825 457 948 491 απαις,
968 441 1032 490 τὴν
1061 445 1161 494 βασι-

127 501 225 541 λείαν
250 501 468 555 παραδίδωσι
485 501 687 551 Τελαμῶνι.
705 500 723 525 2
731 499 776 539 Ὁ
790 499 827 538 δὲ
847 507 954 552 γαμεῖ
969 501 1159 555 Περίὸοιαν

129 559 194 608 τὴν
217 559 386 599 Ἀλκάθου
410 563 472 598 τοῦ
497 557 660 602 Πέλοπος
678 573 686 582 ·
703 558 763 597 καὶ
789 559 1030 612 ποιησαμένου
1056 559 1161 613 εὐχὰς

130 616 364 671 Ἡρακλέους,
381 616 440 656 ἵνα
457 618 552 671 αὐτῷ
570 623 653 661 παῖς
677 617 784 671 ἄῤῥην
812 617 975 670 γένηται,
996 618 1161 674 φανέντος

131 677 168 715 δὲ
192 676 282 727 μετὰ
305 676 368 721 τὰς
396 676 501 730 εὐχὰς
535 679 657 727 ἀετοῦ,
682 676 741 716 τὸν
764 678 972 730 γεννηθέντα
995 680 1159 718 ἐκάλεσεν

131 734 278 774 Αἴαντα.
298 735 394 774 3Και
414 736 715 790 στρατευσάμενος
733 736 791 775 ἐπὶ
809 737 942 791 Τροίαν
961 737 1024 777 συν
1045 738 1160 792 Ἥρα-

130 796 225 843 κλεῖ,
247 794 424 846 λαμὸάνει
439 793 556 869 γέρας
561 793 728 842 Ἡσιόνην
748 795 812 843 τὴν
836 795 1077 849 Λαομέδοντος
1096 800 1160 836 θυ-

129 851 281 907 γατέρα,
300 852 334 899 ἐξ
351 857 391 900 ἡς
412 855 507 906 αὐτῷ
520 853 652 905 γίνεται
672 855 838 909 Τευκρος.

481 1001 728 1033 ΚΕΦΑΛΑῘΟΝ
749 1000 810 1032 If'.

189 1077 200 1127 (
208 1076 242 1128 1)
270 1075 410 1125 Πηλεὺς
442 1076 479 1115 δὲ
513 1079 560 1121 εἷς
580 1076 695 1117 Φθίαν
714 1075 831 1131 φυγὼν
852 1077 936 1130 πρὸς
954 1077 1160 1131 Εὐρυτίωνα

135 1134 190 1173 τὸν
210 1131 393 1189 Ἄκτορος,
414 1136 472 1174 ὑπ’
503 1137 608 1174 αὐτοῦ
643 1135 857 1189 καθαίρεται.
885 1135 956 1174 Καὶ
986 1136 1161 1187 λαμὸάνει

131 1194 217 1248 παρ’
237 1196 342 1232 αὐτοῦ
361 1193 425 1242 τὴν
446 1193 618 1248 θυγατέρα
637 1193 850 1245 Ἀντιγόνην,
876 1194 935 1232 καὶ
963 1197 1026 1241 τῆς
1043 1193 1160 1247 χώρας

131 1252 198 1300 τὴν
215 1253 335 1307 τρίτην
354 1259 490 1307 μοῖραν.
506 1253 600 1292 2Καὶ
615 1253 748 1304 γίνεται
765 1253 919 1306 θυγάτηρ
928 1254 1022 1305 αὐτῷ
1039 1255 1161 1291 Πολυ-

132 1311 247 1366 δώρα,
264 1311 306 1359 ἣν
327 1310 438 1364 ἔγημε
457 1313 575 1366 Βῶρος
589 1316 607 1350 ὃ
620 1311 825 1366 Περιήρους.
851 1312 903 1363 (2)
925 1311 1106 1350 Ἐντεῦθεν
1124 1312 1161 1349 δὲ

131 1371 189 1409 ἐπὶ
206 1369 270 1418 τὴν
292 1370 399 1425 θήραν
420 1374 481 1409 τοῦ
500 1370 728 1410 Καλυδωνίου
761 1369 897 1423 κάπρου
929 1371 1005 1421 μετ’
1039 1371 1160 1424 Εὔρυ-

130 1429 252 1474 τίωνος
269 1429 391 1478 ἐλθὼν,
411 1428 601 1483 προέμενος
620 1429 677 1467 ἐπὶ
691 1429 748 1467 τὸν
770 1432 831 1467 σῦν
852 1428 1025 1478 ἀκόντιον,
1045 1430 1161 1484 Εὐρυ-

130 1486 253 1531 τίωνος
271 1487 461 1540 τυγχάνει,
479 1486 539 1525 καὶ
559 1486 685 1524 κτείνει
702 1490 824 1524 τοῦτον
845 1485 954 1525 ἄκων.

180 1549 202 1574 2
216 1548 330 1586 Πάλιν
351 1546 414 1599 μὲν
431 1542 489 1585 οὖν
508 1548 547 1585 ἐκ
564 1547 679 1590 Φθίας
701 1546 818 1600 φυγὼν
836 1548 883 1590 εἷς
903 1547 1060 1596 Ἰωλκὸν,
1076 1547 1162 1602 πρὸς

130 1605 301 1646 Ἄκαστον
337 1608 553 1660 ἀφικνεῖται,
592 1605 652 1644 καὶ
697 1606 755 1644 ὑπ’
793 1607 899 1644 αὐτοῦ
943 1606 1158 1660 καθαίρεται.

131 1665 186 1717 (3)
205 1665 426 1716 Ἀγωνίζεται
447 1663 484 1703 δὲ
510 1664 570 1703 καὶ
593 1664 651 1703 τὸν
677 1665 734 1703 ἐπὶ
764 1664 878 1718 Πελία
909 1666 1050 1716 ἀγῶνα,
1076 1665 1161 1719 πρὸς

132 1723 345 1771 Ἀταλάντην
358 1723 602 1767 διαπαλαίσας.
615 1723 710 1762 2Καὶ
726 1723 972 1775 Ἀστυδάμεια,
991 1724 1160 1763 Ἀκάστου

129 1782 236 1834 γυνὴ,
251 1782 397 1830 Πηλέως
407 1784 592 1836 ἐρασθεῖσα
602 1813 611 1831 ,
625 1782 705 1836 περὶ
717 1782 900 1826 συνουσίας
912 1782 1159 1837 προσέπεμψεν

130 1843 226 1894 αὐτῷ
242 1841 377 1893 λόγους.
397 1840 484 1888 3Μὴ
508 1840 683 1892 δυναμένη
703 1840 739 1879 δὲ
758 1847 890 1889 πεῖσαι,
907 1840 993 1894 πρὸς
1010 1840 1073 1888 τὴν
1094 1857 1161 1893 γυ-

129 1905 235 1938 ναῖκα
266 1901 372 1938 αὐτοῦ
405 1899 598 1952 πέμψασα,
625 1897 690 1952 ἔφη
718 1898 857 1950 μέλλειν
887 1898 1013 1946 Πηλέα
1034 1905 1159 1951 γαμεῖν

131 1957 314 2012 Στερόπην
331 1957 395 2005 τὴν
418 1958 588 1996 Ἀκάστου
614 1957 806 2011 θυγατέρα·
827 1958 886 1996 καὶ
917 1961 1019 1996 τοῦτο
1045 1958 1159 2006 ἐκείνη

131 2017 332 2066 ἀκούσασα,
353 2016 506 2069 ἀγχόνην
528 2016 686 2055 ἀνάπτει·
706 2016 881 2064 4Πηλέως
898 2016 935 2055 δὲ
952 2017 1035 2071 πρὸς
1053 2016 1161 2056 Ἄκα-

131 2091 212 2114 στον
231 2075 507 2129 καταψεύδεται,
525 2074 697 2126 λέγουσα,
721 2076 779 2114 ὑπ’
805 2077 910 2114 αὐτοῦ
935 2077 1014 2130 περὶ
1032 2092 1160 2116 συνου-

131 2134 208 2178 σίας
226 2137 470 2189 πεπειρᾶσθαι.
489 2131 683 2177 ὖἌκαστος
702 2134 865 2183 ἀκούσας,
882 2141 1014 2173 κτεῖναι
1034 2134 1097 2186 μὲν
1121 2135 1158 2175 ὃν

131 2193 299 2247 ἐκάθηρεν
320 2209 383 2231 ουκ
401 2191 593 2240 ἐδουλήθη,
619 2191 694 2244 ἄγει
718 2192 754 2230 δὲ
774 2193 877 2231 αυτὸν
905 2193 961 2231 ἐπὶ
986 2193 1093 2247 θήραν
1114 2195 1162 2238 εἷς

130 2251 171 2290 τὸ
190 2252 338 2299 Πήλιον.
358 2249 396 2277 ⁰*
399 2254 507 2290 Ενθεν
524 2251 676 2302 ἁμίλλης
700 2252 779 2305 περὶ
813 2252 919 2306 θήρας
949 2251 1160 2304 γενομένης,

132 2309 272 2383 Πηλευς
293 2310 356 2362 μὲν
377 2314 451 2359 οὐν,
471 2313 519 2348 ὡν
537 2311 715 2363 ἐχειρουτο
742 2310 884 2364 θηρίων,
907 2310 969 2355 τὰς
999 2311 1162 2363 γλώσσας

129 2369 261 2407 τούτων
283 2371 360 2408 ἐκτε
345 2385 459 2420 μνων
480 2370 527 2412 εἷς
539 2367 654 2422 πήραν
674 2368 798 2407 ἐτίθει·
823 2372 854 2407 οι
881 2369 917 2408 δὲ
941 2370 1031 2421 μετὰ
1051 2370 1159 2409 Ἀκά-

131 2443 214 2466 στου
230 2444 341 2465 ταυτα
358 2427 578 2481 χειρούμενοι
595 2427 825 2478 κατεγέλων
808 2444 854 2471 ως
873 2427 962 2479 μηδὲ
963 2445 981 2467 ν
1000 2432 1161 2483 τεθηρευ-

130 2485 230 2530 κότος
245 2490 306 2524 τοῦ
319 2485 478 2533 Πηλέως.
488 2488 503 2512 7
513 2486 557 2525 Ὁ
573 2485 608 2523 δὲ
621 2484 682 2528 τὰς
694 2486 856 2536 γλώσσας
871 2487 1159 2540 παρασχόμενος,

130 2544 214 2589 ὅσας
229 2549 335 2597 εἶχεν,
348 2545 662 2594 ἐκείνοις,τοσαυτα
676 2544 741 2598 ἔφη
758 2545 1012 2599 τεθηρευκέναι.
1031 2551 1047 2573 ⁸
1060 2547 1161 2586 Ἀπο-

131 2603 359 2655 κοιμηθέντος
375 2605 481 2642 αὐτοῦ
494 2605 527 2642 ἐν
545 2620 595 2642 τω
616 2604 762 2658 Πηλίω,
783 2604 965 2643 ἀπολιπὼν
977 2604 1158 2655 Ἄκαστος,

130 2663 190 2701 καὶ
210 2663 273 2710 τὴν
301 2663 479 2717 μάχαιραν
501 2664 536 2701 ἓν
564 2650 608 2716 τῇ
632 2666 701 2702 τῶν
733 2665 821 2715 βοῶν
849 2662 973 2717 κόπρῳ
1004 2664 1158 2718 κρύψας,

130 2721 377 2775 ἐπανέρχεται.
394 2721 441 2762 ‘O
462 2720 498 2760 δὲ
516 2721 704 2767 ἐξαναστὰς
725 2722 785 2760 καὶ
805 2724 917 2769 ζητῶν
935 2721 998 2769 τὴν
1022 2723 1160 2775 μάχαι-

132 2795 208 2833 ραν,
227 2781 294 2818 ὑπὸ
313 2783 382 2819 τῶν
402 2779 611 2855 Κενταύρων
628 2781 867 2842 καταληφθεὶς
877 2781 1020 2832 ἔμελλεν
1045 2782 1159 2821 ἀπόλ-

130 2840 266 2877 λυσθαι·
280 2838 426 2884 σώζεται
443 2839 511 2877 83‘
498 2839 565 2878 υπὸ
584 2840 769 2895 Χείρωνος.
789 2834 925 2884 9Οὓτος
941 2840 1000 2878 καὶ
1015 2839 1079 2887 τὴν
1091 2841 1161 2892 μά-

131 2912 257 2951 χαιραν
276 2900 379 2936 αὐτου
400 2898 594 2946 ἐκζητήσας
611 2898 742 2937 δίδωσι.

187 2956 240 3006 (Ι.)
256 2959 370 3007 Γαμεῖ
390 2955 447 2995 δὲ*
458 2961 476 2996 ὁ
495 2957 632 3005 Πηλευς
650 2956 891 3012 Πολυδο’)ραν’ι
892 2957 955 3006 τὴν
969 2958 1160 3013 Περιήρους

133 3015 255 3064 (γαμεῖ
269 3014 305 3052 δὲ
328 3015 540 3077 Πολυδώραν
558 3016 622 3064 τὴν
641 3016 789 3064 Πηλέως
805 3019 924 3072 Βῶρος
936 3021 954 3056 ὃ
968 3017 1161 3072 Περιήρους

134 3073 332 3123 Heynius),
352 3069 447 3121 ἑξῆς
471 3077 565 3128 αὐτῷ
587 3076 720 3127 γίνεται
744 3075 934 3120 Μενέσθιος
964 3077 1124 3126 ἐπίκλην,
1141 3081 1160 3116 ὁ

132 3131 327 3183 Σπερχειου
351 3148 412 3171 του
431 3149 604 3185 ποταμου.
633 3136 685 3185 (5)
717 3129 820 3180 Αὖθις
839 3135 875 3174 δὲ
903 3135 1042 3184 Πηλευς
1054 3142 1161 3188 γαμεῖ

132 3187 240 3227 Θέτιν
257 3189 319 3235 τὴν
338 3190 501 3245 Νηρέως,
517 3193 596 3246 περὶ
620 3197 661 3240 ἧς
679 3197 741 3231 τοῦ
763 3194 878 3245 γάμου
897 3194 984 3239 Ζευς
1002 3195 1061 3234 καὶ
1081 3198 1159 3234 llo-

133 3247 296 3285 σειδῶν”
274 3263 412 3300 ηρισαν.
434 3249 588 3300 Θέμιδος
608 3251 644 3289 δὲ
663 3253 923 3306 θεσπιῳδούσης
940 3253 1080 3292 ἔσεσθαι
1099 3254 1158 3293 τὸν

133 3306 173 3343 ἐκ
189 3304 318 3352 ταύτης
332 3307 538 3357 γεννηθέντα
552 3310 731 3363 κρείττονα
746 3315 806 3349 τοῦ
820 3312 970 3387 πατρὸς,
985 3314 1053 3350 ἀπε
1037 3311 1160 3365 ,ἶσχον-

133 3378 184 3402 το.
202 3364 219 3389 2
229 3361 344 3403 Ἔνιοι
365 3363 404 3402 δέ
419 3381 522 3418 φασι,
543 3368 623 3411 Διὸς
647 3371 867 3422 δρμωντος
851 3371 908 3409 επὶ
936 3370 1000 3418 τὴν
1029 3371 1156 3420 ταύτης

681 178 1054 218 ΑΠΟΛΛΟΔΩΡΟΥ
1083 179 1431 222 ΒΙΒΛΙΟΘΗΚΗΣ
1459 184 1503 234 Γ,
1533 181 1590 235 ιγ’,
1621 182 1676 223 ιδ’.

1261 278 1307 321 (7)
1337 281 1380 313 Et
1394 281 1547 313 Telamon
1559 281 1688 323 quidem
1701 281 1893 314 Salaminem
1901 282 1992 315 venit
2004 283 2044 316 ad
2060 282 2244 324 cychreum

1217 344 1367 385 Neptuno
1384 347 1498 378 natum
1518 347 1550 379 et
1574 347 1735 379 Salamine
1752 347 1862 389 Asopi.
1885 349 1917 379 Is
1941 348 2056 380 necato
2077 350 2224 389 serpente
2233 370 2244 388 ,

1218 408 1275 450 qui
1289 408 1430 442 insulam
1440 410 1640 452 devastabat,
1649 411 1767 453 regiam
1777 412 1965 453 dignitatem
1979 411 2126 454 adeptus,
2139 420 2245 453 quum

1218 471 1316 504 nullis
1330 472 1449 506 relictis
1467 473 1577 506 liberis
1598 474 1747 516 decessit,
1765 483 1898 516 regnum
1915 474 2046 507 tradidit
2063 475 2243 508 Telamoni.

1218 541 1232 561 2
1241 537 1303 570 Hic
1316 537 1495 570 Periboeam
1508 538 1645 580 Alcathi,
1661 539 1798 580 Pelopis,
1815 539 1909 571 duxit
1926 547 2060 571 uxorem
2068 549 2078 580 ;
2094 540 2128 573 et
2142 548 2246 581 quum

1218 600 1372 633 Hercules
1387 603 1423 632 ut
1437 600 1485 633 illi
1497 601 1641 633 mascula
1653 601 1758 643 proles
1770 603 1974 634 enasceretur
1987 610 2007 633 a
2018 601 2080 634 diis
2095 601 2246 644 precibus

1218 664 1416 706 deposceret,
1428 674 1466 697 ac
1475 667 1549 707 post
1557 674 1668 707 preces
1677 668 1806 707 repente
1816 666 1921 707 aquila
1930 668 2097 708 appareret
2107 690 2117 707 ,
2132 669 2246 700 natum

1219 730 1335 764 deinde
1348 740 1484 773 puerum
1499 732 1682 764 nominavit
1697 733 1837 774 Ajacem.
1852 733 1955 765 ³1nde
1978 733 2010 764 in
2033 732 2153 766 bellum
2172 742 2247 766 wn-

1218 798 1268 828 tra
1284 796 1414 837 'frojam
1432 795 1603 828 Herculem
1624 799 1767 837 secutus,
1784 797 1917 830 virtutis
1934 797 2105 838 praemium
2123 797 2248 840 aceepit

1218 862 1381 896 Hesionen
1389 861 1618 895 Laomedontis
1628 862 1739 904 filiam,
1747 871 1785 895 ex
1794 872 1859 904 qua
1871 863 1900 896 ei
1909 865 2004 895 natus
2013 864 2063 896 est
2073 864 2230 896 Teucrus.

1605 1005 1743 1036 CAPUT
1769 1005 1856 1037 XIII.

1262 1079 1307 1120 (1)
1330 1078 1443 1111 Peleus
1458 1087 1536 1111 vero
1563 1080 1714 1111 Phthiam
1732 1080 1856 1121 fugiens
1869 1079 1910 1112 ab
1925 1080 2104 1121 Eurytione
2119 1081 2248 1114 Actoris

1219 1147 1284 1180 filio
1298 1147 1466 1187 lustratur,
1483 1147 1523 1179 ab
1538 1157 1641 1189 eoque
1653 1148 1770 1189 accipit
1782 1149 1974 1190 Antigonam
1994 1149 2092 1182 filiam
2109 1151 2141 1182 et
2153 1151 2247 1183 terrae

1218 1219 1342 1258 partem
1364 1217 1501 1249 tertiam.
1518 1217 1690 1249 2Nascitur
1711 1217 1740 1249 ei
1761 1217 1826 1249 filia
1836 1218 2014 1259 Polydora,
2036 1228 2135 1260 quam
2152 1219 2248 1252 duxit

1220 1286 1324 1317 Borus
1349 1283 1498 1316 Perieris.
1517 1283 1563 1325 (2)
1589 1283 1668 1316 Inde
1686 1284 1728 1316 ad
1754 1286 1959 1318 venationem
1981 1286 2050 1327 apn'
2075 1286 2246 1328 calydonii

1219 1360 1295 1384 cum
1311 1351 1491 1393 Eurytione
1506 1351 1671 1393 profectus
1685 1375 1695 1392 ,
1717 1352 1819 1384 misso
1836 1352 1870 1384 in
1883 1362 1998 1394 aprum
2019 1352 2083 1386 telo
2098 1354 2247 1396 Eurytio-

1219 1429 1294 1453 nem
1310 1420 1427 1452 feritet
1442 1420 1565 1452 invitus
1580 1429 1656 1452 eum
1671 1420 1841 1453 interfecit.

1260 1546 1274 1566 2
1286 1543 1406 1574 Iterum
1420 1541 1518 1582 igitur
1532 1550 1551 1574 a
1562 1541 1678 1574 Phthia
1693 1541 1817 1582 fugiens
1832 1541 1956 1575 Iolcum
1974 1542 2015 1574 ad
2027 1543 2180 1575 Acastum
2197 1550 2248 1576 ve·

1219 1607 1280 1646 nit,
1296 1606 1337 1638 ab
1358 1615 1461 1647 eoque
1475 1606 1636 1647 expiatur.
1656 1605 1701 1647 (3)
1718 1605 1867 1638 Interfuit
1882 1606 1978 1638 etiam
1988 1605 2084 1639 Peliae
2098 1605 2184 1639 ludis
2198 1606 2248 1638 fu·

1218 1670 1384 1711 nebribus,
1396 1679 1469 1702 cum
1480 1670 1629 1703 Atalanta
1637 1670 1816 1711 palaestrica
1824 1679 1932 1711 pugna
1941 1670 2136 1703 decertans.⁵¹
2142 1672 2248 1712 Atque

1218 1734 1420 1776 Astydamia,
1435 1734 1545 1766 Acasti
1558 1734 1690 1775 conjux,
1706 1733 1790 1766 Pelei
1811 1743 1920 1767 amore
1932 1737 2025 1776 capta
2040 1734 2081 1766 ad
2093 1743 2170 1766 eum
2181 1734 2248 1766 lite-

1218 1808 1270 1831 ras
1283 1799 1323 1831 de
1338 1798 1512 1832 concubitu
1528 1798 1627 1830 dedit.
1638 1804 1652 1822 ²⁵
1663 1800 1772 1836 Quum
1783 1807 1859 1830 vero
1875 1799 1904 1831 ei
1915 1807 1979 1830 non
1998 1801 2108 1840 posset
2116 1807 2245 1840 persua-

1218 1864 1305 1903 dere,
1316 1863 1357 1895 ad
1367 1864 1436 1904 ejus
1462 1872 1597 1895 uxorem
1615 1863 1704 1895 misit
1722 1863 1779 1904 qui
1788 1863 1918 1895 Peleum
1929 1863 2070 1895 dicerent
2079 1865 2246 1905 Steropen,

1218 1927 1328 1961 Acasti
1343 1928 1463 1967 filiam,
1483 1928 1660 1960 ducturum
1675 1937 1757 1960 esse.
1777 1930 1850 1966 Quo
1873 1928 1984 1960 audito
2002 1927 2057 1959 illa
2074 1928 2190 1968 laqueo
2212 1936 2247 1960 se

1218 1990 1399 2032 suspendit3
1408 2001 1422 2021 ι
1429 1990 1559 2023 Peleum
1569 1992 1677 2022 autem
1688 1990 1773 2031 apud
1783 1992 1937 2022 Acastum
1948 1990 2144 2023 mendaciter
2155 1999 2248 2023 accu-

1218 2054 1303 2086 savit.
1334 2053 1375 2086 ad
1389 2055 1538 2095 stuprum
1554 2063 1588 2086 se
1603 2054 1713 2086 dicens
1729 2053 1769 2085 ab
1784 2062 1822 2085 eo
1837 2053 2005 2095 pellectam
2022 2062 2104 2086 esse.
2127 2058 2141 2077 δ
2152 2053 2248 2092 Quod

1217 2117 1274 2149 ubi
1289 2119 1425 2150 Acastus
1439 2119 1643 2158 cognoverat,
1658 2126 1770 2150 necare
1779 2117 1912 2158 quidem
1923 2126 2021 2158 quem
2030 2117 2099 2159 ipse
2110 2117 2247 2150 lustras·

1218 2185 1267 2216 set
1282 2183 1398 2224 noluit,
1416 2184 1473 2216 sed
1488 2193 1563 2216 eum
1576 2185 1731 2216 venatum
1746 2184 1779 2215 in
1793 2183 1917 2216 Pelium
1929 2186 2072 2217 montem
2093 2184 2241 2217 abduxit.

1217 2253 1232 2273 θ
1242 2247 1321 2280 Inde
1336 2251 1407 2279 orto
1420 2247 1460 2280 de
1473 2248 1643 2280 venatione
1657 2247 1841 2289 certamine,
1859 2247 1971 2280 Peleus
1980 2257 2061 2289 quas
2073 2249 2157 2290 cepit
2168 2247 2246 2281 sera·

1218 2320 1291 2343 rum
1305 2311 1430 2352 linguas
1446 2314 1591 2344 exsectas
1605 2312 1638 2343 in
1654 2320 1764 2353 peram
1780 2312 1931 2353 reposuit.
1948 2311 2048 2352 Atqui
2069 2311 2179 2344 Acasti
2195 2320 2245 2344 co·

1217 2379 1311 2411 mites
1330 2380 1433 2420 captis
1459 2379 1535 2412 feris
1556 2379 1618 2412 illis
1638 2379 1739 2421 (quas
1756 2380 1879 2412 Peleus
1893 2379 2090 2420 abjecerat),
2115 2379 2246 2412 Peleum

1217 2444 1308 2476 velut
1323 2443 1403 2475 nihil
1419 2446 1572 2476 venatum
1587 2444 1737 2477 derisere.
1750 2447 1802 2477 ⁷Is
1813 2446 1921 2477 autem
1936 2444 2062 2485 linguas
2077 2444 2244 2485 exhibens,

1217 2511 1378 2550 quotquot
1393 2518 1503 2541 earum
1518 2508 1660 2548 haberet,
1682 2510 1732 2540 tot
1747 2517 1781 2541 se
1797 2509 1880 2540 feras
1894 2509 2049 2540 venatum
2064 2516 2136 2540 esse
2150 2507 2243 2540 dixit.
2299 2534 2305 2549 ·,

1217 2574 1358 2613 aQuem,
1378 2581 1480 2613 quum
1501 2573 1533 2604 in
1551 2572 1640 2605 Pelio
1660 2581 1775 2604 somno
1796 2580 1968 2614 oppressus
1983 2571 2244 2612 obdormivisset,

1217 2639 1356 2669 Acastus
1372 2637 1502 2678 reliquit
1529 2639 1562 2670 et
1584 2646 1660 2669 ense
1682 2637 1752 2678 ejus
1770 2636 1804 2668 in
1837 2637 1938 2669 boum
1955 2636 2033 2668 fimo
2054 2635 2244 2668 abscondito
2295 2622 2298 2623 ⁷

1217 2702 1305 2735 abiit.
1319 2702 1375 2734 Ille
1387 2711 1464 2734 vero
1476 2703 1729 2744 expergefactus,
1741 2702 1820 2734 dum
1829 2710 1939 2734 ensem
1949 2700 2124 2742 quaeoebat,
2137 2709 2156 2732 a
2166 2702 2244 2734 Gen·
2298 2699 2299 2702 ’
2319 2746 2320 2751 ¹

1190 2775 1193 2797 ι
1219 2768 1318 2799 tauris
1334 2768 1586 2808 comprehensus
1599 2768 1666 2808 Jam
1680 2767 1843 2808 periturus
1863 2768 1951 2806 erat,
1970 2768 2118 2799 servatus
2134 2768 2243 2799 tamen

1217 2834 1267 2864 est
1275 2841 1294 2864 a
1304 2832 1456 2872 Chirone,
1470 2841 1484 2859 ⁹
1493 2832 1549 2872 qui
1564 2832 1661 2864 etiam
1678 2840 1789 2864 ensem
1807 2832 1959 2873 quaesivit
1973 2833 2200 2873 repertumque
2212 2830 2242 2864 ei
2286 2853 2291 2865 ι

1217 2897 1360 2930 donavit.

1259 2974 1304 3014 (4)
1328 2973 1439 3005 'Ducit
1463 2972 1578 3004 Peleus
1601 2972 1795 3013 Polydoram
1819 2973 1954 3005 Perieris
1980 2972 2045 3013 (vel
2066 2972 2176 3014 potius
2199 2981 2242 3006 ex
2292 2975 2294 2978 ’

1216 3031 1333 3071 Heynii
1348 3030 1506 3062 sententia
1523 3039 1531 3060 :
1549 3031 1656 3061 Ducit
1667 3030 1873 3070 Polydoram
1887 3029 2110 3070 Pelcifilt'am
2128 3032 2241 3063 Borus
2282 3035 2286 3042 *

1217 3089 1401 3130 Pericris),
1421 3097 1462 3121 ex
1483 3097 1547 3129 qua
1559 3088 1588 3120 ei
1609 3087 1752 3119 nascitur
1769 3088 1970 3120 Menesthius
1984 3087 2115 3120 nomine
2131 3089 2216 3121 iilius
2228 3111 2240 3129 ‚
2281 3088 2283 3091 ’

1215 3157 1328 3181 revera
1346 3147 1504 3189 Spercheo
1518 3146 1616 3178 fluvio
1632 3150 1738 3178 natus.
1757 3146 1802 3187 (5)
1819 3146 1960 3178 Alteram
1976 3147 2090 3178 Peleus
2104 3155 2239 3180 uxorem

1217 3205 1316 3238 sumit
1329 3204 1444 3237 Thetin
1463 3203 1568 3242 Nerei,
1584 3203 1624 3235 de
1639 3203 1733 3244 cujus
1748 3202 1869 3244 nuptiis
1883 3202 2010 3244 Jupiter
2023 3205 2055 3235 et
2070 3205 2239 3244 Neptunus
2271 3206 2300 3214 ‘²

1217 3264 1459 3298 contenderant.
1471 3265 1513 3295 At
1528 3262 1682 3295 Themide
1696 3261 1890 3293 vaticinante
1906 3263 2018 3294 natum
2030 3270 2070 3293 ex
2086 3271 2124 3294 ea
2135 3262 2235 3294 filium

1207 3326 1305 3365 ‘patre
1322 3322 1534 3364 potentiorem
1564 3321 1632 3354 fore
1647 3344 1656 3361 ,
1684 3321 1819 3353 consilio
1841 3321 2039 3354 abstiterant.
2059 3320 2235 3354 2ΝοῐιιωΙΙί

1215 3391 1292 3416 vero
1305 3382 1406 3423 aJunt,
1417 3380 1456 3413 ud
1466 3381 1536 3422 ejus
1549 3380 1729 3421 amplexum
1741 3379 1909 3421 prodeunti
1922 3380 1995 3412 Jovi
2010 3380 2235 3413 Prometheum
