2320 3684
789 139 1124 184 APOLLODORI
1152 146 1486 187 FRAGMENTA.

77 223 281 276 σάλπιγγος.
303 223 375 264 Καὶ
394 224 655 280 Ἀπολλόδωρος
674 227 710 265 ἐν
729 232 801 271 τοῖς
816 226 978 283 Ὁμήρου
997 230 1106 275 οὕτως

76 276 173 322 εἷπε·
196 282 381 336 Στρόμὸον
413 283 443 322 δ’
458 285 506 328 ὡς
527 283 688 323 ἔσσευεν·
709 286 904 325 «Pertinet
923 288 969 326 ad
998 290 1041 328 11.
1059 290 1106 338 Ξ,

76 343 166 390 413,
185 355 257 388 nec
274 342 557 394 Apollodorum
576 342 621 382 τὰ
644 341 806 398 Ὁμήρου
832 346 1028 397 scripsisse
1047 361 1108 386 ar-

74 400 158 452 guit
175 400 270 439 hoc:
284 401 350 440 sed
365 402 406 439 in
437 403 681 453 etymologiis
704 403 768 441 ille
799 405 1032 444 vocabulum
1053 408 1108 445 sic

73 460 111 498 in
128 460 196 498 illo
219 461 431 499 Homerico
450 461 678 514 accipiebat.
698 466 757 501 De
782 463 869 514 ipso
894 465 1108 516 significatu

72 518 121 556 cf.
139 518 319 568 Hesych.‚
341 532 457 570 quem
484 527 613 559 tamen
637 520 677 559 in
698 523 869 560 Homero
895 536 968 561 nec
986 524 1107 563 schol.

73 589 144 614 nec
171 577 342 615 Eustath.
371 586 585 629 agnoscunt
606 587 673 617 aut
694 589 922 619 memorant.
936 598 952 615 »
983 585 1106 632 Heyn.

124 637 289 685 Propter
299 635 374 674 hoc
386 636 641 687 interpretum
655 638 848 677 silentium
863 641 1107 679 statuendum

71 693 156 731 ess'e
174 693 342 742 videtur,
360 695 533 733 attulisse
549 696 828 747 Apollodorum
850 697 916 736 ubi
945 698 993 736 de
1011 712 1108 738 voce

71 750 247 804 στρόμὸος
263 752 340 804 egit
359 766 404 791 ea
428 767 514 804 quae
530 755 634 805 apud
661 755 902 794 scholiastam
923 757 1084 808 legimus
1096 788 1107 807 ,

72 811 230 849 minime
245 825 341 850 vero
354 812 395 850 in
412 812 499 863 ipso
517 814 677 852 Homeri
695 828 811 853 versu
835 813 1011 868 στρόμὸον
1033 830 1107 868 po-

71 868 189 907 situm
206 870 375 909 voluisse
394 884 468 922 pro
490 870 676 925 ὅστρακον,
702 887 751 911 ne
768 873 891 912 dicam
918 888 991 925 pro
1021 874 1107 914 σάλ-

69 942 191 979 πιγγα.
216 929 290 967 Sed
307 930 466 969 omnino
498 930 635 970 dubito
655 945 746 969 num
777 941 909 971 noster
939 934 1103 985 Apollo—

70 985 189 1025 dorus
209 988 409 1026 excitetur.
436 992 532 1027 Nam
561 990 601 1028 in
619 991 777 1041 reliquis
810 991 905 1030 locis
943 992 1011 1030 ubi
1043 992 1107 1030 hic

67 1045 272 1084 scholiasta
285 1047 568 1099 Apollodorum
582 1049 714 1087 laudat
730 1050 792 1101 (ad
817 1050 990 1089 Theriac.
1014 1052 1105 1100 7¹5,

71 1105 162 1153 780,
183 1104 287 1156 858),
307 1106 503 1145 medicum
530 1107 726 1158 intelligit,
761 1109 830 1160 qui
866 1108 947 1161 περὶ
976 1109 1104 1163 θηρίων

68 1162 235 1214 scripsit.
249 1164 379 1202 Potuit
395 1164 459 1202 hic
470 1195 480 1214 ,
502 1165 571 1204 ubi
590 1166 638 1204 de
654 1167 866 1217 conchyliis
883 1168 1000 1217 dixit,
1019 1172 1106 1207 Ho-

67 1221 164 1259 meri
188 1222 422 1261 mentionem
459 1224 616 1276 injicere
648 1234 763 1277 atque
795 1227 964 1278 ineptam
992 1228 1105 1265 istam

66 1278 426 1331 interpretationem
456 1283 495 1320 in
531 1284 701 1324 medium
733 1285 922 1336 proferre.
941 1286 1107 1324 Pronior

67 1346 196 1376 autem
223 1352 309 1377 sum
341 1340 382 1378 in
402 1354 484 1379 eam
507 1343 735 1381 sententiam
748 1373 760 1394 ,
779 1351 822 1381 ut
840 1343 960 1382 verba
979 1344 1014 1382 ἐν
1035 1349 1107 1388 τοῖς

67 1394 229 1450 Ὁμήρου
257 1407 443 1450 corrupta
472 1408 608 1450 putem
625 1414 673 1439 ex
690 1402 725 1439 ἓν
744 1407 816 1445 τοῖς
844 1401 974 1455 Θηρίοις
990 1403 1050 1441 vel
1068 1404 1103 1441 ἐν

67 1457 118 1509 τῷ
132 1457 211 1511 περὶ
226 1457 371 1511 θηρίων,
392 1461 636 1512 eundemque
654 1462 721 1514 qui
739 1462 820 1501 haec
838 1463 891 1501 sic
912 1463 1105 1515 deprava—

69 1514 123 1553 vit
142 1517 305 1556 assuisse
321 1518 443 1558 verba
461 1521 633 1559 Homeri.

70 1665 73 1673 ,
118 1627 301 1678 Hesych.:
315 1627 418 1681 Ἄγος
426 1629 485 1669 τὸν
496 1631 580 1682 (scr.
593 1631 756 1685 ἀγοστὸν)
767 1633 922 1685 ἀγκῶνα,
979 1633 1105 1672 Ἀπολ-

65 1685 219 1739 λόδωρος
236 1685 272 1725 δὲ
285 1687 326 1726 τὸ
340 1687 434 1732 ἐντὸς
451 1693 513 1728 τοῦ
536 1689 721 1743 βραχίονος
741 1690 853 1745 μέρος.
875 1693 985 1731 Conf.
1004 1697 1102 1743 Ety-

64 1746 154 1783 mol.
177 1758 214 1783 v.
234 1745 382 1797 Ἄγκών.
402 1748 515 1786 Unde
532 1757 638 1799 patet
653 1749 704 1787 ab
726 1748 820 1802 ἄγω,
839 1751 995 1801 frango,
1022 1751 1103 1802 ἀγὸς

65 1811 104 1842 et
133 1803 278 1857 ἀγαστὸς
309 1805 468 1844 ductum
497 1807 632 1846 haberi
640 1824 651 1857 3
683 1809 815 1860 itaque
844 1809 884 1847 in
907 1810 1103 1860 Hesychio

20 1877 27 1883 ·
64 1860 145 1914 ἄγος
159 1864 302 1902 servari
316 1878 439 1916 posse.
453 1869 634 1915 Heym'us.

116 1979 222 2018 Idem
251 1994 260 2017 ε
295 1980 464 2020 Ἁλίπλοα
476 1998 485 2007 ·
521 1986 566 2036 τῇ
598 1983 759 2037 θαλάσσῃ
795 1984 1027 2034 ἐπιπλέοντα,
1055 1987 1103 2030 ὡς

63 2036 389 2094 Ἀπολλόδωροςν.
404 2042 448 2080 Il.
459 2043 512 2091 M,
529 2045 592 2083 26.
610 2044 757 2082 Eadem
770 2046 935 2095 Etymol.
950 2046 1045 2083 M.h.
1065 2059 1101 2084 v.

2117 161 2194 195 465

1165 233 1246 277 ὅους
1259 234 1366 280 αὐτὰς
1378 236 1464 290 φησὶ
1477 240 1712 288 πεποιῆσθαι,
1730 237 1768 283 ἃς
1786 240 1819 278 οἱ
1838 240 2030 294 κιθαρῳδοὶ
2041 241 2197 296 ᾅδουσιν.

1163 296 1211 331 V.
1225 293 1280 331 ibi
1298 295 1426 334 laudd.
1444 305 1483 336 et
1500 297 1548 335 ad
1568 296 1716 349 Ἰαμὸίς.

1637 364 1729 404 211.

1218 427 1401 474 Etymol.:
1417 426 1658 481 Ἀλάστωρ.’...
1675 429 1780 469 Κατὰ
1794 429 1830 470 δὲ
1844 431 2116 488 Ἀπολλόδωρον,
2132 432 2202 473 ἀπὸ

1164 484 1225 519 τοῦ
1257 484 1401 534 ἀλιτεῑν,
1418 484 1441 524 δ’
1453 487 1546 526 ἐστιν
1574 487 1806 534 ἀλιτανεύτως
1835 490 1979 530 ἀδικεῖν.
2010 496 2058 531 V.
2092 506 2198 545 seqq.

1165 541 1290 580 minus
1307 543 1450 595 inepta.

1219 658 1327 698 Idem
1347 674 1355 696 :
1374 660 1541 710 Ἀσαλής·
1579 667 1601 711 ἡ
1622 663 1801 719 ἄφροντις,
1833 670 1855 715 ἡ
1890 667 2036 719 μηδενὸς
2056 671 2200 725 φροντί-

1166 718 1284 761 ζουσα.
1306 719 1407 768 Σάλη
1422 719 1489 774 γὰρ
1508 726 1530 770 ἡ
1551 725 1697 776 φροντίς.
1718 725 1866 775 Ἀσαλὴς
1883 730 1901 766 ὁ
1916 726 2120 782 ἀμέριμνος.
2138 732 2204 770 Αἷ-

1167 774 1298 828 σχύλος
1308 808 1319 826 ,
1343 778 1478 827 ἀσαλὴς
1498 781 1606 831 μανία
1618 798 1626 806 ·
1645 783 1753 828 οὕτως
1766 785 1980 839 εΗρωδιανὸς
1996 786 2056 826 καὶ
2071 787 2203 828 Ἀπολ·-

1167 833 1330 889 λόδωρος.
1354 837 1425 876 Καὶ
1435 837 1504 893 γὰρ
1521 840 1674 880 ἀσαλέαν
1694 845 1712 881 ὁ
1729 843 1887 898 Σώφρων
1906 844 1970 892 τὴν
1990 847 2200 901 ἀμεριμνίαν

1147 892 1227 936 ,καὶ
1245 895 1447 946 ἀλογιστίαν
1471 900 1584 939 καλεῖ.
1605 902 1824 941 Verisimile
1840 904 1958 955 igitur
1986 907 2202 957 Apollodo-

1167 966 1253 990 rum
1274 953 1321 992 de
1340 955 1412 993 hac
1431 970 1528 994 voce
1542 957 1581 995 in
1598 958 1698 997 libro
1716 960 1763 998 de
1783 962 1987 1013 Sophrone
2004 965 2137 1016 egisse.

1642 1024 1731 1063 213.

1220 1080 1329 1118 Idem
1348 1094 1356 1116 :
1378 1079 1553 1127 Δατητής.
1626 1081 1881 1138 Ἀπολλόδωρος
1901 1084 1957 1124 ’διὰ
1976 1091 2037 1125 τοῦ
2056 1104 2078 1126 σ
2101 1091 2198 1143 φησί·

1162 1137 1260 1193 παρὰ
1272 1138 1312 1177 τὸ
1328 1138 1415 1178 δαίω
1435 1138 1560 1184 δαστὸς
1572 1170 1582 1187 ,
1600 1139 1659 1179 καὶ
1675 1143 1771 1194 ῥῆμα
1788 1143 1905 1181 δαστῶ
1917 1159 1926 1168 ·
1945 1147 1963 1183 ὃ
1980 1147 2201 1199 παρακείμε-

1164 1213 1220 1243 νος
1237 1198 1466 1246 δεδάστηται,
1486 1197 1547 1236 καὶ
1564 1198 1676 1254 ἐνδείᾳ
1698 1204 1759 1238 τοῦ
1780 1217 1820 1251 σ,
1847 1202 2058 1250 δεδάτηται·
2082 1205 2141 1259 ἀφ’
2161 1202 2200 1246 οἷ

1163 1255 1276 1308 ὄνομα
1296 1255 1447 1306 δατητὴς
1459 1287 1470 1306 ,
1484 1259 1531 1302 ὡς
1543 1257 1756 1307 πεποίηται,
1776 1260 1942 1310 ποιητής,
1969 1254 2202 1318 διαιρετῆρες,

1165 1316 1339 1370 μερισταί.

1637 1384 1729 1422 214.

1218 1441 1342 1480 Idem:
1363 1440 1501 1486 Ἑλινὸς
1518 1473 1529 1491 ,
1548 1445 1570 1490 ἡ
1587 1442 1764 1495 ἄμπελος,
1783 1444 1831 1486 ὥς
1847 1442 2119 1498 Ἀπολλόδωρος.

1215 1565 1345 1604 Idem:
1363 1565 1549 1620 Κεραμεὺς
1579 1566 1677 1620 παρὰ
1693 1565 1748 1604 -τὸ
1782 1565 1947 1620 κέραμος.
1965 1569 2082 1607 Τοῦτο
2103 1568 2202 1622 παρὰ

1161 1622 1225 1671 τὴν
1243 1623 1325 1678 ἔραν
1350 1623 1478 1678 ἔραμος
1497 1627 1556 1663 καὶ
1574 1625 1739 1679 κέραμος.
1755 1624 2015 1680 Ἀπολλόδωρος
2042 1626 2107 1674 τὴν
2140 1643 2201 1666 κε-

1162 1682 1340 1735 καυμένην
1361 1686 1426 1735 γῆν
1446 1682 1528 1739 ἔραν
1547 1684 1666 1738 φησίν,
1685 1688 1744 1723 De
1761 1683 1824 1738 ἔρα
1849 1699 1887 1723 v.
1903 1687 2071 1736 Etymol.
2093 1690 2144 1725 M.

1215 1802 1346 1841 Idem:
1363 1802 1525 1856 Κεφαλή.
1600 1801 1646 1842 Ἥ
1678 1802 1770 1841 κατὰ
1788 1802 2063 1856 Ἀπολλόδωρον,
2086 1804 2200 1843 καλύ-

1161 1877 1207 1915 φη
1223 1877 1274 1904 τις
1292 1855 1379 1914 οῧσα
1390 1892 1400 1910 ,
1415 1860 1512 1915 παρὰ
1527 1860 1567 1899 τὸ
1581 1860 1772 1900 καλύπτειν
1789 1861 1849 1900 καὶ
1863 1861 2005 1901 σκέπειν
2021 1862 2080 1901 τὸν
2095 1863 2199 1915 ἐγκέ-

1160 1921 1281 1973 φαλον.

1255 2000 1258 2003 -
1645 1979 1736 2018 217.

1214 2037 1345 2076 Idem:
1368 2037 1520 2092 Κινυρή·
1547 2037 1728 2091 ὀδυρτική.
1763 2037 1904 2092 Κυρίως
1931 2038 1968 2077 δὲ
1998 2039 2197 2093 κινύρεσθαι

1159 2096 1217 2135 ἐπὶ
1237 2096 1314 2148 βοὸς
1333 2096 1488 2151 εἴρηται,
1508 2096 1606 2150 παρὰ
1625 2096 1665 2136 τὸ
1677 2103 1783 2136 κινεῖν
1801 2097 1865 2145 τὴν
1884 2097 1986 2152 οὐρὰν
2007 2100 2042 2137 ἐν
2059 2102 2109 2152 τῷ
2128 2115 2196 2150 μυ-

119 2150 224 2190 Idem
236 2166 245 2190 :
256 2152 513 2206 Παριαμὸίδες·
526 2153 785 2209 Ἀπολλόδωρος
797 2154 896 2210 παρὰ
908 2155 988 2200 τοὺς
1001 2155 1103 2209 Ἰάμ-
1160 2158 1300 2195 κᾶσθαι.
1324 2156 1396 2195 Καὶ
1416 2155 1543 2195 Ἀπίων
1562 2155 1598 2194 δὲ
1613 2155 1721 2210 εὑρὼν
1738 2156 1802 2204 τὴν
1817 2157 2045 2209 ἐτυμολογίαν
2065 2158 2193 2206 ταύτην

11 2288 14 2292 ’
62 2293 162 2327 etiam
182 2294 397 2336 Apollodorus
412 2295 469 2328 ubi
484 2297 551 2338 agit
569 2297 609 2330 de
625 2297 689 2331 illis
712 2299 845 2331 Homeri
863 2308 872 2331 z
890 2299 1045 2343 στρόμὸον
1069 2301 1097 2332 δ’

62 2342 106 2378 ὡς
127 2341 253 2374 ἔσσευεν
271 2342 312 2384 (i.
335 2351 364 2375 e.
385 2343 535 2376 turbinis
565 2347 684 2378 autem
705 2347 821 2379 instar
842 2348 1030 2380 concitavit
1050 2355 1096 2380 sc.

63 2388 205 2430 saxum).

537 2445 628 2479 208.

102 2493 269 2535 Ἂγοστὸν,
286 2494 454 2528 cubitum.
478 2496 720 2538 Apollodorus:
755 2497 947 2531 Interiorem
975 2498 1098 2531 brachii

61 2541 198 2582 partem.

538 2598 626 2631 209.

103 2644 265 2687 Ἁλίπλοα,
281 2645 364 2678 mari
379 2646 560 2681 innatantia
572 2674 581 2690 ‚
598 2651 636 2683 ut
650 2649 728 2683 dicit
744 2650 971 2692 Apollodorus.

102 2751 311 2793 Παριαμὸίδες
320 2776 329 2792 ,
343 2752 433 2785 modi
447 2704 647 2789 cithaiolegiizi
660 2757 703 2790 ad
716 2757 859 2790 carmina
871 2757 1009 2790 iambica
1025 2767 1096 2791 can-

63 2797 138 2838 tati,
158 2799 195 2830 ut
213 2798 428 2840 Apollodorus
445 2801 535 2835 dicit.

102 2900 257 2946 Ἀλάστωρ
273 2905 453 2939 secundum
470 2856 702 2949 Apo2lliullorum
719 2910 886 2944 descendit
901 2911 942 2944 ab
958 2912 1071 2944 ἀλιτεῖν
1084 2937 1093 2953 ,

62 2946 96 2979 id
110 2950 160 2980 est
181 2949 382 2990 ἀλιτανεύτως
397 2953 513 2987 ἀδικεῖν
540 2954 743 2997 (offendere
754 2983 763 2999 ,
797 2958 925 2991 laedere
941 2959 1095 3001 aliquem

63 2994 329 3036 inexpiabiliter
341 2999 367 3039 ).

103 3093 230 3134 Ἀσαλής
243 3120 252 3137 ,
275 3097 482 3139 imprudens,
504 3050 625 3135 nilliis
647 3104 692 3136 rei
714 3112 825 3137 curam
848 3105 980 3137 habens.
1007 3107 1089 3137 Nam

62 3138 141 3178 σᾶλη
156 3144 206 3173 est
220 3150 324 3183 cura,
339 3145 455 3184 ἀσηλής
471 3147 541 3180 sine
555 3157 650 3190 cura,
667 3159 745 3182 cura
759 3160 893 3183 vacuus.
917 3152 1089 3192 AEschylus

64 3185 127 3226 (fr.
145 3189 229 3230 368)
246 3215 256 3230 ,
274 3191 390 3231 ἀσαλής
407 3194 511 3234 μανία.
531 3196 585 3228 Sic
600 3198 802 3230 Herodianus
818 3201 850 3230 et
864 3198 1090 3239 Apollodorus.

61 3233 143 3265 Nam
157 3234 293 3270 ἀσαλέαν
310 3239 457 3280 sophron
472 3243 679 3276 securitatem
694 3247 727 3276 et
742 3245 983 3286 incogitantiam
1000 3244 1089 3276 dicit.

532 3297 622 3330 213.

1161 2300 1342 2343 (divido),
1356 2303 1388 2334 et
1402 2301 1538 2334 verbum
1552 2302 1677 2342 δαστῶ;
1692 2302 1821 2342 tempus
1834 2302 2035 2343 praeteritum
2051 2302 2194 2341 δεδάστη·

1158 2359 1209 2380 ται
1226 2351 1259 2381 et
1276 2349 1345 2381 sine
1361 2349 1453 2382 litera
1474 2361 1496 2381 σ
1514 2349 1688 2387 δεδάτηται.
1710 2349 1789 2381 Inde
1810 2358 1929 2381 nomen
1951 2349 2193 2382 substantivum

1158 2396 1289 2435 δατ-ηἰ-ἡς
1309 2396 1419 2437 (sicut
1442 2405 1461 2429 a
1484 2396 1651 2435 πεποίηται
1674 2396 1832 2429 formatur
1856 2397 2029 2438 ποιητής),
2047 2396 2189 2433 divisor,

1158 2442 1376 2476 distributor.

1632 2504 1653 2536 2
1663 2504 1722 2537 14.

1198 2561 1333 2602 Ἑλινὸς,
1351 2561 1428 2594 vitis
1443 2561 1551 2602 (vitis
1567 2570 1647 2594 uvae
1659 2561 1803 2603 psithiae
1816 2562 1829 2602 )
1841 2585 1850 2602 ,
1867 2563 1903 2593 ut
1922 2560 2145 2602 Apollodorus.

1628 2627 1719 2660 215.

1197 2685 1355 2727 Κεραμεὺς
1373 2683 1525 2725 (fiqulus
1538 2684 1550 2724 )
1566 2693 1585 2716 a
1599 2684 1751 2727 κέραμος;
1768 2684 1900 2726 κέραμος
1916 2691 1993 2714 vero
2009 2681 2060 2714 vel
2076 2681 2187 2723 ἔραμος

1156 2731 1197 2763 ab
1222 2732 1277 2775 ἔρα
1301 2732 1450 2773 (terra)
1462 2740 1475 2769 ,¹
1502 2731 1573 2774 ἐραν
1599 2731 1814 2773 Apollodorus
1840 2732 1959 2762 terram
1983 2731 2091 2761 ustam
2116 2737 2188 2761 esse

1156 2778 1247 2811 dicit.

1625 2837 1670 2870 21
1680 2837 1716 2870 6.

1196 2898 1320 2939 Κεφαλή
1346 2896 1506 2937 (caput)
1532 2895 1579 2928 sic
1603 2895 1690 2927 dicta
1716 2893 1895 2926 secundum
1925 2892 2159 2934 Apollodorum
2174 2918 2184 2934 ‚

1154 2946 1231 2985 quia
1245 2945 1288 2977 sit
1303 2945 1422 2985 καλύφη
1433 2968 1442 2984 ,
1457 2943 1668 2984 tegimentum
1682 2941 1801 2982 quippe
1815 2939 1903 2981 quod
1917 2939 2084 2972 cerebrum
2098 2941 2186 2981 tegat

1153 2993 1186 3023 et
1200 2990 1333 3032 operiat.

1624 3053 1711 3085 217.

1194 3111 1309 3154 Κινυρή
1326 3110 1597 3150 (instrumentum
1611 3108 1773 3140 musicum
1788 3107 1989 3140 Phoenicium
2003 3109 2036 3141 et
2051 3107 2181 3148 Syrium

1152 3160 1221 3191 soni
1237 3157 1390 3199 queruli),
1406 3156 1551 3197 querula.
1564 3155 1697 3196 Proprie
1709 3156 1884 3198 κινύρεσθαι
1898 3155 1939 3187 de
1952 3155 2036 3187 bove
2048 3154 2180 3195 dicitur,

1151 3206 1227 3246 quia
1250 3205 1279 3236 is
1304 3204 1440 3236 caudam
1464 3204 1575 3235 movet
1600 3202 1632 3234 in
1646 3202 1830 3243 mugiendo.
1850 3203 1954 3244 Apion
1968 3210 2070 3243 quum
2098 3201 2182 3233 hanc

1151 3252 1378 3293 etymologiam
1403 3250 1488 3292 apud
1505 3250 1737 3291 Apollodorum
1761 3249 1950 3289 invenisset,
1968 3250 2038 3291 ipse
2054 3251 2178 3290 ταῦρον,

1153 3303 1316 3336 taurum,
1350 3297 1503 3340 appellari
1531 3297 1609 3330 dicit
1641 3298 1726 3341 παρὰ
1767 3297 1804 3330 τὸ
1834 3298 1940 3330 τείνειν
1973 3299 2029 3336 τὴν
2061 3296 2172 3339 οὐράν,

104 3339 255 3379 Δατητής.
276 3343 491 3384 Apollodorus
508 3346 587 3380 dicit
602 3357 658 3389 per
677 3348 801 3382 literam
817 3362 837 3382 σ
853 3349 964 3387 δαστὸς
979 3358 998 3382 a
1014 3348 1092 3381 δαίω
1150 3348 1171 3380 i.
1189 3356 1217 3379 e.
1241 3348 1328 3388 quia
1349 3345 1500 3378 caudam
1521 3344 1743 3382 extenderem
1759 3348 1856 3386 atque
1879 3345 1967 3377 hunc
1987 3345 2022 3378 in
2044 3343 2177 3376 modum

169 3400 364 3435 Euenum
385 3413 632 3440 msromconnu·

2014 3405 2052 3435 30
