2320 3684
156 182 228 217 322

621 253 709 291 254.

206 323 433 370 Harpocrat.
449 330 457 352 :
478 312 656 366 Σκιράφια
673 339 736 349 .....
752 307 869 359 ἔλεγον
887 307 932 348 τὰ
946 306 1172 360 κυὸευτήρια,

154 377 274 424 ἐπειδὴ
293 374 462 428 διέτριὸον
480 374 514 410 ἐν
533 370 653 423 Σκίρῳ
672 371 704 406 οἱ
723 366 937 413 κυὸεύοντες,
953 368 999 409 ὡς
1013 363 1179 416 Θεόπομ-

882 163 1183 204 ΤΗΕΟΡΟΜΡΙ
1213 161 1541 224 FRAGMENTA.

1231 263 1292 287 του
1303 279 1314 297 ,
1333 247 1391 287 τόν
1407 264 1445 288 τε
1461 246 1670 302 Ἀρχίδαμον
1689 250 1876 298 μετασχεῖν
1896 246 1965 282 τῶν
1982 242 2175 297 χρημάτων
2191 243 2259 282 αὖ-

1232 307 1305 355 τὸν,
1323 307 1383 347 καὶ
1407 307 1458 346 ἔτι
1478 306 1642 360 Δεινίχαν
1665 305 1728 352 τὴν
1750 303 1963 358 Ἀρχιδάμου
1987 308 2136 354 γυναῖκα
2164 302 2261 355 παρὰ

1234 369 1303 405 τῶν
1329 365 1606 405 δυναστευόντων
1633 366 1667 402 ἐν
1699 365 1886 403 Φωκεῦσιν
1916 360 1982 415 ἔφη
2010 359 2261 412 λαμὸάνουσαν

155 453 219 480 πος
247 438 282 474 ἐν
314 437 357 486 τῇ
386 433 606 481 πεντηκοστῇ
633 426 878 478 ὑποσημαίνει.
904 425 1047 464 Eadem
1076 424 1179 476 apud
1237 425 1368 479 δωρεὰν
1385 425 1601 479 ἑτοιμότερον
1627 429 1736 462 ποιεῖν
1764 437 1880 476 σφισιν
1907 422 1940 464 ἐς
1963 418 2028 466 τὴν
2057 416 2262 471 συμμαχίαν

157 497 313 537 Suidam
332 496 369 533 h.
388 508 419 530 v.

619 558 742 570 ⁴0——

547 601 699 642 LIBER
726 601 791 639 LI.

625 671 715 709 255.

214 741 440 793 Stephanus.
458 752 465 774 :
479 734 786 790 Κράνεια,χωρίον
799 732 1085 787 Ἀμβρακιωτῶν.
1097 729 1183 771 Θεό-

162 815 302 853 πομπος
320 797 546 849 πεντηκοστῷ
565 793 706 848 πρώτῳ.

631 865 719 903 256.

215 939 442 986 Harpocrat.
459 946 467 968 :
487 930 693 983 Ἱερώνυμος
780 927 893 980 ἕτερος
911 925 942 964 δ’
959 925 1052 964 ἐστὶν
1071 922 1187 978 Ἱερώ-

163 1009 271 1046 νυμος
290 989 582 1043 Μεγαλοπολίτης
667 987 720 1027 ὅτι
737 987 768 1025 δ’
787 981 885 1030 οὗτος
907 979 950 1033 ἧν
971 987 1041 1023 τῶν
1061 985 1188 1023 Μακε-

167 1050 367 1098 δονιζόντων
389 1050 564 1101 μάλιστα,
593 1046 653 1087 καὶ
681 1044 893 1097 Θεόπομπος
919 1043 1055 1097 εἴρηκεν
1082 1043 1116 1080 ἐν
1144 1043 1187 1092 τῇ

164 1111 384 1162 πεντηκοστῇ
402 1107 537 1162 πρώτῃ.

219 1171 274 1209 Cf.
296 1167 495 1208 Demosth.
515 1170 572 1204 De
590 1165 670 1203 fais.
690 1165 762 1215 leg.
785 1177 822 1214 p.
848 1176 930 1212 ¹99-
951 1164 1009 1199 De
1028 1159 1189 1198 Arcadi-

165 1230 239 1269 bus
254 1227 423 1279 Philippi
441 1224 656 1264 fautoribus
680 1237 713 1262 v.
734 1223 779 1260 fr.
809 1224 854 1260 13
860 1236 893 1279 ,¹-

649 1293 738 1330 257.

221 1368 359 1406 Idem:
387 1363 522 1419 Μύρτις
539 1393 602 1403 .....
630 1361 846 1412 Θεόπομπος
869 1359 899 1397 δ’
929 1360 964 1397 ἐν
992 1360 1036 1410 τῇ
1066 1372 1194 1404 πεντη-

169 1429 279 1479 κοστῇ
295 1423 419 1479 πρώτῃ
456 1422 601 1464 Πασέαν
635 1422 696 1460 καὶ
714 1422 919 1474 Ἀμυρταῖον
945 1417 1106 1469 ὀνομάζει
1124 1418 1193 1455 τῶν

171 1483 334 1539 Ἀργείων
351 1482 430 1527 τοὺς
450 1480 759 1526 Μακεδονίζοντας.

224 1543 365 1581 Eadem
387 1540 491 1591 apud
509 1540 690 1578 Photium
703 1539 742 1577 h.
761 1552 795 1575 v,
815 1536 869 1575 Cf.
882 1540 988 1574 Dem.
1002 1538 1108 1573 Orat.
1125 1547 1195 1584 pro

172 1616 251 1640 cor.
276 1615 314 1652 p.
336 1601 420 1638 188.
450 1599 555 1636 Idem
579 1612 622 1636 ac
644 1605 775 1635 noster
798 1609 878 1635 esse
893 1594 1044 1632 videtur
1063 1593 1198 1643 Myrtis

171 1662 335 1713 Argivus
353 1659 655 1710 aTheophrasto
684 1664 918 1696 memoratus
948 1655 984 1691 in
1010 1654 1195 1691 Athenaeo

171 1724 240 1767 VJ,
259 1733 297 1771 p.
321 1720 410 1766 254,
428 1721 473 1756 D.

584 1785 795 1799 “ooo-*—

554 1841 707 1881 LIBER
741 1840 822 1878 LII.

646 1909 735 1947 258.

1237 485 1446 539 Ἀρχίδαμον
1451 515 1458 524 .

1293 603 1497 642 Athenaeus
1510 606 1599 646 XII,
1623 615 1659 652 p.
1681 541 1839 647 5ξῖίίῗ.(],
1863 603 1918 637 D:
1936 597 1999 636 ’Ev
2019 595 2057 634 δὲ
2075 597 2119 648 τῇ
2139 587 2268 642 πεντηζ

1239 665 1348 715 κοστῇ
1379 659 1520 715 δευτέρα
1546 659 1650 714 φησὶν
1671 661 1718 702 ὡς
1734 656 1969 711 «Ἀρχίδαμος
1988 658 2006 693 ὁ
2025 654 2156 694 Λάκων
2175 655 2267 691 ἄπο-

1241 720 1326 764 στόις
1343 723 1405 767 τῆς
1420 719 1568 774 πατρίου
1587 717 1720 765 διαίτης
1739 716 1935 762 συνειθίσθη
1954 714 2094 760 ξενικῶς
2118 712 2178 751 καὶ
2197 727 2268 763 μα’

1241 781 1374 823 λακῶς·
1394 778 1512 833 διόπερ
1535 779 1598 816 οὐκ
1621 775 1772 824 ἠδύνατο
1791 774 1850 814 τὸν
1870 774 1960 813 οἴκοι
1979 773 2051 825 βίον
2070 769 2269 822 ὑπομένειν,

1244 838 1320 877 ἀλλ’
1338 836 1551 876 ἐσπούδασεν
1573 835 1625 874 ἀεὶ
1644 835 1687 872 δι’
1703 833 1874 888 ἀκρασίαν
1895 831 1959 877 ἔξω
1974 829 2174 883 διατρίὸειν.
2199 827 2270 868 Καὶ

1245 895 1470 951 Ταραντίνων
1480 892 1795 949 πρεσὸευσαμένων
1811 891 1892 944 περὶ
1909 888 2132 942 συμμαχίας,
2147 885 2272 926 ἔσπευ-

1246 972 1284 995 σε
1301 957 1475 995 συνελθεῖν
1496 953 1597 997 αὖτὸς
1614 952 1753 1006 βοηθός’
1771 953 1872 990 κάκεῖ
1890 947 2072 1001 γενόμενος
2090 946 2150 985 καὶ
2170 947 2206 984 ἐν
2221 947 2273 994 τῷ

1247 1014 1392 1068 πολέμῳ
1431 1012 1614 1052 ἀποθανὼν
1655 1010 1733 1050 οὐδὲ
1767 1012 1880 1063 ταφῆς
1908 1006 2129 1055 κατηξιώθη,
2160 1003 2275 1043 καίτοι

1247 1072 1475 1128 Ταραντίνων
1492 1070 1608 1110 πολλὰ
1627 1069 1796 1123 χρήματα
1816 1064 2069 1119 ὑποσχομένων
2087 1070 2159 1108 τοῖς
2171 1064 2276 1102 πολε-

1249 1132 1340 1183 μίοις
1356 1131 1443 1184 ὑπὲρ
1461 1134 1522 1170 τοῦ
1539 1128 1722 1168 ἀνελέσθαι
1737 1126 1777 1166 τὸ
1797 1128 1902 1165 αὐτοῦ
1919 1127 2061 1176 σῶμα.»

1717 1191 1806 1228 260.

1302 1259 1406 1297 Idem
1424 1262 1487 1305 IV,
1517 1271 1557 1308 p.
1592 1258 1678 1302 166‚
1699 1259 1750 1293 E:
1770 1254 1860 1307 Περὶ
1885 1252 1922 1291 δὲ
1952 1254 2021 1291 τῶν
2048 1249 2277 1304 Ταραντίνων

1251 1318 1398 1370 ἱστορῶν
1433 1318 1468 1354 ἐν
1505 1318 1549 1368 τῇ
1592 1313 1736 1368 δευτέρα
1765 1314 1986 1363 πεντηκοστῇ
2009 1312 2080 1349 τῶν
2099 1310 2277 1362 Ἱστοριῶν

1251 1376 1377 1430 γράφει
1397 1374 1522 1418 οὕτως·
1542 1373 1613 1412 «‘H
1629 1373 1730 1416 πόλις
1757 1375 1780 1418 ἡ
1797 1373 1867 1410 τῶν
1900 1369 2127 1423 Ταραντίνων
2155 1367 2278 1420 σχεδὸν

1253 1435 1329 1473 καθ’
1356 1433 1501 1473 ἕκαστον
1529 1435 1623 1484 μῆνα
1650 1434 1804 1484 βουθυτεῖ
1832 1429 1891 1468 καὶ
1927 1428 2080 1481 δημοσίᾳ
2111 1426 2282 1469 ἑστιάσεις

1253 1499 1422 1532 ποιεῖται·
1437 1492 1476 1531 τὸ
1494 1490 1530 1529 δὲ
1546 1493 1615 1529 τῶν
1629 1491 1776 1528 ἰδιωτῶν
1789 1490 1919 1535 πλῆθος
1932 1487 1986 1526 ἀεὶ
2002 1486 2082 1541 περὶ
2099 1484 2283 1527 συνουσίας

1254 1552 1313 1590 καὶ
1331 1551 1457 1594 πότους
1485 1549 1570 1588 ἐστί.
1591 1547 1743 1600 Λέγουσι
1768 1547 1804 1585 δὲ
1828 1546 1887 1585 καί
1906 1562 1984 1585 τινα
2008 1548 2162 1584 τοιοῦτον
2178 1543 2280 1595 λόγον

1255 1613 1287 1650 οἱ
1317 1611 1545 1664 Ταραντῖνοι·
1582 1606 1661 1650 τοὺς
1689 1605 1751 1657 μὲν
1780 1605 1904 1650 ἄλλους
1923 1603 2123 1657 ἀνθρώπους
2157 1601 2214 1640 διὰ
2242 1601 2282 1640 τὸ

1257 1670 1516 1724 φιλοπονεῖσθαι
1534 1665 1594 1705 καὶ
1619 1664 1699 1719 περὶ
1716 1664 1778 1708 τὰς
1797 1663 1960 1717 ἐργασίας
1979 1661 2182 1716 διατρίὸειν,
2209 1675 2283 1698 πα-

1259 1726 1530 1782 ρασκευάζεσθαι
1550 1726 1632 1777 ζῇν·
1653 1722 1778 1766 αὐτοὺς
1799 1721 1836 1760 δὲ
1859 1721 1915 1760 διὰ
1939 1719 1999 1765 τὰς
2020 1719 2200 1763 συνουσίας
2221 1717 2282 1756 καὶ

1257 1786 1318 1830 τὰς
1336 1785 1462 1833 ἡδονὰς
1474 1788 1513 1823 οὐ
1537 1783 1691 1835 μέλλειν,
1705 1782 1783 1821 ἀλλ’
1800 1781 1869 1829 ἤδη
1892 1783 2027 1833 βιῶναι.
2050 1798 2066 1814 »

1312 1916 1526 1967 Stephanus
1548 1913 1766 1967 εΒαρήτιον,
1798 1912 1926 1966 χωρίον
1957 1911 2042 1963 πρὸς
2067 1912 2119 1964 τῷ
2151 1908 2282 1964 Ἁδρίᾳ.

229 1983 432 2020 Pausanias
450 1985 521 2029 ΙΙΙ,
548 1995 593 2020 10
611 1997 619 2019 :
637 1979 849 2031 Θεόπομπος
867 1978 904 2017 δὲ
922 1981 940 2017 ὃ
956 1975 1203 2030 Δαμασιστρά·
1259 1974 1473 2025 Θεόπομπος
1495 1974 1722 2024 πεντηκοστῷ
1736 1970 1895 2024 δευτέρῳ.

188 2064 2283 2085 ———..-.-...—.-—.-——--————-———-————-——-————-

219 2185 368 2229 Σκιράφια
382 2184 544 2216 vocabant
563 2132 801 2222 loca‚2u51;¹i*alea
816 2181 998 2219 ludebatur,
1014 2180 1101 2220 quod
1126 2180 1205 2212 alea-

181 2236 267 2266 tores
295 2232 329 2264 in
365 2231 455 2263 Sciro
491 2231 714 2269 versarentur,
740 2232 776 2261 ut
797 2229 1023 2268 Theopompus
1050 2227 1207 2267 significat

178 2279 260 2312 libro
277 2278 492 2312 Historiarum
507 2276 782 2318 quinquagesimo.

615 2346 765 2358 .--

571 2389 723 2428 LIBER
754 2389 816 2427 LI.

223 2510 358 2547 Cranea,
370 2505 539 2538 castellum
552 2504 842 2544 Ambraciotarum‚
855 2504 986 2536 auctore
1001 2504 1207 2545 Theopompo

182 2554 265 2586 libro
277 2552 548 2595 quinquagesimo
564 2551 679 2592 primo.

655 2605 743 2637 256.

223 2659 451 2699 Hieronymus.
524 2656 613 2690 Alter
630 2664 707 2688 vero
720 2658 770 2687 est
791 2655 1008 2696 Hieronymus
1025 2656 1206 2697 Megalopo-

184 2708 321 2745 litanus3
341 2705 395 2737 hic
415 2704 628 2737 Macedonum
645 2702 792 2743 partibus
807 2703 902 2734 valde
918 2702 1067 2734 addictus
1081 2703 1153 2742 fuit,
1173 2706 1210 2734 ut

183 2755 411 2794 Theopompus
429 2753 565 2784 testatur
579 2749 662 2782 libro
677 2749 944 2790 quinquagesimo
959 2749 1075 2790 primo.

226 2858 379 2899 Myrtis...
408 2858 637 2897 Theopompus
660 2858 769 2887 autem
794 2854 826 2885 in
842 2854 945 2895 primo
967 2857 1000 2886 et
1016 2854 1211 2895 quinquage-

186 2905 269 2936 simo
291 2906 424 2936 Paseam
448 2905 479 2935 et
501 2904 703 2943 Amyrtoeum
725 2900 807 2933 iuter
831 2901 966 2941 Argivos
988 2901 1134 2932 nominat
1155 2902 1211 2942 qui

185 2951 399 2983 Macedonum
417 2949 563 2991 partibus
579 2947 739 2980 favebant.

565 3059 719 3098 LIBER
747 3059 830 3097 Lll.

229 3177 456 3217 Theopompus
474 3199 483 3215 ,
513 3175 739 3208 Damasistrati
767 3174 864 3213 silius,
893 3174 1048 3215 scriptum
1072 3173 1212 3215 reliquit,

189 3223 427 3263 Archidamum,
441 3225 510 3263 ejus
523 3223 596 3255 belli
614 3223 742 3264 gerendi
756 3223 879 3254 socium
895 3221 995 3254 fuisse
1005 3232 1013 3260 ;
1025 3223 1120 3262 atque
1133 3222 1213 3254 adeo

187 3270 359 3301 Dinicham
371 3293 379 3308 ,
397 3269 582 3301 Archidami
610 3278 745 3301 uxorem
757 3292 766 3308 ,
785 3269 826 3300 ab
843 3269 882 3301 iis
896 3293 905 3308 ,
931 3269 987 3309 qui
1005 3277 1109 3300 rerum
1127 3269 1213 3310 apud

192 3318 373 3350 Phocenses
388 3316 602 3358 potiebantur,
622 3318 809 3356 corruptam
831 3316 1040 3350 muneribus,
1058 3316 1212 3348 Archida-

189 3371 279 3394 mum
295 3362 335 3394 ad
348 3370 442 3403 opem
457 3362 521 3393 illis
535 3362 698 3394 serendam
715 3362 859 3394 effecisse
883 3363 1105 3403 promtiorem.

1730 2123 1833 2157 259(

1304 2184 1401 2217 Libro
1423 2183 1566 2217 secundo
1596 2186 1628 2216 et
1649 2182 1916 2224 quinquagesimo
1938 2180 2051 2213 scribit
2094 2179 2286 2220 (Theopom-

1263 2233 1336 2274 pus)
1357 2241 1364 2262 :
1387 2244 1403 2258 «
1417 2230 1646 2263 Archidamum
1664 2229 1961 2264 Lacedaemonium,
1978 2229 2084 2268 spreta
2097 2226 2174 2258 vitas
2195 2226 2286 2258 ratio-

1263 2288 1304 2311 ne
1333 2278 1446 2320 patria,
1481 2277 1655 2319 peregrinis
1681 2276 1897 2317 mollibusque
1917 2274 2062 2307 moribus
2087 2273 2285 2305 adsuevisse.

1265 2329 1379 2367 Itaque
1394 2325 1494 2364 domi,
1510 2325 1626 2366 inquit,
1643 2325 1745 2356 vitam
1759 2332 1850 2365 agere
1871 2332 1936 2354 non
1952 2321 2091 2363 amplius
2113 2319 2285 2360 sustinuit,

1265 2375 1323 2407 sed
1339 2375 1468 2415 propter
1483 2372 1760 2413 intemperantiam
1776 2379 1902 2412 semper
1916 2371 2007 2402 extra
2022 2367 2159 2409 patriam
2174 2367 2287 2399 transi-

1264 2430 1338 2462 gere
1373 2420 1509 2452 studuit.
1541 2422 1647 2458 Quare
1662 2442 1671 2458 ,
1703 2427 1806 2460 quum
1831 2416 1994 2450 Tarentini
2026 2416 2147 2456 legatos
2186 2413 2288 2446 misis-

1266 2471 1337 2500 sent
1354 2467 1410 2508 qui
1425 2467 1580 2499 auxilium
1595 2468 1748 2508 peterent,
1771 2465 1925 2497 continuo
1946 2472 2021 2495 cum
2042 2461 2105 2494 illis
2137 2460 2282 2502 proiicisc

1265 2524 1359 2556 opem
1375 2514 1499 2546 laturus
1518 2514 1698 2555 properavit
1714 2513 1844 2553 :ibique
1857 2512 1890 2543 in
1906 2511 1990 2543 bello
2007 2509 2071 2541 vita
2090 2508 2232 2547 functus,
2247 2514 2288 2539 ne

1266 2561 1413 2603 sepulcro
1430 2561 1561 2601 quidem
1585 2561 1760 2592 honoratus
1783 2561 1850 2597 est,
1866 2557 2016 2599 quamvis
2031 2563 2179 2596 magnam
2195 2562 2288 2595 pecu-

1267 2609 1329 2640 niae
1342 2608 1409 2639 vim
1426 2607 1574 2639 hostibus
1591 2606 1813 2648 promisissent
1833 2603 2018 2642 Tarentini,
2033 2606 2070 2634 ut
2085 2601 2210 2634 auferre
2222 2608 2289 2632 cor·
2318 2603 2320 2622 Ξ

1266 2663 1327 2696 pus
1346 2655 1415 2694 ejus
1433 2655 1631 2694 humareque
1647 2653 1725 2694 ipsis
1742 2653 1862 2684 liceret.
1884 2665 1898 2679 κ

1735 2719 1824 2751 260.

1309 2779 1356 2810 De
1382 2778 1563 2810 Tarentinis
1601 2777 1761 2810 disserens
1793 2776 1936 2808 secundo
1962 2776 1995 2806 et
2024 2771 2290 2815 quinquagesimo
2310 2774 2320 2813 ᾗ

1268 2823 1483 2856 Historiarum
1511 2824 1592 2855 libro
1603 2847 1612 2862 ,
1629 2823 1675 2856 sic
1692 2823 1805 2855 scribit
1822 2821 2076 2863 (Theopompus)
2091 2830 2099 2851 :
2118 2832 2134 2847 «
2149 2815 2291 2851 Tarenti·
2307 2829 2320 2854 4

1268 2879 1384 2902 norum
1400 2871 1514 2903 civitas
1531 2878 1728 2911 unoquoque
1744 2870 1810 2902 fere
1824 2877 1934 2902 mense
1949 2868 2050 2899 boves
2065 2865 2223 2899 sacrificat
2233 2887 2243 2904 ,
2259 2865 2293 2896 ot
2310 2859 2320 2904 ἦ

1269 2918 1398 2959 publica
1427 2919 1578 2950 convivia
1605 2918 1756 2950 celebrat.
1779 2917 1984 2950 Privatorum
2011 2923 2088 2947 vero
2115 2911 2291 2946 multitudo
2304 2933 2320 2970 ᾖ

1268 2966 1424 2997 continuo
1439 2966 1470 2997 in
1491 2965 1648 2998 conviviis
1670 2963 2027 3006 compotationibusque
2043 2963 2201 2993 versatur.
2220 2960 2291 2991 Est·
2307 2955 2320 2983 '-

1268 3021 1332 3052 que
1342 3013 1508 3053 vulgatum
1519 3013 1682 3053 quoddam
1693 3011 1939 3044 Tarentinorum
1949 3010 2072 3041 dictum
2083 3004 2289 3048 huJ‘usmodi:
2310 2999 2320 3035 Ξ

1269 3059 1348 3091 alios
1366 3060 1512 3091 homines
1527 3068 1586 3091 sua
1599 3059 1758 3091 industria
1771 3082 1780 3097 ,
1793 3061 1826 3091 et
1845 3058 1878 3089 in
1900 3066 1996 3097 opere
2011 3055 2157 3088 faciendo
2179 3051 2292 3086 seduli-

1269 3108 1334 3138 tate
1346 3129 1355 3144 ‚
1378 3106 1517 3138 suturam
1541 3106 1601 3137 sibi
1619 3114 1731 3146 parare
1755 3105 1857 3136 vitam
1872 3114 1880 3135 ε
1895 3113 1929 3135 se
1946 3112 2042 3142 vero,
2066 3101 2121 3142 qui
2141 3097 2291 3132 convivia
2310 3094 2315 3134 ζ

1267 3154 1363 3193 agant
1386 3154 1418 3184 et
1440 3151 1660 3192 voluptatibus
1688 3151 1853 3189 fruantur,
1877 3159 1940 3181 non
1961 3158 2031 3182 esse
2046 3149 2211 3185 victuros,
2234 3142 2320 3189 δαὶξ

1265 3207 1332 3240 jam
1348 3207 1434 3230 nunc
1450 3199 1589 3231 vivere.»
2296 3192 2320 3204 ⁷*

1311 3315 1484 3351 Bai-etium,
1503 3315 1592 3346 locus
1606 3314 1646 3346 ad
1671 3263 1757 3346 mari
1765 3263 1968 3346 {inimicum
1979 3337 1987 3350 ‚
2004 3312 2097 3352 cujus
2113 3311 2288 3350 Theopom-
2308 3287 2310 3289 >

1269 3371 1329 3402 pus
1346 3362 1426 3393 libro
1441 3362 1704 3402 quinquagesimo
1720 3361 1860 3393 secundo
1878 3359 2032 3392 meminit.
