2320 3684
806 143 1125 185 PHERECYDIS
1154 147 1483 190 FRAGMENTA.

92 236 212 286 σῶμα·
231 229 434 284 Φερεκύδης
452 229 488 268 δὲ
502 228 604 268 αὐτὸν
620 228 838 272 Ποσειδῶνος
855 227 916 266 καὶ
933 229 1118 282 Εὐρυάλης

68 323 74 328 .
91 293 197 343 λεγει.
587 339 609 376 4

147 402 273 441 Schol.
299 403 414 439 Hom.
440 398 483 436 Il.
505 398 556 445 Σ,
577 398 653 443 486
678 412 686 435 :
707 398 943 449 Συγκυνηγῶν
964 396 1000 435 δὲ
1020 391 1117 441 οὗτος

93 459 246 512 (Orion)
284 455 480 510 Ἀρτέμιδι,
511 456 736 509 ἐπεχείρησεν
771 454 879 502 αὐτὴν
918 454 1117 507 βιάσασθαι.

94 519 317 573 Ὀργισθεῖσα
333 514 373 553 δὲ
387 517 410 561 ἡ
431 513 527 560 θεὸς,
544 514 713 553 ἀνέδωκεν
728 515 769 552 ἐκ
785 516 846 560 τῆς
856 515 920 564 γῆς
940 513 1117 566 σκορπίον,

93 576 128 620 ὃς
162 574 263 615 αὐτὸν
289 571 424 620 πλήξας
456 570 548 611 κατὰ
573 571 631 611 τὸν
661 571 898 625 ἀστράγαλον,
924 570 1118 609 ἀπέκτεινε·

95 634 180 679 Ζεὺς
209 632 246 671 δὲ
276 629 509 683 συμπαθήσας
535 628 786 684 κατηστέρισεν
817 627 935 668 αὐτόν.
970 629 1034 668 Διὸ
1059 634 1119 668 τοῦ

93 691 272 746 Σκορπίου
306 688 569 736 ἀνατέλλοντος,
599 688 732 742 Ὠρίων
766 687 871 729 δύνει.
899 687 943 726 Ἥ
982 687 1120 740 ἱστορία

90 745 179 805 παρ’
197 748 407 803 Εὒφορίωνι.
431 748 565 787 Codex
581 749 779 787 Leidensis
802 747 919 786 habet
939 745 1122 800 παρὰΦε-

92 807 218 862 ρεκύδῃ
227 823 235 846 2
245 821 283 847 v.
295 807 521 846 Valckenar.
532 806 620 845 diss.
628 810 686 845 De
697 806 829 844 scholl.
839 807 876 844 in
885 809 1013 852 Hom„
1024 807 1122 857 Opu-

92 868 184 906 seul.
206 867 282 904 vol.
307 869 358 913 11,
373 879 411 916 p.
434 879 517 903 121.
590 919 614 955 5

145 977 271 1017 Schol.
305 976 485 1028 Apollon.
508 979 540 1024 1,
565 977 638 1024 761
662 990 672 1013 :
693 974 897 1028 Φερεκύδης
926 973 964 1014 δέ
997 990 1120 1028 φησιν,

91 1034 145 1074 ὅτι
167 1034 254 1079 Ζεὺς
278 1030 415 1088 Ἔλάρῃ
434 1036 478 1087 τῇ
500 1034 718 1088 Ὀρχομενοῦ
739 1033 852 1085 μιγεὶς
866 1062 876 1078 ,
902 1025 992 1072 ὦσεν
1013 1032 1120 1081 αὐτὴν

93 1095 140 1138 εἷς
157 1092 220 1141 τὴν
237 1095 302 1144 γῆν
322 1091 390 1140 ἤδη
410 1092 574 1140 κύουσαν,
588 1091 706 1136 δεδιὼς
725 1090 788 1139 τὴν
805 1094 868 1139 τῆς
887 1090 1004 1147 (Ἤρας
1022 1093 1122 1139 ζηλο-

91 1150 402 1199 τυπίαν.Ἐκείνης
417 1149 453 1190 δὲ
469 1151 675 1199 τεθνηκυίας
685 1181 696 1201 ,
715 1153 738 1198 ἡ
750 1152 795 1203 γῆ
816 1149 968 1188 ἀνέδωκε
977 1149 1120 1189 Τιτυόν.

94 1210 167 1249 Καὶ
186 1209 244 1249 διὰ
261 1214 362 1249 τοῦτο
381 1209 684 1262 γηγενὴςέκλήθη.

146 1269 273 1308 schol.
282 1268 435 1307 Pindar.
456 1269 566 1319 Pyth.
577 1272 646 1315 IV,
664 1269 735 1305 160
752 1266 856 1306 :⁰012
867 1265 935 1305 ὑπὸ
946 1265 1123 1306 Ἀπόλλω-

92 1342 147 1372 νος
163 1327 224 1365 καὶ
241 1326 438 1380 Ἀρτέμιδος
467 1326 670 1379 ἐτελεύτησε
690 1325 857 1371 τοξευθεὶς
887 1324 921 1374 (ὃ
954 1325 1094 1377 Τιτυὸς)
1111 1356 1120 1373 ,

93 1383 297 1440 Φερεκύδης
315 1385 432 1439 φησίν.
454 1381 604 1436 Ἐπάγει
621 1383 657 1423 δὲ
672 1384 732 1423 καὶ
749 1383 870 1432 αὐτὸς,
889 1382 942 1422 ὅτι
955 1382 1122 1429 τοξευθεὶς

92 1443 257 1494 ὁΤιτυὸς
280 1443 347 1483 ὑπὸ
382 1446 444 1491 τῆς
467 1443 664 1498 Ἀρτέμιδος
695 1442 755 1482 καὶ
783 1441 973 1497 φονευθεὶς,
1005 1442 1122 1496 παρά-

93 1503 220 1555 δειγμα
239 1508 309 1547 τοῖς
319 1502 409 1554 μετὰ
424 1506 535 1541 ταῦτα
553 1501 710 1554 γέγονεν,
726 1501 821 1545 ὅπως
840 1499 881 1539 ἂν
892 1498 975 1556 [μή]
985 1517 1035 1544 τις
1051 1504 1120 1539 τῶν

92 1561 248 1600 δυνατῶν
268 1562 459 1612 ἐπιθυμιῶν
470 1560 647 1614 ὀρέγηται.
671 1560 728 1599 Cf.
744 1560 970 1611 Apollodor.
996 1574 1028 1609 1,
1046 1567 1082 1608 4,
1102 1575 1115 1597 1

92 1628 132 1658 et
152 1620 326 1659 Eustath.
347 1619 396 1658 ad
415 1622 526 1658 Hom.
549 1619 624 1659 Od.
641 1622 694 1667 H,
709 1633 747 1670 p.
775 1618 888 1666 1581,
906 1618 966 1663 54.

102 1732 119 1751 ⁰
144 1734 284 1775 Strabo
299 1738 350 1782 X,
368 1725 406 1787 p}
429 1741 519 1785 472,
538 1739 594 1774 D:
615 1733 834 1778 Ἀκουσίλαος
859 1736 878 1772 ὃ
901 1733 1052 1788 Ἀργεῖος
1080 1735 1120 1776 ἐκ

92 1793 271 1849 Κάὸείρης
286 1793 346 1832 καὶ
360 1792 556 1849 (Ηφαίστου
576 1793 736 1844 Κάμιλον
743 1792 847 1845 λέγει.
863 1794 946 1832 Τῶν
961 1791 1011 1841 δὲ,
1028 1798 1119 1846 τρεῖς

92 1852 306 1907 Κῖὅείρους,
319 1846 367 1894 ῶν
386 1851 538 1906 Νύμφας
558 1851 791 1905 Καὸείραδας.
811 1851 1015 1905 Φερεκύδης
1035 1851 1065 1889 δ’
1084 1850 1119 1896 ἐξ

90 1910 307 1955 Ἀπόλλωνος
333 1911 392 1950 καὶ
411 1910 554 1956 Ἱ)υτίας
586 1909 813 1962 Κορύὸαντας
840 1909 957 1949 ἐννέα·
978 1912 1118 1956 οἰκῆσαι

91 1970 121 2008 δ’
140 1968 263 2012 αὖτοὺς
282 1970 317 2007 ἐν
334 1968 568 2024 Σαμοθράκῃ·
590 1970 630 2007 ἐκ
657 1968 693 2007 δὲ
723 1968 902 2020 Καὸἔίρης
926 1971 987 2016 τῆς
1006 1971 1118 2022 Πρω-

90 2028 191 2078 τέως,
210 2027 270 2067 καὶ
291 2027 506 2083 (Ηφαίστου,
526 2027 721 2081 Καὸείρους
747 2034 838 2082 τρεῖς
852 2057 863 2076 ,
886 2027 946 2066 καὶ
968 2027 1118 2080 Νύμφας

90 2085 180 2141 τρεῖς
189 2086 422 2142 Καὸειρίδας·
438 2085 615 2140 ἑκατέροις
631 2086 661 2129 δ’,
676 2085 754 2140 ἱερὰ
769 2085 945 2138 γενέσθαι·
961 2087 1116 2139 μάλιστα

2149 162 2196 199 ⁷2

1180 231 1243 282 μὲν
1263 228 1321 272 οῧν
1341 235 1376 272 ἐν
1397 234 1532 289 Λήμνῳ
1552 236 1611 274 καὶ
1631 235 1767 290 Ἴμὸρῳ
1782 235 1859 280 τοὺς
1879 237 2073 291 Καὸείρους
2091 245 2199 291 τιμᾶ-

1178 294 1258 330 σθαι
1279 293 1523 343 συμὸέὸηκεν·
1544 293 1636 333 ἀλλὰ
1659 294 1720 333 καὶ
1747 296 1782 333 ἐν
1812 295 1925 350 Τροίᾳ
1947 296 2038 335 κατὰ
2061 298 2197 342 πόλεις·

1177 349 1221 387 τὰ
1242 350 1271 388 δ’
1290 351 1445 403 ὀνόματα
1463 355 1574 392 αὐτῶν
1595 354 1668 392 ἐστὶ
1688 355 1852 405 μυστικά.

1230 479 1358 517 Schol.
1389 483 1568 533 Apollon.
1600 489 1634 533 Ι,
1663 484 1970 535 ιι29εΔάκτυλοι
1996 486 2141 526 Ἰδαῖοι·
2162 486 2196 532 ἓξ

1177 536 1236 575 καὶ
1255 536 1359 576 πέντε
1377 540 1479 592 φασὶν
1499 535 1599 581 εἶναι.
1619 543 1756 589 Δεξιοὺς
1772 543 1835 596 μὲν
1851 544 1929 589 τοὺς
1946 544 2110 597 ἄρσενας,
2126 547 2201 599 ἀρι-

1179 594 1317 648 στεροὺς
1331 595 1367 634 δὲ
1386 596 1448 642 τὰς
1467 600 1615 647 θηλείας.
1638 602 1840 656 Φερεκύδης
1854 603 1890 643 δὲ
1907 603 1985 648 τοὺς
1995 602 2058 656 μὲν
2073 603 2200 649 δεξιοὺς

1179 652 1288 692 εἴκοσι
1307 654 1422 706 λέγει,
1441 657 1520 701 τοὺς
1537 658 1573 696 δὲ
1597 661 1790 713 εὐωνύμους
1810 661 1998 716 τριάκοντα
2018 662 2090 702 δύο.
2110 662 2201 711 Γόη-

1180 727 1237 756 τες
1253 711 1290 751 δὲ
1309 707 1414 762 ἦσαν,
1435 715 1495 754 καὶ
1518 725 1711 770 φαρμακεῖς
1726 749 1736 767 ,
1756 720 1816 759 καὶ
1835 721 2037 774 δημιουργοὶ
2058 722 2199 775 σιδήρου

1178 772 1340 824 λέγονται
1360 777 1494 828 πρῶτοι
1512 776 1572 815 καὶ
1591 781 1772 828 μεταλλεῖς
1786 780 1958 831 γενέσθαι.
1975 781 2201 833 Ὠνομάσθη-

1179 846 1244 869 σαν
1262 830 1298 870 δὲ
1318 832 1388 871 ἀπὸ
1402 836 1463 881 τ’ῆς
1485 835 1614 889 μητρὸς
1628 835 1733 885 Ἴδης.
1756 838 1945 893 Ἀριστεροὶ
1962 840 2039 891 μὲν,
2056 839 2101 884 ὥς
2114 856 2200 893 φησι

1180 889 1405 942 Φερεκύδης,
1426 893 1458 931 οἵ
1476 893 1599 945 γόητες
1626 896 1738 934 αὐτῶν
1752 912 1759 919 ·
1781 898 1811 934 οἱ
1837 896 1873 935 δὲ
1893 897 2120 947 ἀναλύοντες,
2140 899 2200 937 δε-

1179 946 1261 997 ξιοὶ,
1284 951 1331 994 ὥς
1346 948 1564 996 Ἑλλάνικος.

1675 1019 1711 1055 8.

1233 1077 1363 1116 Schol.
1389 1080 1619 1132 Pind.Pyth.
1638 1085 1710 1129 ΙΙΙ,
1728 1083 1778 1120 60
1793 1098 1800 1120 :
1815 1081 1862 1121 ‘H
1871 1083 2037 1136 παρθένος
2049 1085 2200 1138 Κορωνὶς

1179 1134 1264 1188 ᾤκει
1291 1136 1390 1191 παρὰ
1415 1144 1492 1183 ταῖς
1518 1138 1637 1192 ὄχθαις
1661 1143 1723 1187 τῆς
1752 1140 1934 1185 Βοιὸιάδος
1954 1142 2095 1193 λίμνης·
2121 1146 2143 1190 ἡ
2165 1144 2201 1181 δὲ

1180 1193 1323 1238 Βοιὸιὰς
1343 1195 1449 1247 λίμνη
1469 1198 1712 1252 παρακειμένη
1735 1201 1778 1250 τῇ
1810 1199 1996 1252 Λακερεία.
2009 1199 2096 1238 εὈτι
2123 1200 2159 1239 δὲ
2177 1204 2200 1248 ἡ

1181 1252 1336 1306 Κορωνὶς
1351 1255 1386 1293 ἐν
1400 1257 1576 1311 Λακερεία
1589 1257 1672 1311 ᾤκει
1691 1257 1776 1311 πρὸς
1789 1264 1864 1301 ταῖς
1874 1264 2003 1310 πηγαῖς
2020 1262 2080 1296 τοῦ
2098 1258 2202 1310 Ἀμύ-

1181 1325 1239 1364 ρου
1251 1340 1260 1355 ,
1283 1313 1487 1366 Φερεκύδης
1502 1316 1537 1354 ἐν
1551 1316 1674 1369 πρώτῃ
1691 1318 1830 1370 ἱστορεῖ.
1846 1315 1960 1355 Ἔνθα
1978 1316 2128 1371 καὶπερὶ
2142 1321 2202 1355 τοῦ

1179 1368 1327 1422 κόρακος
1346 1372 1535 1424 διηγεῖται,
1549 1373 1608 1413 καὶ
1629 1372 1682 1412 ὅτι
1695 1373 1857 1428 Ἄρτεμιν
1874 1373 2027 1429 ἔπεμψεν
2049 1378 2067 1412 ὁ
2081 1374 2203 1414 Ἀπόλ-

1179 1428 1262 1476 λων,
1286 1429 1308 1477 ἣ
1328 1430 1463 1475 πολλὰς
1491 1431 1567 1484 ἅμα
1597 1438 1764 1484 γυναῖκας
1783 1433 1984 1481 ἀπέκτεινε,
2004 1433 2065 1472 καὶ
2084 1435 2130 1477 ὥς
2144 1434 2202 1472 τὸν

1177 1486 1301 1540 Ἴσχυν
1327 1488 1506 1529 Ἀπόλλων
1535 1491 1680 1539 κτείνει,
1707 1491 1763 1530 τὸν
1784 1491 1820 1530 δὲ
1849 1491 2058 1539 Ἀσκληπιὸν
2084 1491 2203 1530 δίδωσι

1179 1544 1339 1598 Χείρωνι.

1230 1607 1362 1657 Steph.
1378 1611 1468 1657 Byz.
1483 1608 1648 1657 :A‹.'mov‚
1667 1607 1767 1652 πόλις
1785 1608 2048 1652 Θεσσαλίας.
2071 1607 2204 1656 Ἐκλή-

1181 1665 1224 1710 θη
1245 1660 1280 1701 δὲ
1301 1663 1369 1703 ἀπὸ
1388 1665 1524 1710 Δωτίας
1541 1668 1603 1714 τῆς
1633 1665 1785 1705 Ἐλάτου
1800 1682 1807 1690 ·
1831 1666 2035 1720 Φερεκύδης
2057 1665 2112 1714 δὲ,
2131 1666 2201 1705 ἀπὸ

1178 1720 1311 1765 Δώτιος
1330 1727 1391 1761 τοῦ
1413 1723 1588 1777 Ἀστερίου
1604 1754 1613 1772 ,
1640 1725 1700 1763 καὶ
1722 1724 1971 1779 Ἀμφικτυόνης
1994 1727 2057 1772 τῆς
2076 1724 2200 1764 Φθίου.

1231 1783 1327 1826 Quae
1352 1782 1429 1820 huc
1449 1784 1651 1822 referenda
1679 1783 1862 1822 videntur
1880 1792 2041 1835 propter
2066 1793 2200 1822 aucto-

1178 1852 1256 1876 rem
1278 1840 1409 1891 hymni
1430 1845 1542 1880 Hom.
1566 1843 1607 1880 in
1625 1844 1866 1894 AEsculap.v.
1883 1856 1921 1889 2,
1944 1842 2200 1881 ubiAEscula—

1179 1898 1284 1949 pium
1305 1899 1398 1940 dicit

1322 1976 1388 2008 υἱὸν
1405 1976 1593 2014 ’Λπόλλωνος
1605 2001 1613 2017 ,
1631 1979 1684 2010 τὸν
1698 1978 1836 2019 ἐγείνατο
1850 1979 1900 2010 δῖα
1912 1979 2049 2021 Κορωνὶς

1321 2024 1433 2066 Δωτίῳ
1445 2025 1476 2058 ἐν
1492 2025 1602 2067 πεδίῳ,
1618 2026 1715 2069 κούρη
1730 2027 1871 2068 Φλεγύου
1883 2028 2040 2068 βασιλῆος.

1178 2088 1235 2125 Cf.
1258 2088 1437 2128 Strabon.
1458 2092 1588 2141 1X‚p.
1615 2096 1704 2136 442.

119 2143 2197 2174 ...Δ-Ἣ*

89 2195 365 2227 tumvevastissima
379 2194 523 2236 corporis
536 2194 757 2236 magnitudine
779 2194 880 2227 ruisse
895 2196 1077 2228 memorant
1102 2205 1110 2226 :

89 2242 287 2283 Pherecydes
301 2250 376 2274 eum
388 2241 531 2282 Neptuni
544 2250 583 2273 ex
600 2241 738 2283 Euryale
753 2241 857 2273 filium
873 2241 964 2274 dicit.

130 2341 229 2373 Orion
259 2349 361 2382 quum
384 2341 515 2380 Dianae,
537 2349 636 2382 quam
657 2345 828 2373 venantem
868 2341 1084 2373 comitabatur
1100 2365 1110 2382 ‚

90 2387 157 2419 vim
174 2387 287 2420 afferre
299 2389 482 2423 conaretur,
499 2387 558 2419 dea
579 2388 660 2419 irata
678 2396 716 2419 ex
731 2390 815 2419 terra
826 2387 915 2420 misit
931 2388 1111 2429 scorpium,

91 2435 191 2475 quiin
207 2434 356 2466 vertebra
371 2434 487 2467 seriens
508 2442 593 2478 euin.
603 2432 742 2467 necavit.
761 2435 823 2466 Sed
842 2436 862 2467 J
866 2435 971 2476 upiter
984 2436 1113 2468 commi-

91 2488 107 2511 s
126 2480 208 2512 ritus
229 2480 400 2512 collocavit
413 2488 494 2523 ‘eum
523 2481 606 2513 inter
627 2481 742 2513 sidera.
765 2483 872 2519 Quare
902 2481 959 2514 ubi
980 2482 1113 2523 Scorpio

82 2531 110 2558 ‘o
154 2536 202 2566 ur,
218 2526 337 2558 occidit
351 2526 462 2559 Orion.
604 2570 609 2574 x

127 2619 327 2660 Pherecydes
340 2619 419 2652 dicit
434 2621 572 2660 Eliiram,
593 2620 788 2653 orchomeni
802 2620 912 2661 filiam,
928 2630 1033 2666 'quum
1044 2623 1111 2664 Jam

86 2667 218 2707 gravida
230 2668 316 2699 esset
329 2667 423 2700 ,iovis
439 2667 614 2700 concubitu
627 2692 636 2708 ,
654 2668 695 2700 ab
711 2677 749 2700 eo
766 2670 785 2700 J
788 2668 905 2700 unonis
918 2669 1111 2711 zelotypiam

87 2715 216 2759 vermte
231 2713 299 2745 sub
309 2715 427 2745 terram
444 2714 609 2746 detrusam
631 2723 714 2747 esse.
738 2717 860 2747 Verum
881 2717 956 2756 post
974 2719 1111 2750 mortem

85 2759 155 2800 ejus
167 2762 252 2792 terra
266 2759 367 2792 edidit
379 2761 523 2801 Tityum,
541 2761 597 2802 qui
612 2764 781 2803 propterea
796 2761 953 2803 terrigena
965 2763 1110 2796 nomina-

85 2806 138 2837 tus
152 2806 212 2838 est.
493 2807 500 2814 ”

125 2852 309 2893 Pherecyde
324 2853 455 2884 auctore
467 2853 581 2894 Tityus
603 2853 644 2885 ab
656 2854 803 2895 Apolline
815 2857 847 2887 et
861 2856 964 2887 Diana
987 2856 1109 2897 sagittis

85 2898 276 2944 interfectus
294 2901 355 2932 est.
380 2900 441 2931 Sed
464 2900 582 2941 etipse
605 2901 763 2933 Pindarus
779 2901 978 2935 demonstrat
994 2912 1068 2935 eum
1091 2913 1109 2935 a

85 2945 188 2978 Diana
206 2946 330 2987 sagittis
358 2946 548 2987 percussum
565 2947 733 2988 occidisse,
752 2957 817 2989 quo
833 2949 1018 2989 posterioris
1036 2952 1110 2982 aeta-

84 2991 126 3024 tis
141 2988 290 3026 Homines
311 2993 459 3033 exemplo
475 3002 535 3026 suo
550 2999 713 3035 moneret,
731 3005 772 3027 ne
787 2998 932 3036 potentes
955 2997 1108 3029 effrenata

82 3039 258 3080 cupiditate
272 3042 469 3080 appeterent.

123 3137 292 3170 Acusilaus
309 3138 446 3179 Argivus
468 3139 584 3172 Gabii-a
600 3142 632 3172 et
653 3141 801 3172 Vulcano
817 3143 928 3174 natum
944 3143 990 3174 ait
1003 3144 1106 3174 Canii-

81 3183 150 3216 lum
165 3194 172 3215 :
189 3185 250 3217 hoc
258 3187 324 3217 tros
339 3185 486 3226 Cabiros,
499 3195 538 3219 ex
552 3187 604 3219 his
619 3188 785 3229 Nymphas
799 3189 978 3221 Cabiridas.
994 3190 1105 3222 Phere-

82 3230 179 3270 cydes
194 3240 272 3263 vero
283 3240 324 3263 ex
337 3232 484 3274 Apolline
499 3236 531 3265 et
547 3231 668 3275 Rhytia
684 3243 800 3267 novem
818 3236 1031 3276 Corybantes,
1049 3238 1103 3277 qui

82 3277 543 3313 habitaverintin·Samothrace
552 3291 559 3312 ι
569 3290 587 3313 e
596 3281 830 3321 Cabira,Protei
842 3283 1103 3321 lilia‚ctVulfflno

83 3322 217 3356 Cabiros
238 3325 315 3363 tres,
338 3328 371 3358 et
391 3328 556 3368 Nymphas
578 3330 642 3360 tres
665 3329 856 3361 Gabii-idas:
875 3330 1020 3370 utrisque
1043 3339 1100 3361 sua

1177 2203 1268 2228 sacra
1280 2205 1351 2229 esse
1367 2207 1374 2228 :
1391 2197 1532 2230 maxime
1545 2201 1654 2230 autem
1683 2198 1717 2230 in
1738 2200 1861 2231 Lemno
1884 2200 1917 2231 et
1939 2197 2048 2231 Imbro
2065 2198 2198 2232 Cabiros

1174 2244 1299 2284 cultos,
1323 2245 1381 2277 sed
1402 2248 1434 2278 et
1456 2246 1635 2278 secundum
1658 2246 1753 2278 urbes
1775 2246 1889 2279 Troiae.
1913 2246 2053 2279 Nomina
2085 2254 2196 2278 comm

1174 2293 1251 2324 sunt
1266 2292 1414 2334 mystica.

1668 2355 1702 2386 7.

1214 2409 1367 2451 Dactylos
1379 2409 1484 2442 Idaeos
1500 2418 1559 2443 sex
1574 2413 1606 2442 et
1628 2411 1771 2451 quinque
1789 2419 1859 2442 esse
1882 2410 1994 2442 dicunt
2005 2432 2014 2448 ‚
2027 2410 2060 2440 et
2074 2416 2194 2439 mascu-

1172 2456 1222 2489 los
1241 2457 1372 2498 quidem
1388 2466 1407 2489 a
1421 2457 1547 2498 dextra,
1562 2457 1698 2490 feminas
1718 2460 1827 2490 autem
1844 2466 1864 2489 a
1879 2457 2008 2489 sinistra
2022 2457 2112 2496 parte
2133 2454 2193 2486 col-

1172 2503 1295 2535 locatos
1311 2512 1392 2536 esse.
1410 2505 1472 2536 Sed
1484 2505 1684 2545 Pherecydes
1700 2505 1850 2537 dexteros
1863 2503 1975 2544 viginti
1993 2502 2087 2540 dicit,
2120 2501 2192 2532 sini-

1172 2551 1256 2582 stros
1270 2550 1399 2591 triginta
1409 2551 1485 2583 duo.
1497 2551 1747 2592 Praestigiatores
1753 2553 1843 2583 erant
1858 2551 1889 2582 et
1899 2548 2040 2588 venefici,
2056 2555 2115 2579 nec
2126 2555 2190 2578 non

1172 2597 1268 2638 primi
1284 2597 1359 2630 ferri
1379 2598 1510 2639 opifices
1532 2601 1564 2631 et
1579 2598 1729 2631 metallici
1751 2597 1849 2629 fuisse
1871 2596 2050 2628 traduntur.
2068 2596 2190 2627 Nomen

1172 2643 1355 2678 habuerunt
1379 2644 1420 2677 ab
1436 2646 1494 2677 Ida
1514 2648 1627 2677 matre.
1643 2645 1768 2678 Sinistri
1784 2644 1960 2676 secundum
1974 2641 2189 2682 Pherecydem

1171 2692 1419 2732 praestigiatores
1434 2694 1543 2731 erant,
1561 2692 1665 2724 dextri
1684 2701 1760 2723 vero
1777 2689 1957 2731 (praestigia)
1974 2687 2188 2728 resolvebant,

1172 2743 1207 2771 ut
1221 2739 1267 2771 ait
1281 2739 1402 2780 (etiarn)
1417 2739 1612 2772 Hellanicus.

1661 2804 1695 2834 8.

1211 2856 1404 2894 Coronidem
1432 2859 1589 2900 virginem
1616 2859 1757 2891 Laceriae
1778 2857 1938 2889 habitasse
1950 2864 2016 2887 non
2041 2856 2132 2896 longe
2147 2855 2188 2888 ab

1169 2907 1280 2948 Amyri
1295 2907 1438 2939 sontibus
1454 2906 1650 2946 Pherecydes
1664 2906 1770 2936 narrat
1785 2904 1806 2935 l.
1828 2906 1837 2933 ¹
1856 2927 1865 2943 ‚
1883 2903 1940 2934 ubi
1956 2902 2052 2935 etiam
2068 2903 2108 2935 de
2120 2911 2186 2935 cor-

1168 2963 1210 2986 vo
1226 2954 1358 2995 exponit
1375 2953 1441 2994 (qui
1460 2953 1638 2993 Apollinem
1653 2951 1821 2983 certiorem
1834 2950 1908 2982 fecit
1923 2950 2131 2990 coronidem,
2147 2959 2187 2982 ex

1167 3002 1228 3033 deo
1244 3001 1421 3042 gravidam,
1435 3000 1552 3031 coiisse
1567 3007 1642 3030 cum
1656 2998 1781 3039 Ischye,
1798 2997 1882 3030 Elati
1898 2997 1988 3036 filio),
2004 2998 2102 3038 atque
2116 2997 2187 3029 Dia·

1167 3057 1242 3080 nam
1267 3047 1345 3079 dicit
1359 3047 1400 3078 ab
1414 3046 1560 3086 Apolline
1576 3045 1708 3077 missam
1724 3045 1844 3077 multas
1870 3044 1965 3076 simul
1990 3043 2186 3076 interfecisse

1165 3095 1315 3126 mulieres
1328 3094 1414 3134 (quac
1423 3093 1594 3125 Coronidis
1604 3101 1679 3124 cum
1687 3092 1800 3133 Ischye
1806 3091 2015 3124 concubitum
2022 3091 2187 3131 adJuvisse

1166 3141 1339 3180 videntur),
1354 3144 1386 3172 et
1398 3140 1506 3180 ipsum
1520 3139 1699 3180 Apollinem
1718 3138 1876 3171 occidisse
1888 3138 2023 3179 Ischyn,
2042 3138 2184 3170 AEscula-

1164 3189 1254 3228 pium
1270 3197 1346 3219 vero
1359 3186 1580 3218 instruendum
1594 3186 1763 3219 tradidisse
1776 3186 1919 3219 chironi.

1205 3235 1353 3273 Dotium,
1371 3233 1450 3265 urbs
1466 3233 1658 3273 Thessaliae,
1680 3233 1848 3266 nominata
1867 3236 1916 3265 est
1938 3242 1956 3264 a
1971 3232 2084 3273 notia,
2101 3232 2182 3264 Elati

1164 3282 1237 3321 filia3
1252 3280 1449 3320 Pherecydes
1459 3282 1567 3312 autem
1580 3289 1598 3312 a
1613 3280 1742 3321 Dotide‚
1754 3281 1869 3313 Asterii
1883 3289 1923 3312 ex
1936 3280 2182 3322 Amphictyone,

1162 3337 1235 3368 qum
1251 3337 1290 3358 ex
1307 3328 1422 3359 Phthio
1439 3330 1511 3358 nata
1527 3330 1586 3366 est,
1606 3327 1681 3367 fllia,
1699 3336 1815 3360 nomen
1832 3327 1967 3360 derivat.
