2320 3684
660 185 989 228 APOLLODORI
1017 187 1375 231 BIBLIOTHECAE
1403 190 1456 241 ΙΙ,
1485 195 1522 227 8.

24 285 158 329 δέοντος
174 282 296 326 αὐτοὺς
307 278 608 320 κατελθεῖν.Ὅθεν
623 274 850 317 ἀπολιπόντες
866 272 1047 312 Πελοπόν-

23 359 143 393 νησον,
163 340 391 395 ἀνεχώρησαν
405 340 452 382 εἷς
481 337 684 390 Μαραθῶνα
699 364 709 380 ,
728 335 828 372 κάκεῖ
855 331 1046 386 κατῴκουν.

24 401 281 452 3Τληπόλεμος
300 394 380 446 οῧν,
405 395 542 439 κτείνας
564 396 630 447 οὐχ
653 392 742 432 ἑκὼν
768 390 961 442 Λικύμνιον
982 391 992 434 ζ
1003 393 1047 443 τῇ

27 460 202 515 βακτηρία
223 457 292 512 γὰρ
324 459 428 495 αὐτοῦ
457 451 693 508 θεραπεύοντα
717 450 936 499 πλήσσοντος
960 449 1048 487 ὑπέ-

25 520 176 573 δραμε),
195 518 276 572 πρὶν
296 515 441 561 ἐξελθεῖν
460 510 804 564 αὖτὸν(αὖτοὶιςἰ))ε’κ
821 509 1050 555 Πελοποννή-

25 594 109 617 σου·
138 576 272 631 φεύγων
297 567 357 613 οῦν
381 571 458 625 μετ’
475 573 538 611 οὐκ
557 569 704 622 ὀλίγων,
730 564 813 617 ἧκεν
843 569 889 612 εἷς
916 566 1050 617 Ῥόδον,

25 638 125 676 κάκεῖ
145 633 308 688 κατῴκει.

79 693 235 736 μ’Υλλος
257 690 372 738 δὲτὴν
394 689 456 742 μὲν
477 688 591 736 Ἰόλην
620 685 711 726 κατὰ
738 685 802 734 τὴν
832 689 893 724 τοῦ
920 683 1052 738 πατρὸς

26 750 168 799 ἐντολὴν
188 750 310 803 ἔγημε·
326 747 390 796 τὴν
410 749 448 786 δὲ
463 746 610 786 κάθοδον
626 745 740 793 ἐζήτει
764 750 835 790 τοῖς
859 742 1050 798 “Ηρακλεί-

27 811 102 854 δαις
124 808 423 864 κατεργάσασθαι.
439 805 504 846 Διὸ
521 804 802 859 παραγενόμενος
822 805 870 846 εἷς
886 801 1052 857 Δελφοὺς,

27 869 261 917 ἐπυνθάνετο,
290 869 365 911 πῶς
390 865 430 904 ἂν
457 865 669 904 κατέλθοιεν.
698 863 743 903 Ὁ
767 862 804 902 δὲ
827 861 900 907 θεὸς
930 861 1055 916 ἔφησε,

27 928 294 983 περιμείναντας
307 926 365 965 τὸν
374 924 488 979 τρίτον
507 923 642 977 καρπὸν
657 921 901 978 κατέρχεσθαι.
919 919 1056 972 5Νομί--

29 1003 92 1032 σας
113 986 150 1026 δὲ
167 986 300 1029 Ὕλλος
323 984 437 1038 τρίτον
466 982 600 1037 καρπὸν
622 981 787 1034 λέγεσθαι
803 980 866 1029 τὴν
886 980 1054 1035 τριετίαν,

29 1040 191 1086 τοσοῦτον
205 1043 407 1099 περιμείνας
420 1042 544 1098 χρόνον
556 1041 619 1080 σὺν
633 1043 682 1095 τῷ
696 1042 836 1094 στρατῷ
850 1038 1055 1092 κατῄει*’“*

30 1109 93 1144 τοῦ
120 1104 334 1159 Ἡρακλέους
361 1102 419 1142 ἐπὶ
446 1099 738 1149 Πελοπόννησον,
762 1102 965 1151 Τισαμενοῦ
994 1102 1056 1137 τοῦ

32 1163 199 1218 Ὀρέστου
220 1162 460 1217 βασιλεύοντος
476 1157 782 1206 Πελοποννησίων.
813 1157 885 1197 Καὶ
910 1155 1057 1208 γενομέ-

31 1239 98 1271 νης
111 1222 217 1261 πάλιν
234 1222 367 1275 μάχης,
382 1222 505 1260 νικῶσι
519 1217 809 1266 Πελοποννήσιοι,
828 1216 888 1256 καὶ
904 1215 1059 1270 Ἀριστό-

33 1297 146 1335 μαχος
165 1281 319 1328 θνήσκει.

85 1339 209 1379 ὃἘπεὶ
219 1338 256 1378 δὲ
265 1338 491 1392 ἠνδρώθησαν
503 1339 533 1376 οἱ
542 1334 754 1388 [Κλεολάου]
764 1335 897 1382 παῖδες,
906 1335 1059 1388 ἐχρῶντο

33 1399 113 1454 περὶ
132 1398 292 1438 καθόδου.
310 1400 383 1437 Τοῦ
404 1400 480 1435 θεοῦ
501 1395 537 1434 δὲ
554 1395 721 1442 εἰπόντος,
741 1393 762 1432 ὅ
776 1410 811 1433 τι
830 1393 889 1432 καὶ
908 1393 948 1431 τὸ
967 1391 1058 1446 πρό-

33 1474 146 1513 τερον,
166 1457 326 1509 Τήμενος
349 1458 472 1509 ᾐτιᾶτο
490 1454 601 1506 λέγων
615 1483 624 1501 ,
642 1451 755 1506 τούτῳ
774 1451 959 1491 πεισθέντα
977 1453 1061 1489 ἀτυ-

34 1520 157 1570 χῆσαι.
177 1518 193 1543 7
210 1516 255 1555 ‘O
274 1515 311 1553 δὲ
331 1515 403 1558 θεὸς
429 1517 547 1552 ἀνεῖπε
559 1544 568 1562 ,
587 1515 657 1551 τῶν
686 1510 926 1564 ἀτυχημάτων
941 1509 1061 1554 αὐτοὺς

35 1575 165 1620 αἰτίους
188 1568 294 1614 εἶναι·
313 1572 392 1616 τοὺς
410 1571 478 1627 γὰρ
495 1570 678 1626 χρησμοὺς
693 1571 732 1609 οὒ
757 1569 991 1621 συμὸάλλειν·
1005 1569 1062 1608 λέ-

35 1650 107 1687 γειν
127 1632 195 1687 γὰρ
206 1635 243 1672 οὗ
261 1635 340 1684 γῆς,
355 1630 447 1671 ἀλλὰ
468 1637 587 1683 γενεᾶς
599 1629 734 1684 καρπὸν
749 1628 863 1684 τρίτον
874 1659 883 1677 ,
902 1627 963 1667 καὶ
980 1644 1060 1666 στε-

39 1692 170 1747 νυγρὰν
183 1691 247 1739 τὴν
268 1690 519 1745 εὐρυγάστορα,
537 1688 649 1734 δεξιὰν
663 1687 754 1727 κατὰ
767 1688 826 1727 τὸν
846 1687 905 1726 τὸν
922 1686 1061 1738 Ἰσθμὸν

37 1751 162 1805 ἔχοντα
196 1750 260 1798 τὴν
295 1749 487 1788 θάλασσαν.
509 1750 528 1775 ⁸
549 1750 675 1787 Ταῦτα
694 1747 854 1799 Τήμενος
890 1745 1062 1793 ἀκούσας,

37 1810 204 1862 ἡτοίμαζε
223 1809 281 1848 τὸν
311 1807 471 1862 στρατὸν,
498 1806 559 1846 καὶ
575 1810 657 1850 ναῦς
674 1805 827 1854 ἐπήξατο
845 1808 907 1852 τῆς
925 1804 1060 1858 Λοκρί-

38 1869 93 1913 δος
112 1868 192 1907 ἔνθα
210 1872 270 1907 νῦν
291 1867 352 1906 ἀπ’
372 1866 503 1905 ἐκείνου
523 1869 542 1904 ὃ
558 1864 662 1909 τόπος
681 1863 895 1908 Ναύπακτος
907 1863 1061 1916 λέγεται.

38 1927 161 1973 9Ἐκεῖ
181 1926 217 1966 δὲ
233 1926 328 1970 ὄντος
350 1930 411 1964 τοῦ
426 1923 704 1979 στρατεύματος,
729 1923 975 1978 Ἀριστόδημος
1001 1939 1064 1962 κε-

40 1986 221 2040 ραυνωθεὶς
247 1984 415 2033 ἀπέθανε,
447 1984 577 2027 παῖδας
607 1982 812 2022 καταλιπὼν
844 1981 878 2028 ἐξ
910 1983 1065 2035 Ἀργείας

39 2047 100 2092 τῆς
130 2044 341 2088 Αὐτεσίωνος
364 2042 544 2094 διδύμους,
575 2041 775 2095 Εὐρυσθένη
793 2041 851 2080 καὶ
882 2041 1060 2095 Προκλέα.

41 2104 94 2156 (3)
109 2103 247 2151 Συνέὸη
267 2102 303 2141 δὲ
322 2102 383 2141 καὶ
400 2102 456 2140 τὸν
471 2100 619 2154 στρατὸν
636 2103 669 2139 ἐν
684 2099 888 2153 Ναυπάκτῳ
903 2107 1065 2154 συμφορᾷ

30 2169 248 2217 περιπεσεῖν.
276 2162 414 2215 Ἐφάνη
433 2159 502 2214 γὰρ
522 2162 640 2203 αὐτοῖς
667 2159 788 2211 μάντις
808 2159 989 2213 χρησμοὺς
1010 2158 1066 2197 λέ-

40 2236 110 2274 γων
130 2221 189 2259 καὶ
204 2220 383 2265 ἐνθεάζων,
407 2219 444 2257 ὃν
463 2218 627 2270 ἐνόμισαν
648 2217 757 2269 μάγον
778 2212 880 2268 εἶναι,
898 2218 956 2256 ἐπὶ
968 2217 1063 2271 λύμῃ

41 2284 101 2318 τοῦ
136 2283 284 2333 στρατοῦ
326 2278 411 2333 πρὸς
455 2276 744 2324 Πελοποννησίων
786 2277 1065 2328 ἀπεσταλμένον.

43 2339 195 2376 2Τοῦτον
226 2336 343 2390 βαλὼν
370 2336 519 2390 ἀκοντίῳ
548 2335 737 2384 Ἱππότης,
764 2338 781 2373 ὁ
798 2334 983 2379 Φύλαντος
1005 2339 1066 2374 τοῦ

43 2395 219 2448 Ἄντίοχου
237 2399 297 2434 τοῦ
313 2394 540 2448 Ἡρακλέους,
577 2394 694 2447 τυχὼν
724 2393 936 2432 ἀπέκτεινεν.
962 2393 1066 2433 Οὕτω

43 2454 80 2493 δὲ
97 2454 281 2507 γενομένου
301 2454 441 2501 τούτου,
467 2453 507 2492 τὸ
528 2454 590 2505 μὲν
614 2452 788 2502 ναυτικὸν,
811 2454 1065 2507 διαρθαρεισῶν

42 2516 110 2552 τῶν
127 2516 228 2565 νεῶν,
249 2512 428 2552 ἀπώλετο·
452 2514 491 2551 τὸ
510 2512 546 2551 δὲ
565 2512 666 2557 πεζὸν
692 2511 848 2565 ἠτύχησε
865 2514 959 2566 λιμῷ
971 2542 980 2559 ,
1007 2513 1067 2552 καὶ

45 2572 180 2620 διελύθη
199 2572 239 2611 τὸ
256 2572 469 2625 στράτευμα.
486 2571 697 2626 3Χρωμένου
712 2570 749 2609 δὲ
764 2571 844 2624 περὶ
861 2574 923 2618 τῆς
939 2587 1068 2625 συμφο-

46 2637 105 2683 ρᾶς
120 2630 296 2683 Τημένου,
316 2631 376 2670 καὶ
393 2635 454 2670 τοῦ
475 2634 552 2670 θεοῦ
575 2629 633 2669 διὰ
649 2635 709 2669 τοῦ
731 2630 888 2682 μάντεως
908 2630 1067 2682 γενέσθαι

45 2693 155 2728 ταῦτα
173 2689 349 2741 λέγοντος,
370 2690 429 2728 καὶ
445 2689 643 2733 κελεύοντος
664 2690 881 2744 φυγαδεῦσαι
905 2689 988 2728 δέκα
1005 2689 1065 2737 ἔτη

46 2746 102 2787 τὸν
120 2748 298 2800 ἀνελόντα7
313 2748 372 2786 καὶ
385 2748 588 2801 χρήσασθαι
602 2748 747 2800 ἡγεμόνι
763 2750 813 2802 τῷ
826 2749 1066 2803 τριοφθάλμῳ,

47 2806 104 2845 τὸν
131 2805 193 2858 μὲν
212 2806 383 2854 Ἱππότην
415 2808 652 2861 ἐφυγάδευσαν
665 2837 674 2854 ,
701 2807 759 2845 τὸν
777 2806 814 2845 δὲ
833 2807 1067 2861 τριόφθαλμον

49 2864 198 2912 ἐζήτουν.
213 2869 229 2894 4
239 2866 310 2905 Καὶ
325 2866 634 2919 περιτυγχάνουσιν
644 2865 782 2920 Ὀξύλῳ
800 2869 851 2920 τῷ
862 2867 1068 2920 Ἀνδραίμο-

49 2937 114 2970 νος,
133 2924 184 2976 ἐφ’
195 2923 305 2963 ἵππου
321 2924 509 2978 καθημένῳ
526 2925 774 2979 μονοφθάλμῳ·
788 2925 847 2964 τὸν
867 2924 934 2978 γὰρ
952 2925 1067 2980 ἕτερον

50 2983 116 3021 τῶν
133 2984 319 3043 ὀφθαλμῶν
336 2983 528 3023 ἐκκέκοπτο
545 2983 652 3038 τόξῳ·
679 2984 736 3022 ἐπὶ
765 2983 858 3038 φόνῳ
883 2984 951 3039 γὰρ
972 2993 1068 3030 οὺτος

51 3040 164 3094 φυγὼν
183 3043 230 3085 εἷς
253 3043 353 3081 Ἦλιν
366 3072 376 3090 ,
398 3043 486 3094 [καὶ]
508 3044 635 3082 ἐκεῖθεν
656 3045 702 3087 εἷς
721 3042 896 3082 Αἰτωλίαν
909 3074 919 3091 ,
949 3046 1067 3083 ἐνιαυ-

51 3103 110 3138 τοῦ
129 3099 202 3153 [δὲ]
220 3101 406 3145 διελθόντος
418 3131 428 3149 ,
452 3102 680 3155 ἐπανήρχετο.
703 3104 719 3128 5
735 3103 981 3154 Συμὸαλόντες
1009 3099 1066 3142 οὖν

52 3156 108 3196 τὸν
125 3159 299 3212 χρησμὸν,
315 3165 435 3199 τοῦτον
455 3161 613 3212 ἡγεμόνα
626 3165 817 3200 ποιοῦνται.
838 3162 911 3201 Καὶ
931 3161 1069 3212 συμὸα-

52 3215 165 3261 λόντες
192 3224 263 3265 τοῖς
289 3221 487 3270 πολεμίοις,
509 3220 569 3258 καὶ
589 3223 638 3273 τῷ
655 3222 749 3273 πεζῷ
769 3220 829 3258 καὶ
847 3223 898 3273 τῷ
915 3223 1067 3272 ναυτικῷ

41 3279 256 3330 ’προτεροῦσι
283 3281 422 3331 στρατῷ
438 3307 448 3326 ,
483 3278 542 3317 καὶ
573 3278 772 3330 Τισαμενὸν
805 3279 976 3317 κτείνουσι
1007 3278 1066 3317 τὸν

55 3331 232 3386 Ὀρέστου.
275 3337 475 3383 Θνήσκουσι
518 3336 555 3374 δὲ
583 3341 849 3388 συμμαχοῦντες
887 3338 1002 3378 αὐτοῖς
1037 3338 1066 3373 οἱ

56 3392 217 3443 Αἰγιμίου
234 3395 365 3441 παῖδες,
390 3395 582 3447 Πάμφυλος
597 3396 657 3433 καὶ
676 3395 806 3446 Δύμας.

2057 192 2128 226 149

1109 287 1328 329 Peloponneso
1338 313 1347 329 ‚
1363 289 1585 322 Marathonem
1597 289 1795 321 recesserunt
1813 286 1922 328 ibique
1933 284 2130 317 habitarunt.

1111 361 1210 393 ³Ante
1224 369 1302 393 vero
1313 370 1412 402 quam
1422 370 1462 394 ex
1475 361 1696 403 Peloponneso
1709 356 2133 398 recessissent,Tlepolemus

1107 430 1313 471 Licymnium
1341 431 1530 472 imprudens
1548 431 1679 464 occidit.
1698 431 1791 470 (Nam
1809 437 1912 470 quum
1927 426 2134 469 Tlepolemus

1109 508 1240 532 servum
1255 500 1373 532 baculo
1387 502 1556 542 percutere
1573 501 1689 540 vellet,
1705 499 1894 542 Licymnius
1915 498 2134 532 interveniens

1109 568 1230 601 vulnus
1246 570 1393 610 recepit.)
1416 570 1561 602 Exulans
1583 570 1682 612 igitur
1697 579 1772 602 cum
1795 568 1881 602 haud
1904 568 2020 610 exigua
2035 575 2131 600 manu

1109 641 1261 674 Rhodum
1276 642 1378 683 venit,
1391 642 1503 683 ibique
1514 642 1621 676 sedem
1635 643 1698 675 sibi
1713 643 1892 676 constituit.

1152 703 1166 723 ⁴
1177 700 1292 742 Hyllus
1305 709 1346 733 ex
1360 701 1464 742 patris
1478 701 1614 743 imperio
1629 703 1718 735 Iolen
1735 702 1829 735 duxit
1846 704 1942 743 atque
1957 700 2136 734 Heraclida-

1112 778 1186 802 rum
1198 769 1339 802 reditum
1356 769 1508 802 studebat
1522 770 1657 803 efficere.
1680 773 1787 810 Quare
1804 771 1947 813 Delphos
1971 769 2136 812 profectus

1113 838 1298 871 sciscitatus
1312 840 1373 879 est,
1388 847 1528 879 quanam
1541 839 1666 872 ratione
1680 839 1799 872 reverti
1814 842 1957 881 possent.
1976 838 2039 872 Cui
2055 837 2136 870 deus

1114 908 1292 951 respondit,
1306 908 1335 940 si
1347 908 1479 941 tertium
1488 908 1631 941 fructum
1641 910 1876 949 exspectarent,
1886 908 2048 941 redituros
2055 914 2136 940 esse.

1114 980 1250 1022 ¹⁵Hyllus
1262 979 1395 1012 tertium
1408 979 1550 1011 fructum
1562 979 1737 1012 triennium
1749 979 1813 1011 dici
1822 979 2006 1018 arbitratus,
2021 978 2054 1011 id
2065 978 2141 1011 tem·

1114 1051 1202 1093 poris
1217 1059 1319 1093 quum
1334 1051 1562 1092 exspectasset,
1588 1059 1664 1082 cum
1686 1050 1827 1082 exercitu
1851 1049 1956 1081 rediit.
1972 1047 2143 1088 *mesum

1112 1121 1250 1162 plura.)
1267 1121 1302 1139 *³*
1320 1120 1468 1153 Herculis
1483 1120 1516 1152 in
1536 1120 1802 1162 Peloponnesum,
1824 1123 1974 1160 regnante
1989 1118 2033 1150 ibi
2057 1120 2142 1151 Tisa-

1116 1199 1212 1223 meno
1228 1190 1294 1223 filio
1308 1191 1444 1224 Orestis.
1463 1193 1511 1223 Ac
1526 1199 1612 1222 nova
1631 1199 1738 1232 pugna
1752 1189 1927 1222 commissa
1942 1189 2078 1221 vincunt
2091 1190 2143 1220 Pe-

1117 1260 1296 1302 loponnesii
1307 1261 1340 1293 et
1355 1261 1598 1293 Aristomachus
1613 1259 1789 1292 occumbit.

1160 1345 1244 1377 “Ubi
1260 1353 1338 1378 vero
1351 1343 1566 1377 Aristomachi
1576 1343 1631 1376 filii
1648 1343 1690 1375 ad
1705 1331 1832 1375 Girilem
1850 1344 1977 1375 aetatem
1995 1349 2145 1383 pervene-

1119 1406 1204 1444 rant,
1221 1403 1262 1436 de
1277 1402 1382 1435 reditu
1404 1402 1570 1434 oraculum
1593 1401 1837 1433 consuluerunt.
1861 1402 1928 1432 Deo
1950 1399 2036 1431 idem
2058 1398 2146 1440 quod

1120 1464 1214 1495 antea
1227 1461 1458 1503 respondente,
1475 1463 1635 1493 Temenus
1649 1459 1878 1502 expostulavit,
1899 1459 1977 1492 huic
2002 1468 2036 1492 se
2051 1459 2146 1492 fidem

1121 1522 1275 1554 habentes
1290 1530 1357 1553 rem
1368 1521 1506 1562 gessisse
1521 1519 1700 1552 infeliciter.
1716 1523 1728 1541 ⁷
1742 1520 1864 1552 Contra
1885 1519 1966 1552 deus
1981 1518 2148 1560 respondit

1121 1579 1210 1621 ipsos
1226 1579 1447 1611 calamitatum
1462 1588 1595 1611 suarum
1612 1579 1761 1615 auctores
1780 1578 1896 1617 fuisse,
1913 1576 2001 1618 quod
2018 1576 2149 1608 oracula

1122 1648 1186 1671 non
1200 1639 1286 1671 recte
1299 1637 1542 1671 intellexissent.
1559 1639 1630 1669 Non
1653 1636 1740 1669 enim
1762 1639 1855 1668 terrae
1875 1645 1929 1675 se,
1952 1635 2007 1668 sed
2025 1644 2150 1676 genera·

1121 1698 1220 1730 tionis
1231 1697 1365 1730 tertium
1379 1697 1522 1729 fructum
1535 1696 1688 1736 indicare,
1705 1697 1738 1728 et
1749 1695 1914 1736 angustias
1927 1695 2053 1727 latioris
2066 1694 2150 1727 alvei

1124 1765 1212 1789 mare
1228 1756 1419 1797 significare,
1432 1755 1521 1797 quod
1534 1764 1553 1787 a
1568 1755 1682 1788 dextra
1699 1757 1783 1787 esset
1802 1764 1859 1796 per
1872 1755 2032 1786 Isthmum
2051 1754 2150 1795 ingre-

1123 1816 1223 1848 dienti
1246 1815 1514 1857 Peloponnesum.
1531 1818 1545 1836 Β
1559 1816 1640 1852 Quae
1663 1823 1763 1855 quum
1781 1813 1939 1846 audiisset
1967 1815 2129 1846 Temenus
2141 1836 2150 1851 ‚

1123 1875 1302 1908 exercitum
1318 1874 1445 1916 paravit
1460 1876 1492 1906 et
1506 1882 1604 1906 naves
1620 1873 1780 1915 compegit
1793 1873 1827 1905 in
1841 1872 1986 1905 Locridis
1998 1873 2081 1911 loco,
2095 1873 2151 1913 qui

1124 1943 1212 1967 nunc
1227 1934 1268 1966 ab
1283 1934 1344 1966 hac
1361 1943 1394 1966 re
1427 1935 1613 1975 Naupactus
1650 1935 1797 1965 vocatur.
1813 1939 1828 1958 ο
1844 1935 1930 1965 Dum
1957 1932 2003 1965 ibi
2034 1933 2152 1964 exerci-

1125 1997 1178 2026 tus
1191 1995 1287 2033 esset,
1305 1993 1540 2032 Aristodemus,
1557 1992 1677 2025 relictis
1692 2001 1730 2025 ex
1755 1992 1851 2033 Argia
1873 1992 2058 2024 Autesionis
2089 1992 2152 2024 filia

1124 2053 1261 2094 geminis
1275 2076 1285 2092 ,
1311 2052 1515 2093 Eurysthene
1534 2054 1566 2084 et
1581 2051 1694 2083 Procle
1707 2075 1716 2091 ‚
1736 2051 1870 2083 fulmine
1886 2051 1969 2083 ictus
1985 2051 2150 2083 occubuit.

1127 2113 1172 2154 (3)
1204 2112 1333 2144 Accidit
1367 2120 1444 2143 vero
1482 2113 1519 2142 ut
1551 2110 1649 2142 etiam
1694 2110 1855 2143 exercitus
1865 2134 1873 2149 ‚
1903 2111 1959 2151 qui
1995 2110 2152 2151 Naupacti

1125 2172 1216 2211 erat,
1246 2171 1280 2202 in
1300 2179 1449 2211 magnam
1469 2169 1686 2202 calamitatem
1712 2169 1880 2202 incideret.
1908 2170 1973 2203 lllis
1999 2171 2085 2203 enim
2102 2180 2153 2212 ap-

1125 2231 1233 2272 paruit
1248 2232 1338 2263 vates
1370 2230 1500 2262 oracula
1531 2229 1670 2261 fundens
1686 2232 1718 2261 et
1740 2229 1873 2262 numine
1901 2230 2015 2270 plenus
2030 2253 2038 2268 ‚
2056 2239 2151 2271 quem

1128 2298 1259 2330 magum
1274 2298 1345 2322 esse
1358 2288 1514 2330 putabant
1530 2289 1564 2321 in
1585 2290 1747 2322 exercitus
1772 2289 1945 2331 perniciem
1968 2299 1986 2321 a
2004 2290 2153 2330 Pelopon-

1126 2349 1226 2381 nesiis
1245 2348 1438 2390 delegatum.
1455 2349 1469 2368 ²
1481 2350 1575 2380 Hunc
1588 2349 1743 2389 Hippotes
1766 2349 1933 2390 Phylantis
1947 2373 1956 2389 ,
1981 2347 2128 2380 Antiochi
2143 2371 2152 2387 ‚

1127 2409 1274 2441 Herculis
1286 2432 1295 2448 ‚
1325 2408 1432 2450 jaculo
1488 2417 1677 2449 percussum
1713 2408 1886 2440 interfecit.
1932 2409 2005 2445 Quo
2042 2406 2126 2438 facto
2141 2429 2150 2445 ,

1126 2468 1239 2500 classis
1254 2468 1398 2509 disjectis
1413 2467 1553 2507 navibus
1568 2466 1703 2507 interiit,
1720 2476 1757 2499 ac
1773 2467 1936 2508 pedestres
1952 2466 2053 2506 copiae
2068 2465 2152 2496 same

1127 2529 1318 2566 consumme,
1333 2527 1483 2568 totusque
1497 2526 1659 2559 exercitus
1671 2526 1847 2558 dissolutus
1863 2528 1922 2558 est.
1935 2529 1949 2547 ⁵
1958 2527 2097 2556 Temeno
2112 2522 2153 2555 de

1127 2586 1309 2619 calamitate
1323 2586 1490 2618 oraculum
1502 2586 1696 2625 sciscitante,
1705 2585 1786 2617 deus
1796 2588 1926 2626 propter
1937 2584 2019 2615 vatis
2030 2583 2151 2615 caedem

1127 2645 1188 2677 hoc
1202 2646 1356 2677 accidisse
1381 2645 1557 2686 respondit,
1566 2644 1725 2685 jussitque
1738 2652 1793 2684 per
1815 2642 2003 2674 decennium
2029 2641 2152 2673 interse-

1127 2708 1250 2738 ctorem
1261 2706 1403 2744 exulare,
1415 2704 1478 2746 ipsi
1488 2706 1596 2737 autem
1610 2703 1745 2735 trIOculo
1759 2702 1840 2733 duce
1855 2702 2030 2732 uterentur.
2046 2701 2153 2737 Quare

1130 2765 1292 2806 Hippoten
1315 2764 1414 2796 exilio
1442 2763 1637 2801 multarunt;
1660 2761 1839 2801 quaerentes
1855 2768 1933 2791 vero
1955 2759 2151 2798 trioculum‚

1128 2835 1141 2854 ι
1152 2825 1282 2858 obviam
1299 2824 1380 2855 fiunt
1391 2822 1506 2863 Oxylo,
1525 2819 1761 2858 Andraemonis,
1773 2827 1892 2859 equum
1909 2817 2061 2849 insidenti
2077 2826 2153 2849 uno-

1127 2883 1249 2923 culum,
1259 2891 1333 2913 nam
1346 2881 1425 2912 alter
1433 2880 1462 2912 ei
1473 2879 1639 2911 oculorum
1654 2877 1767 2917 sagitta
1775 2885 1933 2909 excussus
1947 2878 2025 2908 erat.
2043 2878 2075 2908 ls
2091 2885 2152 2909 cae·

1128 2942 1178 2974 dis
1194 2942 1328 2982 patratae
1344 2947 1458 2971 caussa
1472 2938 1504 2968 in
1518 2937 1642 2969 Elidem
1655 2936 1821 2967 exulatum
1838 2935 1970 2973 abierat,
1981 2935 2048 2975 jam
2062 2944 2149 2975 vero,

1128 3010 1212 3032 anno
1225 3000 1430 3035 circumacto,
1446 2997 1477 3027 in
1492 2995 1640 3027 AEtoliam
1655 2993 1997 3026 revertebatur.⁵Hunc
2007 2995 2104 3034 igitur
2111 2995 2152 3027 ab

1128 3059 1257 3090 oraculo
1266 3055 1434 3097 significari
1442 3054 1633 3085 arbitrantes
1641 3051 1823 3084 exercitusd
1834 3061 1925 3084 ucem
1934 3053 2148 3085 constituunt.

1127 3118 1233 3155 Atque
1247 3123 1321 3146 cum
1337 3111 1484 3144 hostibus
1500 3118 1608 3151 pugna
1619 3109 1782 3150 congressi
1799 3111 1881 3142 terra
1896 3109 2042 3151 marique
2058 3119 2149 3151 supe-

1127 3175 1225 3206 riores
1238 3159 1421 3208 discedunt,
1432 3172 1464 3202 et
1473 3169 1680 3201 Tisamenum
1692 3168 1817 3201 Orestis
1826 3168 1931 3201 filium
1940 3169 2147 3203 interficiunt.

1128 3229 1334 3262 occumbunt
1362 3228 1471 3259 autem
1496 3235 1533 3257 ex
1563 3225 1659 3266 sociis
1692 3234 1804 3267 eorum
1834 3226 1963 3267 AEgimii
1979 3226 2035 3258 filii
2059 3229 2148 3260 Pam-

1126 3287 1242 3328 phylus
1265 3289 1296 3318 et
1315 3288 1446 3326 Dymas.
