2320 3684
838 163 1032 202 EPHORI
1060 161 1123 200 FR
1132 161 1392 200 AGMENTA.

58 264 130 303 τοῖς
143 256 310 310 πολέμοις
326 259 534 310 κρατοῦντος
553 254 682 301 αὐτῶν,
711 250 790 295 τοὺς
815 250 878 303 μὲν
898 252 1082 303 Κουρῆτας

59 319 108 362 εἷς
141 317 204 365 τὴν
235 320 294 356 νῦν
324 312 542 365 καλουμένην
576 309 804 364 Ἀκαρνανίαν
824 312 1056 362 ὑποχωρῆσαι
1071 337 1082 357 ,

59 376 138 419 τοὺς
154 376 184 414 δ’
201 373 388 422 Αἰτωλοὺς,
406 369 699 425 συγκατελθόντας
729 369 899 416 Ἐπειοῖς,
930 366 992 410 τὰς
1017 367 1084 418 ἀρ-

59 433 251 487 χαιοτάτας
272 431 388 471 κτίσαι
409 432 478 468 τῶν
498 431 532 468 ἐν
554 427 709 481 Αἰτωλίᾳ
727 426 862 465 πόλεων
881 442 890 451 ·
911 425 1038 477 δεκάτῃ
1056 423 1084 461 δ’

59 491 201 545 ὕστερον
225 497 326 544 γενεᾷ
353 488 416 537 τὴν
441 481 548 528 Ἦλιν
575 487 643 526 ὑπὸ
666 485 815 531 Ὀξύλου
844 488 904 523 τοῦ
933 483 1086 535 Αἵμονος

60 553 336 598 συνοικισθῆναι,
353 546 603 602 περαιωθέντος
617 549 656 585 ἐκ
673 550 736 594 τῆς
754 543 942 588 Αἰτωλίας.
956 545 1084 596 Παρα-

60 608 178 657 τίθησι
206 609 243 646 δὲ
277 608 337 647 καὶ
365 605 497 647 τούτων
519 604 696 658 μαρτύρια
728 602 774 642 τὰ
812 602 1086 656 ἐπιγράμματα,

63 666 178 718 τὸμὲν
199 669 234 706 ἐν
253 667 406 720 Θερμοῖς
421 668 483 712 τῆς
503 663 698 707 Αἰτωλίας,
720 662 806 701 ὅπου
829 661 891 705 τὰς
918 663 1088 714 ἀρχαιρε-

63 725 139 769 σίας
157 728 330 765 ποιεῖσθαι
347 725 493 778 πάτριον
512 726 627 768 αὐτοῖς
645 725 738 762 ἐστιν
750 753 760 772 ,
784 719 1088 774 ἐγκεχαραγμένον

61 788 105 838 τῇ
127 784 227 838 βάσει
239 787 301 831 τῆς
313 785 473 823 Αἰτωλοῦ
487 782 615 826 εἰκόνος
626 798 635 806 ·

145 851 254 893 Χώρης
268 851 442 890 οἰκιστῆρα,
459 849 532 891 παρ’
547 848 684 888 Ἀλφειοῦ
697 857 775 878 ποτε
788 846 883 882 δίναις

227 898 405 941 τρεφθέντα,
418 896 551 929 σταδίων
566 894 677 936 γείτον’
694 892 914 934 Ὀλυμπιάδος,

147 944 352 987 Ἐνδυμίωνος
365 945 450 976 παῖδ’
466 942 604 975 Αἰτωλὸν
617 941 697 973 τόνδ’
712 941 863 978 ἀνέθηκαν

229 992 371 1030 Αἰτωλοὶ,
388 991 531 1032 σφετέρας
547 989 639 1030 μνῆμ’
654 987 763 1030 ἀρετῆς
778 988 902 1029 ἐσορᾶν.

65 1043 118 1084 Τὸ
129 1044 158 1082 δ’
167 1045 202 1083 ἐν
210 1046 253 1096 τῇ
266 1046 375 1097 ἀγορᾷ
384 1045 453 1081 τῶν
464 1041 612 1082 Ἠλείων
621 1041 677 1080 ἐπὶ
687 1043 738 1094 τῷ
746 1039 894 1085 Ὀξύλου
902 1038 1091 1092 ἀνδριάντι·

148 1109 284 1145 Αἰτωλός
298 1120 373 1140 ποτε
387 1108 475 1140 τόνδε
489 1108 587 1139 λιπὼν
603 1106 776 1147 αὐτόχθονα
790 1106 886 1146 δῆμον

229 1156 367 1193 κτήσατο
381 1156 531 1197 Κουρῆτιν
545 1157 602 1195 γῆν
616 1154 680 1195 δορὶ
697 1152 796 1185 πολλὰ
810 1152 931 1193 καμών.

149 1204 212 1244 Τῇς
226 1203 252 1234 δ’
267 1203 360 1240 αὐτῆς
375 1204 480 1243 γενεᾶς
495 1200 725 1242 δεκατόσπορος
740 1200 871 1240 Αἵμονος
885 1199 949 1236 υἱὸς

232 1249 355 1285 Ὀξύλος
369 1249 501 1291 ἀρχαίην
519 1248 625 1280 ἔκτισε
639 1247 731 1284 τήνδε
744 1246 844 1278 πόλιν.

68 1299 145 1348 Τὴν
166 1299 228 1352 μὲν
250 1294 308 1338 οὖν
332 1298 532 1352 συγγένειαν
550 1298 614 1347 τὴν
645 1297 732 1351 πρὸς
761 1297 933 1345 ἀλλήλους
963 1300 1032 1337 τῶν
1057 1313 1096 1337 τε

70 1359 219 1399 Ἠλείων
238 1359 298 1398 καὶ
314 1361 383 1398 τῶν
409 1359 577 1398 Αἰτωλῶν
605 1359 714 1411 ὀρθῶς
738 1357 1008 1409 ἐπισημαίνεται
1040 1356 1098 1396 διὰ

69 1423 139 1458 τῶν
156 1418 446 1473 ἐπιγραμμάτων,
468 1416 790 1469 ἐξομολογουμένων
809 1419 952 1471 ἀμφοῖν,
972 1418 1011 1455 οὗ
1032 1416 1095 1464 τὴν

71 1477 273 1530 συγγένειαν
283 1477 416 1537 μόνον,
447 1477 538 1515 ἀλλὰ
567 1476 626 1515 καὶ
650 1475 690 1514 τὸ
713 1474 912 1530 ἀρχηγέτας
934 1475 1096 1523 ἀλλήλων

72 1529 160 1574 εἶναι
173 1551 182 1559 ·
202 1535 245 1573 δι’
265 1538 304 1573 οὓ
327 1536 441 1578 καλῶς
468 1533 641 1587 ἐξελέγχει
662 1531 894 1586 ψευδομένους
920 1533 1001 1578 τοὺς
1031 1534 1099 1588 φά-

71 1609 217 1637 σκοντας
227 1596 296 1631 τῶν
308 1591 371 1644 μὲν
383 1594 552 1632 Αἰτωλῶν
565 1591 728 1635 ἀποίκους
739 1585 915 1636 εἶναιτοὺς
927 1591 1099 1643 Ἠλείους,

73 1650 123 1704 μὴ
139 1651 258 1703 μέντοι
273 1653 342 1690 τῶν
358 1650 507 1690 Ἠλείων
521 1649 601 1693 τοὺς
617 1649 804 1694 Αἰτωλούς.

125 1711 269 1749 Eadem
283 1710 323 1748 in
344 1709 499 1748 brevius
519 1717 714 1747 contracta
731 1709 942 1748 secundum
965 1711 1101 1763 Ephe-

73 1783 158 1807 rum
178 1777 310 1807 narrat
325 1771 512 1819 Scymnus
536 1768 604 1806 Ch.
628 1774 717 1815 471.

127 1887 265 1926 Strabo
301 1891 381 1936 IX,
409 1901 449 1939 p.
474 1889 565 1936 616,
597 1902 630 1926 c.
664 1901 702 1935 2,
728 1889 773 1926 3:
794 1889 974 1926 Boeotiam
1009 1889 1103 1927 dicit

77 1947 242 1998 primum
261 1946 309 1985 ab
330 1947 505 1985 Aonibus
536 1947 696 1999 aliisque
714 1949 868 1998 populis
902 1947 1101 1995 barbaris,

77 2005 247 2044 deindea
265 2005 504 2044 Phoenicibus
523 2005 734 2044 habitatam
752 2006 887 2052 fuisse3
907 2007 1104 2045 Phoenices

77 2065 208 2116 p'ulsos
243 2078 265 2102 a
304 2065 468 2116 Pelasgis
507 2073 545 2103 et
592 2065 804 2105 Thracibus
847 2067 1030 2117 migrasse
1065 2068 1103 2104 iu

78 2196 175 2236 filius,
192 2196 287 2229 bellis
302 2205 359 2229 eos
374 2198 568 2238 superasset,
591 2198 730 2230 Curetas
743 2198 941 2230 concessisse
958 2199 990 2230 in
1009 2201 1103 2231 Acar-

78 2244 208 2276 naniam
221 2268 230 2283 ,
249 2253 323 2284 quae
348 2252 437 2276 nunc
451 2245 587 2276 vocatur
604 2254 612 2276 :
630 2245 754 2277 AEtolos
776 2246 886 2277 autem
909 2255 984 2277 cum
1007 2247 1104 2287 Epeis

78 2290 276 2332 postliminio
286 2299 444 2330 reversos,
459 2291 494 2322 in
503 2291 622 2323 AEtolia
633 2291 730 2324 urbes
740 2292 984 2332 antiquissimas
998 2293 1104 2326 condi-

78 2337 176 2370 disse.
208 2337 339 2370 Decima
365 2338 566 2378 generatione
590 2338 714 2371 Elidem
742 2339 783 2371 ab
799 2339 915 2380 Oxylo‚
936 2341 1106 2372 Haemonis

78 2383 163 2423 filio,
176 2392 217 2416 ex
233 2383 351 2416 AEtolia
365 2392 404 2415 eo
427 2384 588 2424 profecto,
609 2385 709 2417 fuisse
732 2386 907 2418 conditam.
928 2387 1035 2428 HuJ'us
1060 2388 1104 2419 rei

79 2430 263 2463 testimonia
291 2430 424 2472 apponit
445 2430 688 2472 inscriptiones,
715 2441 854 2473 quarum
875 2443 941 2466 una
958 2433 1105 2466 Thermis

81 2477 228 2515 AEtoHae,
242 2476 299 2509 ubi
314 2476 445 2509 comitia
460 2478 607 2510 creandis
626 2479 868 2519 magistratibus
891 2481 996 2521 patrio
1017 2489 1106 2512 more

83 2523 182 2558 AEtoli
195 2523 315 2556 habent
326 2549 335 2565 ,
353 2524 423 2556 basi
440 2524 590 2566 imaginis
602 2525 701 2558 AEtoli
722 2525 902 2568 insculpta,
922 2527 969 2559 sic
982 2527 1078 2560 habet
1097 2537 1104 2558 :

162 2583 274 2623 Alphei
288 2582 328 2613 ad
341 2582 446 2613 latices
461 2584 516 2622 qui
529 2583 687 2622 quondam
697 2584 838 2614 condidit
852 2586 961 2615 urbem
970 2608 981 2625 ‚

225 2630 372 2660 eductum
387 2629 461 2659 Pisae
475 2640 538 2659 non
552 2631 664 2670 procul
678 2641 695 2660 a
710 2631 818 2661 stadiis
829 2655 839 2671 ,

163 2677 358 2716 Endymione
373 2683 486 2716 satum,
501 2677 545 2707 sic
561 2677 684 2707 virtutis
699 2685 936 2710 monumentum

225 2723 328 2754 AEtoli
343 2720 487 2753 AEt'olum
502 2724 691 2754 constituere
706 2735 779 2756 suae.

84 2770 190 2802 Altera
203 2770 237 2802 in
253 2769 322 2802 foro
337 2770 500 2810 Eleorum,
519 2770 674 2812 inscripta
690 2772 806 2804 statuae
823 2773 920 2813 Oxyli
939 2783 947 2804 :

145 2817 274 2848 ¹AEtolus
282 2818 438 2857 quondam
448 2817 626 2857 indigenam
635 2819 790 2859 populum
798 2820 916 2850 huncce
927 2821 1106 2862 relinquens

185 2871 299 2894 terram
315 2866 462 2895 Curet-um
477 2866 578 2894 Marte
593 2865 662 2894 fero
676 2866 823 2897 obtinuit.

146 2912 250 2944 AEtate
264 2919 311 2941 ast
326 2911 445 2941 decima
459 2918 532 2951 post
546 2913 678 2952 Oxylus,
693 2914 839 2943 Haemone
854 2921 956 2953 natus,

187 2959 298 2988 urbem
313 2960 391 2988 haue
407 2958 568 2998 splendori
582 2959 718 2988 restituit
733 2966 878 2990 veterem.

88 3016 263 3050 Enimvero
278 3017 501 3057 cognationem
523 3016 677 3049 Eleorum
702 3020 734 3050 et
751 3018 931 3050 AEtolorum
962 3021 1108 3051 mutuam

87 3065 171 3096 recte
183 3073 223 3096 ex
237 3064 475 3105 epigrammatis
489 3064 577 3096 hisce
590 3064 739 3105 Ephorus
752 3065 953 3107 comprobat,
971 3075 1108 3107 quorum

87 3111 223 3150 utroque
237 3119 302 3142 non
320 3110 468 3151 cognatio
481 3112 607 3143 tantum
624 3111 786 3144 indicatur
797 3137 806 3152 ,
821 3113 878 3144 sed
895 3113 992 3144 etiam
1009 3123 1108 3145 unam

88 3159 211 3196 gentem
232 3156 361 3188 alterius
374 3159 538 3189 auctorem
550 3180 559 3196 ‚
581 3157 679 3198 idque
694 3158 839 3190 vicissim
857 3159 958 3192 fuisse
974 3170 982 3191 ε
1001 3161 1110 3202 itaque

88 3204 246 3236 mendacii
261 3203 361 3245 probe
376 3204 542 3236 convincit
557 3213 623 3245 eos,
641 3206 697 3245 qui
715 3205 808 3237 Eleos
828 3206 1008 3238 AEtolorum
1026 3207 1110 3239 colo-

89 3259 158 3291 nos,
175 3259 239 3282 non
257 3250 335 3283 item
348 3251 473 3284 AEtolos
489 3251 639 3284 Eleorum
653 3261 724 3284 esse
738 3253 860 3287 dicunt.

128 3360 236 3394 Refert
247 3361 408 3402 Ephorus,
424 3312 586 3401 Thraces?
592 3312 697 3403 (sinetis
716 3372 792 3396 cum
814 3364 935 3397 Boeotis
951 3364 1110 3405 induciis,

165 3425 357 3457 chueun
379 3433 623 3459 msromconun.

2090 161 2162 195 241

1136 249 1372 287 Thessaliam
1386 276 1395 292 ‚
1429 255 1563 298 postea
1603 258 1693 283 vero
1724 257 1901 283 reversos
1935 244 2168 294 compulisse

1137 308 1314 357 Pelasgos
1335 307 1526 355 Athenas,
1548 305 1715 343 Thraces
1733 311 1860 341 autem
1873 303 1912 340 in
1929 306 2168 340 Parnassum.

1139 364 1239 411 Φησὶ
1277 365 1307 402 δ’
1334 364 1504 418 Ἴέζφορος,
1522 362 1602 406 τοὺς
1625 361 1688 413 μὲν
1709 363 1875 416 Θρᾷκας,
1911 358 2171 411 ποιησαμένους

1141 422 1292 465 σπονδὰς
1307 422 1391 475 πρὸς
1409 422 1488 466 τοὺς
1507 420 1698 469 Βοιωτοὺς,
1716 419 1892 458 ἐπιθέσθαι
1910 418 2047 472 νύκτωρ
2066 434 2168 470 στραν

1139 479 1382 519 τοπεδεύουσιν
1399 479 1660 534 ὀλιγωρότερον,
1674 481 1720 523 ὣς
1734 478 1870 532 εἰρήνης
1888 477 2077 530 γεγονυίας·
2099 477 2172 515 δια-

1141 538 1387 593 κρουσαμένων
1397 540 1457 590 [δ’]
1477 538 1611 586 αὐτοὺς,
1635 536 1852 588 αἰτιωμένων
1873 553 1911 575 τε
1930 537 2024 588 ἅμα,
2041 536 2093 575 ὅτι
2109 535 2172 581 τὰς

1143 596 1294 640 σπονδὰς
1314 596 1542 650 παρέὸαινον,
1563 596 1611 648 μὴ
1632 596 1835 649 παραὸἧναι
1853 595 1998 650 φάσκειν
2013 596 2172 638 ἐκείνους·

1145 655 1329 693 συνθέσθαι
1346 654 1413 707 γὰρ
1441 654 1597 708 ἡμέρας,
1616 654 1752 708 νύκτωρ
1782 654 1810 692 δ’
1837 653 2035 692 ἐπιθέσθαι·
2057 654 2115 708 ἀφ’
2135 648 2174 692 οῧ

1145 712 1187 760 δὴ
1208 713 1267 751 καὶ
1294 711 1357 759 τὴν
1378 713 1568 766 παροιμίαν
1598 715 1766 767 εἰρῆσθαι,
1799 712 1939 767 Θρᾳκία
1958 712 2173 766 παρεύρεσις.

1147 771 1240 814 Τοὺς
1260 770 1296 809 δὲ
1315 770 1540 822 Πελασγοὺς,
1561 770 1724 822 μένοντος
1743 770 1794 809 ἔτι
1813 775 1874 809 τοῦ
1893 769 2069 822 πολέμου,
2088 786 2177 825 χρη-

1146 829 1443 885 στηριασομένους
1458 831 1617 868 ἀπελθεῖν
1631 846 1639 854 ·
1659 831 1818 868 ἀπελθεῖν
1839 828 1875 868 δὲ
1892 829 1951 867 καὶ
1970 828 2049 873 τοὺς
2067 833 2175 869 Βοιω-

1146 889 1236 933 τούς.
1258 889 1329 929 Τὸν
1349 887 1412 940 μὲν
1441 882 1500 926 οὖν
1525 894 1595 932 τοῖς
1624 890 1819 939 Πελασγοῖς
1837 887 1979 927 δοθέντα
2015 888 2176 942 χρησμὸν

1147 948 1212 1003 ἔφη
1241 947 1289 999 μὴ
1319 947 1412 1001 ἔχειν
1439 949 1546 986 εἰπεῖν
1561 963 1569 971 ·
1594 953 1664 990 τοῖς
1694 946 1730 984 δὲ
1759 950 1922 990 Βοιωτοῖς
1951 949 2082 985 ἀνελεῖν
2113 946 2176 994 τὴν

1147 1010 1332 1062 προφῆτιν,
1362 1005 1603 1053 ἀσεὸήσαντας
1625 1000 1663 1044 εῧ
1691 1005 1830 1060 πράξειν
1845 1021 1852 1030 ·
1875 1005 1954 1049 τοὺς
1979 1005 2016 1044 δὲ
2034 1006 2178 1059 θεωροὺς

1147 1066 1410 1113 ὑπονοήσαντας
1431 1064 1667 1119 χαριζομένην
1693 1071 1765 1108 τοῖς
1783 1066 1979 1116 Πελασγοῖς
2001 1063 2063 1111 τὴν
2089 1080 2175 1119 προ-

1149 1129 1251 1180 φῆτιν
1271 1124 1328 1163 διὰ
1353 1124 1391 1163 τὸ
1424 1123 1587 1175 συγγενὲς
1612 1123 1701 1176 (ἐπεὶ
1718 1124 1778 1162 καὶ
1794 1123 1834 1162 τὸ
1851 1123 1940 1177 ἱερὸν
1959 1124 2178 1175 Πελασγικὸν

1149 1183 1183 1229 ἐξ
1220 1186 1332 1238 ἀρχῆς
1368 1182 1534 1238 ὕπῆρξεν)
1561 1182 1667 1226 οὕτως
1694 1184 1840 1229 ἀνελεῖν,
1872 1182 2097 1236 ἁρπάσαντας
2116 1182 2179 1229 τὴν

1150 1243 1330 1297 ἄνθρωπον
1361 1244 1408 1286 εἰς
1437 1242 1550 1296 πυρὰν
1580 1242 1745 1294 ἐμὸαλεῖν
1759 1257 1767 1265 ·
1802 1240 2075 1292 ἐνθυμηθέντας,
2114 1241 2181 1280 εἴτε

1152 1301 1446 1356 κακουργήσασαν
1467 1300 1561 1355 [περὶ
1587 1303 1656 1339 τῶν
1679 1302 1854 1352 γυναικῶν
1882 1300 2085 1350 δικαστῶν],
2114 1299 2182 1338 εἴτε

1153 1360 1223 1413 μὴ,
1240 1361 1325 1415 πρὸς
1342 1359 1522 1414 ἀμφότερα
1541 1362 1650 1415 ὀρθῶς
1667 1359 1758 1412 ἔχειν
1773 1375 1781 1383 ·
1801 1361 1830 1397 εἰ
1849 1358 1911 1410 μὲν
1931 1373 2181 1413 παρεχρηστη-

1153 1420 1250 1474 ρίασε
1264 1449 1275 1467 ,
1294 1419 1523 1466 κολασθείσης
1540 1421 1646 1466 αὐτῆς
1659 1435 1667 1442 ·
1700 1420 1730 1456 εἰ
1757 1418 1787 1457 δ’
1804 1417 1902 1456 οὐδὲν
1923 1416 2162 1471 ἐκακούργησε
2174 1448 2183 1465 ,

1152 1478 1191 1518 τὸ
1207 1477 1427 1532 προσταχθὲν
1448 1479 1562 1516 αὐτῶν
1594 1476 1813 1532 πραξάντων.
1845 1476 1938 1520 Τοὺς
1963 1475 1999 1515 δὲ
2032 1476 2111 1530 περὶ
2145 1476 2184 1514 τὸ

1153 1538 1257 1591 ἱερὸν,
1277 1537 1317 1576 τὸ
1338 1536 1400 1589 μὲν
1429 1537 1588 1591 ἀκρίτους
1614 1536 1758 1576 κτείνειν
1784 1536 1864 1580 τοὺς
1888 1535 2105 1590 πράξαντας,
2126 1536 2185 1575 καὶ

1153 1597 1251 1635 ταῦτ’
1272 1599 1307 1635 ἐν
1328 1598 1410 1651 ἱερῷ
1423 1627 1432 1645 ,
1453 1596 1502 1647 μὴ
1524 1596 1737 1647 δοκιμάσαι,
1760 1595 1968 1634 καθιστάναι
1989 1596 2019 1633 δ’
2040 1597 2087 1639 εἷς
2105 1595 2184 1648 κρί-

1155 1671 1209 1694 σιν
1226 1671 1235 1680 ·
1252 1658 1371 1694 καλεῖν
1399 1656 1428 1693 δ’
1446 1655 1503 1693 ἐπὶ
1521 1654 1584 1698 τὰς
1611 1655 1754 1709 ἱερείας,
1781 1654 1910 1698 ταύτας
1938 1653 1975 1692 δὲ
2009 1647 2098 1693 εἶναι
2126 1654 2185 1697 τὰς

1155 1714 1372 1769 προφήτιδας
1383 1744 1393 1761 ,
1410 1714 1448 1753 αἳ
1464 1714 1586 1753 λοιπαὶ
1598 1717 1704 1768 τριῶν
1722 1716 1835 1753 οὐσῶν
1849 1716 2020 1767 περιῆσαν
2033 1729 2042 1738 ·
2062 1712 2183 1765 λεγόν-

1154 1790 1223 1812 των
1239 1773 1269 1812 δ’
1285 1776 1332 1817 ὡς
1346 1774 1499 1825 οὐδαμοῦ
1517 1772 1620 1824 νόμος
1639 1772 1692 1821 εἴη
1712 1773 1861 1818 δικάζειν
1878 1778 2064 1824 γυναῖκας,
2081 1787 2185 1826 προσ-

1156 1832 1296 1872 ελέσθαι
1314 1832 1373 1871 καὶ
1404 1832 1529 1885 ἄνδρας
1554 1831 1649 1875 ἴσους
1676 1837 1751 1875 ταῖς
1778 1831 1912 1883 γυναιξὶ
1937 1831 1996 1870 τὸν
2023 1829 2186 1884 ἀριθμόν·

1156 1891 1237 1936 τοὺς
1257 1890 1320 1943 μὲν
1339 1884 1398 1930 oliv
1419 1890 1545 1943 ἄνδρας
1559 1892 1782 1942 ἀπογνῶναι,
1801 1889 1863 1934 τὰς
1882 1889 1918 1928 δὲ
1937 1896 2103 1942 γυναῖκας
2120 1905 2186 1927 κα-

1157 1953 1354 2002 ταγνῶναι·
1373 1949 1458 1989 ἴσων
1484 1947 1520 1988 δὲ
1547 1952 1617 1988 τῶν
1636 1949 1761 2003 ψήφων
1786 1948 1997 2001 γενομένων,
2017 1949 2078 1992 τὰς
2104 1951 2185 1987 ἀποσ

1159 2008 1307 2052 λυούσας
1319 2010 1479 2055 νικῆσαι·
1494 2009 1532 2046 ἐκ
1549 2007 1586 2046 δὲ
1602 2006 1733 2046 τούτων
1752 2009 1917 2051 Βοιωτοῖς
1935 2006 2051 2059 μόνοις
2067 2006 2189 2060 ἄνδρας

1128 2098 1131 2123 3
1159 2065 1399 2120 προθεσπίζειν
1418 2067 1452 2105 ἐν
1474 2065 1643 2118 Δωδώνῃ.
1674 2065 1750 2110 Τὰς
1774 2065 1839 2118 μέν
1874 2082 1929 2105 τοι
1958 2065 2191 2122 προφήτιδας,

1158 2200 1258 2231 noctu
1273 2208 1347 2238 eos,
1366 2201 1480 2240 utpote
1500 2207 1579 2240 pace
1602 2199 1687 2231 sacta
1714 2200 1818 2230 castra
1841 2197 2052 2238 negligentius
2087 2198 2183 2229 tutan·

1159 2247 1208 2278 tes
1219 2269 1228 2284 ‚
1245 2246 1376 2279 adortos
1392 2247 1510 2278 fuisse:
1526 2246 1776 2287 profligatosque
1790 2245 1830 2277 ab
1847 2245 1897 2285 iis,
1913 2245 2085 2285 simulque,
2106 2244 2191 2285 quod

1161 2291 1309 2323 inducias
1325 2292 1514 2332 violassent,
1527 2293 1675 2333 culpatos
1687 2316 1696 2332 ‚
1712 2292 1745 2324 id
1757 2292 1816 2324 abs
1833 2300 1867 2323 se
1892 2291 2014 2323 factum
2031 2299 2163 2333 negasse
2181 2300 2189 2321 :

1161 2342 1274 2379 pactos
1289 2339 1376 2371 enim
1391 2340 1514 2372 dierum
1530 2339 1679 2371 inducias
1691 2363 1700 2378 ‚
1717 2341 1814 2371 noctu
1832 2339 1962 2371 adortos
1976 2348 2048 2371 esse
2066 2348 2073 2369 t
2097 2341 2191 2378 atque

1161 2385 1354 2417 indenatum
1373 2386 1593 2427 proverbium,
1612 2386 1786 2418 Thracium
1798 2387 2030 2417 commentum.
2043 2384 2192 2424 Pelasgos

1163 2430 1300 2463 durante
1324 2431 1430 2463 adhuc
1448 2431 1532 2463 bello
1557 2431 1676 2463 abiisse
1687 2454 1696 2470 ,
1723 2433 1760 2462 ut
1775 2430 1942 2462 oraculum
1959 2430 2163 2461 consulerent
2181 2439 2187 2460 :

1163 2477 1250 2510 idem
1266 2480 1396 2511 Boeotos
1410 2478 1507 2510 etiam
1526 2478 1651 2510 secisse.
1673 2480 1714 2510 At
1736 2477 1876 2518 Pelasgis
1902 2477 2033 2517 quidem
2053 2476 2129 2516 quid
2147 2485 2191 2508 re—

1164 2535 1320 2567 sponsum
1336 2527 1434 2559 suerit
1445 2550 1454 2566 ,
1470 2527 1588 2559 fatetur
1602 2527 1664 2559 sibi
1686 2535 1752 2558 non
1768 2529 1925 2558 constare.
1947 2525 2067 2557 Boeotis
2083 2528 2189 2556 autem

1164 2574 1346 2606 autistitam
1362 2574 1568 2615 respondisse
1580 2597 1589 2613 ,
1605 2574 1702 2606 rebus
1719 2582 1835 2605 usuros
1852 2573 2003 2604 secundis
2017 2596 2025 2611 ,
2044 2572 2072 2603 si
2094 2571 2190 2611 impie

1163 2622 1304 2661 agerent.
1320 2620 1383 2658 Qui
1398 2630 1473 2652 vero
1483 2621 1573 2652 missi
1589 2623 1680 2652 erant
1693 2620 1861 2658 scitatum,
1879 2619 2059 2659 suspicatos
2083 2621 2189 2649 vatem

1162 2667 1197 2698 in
1213 2668 1349 2708 gratiam
1362 2667 1581 2708 Pelasgorum,
1601 2667 1657 2708 qui
1671 2668 1741 2707 ejus
1755 2667 1887 2707 gentiles
1915 2666 2024 2697 essent
2041 2665 2130 2705 (nam
2149 2664 2190 2696 ab

1163 2714 1255 2746 initio
1269 2715 1431 2756 -templum
1447 2715 1479 2746 id
1498 2714 1697 2754 Pelasgicum
1715 2714 1801 2753 fuit),
1817 2713 1864 2744 sic
1880 2711 2083 2752 respondisse
2095 2734 2104 2750 ,
2120 2720 2189 2742 eor-

1163 2764 1287 2802 reptam
1303 2761 1336 2793 in
1360 2771 1474 2802 rogum
1493 2761 1670 2802 conjecisse
1691 2770 1698 2791 :
1715 2760 1804 2800 quod
1829 2759 1877 2791 sic
1900 2758 2187 2797 ratiocinaremur,

1164 2807 1233 2839 sive
1251 2816 1349 2848 prave
1378 2807 1494 2848 egisset
1515 2806 1590 2845 illa,
1616 2806 1684 2837 sive
1713 2807 1796 2836 recte
1811 2828 1820 2843 ,
1840 2805 1979 2844 utroque
2003 2812 2069 2835 rem
2092 2803 2190 2835 modo

1164 2853 1245 2885 bene
1258 2854 1441 2885 habituram
1455 2866 1461 2883 :
1478 2853 1632 2885 nimirum
1646 2861 1729 2890 eam,
1746 2851 1773 2883 si
1785 2851 1914 2891 quidem
1925 2851 2092 2882 oraculum
2106 2851 2189 2886 mala

1164 2900 1227 2932 fide
1240 2900 1414 2940 edidisset,
1434 2900 1592 2940 supplicio
1609 2899 1756 2930 affectam
1775 2908 1783 2937 ;
1808 2896 1857 2928 sin
1880 2906 1956 2928 vero
1973 2898 2051 2932 nihil
2068 2897 2190 2931 fraudis

1163 2947 1392 2986 commisisset,
1409 2957 1426 2978 a
1440 2956 1474 2978 se
1486 2947 1519 2978 id
1534 2946 1653 2977 facturn
1667 2953 1749 2982 esse,
1761 2944 1849 2984 quod
1863 2943 1944 2984 jussi
1953 2946 2071 2977 essent.
2082 2946 2190 2977 Enim-

1165 3003 1242 3026 vero
1255 3003 1322 3033 eos,
1342 2993 1461 3034 quibus
1475 2992 1631 3033 templum
1645 2999 1731 3022 curae
1746 2992 1825 3029 erat,
1841 2993 1989 3022 auctores
2005 2991 2101 3032 liujus
2117 2992 2190 3024 fael-

1165 3041 1253 3073 noris
1267 3041 1388 3072 indicta
1397 3049 1511 3072 caussa
1521 3063 1530 3079 ‚
1548 3039 1645 3078 idque
1660 3037 1694 3068 in
1710 3037 1841 3078 templo,
1862 3038 2023 3070 necandos
2039 3048 2102 3070 non
2119 3048 2190 3071 cen—

1166 3088 1282 3126 suisse,
1295 3087 1351 3119 sed
1367 3096 1434 3118 rem
1449 3086 1487 3117 ad
1500 3085 1658 3126 judicium
1675 3084 1841 3124 detulisse,
1859 3085 1947 3125 quod
1963 3085 2103 3118 facerent
2122 3095 2190 3118 mu-

1166 3134 1281 3166 lierum
1303 3134 1524 3171 sacerdotum,
1541 3141 1615 3172 quae
1638 3131 1759 3163 eaedem
1773 3134 1864 3163 erant
1881 3131 2019 3164 fatidicae
2030 3157 2038 3172 ,
2059 3133 2191 3173 reliquae

1167 3181 1241 3212 duae
1259 3190 1266 3211 ε
1285 3180 1430 3212 solebant
1439 3179 1525 3210 enim
1537 3181 1603 3210 tres
1613 3186 1694 3210 esse.
1713 3179 1833 3210 Boeotis
1846 3181 1954 3210 autern
1967 3180 2187 3219 causantibus,

1167 3236 1329 3267 nusquam
1345 3227 1432 3267 leges
1454 3225 1646 3257 mulieribus
1662 3224 1821 3265 judicium
1836 3225 2036 3266 permittere,
2055 3226 2190 3258 totidem

1166 3273 1213 3304 eis
1223 3273 1311 3303 viros
1325 3272 1425 3303 fnisse
1438 3271 1619 3312 adjunctos.
1634 3273 1734 3303 Porro
1743 3271 1831 3303 viros
1840 3271 2030 3311 absolvisse,
2040 3272 2191 3304 mulieres

1168 3318 1357 3356 damnasse;
1375 3326 1542 3358 quumque
1557 3319 1663 3350 essent
1683 3317 1826 3358 aequales
1848 3326 1982 3350 numero
2004 3319 2191 3358 sententiae,

1168 3364 1372 3396 absolventes
1384 3359 1509 3396 'vicisse
1528 3375 1534 3393 ε
1559 3373 1599 3397 ex
1621 3373 1659 3397 eo
1671 3367 1853 3406 receptum,
1871 3367 1908 3396 ut
1922 3365 2008 3407 apud
2024 3365 2191 3400 Dodonam

2010 3430 2047 3458 16
