2320 3684
772 193 1078 236 THEOPOMPI
1107 194 1441 234 FRAGMENTA.

2088 199 2163 232 28³

22 335 25 337 .
48 301 219 344 πλείστων
243 296 488 352 μετεσχηκότα
513 291 702 333 πολιτικῶν
723 286 880 339 ἀγώνων·
896 283 954 323 τὸν
972 281 1075 321 αὐτὸν
1135 283 1275 321 novius
1302 282 1361 322 τὸν
1380 282 1582 337 Ἀρχέλαον,
1603 282 1709 334 quod
1740 289 1887 334 recepit
1917 282 2076 322 Bekkcr.
2106 281 2167 321 Ad

47 362 84 402 δὲ
102 359 230 415 τρόπον
245 356 430 410 συμὸαίνει
449 353 508 392 ἐπὶ
526 352 686 405 ἰατρικῆς
699 346 760 387 καὶ
776 343 1039 398 κυὸερνητικῆς.

527 423 591 462 29.

101 507 242 549 Strabo
264 509 295 554 1,
313 519 349 556 p.
373 509 436 551 74,
453 506 487 540 A
509 499 658 547 Almel.‚
679 511 718 549 p.
743 495 817 534 116
843 493 904 531 ed.
927 492 1078 531 Tzsch.:

48 566 262 618 Θεόπομπος
293 562 330 602 δὲ
349 561 608 613 ἐξομολογεῖται
637 556 771 611 φήσας,
791 552 844 592 ὅτι
871 550 931 591 καὶ
953 549 1080 603 μύθους

48 629 84 667 ἐν
107 632 184 670 ταῖς
213 622 381 677 ἱστορίαις
405 622 476 674 ἐρεῖ
504 614 715 673 κρεῖττον,ἢ
743 616 791 659 ὣς
808 610 998 666 Ἱὶρόδοτος
1020 608 1080 648 καὶ

50 684 212 734 Κτησίας
240 682 300 722 καὶ
322 679 532 722 Ἑλλάνικος
552 676 612 716 καὶ
631 677 663 715 οἳ
681 673 727 713 τὰ
759 670 892 712 Ἰνδικὰ
921 667 1079 722 συγγρά-

49 747 188 799 ψαντες.

530 803 594 842 30.

103 880 302 932 Syncellus
318 878 462 918 Chron.
482 889 520 927 p.
542 874 633 921 262,
657 886 696 925 p.
723 877 800 922 1⁸99
824 870 885 908 ed.
906 867 1083 907 Dindorf.

51 942 115 990 (cf.
141 940 261 980 Diod.
291 938 425 988 fragm.
446 943 539 973 tom.
558 937 624 982 lv,
646 946 685 984 p.
712 929 783 982 18)
806 941 815 968 ε
849 927 895 968 ‘0
924 926 1085 982 Κάρανος

51 1000 122 1041 ἀπὸ
145 999 208 1053 μὲν
238 995 455 1052 Ἡρακλέους
481 993 527 1034 ια’
559 986 622 1042 ἦν,
649 990 719 1030 ἀπὸ
759 987 796 1029 δὲ
823 987 991 1040 Τημένου
1024 988 1084 1024 τοῦ

0 1059 3 1065 ’
53 1059 142 1112 μετὰ
155 1061 225 1098 τῶν
243 1057 360 1096 ἄλλων
379 1053 621 1107 εΗρακλειδίῖιν
645 1048 871 1093 κατελθόντος
891 1049 938 1092 εἷς
964 1047 1085 1087 Πελο-

51 1119 223 1167 πόννησον
255 1116 418 1167 ἕὸδομος.
441 1114 696 1163 Γενεαλογοῧσι
713 1108 750 1148 δὲ
775 1107 879 1147 αὐτὸν
899 1106 1020 1153 οὕτως,
1039 1103 1087 1167 «ᾗς

53 1194 157 1233 φησιν
173 1179 191 1216 ὁ
207 1175 382 1228 Διόδωρος
397 1175 457 1212 καὶ
481 1174 512 1211 οἱ
529 1170 654 1211 πολλοὶ
681 1171 751 1208 τῶν
773 1165 1016 1221 συγγραφέων,
1038 1168 1086 1203 ὧν

54 1234 100 1281 εἷς
117 1236 178 1276 καὶ
194 1234 408 1285 Θεόπομπος
419 1248 427 1256 ·
454 1231 616 1285 Κάρανος
633 1228 824 1272 Φείδωνος,
844 1229 905 1265 τοῦ
926 1225 1088 1279 Ἀριστο-

55 1296 205 1348 δαμίδα,
233 1298 294 1332 τοῦ
324 1291 509 1346 Μέροπος,
535 1294 594 1329 τοῦ
619 1287 812 1335 Θεοστίου,
830 1290 890 1325 τοῦ
911 1283 1062 1324 Κισσίου
1077 1314 1087 1331 ,

55 1361 116 1396 τοῦ
151 1354 332 1406 Τημένου,
364 1356 426 1391 τοῦ
445 1348 717 1405 Ἀριστομάχου,
757 1349 819 1385 τοῦ
855 1342 1088 1392 Κλεοδάτους,

55 1419 117 1456 τοῦ
140 1414 290 1462 “’Υλλου,
310 1415 372 1452 τοῦ
389 1409 617 1466 Ἡρακλέους.
641 1411 739 1447 Cum
758 1407 1011 1457 Theopompo
1032 1403 1090 1441 fa-

56 1477 110 1515 cit
129 1475 269 1515 Justin.
286 1475 377 1521 VII,
400 1486 432 1509 1.

543 1552 606 1590 31.

112 1629 318 1668 Athenaeus
339 1629 389 1675 V,
408 1639 446 1677 p.
468 1638 560 1673 217,
576 1627 633 1662 E:
657 1621 855 1676 Περδίκκας
878 1619 994 1659 τοίνυν
1024 1617 1093 1671 πρὸ

59 1687 248 1742 Ἀρχελάου
275 1683 470 1739 βασιλεύει,
492 1685 539 1727 ὡς
567 1681 630 1735 μὲν
664 1685 683 1721 ὁ
705 1679 884 1724 Ἀκάνθιός
914 1694 1000 1733 φησι
1027 1680 1095 1718 Νι-

58 1746 228 1800 κομήδης,
247 1745 308 1794 ἔτη
348 1745 434 1797 μα’,
462 1742 676 1794 Θεόπομπος
710 1739 747 1780 δὲ
774 1738 843 1787 λε’,
871 1737 1094 1790 Ἀναξιμένης

61 1806 110 1859 μ’,
134 1805 340 1861 Ἱερώνυμος
358 1803 430 1853 κη’,
451 1801 622 1857 Μαρσύας
642 1801 678 1841 δὲ
704 1800 765 1840 καὶ
796 1799 995 1853 Φιλόχορος
1026 1796 1095 1850 κγ’.

113 1964 398 2017 Harpocration
420 1976 428 2003 :
451 1962 648 2016 Ἀργαῖος...
664 1961 744 2015 περὶ
763 1960 886 1999 τούτου
913 1959 974 1998 καὶ
998 1957 1094 1999 Θεό-

1136 355 1218 379 rem
1237 355 1273 379 v.
1304 341 1466 380 Diodor.
1487 344 1604 390 XVI,
1630 355 1667 390 2,
1693 342 1729 380 3.

1621 434 1685 472 33.

1192 529 1394 566 Athenaeus
1415 532 1505 578 XII,
1526 543 1562 580 p.
1584 529 1673 574 531,
1697 529 1751 567 E:
1771 528 1834 567 Ἐν
1854 528 1891 567 δὲ
1906 527 2084 583 τῇπριίντῃ
2101 531 2171 568 τῶν

1139 587 1370 626 Φιλιππικῶν
1390 586 1603 638 Θεόπομπος
1625 586 1705 641 περὶ
1722 586 1908 627 Φιλίππου
1934 585 2048 639 λέγων
2074 587 2172 642 φησί·

1141 664 1156 680 α
1172 644 1245 685 Καὶ
1264 651 1416 699 τριταῖος
1441 647 1487 689 εἷς
1513 645 1723 700 Ὀνόκαρσιν
1750 647 1966 700 ἀφικνεῖται,
1985 646 2116 701 χωρίον
2139 663 2174 686 τι

1141 707 1204 752 τῆς
1226 704 1386 759 Θράκης,
1411 703 1516 747 ἄλσος
1540 703 1621 756 ἔχον
1639 703 1744 754 πολὺ,
1758 704 2085 756 κατεσκευασμένον
2105 722 2174 745 κα-

1140 766 1223 813 λῶς,
1239 763 1299 804 καὶ
1319 763 1405 822 πρὸς
1420 766 1470 817 τῷ
1487 764 1707 811 διαιτηθῆναι
1731 763 1988 818 κεχαρισμένον
2006 764 2119 809 ἄλλως
2137 781 2176 804 τε

1142 824 1203 863 καὶ
1223 822 1285 871 τὴν
1309 821 1445 877 θερινὴν
1464 821 1573 875 ὥραν,
1595 815 1666 861 Ἦν
1689 821 1756 875 γὰρ
1780 823 1839 862 καὶ
1858 825 1928 862 τῶν
1952 823 2021 862 ὑπὸ
2045 823 2178 868 Κότυος

1143 882 1413 938 προκριθέντων,
1431 880 1467 925 ὃς
1489 879 1654 920 ἁπάντων
1678 883 1747 919 τῶν
1772 881 1946 934 βασιλέων
1969 885 2038 921 τῶν
2073 884 2108 922 ἐν
2133 886 2178 936 τῇ

1143 941 1272 997 Θρᾴκῃ
1301 939 1543 995 γεγενημένων
1574 940 1730 993 μάλιστα
1753 941 1839 994 πρὸς
1867 942 2079 988 ἡδυπαθείας
2119 942 2180 981 καὶ

1144 1000 1275 1057 τρυφὰς
1293 1000 1450 1055 ὥρμησε.
1475 998 1548 1039 Καὶ
1565 997 1712 1054 περιιὼν
1730 998 1795 1047 τὴν
1815 999 1949 1054 χώραν,
1968 1000 2055 1039 ὅπου
2072 1001 2179 1040 κατί-

1145 1063 1197 1101 δοι
1219 1059 1347 1104 τόπους
1365 1059 1520 1113 δένδρεσι
1545 1058 1707 1102 συσκίους
1720 1058 1779 1096 καὶ
1794 1060 2029 1112 καταρρύτους
2055 1060 2182 1110 ὕδασι,

1145 1119 1289 1165 τούτους
1320 1117 1579 1158 κατεσκεύασεν
1616 1116 1839 1172 ἑστιατόρια·
1869 1117 1930 1156 καὶ
1966 1123 2094 1172 φοιτῶν
2136 1122 2185 1165 εἷς

1146 1179 1315 1224 ἑκάστους
1333 1177 1438 1218 ὁπότε
1466 1175 1587 1230 τύχοι,
1615 1176 1735 1220 θυσίας
1757 1192 1795 1215 τε
1813 1182 1885 1220 τοῖς
1904 1179 1992 1221 θεοῖς
2011 1179 2185 1229 ἐποιεῖτο,

1146 1239 1207 1279 καὶ
1233 1241 1340 1286 συνῆν
1363 1236 1453 1290 μετὰ
1467 1238 1537 1275 τῶν
1559 1235 1747 1290 ὑπάρχων,
1771 1235 1945 1288 εὐδαίμων
1973 1236 2033 1275 καὶ
2063 1253 2184 1288 μακα-

1148 1298 1262 1352 ριστὸς
1293 1296 1356 1345 ὢν,
1395 1295 1458 1340 ἕως
1498 1297 1546 1341 εἷς
1582 1294 1647 1343 τὴν
1680 1294 1826 1342 Ἀθηνᾶν
1865 1296 2086 1350 βλασφημεῖν
2124 1297 2187 1335 καὶ

1148 1357 1369 1408 πλημμελεῖν
1392 1354 1614 1407 ἐπεχείρησε.
1645 1372 1661 1389 »
1681 1353 1865 1406 Διηγεῖταί
1885 1370 1923 1392 τε
1944 1353 2020 1401 ἑξῆς
2049 1357 2067 1393 ὃ
2100 1370 2189 1406 συγ-

1148 1415 1312 1471 γραφεὺς,
1335 1414 1388 1454 ὅτι
1408 1415 1546 1453 δεῖπνον
1570 1411 1826 1452 κατεσκεύασεν
1851 1416 1870 1452 ὁ
1893 1412 2019 1458 Κότυς,
2044 1415 2091 1457 ὡς
2121 1430 2189 1466 γα-

1151 1473 1328 1527 μουμένης
1363 1475 1457 1525 αὒτῷ
1488 1474 1551 1519 τῆς
1592 1471 1754 1520 Ἀθηνᾶς,
1787 1470 1848 1509 καὶ
1882 1471 2041 1522 θάλαμον
2071 1487 2188 1510 κατα-

1152 1534 1325 1578 σκευάσας
1344 1531 1490 1584 ἀνέμενε
1511 1529 1646 1583 μεθύων
1673 1527 1738 1577 τὴν
1769 1529 1857 1569 θεόν.
1882 1529 1977 1578 Ἤδη
2001 1531 2030 1569 δ’
2048 1529 2188 1585 ἔκφρων

1150 1593 1334 1647 γενόμενος
1367 1589 1504 1643 ἔπεμπέ
1530 1605 1610 1629 τινα
1635 1590 1706 1627 τῶν
1732 1588 1930 1644 δορυφόρων
1951 1590 2137 1644 ὀψόμενον,
2160 1591 2191 1629 εἷ

1152 1652 1390 1708 παραγέγονεν
1408 1653 1431 1698 ἡ
1453 1649 1526 1694 θεὸς
1548 1651 1595 1693 εἷς
1625 1649 1684 1688 τὸν
1714 1648 1890 1700 θάλαμον·
1918 1648 2132 1702 ἀφικομένου
2159 1649 2190 1687 δ’

1153 1713 1298 1761 ἐκείνου,
1326 1711 1387 1751 καὶ
1411 1709 1567 1754 εἰπόντος
1595 1708 1732 1761 μηδένα
1762 1702 1850 1747 εἶναι
1878 1710 1913 1747 ἐν
1944 1711 1995 1762 τῷ
2028 1709 2191 1763 θαλάμῳ,

1152 1771 1316 1818 τοξεύσας
1346 1774 1466 1810 τοῦτον
1492 1768 1699 1819 ἀπέκτεινε,
1728 1769 1790 1807 καὶ
1814 1768 1919 1807 ἄλλον
1951 1768 2108 1822 δεύτερον
2133 1766 2192 1807 ἐπὶ

1153 1838 1224 1876 τοῖς
1243 1833 1377 1879 αὐτοῖς,
1406 1829 1471 1873 ἕως
1494 1831 1512 1867 ὃ
1529 1829 1641 1882 τρίτος
1664 1828 1776 1872 συνεὶς
1794 1827 2077 1882 παραγενόμενος
2104 1827 2192 1882 ἔφη,

1153 1892 1267 1931 πάλαι
1283 1889 1347 1938 τὴν
1366 1889 1441 1928 θεὸν
1462 1888 1566 1928 αὐτὸν
1586 1888 1785 1940 ἀναμένειν.
1817 1887 1860 1927 Ὁ
1881 1885 1917 1925 δὲ
1948 1886 2114 1940 βασιλεὺς
2130 1881 2194 1925 05--

1159 1951 1216 1996 τός
1231 1965 1317 1990 ποτε
1340 1948 1401 1988 καὶ
1425 1947 1670 1996 ζηλοτυπήσας
1695 1946 1758 1994 τὴν
1790 1949 1895 1985 αὑτοῦ
1925 1952 2096 1998 γυναῖκα,
2117 1952 2193 1988 ταῖς

61 2039 201 2076 πομπος
222 2025 257 2063 ἐν
273 2025 324 2078 τῷ
352 2022 482 2077 πρώτῳ
501 2023 571 2060 τῶν
598 2022 831 2061 Φιλιππικῶν
854 2019 965 2071 λέγει·
987 2036 1004 2053 «
1021 2017 1095 2058 Τὸν
1158 2017 1265 2055 αὐτοῦ
1297 2013 1418 2068 χερσὶν
1449 2011 1595 2063 ἀνέτεμε
1625 2010 1689 2059 τὴν
1720 2010 1916 2066 ἄνθρωπον,
1940 2010 2010 2050 ἀπὸ
2040 2012 2110 2049 τῶν
2140 2011 2194 2047 αἷ-

62 2082 247 2135 Ἀγγέλαον
265 2084 411 2122 καλοῦσι
432 2081 491 2121 καὶ
504 2081 661 2136 Ἀργαῖον
682 2079 742 2119 καὶ
759 2078 980 2120 Παυσανίαν.
995 2082 1098 2117 Gro—
1157 2074 1258 2115 δοίων
1274 2073 1475 2128 ἀρξάμενος.
1496 2075 1543 2110 V.
1565 2071 1724 2110 Diodor.
1741 2074 1853 2120 XVI,
1873 2085 1909 2109 2.

63 2234 207 2265 oratores
234 2239 313 2263 vero
328 2229 468 2269 excellit,
485 2229 542 2270 qui
557 2229 716 2271 plurimas
735 2228 803 2269 ipse
818 2236 870 2260 res
886 2227 919 2259 in
936 2226 1102 2268 republica

65 2278 220 2312 tractarit.
257 2277 381 2310 Eodem
407 2276 507 2309 modo
535 2285 570 2309 se
596 2285 648 2309 res
678 2275 824 2308 habetin
838 2274 1000 2308 medicina
1014 2273 1101 2307 etin

62 2329 132 2359 arte
147 2325 288 2358 nautica.

549 2378 611 2412 29.

106 2433 336 2473 Theopompus
360 2430 492 2472 quidem
525 2430 645 2463 diserte
662 2430 831 2471 profitetur
853 2439 888 2463 se
915 2431 950 2462 in
967 2430 1103 2464 historia

67 2479 192 2512 fabulas
206 2481 412 2511 narraturum
426 2478 545 2510 rectius
558 2487 657 2519 quam
671 2478 806 2511 fecerint
817 2479 1018 2520 Herodotus,
1029 2481 1103 2512 Cte-

67 2526 144 2566 sias,
158 2525 353 2566 Hellanicus,
368 2526 402 2559 et
413 2526 599 2558 Indicarum
614 2535 722 2559 rerum
744 2527 930 2569 scriptores.

554 2587 616 2620 30.

110 2646 257 2677 Caranus
275 2644 338 2677 iste
357 2644 399 2677 ab
414 2644 551 2677 Hercule
566 2644 770 2685 undecimus,
787 2654 806 2677 a
820 2647 963 2678 Temeno
978 2655 1056 2680 vero
1073 2650 1105 2680 et

69 2691 244 2724 Heraclidis
274 2691 309 2723 in
321 2691 579 2733 Peloponnesum
607 2692 684 2724 olim
712 2692 922 2726 redeuntibus
947 2694 1104 2735 septimus

70 2740 271 2771 numeratur.
290 2739 427 2771 Generis
451 2738 521 2779 ejus
538 2739 652 2772 seriem
663 2763 672 2779 ,
689 2741 771 2772 teste
787 2740 931 2772 Diodoro
942 2764 952 2780 ,
970 2741 1104 2782 scripto-

71 2794 143 2818 rum
157 2786 313 2828 plerique,
333 2795 474 2827 quorum
493 2796 580 2819 unus
593 2789 643 2819 est
656 2788 899 2829 Theopompus,
916 2787 963 2820 ita
987 2788 1105 2822 descri-

72 2831 152 2865 bunt
167 2842 175 2864 ε
193 2835 338 2866 Caranus
350 2857 359 2873 ,
372 2833 529 2866 Phidonis
555 2831 642 2864 filius
653 2854 663 2872 ,
691 2832 747 2866 filii
775 2835 1035 2875 Aristodamidae,
1050 2836 1106 2868 filii

74 2879 231 2920 Meropis,
247 2879 303 2912 filii
317 2880 480 2919 Theostii,
497 2880 555 2912 filii
571 2880 667 2913 Cissii
680 2905 688 2921 ,
708 2882 767 2914 filii
795 2883 952 2923 Temeni‚
966 2883 1024 2915 filii
1040 2883 1106 2917 Ari-

75 2927 245 2968 stomachi,
258 2927 317 2960 filii
332 2927 507 2967 Cleodatis,
525 2927 582 2960 filii
597 2928 699 2969 Hylli,
715 2929 774 2962 filii
790 2929 950 2963 Herculis.

558 2989 621 3022 31.

117 3045 198 3077 Ante
238 3045 431 3078 Archelaum
461 3048 573 3087 regnat
595 3047 789 3088 Perdiccas,
814 3057 938 3088 annos,
970 3051 1007 3081 ut
1040 3049 1108 3090 qui-

75 3090 148 3122 dem
186 3091 379 3125 Nicomedes
401 3093 579 3126 Acanthius
600 3094 664 3134 ait,
682 3104 784 3127 unum
813 3097 846 3128 et
867 3096 1082 3138 quadraginta
1099 3107 1106 3128 :

75 3137 303 3180 Theopompus
327 3149 406 3172 vero
420 3140 465 3172 ait
479 3140 624 3182 quinque
638 3144 671 3174 et
691 3143 826 3184 triginta
835 3167 844 3182 ‚
864 3143 1082 3176 Anaximenes
1094 3169 1103 3185 ,

76 3183 314 3226 quadraginta:
338 3186 557 3228 Hieronymus
571 3213 581 3229 ,
616 3191 690 3221 octo
723 3192 757 3222 et
789 3190 903 3232 viginti
925 3200 934 3222 :
956 3193 1103 3233 Marsyas

75 3238 153 3264 vero
164 3234 196 3264 et
211 3233 435 3274 Philochorus,
448 3237 514 3268 tres
528 3238 561 3268 et
578 3236 706 3277 viginti.

558 3294 621 3330 32.

119 3352 250 3390 Argaeus
321 3354 369 3384 De
384 3352 447 3384 hoc
468 3353 698 3396 Theopompus
721 3357 754 3388 in
777 3356 884 3397 primo
900 3359 1019 3389 Rerum
1039 3357 1107 3389 Phi·

78 3394 268 3437 lippicarum
305 3398 408 3431 dicit:
427 3412 442 3427 «
456 3401 634 3440 Angelaum
659 3405 779 3435 vocant
810 3405 843 3435 et
873 3406 1044 3445 Argaeum,
1078 3406 1111 3436 et

79 3441 283 3476 Pausaniam.
304 3458 320 3472 ι»

1202 2275 1311 2310 Primo
1327 2284 1406 2308 vero
1420 2275 1503 2307 libro
1519 2272 1795 2316 Philippicorum,
1816 2271 1856 2307 de
1872 2272 2023 2316 Philippo
2046 2276 2194 2315 loquens,

1155 2324 1384 2365 Theopompus
1416 2322 1462 2355 ait
1479 2331 1487 2354 :
1509 2335 1523 2350 «
1538 2322 1647 2354 Tertio
1660 2321 1714 2354 die
1725 2322 1904 2354 Onocarsin
1921 2323 2080 2363 pervenit,
2098 2322 2196 2354 Thra-

1155 2371 1214 2403 ciae
1229 2371 1337 2403 locum
1354 2369 1530 2411 quemdam
1542 2394 1551 2409 ,
1567 2369 1624 2401 ubi
1638 2378 1775 2410 magnus
1791 2371 1860 2402 erat
1874 2369 1988 2408 lucus,
2004 2369 2138 2410 pulchre
2154 2368 2197 2399 in-

1156 2419 1300 2450 structus
1313 2418 1496 2458 cultusque,
1513 2418 1546 2449 et
1557 2416 1598 2448 ad
1615 2416 1746 2448 mollem
1763 2416 1806 2449 ibi
1820 2417 1922 2448 vitam
1939 2416 2108 2456 agendam,
2121 2423 2197 2446 cum

1156 2466 1247 2505 alias,
1262 2467 1334 2498 tum
1350 2464 1533 2506 praesertim
1551 2464 1669 2496 aestivo
1692 2466 1854 2505 tempore,
1873 2463 2094 2504 gratissimus.
2119 2463 2198 2494 Erat

1161 2513 1249 2545 enim
1262 2513 1316 2545 hic
1329 2513 1420 2545 locus
1436 2521 1477 2544 ex
1495 2512 1535 2543 iis
1549 2520 1647 2550 unus,
1665 2520 1747 2552 quos
1763 2520 1829 2552 prae
1846 2510 1962 2543 ceteris
1975 2509 2036 2541 sibi
2055 2509 2194 2549 elegerat

1161 2562 1284 2601 Cotys;
1303 2560 1361 2601 qui
1374 2560 1522 2592 omnium
1542 2558 1688 2591 Thraciae
1706 2567 1817 2599 regum
1831 2581 1840 2597 ,
1859 2559 2020 2598 quotquot
2043 2556 2170 2587 fuerant
2183 2579 2192 2594 ‚

1157 2607 1300 2639 maxime
1322 2606 1545 2648 voluptatibus
1569 2608 1601 2637 et
1625 2606 1702 2637 vitae
1725 2605 1849 2637 deliciis
1874 2604 2008 2636 deditus
2025 2602 2141 2635 suerat.
2165 2604 2198 2634 Is

1160 2654 1249 2686 enim
1268 2654 1429 2695 regionem
1446 2661 1620 2694 peragrans
1633 2677 1643 2692 ,
1672 2652 1869 2692 ubicumque
1885 2650 2108 2691 conspexisset
2121 2649 2193 2682 loca

1158 2701 1328 2734 arboribus
1357 2701 1512 2733 umbrosa
1541 2702 1574 2732 et
1604 2699 1697 2740 aquis
1723 2699 1840 2739 irrigua
1850 2722 1858 2737 ‚
1876 2707 1916 2730 ex
1948 2697 2000 2729 his
2032 2695 2199 2729 coenacula

1160 2750 1291 2789 fecerat,
1307 2750 1339 2781 in
1356 2749 1477 2790 quibus
1493 2747 1588 2789 epula
1603 2747 1804 2779 institueret:
1821 2747 1854 2778 et
1870 2753 2141 2786 unumquemque
2156 2753 2198 2777 ex

1159 2797 1236 2838 illis,
1254 2797 1381 2838 quoties
1395 2804 1445 2828 res
1463 2795 1570 2834 ferret,
1588 2794 1711 2833 adiens,
1731 2793 1887 2825 sacrificia
1903 2792 1949 2824 ibi
1962 2792 2024 2824 diis
2040 2791 2200 2824 celebrare

1159 2847 1192 2877 et
1206 2853 1281 2877 cum
1295 2843 1457 2885 praefectis
1473 2842 1540 2874 suis
1554 2840 1721 2873 convivari
1736 2841 1965 2876 consueverat,
1990 2839 2067 2871 felix
2079 2841 2111 2872 et
2127 2839 2199 2871 bea·

1161 2894 1215 2923 tus
1228 2891 1424 2932 praedicatus
1437 2889 1478 2921 ab
1491 2888 1656 2926 omnibus,
1670 2887 1774 2919 donec
1787 2887 1943 2919 Minervae
1959 2886 2151 2920 maledicere
2163 2888 2198 2920 et

1159 2938 1305 2979 improbe
1338 2938 1372 2968 in
1402 2945 1472 2968 eam
1511 2944 1604 2975 agere
1627 2939 1764 2966 conatus
1788 2936 1849 2966 est.
1870 2947 1886 2962 u
1930 2936 2046 2967 Narrat
2079 2935 2196 2968 deinde

1159 2985 1245 3017 idem
1260 2984 1410 3025 scriptor,
1427 2991 1552 3014 coenam
1568 2990 1698 3022 parasse
1712 2983 1831 3022 Cotyn,
1846 2984 1939 3022 quasi
1952 2982 2124 3015 occasione
2139 2992 2198 3014 nu-v

1161 3031 1300 3072 ptiarum
1315 3039 1397 3070 quas
1412 3029 1559 3060 Minerva
1571 3036 1646 3059 cum
1661 3028 1732 3068 ipso
1747 3030 1832 3060 esset
1845 3029 2053 3061 contractura
2067 3039 2075 3061 ε
2097 3030 2130 3061 et
2146 3028 2194 3060 in=

1160 3078 1286 3110 structo
1311 3078 1490 3116 ornatoque
1511 3074 1653 3106 thalamo
1666 3098 1675 3114 ,
1697 3075 1825 3107 ebrium
1847 3078 2058 3118 exspectasse
2090 3077 2199 3113 deam.

1162 3128 1272 3163 Quum
1289 3122 1390 3164 igitur
1410 3122 1529 3154 mentis
1542 3122 1609 3162 jam
1630 3121 1737 3163 impos
1760 3124 1865 3163 esset,
1882 3123 1976 3156 misit
1990 3124 2163 3165 quemdam
2180 3134 2201 3157 e

1162 3171 1377 3209 satellitibus,
1400 3171 1650 3210 prospecturum
1676 3178 1717 3201 an
1746 3170 1781 3202 iu
1800 3170 1981 3203 thalamum
2009 3171 2197 3204 advenisset

1162 3218 1223 3251 dea
1240 3229 1247 3251 :
1264 3219 1320 3259 qui
1337 3224 1439 3259 quum
1456 3216 1584 3249 rediens
1603 3218 1809 3258 nunciasset,
1826 3219 1987 3251 neminem
2004 3219 2038 3250 in
2053 3219 2198 3253 thalamo

1162 3275 1244 3304 esse,
1258 3265 1375 3307 sagitta
1389 3265 1476 3296 hunc
1491 3263 1647 3304 confodit,
1662 3273 1843 3307 rursusque
1857 3275 1935 3298 mox
1949 3266 2064 3305 alium,
2084 3266 2197 3299 eadem

1163 3312 1203 3344 de
1217 3320 1343 3343 caussa.
1358 3310 1454 3349 Quod
1467 3319 1570 3352 quum
1587 3310 1797 3345 intellexisset
1812 3314 1942 3354 tertius,
1957 3313 2085 3346 rediens
2100 3313 2196 3352 dixit,

1161 3358 1356 3399 jamdudum
1369 3358 1463 3390 deam
1489 3357 1581 3390 illum
1597 3360 1797 3400 exspectare.
1824 3360 1915 3393 Idem
1941 3370 1998 3393 rex
2021 3359 2195 3401 aliquando

1165 3406 1325 3446 zelotypia
1340 3405 1496 3438 adversus
1511 3414 1646 3438 uxorem
1664 3415 1758 3439 suam
1774 3409 1956 3449 correptus,
1972 3406 2110 3448 propriis
2130 3414 2194 3439 ma-

1164 3451 1260 3484 nibus
1280 3452 1413 3484 discidit
1426 3453 1587 3490 miseram,
1602 3461 1621 3485 a
1637 3454 1797 3495 pudendis
1812 3454 1898 3487 facto
1913 3454 2018 3487 initio.
