2320 3684
866 146 1031 186 TIMAEI
1059 150 1392 192 FRAGMENTA.

67 319 79 329 .
128 295 248 333 Idem.
270 295 362 333 ibid.
382 296 452 332 82:
483 295 595 340 Δηλοῑ
627 292 663 332 δὲ
691 293 755 340 τὴν
773 294 907 349 τρυφὴν
942 297 1008 348 (sc.
1029 299 1097 335 τῶν

76 352 367 406 Ἀκραγαντίνων)
401 350 461 390 καὶ
478 353 500 398 ἡ
520 351 726 390 πολυτέλεια
760 355 829 391 τῶν
862 354 1056 405 μνημείων,
1076 354 1099 392 ἃ

74 409 152 453 τινὰ
169 409 232 462 μὲν
252 416 323 454 τοῖς
339 411 502 456 ἀθληταῖς
526 407 646 454 ἵπποις
667 410 942 462 κατεσκεύασαν,
962 412 1040 450 τινὰ
1063 412 1099 450 δὲ

73 474 144 511 τοῖς
161 469 228 507 ὑπὸ
245 471 315 507 τῶν
331 466 511 521 παρθένων
531 468 591 506 καὶ
607 467 741 507 παίδων
762 470 797 507 ἐν
824 469 908 523 οἴκῳ
927 470 1100 524 τρεφομέ-

75 541 145 570 νοις
162 526 366 580 ὄρνιθαρίοις
377 556 387 575 ,
406 525 428 564 ἃ
445 525 596 577 Τίμαιος
615 527 805 581 ἑωρακέναι
820 528 904 582 φησὶ
919 528 1024 582 μέχρι
1037 533 1098 567 τοῦ

73 584 152 622 καθ’
168 584 289 623 ἑαυτὸν
306 584 380 637 βίου
400 584 619 636 διαμένοντα.

545 656 627 693 113.

124 720 263 757 AElian.
298 722 345 756 V.
379 722 426 757 H.
461 723 552 768 XII,
594 734 663 769 29:
682 719 836 759 Πλάτων
857 723 875 759 ὁ
894 720 1098 775 Ἀρίστωνος

72 777 153 816 ἰδὼν
194 777 476 832 Ἀκραγαντίνους
509 778 567 817 καὶ
592 780 859 830 οἰκοδομοῦντας
877 780 1096 828 πολυτελῶς,

71 836 131 874 καὶ
147 836 276 888 ὁμοίως
295 837 537 886 δειπνοῦντας,
557 832 665 887 εἶπεν,
691 837 744 875 ὅτι
763 837 831 891 ἄρα
850 840 881 876 οἱ
903 838 1096 892 Ἀκραγαν-

69 900 157 933 τῖνοι
185 895 406 946 οἰκοδομοῦσι
425 894 503 946 μὲν,
525 897 573 940 ὡς
591 897 644 935 ἀεὶ
669 895 899 949 βιωσόμενοι,
920 897 1096 935 δειπνοῦσι

70 951 161 999 δὲ,ε
142 968 190 996 (ις
211 953 263 992 ἀεὶ
282 952 537 1005 τεθνηξόμενοι.
565 953 671 1008 Λέγει
694 954 731 992 δὲ
750 954 919 1005 Τίμαιος,
954 955 1014 994 καὶ
1043 954 1095 993 ὅτι

69 1013 234 1083 ἀργυραῖς
257 1009 423 1059 ληκύθαις
447 1011 506 1050 καὶ
534 1013 730 1066 στλεγγίσιν
751 1014 924 1067 ἐχρωντο,
941 1013 1001 1052 καὶ
1020 1015 1096 1052 ἐλε-

68 1069 233 1123 φαντίνας
251 1070 369 1112 κλίνας
397 1064 491 1122 εἶχον
521 1070 613 1115 ὅλα-κ
633 1073 691 1111 Cf.
718 1073 879 1110 Diodor.
903 1076 1014 1124 XIII,
1043 1075 1088 1111 81

68 1141 151 1180 sqq.
164 1129 231 1179 qui
251 1137 376 1167 totum
393 1129 441 1167 de
454 1131 795 1182 Agrigentinorum
813 1132 952 1170 divitiis
966 1133 1094 1170 locum

68 1200 114 1225 ex
124 1188 268 1226 Timaeo
283 1188 454 1226 hausisse
473 1189 639 1228 videtur.
662 1191 792 1228 Simile
809 1191 857 1229 de
872 1191 1093 1241 Agrigenti-

66 1258 205 1283 norum
226 1247 377 1284 luxuria
390 1247 535 1285 dictum
547 1249 773 1300 Empedocli
787 1249 973 1287 tribuitur
989 1251 1092 1301 apud

66 1305 226 1355 Diogen.
259 1308 383 1343 Laert.
410 1308 516 1355 VIII,
542 1308 604 1356 83,
628 1307 695 1345 ubi
723 1308 898 1346 Kuhnius
926 1309 966 1346 in
1001 1323 1093 1347 voce

67 1363 280 1414 Ποταμίλλα
300 1364 431 1402 Timaei
453 1378 594 1403 nomen
626 1367 746 1405 latere
780 1367 993 1417 suspicatus
1022 1378 1090 1407 est.

64 1423 177 1471 Quod
193 1436 306 1460 nemo
326 1423 561 1474 probaverit.

116 1551 320 1589 Athenaeus
334 1554 383 1598 11,
405 1565 440 1599 τι,
468 1566 508 1603 p.
532 1554 595 1601 37,
613 1556 664 1590 B:
687 1553 838 1604 Τίμαιος
858 1555 895 1592 δὲ
914 1558 932 1594 ὁ
946 1557 1090 1610 Ταυρο-

63 1608 204 1659 μενίτης
239 1610 274 1648 ἐν
307 1609 513 1662 Ἀκράγαντι
538 1610 651 1649 οἰκίαν
679 1611 758 1650 τινὰ
790 1612 876 1666 φησὶ
907 1615 1090 1653 καλεῖσθαι

61 1666 222 1721 Τριήρη,
247 1666 281 1712 ἐξ
312 1667 425 1711 αἰτίας
459 1668 634 1717 τοιαύτης.
664 1670 879 1714 Νεανίσκους
912 1671 1025 1721 τινὰς,
1053 1674 1088 1711 ἐν

62 1726 149 1778 αὐτῇ
187 1725 484 1778 μεθυσκομένους,
523 1728 557 1772 ἐς
587 1731 751 1767 τοσοῦτον
793 1731 902 1768 ἐλθεῖν
942 1731 1087 1782 μανίας,

60 1783 351 1837 ἐκθερμανθέντας
367 1784 438 1823 ἀπὸ
453 1788 516 1832 τῆς
536 1785 662 1837 μέθης,
684 1789 731 1831 ὡς
754 1788 907 1839 νομίζειν
932 1788 996 1841 μὲν
1029 1791 1087 1829 ἐπὶ

58 1841 219 1895 τριήρους
233 1844 347 1892 πλεῖν,
373 1844 604 1896 χειμάζεσθαι
635 1844 671 1883 δὲ
705 1848 871 1898 χαλεπῶς
901 1848 992 1887 κατὰ
1023 1848 1086 1897 τὴν

59 1900 255 1940 θάλασσαν
282 1901 341 1940 καὶ
365 1906 527 1942 τοσοῦτον
554 1902 726 1959 ἔκφρονας
762 1906 941 1958 γενέσθαι,
967 1910 1014 1952 ὡς
1043 1908 1087 1947 τὰ

60 1958 130 1997 ἀπὸ
147 1962 209 2006 τῆς
228 1960 339 2004 οἰκίας
366 1961 483 2000 πάντα
502 1962 610 2010 σκεύη
631 1963 690 2002 καὶ
722 1964 931 2038 στρώματα
934 1966 1082 2019 ῥίπτειν,

57 2018 104 2061 ὥς
119 2018 176 2056 ἐπὶ
192 2018 255 2066 τὴν
275 2020 468 2070 θάλασσαν,
485 2020 548 2069 τὴν
568 2026 651 2060 ναῦν
667 2022 724 2061 διὰ
743 2024 802 2062 τὸν
817 2041 979 2078 χειμωνα
998 2029 1087 2068 ἀπο-

2109 173 2179 206 221

1158 237 1411 290 αθροιζομένων
1441 234 1498 278 ουν
1519 243 1672 289 πολλῶν,
1689 243 1748 282 καὶ
1764 243 1809 282 τὰ
1827 244 2018 298 ῥιπτόμενα
2032 249 2185 304 διαρπα-

1158 294 1299 342 ζόντων,
1320 297 1428 334 οὐδ’
1406 314 1453 341 ως
1470 298 1642 339 παύεσθαι
1656 304 1720 349 τῆς
1737 302 1863 354 μανίας
1878 304 1958 350 τους
1975 307 2184 353 νεανίσκους.

1160 354 1231 392 Καὶ
1260 358 1303 407 τῇ
1332 356 1476 410 ἐπιούσῃ
1509 361 1578 398 τῶν
1610 363 1768 414 ἡμερῶν,
1794 364 2089 417 παραγενομένων
2115 370 2185 406 τῶν

1159 416 1364 465 στρατηγῶν
1385 416 1442 454 ἐπὶ
1458 416 1521 464 τὴν
1537 418 1648 458 οἰκίαν
1652 421 1888 472 ,ἐγκλιθέντες
1895 426 1927 462 οἱ
1943 424 2118 464 νεανίσκοι
2135 426 2186 466 ἔτι

1158 473 1363 516 ναυτιῶντες
1395 476 1625 529 ἀπεκρίναντο
1662 480 1931 532 πυνθανομένων
1960 485 2029 522 τῶν
2054 484 2186 538 ἀρχόν-

1157 544 1242 580 των,
1261 530 1328 568 υπὸ
1344 546 1515 583 χειμιινος
1529 535 1774 588 ἐνοχλούμενοι
1790 540 2046 591 ἠναγκάσθαι’
2026 559 2186 598 αποφορ-

1156 584 1320 626 τίσασθαι
1336 593 1379 642 τῇ
1398 592 1556 646 θαλάσσῃ
1577 595 1621 633 τὰ
1649 596 1795 649 περιττὰ
1818 600 1887 637 τῶν
1905 600 2067 654 φορτίων.
2087 604 2186 642 Θαυ-

1157 643 1337 695 μαζόντων
1350 632 1386 685 δὲ
1393 665 1462 687 των
1475 656 1679 704 στρατηγῶν
1693 654 1756 702 τὴν
1773 654 1939 704 ἔκπληξιν
1953 661 2022 698 τῶν
2035 662 2184 715 ἀνδρων,

1157 706 1203 747 εἷς
1212 720 1281 742 των
1296 706 1499 757 νεανίσκων,
1516 710 1630 749 καίτοι
1647 713 1757 752 δοκῶν
1769 717 1837 754 τῶν
1856 716 1971 756 ἄλλοιν
1982 719 2184 773 πρεσὸεύειν

1156 762 1247 800 κατὰ
1271 762 1335 810 τὴν
1355 766 1412 811 ἡλ·
1407 766 1510 815 .κίαν,
1529 768 1625 820 Ἐγὼ
1656 771 1698 819 δ’,
1725 771 1812 826 ἔφη,
1824 774 1962 852 ειίίνδρες
1990 777 2184 831 Τρίτωνες,

1156 820 1223 858 ὑπὸ
1235 825 1296 859 τοῦ
1313 822 1410 867 δέους
1427 826 1669 866 καταὸαλὼν’
1653 831 1802 880 εμαυτὸν
1822 833 1888 871 ὑπὸ
1903 834 1982 879 τους
1996 837 2184 888 θαλάμους,

1156 880 1203 923 ὡς
1222 878 1272 918 ἔνι
1294 881 1450 931 μάλιστα
1486 886 1680 925 κατωτάτω
1712 889 1869 941 ἐκείμην.
1892 893 2106 945 Συγγνόντες
2125 891 2183 934 ουν

1155 940 1198 990 τῇ
1219 941 1333 977 αὐτῶν
1351 941 1536 992 ἐκστάσει,
1561 945 1830 996 ἐπιτιμήσαντες
1847 950 1895 1000 μὴ
1917 953 2073 997 πλείονος
2089 954 2182 993 οἴνου

1155 998 1405 1050 ἐμφορεῖσθαι,
1425 1003 1576 1054 ἀφηκαν.
1603 1004 1673 1042 Καὶ
1693 1008 1745 1055 οἱ,
1771 1008 1874 1062 χάριν
1895 1009 1987 1062 ἔχειν
2004 1013 2183 1064 ὁμολογή-

1154 1070 1296 1103 σαντες,
1313 1056 1378 1095 Αν
1394 1058 1595 1110 λιμένος,”
1576 1076 1723 1115 εφησαν,
1739 1064 1902 1117 τύχωμεν
1925 1070 2183 1122 ἀπαλλαγέντες

1153 1112 1309 1153 τοιούτου
1345 1115 1537 1167 κλύδωνος,
1577 1124 1738 1176 σωτῆρας
1776 1126 1866 1174 ὑμας
1891 1127 2066 1180 ἐπιφανως
2093 1145 2135 1180 με
2121 1130 2182 1168 τὰ

1152 1173 1221 1210 τῶν
1239 1174 1438 1214 θαλασσίων
1460 1177 1634 1229 δαιμόνων
1660 1181 1695 1218 ἐν
1713 1198 1756 1231 τῃ
1779 1183 1921 1237 πατρίδι
1951 1187 2180 1239 ἱδρυσόμεθα,

1153 1231 1198 1273 ὡς
1219 1232 1340 1276 αἰσίως
1358 1237 1474 1285 ἡμῖν’
1459 1237 1699 1290 επιφανέντας
1717 1239 1897 1280 Ἐντεῦθεν
1918 1246 1940 1289 ἡ
1961 1245 2053 1283 οἰκία
2072 1247 2182 1299 Ἰριή-

1153 1304 1213 1341 ρης
1228 1291 1369 1340 ἐκλήθη·

1626 1367 1712 1407 115

1205 1425 1365 1462 Diodor.
1390 1429 1504 1476 XIII,
1531 1442 1563 1466 e.
1591 1430 1662 1468 85:
1679 1432 1725 1470 Οἱ
1751 1431 1814 1483 μὲν
1836 1428 1895 1473 οῧν
1921 1435 2181 1490 Ἀκραγαντῖνοι

1150 1481 1229 1526 τους
1242 1484 1276 1521 ἐν
1293 1484 1416 1538 ἡλικία
1431 1485 1565 1531 πάντας
1590 1490 1831 1541 καθώπλισαν,
1850 1494 1909 1532 καὶ
1930 1498 2181 1544 καταστήσαν-

1150 1556 1205 1584 τες
1230 1542 1276 1584 εἰς
1298 1541 1407 1589 τάξιν,
1424 1543 1502 1588 τους
1520 1545 1564 1596 μὲ
1567 1562 1584 1584 ν
1603 1547 1661 1586 ἐπὶ
1682 1565 1752 1587 των
1770 1566 1898 1603 τειχων
1919 1553 2083 1604 ἔστησαν,
2103 1556 2182 1600 τους

1151 1600 1188 1639 δὲ
1209 1601 1371 1654 ἐφέδρους
1395 1604 1478 1658 πρὸς
1497 1605 1559 1650 τὰς
1576 1609 1646 1646 τῶν
1666 1613 1982 1663 καταπονουμένων
2001 1615 2179 1668 διαδοχάς.

1150 1661 1352 1714 Συνεμάχει
1382 1663 1412 1701 δ’
1432 1665 1548 1708 αὐτοῖς
1575 1665 1748 1712 Δέξιππός
1773 1686 1811 1708 τε
1838 1674 1856 1709 ὁ
1884 1674 2180 1725 Λακεδαιμόνιος,

1148 1719 1358 1773 προσφάτως
1374 1722 1414 1759 ἐκ
1433 1721 1545 1766 Γέλας
1559 1724 1695 1778 παρὼν,
1716 1727 1805 1778 μετὰ
1825 1727 1929 1774 ξένων
1952 1732 2077 1807 χιλίων
2094 1750 2181 1772 πεν-

1147 1778 1335 1816 τακοσίων.
1355 1773 1468 1824 Ουτος
1486 1781 1553 1835 γὰρ
1570 1784 1648 1821 κατ’
1669 1787 1798 1826 ἐκεῖνον
1818 1788 1878 1827 τὸν
1894 1790 2030 1843 χρόνον,
2048 1794 2096 1836 ὡς
2111 1793 2180 1832 Τί-

1149 1834 1252 1886 μαιός
1266 1852 1383 1890 φησιν,
1404 1854 1439 1876 εν
1459 1838 1551 1878 Γέλα
1569 1841 1792 1896 διέτριὸεν,”
1772 1862 1863 1898 εχων
1885 1847 2022 1900 ἀξίωμα
2042 1850 2098 1889 διὰ
2118 1851 2179 1899 τὴν

1146 1895 1310 1949 πατρίδα.
1330 1897 1386 1935 Cf.
1407 1911 1439 1934 c.
1462 1899 1509 1946 87
1494 1922 1525 1946 7,
1545 1902 1608 1949 93,
1631 1903 1692 1951 96.

1619 1973 1704 2012 116.

1200 2032 1332 2082 Polyb.
1360 2036 1456 2081 XII,
1485 2034 1557 2073 25:
1575 2037 1663 2090 Περὶ
1689 2042 1750 2076 τοῦ
1778 2040 1908 2094 ταύρου
1931 2046 1994 2082 τοῦ
2023 2045 2177 2096 χαλκοῦ’,

56 2077 273 2131 φορτίζεσθαι
291 2077 390 2124 δόξαν
409 2081 524 2124 αὐτοῖς
539 2080 651 2132 λέγειν
668 2081 726 2120 τὸν
745 2083 973 2137 κυὸερνήτην.
987 2087 1083 2125 Συν-
1144 2093 1204 2128 τοῦ
1220 2089 1315 2143 παρὰ
1331 2092 1534 2145 Φαλάριδος
1546 2098 1916 2144 κατασκευασθέντος’
1901 2117 1935 2139 εν
1955 2102 2176 2156 Ἀκράγαντι,

97 2246 373 2287 Agrigentinorum
400 2248 521 2281 fastum
534 2251 566 2282 et
584 2250 714 2283 delicias
731 2252 829 2284 etiam
862 2254 1084 2295 sepulcrorum

61 2293 293 2333 magnificentia
301 2293 449 2327 declarat.
453 2298 598 2333 Quorum
609 2298 762 2330 nonnulla
769 2300 861 2340 equis
871 2302 903 2333 in
913 2304 1086 2337 certamine

67 2339 229 2379 quondam
241 2340 404 2381 probatis,
420 2342 480 2375 alia
495 2344 648 2385 aviculis,
674 2354 747 2386 quae
765 2347 797 2378 in
814 2357 912 2381 cavea
929 2359 948 2382 a
960 2351 1085 2392 virgun-

69 2386 151 2418 culis
163 2389 197 2419 et
210 2387 399 2428 pusionibus
410 2389 600 2431 educantur,
613 2394 778 2425 exstructa
791 2395 886 2428 suen-‚e
903 2399 1013 2439 anue
1025 2408 1084 2431 sua

64 2433 241 2467 etiamnum
255 2437 349 2467 aetate
363 2438 521 2470 exstantia
537 2439 676 2472 Timaeus
689 2449 724 2472 se
738 2441 858 2475 vidisse
871 2446 1018 2477 testatur.

98 2539 207 2580 Plato,
223 2539 308 2573 filius
319 2541 479 2575 Aristonis
490 2566 499 2582 ,
521 2553 623 2584 quum
637 2546 782 2588 videret,
806 2550 1033 2591 Agrigentinos
1049 2555 1082 2587 et

61 2587 184 2626 magnis
200 2587 356 2628 impensis
367 2589 525 2623 aedificare
539 2593 572 2624 et
583 2592 696 2625 eodem
718 2595 816 2627 modo
834 2605 972 2638 coenare,
992 2601 1080 2642 Agri-

60 2633 191 2673 gemini,
207 2634 322 2675 inquit,
335 2636 495 2670 aedificant
509 2639 603 2680 quasi
620 2648 746 2682 semper
757 2642 890 2685 victuri,
902 2646 935 2678 et
951 2651 1081 2681 coenant

60 2679 152 2718 quasi
168 2688 295 2722 semper
309 2683 469 2715 morituri.
487 2685 573 2717 Dicit
595 2689 704 2719 autem
726 2688 866 2722 Timaeus
878 2715 887 2731 ‚
905 2700 961 2724 eos
979 2694 1078 2727 etiam

59 2723 191 2766 lecythis
212 2730 244 2759 et
265 2729 441 2770 strigilibus
459 2733 617 2773 argenteis
633 2743 710 2767 usos
734 2744 825 2777 esse,
848 2741 880 2770 et
905 2739 1005 2773 lectos
1024 2743 1078 2775 ha-

57 2770 164 2806 buisse
176 2776 262 2807 totos
278 2776 446 2810 eburneos.

90 2873 203 2905 Narrat
214 2874 356 2908 Timaeus
384 2878 632 2920 Tauromenita,
651 2880 786 2915 domum
808 2886 972 2925 quandam
987 2890 1076 2930 Agri-

49 2919 137 2958 genti
157 2924 306 2954 vocatam
330 2923 430 2957 fuisse
459 2928 664 2967 Triremem,
687 2930 874 2972 hujusmodi
891 2934 931 2966 de
947 2944 1073 2969 caussa.

49 2965 186 2999 Juvenes
202 2969 359 3009 nonnulli,
369 2980 471 3012 quum
481 2974 595 3014 potui
586 2984 620 3006 ιιι
633 2984 671 3008 ea
682 2985 717 3009 se
730 2979 876 3018 gnaviter
891 2980 1073 3023 dedissent,

50 3018 153 3052 usque
179 3014 259 3046 adeo
277 3016 442 3051 dementes
468 3023 580 3060 erant,
604 3025 641 3054 ut
663 3023 697 3055 in
720 3025 844 3058 triremi
869 3029 1022 3069 navigare
1038 3040 1074 3063 se

48 3059 222 3101 crederent,
239 3064 394 3105 gravique
413 3068 629 3108 tempestate
620 3078 654 3100 m
675 3073 756 3103 mari
772 3073 914 3113 J'actari:
932 3078 1073 3109 tantum-

48 3111 112 3144 que
126 3105 166 3138 de
179 3110 337 3147 potestate
349 3111 465 3144 mentis
479 3113 679 3155 deciderunt,
696 3120 733 3149 ut
746 3127 823 3151 vasa
834 3121 951 3154 domus
964 3126 1073 3156 omnia

46 3152 80 3182 et
92 3154 242 3195 stragula,
258 3158 353 3197 quasi
370 3158 404 3190 in
421 3168 520 3200 mai-,e
534 3161 619 3195 foras
634 3163 804 3208 ejicerent,
822 3177 924 3209 quum
941 3171 1004 3202 sibi
1026 3172 1073 3203 vi-

47 3195 221 3231 derentur·
212 3204 325 3243 imperi
332 3213 389 3236 um
411 3207 632 3246 gubernatoris
652 3211 774 3253 audire,
793 3214 941 3255 dicentis,
958 3226 1072 3249 exone-

48 3244 181 3278 randam
195 3256 266 3281 esse
282 3259 397 3284 navem
421 3256 610 3295 tempestate
633 3258 797 3291 afflictam.
822 3263 1071 3296 confluentibus

48 3289 142 3330 igitur
157 3294 279 3334 multis,
292 3299 324 3329 et
336 3300 478 3339 projecta
491 3302 729 3344 diripientibus,
743 3316 784 3339 ne
797 3308 985 3349 sicquidem
1002 3319 1071 3342 ces-

45 3337 148 3370 savit
136 3349 292 3380 Juvenum
306 3344 439 3378 insania
452 3349 609 3382 Postridie
622 3351 692 3390 ejus
703 3351 776 3394 diei,
788 3363 888 3394 quum
901 3356 988 3388 aedes
1001 3357 1070 3389 illas

1146 2201 1304 2233 adiissent
1316 2204 1491 2243 praetores,
1518 2204 1772 2240 decumbentes
1759 2219 1896 2250 Juvenes
1914 2212 2021 2245 adhuc
2044 2223 2175 2248 nausea

1145 2247 1246 2279 bundi
1276 2250 1498 2290 quaerentibus
1518 2253 1761 2293 magistratibus
1781 2259 2035 2301 responderunt,
2058 2264 2174 2303 tempe-

1143 2296 1225 2327 state
1238 2304 1273 2328 se
1287 2301 1422 2330 vexatos
1436 2301 1632 2340 coactosque
1643 2301 1743 2334 fuisse
1757 2305 1900 2337 sarcinas
1912 2314 2126 2347 supervacuas
2138 2310 2169 2341 in

1142 2350 1231 2374 mare
1249 2343 1397 2384 abjicere,
1416 2353 1532 2377 navem
1545 2350 1582 2378 ut
1595 2347 1751 2381 levarent.
1769 2351 1963 2385 Mirantibus
1978 2356 2172 2394 praetoribus

1143 2390 1319 2422 attonitum
1337 2391 1506 2424 hominum
1527 2396 1711 2436 stuporem,
1727 2406 1813 2430 unus
1835 2407 1874 2430 ex
1891 2399 1974 2439 illis,
1998 2401 2053 2441 qui
2070 2404 2172 2443 maj0r

1141 2439 1238 2470 etiam
1254 2440 1332 2471 natu
1362 2440 1477 2473 ceteris
1500 2442 1682 2483 videbatur,
1696 2447 1772 2486 Ego,
1797 2446 1911 2487 inquit,
1934 2448 1991 2479 viii
2012 2449 2169 2489 Tritones,

1142 2488 1230 2517 metu
1243 2489 1480 2527 consternatus,
1494 2489 1576 2521 sub
1568 2499 1633 2522 ιιιιο
1647 2491 1793 2524 tabulato
1807 2503 1904 2533 quam
1922 2495 2062 2526 maxime
2077 2496 2168 2528 licuit

1141 2532 1298 2565 abditus
1285 2534 1383 2574 Jacui.
1395 2534 1444 2566 Illi
1467 2537 1585 2568 mentis
1601 2537 1783 2571 alienationi
1808 2541 2007 2580 ignoscentes
2024 2541 2165 2583 objurga-

1138 2582 1189 2611 tos
1202 2581 1358 2621 juvenes,
1370 2583 1575 2624 monitosque
1594 2594 1634 2616 ne
1653 2589 1763 2626 postea
1782 2596 1856 2618 vmo
1872 2596 1907 2618 se
1923 2588 2163 2629 ingurgitarent,

1137 2626 1340 2660 dimiserunt.
1364 2630 1405 2661 Hi
1428 2639 1517 2670 vero,
1533 2632 1666 2671 gratiam
1682 2642 1717 2665 se
1730 2633 1847 2665 habere
1868 2634 2015 2674 professi,
2030 2635 2163 2668 dixere:

1138 2674 1170 2705 Si
1179 2677 1309 2715 portum
1320 2677 1533 2717 attigerimus,
1544 2680 1634 2710 tanto
1646 2679 1843 2719 tempestatis
1853 2680 1994 2719 periculo
2005 2681 2162 2723 defuncti,

1137 2721 1232 2754 vobis
1249 2724 1488 2763 servatoribus,
1502 2725 1558 2765 qui
1576 2727 1641 2757 tam
1656 2725 1820 2779 auspicato
1838 2726 1930 2757 nobis
1945 2729 2161 2780 apparuistis,

1135 2768 1167 2799 in
1183 2770 1288 2810 patria
1298 2773 1407 2803 nostra
1420 2772 1513 2812 Juxta
1529 2781 1604 2803 cum
1621 2773 1753 2804 marinis
1767 2772 1828 2804 diis
1847 2774 1993 2805 statuas·
1986 2783 2017 2806 ιιι
2033 2776 2163 2816 publico

1135 2815 1208 2848 loco
1224 2817 1416 2850 dicabimus.
1437 2821 1486 2850 Ita
1507 2819 1618 2850 domui
1636 2819 1682 2850 illi
1704 2828 1822 2851 nomen
1844 2821 2011 2852 Triremis
2028 2823 2160 2856 mansit.

1177 2923 1398 2963 Agrigentini,
1429 2923 1572 2962 armatis,
1608 2924 1794 2964 quicunque
1824 2933 1882 2965 per
1910 2927 2038 2959 aetatem
2072 2937 2162 2962 arma

1134 2968 1217 3000 ferre
1234 2972 1383 3009 possent,
1402 2972 1435 3000 et
1459 2970 1492 3000 in
1513 2970 1659 3001 ordinem
1677 2970 1827 3011 digestis,
1847 2973 1971 3012 partem
1987 2973 2102 3007 horum
2120 2977 2159 3010 ad

1133 3015 1354 3047 defensionem
1370 3016 1526 3047 moenium
1541 3017 1761 3057 constituunt,
1785 3021 1907 3059 partem
1934 3022 1968 3052 in
1985 3022 2138 3056 subsidiis
2149 3049 2158 3065 ,

1133 3063 1171 3094 ad
1191 3063 1432 3094 succedendum
1454 3063 1568 3103 fessis,
1586 3064 1754 3097 collocant.
1769 3067 1967 3100 Auxiliarem
1989 3078 2065 3102 vero
2080 3071 2158 3112 ipsis

1131 3117 1262 3149 operam
1277 3109 1416 3140 navabat
1436 3109 1602 3150 Dexippus
1623 3111 1906 3154 Lacedaemonius3
1929 3114 1986 3155 qui
2010 3125 2120 3149 recens
2139 3127 2159 3150 a

1131 3154 1210 3185 Gela
1230 3155 1478 3194 quingentorum
1493 3158 1527 3187 et
1539 3157 1626 3189 mille
1636 3159 1876 3198 peregrinorum
1890 3160 2028 3193 militum
2044 3171 2156 3203 agmen

1131 3201 1210 3241 ipsis
1226 3202 1414 3234 adduxerat.
1434 3203 1494 3235 Hic
1516 3204 1602 3236 enim
1625 3204 1681 3236 illo
1697 3207 1861 3247 tempore,
1887 3211 1924 3240 ut
1942 3208 1987 3240 ait
2002 3210 2155 3251 Timaeus,

1130 3248 1219 3279 Gelae
1238 3249 1338 3280 vitam
1356 3250 1431 3290 egit,
1450 3250 1482 3281 in
1500 3251 1622 3283 honore
1638 3251 1769 3284 habitus
1784 3257 1913 3295 propter
1927 3256 2072 3296 patriam

1647 3312 1681 3343 6.

1170 3359 1331 3399 Agrigenti
1344 3362 1455 3393 taurus
1476 3361 1554 3393 olim
1572 3311 1681 3395 aelnssus
1697 3364 1759 3397 fuit
1771 3389 1780 3405 ,
1802 3375 1819 3398 3
1839 3367 2009 3400 Phalaride
2026 3369 2152 3401 fabrica·
