2320 3684
161 185 236 218 230

158 265 301 315 ὑστέρου
321 263 375 302 διὰ
397 263 460 311 τὴν
480 263 568 302 ἰδίαν
588 262 726 316 ἀρετὴν,
740 263 779 300 οὗ
799 260 901 312 μόνον
918 262 1081 305 Σικελίας
1100 277 1181 314 σχε-

159 323 216 362 δὸν
235 322 319 371 ὅλης
335 323 542 376 ἐκυρίευσεν,
560 321 650 360 ἀλλὰ
667 319 801 367 πολλὴν
814 322 877 366 τῆς
896 320 1047 364 Ἰταλίας
1064 336 1102 358 τε
1121 321 1180 360 καὶ

156 380 290 428 Λιὸύης
302 387 371 424 τοῖς
389 380 506 423 ὅπλοις
521 377 788 431 κατεστρέψατο.
810 378 1005 427 Θαυμάσαι
1023 379 1052 416 δ’
1073 378 1113 416 ἅν
1131 395 1182 423 τις

156 443 217 477 τοῦ
238 438 463 492 συγγραφέως
480 437 543 484 τὴν
569 435 747 490 εὐχέρειαν
760 451 768 460 ·
804 436 888 489 παρ’
921 435 1006 484 ὅλην
1025 436 1093 488 γὰρ
1115 437 1179 484 τὴν

156 496 292 551 γραφὴν
311 496 536 547 ἐγκωμιάζων
562 493 626 541 τὴν
644 497 713 533 τῶν
739 494 986 548 Συρακουσίων
1009 495 1180 549 ἀνδρείαν,

156 555 214 593 τὸν
233 554 363 593 τούτων
377 552 602 606 κρατήσαντα
622 552 732 605 δειλία
748 552 833 605 φησὶ
851 551 1085 605 διενηνοχέναι
1102 554 1180 598 τοὺς

155 613 311 656 ἅπαντας
329 611 538 666 ἀνθρώπους.
557 610 624 650 Διὰ
642 615 723 662 γοῦν
743 613 812 649 τῶν
830 612 865 650 ἓν
883 618 959 655 ταῖς
974 612 1179 651 ἐναντιώσε-

155 686 209 710 σιν
230 670 383 723 ἐλέγχων
405 670 548 723 φανερός
567 671 641 708 ἐστι
658 670 698 708 τὸ
718 669 904 723 φιλάληθες
924 673 985 717 τῆς
1003 672 1179 724 ἱστορικῆς

153 729 349 783 παρρησίας
370 727 614 781 προδεδωκὼς,
633 728 721 772 ἰδίας
736 727 848 766 ἕνεκεν
869 727 994 782 ἔχθρας
1006 729 1065 767 καὶ
1083 731 1180 783 φιλο-

153 788 292 831 νεικίας.
311 786 439 840 Διόπερ
456 786 517 830 τὰς
531 786 684 839 ἐσχάτας
701 789 764 833 τῆς
786 786 978 831 συντάξεως
1001 786 1105 826 πέντε
1123 790 1179 840 βί-

153 846 255 890 ὅλους
270 850 330 886 τοῦ
347 845 574 899 συγγραφέως
591 845 734 893 τούτου,
746 844 824 883 καθ’
845 844 884 889 ἃς
896 845 1096 900 περιείληφε
1116 846 1178 890 τὰς

152 904 399 956 Ἀγαθοκλέους
417 903 577 959 πράξεις,
597 905 661 943 οὒκ
678 903 718 942 ἄν
733 920 785 947 τις
795 903 936 947 δικαίως
955 904 1174 950 ἀποδέξαιτο.

151 964 207 1002 Cf.
229 965 364 1003 Suidas
387 978 414 1002 s.
429 978 466 1002 v.
484 963 646 1014 Τίμαιος.

627 1023 640 1059 l
651 1022 714 1061 45.

204 1077 337 1126 Polyb.
362 1079 459 1124 XII,
482 1076 549 1113 15:
566 1074 637 1114 Καὶ
655 1074 722 1149 γὰρ
744 1073 822 1113 οὐδὲ
837 1081 914 1117 ταῖς
933 1074 1010 1113 κατ’
1029 1074 1175 1127 Ἀγαθο-

150 1134 308 1179 κλέους”
289 1150 398 1186 εγωγε
416 1132 622 1188 λοιδορίαις,
644 1135 674 1172 εἷ
693 1133 754 1172 καὶ
772 1133 912 1172 πάντων
933 1133 974 1185 γέ
975 1149 1071 1185 γονεν
1090 1135 1176 1172 ἀσε-

150 1193 336 1244 ὅέστατος,
371 1194 516 1233 εὐδοκῶ.
547 1192 650 1244 Λέγω
670 1192 699 1230 δ’
718 1194 753 1230 ἐν
776 1191 929 1240 τούτοις,
957 1193 992 1230 ἕν
1030 1186 1081 1236 οἷς
1118 1192 1175 1230 ἐπὶ

121 1250 129 1255 ’
149 1254 375 1306 καταστροφῇ
407 1268 469 1299 της
489 1249 574 1299 ὅλης
591 1251 745 1304 ἱστορίας
764 1250 874 1305 φησὶ,
911 1250 1089 1301 γεγονέναι
1115 1250 1174 1288 τὸν

149 1310 365 1362 Ἀγαθοκλέα
384 1309 476 1349 κατὰ
491 1309 554 1357 τὴν
576 1308 718 1363 πρώτην
738 1307 878 1355 ἡλικίαν
901 1307 1014 1346 κοινὸν
1035 1306 1174 1360 πόρνον,

149 1369 286 1421 ἕτοιμον
304 1375 375 1413 τοῖς
393 1369 684 1423 ἀκρατεστάτοις,
714 1367 862 1415 κολοιὸν,
880 1366 1058 1420 τριόρχην,
1081 1366 1175 1404 πάν-

147 1444 216 1466 των
235 1430 304 1467 τῶν
321 1427 539 1480 βουλομένων
553 1433 624 1470 τοῖς
639 1425 778 1465 ὄπισθεν
790 1425 983 1480 ἔμπροσθεν
995 1424 1172 1476 γεγονότα.

147 1487 242 1541 Πρὸς
274 1487 310 1525 δὲ
350 1486 502 1535 τούτοις,
534 1485 584 1524 ὅτ’
614 1485 784 1534 ἀπέθανε,
809 1483 873 1531 τὴν
909 1490 1058 1535 γυναῖκα
1089 1483 1173 1536 φησὶ

147 1544 452 1595 κατακλαιομένην
474 1544 575 1582 αὐτὸν
604 1543 695 1582 οὕτω
715 1546 849 1596 θρηνεῖν
864 1558 871 1566 ·
893 1542 940 1581 Τί
963 1542 991 1579 δ’
1011 1543 1074 1580 οὐκ
1105 1541 1173 1593 ἐγὼ

148 1603 263 1652 σέ;τί
284 1604 312 1641 δ’
333 1605 395 1642 οὐκ
412 1602 476 1654 ἐμὲ
511 1602 576 1651 σύ;
624 1603 687 1642 Ἔν
729 1601 797 1655 γὰρ
840 1600 973 1645 τούτοις
1001 1600 1106 1639 πάλιν
1134 1603 1173 1639 οὐ

149 1662 251 1713 μόνον
270 1662 310 1700 ἄν
331 1678 383 1705 τις
401 1661 631 1714 ἐπεφθέγξατο
657 1661 702 1699 τὰ
730 1661 789 1699 καὶ
821 1660 901 1713 περὶ
920 1659 1172 1713 Δημοχάρους,

147 1720 238 1759 ἀλλὰ
263 1721 322 1759 καὶ
360 1720 423 1768 τὴν
455 1719 650 1774 ὓπερὸολὴν
701 1719 888 1770 θαυμάσειε
928 1722 990 1766 τῆς
1020 1718 1171 1771 πικρίας.

146 1779 231 1818 “Ort
266 1779 332 1833 γὰρ
365 1781 405 1818 ἐκ
432 1778 566 1833 φύσεως
592 1779 727 1830 ἀνάγκη
757 1778 892 1830 μεγάλα
923 1776 1172 1831 προτερήματα

146 1838 324 1890 γεγονέναι
321 1838 419 1899 περὶ
438 1838 496 1877 τὸν
516 1837 748 1890 Ἀγαθοκλέα,
775 1853 876 1875 τουτο
901 1836 1003 1883 δηλόν
1028 1838 1121 1874 ἐστιν
1138 1836 1172 1879 εξ

147 1899 277 1947 αὐτῶν,
317 1901 364 1935 ὡν
394 1900 412 1935 ὃ
445 1897 596 1947 Ἰίμαιος
615 1896 854 1968 ἀποφαίνεται.
893 1896 936 1933 Ei
962 1894 1028 1948 γὰρ
1048 1893 1173 1938 εἰςτὰς

147 1955 379 2010 Συρακούσας
400 1956 618 2009 παρεγενήθη
641 1954 775 2009 φεύγων
792 1954 850 1992 τὸν
867 1954 1005 2007 τροχὸν,
1021 1953 1080 1991 τὸν
1102 1968 1172 1991 κα-

152 2032 197 2039 .—

147 2065 272 2106 fuisset,
287 2065 495 2105 postmodum
509 2073 568 2096 sua
582 2065 701 2095 virtute
718 2072 782 2095 non
798 2063 958 2094 universae
977 2062 1073 2093 modo
1093 2061 1168 2092 Sici-

146 2113 199 2145 liae
214 2111 468 2144 dominationem
493 2111 628 2151 adeptus
648 2111 715 2150 est,
741 2110 796 2142 sed
813 2112 845 2141 et
866 2109 969 2142 Italiae
990 2109 1168 2148 Africaeque

147 2159 322 2192 maximam
342 2160 464 2199 partem
482 2159 581 2189 armis
599 2156 735 2198 subegit.
757 2160 803 2189 Ac
819 2157 982 2188 levitatem
1001 2156 1105 2197 ipsius
1120 2156 1170 2187 Ti—

146 2207 221 2238 maei
236 2206 350 2237 merito
368 2204 442 2245 quis
455 2204 598 2244 miretur,
618 2204 674 2244 qui
691 2213 790 2244 quum
805 2204 868 2235 sere
879 2203 1031 2235 omnibus
1046 2203 1170 2244 paginis

147 2253 424 2293 Syracusanorum
449 2250 672 2282 fortitudinem
695 2250 844 2282 laudibus
867 2249 999 2288 efferat,
1024 2258 1098 2281 eum
1116 2249 1171 2289 qui

147 2301 367 2340 Syracusanos
395 2297 539 2335 domuit,
563 2297 711 2328 omnium
731 2297 896 2328 hominum
925 2296 1170 2336 ignavissimum

147 2346 248 2379 fuisse
274 2345 424 2376 affirmat.
441 2346 491 2375 Ex
511 2344 562 2375 his
583 2344 681 2384 igitur
705 2344 786 2375 adeo
801 2344 884 2375 inter
903 2352 937 2375 se
953 2342 1171 2383 pugnantibus

148 2396 243 2434 atque
255 2391 423 2424 contrariis
439 2391 610 2422 manifesto
623 2391 837 2429 convincitur,
853 2391 998 2422 veritatis
1014 2389 1170 2428 studium,

148 2440 237 2481 quod
251 2440 285 2471 in
300 2438 455 2470 historico
470 2437 670 2478 praecipuum
688 2446 759 2469 esse
774 2437 887 2476 dehet,
908 2438 1042 2477 privatae
1061 2436 1171 2468 simul-

148 2487 223 2519 tatis
238 2495 276 2518 ac
289 2484 505 2517 contentionis
527 2492 625 2515 causa
639 2493 714 2516 eum
738 2484 928 2525 prodidisse.
954 2483 1171 2520 Quamobrem

149 2537 330 2576 postremos
342 2532 411 2572 ejus
425 2531 567 2572 quinque
582 2531 692 2571 libros,
711 2530 831 2571 quibus
847 2539 898 2562 res
917 2530 1102 2571 Agathoclis
1118 2539 1170 2570 ge-

149 2584 215 2613 stas
234 2580 423 2621 complexus
438 2580 506 2617 est,
526 2586 622 2610 nemo
639 2586 782 2618 unquam
797 2578 869 2617 ¹jure
889 2576 1004 2609 merito
1027 2585 1170 2617 compro-

149 2627 242 2659 barit.

617 2673 633 2705 1
643 2673 703 2705 45.

188 2721 317 2753 Etenim
337 2719 418 2751 mihi
434 2727 474 2751 ne
488 2718 543 2751 illa
555 2718 688 2759 quidem
701 2717 873 2749 maledicta
886 2716 1031 2757 placent,
1046 2724 1119 2756 quae
1136 2716 1170 2748 in

149 2767 356 2809 Agathoclem
371 2766 457 2798 idem
471 2765 613 2798 Timaeus
626 2764 782 2804 contulit,
801 2763 860 2796 etsi
873 2763 934 2795 suit
946 2762 998 2794 ille
1014 2771 1091 2794 sane
1102 2772 1165 2795 sce-

151 2814 340 2845 lestissimus
371 2815 403 2844 et
444 2811 590 2843 omnium
626 2811 769 2842 maxime
798 2809 928 2850 impius.
957 2808 1036 2839 Dico
1063 2812 1169 2840 autem

151 2862 229 2899 ista,
246 2869 319 2900 quae
335 2860 366 2891 in
389 2859 494 2900 operis
517 2858 616 2890 totius
635 2859 687 2890 sui
710 2857 771 2889 fine
785 2856 915 2898 posuit,
938 2864 1003 2896 quo
1022 2855 1092 2886 loco
1108 2856 1170 2895 ait,

152 2907 356 2946 Agathoclem
370 2906 402 2937 in
417 2906 522 2946 prima
537 2907 632 2937 aetate
649 2904 817 2946 publicum
830 2903 929 2935 fuisse
941 2901 1168 2943 prostibulum,

150 2953 269 2993 passim
279 2953 422 2984 omnium
436 2951 823 2984 incontinentissimorum
839 2949 964 2981 libidini
974 2948 1170 2989 expositum,

149 3000 325 3039 graculum,
343 3000 502 3031 triorchen
514 3023 522 3038 ,
539 2999 596 3040 qui
607 3008 740 3031 aversus
763 2999 796 3030 et
815 2997 972 3029 adversus
987 2995 1170 3037 impudicus

150 3045 255 3077 obviis
294 3046 476 3086 quibusque
505 3048 637 3086 pateret.
670 3045 722 3077 Ad
749 3046 836 3080 haec,
852 3043 908 3075 ubi
922 3043 987 3074 sato
1003 3045 1086 3074 esset
1102 3042 1171 3075 sun-

149 3093 235 3130 ctus,
249 3093 317 3131 ejus
339 3101 470 3123 uxorem
502 3092 546 3123 ait
579 3094 744 3123 mortuum
763 3091 914 3122 maritum
931 3090 1168 3129 lamentantem,

152 3138 335 3178 huJusmodi
357 3139 541 3178 plangorem
557 3138 698 3170 edidisse
713 3147 721 3169 ε
737 3137 823 3175 Quid
841 3145 904 3168 non
926 3145 984 3176 ego
998 3135 1076 3168 tibi?
1092 3135 1170 3176 quid

152 3193 217 3216 non
245 3187 279 3215 tu
305 3185 408 3216 mihi?
435 3187 501 3216 lsta
527 3185 612 3216 enim
628 3185 683 3225 qui
708 3185 840 3224 legunt,
873 3191 938 3214 non
951 3192 987 3214 ea
1002 3183 1171 3214 dumtaxat

152 3231 267 3263 merito
287 3232 513 3271 usurpaverint
525 3254 533 3270 ,
549 3241 623 3271 quae
640 3232 680 3263 de
705 3231 925 3272 superioribus
941 3230 1095 3261 adversus
1110 3232 1170 3262 De-

153 3278 335 3310 mocharem
361 3278 458 3308 modo
481 3277 684 3316 dioebamus;
717 3278 773 3310 scd
803 3278 899 3310 etiam
927 3276 1007 3308 illud
1036 3276 1169 3308 modum

152 3333 281 3356 omnem
295 3324 452 3355 excedens
465 3324 675 3356 maledicendi
695 3326 839 3357 studium
850 3348 859 3364 ‚
875 3334 940 3365 quo
957 3324 1098 3356 Timaeus
1116 3323 1167 3355 ssa·

151 3370 271 3411 grabat,
298 3370 431 3401 omnino
462 3370 628 3401 mirentur.
657 3371 782 3403 Etenim
799 3380 928 3404 necesse
951 3371 1061 3412 utique
1086 3379 1166 3410 esse,

949 177 1115 216 TIMAEI
1142 162 1473 219 FRAGMENTA.

1239 264 1338 314 πνὸν,
1353 265 1411 304 τὸν
1428 266 1554 315 πηλὸν,
1566 266 1647 320 περί
1658 283 1696 305 τε
1708 266 1771 315 τὴν
1788 268 1926 316 ἡλικίαν
1946 271 2183 312 ὀκτωκαίδεκα
2199 273 2259 322 ἔτη

1241 322 1407 374 γεγονώς·
1445 324 1504 362 καὶ
1550 325 1639 376 μετά
1684 342 1763 365 τινα
1807 326 1929 399 γρόνον
1941 359 1951 376 ,
1992 331 2154 382 ὁρμηθεις
2190 332 2260 371 ἀπὸ
2282 338 2289 344 ”

1239 381 1401 429 τοιαύτης
1416 382 1629 432 υποθέσεως,
1649 383 1791 438 κύριος
1786 384 1828 422 υιὲ
1831 402 1848 422 ν
1870 386 2016 435 ἐγενήθη
2053 388 2170 436 πάσης
2197 392 2262 429 Σι-

1240 438 1374 486 κελίας,
1394 440 1574 491 μεγίστους
1589 441 1626 480 δε
1650 442 1826 486 κινδύνους
1843 444 2051 497 περιέστησε
2071 448 2260 501 Καρχηδο-

1239 497 1338 546 νίοις,
1356 497 1499 547 τέλος,’
1484 500 1679 554 εγγηράσας
1693 505 1736 553 τῇ
1758 502 1958 556 δυναστεία,
1972 503 2184 559 κατεστρεψε
2201 506 2260 545 τὸν

1242 556 1314 608 βίον
1337 558 1496 609 βασιλεὺς
1531 560 1894 613 προσαγορευόμενος·
1930 557 1985 615 ἀρ’
2017 578 2079 601 ουκ
2111 564 2260 616 ἀνάγκη,

1240 614 1330 666 μέγα
1346 631 1379 653 τι
1394 617 1571 668 γεγονέναι
1597 634 1720 671 χρημα
1740 619 1798 657 καὶ
1824 621 2015 670 θαυμάσιον
2039 620 2098 659 τὸν
2116 621 2262 674 Ἀγαθο-

1239 672 1346 722 κλέα,
1363 674 1421 712 καὶ
1439 674 1604 720 πολλὰς
1589 677 1777 728 εσχηκέναι
1797 678 1902 731 ῥοπὰς
1918 694 1976 717 και
1997 679 2159 731 δυνάμεις
2176 679 2262 735 πρὸς

1238 731 1296 770 τὸν
1312 733 1556 806 πραγματικὸν
1587 734 1732 788 τρόπον,
1779 735 1888 790 Ὑπὲρ
1927 741 1974 775 ὢν
2011 738 2062 776 δεῖ
2098 738 2156 776 τὸν
2175 754 2260 790 συγ-

1238 791 1372 843 γραφέα
1392 790 1440 842 μὴ
1465 791 1568 843 μόνον
1588 792 1632 831 τὰ
1647 793 1732 847 πρὸς
1752 794 1916 842 διαὸολὴν
1933 811 2103 849 κυρουντα
2122 796 2182 835 καὶ
2197 812 2262 835 κα-

1237 850 1402 903 τηγορίαν
1417 850 1611 902 ἐξηγεῖσθαι
1627 858 1697 896 τοῖς
1720 853 2012 905 ἐπιγιγνομένοις,
2027 854 2117 893 ἀλλὰ
2142 854 2200 894 καὶ
2216 854 2261 894 τὰ

1237 908 1323 960 πρὸς
1337 908 1477 948 ἔπαινον
1494 909 1625 956 ἥκοντα
1640 911 1719 964 περὶ
1738 912 1797 950 τὸν
1819 911 1939 966 ἄνδρα.
1960 915 2076 952 Τοῦτο
2092 912 2159 968 γὰρ
2175 913 2261 953 ἴδιόν

1238 970 1312 1007 ἐστι
1348 971 1409 1014 τῆς
1444 969 1608 1022 ἱστορίας.
1657 968 1702 1009 Ὁ
1734 969 1771 1008 δὲ
1799 977 1868 1015 πᾶς
1909 971 2151 1023 ἐσκοτισμένος
2193 972 2262 1011 ὑπὸ

1236 1030 1298 1074 τ’ἥς
1317 1027 1405 1071 ἰδίας
1436 1026 1599 1080 πικρίας,
1627 1027 1672 1065 τὰ
1704 1027 1766 1079 μὲν
1787 1028 2022 1080 ἐλαττώματα
2049 1031 2263 1082 δυσμενικῶς

1237 1102 1294 1124 και
1306 1101 1371 1136 μετ
1371 1084 1569 1132 ἀὐξήσεως
1581 1088 1665 1136 ἡμῖν
1683 1085 1885 1138 ἐξήγγελκε,
1901 1086 1991 1126 τὰδὲ
2006 1085 2262 1142 κατορθώματα

1238 1143 1436 1190 συλλήὸδην
1469 1143 1743 1196 παραλέλοιπεν·
1781 1147 1926 1196 ἀγνοῶν,
1960 1145 2012 1184 ὅτι
2047 1146 2087 1184 τὸ
2139 1147 2261 1200 ψεῦδος

1237 1203 1302 1254 οὐχ
1322 1198 1426 1250 ἧττόν
1453 1202 1527 1239 ἐστι
1555 1202 1634 1255 περὶ
1666 1202 1744 1246 τοὺς
1760 1202 1805 1241 τὰ
1824 1203 2024 1255 γεγονότα”
2067 1207 2262 1259 γράφοντας

1236 1262 1270 1298 ἐν
1304 1266 1380 1304 ταῖς
1410 1259 1587 1313 ἱστορίαις.
1637 1260 1760 1311 ἹΙμεῖς
1801 1262 1837 1299 δὲ
1881 1277 1922 1300 το
1947 1266 2009 1312 μὲν
2054 1264 2260 1318 ἐπιμετροῦν

1236 1321 1297 1365 τῆς
1313 1318 1500 1370 ἀπεχθείας
1516 1320 1620 1356 αὐτοῦ
1634 1318 1738 1372 χάριν
1757 1319 1953 1374 ἀφήκαμεν,
1968 1322 2013 1358 τὰ
2028 1321 2057 1358 δ’
2075 1323 2185 1361 οἰκεῖα
2200 1325 2262 1370 τῆς

1235 1377 1428 1430 προθέσεως
1448 1378 1561 1415 αὐτῶν
1580 1379 1619 1415 οὐ
1640 1378 1912 1466 παρεέείψαμεν.

1707 1433 1719 1467 1
1756 1433 1791 1470 6.

1288 1483 1423 1533 Polyb.
1442 1486 1529 1530 XV,
1550 1485 1597 1521 35
1614 1499 1622 1521 :
1640 1482 1805 1522 Ἐκείνων
1830 1483 1898 1539 γὰρ
1922 1488 1940 1524 ὁ
1969 1484 2032 1536 μὲν
2061 1485 2174 1539 ἔτερος
2192 1486 2260 1540 (sc.

1234 1540 1427 1591 Διονύσιος)
1451 1542 1490 1579 ἐκ
1513 1541 1704 1588 δηαοτικ-ἢς
1719 1550 1778 1580 καὶ
1795 1546 1961 1590 ταπεινῆς
1987 1542 2180 1588 ὑποθέσεως
2198 1547 2254 1598 ὁρ·

1236 1600 1375 1651 μηθεὶς,
1395 1603 1413 1638 ὁ
1433 1599 1461 1636 δ’
1482 1599 1715 1650 Ἀγαθοκλῆς,
1737 1602 1783 1643 ὡς
1816 1604 1834 1639 ὁ
1860 1601 2011 1652 Τίμαιος
2025 1601 2258 1641 ἐπισκώπτων

1235 1658 1333 1712 φησὶ,
1342 1659 1511 1711 κεραμεὺς
1519 1658 1699 1711 ὑπάρχων,
1707 1659 1767 1697 καὶ
1773 1659 1978 1698 καταλιπὼν
1987 1659 2045 1698 τὸν
2053 1659 2257 1713 τροχὸν,τὸν

1234 1716 1358 1765 πηλὸν,
1370 1716 1429 1755 καὶ
1439 1716 1496 1754 τὸν
1507 1717 1651 1762 καπνὸν,
1659 1713 1724 1764 ἧκε
1734 1716 1807 1761 νέος
1815 1716 1862 1755 ὢν
1876 1719 1922 1762 εἷς
1934 1717 1996 1762 τὰς
2004 1718 2242 1772 Συρακούσας.

1287 1780 1382 1814 Cum
1408 1776 1466 1813 his
1495 1776 1624 1813 confer
1644 1777 1782 1814 sustin.
1799 1780 1927 1825 XXII,
1955 1791 1986 1815 1.
2002 1778 2115 1816 Unde
2133 1791 2256 1829 appa—

1231 1843 1290 1872 ret
1303 1839 1471 1884 Trogum
1490 1835 1712 1885 Pompeium
1729 1836 1891 1885 plurima
1908 1848 1975 1873 sua
1991 1836 2038 1874 de
2050 1837 2256 1887 Agathocle

1233 1908 1280 1931 ex
1295 1893 1425 1931 Timaei
1446 1893 1555 1930 libris
1568 1892 1737 1931 hausisse
1766 1897 1813 1931 V.
1833 1897 1992 1932 Heeren.
2017 1897 2160 1933 Comm.
2177 1898 2252 1934 So-

1232 1953 1316 1990 ciet.
1333 1952 1503 2002 Gotting.
1525 1955 1633 1992 Tom.
1654 1955 1741 1999 XV,
1752 1966 1789 2003 p.
1813 1966 1898 2002 ²²9-

1229 2063 1265 2092 ut
1281 2060 1465 2100 ingentibus
1483 2068 1501 2091 a
1512 2061 1628 2091 natura
1644 2059 1774 2091 dotibus
1789 2063 1921 2092 ornatus
1935 2061 2031 2093 fuerit
2044 2062 2232 2102 Agathocles
2243 2086 2253 2100 ,

1230 2107 1263 2138 id
1278 2116 1354 2138 vero
1366 2107 1463 2139 etiam
1479 2116 1517 2138 ex
1531 2106 1606 2145 illis,
1626 2115 1700 2147 quae
1713 2107 1753 2138 de
1768 2116 1806 2139 eo
1821 2107 1957 2148 ipsemet
1971 2109 2112 2140 Timaeus
2131 2108 2240 2141 scribit

1228 2154 1350 2194 liquido
1375 2157 1509 2186 constat.
1538 2156 1618 2186 Nam
1651 2154 1677 2185 si
1707 2154 1870 2194 figulat-em
1899 2157 2012 2191 rotam,
2028 2157 2061 2187 et
2079 2155 2204 2188 fumum
2215 2165 2253 2188 ac

1227 2203 1333 2234 lutum
1349 2203 1490 2243 fugiens,
1513 2212 1615 2243 quum
1638 2203 1692 2234 vix
1710 2203 1820 2235 decem
1842 2206 1873 2235 et
1889 2206 1963 2236 octo
1983 2207 2068 2236 esset
2081 2213 2252 2244 annorum,

1230 2251 1404 2290 Syracusas
1438 2250 1579 2290 primum
1620 2250 1726 2288 venit,
1763 2253 1795 2282 et
1815 2253 1887 2291 post
1909 2251 2038 2291 aliquod
2065 2253 2212 2292 tempus,
2233 2261 2252 2284 a

1232 2297 1286 2328 tali
1304 2297 1467 2337 profectus
1486 2297 1644 2338 principio
1657 2322 1666 2337 ‚
1686 2297 1825 2329 Siciliam
1846 2297 2030 2329 universam
2044 2307 2104 2330 suo
2117 2297 2252 2339 subjecit

1230 2343 1380 2384 imperio,
1404 2344 1610 2384 maximaque
1626 2343 1734 2375 Poenis
1750 2344 1870 2375 creavit
1887 2344 2038 2385 pericula,
2057 2344 2196 2385 denique
2207 2353 2254 2377 se·

1230 2399 1292 2421 nex
1308 2390 1339 2421 in
1366 2390 1437 2431 ipso
1450 2390 1628 2429 dominatu,
1645 2392 1677 2422 et
1694 2391 1781 2431 regio
1797 2393 1928 2422 ornatus
1942 2391 2047 2431 titulo,
2064 2391 2164 2423 vitam
2183 2390 2250 2423 fini·

1230 2437 1278 2468 vit
1293 2446 1301 2468 :
1328 2437 1402 2477 quis
1438 2439 1543 2477 neget,
1575 2446 1728 2477 magnum
1744 2437 1886 2478 profecto
1918 2438 2024 2469 virum
2040 2440 2072 2470 et
2087 2437 2252 2470 admirabi-

1229 2482 1293 2514 lem
1310 2483 1409 2515 fuisse
1426 2483 1632 2524 Agathoclem
1645 2508 1654 2524 ,
1671 2484 1793 2524 quique
1814 2484 1939 2525 magnis
1960 2493 1978 2516 a
1991 2486 2106 2516 natura
2121 2484 2250 2517 dotibus

1229 2532 1261 2560 et
1280 2530 1438 2570 praesidiis
1459 2531 1501 2562 ad
1522 2540 1572 2562 res
1598 2531 1742 2563 sollerter
1764 2531 1919 2571 gerendas
1946 2533 2031 2563 esset
2054 2531 2251 2563 instructus?

1230 2578 1401 2617 Propterea
1423 2577 1541 2608 debent
1574 2586 1681 2609 rerum
1702 2579 1862 2618 gestarum
1879 2578 2051 2619 scriptores
2064 2587 2127 2609 non
2155 2586 2250 2610 easo·

1229 2622 1297 2654 lum
1310 2647 1319 2661 ,
1337 2632 1411 2663 quae
1429 2623 1467 2654 ad
1494 2624 1729 2655 criminandum
1754 2626 1786 2656 et
1804 2625 2022 2656 accusandum
2044 2624 2248 2665 Agathoclem
2299 2643 2303 2645 Δ

1228 2669 1349 2708 valent,
1365 2669 1491 2701 tradere
1503 2670 1640 2710 posteris
1653 2681 1662 2710 ;
1679 2679 1794 2702 verum
1809 2671 1905 2702 etiam
1918 2671 1982 2710 illa,
2004 2680 2077 2712 quae
2092 2679 2167 2703 cum
2181 2671 2250 2711 eius

1230 2715 1324 2747 laude
1344 2718 1420 2747 sunt
1432 2719 1617 2756 conjuncta.
1644 2717 1682 2748 ld
1698 2717 1784 2749 enim
1802 2726 1887 2750 vera}
1902 2717 2068 2759 proprium
2084 2720 2132 2750 est
2153 2717 2248 2750 histo-

1230 2761 1296 2793 riae.
1327 2764 1368 2793 At
1399 2763 1541 2802 egregius
1576 2762 1628 2794 hic
1653 2762 1802 2804 scriptor,
1830 2763 2042 2796 maledicendi
2074 2763 2185 2796 studio
2200 2773 2249 2796 oc·

1230 2809 1369 2839 caecatus
1380 2831 1388 2846 ‚
1401 2808 1508 2840 minus
1518 2810 1602 2840 recte
1616 2810 1698 2840 sacta
1708 2818 1782 2841 cum
1793 2810 1932 2850 quadam
1943 2810 2040 2851 animi
2054 2809 2250 2851 malignitate
2290 2826 2291 2829 ¹

1231 2853 1345 2885 solitus
1371 2863 1516 2893 narrare,
1534 2857 1565 2886 et
1587 2855 1696 2887 omnia
1711 2855 1744 2887 in
1772 2857 1873 2896 majus
1901 2856 1997 2888 etiam
2020 2856 2149 2897 efferre,
2170 2865 2248 2898 proe-

1230 2899 1312 2931 clare
1326 2900 1408 2931 facta
1424 2900 1520 2932 simul
1556 2904 1670 2932 cuncta
1703 2903 1927 2942 praetermisit;
1948 2903 2097 2943 ignorans
2123 2903 2246 2943 utique,

1230 2955 1294 2977 non
1311 2946 1419 2978 minus
1435 2947 1593 2978 mendacii
1610 2957 1699 2979 reum
1711 2957 1792 2988 esse,
1811 2949 1838 2980 si
1850 2949 1923 2989 quis
1934 2949 2099 2981 historiam
2110 2950 2248 2982 scribere

1229 2993 1405 3033 professus,
1419 3002 1492 3033 quae
1508 2996 1596 3034 gesta
1609 2997 1694 3033 sunt,
1711 2996 1824 3033 taceat,
1837 3004 1933 3035 quam
1947 2996 1986 3034 si,
2002 3005 2075 3036 quae
2088 2997 2171 3028 sacta
2182 3003 2246 3028 non

1229 3039 1470 3079 sunt,scribat.
1499 3041 1558 3072 Sed
1586 3050 1645 3072 nos
1671 3042 1801 3081 quidem
1829 3041 1976 3082 pluribus
2001 3043 2070 3074 haec
2099 3043 2246 3084 persequi
2302 3054 2304 3058 ·

1230 3086 1394 3125 nolumus,
1411 3087 1487 3127 quia
1502 3087 1533 3118 id
1554 3087 1702 3119 odiosum
1717 3090 1782 3127 est;
1805 3098 1878 3129 quae
1896 3097 1970 3120 vero
1991 3089 2029 3120 ad
2046 3089 2245 3129 propositum

1229 3132 1431 3173 pertinebant
1443 3135 1602 3173 nostrum,
1625 3142 1690 3164 non
1705 3135 2014 3175 praetermittendum
2029 3134 2195 3166 duximus.

1270 3232 1350 3262 Nam
1375 3230 1502 3262 illorum
1516 3231 1594 3263 alter
1617 3231 1818 3273 (Dionysius)
1841 3242 1859 3264 e
1874 3233 1997 3274 plebeio
2020 3234 2117 3274 atque
2131 3231 2244 3266 humili

1229 3279 1320 3309 ortus
1334 3280 1382 3308 est
1394 3277 1570 3318 principio;
1599 3278 1787 3318 Agathocles
1810 3287 1885 3310 vero
1897 3303 1905 3318 ,
1924 3281 1961 3310 ut
1974 3279 2104 3319 quidem
2118 3287 2192 3311 eum
2205 3278 2244 3311 ir·

1228 3323 1336 3356 ridens
1351 3325 1395 3355 ait
1410 3324 1548 3356 Timaeus
1559 3347 1569 3364 ,
1596 3324 1710 3363 figulus
1726 3334 1825 3366 quum
1839 3329 1923 3358 esset
1941 3350 1950 3365 ,
1965 3326 2074 3358 relicta
2091 3327 2181 3363 rota,
2195 3334 2243 3358 ar-

1228 3370 1301 3410 gilla
1315 3372 1348 3402 et
1362 3370 1462 3410 sumo,
1483 3371 1611 3411 Juvenis
1633 3373 1804 3413 Syracusas
1823 3372 1921 3404 venit.
