2320 3684
647 148 983 190 APOLLODORI
1010 147 1356 191 BIBLIOTHECA
1384 151 1448 202 ΙΙ,Ι
1475 156 1511 190 5.

22 245 109 292 κλῆς
128 240 298 298 ἐτρέψατο
313 238 429 292 βαλὼν
444 239 570 281 δαλοῖς·
585 234 665 279 τοὺς
680 233 717 273 δὲ
732 232 875 277 λοιποὺς
893 231 1050 277 ἐτόξευσε

23 302 160 342 διώκων
179 301 263 356 ἄχρι
279 304 345 347 τῆς.
361 296 518 341 Μαλέας.
539 297 556 321 5
569 295 722 334 Ἐκεῖθεν
738 291 775 330 δὲ
787 291 873 346 πρὸς
889 290 1052 344 Χείρωνα

23 361 233 414 συνέφυγον,
259 359 308 409 ὃς,
324 355 495 402 ἐξελαθεὶς
510 353 578 393 ὑπὸ
593 354 762 392 Λαπιθῶν
781 350 881 405 ὅρους
899 350 1052 399 Πηλίου,

23 417 121 471 παρὰ
154 416 302 458 Μαλέαν
345 412 544 468 κατῴκησε.
582 410 709 464 Τούτῳ
742 407 1055 462 περιπεπτωκότας

24 476 103 520 τοὺς
123 474 345 528 Κενταύρους
372 469 520 516 τοξεύων
546 467 622 517 ἵησι
643 468 741 521 βέλος
755 498 765 517 ,
790 467 831 507 τὸ
853 466 891 505 δὲ
917 465 1054 519 ἐνεχθὲν

25 535 182 576 Ἐλάτου
214 533 272 572 διὰ
306 535 368 570 τοῦ
401 529 584 583 βραχίονος
598 558 608 576 ,
640 529 692 582 τῷ
728 526 851 580 γόνατι
881 525 1056 580 Χείρωνος

25 594 258 647 ἐμπήγνυται.
277 593 294 618 ⁶
308 589 473 632 Ἀνιαθεὶς
496 586 534 626 δὲ
550 587 746 642 “Ηρακλῆς,
762 583 1000 641 προσδραμὼν
1016 581 1057 621 τό

25 669 64 692 τε
88 653 188 706 βέλος
209 649 395 697 ἐξείλκυσε,
420 647 494 696 καὶ,
515 646 632 691 δόντος
645 645 840 700 Χείρωνος,
870 643 1056 698 φάρμακον

27 712 206 760 ἐπέθηκεν.
225 708 380 749 Ἀνίατον
403 707 441 746 δὲ
465 706 557 760 ἔχων
577 706 618 745 τὸ
644 704 743 749 ἕλκος
761 706 808 748 εἷς
822 703 862 743 τὸ
882 702 1056 750 σπήλαιον

27 771 307 811 ἀπαλλάσσεται·
342 769 444 806 κάκεῖ
486 768 694 813 τελευτῆσαι
746 762 955 817 βουλόμενος
998 760 1060 800 καὶ

29 829 79 882 μὴ
99 829 311 880 δυνάμενος,
339 825 483 880 ἐπείπερ
506 825 676 869 ἀθάνατος
700 817 764 872 ῆν,
799 820 996 864 ἀντιδόντος
1022 818 1060 858 δὲ

27 889 86 929 Διὶ
102 890 321 943 Προμηθέως
349 885 409 924 τὸν
433 885 508 924 ἀντ’
533 887 637 923 αὐτοῦ
655 881 904 933 τεθνηξόμενον
923 878 1060 919 ἀθάνα-

27 964 108 998 τον,
125 946 234 991 οὕτως
256 945 419 985 ἀπέθανε.
444 945 520 985 7οἱ
544 943 665 983 λοιποὶ
694 940 731 981 δὲ
751 944 820 980 τῶν
848 938 1059 993 Κενταύρων

30 1007 213 1062 φεύγουσιν
235 1006 338 1049 ἄλλος
364 1005 518 1057 ἀλλαχῆ.
545 1003 619 1043 Καί
637 1018 727 1046 τινες
745 999 810 1053 μὲν
827 998 1062 1054 παρεγένοντο

31 1068 79 1111 εἷς
96 1066 173 1121 ὄρος
185 1063 346 1113 Μαλέαν,
365 1062 547 1117 Εὐρυτίων
568 1061 606 1101 δὲ
622 1063 668 1106 εἷς
679 1058 823 1107 Φολόην
838 1056 1003 1112 (Ὤλενον
1015 1057 1062 1110 ἒ),

30 1124 167 1169 Νέσσος
185 1122 222 1163 δὲ
241 1123 300 1163 ἐπὶ
317 1121 476 1174 ποταμὸν
496 1121 651 1172 Εὔηνον,
670 1119 750 1164 τοὺς
770 1118 806 1157 δὲ
821 1116 965 1161 λοιποὺς
977 1119 1065 1155 ὓπο-

34 1183 219 1237 δεξάμενος
237 1183 419 1223 Ποσειδῶν
439 1183 486 1225 εἷς
501 1179 692 1220 Ἐλευσῖνα
713 1177 935 1232 (Αευκωσίαν
948 1177 977 1229 Ρ)
992 1175 1065 1230 ὄρει

32 1243 287 1296 κατεκάλυψεν.
307 1243 325 1267 ⁸
339 1239 566 1280 Ἐπανελθὼν
585 1237 621 1277 δὲ
642 1241 688 1282 εἷς
707 1236 853 1284 Φολόην
870 1236 1064 1289 Ἡρακλῆς,

33 1302 94 1340 καὶ
117 1300 237 1341 Φόλον
277 1301 497 1339 τελευτῶντα
519 1297 732 1348 θεασάμενος
762 1297 859 1349 (leg.
881 1293 1063 1346 ἐθεάσατο)

35 1359 127 1413 μετὰ
149 1360 209 1399 καὶ
229 1359 346 1398 ἄλλων
366 1360 506 1398 πολλῶν
520 1372 530 1382 ⁴
560 1355 710 1400 ἑλκύσας
729 1355 796 1410 γὰρ
819 1356 860 1393 ἐκ
884 1357 1008 1407 νεκροῦ
1026 1352 1067 1391 τὸ

37 1420 147 1474 βέλος,
166 1418 376 1471 ἐθαύμαζεν,
406 1419 436 1456 εἷ
453 1416 533 1461 τοὺς
550 1414 777 1464 τηλικούτους
794 1413 835 1453 τὸ
853 1428 976 1467 μικρον
995 1411 1068 1450 διέ-

37 1482 164 1535 φθειρε·
178 1478 219 1518 τὸ
236 1478 273 1517 δὲ
290 1481 354 1526 τῆς
369 1477 484 1531 χειρὸς
497 1478 686 1523 ὀλισθῆσαν
698 1468 802 1523 ῆλθεν
816 1473 876 1511 ἐπὶ
889 1472 947 1511 τὸν
962 1470 1067 1519 πόδα,

37 1538 99 1578 καὶ
112 1540 337 1593 παραχρῆμα
359 1536 560 1575 ἀπέκτεινεν
581 1532 697 1573 αὐτόν.
719 1535 736 1560 ⁹
749 1532 878 1586 Θάψας
894 1530 931 1570 δὲ
948 1530 1068 1570 Φόλον

37 1597 240 1652 εΗρακλῆς,
272 1596 332 1635 ἐπὶ
350 1595 415 1644 τὴν
435 1599 496 1634 τοῦ
515 1593 656 1648 κάπρου
685 1592 795 1647 θήραν
824 1590 1069 1645 παραγίνεται,

38 1657 119 1706 καὶ,
148 1655 271 1701 διώξας
291 1655 396 1694 αὐτὸν
417 1653 456 1693 ἔκ
474 1669 567 1697 τινος
584 1651 723 1706 λόχμης
742 1651 832 1702 μετὰ
850 1653 1005 1705 κραυγῆς
1022 1651 1069 1693 εἷς

37 1714 142 1770 χιόνα
164 1714 320 1764 πολλὴν,
352 1712 562 1769 παρειμένον
592 1710 809 1765 ἐμὸροχίσας
833 1708 997 1761 ἐκόμισεν
1024 1709 1071 1752 εἷς

39 1775 221 1823 Μυκήνας.

95 1834 153 1886 (5)
176 1832 349 1884 Πέμπτον
371 1830 434 1883 μὲν
454 1829 618 1876 ἐπέταξεν
640 1830 737 1883 αὐτῷ
750 1822 875 1876 ἆθλον,
904 1829 974 1866 τῶν
992 1828 1071 1867 Αὐ-

40 1891 120 1945 γέου
146 1890 382 1946 βοσκημάτων
405 1892 440 1929 ἐν
459 1889 575 1944 ἡμέρᾳ
593 1895 658 1943 μιᾷ
675 1888 780 1940 μόνον
797 1889 991 1941 ἐκφορῆσαι
1006 1885 1070 1934 τὴν

41 1952 151 1992 ὄνθον.
173 1945 243 1991 ’Ἦν
264 1950 301 1989 δὲ
320 1949 459 2002 Αὐγέας
480 1947 643 2002 βασιλεὺς
655 1947 814 1996 Ἤλιδος,
832 1948 879 1990 ὥς
898 1944 963 1998 μέν
982 1961 1074 1989 τινες

42 2004 139 2050 εἷπον
151 2041 162 2061 ,
181 2016 266 2054 παῖς
280 2008 423 2058 Ἡλίου,
446 2011 493 2054 ὣς
513 2008 551 2047 δέ
573 2023 663 2051 τινες
677 2037 688 2055 ,
710 2007 950 2054 Ποσειδῶνος,
970 2007 1016 2048 ὡς
1035 2003 1072 2043 δὲ

43 2068 128 2109 ἔνιοι
141 2100 152 2120 ,
184 2069 402 2123 Φόρὸαντος·
423 2066 557 2112 πολλὰς
576 2066 612 2106 δὲ
632 2060 707 2120 εἶχε
735 2065 970 2119 βοσκημάτων
990 2063 1074 2103 ποί-

45 2144 145 2181 μνας.
166 2130 183 2154 ²
195 2128 323 2182 Τούτῳ
341 2126 544 2182 προσελθὼν
556 2127 749 2181 Ἡρακλῆς,
770 2126 809 2163 οὐ
830 2124 992 2172 δηλώσας
1008 2122 1072 2171 τὴν

11 2224 16 2237 ,
45 2187 254 2243 Εὐρυσθέως
281 2186 473 2239 ἐπιταγὴν,
501 2185 634 2241 ἔφασκε
663 2191 728 2239 μιᾷ
746 2183 864 2238 ἡμέρᾳ
890 2182 954 2230 τὴν
975 2182 1073 2221 ὄνθον

44 2247 271 2303 ἐκφορήσειν,
297 2248 327 2285 εἷ
346 2245 451 2284 δώσει
474 2244 539 2293 τὴν
560 2244 709 2291 δεκάτην
736 2245 831 2297 αὐτῷ
855 2244 923 2281 τῶν
946 2244 1077 2295 βοσκη-

45 2307 180 2358 μάτων.
198 2305 360 2358 3Αὐγέας
379 2304 415 2343 δὲ
429 2307 587 2343 ἀπιστῶν
609 2306 842 2356 ὑπισχνεῖται.
864 2299 1077 2355 Μαρτυρού-

46 2382 148 2419 μενος
165 2365 202 2404 δὲ
217 2365 399 2419 Ἡρακλῆς
417 2364 474 2404 τὸν
498 2364 633 2416 Αὐγέου
656 2364 767 2402 παῖδα
784 2361 928 2408 Φυλέα,
954 2364 1017 2408 τῆς
1038 2377 1077 2400 τε

46 2427 154 2473 αὐλῆς
173 2425 212 2464 τὺ
232 2424 391 2476 θεμέλιον
422 2425 548 2473 διεῖλε,
571 2422 632 2462 καὶ
651 2422 710 2461 τὸν
732 2420 887 2476 Ἀλφειὸν
915 2419 1075 2471 ποταμὸν

46 2485 107 2524 καὶ
125 2483 184 2523 τὸν
202 2483 353 2531 Πηνειὸν
372 2482 539 2535 σύνεγγυς
559 2482 698 2536 ῥέοντας
711 2479 975 2535 παροχετεύσας
989 2479 1076 2525 ἐπή-

7 2540 14 2545 ”
47 2557 153 2596 γαγεν
167 2572 178 2592 ,
202 2542 324 2596 ἔκρουν
345 2543 388 2581 δι’
406 2542 515 2590 ἄλλης
538 2541 655 2587 ἐξόδου
684 2540 844 2588 ποιήσας.
863 2538 1021 2578 4Μαθὼν
1041 2538 1078 2577 δὲ

49 2601 203 2654 Αὐγέας,
231 2601 286 2641 ὅτι
301 2601 382 2640 κατ’
404 2600 574 2653 ἐπιταγὴν
606 2599 812 2654 Εὐρυσθέως
838 2602 942 2637 τοῦτο
961 2599 1078 2636 ἐπιτε-

53 2659 233 2710 τέλεσται,
245 2660 304 2700 τὸν
323 2660 445 2712 μισθὸν
459 2663 521 2699 οὐκ
538 2659 717 2712 ἀπεδίδου,
731 2657 875 2713 προσέτι
890 2656 926 2696 δὲ
939 2659 1078 2711 ἠρνεῖτο

51 2719 109 2758 καὶ
129 2719 251 2771 μισθὸν
277 2719 497 2773 ὑποσχέσθαι
525 2719 671 2767 δώσειν,
701 2718 761 2757 καὶ
789 2717 968 2772 κρίνεσθαι
999 2715 1080 2771 περὶ

51 2778 172 2818 τούτου
184 2778 319 2831 ἕτοιμος
338 2777 455 2830 ἔλεγεν
476 2771 576 2817 εἶναι.
593 2776 873 2828 5Καθεζομένων
894 2775 931 2815 δὲ
941 2778 1010 2814 τῶν
1029 2777 1080 2814 δι-

52 2841 208 2887 καστῶν,
238 2838 377 2886 κληθεὶς
394 2841 412 2876 ὃ
435 2836 576 2881 Φυλεὺς
601 2836 669 2876 ὑπὸ
687 2835 903 2891 Ἡρακλέους
927 2839 989 2874 τοῦ
1005 2851 1080 2873 πα-

52 2896 130 2949 τρὸς
155 2896 465 2952 κατεμαρτύρησεν
483 2926 493 2944 ,
533 2895 640 2935 εἷπὼν
655 2927 665 2945 ,
703 2897 922 2948 ὁμολογῆσαι
957 2893 1079 2946 μισθὸν

55 2954 174 2994 δώσειν
195 2958 300 3010 αὐτῷ.
323 2955 520 3010 Ὀργισθεὶς
539 2954 576 2994 δὲ
596 2954 753 3007 Αὐγέας,
778 2954 859 3008 πρὶν
882 2953 946 3001 τὴν
965 2955 1080 3007 ψῆφον

55 3013 256 3066 ἐνεχθῆναι,
281 3014 339 3053 τόν
366 3031 404 3053 τε
421 3013 547 3055 Φυλέα
566 3014 627 3053 καὶ
650 3014 709 3053 τὸν
726 3012 908 3067 Ἡρακλέα
930 3013 1080 3065 βαδίζειν

55 3070 91 3117 ἐξ
105 3072 247 3118 Ἤλιδος
266 3073 437 3112 ἐκέλευσε.
458 3073 626 3117 6Φυλεὺς
649 3072 712 3125 μὲν
742 3068 799 3111 οὐν
825 3074 871 3117 εἷς
895 3071 1081 3123 Δουλίχιον

54 3122 157 3181 ἦλθε,
181 3134 281 3171 κάκεῖ
301 3132 464 3186 κατῴκει·
495 3132 675 3187 Ἡρακλῆς
704 3131 741 3170 δὲ
759 3133 806 3175 εἷς
829 3129 976 3171 Ὤλενον
996 3129 1083 3182 πρὸς

56 3188 250 3242 Δεξαμενὸν
273 3185 338 3238 ἧκε
350 3221 360 3239 ,
381 3193 498 3242 [κάκεῖ
518 3190 709 3245 κατῴκει,]
730 3191 790 3229 καὶ
808 3189 982 3229 κατέλαὸε
1000 3192 1083 3227 τοῦ-

54 3262 114 3286 τον
146 3248 317 3300 μέλλοντα
358 3251 401 3288 δι’
446 3250 602 3303 ἀνάγκην
646 3248 852 3302 μνηστεύειν
887 3246 1082 3302 Εὐρυτίωνι

58 3306 245 3361 Κενταύρῳ
266 3308 509 3362 Μνησιμάχην
529 3309 592 3356 τὴν
622 3309 812 3362 θυγατέρα·
837 3309 892 3363 ὑφ’
910 3303 949 3346 οὐ
967 3320 1083 3359 παρα-

57 3365 194 3413 κληθεὶς
213 3369 348 3419 βοηθεῖν
369 3367 513 3407 ἐλθόντα
537 3369 596 3407 ἐπὶ
624 3368 687 3416 τὴν
710 3368 850 3421 νύμφην
874 3366 1078 3420 Εὐρυτίωνα

2062 157 2134 191 13⁷

1110 246 1265 280 Hercules
1280 249 1420 282 torribus
1432 252 1545 291 petens
1558 250 1592 282 in
1605 249 1714 291 fugam
1727 249 1842 291 vertit;
1857 248 1999 290 reliquos
2013 249 2140 289 sagittis

1111 308 1301 345 persecutus
1312 312 1475 351 estusque
1487 309 1528 342 ad
1540 309 1689 343 Maleam.
1708 312 1723 332 ⁸
1738 309 1819 343 Inde
1831 309 1874 342 ad
1883 309 2057 342 Chironem
2067 317 2140 341 con·

1112 364 1276 408 fugerunt,
1290 370 1346 410 qui
1357 379 1376 402 a
1393 370 1539 411 Lapithis
1551 370 1639 404 Pelio
1649 371 1761 404 monte
1776 370 1931 412 expulsus
1947 370 1989 403 ad
2001 370 2140 403 Maleam

1113 420 1313 454 consederat.
1331 423 1487 456 Hercules
1502 424 1719 457 circumfusos
1734 423 1765 457 ei
1781 425 1963 457 Centauros
1984 423 2142 464 sagittans

1114 479 1215 512 telum
1226 480 1346 520 emisit,
1357 481 1445 521 quod
1458 481 1602 514 delatum
1612 491 1669 524 per
1674 482 1759 515 Elati
1769 483 1939 515 brachium
1946 482 1981 514 in
1991 481 2143 515 Chironis

1115 549 1200 581 genu
1212 539 1350 571 infixum
1369 542 1430 573 est.
1448 543 1557 574 ⁶Tum
1568 543 1731 576 cruciatus
1749 543 1905 576 Hercules
1919 541 2084 581 accurrit,
2102 543 2146 574 at-

1115 607 1179 640 que
1195 598 1295 631 telum
1314 598 1471 639 extraxit,
1487 599 1662 642 datumque
1680 610 1700 634 a
1718 601 1859 634 Chirone
1878 600 2060 633 remedium
2075 599 2145 632 vul-

1116 657 1188 690 neri
1206 656 1375 698 imposuit.
1404 656 1462 689 Ille
1484 666 1562 690 vero
1579 659 1752 691 insanabili
1779 659 1913 691 vulnere
1929 658 2095 690 sauciatus
2110 657 2146 690 in

1117 724 1290 749 cavernam
1309 724 1345 748 se
1359 716 1497 756 recepit,
1514 716 1625 758 ibique
1640 727 1743 759 quum
1763 718 1833 750 vita
1857 716 2015 750 excedere
2035 716 2147 756 vellet,

1118 782 1179 806 nec
1193 774 1304 807 tamen
1319 782 1377 815 per
1398 773 1675 807 immortalitatem
1692 778 1803 817 posset
1813 799 1823 816 ,
1843 774 2057 808 Prometheus
2071 772 2148 806 Jovi

1120 842 1197 866 eum
1216 833 1316 874 dedit,
1333 833 1390 875 qui
1406 833 1600 867 immortalis
1615 843 1674 876 pro
1689 835 1761 876 ipso
1776 835 1861 867 mori
1874 834 1983 874 vellet,
1999 835 2032 866 et
2041 833 2089 865 sic
2098 831 2151 864 de·

1121 903 1213 926 mum
1225 893 1280 926 ille
1297 894 1398 926 vitam
1414 893 1532 926 finivit.
1550 898 1563 918 ⁷
1578 894 1716 935 Reliqua
1725 896 1962 927 Centaurorum
1976 891 2151 925 multitudo

1122 955 1175 987 alii
1190 954 1256 986 alio
1272 953 1486 994 diffugerunt.
1504 955 1546 986 Et
1559 953 1709 986 nonnulli
1723 953 1854 994 quidem
1869 953 1903 985 in
1919 953 2056 986 Maleam
2073 952 2152 993 (Ho-

1122 1014 1278 1055 molenP)
1295 1014 1443 1047 montem
1465 1022 1536 1046 sese
1554 1014 1762 1054 receperunt,
1792 1013 1952 1054 Eurytion
1976 1021 2055 1044 vero
2070 1011 2152 1043 Pho-

1123 1074 1198 1107 loen
1217 1073 1372 1116 (Olenum
1384 1072 1429 1114 Ρ),
1457 1075 1580 1106 Nessus
1600 1073 1643 1105 ad
1672 1075 1823 1105 Evenum
1850 1071 2007 1111 ssuvium3
2028 1073 2153 1103 ceteros

1123 1135 1293 1175 Neptunus
1308 1133 1472 1176 excipiens
1489 1133 1532 1166 ad
1553 1132 1683 1165 Eleusin
1700 1132 1747 1173 (in
1773 1131 1942 1172 Leucosia,
1958 1140 2025 1163 una
2041 1140 2083 1163 ex
2108 1130 2154 1162 Si-

1126 1203 1277 1226 renatum
1305 1193 1462 1235 insulis?)
1492 1192 1612 1234 injecto
1630 1192 1743 1224 monte
1769 1191 1925 1223 occuluit.
1945 1195 1959 1214 ⁸
1977 1191 2154 1230 Regressus

1126 1252 1270 1285 Pholoen
1293 1253 1449 1285 Hercules
1472 1252 1556 1285 inter
1574 1251 1654 1284 alios
1669 1250 1792 1283 multos
1806 1250 1904 1282 etiam
1925 1249 2065 1282 Pholum
2089 1257 2158 1280 mo-

1127 1311 1266 1344 rientem
1282 1312 1462 1353 conspexit.
1486 1299 1618 1344 Etenim
1645 1310 1747 1343 telum
1771 1318 1812 1342 ex
1828 1309 1957 1341 mortuo
1978 1307 2086 1348 aliquo
2107 1315 2159 1339 ex-

1127 1371 1268 1404 tractum
1284 1371 1534 1412 contemplatus,
1550 1370 1688 1402 miratus
1704 1371 1754 1402 est
1768 1367 1933 1410 quomodo
1945 1368 2054 1399 tantos
2070 1365 2159 1398 viros

1127 1432 1255 1464 tantula
1271 1432 1390 1473 sagitta
1406 1431 1569 1473 potuisset
1586 1430 1755 1471 occidere;
1784 1429 1855 1462 haec
1881 1430 1991 1460 autem
2016 1435 2035 1459 e
2061 1434 2161 1458 manu

1129 1492 1239 1533 elapsa
1259 1491 1292 1523 in
1311 1491 1416 1533 ipsius
1430 1491 1546 1533 pedem
1574 1490 1696 1524 decidit
1713 1492 1746 1523 et
1769 1488 1857 1522 illico
1887 1496 1963 1521 eum
1990 1485 2161 1519 interfecit.

1128 1557 1144 1577 ⁹
1157 1554 1335 1593 Postquam
1359 1551 1459 1592 igitur
1474 1551 1613 1583 Pholum
1632 1550 1834 1591 sepeliverat,
1852 1547 2008 1581 Hercules
2024 1546 2066 1578 ad
2093 1544 2163 1586 apri

1130 1611 1336 1644 venationem
1349 1611 1529 1650 contendit,
1542 1619 1638 1652 quem
1651 1608 1799 1643 e‘sruteto
1812 1608 1916 1641 multo
1932 1615 2008 1640 cum
2021 1606 2165 1638 clamore

1131 1672 1165 1703 in
1182 1671 1280 1704 altam
1304 1671 1415 1704 nivem
1430 1670 1506 1712 egit,
1523 1671 1623 1712 atque
1644 1670 1691 1703 sic
1707 1670 1873 1702 defessum
1896 1667 2076 1709 illaqueans
2093 1672 2164 1706 per-

1131 1730 1206 1763 tulit
1221 1731 1385 1771 Mycenas.

1177 1849 1222 1891 (5)
1235 1849 1396 1888 Quintum
1421 1848 1566 1881 laborem
1584 1846 1758 1889 imperavit
1771 1871 1782 1888 ,
1809 1848 1848 1879 ut
1865 1848 1985 1887 Augeae
2010 1853 2165 1887 pecorum

1133 1909 1249 1941 limum
1268 1917 1335 1940 uno
1350 1908 1404 1940 die
1418 1907 1508 1940 solus
1526 1908 1722 1948 exportaret.
1744 1908 1869 1946 Augeas
1885 1913 1942 1937 rex
1960 1906 2029 1936 erat
2042 1903 2144 1936 Elidis
2155 1926 2166 1943 ,

1134 1968 1218 2002 Helii
1234 1967 1338 2008 filius,
1356 1967 1421 2008 vel,
1438 1968 1475 1999 ut
1491 1965 1639 1998 nonnulli
1655 1964 1789 2004 dicunt,
1807 1963 1969 2005 Neptuni,
1987 1962 2168 1996 secundum

1135 2028 1225 2068 alios,
1241 2026 1450 2067 Phorbantis;
1465 2034 1504 2058 ac
1513 2025 1635 2058 multos
1644 2024 1784 2056 habebat
1793 2032 1904 2065 greges
1914 2032 2079 2065 pecorum.
2094 2027 2109 2046 2
2117 2022 2169 2055 Ad

1134 2088 1223 2119 hunc
1235 2086 1371 2119 veniens
1385 2085 1552 2125 Hercules,
1567 2084 1657 2116 nulla
1669 2084 1709 2116 de
1721 2083 1895 2124 Eurysthei
1910 2082 2063 2115 mandato
2079 2091 2168 2114 meu-

1136 2147 1224 2179 tione
1236 2146 1332 2186 sacta,
1353 2153 1419 2177 uno
1435 2144 1487 2176 die
1503 2153 1538 2176 se
1549 2143 1664 2175 fimum
1679 2151 1810 2175 omnem
1823 2144 2068 2184 exportaturum
2082 2140 2170 2182 polli-

1136 2206 1221 2239 citus
1232 2207 1293 2246 est‚
1312 2205 1340 2237 si
1352 2205 1512 2237 decimam
1524 2211 1680 2246 pecorum
1696 2202 1756 2244 ipsi
1768 2203 1913 2234 donaret.
1931 2206 1945 2225 ³
1960 2203 2085 2242 Augeas
2101 2209 2170 2232 rem

1138 2264 1205 2297 fieri
1217 2273 1314 2306 posse
1329 2272 1395 2296 non
1408 2263 1555 2304 credens,
1574 2271 1609 2295 se
1621 2261 1666 2294 illi
1681 2261 1845 2303 postulata
1857 2268 2088 2293 concessurum
2101 2267 2171 2300 pro-

1138 2321 1250 2355 mittit.
1268 2322 1458 2354 Antestatus
1476 2329 1554 2352 vero
1573 2319 1728 2352 Hercules
1744 2318 1903 2360 Phyleum
1919 2320 2036 2358 Augeae
2055 2317 2168 2356 filium,

1138 2381 1223 2414 aulae
1238 2389 1372 2413 murum
1386 2379 1529 2420 diremit,
1545 2381 1578 2411 et
1590 2378 1749 2420 Alpheum
1763 2380 1794 2410 et
1816 2380 1979 2418 Peneum,
2002 2377 2036 2408 in
2051 2375 2171 2407 vicinia

1138 2441 1393 2484 praeterfluentes
1404 2449 1529 2479 amnes,
1541 2449 1598 2482 per
1605 2439 1748 2472 canalem
1757 2438 1920 2471 derivatos
1928 2437 2063 2470 immisit
2073 2438 2105 2468 et
2114 2445 2171 2477 per

1139 2506 1239 2539 alium
1259 2505 1388 2539 alveum
1410 2507 1448 2537 ut
1460 2504 1639 2538 defluerent
1652 2503 1770 2536 effecit.
1789 2507 1803 2526 ⁴
1820 2501 1881 2535 Sed
1894 2507 2018 2541 Augeas
2037 2499 2094 2531 ubi
2110 2499 2172 2530 hoc

1139 2579 1180 2603 ex
1196 2569 1372 2611 Eurysthei
1389 2569 1525 2610 imperio
1541 2567 1727 2600 confectum
1740 2575 1811 2599 esse
1830 2565 1973 2606 accepit,
1990 2572 2056 2595 non
2072 2561 2171 2594 modo

1139 2635 1269 2676 pactam
1291 2633 1473 2666 mercedem
1495 2632 1622 2664 solvere
1637 2630 1785 2669 nolebat,
1805 2629 1862 2661 sed
1877 2628 1974 2660 etiam
1991 2626 2171 2667 quidquam

1139 2708 1174 2732 se
1186 2698 1375 2741 promisisse
1388 2696 1537 2738 negabat,
1551 2703 1652 2736 eaque
1665 2693 1705 2726 de
1718 2702 1751 2725 re
1760 2691 1920 2733 judicium
1936 2699 1971 2722 se
1985 2689 2172 2722 subiturum

1140 2769 1211 2793 esse
1220 2759 1306 2791 ultro
1316 2758 1497 2791 dictitabat.
1508 2754 1523 2773 ⁸
1534 2754 1784 2790 considentibus
1795 2752 1892 2794 igitur
1901 2750 2079 2792 judicibus,
2091 2751 2173 2791 Phy-

1140 2823 1211 2856 leus
1226 2822 1267 2854 ab
1282 2821 1421 2855 Hercule
1436 2822 1554 2853 citatus
1569 2820 1603 2851 in
1616 2820 1739 2860 patrem
1753 2813 1974 2848 testimonium
1986 2813 2082 2853 dixit,
2096 2821 2172 2845 eum

1141 2886 1323 2919 mercedem
1344 2883 1475 2917 Herculi
1501 2882 1682 2924 pollicitum
1707 2887 1778 2911 esse
1801 2877 2008 2910 confirmans.
2034 2876 2174 2909 Proinde

1141 2952 1267 2990 Augeas
1277 2948 1325 2980 ira
1337 2946 1569 2980 infiammatus,
1579 2945 1752 2982 antequam
1761 2940 1909 2981 judicum
1923 2939 2087 2980 suffragiis
2101 2947 2173 2971 sen-

1141 3013 1241 3045 tentia
1254 3012 1401 3048 serretur,
1415 3007 1574 3048 Phyleum
1595 3006 1627 3037 et
1643 3002 1815 3036 Herculem
1831 3002 1924 3035 Elide
1938 3002 2094 3035 excedere
2106 3003 2172 3044 jus-

1143 3072 1195 3104 sit.
1206 3076 1221 3095 ⁶
1232 3068 1373 3110 Phyleus
1383 3066 1480 3107 igitur
1496 3063 1685 3097 Dulichium
1701 3061 1931 3103 commigravit
1942 3061 2054 3102 ibique
2063 3069 2173 3093 conse-

1143 3135 1202 3166 dit.
1229 3131 1384 3165 Hercules
1405 3131 1514 3161 autem
1541 3127 1680 3159 Olenum
1705 3126 1746 3158 ad
1766 3127 1991 3158 Dexamenum
2009 3124 2109 3164 abiit,
2130 3127 2173 3164 (et

1142 3195 1262 3227 ibidem
1276 3190 1460 3230 habitavit).
1478 3191 1575 3221 Hunc
1590 3187 1783 3221 necessitate
1798 3186 2005 3227 compulsum
2022 3188 2058 3218 ut
2074 3188 2175 3226 Eury-

1141 3258 1221 3290 tioni
1238 3257 1401 3289 Centauro
1412 3251 1655 3286 Mnesimachen
1668 3250 1766 3282 filiam
1779 3250 1813 3281 in
1825 3248 2069 3281 matrimonium
2082 3248 2174 3280 daret

1143 3315 1372 3357 deprehendit;
1391 3322 1410 3345 a
1422 3321 1487 3354 quo
1504 3313 1541 3344 ut
1556 3311 1618 3344 sibi
1634 3320 1727 3352 opem
1742 3310 1839 3343 ferret
1851 3311 2003 3342 exoratus
2019 3307 2173 3341 Hercules

1143 3377 1354 3418 Eurytionem
1364 3400 1374 3416 ,
1398 3375 1454 3416 qui
1469 3374 1509 3407 ad
1526 3382 1680 3415 sponsam
1696 3372 1878 3405 ducendam
1894 3373 2044 3411 venerat,
2059 3370 2171 3403 intere·
