2294 3704
161 176 288 226 XXXVI

159 273 374 312 ε’ὅασίλευσε.
407 270 607 323 Φερεκύδης
629 269 827 322 ἐγνωρίζετο
848 267 1054 320 Πυθαγόρου
1081 267 1174 306 διδά-

159 333 296 375 σκαλος.

210 391 271 429 Ad
297 390 563 428 Atheniensem
594 387 815 424 historicum
845 386 1037 435 pertinent
1059 386 1141 423 haec
1162 399 1170 422 :

158 450 348 488 Eusebius
371 448 418 486 ad
443 448 503 485 Ol.
535 447 580 483 81
611 459 648 495 p.
682 444 792 493 339:
822 446 1053 493 Pherecydes
1078 447 1176 481 alter

157 510 344 546 historicus
357 504 630 555 agnoscebatur.
651 502 1006 541 Chronic.Paschal.
1025 515 1063 552 p.
1085 502 1170 548 163,

156 571 198 614 B,
223 566 289 604 ubi
315 563 550 612 Pherecydes
579 561 767 599 secundus
789 561 994 599 historicus
1016 560 1173 611 ponitur

157 627 310 675 Olymp.
339 625 383 660 81
411 635 510 659 anno
528 621 682 671 imperii
701 621 925 658 Artaxerxis
945 620 1172 670 Longimani

157 684 306 721 decimo
318 681 463 731 quinto.
476 680 645 717 Isidorus
653 680 784 730 Origg.
795 683 828 730 I,
842 685 862 724 4
872 693 886 716 1
895 707 904 725 ‚
917 679 1170 727 Pherecydem

156 741 333 779 claruisse
353 739 446 775 dicit
459 746 547 788 post
566 737 823 785 Herodotum,
842 737 980 788 quibus
997 737 1174 787 tempori-

154 800 226 837 bus
248 798 385 835 Esdras
401 797 519 847 legem
543 797 814 847 conscripserit
829 796 933 847 (post
949 797 1006 835 Ol.
1031 797 1081 832 80
1094 824 1103 841 ‚
1122 797 1171 842 3).

206 861 290 895 Jam
313 856 344 893 si
368 855 497 893 Suidae
524 856 762 905 Pherecydes
781 854 930 906 γεγονὼς
961 854 1028 907 πρὸ
1057 853 1172 904 ὀλίγου

153 914 300 967 πρὸτῆς
318 913 366 952 σε’
386 913 643 964 Ὀλυμπιάδος,
669 915 834 965 ideoque
861 922 1007 965 septem
1035 914 1173 962 Olym-

154 974 331 1026 piadibus
363 974 557 1024 antiquior
585 973 726 1011 dicitur
754 987 869 1024 quam
893 973 997 1024 apud
1026 981 1174 1009 ceteros

154 1041 349 1080 auctores,
370 1032 477 1070 vides
493 1032 649 1070 eandem
669 1033 730 1070 hic
751 1046 819 1070 nos
838 1033 1008 1083 reperire
1026 1032 1173 1068 discre—

152 1092 322 1143 pantiam
334 1121 344 1138 ‚
356 1104 471 1142 quam
487 1105 603 1142 supra
617 1092 817 1128 statuimus
836 1091 881 1128 de
903 1099 1014 1128 aetate
1030 1091 1174 1128 Phere-

153 1151 260 1200 cydis
277 1150 395 1200 Syru,
413 1163 456 1187 ac
471 1150 606 1200 procul
627 1149 747 1187 dubio
762 1150 961 1199 utriusque
975 1149 1174 1200 scriptoris

154 1218 327 1260 tempora
346 1209 479 1246 Suidas
497 1221 543 1245 ex
564 1208 699 1245 iisdem
720 1208 903 1258 catalogis
924 1207 1173 1257 chronologi—

154 1269 207 1305 cis
221 1267 367 1313 sumsit,
382 1267 447 1316 qui
458 1267 585 1304 omnia
600 1275 746 1317 septem
757 1266 1053 1317 Olympiadibus
1062 1279 1176 1316 pone-

153 1326 248 1364 bant
255 1325 362 1376 justo
378 1325 520 1376 priora.
536 1328 630 1362 Nam
646 1339 714 1362 cur
727 1323 876 1376 γεγονὼς
892 1325 953 1362 hic
973 1338 1045 1375 pro
1067 1333 1176 1360 natus

154 1384 419 1436 accipiendum
438 1384 504 1430 sit,
522 1392 564 1420 ut
582 1386 781 1434 Kriigerus
803 1385 1065 1432 vult,causam
1086 1383 1174 1420 ido-

154 1457 264 1481 neam
277 1457 352 1480 non
364 1443 492 1488 vide03
502 1456 732 1492 quamquam
743 1443 874 1493 negari
889 1443 1023 1492 nequit
1035 1442 1176 1480 Phere—

154 1502 303 1551 cydem,
332 1501 363 1538 si
387 1501 447 1539 Ol.
479 1502 548 1548 81,
572 1514 648 1552 qua
669 1501 843 1539 floruisse
857 1502 1009 1548 dicitur,
1032 1513 1174 1538 annum

154 1563 274 1613 egerit
293 1562 392 1599 circa
412 1561 665 1606 tricesimum,
689 1562 764 1599 hoc
790 1562 874 1613 ipso
896 1561 973 1598 sere
990 1569 1175 1610 tempore,

154 1621 259 1672 quod
275 1621 403 1672 posuit
417 1620 567 1666 Suidas,
582 1621 621 1658 in
633 1621 754 1658 lucem
772 1621 917 1658 editum
930 1634 1011 1658 esse
1025 1619 1175 1657 debere.

154 1683 289 1730 Itaque
309 1679 340 1716 si
359 1685 462 1715 recte
478 1678 667 1716 Lucianus
686 1678 737 1728 (2)
764 1678 1024 1727 Pherecydem
1056 1691 1176 1715 annos

154 1739 361 1788 nonaginta
372 1738 542 1788 quinque
553 1737 691 1775 vixisse
700 1737 828 1785 refert,
841 1737 941 1774 diem
953 1750 1174 1787 supremum

155 1798 253 1836 obiit
267 1797 367 1834 circa
387 1796 446 1835 Ol.
466 1796 526 1844 96.

207 1860 264 1894 De
278 1856 430 1906 scriptis
453 1854 682 1904 Pherecydis
705 1867 791 1904 quae
815 1862 1011 1905 comperta
1034 1853 1177 1891 habea-

155 1929 238 1953 mus
255 1926 448 1965 perpauca
459 1921 559 1950 sunt.
576 1912 690 1960 Quod
703 1912 838 1950 Suidas
865 1926 952 1950 eum
966 1911 1011 1950 τὰ
1019 1911 1178 1966 Ὀρφέως

155 1973 351 2023 collegisse
367 1971 473 2018 dicit,
495 1971 543 2008 ad
563 1971 838 2022 philosophum
859 1979 1023 2022 spectat3
1042 1987 1178 2025 παραι-

154 2032 261 2073 νέσεις
277 2031 320 2068 δι’
340 2031 433 2067 ἐπῶν
451 2029 541 2066 item
560 2042 582 2066 a
601 2038 732 2066 nostro
746 2030 868 2067 aliena
883 2038 985 2067 sunt.
1002 2029 1177 2067 Exlibris

154 2094 212 2128 De
234 2094 332 2128 Lero
351 2088 490 2134 insula,
509 2090 566 2124 De
582 2088 800 2138 Iphigenia,
822 2097 860 2125 et
878 2091 936 2126 De
956 2088 1060 2126 festis
1079 2091 1176 2126 Bac-

156 2152 271 2189 chicis
283 2181 292 2198 ,
304 2151 397 2188 nihil
418 2150 504 2186 tulit
523 2157 684 2187 aetatem.
696 2149 831 2187 Omnia
853 2150 954 2186 enim
970 2162 1056 2199 quae
1075 2149 1176 2200 apud

156 2219 247 2248 vett.
263 2217 412 2247 exstant
427 2209 638 2259 fragmenta
651 2208 698 2245 ad
712 2221 811 2259 opus
823 2208 1016 2259 pertinent
1030 2208 1178 2258 mytho-

156 2269 320 2320 logicum
345 2268 476 2305 decem
498 2268 706 2313 librorum,
733 2267 838 2317 quod
860 2267 975 2304 modo
997 2267 1179 2318 Theogo-

156 2330 272 2375 niam,
282 2328 397 2366 modo
417 2328 677 2378 Genealogias,
686 2327 802 2364 modo
811 2328 1102 2367 Autochthones
1111 2328 1123 2380 (
1127 2331 1177 2376 3),

156 2389 272 2426 modo
299 2388 609 2438 Archaeologiam
647 2387 812 2424 Atticam
856 2396 1016 2436 vocant,
1062 2398 1178 2439 prout

157 2448 318 2498 quisque
337 2447 504 2497 respexit
524 2454 589 2483 aut
611 2445 658 2483 ad
681 2446 845 2496 primam
869 2447 1034 2484 maxime
1050 2448 1178 2498 operis

199 2529 243 2569 (2)
264 2530 310 2560 De
332 2525 472 2559 Macrob.
491 2527 570 2558 tom.
588 2527 651 2564 ΙΙΙ,
669 2535 701 2566 p.
723 2529 844 2565 224‚93
867 2527 918 2559 ed.
936 2528 1035 2560 Reitz.
1055 2541 1070 2555 «ι
1085 2530 1180 2560 Hunc

157 2577 243 2608 enim
257 2576 365 2607 locum
377 2582 439 2605 non
454 2572 493 2605 de
501 2572 683 2613 Pherecyde
693 2573 894 2614 philosopho,
906 2575 960 2606 sed
977 2575 1016 2606 de
1026 2575 1179 2607 historico

157 2621 376 2663 accipiendum
391 2629 479 2660 esse,
495 2628 535 2651 ex
547 2628 585 2650 eo
597 2619 774 2651 luculenter
789 2621 938 2661 cognosci
951 2624 1072 2662 potest,
1091 2623 1176 2663 quod

158 2670 296 2710 primum
318 2667 397 2699 dicit
417 2675 451 2699 se
479 2666 699 2706 expositurum
715 2675 783 2698 esse
802 2667 842 2699 de
867 2667 1041 2708 historicis,
1065 2668 1179 2701 deinde

158 2725 234 2747 vero
250 2714 449 2747 Hellanicum
463 2713 556 2744 affert
571 2715 603 2744 et
615 2713 722 2744 statim
739 2715 911 2754 posthunc
925 2718 1054 2748 aetatem
1067 2717 1179 2749 Phere-

160 2762 250 2802 cydis
278 2760 408 2792 indIcat.
434 2759 540 2791 Facile
564 2758 661 2799 igitur
681 2760 754 2791 Joh.
773 2762 869 2792 Henr.
895 2762 980 2794 Maio
999 2763 1178 2803 assentirer,

160 2807 216 2848 qui
232 2817 289 2848 pro
303 2807 476 2848 Φερεκύδης
492 2807 509 2837 ὁ
525 2806 617 2848 Σύρος
634 2806 665 2837 in
687 2807 759 2838 loco
773 2808 907 2840 Luciani
923 2809 982 2849 legi
1000 2819 1091 2850 posse
1106 2820 1179 2843 con-

159 2855 227 2894 jicit
251 2855 293 2885 Φ.
314 2855 330 2884 ὁ
358 2854 483 2895 Λέριος,
502 2853 563 2884 nisi
589 2862 607 2884 a
628 2854 790 2895 (Pseudo-)
807 2856 949 2887 Luciano
965 2857 1051 2897 ipso,
1069 2867 1133 2890 non
1162 2867 1181 2890 a

162 2900 296 2933 librariis
311 2903 477 2941 peccatum
494 2900 590 2932 fuisse
606 2901 768 2942 probabile
788 2906 884 2934 esset.
901 2917 917 2931 »
939 2906 1053 2936 S'runz.

205 2947 249 2986 (3)
275 2947 512 2979 Autochthones
539 2956 641 2988 quum
666 2950 784 2989 praeter
800 2950 930 2982 suidam
948 2952 1036 2984 solus
1052 2954 1179 2993 Etymo-

163 2994 255 3034 logici
268 2994 374 3033 Magni
388 2995 498 3026 auctor
513 2995 620 3035 (quem
634 2996 708 3028 vide
720 2997 760 3028 ad
773 2997 894 3029 calcem
918 2998 1080 3039 fragmm.)
1098 3001 1181 3032 exci-

162 3044 221 3080 tet,
238 3041 380 3081 Sylburg.
400 3044 431 3073 et
446 3043 546 3082 Heyn.
565 3052 623 3083 pro
633 3044 844 3085 Pherecydes
859 3046 996 3079 scribere
1009 3048 1182 3080 voluerunt

164 3090 382 3127 Pherecrates,
411 3089 672 3122 Autochthonum
695 3093 826 3125 nomine
852 3093 992 3126 fabulam
1021 3096 1180 3127 scenicam

164 3135 319 3175 designari
335 3137 493 3175 putantes.
510 3138 630 3169 Verum
649 3148 749 3178 quum
769 3141 809 3172 de
832 3141 939 3173 fabula
963 3142 1010 3174 sic
1028 3143 1182 3184 inscripta

165 3184 243 3215 nihil
255 3184 395 3221 constet,
414 3191 472 3222 pro
487 3184 672 3224 Αὐτόχθονες
696 3189 804 3227 reponi
818 3189 983 3227 jusserunt
997 3191 1180 3231 Αὐτομόλοι.

167 3231 206 3261 At
225 3229 366 3269 profecto
390 3229 459 3259 haec
479 3229 604 3269 longius
618 3233 734 3273 petita,
751 3243 851 3274 eoque
872 3236 978 3268 minus
999 3237 1181 3278 probanda,

165 3285 266 3317 quum
290 3275 403 3307 titulus
427 3275 478 3306 ille
499 3276 689 3317 Pherecydei
717 3282 822 3319 operis
850 3283 929 3314 nihil
953 3284 1069 3317 habeat
1096 3287 1181 3326 quod

166 3323 325 3362 offendat,
346 3331 448 3362 neque.
461 3322 511 3362 id,
526 3325 611 3363 quod
630 3325 756 3358 duobus
785 3331 907 3361 tantum
926 3330 1001 3364 locis
1017 3333 1182 3373 laudatur,

167 3371 201 3402 ut
220 3369 363 3402 salsitatis
385 3370 522 3410 suspicio
543 3374 710 3404 moveatur
728 3373 873 3407 sufficiat..

1020 183 1088 220 DE
1106 182 1377 225 ACUSILAO.

1231 278 1378 319 partem
1413 271 1462 310 de
1492 272 1654 310 deorum
1682 274 1830 324 origine
1872 284 1910 314 et
1946 278 2255 318 successionibus

1231 338 1416 378 agentem,
1431 339 1497 368 aut
1513 331 1561 368 ad
1572 331 1679 370 illum
1693 341 1866 371 veterum
1882 335 2153 374 historicorum
2170 349 2249 375 mo—

1231 400 1310 424 rem
1331 390 1568 440 genealogias
1588 391 1780 430 condendi
1805 402 1921 444 atque
1946 395 2013 432 has
2038 395 2248 434 secundum

1231 447 1512 486 autochthones
1523 477 1533 495 ,
1549 450 1727 499 stirpium
1742 460 1931 499 auctores,
1949 453 2170 502 distinendi,
2184 462 2250 492 aut

1232 502 1399 554 denique
1411 505 1458 543 ad
1469 506 1658 555 studium,
1673 522 1750 558 quo
1764 509 1803 546 in
1815 511 1950 560 patriis
1966 510 2080 549 rebus
2091 525 2251 550 narran-

1232 559 1291 598 dis
1309 562 1587 601 etillustrandis
1602 579 1681 615 prae
1693 568 1827 604 ceteris
1849 567 2048 606 elaborare
2065 569 2250 608 solebant.

1232 619 1408 659 Plurimis
1433 635 1525 659 vero
1551 623 1644 661 locis
1669 625 1891 675 simpliciter
1917 627 2094 664 laudatur
2111 627 2252 672 Phere-

1232 677 1348 726 cydes
1368 679 1408 716 in
1434 679 1625 719 Historiis.
1651 703 1706 711 -—-
1733 686 1874 734 Operis
1903 684 2192 723 adornationem
2213 693 2251 723 et

1233 735 1524 785 dispositionem
1537 752 1657 789 quum
1674 740 1723 778 ad
1736 741 1819 791 ipsa
1835 743 2046 793 fragmenta
2060 743 2254 781 indicave-

1233 793 1405 840 rim,hoc
1418 796 1506 833 loco
1522 797 1661 835 iterum
1679 799 1727 836 de
1749 800 1794 837 iis
1816 814 1893 837 non
1908 801 2065 839 dissero.
2177 790 2183 804 ’

1635 902 1854 917 “000⁶—

1517 970 1899 1029 ACUSILAU
1912 973 1967 1031 S.

1287 1086 1345 1121 De
1370 1085 1546 1122 Acusilao
1577 1085 1695 1136 spissa
1726 1086 1888 1137 caligine
1916 1087 2147 1127 circumfusa
2169 1100 2258 1130 sunt

1236 1143 1376 1181 omnia.
1395 1143 1569 1181 Clemens
1589 1144 1874 1182 Alexandrinus
1894 1148 2050 1195 (strom.
2068 1150 2098 1193 I,
2109 1160 2148 1197 p.
2166 1161 2256 1199 299,

1233 1199 1298 1251 D.)
1320 1215 1407 1238 eum
1429 1210 1575 1252 septem
1602 1203 1840 1253 sapientibus
1867 1214 2160 1244 annumeratum
2177 1221 2259 1246 esse

1234 1258 1337 1297 dicit.
1366 1264 1400 1297 A
1427 1261 1614 1310 Dionysio
1631 1262 1716 1301 Hal.
1746 1261 1822 1313 (De
1844 1264 1964 1304 Thuc.
1998 1278 2037 1315 p.
2072 1266 2165 1313 138,
2193 1266 2258 1318 31)

1235 1330 1312 1355 una
1327 1332 1415 1356 cum
1435 1322 1616 1370 Eugeone
1632 1320 1773 1368 Samio,
1793 1322 1968 1360 Deiocho
1984 1325 2259 1378 Proconnesia,

1235 1377 1407 1414 Eudemo
1425 1378 1550 1425 Pario,
1567 1379 1749 1416 Democle
1768 1379 2016 1429 Phigaleense
2029 1390 2068 1419 et
2081 1385 2259 1422 Hecataeo

1235 1444 1322 1473 ante
1350 1435 1495 1473 bellum
1522 1437 1891 1487 Peloponnesiacum
1913 1439 2054 1477 vixisse
2080 1441 2258 1481 traditur,

1236 1496 1333 1530 Cum
1347 1494 1406 1532 his
1419 1495 1450 1531 si
1463 1493 1729 1545 conjungimus
1742 1496 1871 1533 locum
1880 1499 1899 1534 J
1904 1498 2040 1548 osephi
2049 1500 2108 1549 (C.
2117 1499 2258 1551 Apion.

1235 1552 1275 1598 I,
1299 1566 1337 1603 p.
1365 1554 1462 1597 1034
1483 1562 1521 1590 et
1550 1567 1598 1591 ex
1626 1567 1673 1591 eo
1699 1554 1838 1592 Euseb.
1858 1557 1898 1593 P.
1912 1558 1954 1593 E.
1975 1559 2033 1604 X,
2049 1571 2085 1605 7,
2106 1571 2143 1608 p.
2170 1560 2259 1607 478,

1235 1615 1284 1657 A,
1302 1610 1360 1657 B),
1381 1611 1450 1648 ubi
1469 1612 1523 1649 sic
1541 1613 1609 1651 :Oi
1623 1610 1685 1655 τὰς
1700 1612 1853 1666 ἱστορίας
1872 1613 2155 1668 ἐπιχειρήσαντες
2172 1631 2261 1668 συγ-

1235 1669 1378 1722 γράφειν
1392 1669 1477 1722 παρ’
1495 1671 1610 1714 αὐτοῖς
1629 1671 1720 1722 (τοῖς
1732 1671 1916 1720 Ἕλλησι),
1933 1671 2026 1724 λέγω
2042 1673 2079 1711 δὲ
2089 1673 2168 1717 τοὺς
2181 1675 2261 1729 περὶ

1237 1727 1383 1778 Κάδμον
1400 1743 1438 1766 τε
1450 1727 1508 1766 τὸν
1520 1727 1693 1775 Μιλήσιον
1707 1729 1766 1767 καὶ
1782 1729 1839 1767 τὸν
1859 1729 2008 1784 Ἀργεῖον
2021 1730 2258 1783 Ἀκουσίλαον,

1236 1787 1295 1824 καὶ
1325 1786 1416 1837 μετὰ
1445 1787 1576 1825 τούτων
1604 1786 1636 1825 εἴ
1659 1804 1748 1831 τινες
1776 1788 1875 1826 ἄλλοι
1899 1788 2060 1841 λέγονται
2084 1791 2259 1842 γενέσθαι,

1238 1844 1351 1898 βραχὺ
1369 1847 1431 1892 τ’ῆς
1449 1847 1519 1884 τῶν
1534 1848 1680 1899 Περσῶν
1697 1846 1754 1884 ἐπὶ
1770 1847 1834 1893 τὴν
1849 1847 2007 1886 Ἑλλάδα
2020 1850 2261 1903 διαστρατείας

1235 1906 1286 1956 τῷ
1304 1903 1420 1958 χρόνῳ
1439 1904 1654 1959 προῦλαὸον,
1675 1919 1761 1943 cum
1781 1907 1908 1957 specie
1932 1907 2094 1958 quadam
2119 1910 2260 1949 verisi=

1237 1964 1462 2002 militudinis
1473 1965 1587 2002 statui
1598 1973 1724 2015 potest
1739 1965 1914 2003 floruisse
1926 1967 2147 2006 Acusilaum
2161 1969 2262 2007 inter

1237 2022 1506 2073 Olympiadem
1521 2023 1838 2073 septuagesimam
1857 2032 1895 2061 et
1908 2026 2195 2075 octogesimam.
2209 2050 2264 2057 --

1236 2082 1398 2131 Reliqua
1414 2094 1500 2131 quae
1513 2081 1560 2118 de
1574 2082 1647 2118 hoc
1658 2082 1846 2132 scriptore
1859 2083 2115 2122 innotuerunt
2129 2086 2263 2136 legun-

1238 2150 1300 2178 tur
1315 2141 1418 2191 apud
1434 2141 1600 2179 Suidam.
1618 2141 1852 2191 Ἀκουσίλαος,
1865 2143 2004 2194 inquit,
2023 2144 2129 2183 Κάὸα
2142 2145 2263 2197 (Κάὸα

1236 2198 1424 2253 ἢΣκάὸρα
1449 2200 1561 2251 Diog.
1591 2203 1719 2238 Laert.
1741 2204 1778 2248 Ι,
1815 2206 1879 2246 4¹)
1910 2201 2002 2250 υἱὸς,
2019 2201 2171 2255 Ἀργεῖος
2194 2204 2263 2242 ἀπὸ

1238 2259 1416 2312 Κερκάδος
1436 2258 1606 2309 (Κεκάδος
1623 2259 1786 2310 Eudoc.)
1808 2258 1959 2304 πόλεως,
1988 2259 2093 2308 οὔσης
2113 2261 2262 2306 Αὐλίδος

1232 2317 1398 2365 πλησίον·
1414 2317 1585 2371 ἱστορικὸς
1599 2317 1849 2371 πρεσὸύτατος.
1864 2318 2026 2372 Ἔγραψε
2043 2318 2080 2357 δὲ
2094 2321 2264 2359 Γενεαλο-

1238 2375 1315 2426 γίας
1334 2376 1374 2413 ἐκ
1392 2374 1521 2413 δέλτων
1539 2377 1701 2426 χαλκῶν,
1731 2375 1772 2419 ἃς
1798 2375 1898 2427 λόγος
1918 2379 2027 2430 εὑρεῖν
2046 2378 2105 2416 τὸν
2125 2377 2261 2433 πατέρα

1238 2435 1363 2482 αὐτοῦ,
1381 2433 1551 2487 ὂρύξαντά
1572 2450 1650 2472 τινα
1666 2434 1772 2472 τόπον
1791 2437 1854 2481 τῆς
1873 2435 1982 2478 οἰκίας
2001 2438 2117 2474 αὐτοῦ.

1295 2492 1451 2529 Miraris
1467 2492 1628 2529 fortasse
1640 2493 1822 2542 Argivum
1843 2493 1951 2530 illum
1967 2507 2015 2531 ex
2030 2494 2126 2532 urbe
2139 2508 2263 2547 prope

1238 2551 1415 2588 Aulidem
1433 2551 1526 2599 sita,
1547 2564 1648 2588 novo
1674 2551 1817 2588 acrisiae
1839 2551 1998 2589 crimine
2026 2554 2262 2592 Grammati-
2287 2561 2294 2566 '

1238 2622 1325 2646 cum
1344 2617 1584 2647 oneraturus.
1601 2612 1743 2647 Verum
1762 2610 1972 2647 cavendum
1988 2619 2045 2648 est
2058 2639 2069 2661 ,
2082 2625 2130 2648 ne
2151 2612 2263 2650 citius

1238 2681 1351 2717 quam
1372 2668 1576 2718 cogitatius
1597 2669 1902 2718 pronuntiemus.
1925 2672 2023 2707 Nam
2039 2683 2159 2719 quum
2180 2673 2263 2708 Ste-

1239 2727 1388 2778 phanus
1413 2736 1550 2778 proeter
1563 2726 1856 2765 celeberrimum
1873 2731 1996 2778 Argos
2009 2729 2263 2779 Peloponnesi

1238 2786 1331 2823 alias
1360 2785 1491 2823 decem
1523 2785 1690 2836 ejusdem
1722 2787 1888 2824 nominis
1914 2786 2029 2824 urbes
2052 2795 2263 2834 enumeret,

1237 2851 1352 2893 atque
1373 2843 1427 2881 sic
1452 2857 1603 2881 omnem
1628 2844 1707 2882 fere
1731 2845 1932 2895 planitiem
1953 2845 2002 2882 ad
2024 2859 2129 2883 mare
2148 2846 2261 2884 sitam

1239 2902 1476 2940 nominatam
1506 2915 1587 2939 esse
1613 2902 1735 2949 dicat,
1768 2904 1849 2940 fieri
1879 2905 2023 2954 potuit,
2054 2912 2097 2941 ut
2118 2905 2262 2942 Boeotia

1240 2975 1394 3011 quoque
1415 2965 1535 3011 Argos
1549 2975 1658 2998 suum
1673 2961 1845 2998 haberet.
1864 2963 1920 3000 Ac
1935 2976 2070 3001 revera
2080 2963 2135 3000 ita
2146 2963 2262 3002 fuisse

1240 3020 1462 3069 nuperrime
1479 3020 1659 3070 probavit
1679 3024 1857 3070 Ungerus
1880 3021 2059 3066 (Theban.
2074 3022 2259 3060 Paradox.

1241 3091 1278 3128 p.
1302 3080 1371 3116 301
1393 3079 1466 3128 sq.)
1486 3087 1566 3115 tum
1591 3092 1639 3115 ex
1666 3079 1854 3116 Strabone
1873 3080 1967 3129 (IX,
1992 3093 2029 3130 p.
2053 3082 2165 3130 404),
2195 3080 2261 3118 ubi

1241 3137 1295 3173 ait
1312 3134 1438 3174 :’‘E‹m
1454 3136 1490 3174 δὲ
1505 3138 1554 3188 τῷ
1572 3138 1612 3173 ἐκ
1630 3135 1761 3182 Θηὸῶν
1779 3138 1827 3178 εἷς
1842 3135 1963 3189 Ἄργος
1977 3136 2113 3175 ἀπιόντι
2132 3139 2167 3175 ἐν
2186 3139 2262 3191 ἀρι-

1242 3200 1347 3247 στερᾷ
1363 3197 1385 3240 ἡ
1409 3194 1590 3247 Τάναγρα·
1621 3196 1655 3232 ἐν
1684 3194 1776 3246 δεξιᾷ
1799 3193 1835 3231 δὲ
1857 3200 1970 3232 κεῖται
1988 3198 2010 3241 ἡ
2029 3195 2151 3249 ςΥρία·
2180 3206 2260 3236 tum

1243 3267 1289 3290 ex
1311 3253 1435 3302 glossa
1455 3252 1637 3302 Hesychii
1653 3267 1661 3290 :
1678 3251 1799 3304 Ἀργος
1817 3252 1976 3291 Ὑάντιον
1992 3254 2044 3304 (in
2063 3254 2261 3307 Ἀργοὸίαν-

1241 3326 1299 3349 τον
1317 3311 1604 3362 depravatum),
1629 3311 1795 3354 Βοιωτίας
1807 3340 1817 3357 ,
1847 3313 1989 3349 auxilio
2007 3313 2172 3364 denique
2188 3313 2260 3351 ad-

1243 3379 1354 3408 vocat
1383 3379 1579 3408 auctorem
1604 3371 1702 3408 Vitae
1723 3371 1880 3408 Pindari
1911 3371 1966 3418 (in
1998 3372 2080 3409 cod.
2107 3373 2259 3411 Vratisl.
