<?xml version="1.0" encoding="UTF-8"?>
<!DOCTYPE html PUBLIC "-//W3C//DTD XHTML 1.0 Transitional//EN"
    "http://www.w3.org/TR/xhtml1/DTD/xhtml1-transitional.dtd">
<html xmlns="http://www.w3.org/1999/xhtml" xml:lang="en" lang="en">
 <head>
  <title>
</title>
<meta http-equiv="Content-Type" content="text/html;charset=utf-8" />
  <meta name='ocr-system' content='tesseract 3.04.00' />
  <meta name='ocr-capabilities' content='ocr_page ocr_carea ocr_par ocr_line ocrx_word'/>
</head>
<body>
  <div class='ocr_page' id='page_1' title='image "./fragmentahistori01mueluoft_0202.png"; bbox 0 0 2320 3684; ppageno 0'>
   <div class='ocr_carea' id='block_1_1' title="bbox 177 179 2270 258">
    <p class='ocr_par' dir='ltr' id='par_1_1' title="bbox 177 179 2270 258">
     <span class='ocr_line' id='line_1_1' title="bbox 177 179 2270 258; baseline 0 -2"><span class='ocrx_word' id='word_1_1' title='bbox 177 179 2270 258; x_wconf 34' lang='lat' dir='ltr'><strong>wag-:aggQafflaessffisseeffiffiffiffleffigssffiffiffiffleffiffi</strong></span> 
     </span>
    </p>
   </div>
   <div class='ocr_carea' id='block_1_2' title="bbox 711 347 1748 510">
    <p class='ocr_par' dir='ltr' id='par_1_2' title="bbox 711 347 1748 510">
     <span class='ocr_line' id='line_1_2' title="bbox 711 347 1748 510; baseline 0.004 -7"><span class='ocrx_word' id='word_1_2' title='bbox 711 347 1748 510; x_wconf 75' lang='lat' dir='ltr'><strong>ACUSILAI</strong></span> 
     </span>
    </p>
   </div>
   <div class='ocr_carea' id='block_1_3' title="bbox 861 629 1597 717">
    <p class='ocr_par' dir='ltr' id='par_1_3' title="bbox 861 629 1597 717">
     <span class='ocr_line' id='line_1_3' title="bbox 861 629 1597 717; baseline 0.007 -7"><span class='ocrx_word' id='word_1_3' title='bbox 861 629 1597 717; x_wconf 81' lang='lat' dir='ltr'><strong>FRAGMENTA.</strong></span> 
     </span>
    </p>
   </div>
   <div class='ocr_carea' id='block_1_4' title="bbox 1084 802 1400 821">
    <p class='ocr_par' dir='ltr' id='par_1_4' title="bbox 1084 802 1400 821">
     <span class='ocr_line' id='line_1_4' title="bbox 1084 802 1400 821; baseline 0.006 -2"><span class='ocrx_word' id='word_1_4' title='bbox 1084 802 1400 821; x_wconf 49' lang='lat' dir='ltr'><strong>——w—</strong></span> 
     </span>
    </p>
   </div>
   <div class='ocr_carea' id='block_1_5' title="bbox 522 915 869 955">
    <p class='ocr_par' dir='ltr' id='par_1_5' title="bbox 522 915 869 955">
     <span class='ocr_line' id='line_1_5' title="bbox 522 915 869 955; baseline -0.009 0"><span class='ocrx_word' id='word_1_5' title='bbox 522 915 869 955; x_wconf 76' lang='grc' dir='ltr'>ΓΕΝΕΑΛΟΓΙΑῙ.</span> 
     </span>
    </p>
   </div>
   <div class='ocr_carea' id='block_1_6' title="bbox 180 1042 1219 2384">
    <p class='ocr_par' dir='ltr' id='par_1_6' title="bbox 180 1042 1217 1565">
     <span class='ocr_line' id='line_1_6' title="bbox 232 1042 1214 1095; baseline -0.001 -13"><span class='ocrx_word' id='word_1_6' title='bbox 232 1045 342 1082; x_wconf 85' lang='lat' dir='ltr'><strong>Plato</strong></span> <span class='ocrx_word' id='word_1_7' title='bbox 375 1046 551 1095; x_wconf 88' lang='lat' dir='ltr'><strong>Sympos.</strong></span> <span class='ocrx_word' id='word_1_8' title='bbox 583 1057 621 1095; x_wconf 90' lang='lat' dir='ltr'><strong>p.</strong></span> <span class='ocrx_word' id='word_1_9' title='bbox 653 1045 737 1092; x_wconf 89' lang='lat'>178.</span> <span class='ocrx_word' id='word_1_10' title='bbox 764 1046 793 1080; x_wconf 94' lang='lat' dir='ltr'><strong>B</strong></span> <span class='ocrx_word' id='word_1_11' title='bbox 819 1042 950 1095; x_wconf 87' lang='lat' dir='ltr'><strong>(quem</strong></span> <span class='ocrx_word' id='word_1_12' title='bbox 973 1042 1101 1081; x_wconf 91' lang='lat' dir='ltr'><strong>locum</strong></span> <span class='ocrx_word' id='word_1_13' title='bbox 1128 1047 1214 1081; x_wconf 89' lang='lat' dir='ltr'><strong>Sto-</strong></span> 
     </span>
     <span class='ocr_line' id='line_1_7' title="bbox 181 1101 1214 1154; baseline -0.003 -11"><span class='ocrx_word' id='word_1_14' title='bbox 181 1105 285 1143; x_wconf 86' lang='lat' dir='ltr'><strong>baeus</strong></span> <span class='ocrx_word' id='word_1_15' title='bbox 305 1103 495 1154; x_wconf 78' lang='lat' dir='ltr'><strong>excerpsit</strong></span> <span class='ocrx_word' id='word_1_16' title='bbox 511 1103 551 1140; x_wconf 89' lang='lat' dir='ltr'><strong>in</strong></span> <span class='ocrx_word' id='word_1_17' title='bbox 566 1103 696 1153; x_wconf 85' lang='lat' dir='ltr'><strong>Eclog.</strong></span> <span class='ocrx_word' id='word_1_18' title='bbox 718 1103 828 1153; x_wconf 87' lang='lat' dir='ltr'><strong>phys.</strong></span> <span class='ocrx_word' id='word_1_19' title='bbox 865 1117 896 1149; x_wconf 87' lang='lat'><strong>1,</strong></span> <span class='ocrx_word' id='word_1_20' title='bbox 914 1115 951 1152; x_wconf 87' lang='lat' dir='ltr'><strong>p.</strong></span> <span class='ocrx_word' id='word_1_21' title='bbox 971 1106 1060 1150; x_wconf 84' lang='lat'>22):</span> <span class='ocrx_word' id='word_1_22' title='bbox 1089 1101 1214 1140; x_wconf 86' lang='grc' dir='ltr'>Ἡσίο-</span> 
     </span>
     <span class='ocr_line' id='line_1_8' title="bbox 181 1159 1211 1216; baseline -0.002 -16"><span class='ocrx_word' id='word_1_23' title='bbox 181 1165 237 1206; x_wconf 82' lang='grc' dir='ltr'><strong>δος</strong></span> <span class='ocrx_word' id='word_1_24' title='bbox 254 1164 392 1216; x_wconf 80' lang='grc' dir='ltr'>πρῶτον</span> <span class='ocrx_word' id='word_1_25' title='bbox 414 1160 476 1213; x_wconf 83' lang='grc' dir='ltr'>μὲν</span> <span class='ocrx_word' id='word_1_26' title='bbox 493 1160 589 1204; x_wconf 84' lang='grc' dir='ltr'>Χάος</span> <span class='ocrx_word' id='word_1_27' title='bbox 607 1160 768 1212; x_wconf 90' lang='grc' dir='ltr'>γενέσθαι</span> <span class='ocrx_word' id='word_1_28' title='bbox 785 1160 889 1213; x_wconf 74' lang='grc' dir='ltr'>φησὶν</span> <span class='ocrx_word' id='word_1_29' title='bbox 915 1160 1035 1212; x_wconf 80' lang='lat' dir='ltr'><strong>(Stob.</strong></span> <span class='ocrx_word' id='word_1_30' title='bbox 1055 1159 1140 1214; x_wconf 75' lang='grc' dir='ltr'>φησὶ</span> <span class='ocrx_word' id='word_1_31' title='bbox 1153 1160 1211 1212; x_wconf 88' lang='grc' dir='ltr'><strong>γί-</strong></span> 
     </span>
     <span class='ocr_line' id='line_1_9' title="bbox 180 1217 1214 1273; baseline -0.002 -14"><span class='ocrx_word' id='word_1_32' title='bbox 180 1221 335 1273; x_wconf 85' lang='grc' dir='ltr'>γνεσθαι)</span> <span class='ocrx_word' id='word_1_33' title='bbox 406 1218 496 1272; x_wconf 84' lang='grc' dir='ltr'>μετὰ</span> <span class='ocrx_word' id='word_1_34' title='bbox 515 1218 555 1257; x_wconf 84' lang='grc' dir='ltr'>τὸ</span> <span class='ocrx_word' id='word_1_35' title='bbox 587 1218 682 1262; x_wconf 82' lang='grc' dir='ltr'>Χάος</span> <span class='ocrx_word' id='word_1_36' title='bbox 714 1218 774 1257; x_wconf 81' lang='grc' dir='ltr'><strong>δύο</strong></span> <span class='ocrx_word' id='word_1_37' title='bbox 792 1217 906 1257; x_wconf 86' lang='grc' dir='ltr'>τούτω</span> <span class='ocrx_word' id='word_1_38' title='bbox 941 1217 1120 1269; x_wconf 78' lang='grc' dir='ltr'>γενέσθαι,</span> <span class='ocrx_word' id='word_1_39' title='bbox 1142 1220 1214 1266; x_wconf 79' lang='grc' dir='ltr'>Γῆν</span> 
     </span>
     <span class='ocr_line' id='line_1_10' title="bbox 181 1276 1215 1333; baseline -0.005 -14"><span class='ocrx_word' id='word_1_40' title='bbox 181 1296 219 1319; x_wconf 88' lang='grc' dir='ltr'><strong>τε</strong></span> <span class='ocrx_word' id='word_1_41' title='bbox 242 1279 301 1318; x_wconf 85' lang='grc' dir='ltr'>καὶ</span> <span class='ocrx_word' id='word_1_42' title='bbox 319 1278 478 1333; x_wconf 87' lang='grc' dir='ltr'>Ἔρωτα.</span> <span class='ocrx_word' id='word_1_43' title='bbox 549 1276 704 1330; x_wconf 86' lang='grc' dir='ltr'>Ἡσιόδῳ</span> <span class='ocrx_word' id='word_1_44' title='bbox 727 1276 764 1315; x_wconf 81' lang='grc' dir='ltr'><strong>δὲ</strong></span> <span class='ocrx_word' id='word_1_45' title='bbox 790 1276 851 1315; x_wconf 79' lang='grc' dir='ltr'>καὶ</span> <span class='ocrx_word' id='word_1_46' title='bbox 867 1276 1093 1320; x_wconf 85' lang='grc' dir='ltr'>Ἀκουσίλεως</span> <span class='ocrx_word' id='word_1_47' title='bbox 1126 1280 1215 1328; x_wconf 84' lang='grc' dir='ltr'>ὁμο-</span> 
     </span>
     <span class='ocr_line' id='line_1_11' title="bbox 182 1335 1216 1391; baseline -0.003 -14"><span class='ocrx_word' id='word_1_48' title='bbox 182 1339 287 1391; x_wconf 87' lang='grc' dir='ltr'>λογεῖ.</span> <span class='ocrx_word' id='word_1_49' title='bbox 308 1336 415 1377; x_wconf 78' lang='grc' dir='ltr'>Οὕτω</span> <span class='ocrx_word' id='word_1_50' title='bbox 432 1335 650 1389; x_wconf 84' lang='grc' dir='ltr'>πολλαχόθεν</span> <span class='ocrx_word' id='word_1_51' title='bbox 679 1337 902 1388; x_wconf 82' lang='grc' dir='ltr'>ὁμολογεῖται</span> <span class='ocrx_word' id='word_1_52' title='bbox 921 1338 939 1374; x_wconf 84' lang='grc' dir='ltr'><strong><em>ὃ</em></strong></span> <span class='ocrx_word' id='word_1_53' title='bbox 951 1335 1071 1388; x_wconf 87' lang='grc' dir='ltr'>Ἔρως</span> <span class='ocrx_word' id='word_1_54' title='bbox 1090 1336 1125 1374; x_wconf 79' lang='grc' dir='ltr'>ἐν</span> <span class='ocrx_word' id='word_1_55' title='bbox 1145 1341 1216 1380; x_wconf 87' lang='grc' dir='ltr'>τοῖς</span> 
     </span>
     <span class='ocr_line' id='line_1_12' title="bbox 181 1388 1217 1450; baseline -0.002 -15"><span class='ocrx_word' id='word_1_56' title='bbox 181 1395 436 1450; x_wconf 72' lang='grc' dir='ltr'>πρεσὸυτάτοις</span> <span class='ocrx_word' id='word_1_57' title='bbox 458 1388 546 1433; x_wconf 63' lang='grc' dir='ltr'>εἶναι</span> <span class='ocrx_word' id='word_1_58' title='bbox 564 1395 690 1447; x_wconf 89' lang='lat' dir='ltr'><strong>(Stob.</strong></span> <span class='ocrx_word' id='word_1_59' title='bbox 713 1395 850 1433; x_wconf 86' lang='grc' dir='ltr'>Ἀκουσ.</span> <span class='ocrx_word' id='word_1_60' title='bbox 875 1393 1062 1447; x_wconf 78' lang='grc' dir='ltr'>ξύμφησιν,</span> <span class='ocrx_word' id='word_1_61' title='bbox 1087 1395 1123 1432; x_wconf 80' lang='grc' dir='ltr'>ἓν</span> <span class='ocrx_word' id='word_1_62' title='bbox 1146 1400 1217 1438; x_wconf 83' lang='grc' dir='ltr'>τοῖς</span> 
     </span>
     <span class='ocr_line' id='line_1_13' title="bbox 181 1449 1212 1509; baseline -0.003 -15"><span class='ocrx_word' id='word_1_63' title='bbox 181 1454 308 1509; x_wconf 75' lang='grc' dir='ltr'>πρεσὸ.</span> <span class='ocrx_word' id='word_1_64' title='bbox 320 1449 438 1506; x_wconf 69' lang='grc' dir='ltr'>εἶναι),</span> <span class='ocrx_word' id='word_1_65' title='bbox 453 1453 692 1507; x_wconf 73' lang='grc' dir='ltr'>πρεσὸύτατος</span> <span class='ocrx_word' id='word_1_66' title='bbox 708 1452 744 1491; x_wconf 81' lang='grc' dir='ltr'><strong>δὲ</strong></span> <span class='ocrx_word' id='word_1_67' title='bbox 760 1453 882 1505; x_wconf 91' lang='lat' dir='ltr'><strong>(Stob.</strong></span> <span class='ocrx_word' id='word_1_68' title='bbox 892 1453 946 1506; x_wconf 73' lang='grc' dir='ltr'><strong>τε)</strong></span> <span class='ocrx_word' id='word_1_69' title='bbox 960 1453 1023 1500; x_wconf 84' lang='grc' dir='ltr'>ὢν,</span> <span class='ocrx_word' id='word_1_70' title='bbox 1038 1452 1212 1505; x_wconf 82' lang='grc' dir='ltr'>μεγίστων</span> 
     </span>
     <span class='ocr_line' id='line_1_14' title="bbox 186 1510 657 1565; baseline -0.004 -14"><span class='ocrx_word' id='word_1_71' title='bbox 186 1515 324 1565; x_wconf 73' lang='grc' dir='ltr'>ἀγαθῶν</span> <span class='ocrx_word' id='word_1_72' title='bbox 343 1516 429 1564; x_wconf 80' lang='grc' dir='ltr'>ἡμῖν</span> <span class='ocrx_word' id='word_1_73' title='bbox 450 1511 558 1555; x_wconf 88' lang='grc' dir='ltr'>αἴτιος</span> <span class='ocrx_word' id='word_1_74' title='bbox 573 1510 657 1550; x_wconf 82' lang='grc' dir='ltr'>ἐστί.</span> 
     </span>
    </p>

    <p class='ocr_par' dir='ltr' id='par_1_7' title="bbox 183 1570 1219 2201">
     <span class='ocr_line' id='line_1_15' title="bbox 237 1570 1215 1621; baseline -0.002 -11"><span class='ocrx_word' id='word_1_75' title='bbox 237 1571 669 1611; x_wconf 80' lang='lat' dir='ltr'><strong>Scholiastes&#39;rheocriti</strong></span> <span class='ocrx_word' id='word_1_76' title='bbox 682 1571 721 1608; x_wconf 90' lang='lat' dir='ltr'><strong>in</strong></span> <span class='ocrx_word' id='word_1_77' title='bbox 737 1579 962 1621; x_wconf 82' lang='lat' dir='ltr'><strong>argumento</strong></span> <span class='ocrx_word' id='word_1_78' title='bbox 971 1570 1215 1621; x_wconf 89' lang='lat' dir='ltr'><strong>IdylliinII:</strong></span> 
     </span>
     <span class='ocr_line' id='line_1_16' title="bbox 183 1627 1216 1683; baseline -0.003 -13"><span class='ocrx_word' id='word_1_79' title='bbox 183 1629 344 1673; x_wconf 84' lang='grc' dir='ltr'>Ἡσίοδος</span> <span class='ocrx_word' id='word_1_80' title='bbox 363 1629 479 1673; x_wconf 82' lang='grc' dir='ltr'>Χάους</span> <span class='ocrx_word' id='word_1_81' title='bbox 495 1627 555 1667; x_wconf 76' lang='grc' dir='ltr'>καὶ</span> <span class='ocrx_word' id='word_1_82' title='bbox 569 1631 640 1676; x_wconf 80' lang='grc' dir='ltr'><strong>Γῆς</strong></span> <span class='ocrx_word' id='word_1_83' title='bbox 654 1627 814 1683; x_wconf 62' lang='grc' dir='ltr'>(Ἔρωτα</span> <span class='ocrx_word' id='word_1_84' title='bbox 827 1628 900 1667; x_wconf 78' lang='grc' dir='ltr'>υἱὸν</span> <span class='ocrx_word' id='word_1_85' title='bbox 911 1627 1021 1681; x_wconf 83' lang='grc' dir='ltr'>λέγει)</span> <span class='ocrx_word' id='word_1_86' title='bbox 1097 1629 1216 1668; x_wconf 88' lang='grc' dir='ltr'>Ἀκου-</span> 
     </span>
     <span class='ocr_line' id='line_1_17' title="bbox 184 1686 1217 1742; baseline -0.002 -14"><span class='ocrx_word' id='word_1_87' title='bbox 184 1691 303 1733; x_wconf 85' lang='grc' dir='ltr'>σίλαος</span> <span class='ocrx_word' id='word_1_88' title='bbox 329 1688 465 1732; x_wconf 82' lang='grc' dir='ltr'>Νυκτὸς</span> <span class='ocrx_word' id='word_1_89' title='bbox 484 1687 543 1726; x_wconf 75' lang='grc' dir='ltr'>καὶ</span> <span class='ocrx_word' id='word_1_90' title='bbox 575 1686 730 1741; x_wconf 83' lang='grc' dir='ltr'>Αἷθέρος.</span> <span class='ocrx_word' id='word_1_91' title='bbox 756 1689 981 1726; x_wconf 86' lang='lat' dir='ltr'><strong>Damascius</strong></span> <span class='ocrx_word' id='word_1_92' title='bbox 999 1687 1080 1742; x_wconf 73' lang='grc' dir='ltr'>περ),</span> <span class='ocrx_word' id='word_1_93' title='bbox 1097 1689 1217 1741; x_wconf 84' lang='grc' dir='ltr'>ἀρχῶν</span> 
     </span>
     <span class='ocr_line' id='line_1_18' title="bbox 185 1747 1216 1798; baseline 0 -13"><span class='ocrx_word' id='word_1_94' title='bbox 185 1762 218 1787; x_wconf 85' lang='lat' dir='ltr'><strong>c.</strong></span> <span class='ocrx_word' id='word_1_95' title='bbox 246 1755 307 1793; x_wconf 80' lang='lat'><strong>14,</strong></span> <span class='ocrx_word' id='word_1_96' title='bbox 330 1762 369 1798; x_wconf 88' lang='lat' dir='ltr'><strong>p.</strong></span> <span class='ocrx_word' id='word_1_97' title='bbox 392 1748 481 1795; x_wconf 81' lang='lat'><strong>257,</strong></span> <span class='ocrx_word' id='word_1_98' title='bbox 500 1747 540 1786; x_wconf 87' lang='lat' dir='ltr'><strong>in</strong></span> <span class='ocrx_word' id='word_1_99' title='bbox 564 1748 695 1786; x_wconf 89' lang='lat' dir='ltr'><strong>Wollii</strong></span> <span class='ocrx_word' id='word_1_100' title='bbox 716 1747 903 1786; x_wconf 87' lang='lat' dir='ltr'><strong>Anecdot.</strong></span> <span class='ocrx_word' id='word_1_101' title='bbox 932 1750 1053 1786; x_wconf 82' lang='lat' dir='ltr'><strong>Graec.</strong></span> <span class='ocrx_word' id='word_1_102' title='bbox 1076 1755 1100 1786; x_wconf 91' lang='lat' dir='ltr'><strong>t.</strong></span> <span class='ocrx_word' id='word_1_103' title='bbox 1131 1750 1189 1785; x_wconf 92' lang='lat'><strong>111</strong></span> <span class='ocrx_word' id='word_1_104' title='bbox 1209 1763 1216 1785; x_wconf 96' lang='lat'><strong>:</strong></span> 
     </span>
     <span class='ocr_line' id='line_1_19' title="bbox 186 1803 1219 1858; baseline -0.001 -14"><span class='ocrx_word' id='word_1_105' title='bbox 186 1806 410 1849; x_wconf 79' lang='grc' dir='ltr'>Ἀκουσίλαος</span> <span class='ocrx_word' id='word_1_106' title='bbox 429 1805 525 1848; x_wconf 84' lang='grc' dir='ltr'>Χάος</span> <span class='ocrx_word' id='word_1_107' title='bbox 541 1804 604 1856; x_wconf 82' lang='grc' dir='ltr'>μὲν</span> <span class='ocrx_word' id='word_1_108' title='bbox 618 1804 842 1843; x_wconf 74' lang='grc' dir='ltr'>ὑποτίθεσθαί</span> <span class='ocrx_word' id='word_1_109' title='bbox 861 1820 921 1856; x_wconf 90' lang='grc' dir='ltr'><strong>μοι</strong></span> <span class='ocrx_word' id='word_1_110' title='bbox 937 1806 1030 1843; x_wconf 87' lang='grc' dir='ltr'>δοκεῖ</span> <span class='ocrx_word' id='word_1_111' title='bbox 1042 1803 1106 1852; x_wconf 81' lang='grc' dir='ltr'><strong>τὴν</strong></span> <span class='ocrx_word' id='word_1_112' title='bbox 1122 1804 1219 1858; x_wconf 84' lang='grc' dir='ltr'>πρώ-</span> 
     </span>
     <span class='ocr_line' id='line_1_20' title="bbox 184 1862 1216 1919; baseline -0.001 -16"><span class='ocrx_word' id='word_1_113' title='bbox 184 1881 248 1912; x_wconf 87' lang='grc' dir='ltr'><strong>την</strong></span> <span class='ocrx_word' id='word_1_114' title='bbox 269 1863 395 1919; x_wconf 82' lang='grc' dir='ltr'>ἀρχὴν,</span> <span class='ocrx_word' id='word_1_115' title='bbox 413 1866 459 1908; x_wconf 85' lang='grc' dir='ltr'><strong>ὥς</strong></span> <span class='ocrx_word' id='word_1_116' title='bbox 477 1863 595 1911; x_wconf 88' lang='grc' dir='ltr'>πάντη</span> <span class='ocrx_word' id='word_1_117' title='bbox 614 1863 811 1916; x_wconf 85' lang='grc' dir='ltr'>ἄγνωστον·</span> <span class='ocrx_word' id='word_1_118' title='bbox 832 1862 895 1907; x_wconf 86' lang='grc' dir='ltr'>τὰς</span> <span class='ocrx_word' id='word_1_119' title='bbox 908 1863 945 1902; x_wconf 82' lang='grc' dir='ltr'><strong>δὲ</strong></span> <span class='ocrx_word' id='word_1_120' title='bbox 965 1863 1026 1902; x_wconf 84' lang='grc' dir='ltr'><strong>δύο</strong></span> <span class='ocrx_word' id='word_1_121' title='bbox 1045 1863 1134 1915; x_wconf 86' lang='grc' dir='ltr'>μετὰ</span> <span class='ocrx_word' id='word_1_122' title='bbox 1153 1863 1216 1911; x_wconf 84' lang='grc' dir='ltr'><strong>τὴν</strong></span> 
     </span>
     <span class='ocr_line' id='line_1_21' title="bbox 189 1921 1217 1976; baseline -0.002 -14"><span class='ocrx_word' id='word_1_123' title='bbox 189 1923 271 1974; x_wconf 86' lang='grc' dir='ltr'>μίαν</span> <span class='ocrx_word' id='word_1_124' title='bbox 284 1940 292 1948; x_wconf 89' lang='grc'><em>·</em></span> <span class='ocrx_word' id='word_1_125' title='bbox 311 1923 460 1976; x_wconf 74' lang='grc' dir='ltr'>Ἔρεὸος</span> <span class='ocrx_word' id='word_1_126' title='bbox 479 1921 556 1973; x_wconf 78' lang='grc' dir='ltr'>μὲν,</span> <span class='ocrx_word' id='word_1_127' title='bbox 577 1921 639 1970; x_wconf 79' lang='grc' dir='ltr'><strong>τὴν</strong></span> <span class='ocrx_word' id='word_1_128' title='bbox 658 1921 804 1976; x_wconf 79' lang='grc' dir='ltr'>ἄῤῥενα,</span> <span class='ocrx_word' id='word_1_129' title='bbox 831 1922 895 1969; x_wconf 82' lang='grc' dir='ltr'><strong>τὴν</strong></span> <span class='ocrx_word' id='word_1_130' title='bbox 917 1922 953 1960; x_wconf 80' lang='grc' dir='ltr'><strong>δὲ</strong></span> <span class='ocrx_word' id='word_1_131' title='bbox 972 1922 1127 1974; x_wconf 79' lang='grc' dir='ltr'>θήλειαν,</span> <span class='ocrx_word' id='word_1_132' title='bbox 1145 1922 1217 1962; x_wconf 83' lang='grc' dir='ltr'><strong>Νύ-</strong></span> 
     </span>
     <span class='ocr_line' id='line_1_22' title="bbox 186 1979 1218 2034; baseline -0.001 -15"><span class='ocrx_word' id='word_1_133' title='bbox 186 1997 252 2020; x_wconf 87' lang='grc' dir='ltr'><strong>κτα</strong></span> <span class='ocrx_word' id='word_1_134' title='bbox 266 1997 274 2006; x_wconf 89' lang='grc'><em>·</em></span> <span class='ocrx_word' id='word_1_135' title='bbox 293 1981 425 2028; x_wconf 85' lang='grc' dir='ltr'>ταύτην</span> <span class='ocrx_word' id='word_1_136' title='bbox 447 1980 510 2032; x_wconf 81' lang='grc' dir='ltr'>μὲν</span> <span class='ocrx_word' id='word_1_137' title='bbox 536 1980 612 2019; x_wconf 81' lang='grc' dir='ltr'>ἀντὶ</span> <span class='ocrx_word' id='word_1_138' title='bbox 643 1980 822 2034; x_wconf 84' lang='grc' dir='ltr'>ἀπειρίας,</span> <span class='ocrx_word' id='word_1_139' title='bbox 850 1979 983 2027; x_wconf 81' lang='grc' dir='ltr'>ἐκείνην</span> <span class='ocrx_word' id='word_1_140' title='bbox 1002 1979 1039 2018; x_wconf 81' lang='grc' dir='ltr'><strong>δὲ</strong></span> <span class='ocrx_word' id='word_1_141' title='bbox 1059 1979 1136 2018; x_wconf 78' lang='grc' dir='ltr'>ἀντὶ</span> <span class='ocrx_word' id='word_1_142' title='bbox 1151 1979 1218 2018; x_wconf 88' lang='grc' dir='ltr'><strong>πέ-</strong></span> 
     </span>
     <span class='ocr_line' id='line_1_23' title="bbox 187 2038 1219 2093; baseline -0.002 -14"><span class='ocrx_word' id='word_1_143' title='bbox 187 2055 298 2093; x_wconf 88' lang='grc' dir='ltr'>ρατος.</span> <span class='ocrx_word' id='word_1_144' title='bbox 320 2040 388 2080; x_wconf 78' lang='grc' dir='ltr'><strong>Ἐκ</strong></span> <span class='ocrx_word' id='word_1_145' title='bbox 408 2039 444 2078; x_wconf 84' lang='grc' dir='ltr'><strong>δὲ</strong></span> <span class='ocrx_word' id='word_1_146' title='bbox 463 2038 594 2078; x_wconf 80' lang='grc' dir='ltr'>τούτων</span> <span class='ocrx_word' id='word_1_147' title='bbox 615 2039 707 2092; x_wconf 76' lang='grc' dir='ltr'>φημὶ</span> <span class='ocrx_word' id='word_1_148' title='bbox 738 2039 933 2092; x_wconf 85' lang='grc' dir='ltr'>μιχθέντων</span> <span class='ocrx_word' id='word_1_149' title='bbox 963 2039 1095 2093; x_wconf 83' lang='grc' dir='ltr'>Αἰθέρα</span> <span class='ocrx_word' id='word_1_150' title='bbox 1125 2039 1219 2091; x_wconf 90' lang='grc' dir='ltr'>γενέ-</span> 
     </span>
     <span class='ocr_line' id='line_1_24' title="bbox 186 2097 1218 2154; baseline -0.001 -17"><span class='ocrx_word' id='word_1_151' title='bbox 186 2102 279 2148; x_wconf 81' lang='grc' dir='ltr'>σθαι,</span> <span class='ocrx_word' id='word_1_152' title='bbox 300 2098 360 2137; x_wconf 76' lang='grc' dir='ltr'>καὶ</span> <span class='ocrx_word' id='word_1_153' title='bbox 374 2098 537 2154; x_wconf 64' lang='grc' dir='ltr'>’Έρωτα,</span> <span class='ocrx_word' id='word_1_154' title='bbox 553 2098 612 2136; x_wconf 75' lang='grc' dir='ltr'>καὶ</span> <span class='ocrx_word' id='word_1_155' title='bbox 628 2100 757 2148; x_wconf 74' lang='grc' dir='ltr'>Μῆτιν,</span> <span class='ocrx_word' id='word_1_156' title='bbox 770 2097 833 2142; x_wconf 83' lang='grc' dir='ltr'>τὰς</span> <span class='ocrx_word' id='word_1_157' title='bbox 844 2104 935 2151; x_wconf 86' lang='grc' dir='ltr'>τρεῖς</span> <span class='ocrx_word' id='word_1_158' title='bbox 954 2097 1081 2141; x_wconf 81' lang='grc' dir='ltr'>ταύτας</span> <span class='ocrx_word' id='word_1_159' title='bbox 1092 2097 1218 2145; x_wconf 80' lang='grc' dir='ltr'>νοητὰς</span> 
     </span>
     <span class='ocr_line' id='line_1_25' title="bbox 186 2159 405 2201; baseline 0.014 -6"><span class='ocrx_word' id='word_1_160' title='bbox 186 2159 405 2201; x_wconf 79' lang='grc' dir='ltr'>ὑποστάσεις.</span> 
     </span>
    </p>

    <p class='ocr_par' dir='ltr' id='par_1_8' title="bbox 187 2275 1219 2384">
     <span class='ocr_line' id='line_1_26' title="bbox 241 2275 1219 2330; baseline 0 -16"><span class='ocrx_word' id='word_1_161' title='bbox 241 2278 406 2327; x_wconf 88' lang='lat' dir='ltr'><strong>Etymol.</strong></span> <span class='ocrx_word' id='word_1_162' title='bbox 428 2280 478 2315; x_wconf 89' lang='lat' dir='ltr'><strong>M.</strong></span> <span class='ocrx_word' id='word_1_163' title='bbox 503 2278 652 2320; x_wconf 72' lang='grc' dir='ltr'>εΚοῖος·</span> <span class='ocrx_word' id='word_1_164' title='bbox 684 2279 702 2315; x_wconf 82' lang='grc' dir='ltr'>ὁ</span> <span class='ocrx_word' id='word_1_165' title='bbox 730 2275 849 2330; x_wconf 83' lang='grc' dir='ltr'>πατὴρ</span> <span class='ocrx_word' id='word_1_166' title='bbox 890 2278 1041 2323; x_wconf 77' lang='grc' dir='ltr'>Λητοῦς·</span> <span class='ocrx_word' id='word_1_167' title='bbox 1061 2275 1158 2329; x_wconf 81' lang='grc' dir='ltr'>παρὰ</span> <span class='ocrx_word' id='word_1_168' title='bbox 1179 2275 1219 2314; x_wconf 86' lang='grc' dir='ltr'>τὸ</span> 
     </span>
     <span class='ocr_line' id='line_1_27' title="bbox 187 2333 1217 2384; baseline 0.001 -12"><span class='ocrx_word' id='word_1_169' title='bbox 187 2340 294 2384; x_wconf 85' lang='grc' dir='ltr'>κοεῖν,</span> <span class='ocrx_word' id='word_1_170' title='bbox 313 2334 334 2372; x_wconf 79' lang='grc' dir='ltr'><strong>δ’</strong></span> <span class='ocrx_word' id='word_1_171' title='bbox 350 2337 424 2373; x_wconf 83' lang='grc' dir='ltr'>ἐστι</span> <span class='ocrx_word' id='word_1_172' title='bbox 442 2341 530 2374; x_wconf 87' lang='grc' dir='ltr'>νοεῖν</span> <span class='ocrx_word' id='word_1_173' title='bbox 550 2335 610 2374; x_wconf 78' lang='grc' dir='ltr'>καὶ</span> <span class='ocrx_word' id='word_1_174' title='bbox 625 2334 801 2384; x_wconf 88' lang='grc' dir='ltr'>συνιέναι,</span> <span class='ocrx_word' id='word_1_175' title='bbox 820 2334 841 2374; x_wconf 78' lang='grc' dir='ltr'><strong>δ’</strong></span> <span class='ocrx_word' id='word_1_176' title='bbox 858 2337 933 2374; x_wconf 83' lang='grc' dir='ltr'>ἐστι</span> <span class='ocrx_word' id='word_1_177' title='bbox 947 2334 1096 2379; x_wconf 86' lang='grc' dir='ltr'>συνετός.</span> <span class='ocrx_word' id='word_1_178' title='bbox 1111 2333 1217 2374; x_wconf 86' lang='grc' dir='ltr'>Κοῖόν</span> 
     </span>
    </p>
   </div>
   <div class='ocr_carea' id='block_1_7' title="bbox 190 2522 1218 3130">
    <p class='ocr_par' dir='ltr' id='par_1_9' title="bbox 190 2522 1217 2753">
     <span class='ocr_line' id='line_1_28' title="bbox 232 2522 1212 2566; baseline 0.002 -10"><span class='ocrx_word' id='word_1_179' title='bbox 232 2522 392 2556; x_wconf 61' lang='lat' dir='ltr'><strong>Hesiodus</strong></span> <span class='ocrx_word' id='word_1_180' title='bbox 409 2523 569 2565; x_wconf 89' lang='lat' dir='ltr'><strong>principio</strong></span> <span class='ocrx_word' id='word_1_181' title='bbox 583 2524 690 2557; x_wconf 87' lang='lat' dir='ltr'><strong>Chaos</strong></span> <span class='ocrx_word' id='word_1_182' title='bbox 703 2524 866 2557; x_wconf 84' lang='lat' dir='ltr'><strong>exstitisse</strong></span> <span class='ocrx_word' id='word_1_183' title='bbox 882 2525 960 2557; x_wconf 85' lang='lat' dir='ltr'><strong>dicit</strong></span> <span class='ocrx_word' id='word_1_184' title='bbox 1021 2527 1094 2566; x_wconf 88' lang='lat' dir='ltr'><strong>post</strong></span> <span class='ocrx_word' id='word_1_185' title='bbox 1105 2525 1212 2558; x_wconf 85' lang='lat' dir='ltr'><strong>chaos</strong></span> 
     </span>
     <span class='ocr_line' id='line_1_29' title="bbox 191 2570 1216 2614; baseline 0.001 -11"><span class='ocrx_word' id='word_1_186' title='bbox 191 2572 261 2603; x_wconf 84' lang='lat' dir='ltr'><strong>haec</strong></span> <span class='ocrx_word' id='word_1_187' title='bbox 276 2571 342 2603; x_wconf 90' lang='lat' dir='ltr'><strong>duo</strong></span> <span class='ocrx_word' id='word_1_188' title='bbox 357 2570 519 2603; x_wconf 81' lang='lat' dir='ltr'><strong>exstitisse</strong></span> <span class='ocrx_word' id='word_1_189' title='bbox 530 2594 540 2610; x_wconf 95' lang='lat'><strong>,</strong></span> <span class='ocrx_word' id='word_1_190' title='bbox 556 2573 687 2603; x_wconf 86' lang='lat' dir='ltr'><strong>Terram</strong></span> <span class='ocrx_word' id='word_1_191' title='bbox 703 2573 800 2614; x_wconf 89' lang='lat' dir='ltr'><strong>atque</strong></span> <span class='ocrx_word' id='word_1_192' title='bbox 814 2574 976 2604; x_wconf 86' lang='lat' dir='ltr'><strong>Amorem.</strong></span> <span class='ocrx_word' id='word_1_193' title='bbox 1045 2572 1216 2604; x_wconf 85' lang='lat' dir='ltr'><strong>Acusilaus</strong></span> 
     </span>
     <span class='ocr_line' id='line_1_30' title="bbox 190 2617 1213 2659; baseline 0.001 -10"><span class='ocrx_word' id='word_1_194' title='bbox 190 2626 322 2659; x_wconf 86' lang='lat' dir='ltr'><strong>quoque</strong></span> <span class='ocrx_word' id='word_1_195' title='bbox 336 2626 412 2649; x_wconf 89' lang='lat' dir='ltr'><strong>cum</strong></span> <span class='ocrx_word' id='word_1_196' title='bbox 426 2617 567 2650; x_wconf 86' lang='lat' dir='ltr'><strong>Hesiodo</strong></span> <span class='ocrx_word' id='word_1_197' title='bbox 583 2618 757 2650; x_wconf 83' lang='lat' dir='ltr'><strong>consentit.</strong></span> <span class='ocrx_word' id='word_1_198' title='bbox 774 2619 881 2659; x_wconf 82' lang='lat' dir='ltr'><strong>Atque</strong></span> <span class='ocrx_word' id='word_1_199' title='bbox 896 2619 938 2651; x_wconf 89' lang='lat' dir='ltr'><strong>ita</strong></span> <span class='ocrx_word' id='word_1_200' title='bbox 959 2619 1080 2659; x_wconf 87' lang='lat' dir='ltr'><strong>passim</strong></span> <span class='ocrx_word' id='word_1_201' title='bbox 1091 2643 1100 2659; x_wconf 94' lang='lat'><strong>,</strong></span> <span class='ocrx_word' id='word_1_202' title='bbox 1119 2622 1213 2651; x_wconf 89' lang='lat' dir='ltr'><strong>Amo-</strong></span> 
     </span>
     <span class='ocr_line' id='line_1_31' title="bbox 190 2664 1217 2706; baseline 0.001 -9"><span class='ocrx_word' id='word_1_203' title='bbox 190 2674 258 2697; x_wconf 86' lang='lat' dir='ltr'><strong>rem</strong></span> <span class='ocrx_word' id='word_1_204' title='bbox 274 2674 315 2697; x_wconf 88' lang='lat' dir='ltr'><strong>ex</strong></span> <span class='ocrx_word' id='word_1_205' title='bbox 334 2664 569 2706; x_wconf 88' lang='lat' dir='ltr'><strong>antiquissimis</strong></span> <span class='ocrx_word' id='word_1_206' title='bbox 593 2674 664 2697; x_wconf 90' lang='lat' dir='ltr'><strong>esse</strong></span> <span class='ocrx_word' id='word_1_207' title='bbox 677 2689 687 2705; x_wconf 91' lang='lat'><strong>,</strong></span> <span class='ocrx_word' id='word_1_208' title='bbox 708 2666 907 2698; x_wconf 85' lang='lat' dir='ltr'><strong>conceditur.</strong></span> <span class='ocrx_word' id='word_1_209' title='bbox 926 2668 1035 2703; x_wconf 89' lang='lat' dir='ltr'><strong>Quum</strong></span> <span class='ocrx_word' id='word_1_210' title='bbox 1052 2675 1129 2698; x_wconf 83' lang='lat' dir='ltr'><strong>vero</strong></span> <span class='ocrx_word' id='word_1_211' title='bbox 1144 2666 1217 2698; x_wconf 87' lang='lat' dir='ltr'><strong>talis</strong></span> 
     </span>
     <span class='ocr_line' id='line_1_32' title="bbox 190 2712 955 2753; baseline -0.001 -8"><span class='ocrx_word' id='word_1_212' title='bbox 190 2713 245 2753; x_wconf 88' lang='lat' dir='ltr'><strong>sit,</strong></span> <span class='ocrx_word' id='word_1_213' title='bbox 263 2712 480 2744; x_wconf 82' lang='lat' dir='ltr'><strong>maximorum</strong></span> <span class='ocrx_word' id='word_1_214' title='bbox 493 2712 653 2744; x_wconf 87' lang='lat' dir='ltr'><strong>bonorum</strong></span> <span class='ocrx_word' id='word_1_215' title='bbox 669 2713 764 2745; x_wconf 90' lang='lat' dir='ltr'><strong>nobis</strong></span> <span class='ocrx_word' id='word_1_216' title='bbox 780 2715 830 2745; x_wconf 91' lang='lat' dir='ltr'><strong>est</strong></span> <span class='ocrx_word' id='word_1_217' title='bbox 847 2722 955 2745; x_wconf 82' lang='lat' dir='ltr'><strong>causa.</strong></span> 
     </span>
    </p>

    <p class='ocr_par' dir='ltr' id='par_1_10' title="bbox 190 2759 1216 2839">
     <span class='ocr_line' id='line_1_33' title="bbox 233 2759 1216 2801; baseline 0.001 -10"><span class='ocrx_word' id='word_1_218' title='bbox 233 2759 395 2791; x_wconf 87' lang='lat' dir='ltr'><strong>Hesiodus</strong></span> <span class='ocrx_word' id='word_1_219' title='bbox 418 2762 571 2792; x_wconf 82' lang='lat' dir='ltr'><strong>Amorem</strong></span> <span class='ocrx_word' id='word_1_220' title='bbox 584 2759 665 2793; x_wconf 86' lang='lat' dir='ltr'><strong>Chai</strong></span> <span class='ocrx_word' id='word_1_221' title='bbox 681 2762 712 2793; x_wconf 88' lang='lat' dir='ltr'><strong>et</strong></span> <span class='ocrx_word' id='word_1_222' title='bbox 725 2762 833 2793; x_wconf 86' lang='lat' dir='ltr'><strong>Terrae</strong></span> <span class='ocrx_word' id='word_1_223' title='bbox 843 2784 853 2801; x_wconf 94' lang='lat'><strong>,</strong></span> <span class='ocrx_word' id='word_1_224' title='bbox 870 2760 1041 2792; x_wconf 84' lang='lat' dir='ltr'><strong>Acusilaus</strong></span> <span class='ocrx_word' id='word_1_225' title='bbox 1057 2761 1168 2793; x_wconf 90' lang='lat' dir='ltr'><strong>Noctis</strong></span> <span class='ocrx_word' id='word_1_226' title='bbox 1183 2762 1216 2792; x_wconf 90' lang='lat' dir='ltr'><strong>et</strong></span> 
     </span>
     <span class='ocr_line' id='line_1_34' title="bbox 190 2805 634 2839; baseline 0 -2"><span class='ocrx_word' id='word_1_227' title='bbox 190 2806 333 2838; x_wconf 86' lang='lat' dir='ltr'><strong>AEtheris</strong></span> <span class='ocrx_word' id='word_1_228' title='bbox 347 2805 447 2838; x_wconf 81' lang='lat' dir='ltr'><strong>filium</strong></span> <span class='ocrx_word' id='word_1_229' title='bbox 461 2815 533 2839; x_wconf 89' lang='lat' dir='ltr'><strong>esse</strong></span> <span class='ocrx_word' id='word_1_230' title='bbox 545 2805 634 2839; x_wconf 87' lang='lat' dir='ltr'><strong>dicit.</strong></span> 
     </span>
    </p>

    <p class='ocr_par' dir='ltr' id='par_1_11' title="bbox 191 2852 1218 3130">
     <span class='ocr_line' id='line_1_35' title="bbox 233 2852 1218 2895; baseline 0 -11"><span class='ocrx_word' id='word_1_231' title='bbox 233 2852 405 2884; x_wconf 88' lang='lat' dir='ltr'><strong>Acusilaus</strong></span> <span class='ocrx_word' id='word_1_232' title='bbox 421 2854 528 2886; x_wconf 83' lang='lat' dir='ltr'><strong>Chaos</strong></span> <span class='ocrx_word' id='word_1_233' title='bbox 543 2855 684 2886; x_wconf 81' lang='lat' dir='ltr'><strong>statuere</strong></span> <span class='ocrx_word' id='word_1_234' title='bbox 706 2853 787 2885; x_wconf 93' lang='lat' dir='ltr'><strong>mihi</strong></span> <span class='ocrx_word' id='word_1_235' title='bbox 804 2853 934 2886; x_wconf 86' lang='lat' dir='ltr'><strong>videtur</strong></span> <span class='ocrx_word' id='word_1_236' title='bbox 948 2854 1091 2895; x_wconf 89' lang='lat' dir='ltr'><strong>primum</strong></span> <span class='ocrx_word' id='word_1_237' title='bbox 1110 2862 1218 2885; x_wconf 90' lang='lat' dir='ltr'><strong>rerum</strong></span> 
     </span>
     <span class='ocr_line' id='line_1_36' title="bbox 191 2899 1217 2941; baseline 0 -11"><span class='ocrx_word' id='word_1_238' title='bbox 191 2899 398 2940; x_wconf 84' lang='lat' dir='ltr'><strong>principium,</strong></span> <span class='ocrx_word' id='word_1_239' title='bbox 411 2902 449 2932; x_wconf 90' lang='lat' dir='ltr'><strong>ut</strong></span> <span class='ocrx_word' id='word_1_240' title='bbox 455 2909 589 2941; x_wconf 87' lang='lat' dir='ltr'><strong>prorsus</strong></span> <span class='ocrx_word' id='word_1_241' title='bbox 600 2901 760 2941; x_wconf 80' lang='lat' dir='ltr'><strong>ignotum.</strong></span> <span class='ocrx_word' id='word_1_242' title='bbox 773 2902 852 2933; x_wconf 87' lang='lat' dir='ltr'><strong>Post</strong></span> <span class='ocrx_word' id='word_1_243' title='bbox 862 2901 924 2933; x_wconf 90' lang='lat' dir='ltr'><strong>hoc</strong></span> <span class='ocrx_word' id='word_1_244' title='bbox 934 2910 1035 2934; x_wconf 88' lang='lat' dir='ltr'><strong>unum</strong></span> <span class='ocrx_word' id='word_1_245' title='bbox 1048 2901 1119 2932; x_wconf 82' lang='lat' dir='ltr'><strong>haec</strong></span> <span class='ocrx_word' id='word_1_246' title='bbox 1131 2900 1195 2931; x_wconf 92' lang='lat' dir='ltr'><strong>duo</strong></span> <span class='ocrx_word' id='word_1_247' title='bbox 1207 2909 1217 2930; x_wconf 91' lang='lat'><em>:</em></span> 
     </span>
     <span class='ocr_line' id='line_1_37' title="bbox 194 2945 1218 2988; baseline 0.003 -13"><span class='ocrx_word' id='word_1_248' title='bbox 194 2945 346 2984; x_wconf 86' lang='lat' dir='ltr'><strong>Erebum,</strong></span> <span class='ocrx_word' id='word_1_249' title='bbox 361 2946 556 2987; x_wconf 84' lang='lat' dir='ltr'><strong>principium</strong></span> <span class='ocrx_word' id='word_1_250' title='bbox 571 2946 801 2986; x_wconf 87' lang='lat' dir='ltr'><strong>masculinum,</strong></span> <span class='ocrx_word' id='word_1_251' title='bbox 814 2949 847 2980; x_wconf 89' lang='lat' dir='ltr'><strong>et</strong></span> <span class='ocrx_word' id='word_1_252' title='bbox 858 2948 1005 2987; x_wconf 86' lang='lat' dir='ltr'><strong>Noctem,</strong></span> <span class='ocrx_word' id='word_1_253' title='bbox 1022 2947 1218 2988; x_wconf 88' lang='lat' dir='ltr'><strong>principium</strong></span> 
     </span>
     <span class='ocr_line' id='line_1_38' title="bbox 194 2991 1218 3036; baseline 0.002 -14"><span class='ocrx_word' id='word_1_254' title='bbox 194 2991 384 3024; x_wconf 77' lang='lat' dir='ltr'><strong>femininum</strong></span> <span class='ocrx_word' id='word_1_255' title='bbox 402 3018 411 3033; x_wconf 95' lang='lat'><strong>,</strong></span> <span class='ocrx_word' id='word_1_256' title='bbox 432 2994 493 3025; x_wconf 90' lang='lat' dir='ltr'><strong>hoc</strong></span> <span class='ocrx_word' id='word_1_257' title='bbox 510 3003 569 3035; x_wconf 88' lang='lat' dir='ltr'><strong>pro</strong></span> <span class='ocrx_word' id='word_1_258' title='bbox 585 2994 724 3034; x_wconf 88' lang='lat' dir='ltr'><strong>infinito,</strong></span> <span class='ocrx_word' id='word_1_259' title='bbox 743 2994 823 3026; x_wconf 87' lang='lat' dir='ltr'><strong>illud</strong></span> <span class='ocrx_word' id='word_1_260' title='bbox 837 3004 896 3036; x_wconf 89' lang='lat' dir='ltr'><strong>pro</strong></span> <span class='ocrx_word' id='word_1_261' title='bbox 912 2994 1016 3026; x_wconf 84' lang='lat' dir='ltr'><strong>finito.</strong></span> <span class='ocrx_word' id='word_1_262' title='bbox 1033 2996 1083 3026; x_wconf 86' lang='lat' dir='ltr'><strong>Ex</strong></span> <span class='ocrx_word' id='word_1_263' title='bbox 1102 2994 1218 3025; x_wconf 89' lang='lat' dir='ltr'><strong>horum</strong></span> 
     </span>
     <span class='ocr_line' id='line_1_39' title="bbox 194 3039 1218 3082; baseline 0.003 -14"><span class='ocrx_word' id='word_1_264' title='bbox 194 3039 425 3072; x_wconf 80' lang='lat' dir='ltr'><strong>commixtione</strong></span> <span class='ocrx_word' id='word_1_265' title='bbox 438 3043 526 3073; x_wconf 89' lang='lat' dir='ltr'><strong>ortos</strong></span> <span class='ocrx_word' id='word_1_266' title='bbox 543 3050 613 3073; x_wconf 88' lang='lat' dir='ltr'><strong>esse</strong></span> <span class='ocrx_word' id='word_1_267' title='bbox 629 3041 702 3073; x_wconf 87' lang='lat' dir='ltr'><strong>dico</strong></span> <span class='ocrx_word' id='word_1_268' title='bbox 717 3042 894 3082; x_wconf 87' lang='lat' dir='ltr'><strong>AEtherem,</strong></span> <span class='ocrx_word' id='word_1_269' title='bbox 912 3045 1076 3075; x_wconf 82' lang='lat' dir='ltr'><strong>Amorem,</strong></span> <span class='ocrx_word' id='word_1_270' title='bbox 1098 3040 1218 3072; x_wconf 89' lang='lat' dir='ltr'><strong>Intelli-</strong></span> 
     </span>
     <span class='ocr_line' id='line_1_40' title="bbox 196 3085 1216 3130; baseline 0.003 -15"><span class='ocrx_word' id='word_1_271' title='bbox 196 3085 348 3124; x_wconf 81' lang='lat' dir='ltr'><strong>gentiam,</strong></span> <span class='ocrx_word' id='word_1_272' title='bbox 367 3088 430 3118; x_wconf 83' lang='lat' dir='ltr'><strong>tres</strong></span> <span class='ocrx_word' id='word_1_273' title='bbox 443 3086 526 3128; x_wconf 88' lang='lat' dir='ltr'><strong>illas,</strong></span> <span class='ocrx_word' id='word_1_274' title='bbox 544 3097 619 3128; x_wconf 81' lang='lat' dir='ltr'><strong>quae</strong></span> <span class='ocrx_word' id='word_1_275' title='bbox 635 3089 743 3121; x_wconf 87' lang='lat' dir='ltr'><strong>mente</strong></span> <span class='ocrx_word' id='word_1_276' title='bbox 758 3089 992 3130; x_wconf 87' lang='lat' dir='ltr'><strong>percipiuntur,</strong></span> <span class='ocrx_word' id='word_1_277' title='bbox 1011 3087 1216 3121; x_wconf 76' lang='lat' dir='ltr'><strong>substantias.</strong></span> 
     </span>
    </p>
   </div>
   <div class='ocr_carea' id='block_1_8' title="bbox 195 3149 1219 3334">
    <p class='ocr_par' dir='ltr' id='par_1_12' title="bbox 195 3149 1219 3334">
     <span class='ocr_line' id='line_1_41' title="bbox 689 3149 723 3181; baseline -0.029 0"><span class='ocrx_word' id='word_1_278' title='bbox 689 3149 723 3181; x_wconf 84' lang='lat'><strong>2.</strong></span> 
     </span>
     <span class='ocr_line' id='line_1_42' title="bbox 237 3195 1216 3240; baseline 0.006 -16"><span class='ocrx_word' id='word_1_279' title='bbox 237 3195 347 3233; x_wconf 79' lang='lat' dir='ltr'><strong>Coeus,</strong></span> <span class='ocrx_word' id='word_1_280' title='bbox 361 3197 450 3235; x_wconf 86' lang='lat' dir='ltr'><strong>pater</strong></span> <span class='ocrx_word' id='word_1_281' title='bbox 463 3198 607 3237; x_wconf 81' lang='lat' dir='ltr'><strong>Latonae,</strong></span> <span class='ocrx_word' id='word_1_282' title='bbox 621 3199 668 3230; x_wconf 89' lang='lat' dir='ltr'><strong>sic</strong></span> <span class='ocrx_word' id='word_1_283' title='bbox 681 3199 866 3232; x_wconf 88' lang='lat' dir='ltr'><strong>nominatus</strong></span> <span class='ocrx_word' id='word_1_284' title='bbox 882 3208 901 3232; x_wconf 84' lang='lat' dir='ltr'><strong>a</strong></span> <span class='ocrx_word' id='word_1_285' title='bbox 912 3202 1008 3240; x_wconf 82' lang='grc' dir='ltr'>κοεῖν,</span> <span class='ocrx_word' id='word_1_286' title='bbox 1023 3199 1110 3240; x_wconf 87' lang='lat' dir='ltr'><strong>quod</strong></span> <span class='ocrx_word' id='word_1_287' title='bbox 1131 3199 1216 3231; x_wconf 85' lang='lat' dir='ltr'><strong>idem</strong></span> 
     </span>
     <span class='ocr_line' id='line_1_43' title="bbox 195 3242 1217 3293; baseline 0.006 -21"><span class='ocrx_word' id='word_1_288' title='bbox 195 3242 244 3272; x_wconf 82' lang='lat' dir='ltr'><strong>est</strong></span> <span class='ocrx_word' id='word_1_289' title='bbox 257 3249 294 3293; x_wconf 73' lang='lat' dir='ltr'><strong>ac</strong></span> <span class='ocrx_word' id='word_1_290' title='bbox 307 3245 387 3273; x_wconf 81' lang='grc' dir='ltr'>νοεῖν</span> <span class='ocrx_word' id='word_1_291' title='bbox 400 3247 431 3274; x_wconf 81' lang='lat' dir='ltr'><strong>et</strong></span> <span class='ocrx_word' id='word_1_292' title='bbox 446 3245 580 3276; x_wconf 85' lang='grc' dir='ltr'>συνιέναι</span> <span class='ocrx_word' id='word_1_293' title='bbox 600 3246 610 3285; x_wconf 90' lang='grc'>(</span> <span class='ocrx_word' id='word_1_294' title='bbox 619 3247 712 3286; x_wconf 82' lang='lat' dir='ltr'><strong>scire,</strong></span> <span class='ocrx_word' id='word_1_295' title='bbox 731 3247 925 3288; x_wconf 82' lang='lat' dir='ltr'><strong>intelligere)</strong></span> <span class='ocrx_word' id='word_1_296' title='bbox 938 3271 947 3286; x_wconf 93' lang='lat'><strong>,</strong></span> <span class='ocrx_word' id='word_1_297' title='bbox 964 3248 1008 3279; x_wconf 80' lang='lat' dir='ltr'><strong>ita</strong></span> <span class='ocrx_word' id='word_1_298' title='bbox 1023 3250 1060 3278; x_wconf 80' lang='lat' dir='ltr'><strong>ui.</strong></span> <span class='ocrx_word' id='word_1_299' title='bbox 1077 3250 1162 3283; x_wconf 86' lang='grc' dir='ltr'>κοῖος</span> <span class='ocrx_word' id='word_1_300' title='bbox 1175 3246 1217 3278; x_wconf 86' lang='lat' dir='ltr'><strong>sit</strong></span> 
     </span>
     <span class='ocr_line' id='line_1_44' title="bbox 195 3290 1219 3334; baseline 0.006 -16"><span class='ocrx_word' id='word_1_301' title='bbox 195 3296 288 3327; x_wconf 81' lang='lat' dir='ltr'><strong>quas¹</strong></span> <span class='ocrx_word' id='word_1_302' title='bbox 302 3292 381 3324; x_wconf 86' lang='grc' dir='ltr'>νοῖος</span> <span class='ocrx_word' id='word_1_303' title='bbox 394 3290 562 3329; x_wconf 78' lang='lat' dir='ltr'><strong>prudens,</strong></span> <span class='ocrx_word' id='word_1_304' title='bbox 580 3294 788 3333; x_wconf 70' lang='lat' dir='ltr'><strong>iutelliqens.</strong></span> <span class='ocrx_word' id='word_1_305' title='bbox 803 3297 883 3326; x_wconf 85' lang='lat' dir='ltr'><strong>Nam</strong></span> <span class='ocrx_word' id='word_1_306' title='bbox 899 3294 1008 3326; x_wconf 89' lang='lat' dir='ltr'><strong>AEoles</strong></span> <span class='ocrx_word' id='word_1_307' title='bbox 1022 3294 1110 3326; x_wconf 85' lang='lat' dir='ltr'><strong>litera</strong></span> <span class='ocrx_word' id='word_1_308' title='bbox 1127 3305 1147 3325; x_wconf 80' lang='grc' dir='ltr'>κ</span> <span class='ocrx_word' id='word_1_309' title='bbox 1161 3302 1219 3334; x_wconf 89' lang='lat' dir='ltr'><strong>pro</strong></span> 
     </span>
    </p>
   </div>
   <div class='ocr_carea' id='block_1_9' title="bbox 195 3336 1213 3426">
    <p class='ocr_par' dir='ltr' id='par_1_13' title="bbox 195 3336 1213 3426">
     <span class='ocr_line' id='line_1_45' title="bbox 195 3336 1213 3382; baseline 0.009 -18"><span class='ocrx_word' id='word_1_310' title='bbox 195 3346 210 3364; x_wconf 88' lang='grc' dir='ltr'>ν</span> <span class='ocrx_word' id='word_1_311' title='bbox 227 3337 372 3366; x_wconf 87' lang='lat' dir='ltr'><strong>utuntur.</strong></span> <span class='ocrx_word' id='word_1_312' title='bbox 390 3336 569 3369; x_wconf 84' lang='lat' dir='ltr'><strong>Hesiodus:</strong></span> <span class='ocrx_word' id='word_1_313' title='bbox 585 3340 697 3371; x_wconf 80' lang='lat' dir='ltr'><strong>Coemn</strong></span> <span class='ocrx_word' id='word_1_314' title='bbox 726 3343 760 3372; x_wconf 85' lang='lat' dir='ltr'><strong>et</strong></span> <span class='ocrx_word' id='word_1_315' title='bbox 775 3343 974 3381; x_wconf 72' lang='lat' dir='ltr'><strong>Hyperiona</strong></span> <span class='ocrx_word' id='word_1_316' title='bbox 990 3343 1025 3373; x_wconf 78' lang='lat' dir='ltr'><strong>et</strong></span> <span class='ocrx_word' id='word_1_317' title='bbox 1042 3343 1213 3382; x_wconf 79' lang='lat' dir='ltr'><strong>Iapetum.</strong></span> 
     </span>
     <span class='ocr_line' id='line_1_46' title="bbox 196 3379 1194 3426; baseline 0.01 -17"><span class='ocrx_word' id='word_1_318' title='bbox 196 3379 235 3410; x_wconf 90' lang='lat' dir='ltr'><strong>Hi</strong></span> <span class='ocrx_word' id='word_1_319' title='bbox 249 3388 326 3411; x_wconf 85' lang='lat' dir='ltr'><strong>vero</strong></span> <span class='ocrx_word' id='word_1_320' title='bbox 344 3381 474 3413; x_wconf 78' lang='lat' dir='ltr'><strong>Titanes</strong></span> <span class='ocrx_word' id='word_1_321' title='bbox 490 3385 522 3414; x_wconf 89' lang='lat' dir='ltr'><strong>et</strong></span> <span class='ocrx_word' id='word_1_322' title='bbox 541 3383 703 3416; x_wconf 85' lang='lat' dir='ltr'><strong>Titanides</strong></span> <span class='ocrx_word' id='word_1_323' title='bbox 719 3390 887 3426; x_wconf 87' lang='lat' dir='ltr'><strong>vocantur,</strong></span> <span class='ocrx_word' id='word_1_324' title='bbox 904 3389 939 3418; x_wconf 81' lang='lat' dir='ltr'><strong>ut</strong></span> <span class='ocrx_word' id='word_1_325' title='bbox 954 3387 999 3419; x_wconf 84' lang='lat' dir='ltr'><strong>ait</strong></span> <span class='ocrx_word' id='word_1_326' title='bbox 1016 3387 1194 3419; x_wconf 82' lang='lat' dir='ltr'><strong>Acusilaus.</strong></span> 
     </span>
    </p>
   </div>
   <div class='ocr_carea' id='block_1_10' title="bbox 1268 915 2300 1738">
    <p class='ocr_par' dir='ltr' id='par_1_14' title="bbox 1268 915 2295 1087">
     <span class='ocr_line' id='line_1_47' title="bbox 1268 915 2295 974; baseline 0.007 -20"><span class='ocrx_word' id='word_1_327' title='bbox 1268 916 1298 954; x_wconf 89' lang='grc' dir='ltr'><strong>θ’</strong></span> <span class='ocrx_word' id='word_1_328' title='bbox 1321 915 1508 970; x_wconf 83' lang='grc' dir='ltr'>Ὑπερίονά</span> <span class='ocrx_word' id='word_1_329' title='bbox 1520 918 1551 956; x_wconf 92' lang='grc' dir='ltr'>τ’</span> <span class='ocrx_word' id='word_1_330' title='bbox 1562 917 1719 957; x_wconf 85' lang='grc' dir='ltr'>Ἰαπετόν</span> <span class='ocrx_word' id='word_1_331' title='bbox 1730 934 1768 957; x_wconf 89' lang='grc' dir='ltr'><strong>τε</strong></span> <span class='ocrx_word' id='word_1_332' title='bbox 1783 919 1845 972; x_wconf 87' lang='lat' dir='ltr'><strong>(ex</strong></span> <span class='ocrx_word' id='word_1_333' title='bbox 1858 920 2015 959; x_wconf 87' lang='lat' dir='ltr'><strong>Hesiodi</strong></span> <span class='ocrx_word' id='word_1_334' title='bbox 2025 920 2171 972; x_wconf 84' lang='lat' dir='ltr'><strong>Theog.</strong></span> <span class='ocrx_word' id='word_1_335' title='bbox 2193 935 2208 959; x_wconf 90' lang='lat'>1</span> <span class='ocrx_word' id='word_1_336' title='bbox 2217 921 2295 974; x_wconf 75' lang='lat'><strong>34).</strong></span> 
     </span>
     <span class='ocr_line' id='line_1_48' title="bbox 1269 974 2295 1032; baseline 0.004 -18"><span class='ocrx_word' id='word_1_337' title='bbox 1269 975 1316 1014; x_wconf 78' lang='grc' dir='ltr'><strong>Οἵ</strong></span> <span class='ocrx_word' id='word_1_338' title='bbox 1336 976 1472 1019; x_wconf 80' lang='grc' dir='ltr'>Αἰολεῖς</span> <span class='ocrx_word' id='word_1_339' title='bbox 1491 978 1542 1030; x_wconf 82' lang='grc' dir='ltr'>τῷ</span> <span class='ocrx_word' id='word_1_340' title='bbox 1559 992 1582 1015; x_wconf 91' lang='grc' dir='ltr'>κ</span> <span class='ocrx_word' id='word_1_341' title='bbox 1601 976 1679 1016; x_wconf 83' lang='grc' dir='ltr'>ἀντὶ</span> <span class='ocrx_word' id='word_1_342' title='bbox 1701 981 1761 1016; x_wconf 79' lang='grc' dir='ltr'>τοῦ</span> <span class='ocrx_word' id='word_1_343' title='bbox 1779 994 1796 1017; x_wconf 92' lang='grc' dir='ltr'>ν</span> <span class='ocrx_word' id='word_1_344' title='bbox 1817 978 2019 1032; x_wconf 86' lang='grc' dir='ltr'>κέχρηνται.</span> <span class='ocrx_word' id='word_1_345' title='bbox 2037 974 2148 1019; x_wconf 70' lang='grc' dir='ltr'>Οῧτοι</span> <span class='ocrx_word' id='word_1_346' title='bbox 2169 979 2206 1018; x_wconf 84' lang='grc' dir='ltr'><strong>δὲ</strong></span> <span class='ocrx_word' id='word_1_347' title='bbox 2224 982 2295 1020; x_wconf 87' lang='grc' dir='ltr'><strong>Τι-</strong></span> 
     </span>
     <span class='ocr_line' id='line_1_49' title="bbox 1270 1034 2200 1087; baseline 0.005 -15"><span class='ocrx_word' id='word_1_348' title='bbox 1270 1040 1369 1078; x_wconf 86' lang='grc' dir='ltr'>τᾶνες</span> <span class='ocrx_word' id='word_1_349' title='bbox 1388 1034 1447 1073; x_wconf 82' lang='grc' dir='ltr'>καὶ</span> <span class='ocrx_word' id='word_1_350' title='bbox 1466 1037 1499 1074; x_wconf 88' lang='lat' dir='ltr'><strong>T</strong></span> <span class='ocrx_word' id='word_1_351' title='bbox 1503 1035 1649 1080; x_wconf 85' lang='grc' dir='ltr'>ιτανίδες</span> <span class='ocrx_word' id='word_1_352' title='bbox 1669 1038 1877 1087; x_wconf 73' lang='grc' dir='ltr'>καλοῦνται,</span> <span class='ocrx_word' id='word_1_353' title='bbox 1899 1040 1945 1082; x_wconf 87' lang='grc' dir='ltr'><strong>ὡς</strong></span> <span class='ocrx_word' id='word_1_354' title='bbox 1968 1038 2200 1082; x_wconf 80' lang='grc' dir='ltr'>Ἀκουσίλαος.</span> 
     </span>
    </p>

    <p class='ocr_par' dir='ltr' id='par_1_15' title="bbox 1271 1151 2298 1381">
     <span class='ocr_line' id='line_1_50' title="bbox 1325 1151 2295 1210; baseline 0.003 -19"><span class='ocrx_word' id='word_1_355' title='bbox 1325 1151 1451 1191; x_wconf 89' lang='lat' dir='ltr'><strong>Schol.</strong></span> <span class='ocrx_word' id='word_1_356' title='bbox 1472 1154 1629 1191; x_wconf 88' lang='lat' dir='ltr'><strong>Hesiod.</strong></span> <span class='ocrx_word' id='word_1_357' title='bbox 1653 1156 1799 1206; x_wconf 87' lang='lat' dir='ltr'><strong>Theog.</strong></span> <span class='ocrx_word' id='word_1_358' title='bbox 1818 1157 1907 1203; x_wconf 89' lang='lat'><strong>870,</strong></span> <span class='ocrx_word' id='word_1_359' title='bbox 1931 1170 1969 1207; x_wconf 89' lang='lat' dir='ltr'><strong>p.</strong></span> <span class='ocrx_word' id='word_1_360' title='bbox 1993 1158 2068 1210; x_wconf 81' lang='lat'><strong>269</strong></span> <span class='ocrx_word' id='word_1_361' title='bbox 2084 1171 2125 1194; x_wconf 86' lang='lat' dir='ltr'><strong>a:</strong></span> <span class='ocrx_word' id='word_1_362' title='bbox 2142 1155 2295 1196; x_wconf 84' lang='grc' dir='ltr'>Ἀκουσί-</span> 
     </span>
     <span class='ocr_line' id='line_1_51' title="bbox 1271 1207 2298 1269; baseline 0.007 -22"><span class='ocrx_word' id='word_1_363' title='bbox 1271 1211 1353 1253; x_wconf 91' lang='grc' dir='ltr'>λαος</span> <span class='ocrx_word' id='word_1_364' title='bbox 1371 1216 1462 1263; x_wconf 87' lang='grc' dir='ltr'>τρεῖς</span> <span class='ocrx_word' id='word_1_365' title='bbox 1487 1211 1634 1263; x_wconf 82' lang='grc' dir='ltr'>ἀνέμους</span> <span class='ocrx_word' id='word_1_366' title='bbox 1652 1207 1740 1251; x_wconf 75' lang='grc' dir='ltr'>εἶναι</span> <span class='ocrx_word' id='word_1_367' title='bbox 1760 1214 1844 1268; x_wconf 77' lang='grc' dir='ltr'>φησὶ</span> <span class='ocrx_word' id='word_1_368' title='bbox 1868 1213 1959 1253; x_wconf 84' lang='grc' dir='ltr'>κατὰ</span> <span class='ocrx_word' id='word_1_369' title='bbox 1979 1214 2158 1267; x_wconf 77' lang='grc' dir='ltr'>Ἡσίοδον,</span> <span class='ocrx_word' id='word_1_370' title='bbox 2176 1218 2298 1269; x_wconf 80' lang='grc' dir='ltr'>βορᾶν,</span> 
     </span>
     <span class='ocr_line' id='line_1_52' title="bbox 1273 1267 2298 1327; baseline 0.008 -22"><span class='ocrx_word' id='word_1_371' title='bbox 1273 1267 1429 1322; x_wconf 85' lang='grc' dir='ltr'>ζέφυρον,</span> <span class='ocrx_word' id='word_1_372' title='bbox 1445 1269 1506 1308; x_wconf 80' lang='grc' dir='ltr'>καὶ</span> <span class='ocrx_word' id='word_1_373' title='bbox 1525 1270 1635 1309; x_wconf 89' lang='grc' dir='ltr'>νότον.</span> <span class='ocrx_word' id='word_1_374' title='bbox 1656 1273 1731 1310; x_wconf 78' lang='grc' dir='ltr'><strong>Τοῦ</strong></span> <span class='ocrx_word' id='word_1_375' title='bbox 1750 1272 1817 1326; x_wconf 79' lang='grc' dir='ltr'><strong>γὰρ</strong></span> <span class='ocrx_word' id='word_1_376' title='bbox 1836 1272 1981 1326; x_wconf 81' lang='grc' dir='ltr'>ζεφύρου</span> <span class='ocrx_word' id='word_1_377' title='bbox 2004 1274 2160 1312; x_wconf 85' lang='grc' dir='ltr'>ἐπίθετον</span> <span class='ocrx_word' id='word_1_378' title='bbox 2178 1273 2219 1312; x_wconf 85' lang='grc' dir='ltr'>τὸ</span> <span class='ocrx_word' id='word_1_379' title='bbox 2238 1275 2298 1327; x_wconf 83' lang='grc' dir='ltr'><strong>ἀρ-</strong></span> 
     </span>
     <span class='ocr_line' id='line_1_53' title="bbox 1272 1325 1531 1381; baseline 0.015 -17"><span class='ocrx_word' id='word_1_380' title='bbox 1272 1325 1400 1378; x_wconf 88' lang='grc' dir='ltr'>γέστην</span> <span class='ocrx_word' id='word_1_381' title='bbox 1416 1328 1531 1381; x_wconf 86' lang='grc' dir='ltr'>φησίν.</span> 
     </span>
    </p>

    <p class='ocr_par' dir='ltr' id='par_1_16' title="bbox 1273 1446 2300 1738">
     <span class='ocr_line' id='line_1_54' title="bbox 1327 1446 2299 1503; baseline 0.005 -20"><span class='ocrx_word' id='word_1_382' title='bbox 1327 1446 1450 1484; x_wconf 88' lang='lat' dir='ltr'><strong>Schol.</strong></span> <span class='ocrx_word' id='word_1_383' title='bbox 1472 1447 1659 1486; x_wconf 81' lang='lat' dir='ltr'><strong>Nicandri</strong></span> <span class='ocrx_word' id='word_1_384' title='bbox 1677 1449 1854 1488; x_wconf 81' lang='lat' dir='ltr'><strong>Theriac.</strong></span> <span class='ocrx_word' id='word_1_385' title='bbox 1874 1463 1910 1488; x_wconf 88' lang='lat' dir='ltr'><strong>v.</strong></span> <span class='ocrx_word' id='word_1_386' title='bbox 1933 1464 1949 1487; x_wconf 90' lang='lat'><strong>1</strong></span> <span class='ocrx_word' id='word_1_387' title='bbox 1961 1463 1993 1498; x_wconf 92' lang='lat'><strong>1,</strong></span> <span class='ocrx_word' id='word_1_388' title='bbox 2009 1463 2047 1501; x_wconf 89' lang='lat' dir='ltr'><strong>p.</strong></span> <span class='ocrx_word' id='word_1_389' title='bbox 2069 1451 2092 1487; x_wconf 93' lang='lat'>6</span> <span class='ocrx_word' id='word_1_390' title='bbox 2108 1464 2115 1486; x_wconf 92' lang='lat'><strong>:</strong></span> <span class='ocrx_word' id='word_1_391' title='bbox 2129 1449 2219 1503; x_wconf 83' lang='grc' dir='ltr'>Περὶ</span> <span class='ocrx_word' id='word_1_392' title='bbox 2237 1453 2299 1498; x_wconf 78' lang='grc' dir='ltr'>τῆς</span> 
     </span>
     <span class='ocr_line' id='line_1_55' title="bbox 1273 1504 2298 1561; baseline 0.006 -19"><span class='ocrx_word' id='word_1_393' title='bbox 1273 1505 1342 1542; x_wconf 80' lang='grc' dir='ltr'><strong>τῶν</strong></span> <span class='ocrx_word' id='word_1_394' title='bbox 1363 1504 1559 1544; x_wconf 84' lang='grc' dir='ltr'>δακνόντων</span> <span class='ocrx_word' id='word_1_395' title='bbox 1585 1507 1713 1561; x_wconf 86' lang='grc' dir='ltr'>θηρίων</span> <span class='ocrx_word' id='word_1_396' title='bbox 1741 1508 1925 1560; x_wconf 87' lang='grc' dir='ltr'>γενέσεως,</span> <span class='ocrx_word' id='word_1_397' title='bbox 1953 1507 2007 1547; x_wconf 74' lang='grc' dir='ltr'>ὅτι</span> <span class='ocrx_word' id='word_1_398' title='bbox 2029 1507 2123 1548; x_wconf 77' lang='grc' dir='ltr'>ἐστὶν</span> <span class='ocrx_word' id='word_1_399' title='bbox 2151 1511 2191 1548; x_wconf 83' lang='grc' dir='ltr'><strong>ἐκ</strong></span> <span class='ocrx_word' id='word_1_400' title='bbox 2229 1512 2298 1548; x_wconf 84' lang='grc' dir='ltr'><strong>τῶν</strong></span> 
     </span>
     <span class='ocr_line' id='line_1_56' title="bbox 1273 1561 2300 1622; baseline 0.006 -20"><span class='ocrx_word' id='word_1_401' title='bbox 1273 1561 1434 1602; x_wconf 87' lang='grc' dir='ltr'>Τιτάνων</span> <span class='ocrx_word' id='word_1_402' title='bbox 1468 1569 1528 1603; x_wconf 81' lang='grc' dir='ltr'>τοῦ</span> <span class='ocrx_word' id='word_1_403' title='bbox 1562 1564 1731 1617; x_wconf 77' lang='grc' dir='ltr'>αἵματος,</span> <span class='ocrx_word' id='word_1_404' title='bbox 1765 1567 1863 1621; x_wconf 77' lang='grc' dir='ltr'>παρὰ</span> <span class='ocrx_word' id='word_1_405' title='bbox 1899 1566 1961 1619; x_wconf 81' lang='grc' dir='ltr'>μὲν</span> <span class='ocrx_word' id='word_1_406' title='bbox 1986 1569 2036 1622; x_wconf 81' lang='grc' dir='ltr'>τῷ</span> <span class='ocrx_word' id='word_1_407' title='bbox 2055 1567 2208 1622; x_wconf 83' lang='grc' dir='ltr'>Ἡσιόδῳ</span> <span class='ocrx_word' id='word_1_408' title='bbox 2238 1571 2300 1608; x_wconf 78' lang='grc' dir='ltr'><strong>οὐκ</strong></span> 
     </span>
     <span class='ocr_line' id='line_1_57' title="bbox 1275 1620 2299 1681; baseline 0.007 -22"><span class='ocrx_word' id='word_1_409' title='bbox 1275 1620 1368 1660; x_wconf 83' lang='grc' dir='ltr'>ἔστιν</span> <span class='ocrx_word' id='word_1_410' title='bbox 1391 1625 1519 1675; x_wconf 81' lang='grc' dir='ltr'>εὑρεῖν·</span> <span class='ocrx_word' id='word_1_411' title='bbox 1540 1623 1761 1670; x_wconf 85' lang='grc' dir='ltr'>Ἀκουσίλαος</span> <span class='ocrx_word' id='word_1_412' title='bbox 1789 1626 1827 1665; x_wconf 86' lang='grc' dir='ltr'><strong>δέ</strong></span> <span class='ocrx_word' id='word_1_413' title='bbox 1859 1642 1963 1681; x_wconf 84' lang='grc' dir='ltr'>φησιν</span> <span class='ocrx_word' id='word_1_414' title='bbox 1991 1627 2032 1665; x_wconf 80' lang='grc' dir='ltr'><strong>ἐκ</strong></span> <span class='ocrx_word' id='word_1_415' title='bbox 2062 1631 2124 1666; x_wconf 75' lang='grc' dir='ltr'>τοῦ</span> <span class='ocrx_word' id='word_1_416' title='bbox 2151 1625 2299 1679; x_wconf 75' lang='grc' dir='ltr'>αἵματος</span> 
     </span>
     <span class='ocr_line' id='line_1_58' title="bbox 1273 1683 2095 1738; baseline 0.007 -20"><span class='ocrx_word' id='word_1_417' title='bbox 1273 1685 1335 1719; x_wconf 82' lang='grc' dir='ltr'>τοῦ</span> <span class='ocrx_word' id='word_1_418' title='bbox 1352 1683 1519 1735; x_wconf 81' lang='grc' dir='ltr'>Τυφῶνος</span> <span class='ocrx_word' id='word_1_419' title='bbox 1536 1683 1652 1722; x_wconf 87' lang='grc' dir='ltr'>πάντα</span> <span class='ocrx_word' id='word_1_420' title='bbox 1669 1683 1714 1722; x_wconf 85' lang='grc' dir='ltr'>τὰ</span> <span class='ocrx_word' id='word_1_421' title='bbox 1733 1685 1903 1724; x_wconf 88' lang='grc' dir='ltr'>δάκνοντα</span> <span class='ocrx_word' id='word_1_422' title='bbox 1923 1685 2095 1738; x_wconf 87' lang='grc' dir='ltr'>γενέσθαι.</span> 
     </span>
    </p>
   </div>
   <div class='ocr_carea' id='block_1_11' title="bbox 1274 1745 2302 2154">
    <p class='ocr_par' dir='ltr' id='par_1_17' title="bbox 1274 1745 2300 1972">
     <span class='ocr_line' id='line_1_59' title="bbox 1329 1745 2300 1858; baseline 0.008 -22"><span class='ocrx_word' id='word_1_423' title='bbox 1329 1800 1455 1837; x_wconf 88' lang='lat' dir='ltr'><strong>Schol.</strong></span> <span class='ocrx_word' id='word_1_424' title='bbox 1479 1801 1660 1852; x_wconf 87' lang='lat' dir='ltr'><strong>Apollon.</strong></span> <span class='ocrx_word' id='word_1_425' title='bbox 1679 1806 1748 1851; x_wconf 91' lang='lat' dir='ltr'><strong>IV,</strong></span> <span class='ocrx_word' id='word_1_426' title='bbox 1764 1745 1839 1841; x_wconf 43' lang='lat'>{3528</span> <span class='ocrx_word' id='word_1_427' title='bbox 1860 1818 1869 1840; x_wconf 89' lang='lat'>:</span> <span class='ocrx_word' id='word_1_428' title='bbox 1889 1803 2110 1848; x_wconf 81' lang='grc' dir='ltr'>Ἀκουσίλαος</span> <span class='ocrx_word' id='word_1_429' title='bbox 2119 1804 2300 1858; x_wconf 85' lang='grc' dir='ltr'>Φόρκυνος</span> 
     </span>
     <span class='ocr_line' id='line_1_60' title="bbox 1275 1857 2300 1915; baseline 0.007 -20"><span class='ocrx_word' id='word_1_430' title='bbox 1275 1857 1335 1895; x_wconf 80' lang='grc' dir='ltr'>καὶ</span> <span class='ocrx_word' id='word_1_431' title='bbox 1352 1857 1505 1906; x_wconf 84' lang='grc' dir='ltr'>Ἑκάτης</span> <span class='ocrx_word' id='word_1_432' title='bbox 1531 1858 1594 1906; x_wconf 87' lang='grc' dir='ltr'><strong>τὴν</strong></span> <span class='ocrx_word' id='word_1_433' title='bbox 1615 1860 1776 1899; x_wconf 82' lang='grc' dir='ltr'>Σκύλλαν</span> <span class='ocrx_word' id='word_1_434' title='bbox 1796 1861 1903 1913; x_wconf 84' lang='grc' dir='ltr'>λέγει.</span> <span class='ocrx_word' id='word_1_435' title='bbox 1991 1862 2052 1902; x_wconf 83' lang='grc' dir='ltr'>Ἐν</span> <span class='ocrx_word' id='word_1_436' title='bbox 2076 1862 2112 1901; x_wconf 80' lang='grc' dir='ltr'><strong>δὲ</strong></span> <span class='ocrx_word' id='word_1_437' title='bbox 2145 1869 2220 1908; x_wconf 87' lang='grc' dir='ltr'>ταῖς</span> <span class='ocrx_word' id='word_1_438' title='bbox 2239 1879 2300 1915; x_wconf 79' lang='grc' dir='ltr'><strong>με·</strong></span> 
     </span>
     <span class='ocr_line' id='line_1_61' title="bbox 1274 1914 2246 1972; baseline 0.007 -19"><span class='ocrx_word' id='word_1_439' title='bbox 1274 1914 1399 1967; x_wconf 87' lang='grc' dir='ltr'>γάλαις</span> <span class='ocrx_word' id='word_1_440' title='bbox 1418 1916 1552 1961; x_wconf 86' lang='grc' dir='ltr'>Ἠοίαις</span> <span class='ocrx_word' id='word_1_441' title='bbox 1565 1917 1772 1972; x_wconf 71' lang='grc' dir='ltr'>Φόρὸαντος</span> <span class='ocrx_word' id='word_1_442' title='bbox 1795 1920 1855 1959; x_wconf 73' lang='grc' dir='ltr'>καὶ</span> <span class='ocrx_word' id='word_1_443' title='bbox 1875 1919 2033 1968; x_wconf 70' lang='grc' dir='ltr'><strong>εΕκάτης</strong></span> <span class='ocrx_word' id='word_1_444' title='bbox 2045 1924 2068 1968; x_wconf 84' lang='grc' dir='ltr'>ἡ</span> <span class='ocrx_word' id='word_1_445' title='bbox 2089 1921 2246 1961; x_wconf 85' lang='grc' dir='ltr'>Σκύλλα.</span> 
     </span>
    </p>

    <p class='ocr_par' dir='ltr' id='par_1_18' title="bbox 1276 1979 2302 2154">
     <span class='ocr_line' id='line_1_62' title="bbox 1329 1979 2301 2091; baseline 0.007 -20"><span class='ocrx_word' id='word_1_446' title='bbox 1329 2035 1470 2072; x_wconf 87' lang='lat' dir='ltr'><strong>Strabo</strong></span> <span class='ocrx_word' id='word_1_447' title='bbox 1482 2038 1533 2083; x_wconf 92' lang='lat' dir='ltr'><strong>X,</strong></span> <span class='ocrx_word' id='word_1_448' title='bbox 1556 2049 1594 2087; x_wconf 90' lang='lat' dir='ltr'><strong>p.</strong></span> <span class='ocrx_word' id='word_1_449' title='bbox 1619 2043 1710 2085; x_wconf 77' lang='lat'><strong>472,</strong></span> <span class='ocrx_word' id='word_1_450' title='bbox 1733 1979 2030 2082; x_wconf 50' lang='grc' dir='ltr'>Βίξ.Ἀκουσίλαος</span> <span class='ocrx_word' id='word_1_451' title='bbox 2045 2041 2063 2076; x_wconf 79' lang='grc' dir='ltr'>ὁ</span> <span class='ocrx_word' id='word_1_452' title='bbox 2085 2038 2236 2091; x_wconf 86' lang='grc' dir='ltr'>Ἀργεῖος</span> <span class='ocrx_word' id='word_1_453' title='bbox 2260 2039 2301 2078; x_wconf 82' lang='grc' dir='ltr'><strong>ἐκ</strong></span> 
     </span>
     <span class='ocr_line' id='line_1_63' title="bbox 1276 2090 2302 2154; baseline 0.008 -26"><span class='ocrx_word' id='word_1_454' title='bbox 1276 2090 1453 2146; x_wconf 74' lang='grc' dir='ltr'>Καὸείρης</span> <span class='ocrx_word' id='word_1_455' title='bbox 1471 2092 1743 2154; x_wconf 41' lang='grc' dir='ltr'>καῖ-,Ἡφαίστου</span> <span class='ocrx_word' id='word_1_456' title='bbox 1757 2096 1915 2148; x_wconf 85' lang='grc' dir='ltr'>Κάμιλον</span> <span class='ocrx_word' id='word_1_457' title='bbox 1929 2096 2035 2149; x_wconf 88' lang='grc' dir='ltr'>λέγει.</span> <span class='ocrx_word' id='word_1_458' title='bbox 2049 2099 2123 2136; x_wconf 82' lang='grc' dir='ltr'><strong>Τοῦ</strong></span> <span class='ocrx_word' id='word_1_459' title='bbox 2136 2095 2192 2145; x_wconf 79' lang='grc' dir='ltr'><strong>δὲ,</strong></span> <span class='ocrx_word' id='word_1_460' title='bbox 2211 2102 2302 2150; x_wconf 87' lang='grc' dir='ltr'>τρεῖς</span> 
     </span>
    </p>
   </div>
   <div class='ocr_carea' id='block_1_12' title="bbox 1276 2148 2299 2263">
    <p class='ocr_par' dir='ltr' id='par_1_19' title="bbox 1276 2148 2299 2263">
     <span class='ocr_line' id='line_1_64' title="bbox 1277 2148 2299 2210; baseline 0.006 -23"><span class='ocrx_word' id='word_1_461' title='bbox 1277 2148 1492 2204; x_wconf 72' lang='grc' dir='ltr'>Καδείρους,</span> <span class='ocrx_word' id='word_1_462' title='bbox 1518 2155 1566 2191; x_wconf 87' lang='grc' dir='ltr'>ὡν</span> <span class='ocrx_word' id='word_1_463' title='bbox 1601 2153 1752 2207; x_wconf 76' lang='grc' dir='ltr'>Νύμφας</span> <span class='ocrx_word' id='word_1_464' title='bbox 1778 2155 2012 2210; x_wconf 76' lang='grc' dir='ltr'>Καὸειράδας.</span> <span class='ocrx_word' id='word_1_465' title='bbox 2041 2160 2087 2196; x_wconf 89' lang='lat' dir='ltr'><strong>V.</strong></span> <span class='ocrx_word' id='word_1_466' title='bbox 2111 2157 2299 2196; x_wconf 84' lang='lat' dir='ltr'><strong>Welcker.</strong></span> 
     </span>
     <span class='ocr_line' id='line_1_65' title="bbox 1276 2209 1721 2263; baseline 0.016 -18"><span class='ocrx_word' id='word_1_467' title='bbox 1276 2209 1368 2247; x_wconf 86' lang='lat' dir='ltr'><strong>Tril.</strong></span> <span class='ocrx_word' id='word_1_468' title='bbox 1390 2211 1558 2262; x_wconf 90' lang='lat' dir='ltr'><strong>AEschyl.</strong></span> <span class='ocrx_word' id='word_1_469' title='bbox 1571 2226 1609 2263; x_wconf 91' lang='lat' dir='ltr'><strong>p.</strong></span> <span class='ocrx_word' id='word_1_470' title='bbox 1633 2226 1721 2263; x_wconf 81' lang='lat'><strong>219.</strong></span> 
     </span>
    </p>
   </div>
   <div class='ocr_carea' id='block_1_13' title="bbox 1332 2271 2302 2381">
    <p class='ocr_par' dir='ltr' id='par_1_20' title="bbox 1332 2271 2302 2381">
     <span class='ocr_line' id='line_1_66' title="bbox 1332 2271 2302 2381; baseline 0.006 -18"><span class='ocrx_word' id='word_1_471' title='bbox 1332 2327 1483 2366; x_wconf 87' lang='lat' dir='ltr'><strong>Scholia</strong></span> <span class='ocrx_word' id='word_1_472' title='bbox 1502 2333 1658 2369; x_wconf 84' lang='lat' dir='ltr'><strong>Homer.</strong></span> <span class='ocrx_word' id='word_1_473' title='bbox 1676 2331 1724 2368; x_wconf 87' lang='lat' dir='ltr'><strong>ad</strong></span> <span class='ocrx_word' id='word_1_474' title='bbox 1744 2271 1882 2381; x_wconf 52' lang='lat' dir='ltr'><strong>Oilyss.</strong></span> <span class='ocrx_word' id='word_1_475' title='bbox 1908 2332 1959 2377; x_wconf 92' lang='lat' dir='ltr'><strong>K,</strong></span> <span class='ocrx_word' id='word_1_476' title='bbox 1977 2344 2013 2380; x_wconf 83' lang='lat'><strong>2,</strong></span> <span class='ocrx_word' id='word_1_477' title='bbox 2028 2344 2050 2370; x_wconf 89' lang='lat' dir='ltr'><strong>a</strong></span> <span class='ocrx_word' id='word_1_478' title='bbox 2068 2334 2302 2370; x_wconf 87' lang='lat' dir='ltr'><strong>Buttmanno</strong></span> 
     </span>
    </p>
   </div>
   <div class='ocr_carea' id='block_1_14' title="bbox 1277 2523 2303 2949">
    <p class='ocr_par' dir='ltr' id='par_1_21' title="bbox 1277 2523 2301 2708">
     <span class='ocr_line' id='line_1_67' title="bbox 1322 2523 2300 2558; baseline -0.003 0"><span class='ocrx_word' id='word_1_479' title='bbox 1322 2525 1491 2558; x_wconf 85' lang='lat' dir='ltr'><strong>Acusilaus</strong></span> <span class='ocrx_word' id='word_1_480' title='bbox 1506 2527 1571 2556; x_wconf 84' lang='lat' dir='ltr'><strong>tres</strong></span> <span class='ocrx_word' id='word_1_481' title='bbox 1586 2526 1702 2556; x_wconf 87' lang='lat' dir='ltr'><strong>ventos</strong></span> <span class='ocrx_word' id='word_1_482' title='bbox 1718 2532 1789 2555; x_wconf 90' lang='lat' dir='ltr'><strong>esse</strong></span> <span class='ocrx_word' id='word_1_483' title='bbox 1811 2523 1890 2555; x_wconf 89' lang='lat' dir='ltr'><strong>dicit</strong></span> <span class='ocrx_word' id='word_1_484' title='bbox 1902 2523 2082 2555; x_wconf 89' lang='lat' dir='ltr'><strong>secundum</strong></span> <span class='ocrx_word' id='word_1_485' title='bbox 2094 2523 2272 2556; x_wconf 79' lang='lat' dir='ltr'><strong>Hesiodum</strong></span> <span class='ocrx_word' id='word_1_486' title='bbox 2290 2532 2300 2555; x_wconf 69' lang='grc' dir='ltr'><strong><em>ι</em></strong></span> 
     </span>
     <span class='ocr_line' id='line_1_68' title="bbox 1277 2569 2299 2613; baseline -0.003 -8"><span class='ocrx_word' id='word_1_487' title='bbox 1277 2573 1422 2611; x_wconf 85' lang='lat' dir='ltr'><strong>boream,</strong></span> <span class='ocrx_word' id='word_1_488' title='bbox 1440 2572 1629 2613; x_wconf 85' lang='lat' dir='ltr'><strong>zephyrum,</strong></span> <span class='ocrx_word' id='word_1_489' title='bbox 1645 2573 1773 2603; x_wconf 86' lang='lat' dir='ltr'><strong>notum.</strong></span> <span class='ocrx_word' id='word_1_490' title='bbox 1788 2572 1869 2602; x_wconf 81' lang='lat' dir='ltr'><strong>Nam</strong></span> <span class='ocrx_word' id='word_1_491' title='bbox 1884 2570 2036 2613; x_wconf 85' lang='grc' dir='ltr'>ἀργέστην</span> <span class='ocrx_word' id='word_1_492' title='bbox 2060 2570 2228 2611; x_wconf 87' lang='lat' dir='ltr'><strong>(velocem,</strong></span> <span class='ocrx_word' id='word_1_493' title='bbox 2246 2569 2299 2602; x_wconf 78' lang='lat' dir='ltr'><strong>vel</strong></span> 
     </span>
     <span class='ocr_line' id='line_1_69' title="bbox 1278 2616 2301 2659; baseline -0.002 -8"><span class='ocrx_word' id='word_1_494' title='bbox 1278 2620 1399 2658; x_wconf 84' lang='lat' dir='ltr'><strong>album,</strong></span> <span class='ocrx_word' id='word_1_495' title='bbox 1413 2619 1433 2650; x_wconf 93' lang='lat' dir='ltr'><strong>i.</strong></span> <span class='ocrx_word' id='word_1_496' title='bbox 1448 2628 1476 2651; x_wconf 90' lang='lat' dir='ltr'><strong>e.</strong></span> <span class='ocrx_word' id='word_1_497' title='bbox 1491 2618 1580 2650; x_wconf 85' lang='lat' dir='ltr'><strong>albas</strong></span> <span class='ocrx_word' id='word_1_498' title='bbox 1599 2617 1702 2650; x_wconf 87' lang='lat' dir='ltr'><strong>nubes</strong></span> <span class='ocrx_word' id='word_1_499' title='bbox 1714 2618 1748 2650; x_wconf 94' lang='lat' dir='ltr'><strong>in</strong></span> <span class='ocrx_word' id='word_1_500' title='bbox 1763 2618 1845 2650; x_wconf 86' lang='lat' dir='ltr'><strong>coelo</strong></span> <span class='ocrx_word' id='word_1_501' title='bbox 1860 2617 2096 2659; x_wconf 83' lang='lat' dir='ltr'><strong>congerentem)</strong></span> <span class='ocrx_word' id='word_1_502' title='bbox 2110 2618 2156 2650; x_wconf 88' lang='lat' dir='ltr'><strong>ait</strong></span> <span class='ocrx_word' id='word_1_503' title='bbox 2170 2616 2301 2659; x_wconf 83' lang='lat' dir='ltr'><strong>zephyri</strong></span> 
     </span>
     <span class='ocr_line' id='line_1_70' title="bbox 1280 2667 1546 2708; baseline -0.008 -9"><span class='ocrx_word' id='word_1_504' title='bbox 1280 2667 1445 2708; x_wconf 88' lang='lat' dir='ltr'><strong>epitheton</strong></span> <span class='ocrx_word' id='word_1_505' title='bbox 1464 2675 1546 2698; x_wconf 89' lang='lat' dir='ltr'><strong>esse.</strong></span> 
     </span>
    </p>

    <p class='ocr_par' dir='ltr' id='par_1_22' title="bbox 1278 2767 2303 2949">
     <span class='ocr_line' id='line_1_71' title="bbox 1321 2767 2301 2811; baseline -0.003 -8"><span class='ocrx_word' id='word_1_506' title='bbox 1321 2770 1482 2804; x_wconf 84' lang='lat' dir='ltr'><strong>Animalia</strong></span> <span class='ocrx_word' id='word_1_507' title='bbox 1495 2794 1504 2810; x_wconf 98' lang='lat'><strong>,</strong></span> <span class='ocrx_word' id='word_1_508' title='bbox 1520 2778 1595 2811; x_wconf 79' lang='lat' dir='ltr'><strong>quae</strong></span> <span class='ocrx_word' id='word_1_509' title='bbox 1614 2778 1726 2802; x_wconf 92' lang='lat' dir='ltr'><strong>morsu</strong></span> <span class='ocrx_word' id='word_1_510' title='bbox 1740 2770 1900 2802; x_wconf 82' lang='lat' dir='ltr'><strong>venenato</strong></span> <span class='ocrx_word' id='word_1_511' title='bbox 1915 2767 2040 2801; x_wconf 85' lang='lat' dir='ltr'><strong>laedunt</strong></span> <span class='ocrx_word' id='word_1_512' title='bbox 2051 2791 2062 2808; x_wconf 89' lang='lat'><strong>,</strong></span> <span class='ocrx_word' id='word_1_513' title='bbox 2081 2777 2121 2801; x_wconf 79' lang='lat' dir='ltr'><strong>ex</strong></span> <span class='ocrx_word' id='word_1_514' title='bbox 2147 2768 2301 2801; x_wconf 83' lang='lat' dir='ltr'><strong>Titanum</strong></span> 
     </span>
     <span class='ocr_line' id='line_1_72' title="bbox 1278 2815 2303 2859; baseline -0.001 -9"><span class='ocrx_word' id='word_1_515' title='bbox 1278 2818 1433 2859; x_wconf 85' lang='lat' dir='ltr'><strong>sanguine</strong></span> <span class='ocrx_word' id='word_1_516' title='bbox 1446 2820 1516 2850; x_wconf 89' lang='lat' dir='ltr'><strong>orta</strong></span> <span class='ocrx_word' id='word_1_517' title='bbox 1531 2826 1603 2850; x_wconf 91' lang='lat' dir='ltr'><strong>esse</strong></span> <span class='ocrx_word' id='word_1_518' title='bbox 1615 2826 1681 2849; x_wconf 91' lang='lat' dir='ltr'><strong>non</strong></span> <span class='ocrx_word' id='word_1_519' title='bbox 1693 2817 1810 2857; x_wconf 87' lang='lat' dir='ltr'><strong>legitur</strong></span> <span class='ocrx_word' id='word_1_520' title='bbox 1825 2816 1912 2857; x_wconf 90' lang='lat' dir='ltr'><strong>apud</strong></span> <span class='ocrx_word' id='word_1_521' title='bbox 1924 2815 2117 2856; x_wconf 64' lang='lat' dir='ltr'><strong>Hesiodum</strong></span> <span class='ocrx_word' id='word_1_522' title='bbox 2133 2815 2303 2849; x_wconf 70' lang='lat' dir='ltr'><strong>Acusilaun</strong></span> 
     </span>
     <span class='ocr_line' id='line_1_73' title="bbox 1278 2862 2300 2906; baseline -0.001 -10"><span class='ocrx_word' id='word_1_523' title='bbox 1278 2874 1356 2897; x_wconf 79' lang='lat' dir='ltr'><strong>vero</strong></span> <span class='ocrx_word' id='word_1_524' title='bbox 1371 2874 1412 2898; x_wconf 85' lang='lat' dir='ltr'><strong>ex</strong></span> <span class='ocrx_word' id='word_1_525' title='bbox 1427 2865 1593 2906; x_wconf 85' lang='lat' dir='ltr'><strong>Typhonis</strong></span> <span class='ocrx_word' id='word_1_526' title='bbox 1612 2863 1767 2904; x_wconf 86' lang='lat' dir='ltr'><strong>sanguine</strong></span> <span class='ocrx_word' id='word_1_527' title='bbox 1789 2863 1899 2895; x_wconf 90' lang='lat' dir='ltr'><strong>omnia</strong></span> <span class='ocrx_word' id='word_1_528' title='bbox 1914 2862 2076 2904; x_wconf 86' lang='lat' dir='ltr'><strong>animalia,</strong></span> <span class='ocrx_word' id='word_1_529' title='bbox 2097 2872 2172 2904; x_wconf 79' lang='lat' dir='ltr'><strong>quac</strong></span> <span class='ocrx_word' id='word_1_530' title='bbox 2190 2869 2300 2895; x_wconf 82' lang='lat' dir='ltr'><strong>morsu</strong></span> 
     </span>
     <span class='ocr_line' id='line_1_74' title="bbox 1280 2910 1741 2949; baseline -0.007 -5"><span class='ocrx_word' id='word_1_531' title='bbox 1280 2912 1462 2949; x_wconf 85' lang='lat' dir='ltr'><strong>vulnerant,</strong></span> <span class='ocrx_word' id='word_1_532' title='bbox 1480 2912 1556 2943; x_wconf 86' lang='lat' dir='ltr'><strong>nata</strong></span> <span class='ocrx_word' id='word_1_533' title='bbox 1570 2919 1641 2943; x_wconf 89' lang='lat' dir='ltr'><strong>esse</strong></span> <span class='ocrx_word' id='word_1_534' title='bbox 1653 2910 1741 2942; x_wconf 83' lang='lat' dir='ltr'><strong>dicit.</strong></span> 
     </span>
    </p>
   </div>
   <div class='ocr_carea' id='block_1_15' title="bbox 1770 2971 1806 3003">
    <p class='ocr_par' dir='ltr' id='par_1_23' title="bbox 1770 2971 1806 3003">
     <span class='ocr_line' id='line_1_75' title="bbox 1770 2971 1806 3003; baseline -0.028 0"><span class='ocrx_word' id='word_1_535' title='bbox 1770 2971 1806 3003; x_wconf 88' lang='lat'><strong>5.</strong></span> 
     </span>
    </p>
   </div>
   <div class='ocr_carea' id='block_1_16' title="bbox 1278 3019 2303 3149">
    <p class='ocr_par' dir='ltr' id='par_1_24' title="bbox 1278 3019 2303 3149">
     <span class='ocr_line' id='line_1_76' title="bbox 1320 3019 2302 3062; baseline -0.002 -8"><span class='ocrx_word' id='word_1_536' title='bbox 1320 3023 1487 3055; x_wconf 87' lang='lat' dir='ltr'><strong>Acusilaus</strong></span> <span class='ocrx_word' id='word_1_537' title='bbox 1503 3021 1639 3062; x_wconf 81' lang='lat' dir='ltr'><strong>Scyllam</strong></span> <span class='ocrx_word' id='word_1_538' title='bbox 1654 3021 1832 3062; x_wconf 84' lang='lat' dir='ltr'><strong>Phorcynis</strong></span> <span class='ocrx_word' id='word_1_539' title='bbox 1845 3023 1877 3052; x_wconf 86' lang='lat' dir='ltr'><strong>et</strong></span> <span class='ocrx_word' id='word_1_540' title='bbox 1891 3022 2021 3052; x_wconf 78' lang='lat' dir='ltr'><strong>Hecatae</strong></span> <span class='ocrx_word' id='word_1_541' title='bbox 2046 3019 2144 3052; x_wconf 82' lang='lat' dir='ltr'><strong>filiam</strong></span> <span class='ocrx_word' id='word_1_542' title='bbox 2157 3028 2228 3053; x_wconf 87' lang='lat' dir='ltr'><strong>esse</strong></span> <span class='ocrx_word' id='word_1_543' title='bbox 2239 3022 2302 3052; x_wconf 75' lang='lat' dir='ltr'><strong>tra·</strong></span> 
     </span>
     <span class='ocr_line' id='line_1_77' title="bbox 1281 3066 2303 3110; baseline -0.004 -8"><span class='ocrx_word' id='word_1_544' title='bbox 1281 3070 1348 3110; x_wconf 86' lang='lat' dir='ltr'><strong>dit;</strong></span> <span class='ocrx_word' id='word_1_545' title='bbox 1379 3078 1494 3102; x_wconf 82' lang='lat' dir='ltr'><strong>verum</strong></span> <span class='ocrx_word' id='word_1_546' title='bbox 1519 3070 1553 3100; x_wconf 90' lang='lat' dir='ltr'><strong>in</strong></span> <span class='ocrx_word' id='word_1_547' title='bbox 1575 3068 1663 3099; x_wconf 86' lang='lat' dir='ltr'><strong>Eoeis</strong></span> <span class='ocrx_word' id='word_1_548' title='bbox 1688 3067 1812 3108; x_wconf 82' lang='lat' dir='ltr'><strong>magnis</strong></span> <span class='ocrx_word' id='word_1_549' title='bbox 1840 3067 1947 3107; x_wconf 83' lang='lat' dir='ltr'><strong>Scylla</strong></span> <span class='ocrx_word' id='word_1_550' title='bbox 1976 3066 2170 3099; x_wconf 86' lang='lat' dir='ltr'><strong>Phorbantis</strong></span> <span class='ocrx_word' id='word_1_551' title='bbox 2193 3069 2244 3099; x_wconf 88' lang='lat' dir='ltr'><strong>est</strong></span> <span class='ocrx_word' id='word_1_552' title='bbox 2261 3074 2303 3098; x_wconf 76' lang='lat' dir='ltr'><strong>ex</strong></span> 
     </span>
     <span class='ocr_line' id='line_1_78' title="bbox 1278 3119 1407 3149; baseline -0.016 0"><span class='ocrx_word' id='word_1_553' title='bbox 1278 3119 1407 3149; x_wconf 87' lang='lat' dir='ltr'><strong>Hecate.</strong></span> 
     </span>
    </p>
   </div>
   <div class='ocr_carea' id='block_1_17' title="bbox 1768 3168 1804 3200">
    <p class='ocr_par' dir='ltr' id='par_1_25' title="bbox 1768 3168 1804 3200">
     <span class='ocr_line' id='line_1_79' title="bbox 1768 3168 1804 3200; baseline -0.028 0"><span class='ocrx_word' id='word_1_554' title='bbox 1768 3168 1804 3200; x_wconf 83' lang='lat'><strong>6.</strong></span> 
     </span>
    </p>
   </div>
   <div class='ocr_carea' id='block_1_18' title="bbox 1278 3201 2311 3308">
    <p class='ocr_par' dir='ltr' id='par_1_26' title="bbox 1278 3201 2311 3308">
     <span class='ocr_line' id='line_1_80' title="bbox 1319 3201 2311 3260; baseline -0.003 -7"><span class='ocrx_word' id='word_1_555' title='bbox 1319 3220 1488 3253; x_wconf 85' lang='lat' dir='ltr'><strong>Acusilaus</strong></span> <span class='ocrx_word' id='word_1_556' title='bbox 1503 3219 1639 3260; x_wconf 85' lang='lat' dir='ltr'><strong>Argivus</strong></span> <span class='ocrx_word' id='word_1_557' title='bbox 1651 3227 1690 3251; x_wconf 89' lang='lat' dir='ltr'><strong>ex</strong></span> <span class='ocrx_word' id='word_1_558' title='bbox 1722 3219 1838 3251; x_wconf 80' lang='lat' dir='ltr'><strong>cabira</strong></span> <span class='ocrx_word' id='word_1_559' title='bbox 1852 3221 1884 3250; x_wconf 89' lang='lat' dir='ltr'><strong>et</strong></span> <span class='ocrx_word' id='word_1_560' title='bbox 1897 3218 2043 3251; x_wconf 85' lang='lat' dir='ltr'><strong>Vulcano</strong></span> <span class='ocrx_word' id='word_1_561' title='bbox 2055 3221 2167 3251; x_wconf 87' lang='lat' dir='ltr'><strong>natum</strong></span> <span class='ocrx_word' id='word_1_562' title='bbox 2183 3218 2230 3251; x_wconf 36' lang='lat' dir='ltr'><strong>ait*</strong></span> <span class='ocrx_word' id='word_1_563' title='bbox 2243 3201 2311 3250; x_wconf 25' lang='lat' dir='ltr'><strong>(la-⁷¹</strong></span> 
     </span>
     <span class='ocr_line' id='line_1_81' title="bbox 1278 3265 2301 3308; baseline -0.003 -8"><span class='ocrx_word' id='word_1_564' title='bbox 1278 3269 1428 3308; x_wconf 88' lang='lat' dir='ltr'><strong>dmilum,</strong></span> <span class='ocrx_word' id='word_1_565' title='bbox 1445 3276 1485 3299; x_wconf 86' lang='lat' dir='ltr'><strong>ex</strong></span> <span class='ocrx_word' id='word_1_566' title='bbox 1501 3267 1561 3298; x_wconf 88' lang='lat' dir='ltr'><strong>hoc</strong></span> <span class='ocrx_word' id='word_1_567' title='bbox 1579 3268 1643 3298; x_wconf 89' lang='lat' dir='ltr'><strong>tres</strong></span> <span class='ocrx_word' id='word_1_568' title='bbox 1659 3266 1803 3305; x_wconf 87' lang='lat' dir='ltr'><strong>Cabiros,</strong></span> <span class='ocrx_word' id='word_1_569' title='bbox 1819 3275 1858 3297; x_wconf 81' lang='lat' dir='ltr'><strong>ex</strong></span> <span class='ocrx_word' id='word_1_570' title='bbox 1875 3266 1924 3297; x_wconf 83' lang='lat' dir='ltr'><strong>his</strong></span> <span class='ocrx_word' id='word_1_571' title='bbox 1940 3267 2105 3307; x_wconf 75' lang='lat' dir='ltr'><strong>Nymphas</strong></span> <span class='ocrx_word' id='word_1_572' title='bbox 2126 3265 2301 3300; x_wconf 69' lang='lat' dir='ltr'><strong>cabil-idas.</strong></span> 
     </span>
    </p>
   </div>
   <div class='ocr_carea' id='block_1_19' title="bbox 1328 3332 2320 3423">
    <p class='ocr_par' dir='ltr' id='par_1_27' title="bbox 1328 3332 2320 3423">
     <span class='ocr_line' id='line_1_82' title="bbox 1328 3332 2320 3423; baseline 0.001 -7"><span class='ocrx_word' id='word_1_573' title='bbox 1328 3384 1479 3417; x_wconf 83' lang='lat' dir='ltr'><strong>Deucalio</strong></span> <span class='ocrx_word' id='word_1_574' title='bbox 1492 3407 1501 3423; x_wconf 89' lang='lat'><strong>,</strong></span> <span class='ocrx_word' id='word_1_575' title='bbox 1519 3383 1580 3415; x_wconf 88' lang='lat' dir='ltr'><strong>sub</strong></span> <span class='ocrx_word' id='word_1_576' title='bbox 1596 3392 1661 3423; x_wconf 87' lang='lat' dir='ltr'><strong>quo</strong></span> <span class='ocrx_word' id='word_1_577' title='bbox 1678 3332 1836 3415; x_wconf 68' lang='lat' dir='ltr'><strong>diluvi⁷um</strong></span> <span class='ocrx_word' id='word_1_578' title='bbox 1846 3406 1854 3421; x_wconf 93' lang='lat'><strong>,</strong></span> <span class='ocrx_word' id='word_1_579' title='bbox 1872 3383 1956 3415; x_wconf 85' lang='lat' dir='ltr'><strong>filius</strong></span> <span class='ocrx_word' id='word_1_580' title='bbox 1971 3385 2038 3415; x_wconf 85' lang='lat' dir='ltr'><strong>erat</strong></span> <span class='ocrx_word' id='word_1_581' title='bbox 2054 3374 2238 3416; x_wconf 60' lang='lat' dir='ltr'><strong>Promethei</strong></span> <span class='ocrx_word' id='word_1_582' title='bbox 2250 3381 2302 3423; x_wconf 69' lang='lat' dir='ltr'><strong>et,</strong></span> <span class='ocrx_word' id='word_1_583' title='bbox 2318 3411 2320 3417; x_wconf 26' lang='grc' dir='ltr'><em>Α</em></span> 
     </span>
    </p>
   </div>
   <div class='ocr_carea' id='block_1_20' title="bbox 2317 3459 2320 3544">
    <p class='ocr_par' dir='ltr' id='par_1_28' title="bbox 2317 3459 2320 3544">
     <span class='ocr_line' id='line_1_83' title="bbox 2319 3459 2320 3504; baseline 0 0"><span class='ocrx_word' id='word_1_584' title='bbox 2319 3459 2320 3504; x_wconf 81' lang='lat' dir='ltr'><strong>l</strong></span> 
     </span>
     <span class='ocr_line' id='line_1_84' title="bbox 2317 3505 2320 3544; baseline 0 0"><span class='ocrx_word' id='word_1_585' title='bbox 2317 3505 2320 3544; x_wconf 78' lang='lat'>1</span> 
     </span>
    </p>
   </div>
  </div>
 </body>
</html>
