2294 3704
125 211 228 239 tvm

126 296 195 320 nas
228 282 418 329 rediisset,
447 281 663 332 futuraeque
693 279 801 331 pacis
837 291 944 330 spem
977 279 1151 327 fecisset,

126 341 320 391 Lysander
331 341 413 392 ipse
427 340 475 378 ad
483 344 678 389 Pyraeeum
696 338 895 388 appellens
905 367 916 389 ,
928 338 1096 376 Athenas
1111 339 1149 376 in

126 399 314 437 ditionem
333 399 478 436 decima
495 405 602 435 sexta
618 395 893 446 Munychionis
913 395 976 434 die
991 397 1148 447 accepit.

124 462 260 510 Itaque
289 472 379 495 mox
397 458 552 494 ineunte
576 468 676 492 anno
697 454 824 504 primo
841 454 902 492 Ol.
921 460 970 504 94
995 455 1150 505 triginta

127 520 279 569 tyranni
298 532 318 556 a
331 517 531 568 Lysandro
547 515 745 553 constituti
761 524 850 552 sunt
864 530 871 552 z
887 523 929 552 ut
942 515 1016 552 hoc
1034 515 1148 552 modo

123 577 410 616 Atheniensium
432 575 610 613 anarchia
620 573 699 624 jam
717 582 880 611 exeunte
896 573 957 612 Ol.
976 576 1024 623 93
1041 574 1147 611 ince-

125 638 235 688 perit.
256 654 271 670 »
301 635 502 674 Subtiliter
522 634 598 672 haec
618 633 811 684 disputata
830 641 937 680 sunt,
956 633 1023 671 sed
1050 646 1146 670 con—

124 695 256 732 cidunt
275 694 424 739 omnia,
445 706 563 744 quum
580 687 623 740 ἧν
639 692 745 729 nullo
763 691 878 729 modo
893 692 941 729 sit
957 702 1065 729 natus
1081 702 1146 739 est,

123 754 188 792 sed
204 754 470 801 vixit‚floruit‚
482 761 527 790 ut
542 760 645 790 recte
657 751 932 801 interpretatur
944 753 1147 796 Kusterus,

121 813 234 851 sicuti
267 811 433 862 Scaliger
465 823 622 862 quoque
654 823 702 847 ex
725 808 879 858 eodem,
904 809 977 847 nisi
1016 809 1145 856 fallor,

119 872 238 910 Suida
270 871 311 908 in
341 869 518 922 Ἱστοριῶν
544 870 730 920 συναγωγῇ
757 868 805 906 ad
837 868 897 906 Ol.
927 868 977 918 93
1005 868 1145 906 habet:

119 929 332 981 Θεόπομπος
351 928 573 982 ἐγνωρίζετο,
595 940 720 978 neque
742 940 836 965 vero
853 925 1032 978 ἐγεννήθη.
1058 927 1147 965 Fal-

122 989 293 1028 sissimos
325 996 452 1027 autem
485 987 557 1024 hos
597 986 763 1024 calculos
799 998 881 1023 esse
916 998 1030 1023 nemo
1068 999 1145 1022 non

117 1048 304 1099 perspicit
314 1077 325 1096 ,
343 1047 525 1098 quoniam
540 1045 749 1083 Alexandri
766 1044 892 1082 adhuc
906 1043 1147 1095 temporibus

116 1107 317 1158 Ephorum
351 1107 392 1143 in
411 1104 687 1156 componendis
712 1103 883 1141 historiis
914 1112 1146 1154 occupatum

116 1165 234 1203 fuisse
270 1178 292 1202 a
322 1164 516 1202 Clemente
551 1163 748 1210 docemur,
776 1163 842 1213 qui
870 1162 1029 1214 (Strom.
1049 1165 1144 1212 1‚p.

117 1223 209 1270 403)
229 1236 318 1261 eum
340 1223 434 1260 dicit
456 1222 505 1260 ab
526 1221 742 1261 Heraclidis
761 1221 810 1259 ad
827 1221 980 1271 Olymp.
999 1235 1059 1257 111
1073 1251 1082 1268 ‚
1109 1222 1144 1267 3,

115 1295 194 1333 quo
222 1295 324 1320 anno
345 1281 565 1319 Alexander
595 1280 635 1317 in
660 1281 787 1318 Asiam
811 1278 983 1329 trajecit,
1006 1292 1145 1316 nume—

114 1353 217 1379 rasse
254 1354 374 1378 annos
405 1341 664 1378 DCCXXXV.
701 1342 837 1389 Itaque
871 1346 939 1376 aut
973 1338 1145 1388 pessimis

117 1412 208 1437 usus
224 1407 281 1437 est
301 1399 435 1437 Suidas
455 1396 649 1446 fontibus,
667 1406 732 1435 aut
750 1397 847 1434 male
863 1409 930 1434 eos
946 1396 1143 1433 intellexit.

115 1461 170 1496 Ut
193 1458 386 1509 posterius
412 1456 586 1503 credam,
607 1456 808 1493 adducunt
835 1469 896 1492 me
925 1454 1042 1492 verba
1064 1470 1072 1492 :
1099 1456 1145 1497 ὡς

114 1515 174 1554 καὶ
199 1515 267 1569 πρὸ
288 1518 351 1562 τῆς
382 1514 570 1555 Φιλίππου
595 1513 773 1566 βασιλείας
798 1507 899 1551 εἶναι.
925 1514 1020 1560 Quis
1044 1514 1145 1551 enim

117 1583 194 1613 tam
225 1575 402 1626 ineptus,
434 1583 479 1612 ut
510 1586 620 1620 eum,
641 1573 708 1624 qui
741 1586 875 1611 versus
904 1573 1019 1611 finem
1054 1573 1143 1610 belli

113 1633 428 1684 Peloponnesiaci
459 1632 507 1670 ad
537 1631 706 1669 adultam
731 1630 812 1681 jam
839 1639 986 1669 aetatem
1013 1645 1141 1682 perve-

114 1702 242 1739 nerat,
263 1694 377 1731 etiam
392 1701 481 1730 ante
500 1704 659 1743 regnum
682 1691 848 1742 Philippi
863 1691 1003 1728 vixisse
1020 1691 1146 1729 dicat?

114 1757 227 1806 Quod
247 1770 295 1794 ne
320 1766 399 1794 tum
418 1756 575 1807 quidem
592 1756 682 1794 satis
702 1763 792 1805 apte
813 1755 959 1792 dictum
983 1755 1144 1802 foret‚si

113 1828 203 1853 cum
223 1815 376 1852 Marxio
398 1809 440 1863 ἦν
458 1814 768 1866 interpretareris
791 1827 800 1852 z
830 1823 940 1850 natus
958 1824 1021 1852 est.
1043 1817 1144 1852 Con-

114 1881 170 1910 tra
201 1873 365 1924 quisque
397 1873 506 1911 videt
539 1873 658 1911 verba
687 1873 740 1910 ita
766 1872 1016 1923 intelligenda
1044 1886 1143 1920 esse,

113 1940 158 1970 ut
175 1933 342 1970 maxima
360 1933 506 1983 Ephori
526 1933 611 1970 vitae
626 1945 715 1982 pars
730 1932 768 1968 in
786 1931 952 1982 Philippi
970 1939 1145 1982 tempora

113 1999 153 2028 et
177 1990 450 2042 subsequentia
473 1991 602 2037 cadat,
621 1990 688 2028 sed
713 1989 823 2027 initio
851 1990 957 2040 regni
976 1990 1143 2041 Philippi

115 2049 190 2101 (Oi.
227 2051 319 2095 105,
358 2048 396 2100 2)
426 2048 507 2100 jam
540 2049 689 2087 virilem
721 2048 752 2085 is
783 2056 931 2086 aetatem
963 2049 1143 2100 attigerit.

114 2109 240 2159 Igitur
263 2109 294 2146 si
322 2109 384 2148 01.
415 2108 512 2155 105,
534 2122 554 2146 2
578 2108 806 2160 vigesimum
827 2108 884 2145 vel
909 2108 1144 2158 trigesimum

115 2180 260 2204 annum
280 2167 420 2217 egerit,
447 2168 592 2205 natales
615 2167 698 2218 ejus
718 2166 929 2204 referendae
959 2176 1071 2204 erunt
1099 2166 1145 2204 ad

114 2231 270 2283 Olymp.
304 2232 501 2281 98—100.
534 2231 682 2270 Eodem
722 2230 834 2280 plane
863 2228 979 2266 modo
1011 2230 1145 2281 opinio

115 2289 270 2329 Suidam
298 2289 431 2328 fefellit
462 2289 509 2328 de
537 2298 649 2328 aetate
677 2288 947 2340 Theopompi,
973 2297 1014 2326 ut
1044 2289 1144 2327 infra

114 2348 345 2387 videbimus.

168 2410 266 2455 Quae
294 2421 415 2459 quum
435 2408 489 2445 ita
512 2407 607 2454 sint,
637 2420 716 2444 non
747 2405 926 2454 difficile,
948 2414 1061 2457 puto,
1089 2416 1146 2446 est

117 2480 291 2518 quaenam
336 2479 470 2504 caussa
522 2465 638 2503 fuerit
678 2465 819 2503 erroris
866 2465 1142 2505 demonstrare.

117 2526 269 2565 Etenim
292 2533 396 2576 patet
417 2525 580 2578 plurima
598 2525 646 2562 de
663 2524 932 2562 historicorum
957 2524 1145 2572 aetatibus,

118 2599 202 2637 quae
217 2585 354 2624 Suidas
386 2584 500 2622 nobis
520 2584 706 2627 servavit,
725 2596 774 2620 ex
786 2582 968 2632 catalogis
990 2583 1145 2622 fluxisse

117 2644 466 2682 Alexandrinorum
484 2641 723 2693 temporibus
738 2641 935 2686 confectis,
949 2642 988 2678 in
1004 2641 1146 2691 quibus

121 2717 248 2741 rerum
279 2703 558 2753 hominumque
595 2710 768 2752 tempora
803 2700 1068 2738 referebantur
1098 2701 1147 2739 ad

121 2763 259 2799 scriem
291 2776 424 2813 regum
462 2760 814 2800 Macedonicorum.
851 2762 897 2796 In
934 2759 999 2796 tali
1030 2760 1147 2810 igitur

121 2820 221 2858 libro
242 2821 376 2859 Suidas
401 2820 600 2871 Ephorum
623 2828 662 2857 et
688 2818 982 2869 Theopompum
1009 2819 1148 2857 vixisse

122 2879 268 2928 reperit
287 2878 378 2917 κατὰ
393 2877 470 2922 τοὺς
487 2878 632 2933 χρόνους
647 2879 708 2923 τ’ἧς
736 2875 924 2929 ἀναρχίας,
941 2891 1019 2914 non
1036 2878 1149 2929 longe

123 2945 211 2974 ante
234 2950 390 2987 regnum
420 2937 600 2988 Philippi.
631 2935 783 2983 Quibus
810 2934 936 2973 verbis
957 2935 1149 2986 significa-

123 2995 241 3032 batur
274 2996 439 3045 spatium
468 2996 567 3034 inter
595 2996 772 3045 Amyntae
806 3003 844 3032 et
879 2995 1070 3034 Perdiccae
1093 2998 1150 3033 III

125 3067 242 3104 regna
271 3053 536 3103 interjectum,
566 3055 830 3092 calamitosum
859 3053 952 3091 illud
980 3062 1150 3104 tempus,

127 3125 206 3162 quo
226 3111 441 3149 Alexander
471 3121 557 3162 post
581 3126 722 3150 annum
755 3112 863 3163 regni
892 3126 913 3149 a
942 3114 1151 3150 Ptolomaeo

129 3170 281 3210 Olorita
299 3170 523 3208 interfectus
545 3179 623 3217 est,
648 3180 762 3222 atque
784 3172 865 3218 hic,
883 3172 1054 3209 moechus
1070 3175 1151 3210 Eu—

131 3229 279 3280 rydices
292 3257 302 3274 ,
316 3229 383 3279 qui
400 3242 524 3279 neque
540 3231 633 3280 regii
650 3232 812 3281 generis,
827 3245 953 3281 neque
986 3244 1153 3282 unquam

133 3300 198 3325 rex
218 3288 310 3332 fuit,
330 3301 396 3337 per
415 3295 490 3325 tres
507 3301 627 3325 annos
646 3289 914 3326 Macedoniam
932 3302 1004 3340 pro
1028 3288 1154 3326 lubitu

131 3359 202 3384 suo
229 3346 528 3392 administravit,
560 3346 651 3383 dum
679 3347 760 3397 ipse
789 3347 980 3385 Perdiccae
1006 3347 1155 3385 insidiis

132 3405 354 3443 interemtus
367 3414 436 3442 est.
456 3408 673 3442 Evenerunt
705 3405 783 3442 haec
798 3406 857 3444 Ol.
878 3407 963 3451 103,
985 3406 1155 3456 quinque

1001 196 1070 235 DE
1097 195 1316 239 EPHORO.

1210 282 1271 319 vel
1296 295 1360 321 sex
1381 298 1489 323 anms
1512 295 1714 337 antequam
1745 288 1943 339 Philippus
1975 303 2093 340 regno
2121 292 2226 342 poti-

1209 349 1326 380 retur.
1349 342 1442 381 Inde
1461 352 1544 382 orta
1562 353 1617 383 est
1638 347 1797 396 proclivi
1818 360 1906 385 sane
1922 356 1960 386 et
1973 349 2226 388 condonando

1210 399 1288 437 fere
1318 414 1450 440 errore
1484 403 1557 441 ista
1584 405 1764 442 anarchia
1795 405 2107 454 Atheniensium,
2140 405 2227 445 inde

1209 459 1425 510 Olympiadi
1465 463 1535 499 103
1570 462 1777 501 substituta
1809 472 1865 501 est
1903 465 1964 502 Ol.
2005 466 2077 514 93,
2113 478 2226 516 quam

1208 518 1377 556 Marxius
1397 519 1445 556 ad
1465 521 1663 558 veritatem
1678 522 1900 572 pertrahere
1923 523 2081 560 studuit.

1262 578 1487 628 Magistrum
1517 579 1698 630 Ephorus
1729 580 1864 618 habuit
1896 582 2130 629 Isocratem,
2161 581 2228 632 qui

1209 642 1298 673 tunc
1329 637 1367 673 in
1395 637 1490 675 Chio
1514 638 1638 676 insula
1672 639 1842 676 scholam
1873 648 2075 690 aperuerat
2114 639 2216 692 (Plut

1207 693 1283 731 Vit.
1315 699 1458 745 Isocr.,
1490 698 1624 735 Moral.
1655 711 1692 748 p.
1718 699 1807 746 837,
1830 697 1887 750 B).
1911 699 2056 738 Verum
2072 728 2082 747 ‚
2107 698 2227 745 male,

1207 756 1347 792 Seneca
1385 755 1457 800 ait,
1487 757 1722 807 respondent
1753 765 1885 795 coacta
1915 758 2094 808 ingenia3
2127 757 2231 794 relu-

1208 821 1335 850 ctante
1361 822 1496 851 natura
1525 815 1655 852 irritus
1683 815 1803 853 labor.
1820 819 1953 866 Itaque
1982 816 2124 853 sactum
2148 822 2228 861 est,

1207 880 1250 908 ut
1278 872 1456 923 Ephorus
1493 873 1600 911 tardo
1620 883 1657 911 et
1687 875 1871 912 crassiore
1899 882 1938 912 et
1969 878 2142 912 Cumano
2165 873 2228 910 in-

1207 931 1319 980 genio
1339 932 1622 981 praeditus‚ubi
1650 940 1739 983 post
1775 933 2016 983 aliquantum
2049 932 2230 980 temporis

1208 988 1243 1024 iu
1275 991 1438 1039 patriam
1465 990 1620 1028 domum
1649 991 1784 1039 rediit,
1815 991 1970 1028 minime
1997 999 2072 1028 tam
2100 989 2227 1028 erudi-

1207 1055 1288 1084 tum
1316 1057 1432 1099 atque
1454 1050 1632 1100 practicis
1666 1050 1747 1087 istis
1773 1049 1979 1087 virtutibus
1999 1050 2228 1087 instructum

1207 1119 1247 1143 se
1267 1108 1509 1154 ostenderet,
1528 1117 1569 1146 ut
1589 1117 1722 1145 orator
1738 1108 1776 1145 in
1796 1109 1923 1146 forum
1941 1108 2024 1146 sine
2041 1108 2230 1146 dedecore

1206 1175 1336 1215 posset
1355 1166 1594 1205 descendere.
1609 1166 1741 1205 Fuiss'e
1765 1176 1891 1205 tamen
1908 1167 2044 1214 debet,
2062 1180 2133 1204 cur
2151 1180 2230 1204 non

1206 1238 1365 1276 prorsus
1410 1234 1519 1276 pater
1559 1227 1729 1264 animum
1771 1227 2042 1278 desponderet.
2083 1230 2228 1264 Iterum

1205 1284 1364 1321 Isocrati
1390 1285 1509 1322 filium
1535 1285 1728 1323 commisit
1751 1285 1816 1337 (3).
1849 1289 1933 1323 Jam
1955 1286 2074 1336 igitur
2093 1285 2228 1336 Epho-

1207 1355 1291 1390 rus,
1312 1356 1359 1380 ne
1381 1342 1507 1380 denuo
1527 1356 1632 1394 spem
1658 1344 1777 1394 patris
1799 1343 1969 1391 falleret,
1989 1342 2127 1393 majori
2143 1342 2232 1380 nisu

1205 1401 1433 1451 eloquentiae
1460 1415 1541 1439 sese
1567 1402 1694 1447 dedit;
1714 1415 1837 1452 neque
1860 1402 2028 1439 studium
2051 1414 2231 1439 successu

1205 1460 1341 1497 caruit.
1363 1463 1458 1497 Mox
1481 1460 1582 1497 enim
1612 1474 1701 1498 cum
1731 1461 1988 1511 Theopompo
2016 1461 2117 1498 inter
2140 1459 2232 1497 reli-

1205 1532 1301 1567 quos
1339 1519 1510 1569 magistri
1548 1519 1759 1571 discipulos
1793 1519 2019 1557 eminentem
2059 1518 2230 1556 videmus

1205 1586 1242 1614 et
1261 1577 1301 1614 in
1318 1576 1482 1627 ἁμίλλαις
1508 1576 1621 1629 λόγων
1643 1591 1786 1616 corona
1805 1585 1987 1615 ornatum
2007 1576 2231 1626 (Menander

1205 1636 1353 1674 Rhetor
1380 1635 1536 1689 Διαιρέσ.
1558 1636 1735 1674 ἀποδεικτ.
1755 1650 1793 1687 p.
1812 1637 1889 1674 626
1917 1634 2031 1687 Ald.).
2056 1635 2178 1684 Quid,
2199 1634 2231 1673 si

1204 1695 1300 1732 fides
1320 1694 1496 1732 habenda
1529 1704 1588 1733 est
1607 1698 1775 1743 Senecae,
1798 1695 1835 1731 in
1853 1694 1939 1731 foro
1958 1693 2109 1732 dicendi
2128 1693 2231 1744 peri-

1205 1754 1332 1791 culum
1352 1753 1442 1791 fecit
1464 1752 1527 1804 (4).
1552 1756 1688 1791 Verum
1707 1757 1894 1791 Isocrates
1912 1752 2012 1790 bene
2034 1751 2232 1802 perspexit

1205 1826 1281 1850 non
1307 1811 1406 1850 hanc
1430 1826 1513 1850 esse
1533 1826 1687 1850 arenam
1701 1840 1712 1857 ,
1732 1812 1772 1849 in
1794 1824 1871 1862 qua
1894 1810 2106 1861 discipulus
2131 1812 2232 1848 vires

1205 1878 1292 1920 apte
1311 1877 1441 1921 posset
1455 1883 1633 1908 exercere
1652 1878 1690 1908 et
1705 1870 1917 1921 explicare:
1934 1869 1994 1920 cuj
1999 1882 2042 1906 us
2057 1877 2230 1906 naturam

1204 1930 1252 1967 ad
1282 1932 1486 1983 strepitum
1512 1931 1704 1969 sorensem
1736 1943 1873 1981 parum
1903 1928 2230 1967 accommodatam

1205 2003 1286 2028 esse
1317 1990 1432 2037 vidit,
1456 1990 1575 2040 magis
1600 1989 1780 2027 idoneam
1801 1988 2033 2026 existimavit
2059 1987 2108 2025 ad
2135 2000 2232 2024 con-

1206 2048 1351 2087 dendas
1366 2049 1559 2086 historias.
1575 2051 1709 2098 Itaque
1726 2048 1773 2085 ad
1794 2048 1875 2084 haec
1888 2046 2012 2084 studia
2029 2046 2231 2097 Ephorum

1204 2120 1244 2144 se
1262 2117 1488 2145 convertere
1500 2106 1627 2157 jussit.
1641 2106 1746 2145 Idem
1762 2106 1854 2144 fecit
1869 2105 2123 2155 Theopompo
2133 2133 2144 2151 ,
2158 2104 2232 2142 hoc

1206 2174 1331 2203 tamen
1357 2174 1661 2216 temperamento
1678 2165 1854 2203 adhibito
1870 2193 1881 2212 ,
1901 2172 1944 2202 ut
1956 2163 2115 2214 Ephoro
2129 2191 2140 2209 ‚
2157 2163 2231 2200 ho·-

1205 2226 1298 2263 mini
1325 2226 1522 2277 tranquilli
1541 2234 1578 2265 et
1597 2225 1720 2264 sedati
1743 2224 1860 2262 animi
1874 2223 1954 2274 (5),
1975 2222 2231 2273 antiquiorem

1247 2334 1291 2374 (3)
1307 2333 1468 2365 Plutarch.
1483 2333 1504 2365 1.
1514 2332 1536 2364 l.
1547 2341 1577 2374 p.
1593 2333 1772 2365 839A2Tota
1789 2331 1822 2363 δὲ
1834 2330 1977 2372 Κυμαίου
1991 2329 2122 2372 Ἐφόρου
2137 2328 2232 2372 ἆπρά·

1204 2392 1280 2412 κτου
1299 2384 1353 2418 τῆς
1373 2381 1489 2422 σχολῆς
1503 2379 1673 2416 ἐξελθόντος
1687 2379 1740 2410 καὶ
1755 2377 1846 2410 πάλιν
1859 2378 1921 2410 ἀπὸ
1935 2380 1991 2408 τοῦ
2005 2376 2119 2419 πατρὸς
2132 2377 2232 2417 Δημο-

1204 2429 1292 2470 φίλου
1309 2428 1496 2468 πεμφθέντος
1513 2427 1563 2460 ἐπὶ
1579 2427 1710 2469 δευτέρῳ
1728 2426 1843 2466 μισθῷ,
1856 2424 1973 2461 παίζων
1987 2423 2116 2466 Δίφορον
2139 2423 2232 2455 αὐτὸν

1204 2475 1318 2506 ἐκάλει.
1334 2474 1532 2506 Ἐσπούδασε
1556 2473 1658 2515 μέντοι
1676 2475 1789 2508 ἱκανῶς
1811 2473 1879 2514 περὶ
1892 2471 1945 2502 τὸν
1971 2470 2078 2512 ἄνδρα,
2099 2470 2152 2501 καὶ
2176 2470 2232 2508 τὴν

1203 2522 1350 2554 ὑπόθεσιν
1378 2524 1432 2559 τῆς
1454 2520 1558 2563 χρείας
1573 2519 1666 2556 αὐτὸς
1692 2518 1879 2556 ὑπεθήκατο.
1905 2516 1950 2549 Cf.
1978 2516 2114 2556 Hesych.
2131 2524 2163 2547 v.
2182 2515 2232 2548 Δί-

1224 2582 1240 2602 ο
1260 2581 1303 2607 ος.

1203 2581 1223 2612 <p
1243 2581 1294 2657 ρ(4)
1309 2619 1427 2648 seneca
1453 2619 1499 2646 De
1519 2612 1682 2654 tranquill.
1702 2611 1800 2644 anim.
1818 2620 1847 2642 c.
1863 2615 1882 2643 6
1901 2620 1908 2641 :
1940 2609 2234 2643 Considerandum

1205 2665 1257 2696 est
1269 2665 1393 2695 utrum
1418 2663 1551 2693 natura
1568 2662 1631 2692 tua
1644 2658 1786 2700 aqendis
1800 2658 1914 2697 rebus,
1929 2666 1977 2689 an
2001 2658 2106 2688 otioso
2117 2655 2234 2688 studio

1205 2709 1554 2750 contemplationique
1561 2708 1678 2748 aptior
1690 2707 1748 2745 sit,
1757 2707 1790 2737 et
1804 2714 1841 2737 eo
1854 2703 2108 2743 inclinandum,
2122 2712 2188 2744 quo
2202 2705 2234 2736 te

1207 2760 1258 2790 vis
1271 2758 1399 2798 inqenit‘
1416 2754 1541 2795 defert.
1564 2755 1736 2786 Isocrates
1750 2752 1930 2793 Ephorum
1943 2751 2071 2790 injecta
2087 2758 2196 2782 manu
2210 2758 2234 2782 a

1203 2803 1284 2845 foro
1296 2802 1477 2840 subduxit,
1498 2800 1675 2832 utiliorem
1688 2798 1926 2839 componendis
1943 2797 2172 2829 monumentis
2186 2796 2234 2828 ht-

1207 2853 1399 2883 storiarum
1422 2846 1686 2881 ratmunt-nus
1702 2849 1855 2879 Senecam
1869 2844 2052 2886 suspicatur
2070 2843 2233 2884 Ephorum

1209 2899 1390 2932 nominasse
1414 2905 1473 2938 pro
1496 2895 1716 2935 Theopompo,
1743 2893 1783 2924 de
1807 2902 1872 2933 quo
1899 2890 2032 2932 Quintil.
2055 2894 2093 2931 X,
2123 2893 2152 2932 1,
2166 2892 2205 2923 74
2221 2900 2232 2922 :

1208 2968 1250 2975 .-
1265 2946 1497 2986 Theopompus
1562 2943 1695 2974 oratori
1721 2943 1831 2982 maqis
1848 2940 1986 2979 similis,
2000 2940 2041 2971 ut
2062 2940 2122 2980 qui
2141 2940 2224 2972 ante

1209 3002 1316 3036 quam
1328 2992 1375 3025 ad
1388 2992 1449 3024 hoc
1463 2998 1548 3031 opus
1559 2989 1780 3027 sollicitatus,
1807 2987 1867 3019 diu
1883 2987 2002 3027 suerit
2025 2987 2156 3019 orator.
2172 2985 2233 3018 Sed

1210 3042 1262 3074 illa
1272 3040 1400 3080 injecta
1410 3045 1519 3070 manu
1584 3035 1751 3068 subduxit
1763 3034 1817 3065 vix
1830 3035 1965 3076 possunt
1976 3033 2104 3076 proprie
2116 3033 2232 3074 accipi.

1253 3087 1298 3129 (5)
1320 3091 1365 3119 De
1391 3085 1593 3125 ingeniorum
1621 3082 1738 3124 Ephori
1761 3083 1794 3114 et
1826 3082 2023 3123 Theopompi
2049 3081 2234 3114 diversitate

1211 3136 1324 3170 suidas
1338 3144 1346 3166 :
1360 3134 1489 3175 Ἔφορος
1507 3133 1646 3173 Κυμαῖος
1670 3130 1723 3161 καὶ
1749 3129 1933 3170 Θεόπομπος
1960 3127 2231 3171 Δαμασιστράτου,

1211 3185 1285 3219 Χῖος
1295 3206 1305 3222 ,
1320 3181 1411 3222 ἄμφω
1426 3178 1620 3221 Ἰσοκράτους
1647 3175 1780 3218 μαθηταί
1793 3185 1800 3192 ·
1828 3175 1882 3207 ἀπ’
1898 3175 2041 3207 ἐναντίων
2060 3175 2093 3207 δὲ
2107 3175 2143 3207 τὸ
2161 3175 2234 3214 ἦθος

1211 3230 1264 3261 καὶ
1276 3228 1347 3264 τοὺς
1362 3225 1472 3268 λόγους
1487 3226 1672 3268 ὁρμώμενοι.
1689 3223 1727 3255 Ὁ
1753 3223 1807 3264 μὲν
1832 3222 1890 3264 γὰρ
1906 3222 2035 3264 Ἔφορος
2051 3221 2088 3260 ἦν
2101 3222 2137 3253 τὸ
2160 3221 2233 3261 ἦθος

1212 3275 1343 3313 ἁπλοῦς,
1361 3274 1416 3311 τὴν
1429 3272 1462 3304 δὲ
1477 3270 1636 3314 ἑρμηνείαν
1652 3274 1705 3309 τῆς
1718 3269 1852 3311 ἱστορίας
1867 3269 1974 3305 ὕπτιος
1987 3270 2039 3299 καὶ
2052 3269 2165 3311 νωθρὸς
2178 3269 2232 3300 καὶ

1214 3319 1363 3363 μηδεμίαν
1386 3319 1467 3360 ἔχων
1483 3318 1641 3350 ἐπίτασιν·
1666 3317 1683 3348 ὁ
1699 3317 1731 3348 δὲ
1760 3315 1945 3356 Θεόπομπος
1972 3314 2008 3346 τὸ
2031 3314 2102 3353 ἦθος
2125 3313 2234 3356 πικρὸς

1214 3368 1268 3399 καὶ
1284 3366 1440 3404 κακοήθης
1451 3389 1460 3405 ,
1477 3369 1514 3406 τῇ
1530 3365 1562 3396 δὲ
1583 3363 1690 3406 φράσει
1712 3363 1805 3399 πολὺς
1821 3363 1874 3393 καὶ
1901 3363 2032 3402 συνεχὴς
2055 3362 2109 3393 καὶ
2139 3363 2232 3403 φορᾶς

1215 3414 1326 3456 μεστὸς
1336 3436 1345 3453 ,
1361 3412 1524 3455 φιλαλήθης
1536 3411 1562 3443 δ’
1579 3411 1610 3442 ἐν
1629 3410 1674 3447 οἷς
1689 3410 1829 3452 ἔγραψεν.
1846 3409 1885 3441 Ὁ
1902 3411 1975 3449 γοῦν
1990 3406 2168 3449 Ἰσοκράτης
2180 3406 2231 3438 τὸν
