2320 3684
825 145 991 184 TIMAEI
1020 147 1354 191 FRAGMENTA.

96 229 202 269 Idem
222 233 300 269 XII
319 243 356 281 p.
375 229 463 276 517,
480 233 534 268 D:
550 227 654 282 Παρὰ
677 227 713 268 δὲ
732 230 944 283 Τυῤῥηνοῖς,
967 233 1072 271 ἐκτό-

42 304 117 334 πως
137 288 369 342 τρυφήσασιν,
401 290 532 341 ἱστορεῖ
551 286 704 338 Τίμαιος
730 288 766 326 ἐν
789 291 833 340 τῇ
854 289 999 343 πρώτῃ,
1019 290 1073 330 ὅτι

40 349 77 385 αἱ
93 347 302 401 θεράπαιναι
312 346 443 399 γυμναὶ
477 351 549 390 τοῖς
576 345 723 399 ἀνδράσι
752 347 1004 388 διακονοῦνται.
1026 353 1069 388 V.

41 406 229 445 Niebuhr.
256 407 280 445 l.
302 407 327 452 l.
354 414 445 444 tom.
468 408 505 454 1,
528 418 568 456 p.
589 405 640 456 95
663 419 721 457 sq.

92 523 316 562 Tertullian.
338 523 397 560 De
413 523 616 574 spectacul.
631 536 671 574 p.
697 524 783 573 139,
801 524 851 562 28
886 526 1071 576 Franecq.

43 583 142 632 1697
162 595 171 619 :
190 583 313 630 Lydos
327 595 377 619 ex
392 583 485 619 Asia
501 590 717 620 transvenas
735 587 772 619 in
791 585 968 620 Hetrurt'a
984 596 1073 620 con-

36 643 185 688 sedisse,
209 650 252 678 ut
285 643 447 678 Timoeus
479 640 606 690 refert,
642 644 734 679 duce
767 642 969 691 Tyrrheno,
1007 647 1073 692 qui

32 700 151 747 snam
167 714 232 737 sao
249 709 411 738 cesserat
432 704 540 751 regni
566 705 795 738 contentione
816 701 979 752 (exstant
998 715 1071 738 au—

37 767 152 796 ctores
161 758 292 810 multi).

89 869 248 922 Dionys.
284 870 407 909 Halic.
439 871 571 922 Antiq.
603 874 713 912 Rom.
745 874 785 919 1,
823 885 856 910 c.
877 873 949 920 67:
970 873 1071 911 Deos

35 942 58 967 a
78 931 264 969 Romanis
296 933 460 969 Penates
491 939 648 969 vocatos
675 945 797 1004 gr'aece
824 932 932 970 vario
955 932 1071 970 modo

37 988 165 1036 reddi3
185 988 379 1042 Σχήματος
400 986 436 1027 δὲ
453 988 514 1028 καὶ
536 1004 672 1044 μορφης
690 991 803 1028 αὐτῶν
822 989 903 1044 πέρι
919 990 1072 1042 Ἰίμαιος

28 1045 102 1098 ,μὲν
126 1050 145 1086 ὁ
165 1046 384 1102 συγγραφευς
400 1041 470 1086 ιῖδε
492 1047 746 1101 ἀποφαίνεται·
752 1047 918 1110 Νκηρύκια
943 1050 1071 1104 σιδηρᾶ

37 1105 97 1144 καὶ
126 1108 265 1159 χαλκᾶ,
291 1105 352 1145 καὶ
377 1106 532 1161 κεράμον
550 1106 726 1183 Ίρωῖκὸν
740 1111 850 1153 εἰναι,
874 1106 919 1146 τὰ
945 1110 980 1148 ἐν
999 1115 1072 1153 τοῖς

34 1163 173 1209 ἀδύτοις
187 1171 259 1210 τοῖς
278 1167 314 1204 ἐν
338 1165 518 1219 Λαουϊνίῳ
542 1165 688 1218 κείμενα
715 1167 806 1220 ἱερά.
835 1167 1016 1206 Πυθέσθαι
1033 1166 1070 1207 δὲ

36 1223 139 1267 αὐτὸς
160 1227 272 1262 ταῦτα
289 1223 386 1276 παρὰ
405 1226 475 1264 τῶν
494 1224 706 1278 ἐπιχωρίων.
726 1229 771 1266 V.
795 1225 980 1265 Niebuhr.
999 1228 1022 1265 l.
1046 1227 1069 1265 l.

36 1296 73 1334 p.
100 1283 187 1330 125,
215 1284 299 1321 135.

520 1336 585 1376 21.

90 1388 238 1427 Ibidem
258 1404 292 1428 c.
317 1397 390 1438 74·
395 1374 506 1444 ’Περὶ
526 1389 590 1442 μὲν
610 1384 669 1430 ουν
702 1393 773 1431 τῶν
808 1393 970 1431 παλαιῶν
999 1392 1073 1432 κτί-

35 1462 124 1486 σεων
151 1447 256 1487 ἱκανὰ
275 1451 431 1501 ἡγοῦμαι
450 1448 494 1487 τὰ
509 1449 760 1504 προειρημένα.
789 1450 861 1491 Τον
887 1451 924 1491 δὲ
953 1452 1072 1490 τελευ-

34 1512 131 1545 ταῖον
151 1523 213 1554 της
225 1505 370 1558 Ῥώμης
385 1500 569 1560 γενόμενον
589 1509 763 1561 οἰκισμὸν,
782 1509 804 1557 ἢ
819 1510 946 1557 κτίσιν,
966 1509 988 1557 ἢ
1003 1508 1025 1549 δ’
1037 1526 1072 1548 τι

35 1563 167 1612 δήποτε
190 1564 260 1621 χρὴ
291 1567 424 1616 καλεῖν,
454 1566 607 1618 Τίμαιος
629 1565 693 1619 μὲν
721 1570 740 1607 ὁ
769 1568 986 1616 Σικελιώτης
1008 1570 1071 1608 οὐκ

35 1617 99 1662 οἶδ’
119 1623 190 1678 ὅτῳ
211 1623 331 1664 κανόνι
356 1625 602 1678 χρησάμενος,
622 1625 698 1699 ἅμα
722 1626 927 1680 Καρχηδόνι
951 1629 1071 1673 κτιζο-

35 1681 124 1736 μένῃ
144 1681 308 1735 γενέσθαι
323 1683 446 1736 φησὶν,
462 1683 575 1737 ὀγδόῳ
599 1683 658 1723 καὶ
683 1687 883 1739 τριακοστῷ
902 1684 1069 1740 πρότερον

35 1739 104 1781 ἔτει
122 1744 183 1789 τῆς
198 1740 340 1796 πρώτης
357 1741 610 1794 Ὀλυμπιάδος.

87 1801 252 1852 Syncell.
272 1801 414 1840 Chron.
437 1816 475 1853 p.
500 1802 586 1850 155,
603 1802 643 1840 in
665 1805 780 1854 Corp.
800 1803 956 1854 Scriptt.
978 1808 1069 1855 Byz.

35 1868 126 1899 tom.
137 1859 390 1912 ἯΙεΤίμαιος
403 1859 467 1912 μὲν
487 1859 610 1915 πρώην
625 1860 687 1900 καὶ
700 1861 857 1906 Καλλίας
874 1863 941 1914 (sic
958 1864 1071 1902 Goel-

34 1918 112 1969 ler3
131 1919 249 1970 vulgo
269 1917 383 1972 Λαὰς)
411 1918 504 1958 κατὰ
532 1919 578 1959 τὰ
599 1922 663 1967 τῆς
683 1920 720 1959 α’
746 1920 989 1973 Ὀλυμπιάδος
1006 1922 1070 1960 λε’-

33 1992 153 2029 γουσιν
174 1976 235 2025 ἔτη
257 1977 414 2017 ἐκτίσθαι
433 1977 593 2030 Ῥώμην.
610 2002 658 2008 --
676 1983 808 2029 Quum
840 1994 888 2018 ex
908 1995 1071 2032 sequen-

35 2035 135 2075 tibus
187 2037 425 2088 intelligatur
465 2038 687 2089 Syncellum
725 2038 788 2078 hic
837 2039 1068 2089 Dionysium

34 2103 122 2133 ante
141 2095 275 2134 oculos
303 2095 504 2144 habuisse,
525 2097 700 2135 locorum
720 2097 912 2136 dissensus
933 2111 981 2136 ex
1000 2113 1071 2137 ne-

26 2155 216 2206 'gligentia
233 2156 473 2207 excerptoris
482 2157 677 2208 profectus
693 2169 775 2195 esse
792 2157 917 2195 videri
927 2166 1068 2209 potest.

34 2215 212 2252 Ceterum
230 2227 266 2251 v.
289 2213 479 2253 Niebuhr.
501 2215 624 2311 [21211.
657 2215 749 2262 205,
774 2229 846 2266 ¹92
862 2230 954 2267 sqq.

87 2325 186 2367 Plin.
206 2326 306 2364 Hist.
347 2329 392 2365 N.
410 2330 466 2365 111
478 2357 489 2375 ,
509 2328 554 2364 13
573 2341 582 2364 :
611 2328 755 2365 Servius
768 2332 1000 2378 rexssprimas
1014 2333 1069 2366 si·-

31 2389 160 2436 gnavit
173 2399 239 2424 oes.
259 2387 386 2423 Antea
408 2388 491 2423 rudi
508 2400 590 2424 usos
604 2389 735 2424 Romoe
758 2389 920 2424 Timoeus
939 2389 1068 2426 tradit.

33 2446 192 2495 Signata
209 2455 264 2483 est
288 2454 377 2484 nota
384 2447 570 2495 pecudum
588 2460 600 2482 :
616 2447 714 2483 unde
738 2455 777 2483 et
797 2450 963 2496 pecunia
991 2461 1066 2496 ap-

30 2506 184 2552 pellata.

75 2614 167 2656 Apud
182 2616 338 2648 Etruscos
352 2639 362 2655 ,
384 2624 483 2658 supra
499 2616 634 2648 modum
650 2616 788 2649 luxuriae
802 2618 835 2649 et
850 2615 1000 2649 mollitiei
1013 2615 1064 2648 de-

34 2660 135 2702 ditos,
158 2661 296 2694 famulas
321 2662 426 2694 nudas
450 2662 635 2696 ministrare
668 2663 746 2695 viris
773 2662 887 2695 scribit
913 2662 1058 2695 Timaeus

34 2708 250 2742 Historiarum
264 2709 349 2742 libro
367 2709 485 2751 primo.

74 2803 122 2837 De
146 2804 314 2837 Penatium
346 2804 458 2837 habitu
489 2807 522 2837 et
551 2805 656 2837 forma
678 2804 821 2837 Timaeus
837 2804 1013 2837 historicus
1029 2804 1063 2836 in

35 2849 120 2884 1111110
131 2850 264 2883 modum
284 2851 399 2884 scribit
416 2860 531 2884 :sacra
542 2876 552 2893 ‚
570 2861 646 2893 quae
668 2852 701 2884 in
720 2851 819 2893 adyto
834 2852 950 2893 templi
971 2852 1064 2884 Lavi-

35 2898 151 2931 niensis
171 2902 247 2931 sunt
271 2899 451 2939 recondita,
467 2908 540 2932 esse
558 2900 702 2932 caducea
719 2900 824 2932 ferrea
846 2902 879 2932 et
900 2908 985 2932 aerea
1000 2922 1008 2937 ,
1031 2900 1065 2932 et

35 2946 206 2987 Troianum
218 2955 277 2979 vas
293 2946 402 2979 fictile.
421 2948 500 2980 Haec
514 2949 625 2980 autem
642 2947 696 2980 ille
711 2956 754 2980 ex
768 2946 849 2988 ipsis
865 2947 1004 2988 regionis
1019 2946 1065 2978 in·

34 2993 111 3026 eolis
128 3002 163 3026 se
175 2993 337 3027 audivisse
348 2994 437 3026 dicit.

71 3088 122 3130 De
133 3087 245 3129 priscis
259 3088 359 3130 igitur
382 3090 495 3122 Romae
510 3088 780 3121 aedificationibus
807 3088 878 3121 haec
906 3097 980 3130 quae
995 3087 1063 3128 jam

34 3138 111 3168 sunt
121 3135 209 3168 dicta
220 3136 367 3168 sufficere
378 3139 470 3178 puto.
486 3138 689 3169 postremam
700 3144 778 3168 vero
791 3136 861 3176 eJus
877 3135 1065 3167 aedificatio-

35 3190 127 3224 nem,
141 3183 211 3215 sive
232 3183 500 3216 constitutionem
515 3208 524 3224 ,
549 3184 620 3216 sive
638 3192 836 3224 quocunque
853 3183 915 3215 alio
930 3182 1064 3214 nomine

34 3237 102 3262 rem
117 3230 277 3272 appellare
291 3231 373 3263 velis
384 3255 394 3270 ,
410 3231 555 3264 Timaeus
572 3231 701 3263 Siculus
711 3253 720 3266 ‚
735 3230 846 3262 nescio
859 3239 959 3271 quam
973 3238 1062 3269 regu-

34 3275 98 3308 lam
113 3280 286 3318 sequutus,
300 3278 346 3310 ait
361 3278 503 3310 incidere
516 3278 549 3309 in
565 3277 652 3310 idem
671 3279 801 3318 tempus
820 3285 886 3317 quo
900 3276 1063 3315 Carthago

34 3323 248 3364 condebatur,
273 3325 305 3356 in
327 3333 448 3357 annum
475 3325 627 3357 videlicet
652 3323 855 3365 trigesimum
908 3325 1061 3357 octavum

35 3371 107 3403 ante
121 3371 259 3412 primam
271 3371 499 3415 olympiadem.

2087 164 2157 198 197

1187 240 1269 277 Hoc
1299 254 1348 278 ex
1382 240 1527 279 Timaeo
1562 242 1692 280 Siculo
1729 252 1862 282 nostro
1891 244 2166 296 depiomptum

1132 309 1214 334 esse
1237 299 1372 337 statuit
1391 299 1580 338 Niebuhr.
1603 302 1627 338 l.
1653 301 1677 339 l.
1704 314 1741 353 p.
1762 316 1859 350 '²703
1883 303 1999 354 idque
2022 305 2166 356 proba-

1131 353 1270 395 babile.
1296 358 1456 408 Legitur
1476 358 1662 409 quidem
1652 374 1691 397 111
1711 361 1806 399 Pliu.
1829 362 1910 402 ind.
1927 363 1995 403 lib.
2011 366 2167 403 XXXII

1130 415 1193 450 Ex
1226 443 1263 453 ...
1269 418 1439 454 Timoeo
1470 419 1647 466 historico,
1685 424 1750 470 qai
1766 423 1812 457 de
1828 423 2009 460 medicina
2028 427 2165 461 metal-

1131 475 1203 509 lica
1238 478 1383 524 scripsit
1408 476 1470 525 (cf.
1490 490 1573 528 cap.
1592 479 1612 515 3
1634 479 1942 532 ejusdemlibii),
1961 482 2028 521 sed
2045 496 2164 534 quum

1132 530 1180 568 de
1201 531 1276 570 hoc
1299 534 1434 572 Timaei
1459 535 1659 586 cujusdam
1690 552 1809 590 opere
1827 540 1983 580 aliunde
2009 542 2167 579 omnino

1131 589 1225 627 nihil
1250 590 1457 630 habeamus
1477 605 1737 646 compertum,
1754 598 1836 636 veri
1864 598 1987 639 simile
2009 609 2066 639 est
2102 600 2167 638 illa

1129 654 1195 699 qui
1226 651 1273 687 de
1306 653 1488 688 medicina
1525 658 1711 693 metallica
1755 662 1901 708 scripsit
1927 659 1975 698 ab
2003 661 2160 700 indocta

1132 720 1249 746 manu
1265 709 1416 748 intrusa
1439 724 1534 760 esse,
1551 713 1624 750 nisi
1640 716 1759 754 mavis
1780 718 1975 768 Timaeum,
1993 720 2164 757 omnium

1131 780 1260 805 rerum
1274 777 1539 819 scrutatorem,
1556 771 1603 809 de
1617 773 1688 811 hac
1711 788 1866 826 quoque
1890 791 1931 816 re
1955 779 1994 816 in
2015 778 2165 829 digres-

1131 827 1239 865 sione
1259 828 1388 878 aliqua
1406 829 1542 879 egisse.
1576 834 1716 870 Utrum
1735 847 1829 872 vero
1861 836 1939 874 haec
1957 838 2084 888 primo
2117 851 2165 876 an

1133 887 1384 937 sequentibus
1414 888 1523 926 libris
1547 890 1776 940 assignanda
1798 894 1887 942 sint,
1919 896 1958 933 in
1993 905 2097 934 tanta
2118 897 2166 934 de

1131 945 1246 984 rebus
1263 948 1449 986 Romanis
1477 948 1782 998 fragmentorum
1803 955 1997 1004 paucitate
2016 956 2165 993 definiri

1131 1006 1277 1057 nequit.
1300 1006 1408 1044 Idem
1435 1006 1570 1044 cadit
1559 1021 1597 1044 1n
1619 1022 1683 1056 ea,
1720 1024 1804 1062 quae
1818 1012 1898 1063 jam
1920 1013 2166 1065 subjiciemus

1132 1065 1180 1103 de
1200 1066 1443 1117 Carthaginis
1469 1066 1695 1117 originibus.

1624 1138 1685 1177 23.

1185 1210 1383 1257 Excerptt.
1406 1221 1454 1246 ex
1474 1208 1566 1247 cod.
1594 1210 1736 1248 Matrit.
1758 1210 1806 1248 ad
1826 1211 1968 1250 calcem
2003 1214 2166 1265 Polyaen.

1130 1266 1190 1305 ed.
1209 1266 1400 1317 Tychsen.
1421 1267 1461 1304 in
1481 1267 1578 1306 Bibl.
1604 1270 1781 1320 Gotting.
1811 1271 1911 1309 liter.
1935 1279 1973 1309 et
1993 1281 2063 1311 art.
2083 1282 2163 1311 ant.

1130 1329 1175 1364 T.
1193 1328 1261 1372 VI,
1283 1339 1320 1376 p.
1349 1325 1415 1363 15:
1436 1325 1612 1366 Θειοσσώ.
1635 1327 1780 1376 Ταύτην
1798 1329 1883 1382 φησὶ
1906 1329 2057 1381 Τίμαιος
2076 1331 2167 1370 κατὰ

1132 1383 1196 1436 μὲν
1224 1382 1288 1431 τὴν
1325 1383 1506 1424 Φοινίκων
1546 1387 1712 1437 γλῶσσαν
1751 1387 1924 1428 Ἑλίσσαν
1961 1391 2167 1438 καλεῖσθαι,

1131 1442 1284 1504 ἀδελφὴν
1305 1442 1342 1481 δὲ
1362 1447 1451 1482 εἶναι
1470 1445 1728 1496 Πυγμαλίωνος
1744 1451 1805 1486 τοῦ
1823 1447 1964 1502 Τυρίων
1984 1449 2168 1501 βασιλέως,

1132 1504 1177 1556 ὑφ
1180 1496 1242 1549 ’ἧς
1258 1517 1345 1556 φησι
1366 1502 1580 1556 Καρχηδόνα
1598 1503 1698 1552 ‘dlv’
1683 1520 1718 1544 εν
1742 1505 1859 1559 Λιὸύῃ
1877 1509 2072 1555 κτισθῆναι.
2093 1510 2169 1547 Του

1128 1560 1195 1615 γὰρ
1207 1560 1334 1615 ἀνδρος
1350 1562 1456 1609 αὐτῆς
1476 1562 1543 1601 υπὸ
1552 1566 1613 1602 τοῦ
1635 1566 1705 1607 Πυ,
1695 1564 1894 1616 (μαλίωνος
1914 1566 2167 1619 ἀναιρεθέντος,

1129 1619 1295 1671 ἐνθεμένη
1309 1619 1354 1658 τὰ
1373 1620 1543 1674 χρήματα
1561 1623 1606 1664 εἷς
1625 1622 1774 1677 σκάφος,
1790 1622 1878 1674 μετά
1890 1640 1997 1663 τινων
2011 1626 2166 1664 πολιτῶν

1131 1676 1255 1732 ἔφευγε
1273 1677 1333 1716 καὶΙ
1356 1677 1473 1718 πολλὰ
1490 1681 1773 1728 κακοπαθήσασα
1795 1684 1839 1734 τῇ
1858 1682 1974 1736 Λιὸύῃ
1994 1683 2169 1737 προσηνέ-

1130 1740 1223 1789 χθη,
1249 1736 1309 1776 καὶ
1335 1737 1419 1788 (υπὸ
1440 1753 1514 1776 των
1536 1739 1696 1792 Λιὸύων)
1724 1740 1781 1779 διὰ
1811 1741 1874 1789 τὴν
1897 1741 2031 1790 πολλὴν
2060 1745 2169 1790 αὖτης

1129 1796 1268 1843 πλάνην
1283 1795 1397 1835 Δειδὼ
1420 1797 1723 1852 προσηγορεύθη’
1708 1801 1922 1854 επιχωρίοις.
1945 1801 2108 1840 Κτίσασα
2129 1802 2167 1841 δὲ

1129 1854 1192 1904 τὴν
1212 1855 1471 1909 προειρημένην
1489 1855 1604 1904 πόλιν,
1635 1861 1696 1895 τοῦ
1728 1861 1798 1897 τῶν
1827 1858 1971 1898 Λιὸύων
1994 1859 2167 1912 βασιλεως

1129 1914 1287 1959 θέλοντος
1316 1914 1425 1962 αὐτὴν
1454 1917 1591 1967 γῆμαι,
1617 1914 1706 1963 αὐτὴ
1731 1915 1794 1967 μὲν
1823 1917 2019 1970 ἀντέλεγεν,
2043 1918 2111 1957 ὑπὸ
2129 1918 2165 1957 δὲ

1129 1976 1200 2017 τῶν
1227 1974 1389 2012 πολιτῶν,
1408 1973 1742 2025 συναναγκαζομένη
1757 2006 1767 2023 ,
1788 1975 2000 2030 σκηψαμένη
2022 1976 2164 2024 τελετὴν

1128 2032 1216 2087 πρὸς
1236 2031 1402 2076 ἀνάλυσιν
1418 2031 1531 2086 ὅρκων
1553 2033 1778 2083 ἐπιτελέσειν,
1791 2034 1906 2088 πυρὰν
1923 2035 2092 2108 μεγίστην
2105 2037 2165 2106 gy:

1129 2090 1190 2143 γυς
1205 2094 1267 2129 τοῦ
1285 2090 1382 2130 οἴκου
1413 2091 1734 2140 κατασκευάσασα,
1759 2109 1819 2131 και
1847 2094 1994 2147 ἅψασα,
2015 2094 2086 2133 ἀπὸ
2103 2110 2164 2133 του

1129 2149 1290 2201 δώματος
1317 2148 1427 2197 αὑτὴν
1461 2151 1509 2194 εἷς
1538 2149 1602 2198 τὴν
1625 2149 1742 2215 πυρὰν
1773 2150 1925 2206 ἔῤῥιψεν.
1950 2154 2007 2192 Cf.
2026 2154 2163 2192 Justin.

1128 2211 1272 2257 XVIII,
1296 2210 1333 2247 6.

1185 2267 1348 2308 Θειοσσὼ
1369 2282 1510 2306 nomen
1532 2269 1598 2307 vix
1622 2270 1842 2320 genuinum.
1868 2271 2024 2322 Itaque,
2044 2285 2163 2321 quum

1128 2327 1233 2378 apud
1267 2327 1589 2379 Ethnographum
1629 2328 1799 2380 legamus
1836 2330 2107 2380 Carthaginem
2141 2344 2163 2367 a

1128 2386 1268 2424 Graecis
1301 2384 1502 2425 Οἴνουσσαν
1537 2395 1731 2425 vocatam.
1750 2400 1852 2435 esse,
1884 2388 2011 2426 editor
2048 2387 2163 2438 hujus

1130 2445 1335 2496 fragmenti
1375 2459 1455 2483 non
1490 2445 1572 2484 sine
1604 2447 1688 2484 veri
1716 2447 1845 2497 specie
1877 2447 2095 2498 suspicatur
2122 2447 2161 2484 in

1128 2503 1291 2543 Θειοσσὼ
1308 2505 1428 2542 latere
1446 2503 1640 2549 Οἴνουσσα.
1755 2499 1760 2502 ’

1167 2616 1312 2648 Timaeus
1324 2592 1413 2648 olim
1428 2620 1461 2648 et
1479 2592 1601 2649 *Callias
1619 2593 1793 2656 dixerunt,
1813 2618 1948 2648 Romam
1965 2623 2036 2647 esse
2051 2615 2161 2648 condi-

1123 2665 1190 2697 tam
1203 2663 1289 2696 circa
1305 2663 1435 2706 olymp.
1456 2665 1483 2695 Ι.

1610 2732 1673 2765 23.

1164 2802 1314 2835 Thiosso.
1325 2802 1418 2834 Hanc
1427 2800 1506 2835 dicit
1521 2799 1665 2832 Timaeus
1675 2798 1865 2831 Phoenicum
1878 2797 1985 2839 lingua
1997 2799 2156 2833 Helissam

1122 2850 1316 2891 appellatam
1341 2857 1486 2880 sororem
1506 2856 1578 2880 esse
1599 2846 1835 2887 Pygmalionis,
1858 2846 1941 2886 regis
1963 2847 2155 2889 Tyriorum,

1124 2906 1198 2938 quae
1222 2896 1453 2936 Carthaginem
1479 2894 1512 2925 in
1536 2894 1639 2934 Libya
1664 2892 1874 2924 condidisset.
1901 2893 2031 2926 Etenim
2053 2904 2156 2936 quum

1124 2944 1261 2976 maritus
1277 2944 1347 2983 ejus
1373 2951 1392 2973 a
1413 2941 1625 2982 Pygmalione
1646 2939 1837 2971 interfectus
1858 2942 1962 2980 esset,
1984 2941 2102 2982 opibus
2123 2943 2156 2975 in

1125 2990 1266 3023 navibus
1282 2988 1456 3030 impositis,
1471 2996 1548 3019 cum
1564 2987 1687 3018 civium
1699 2986 1864 3021 nonnullis
1879 2986 1972 3027 sugit,
1986 2990 2019 3020 et
2034 2990 2157 3022 multas

1124 3045 1275 3079 perpessa
1306 3035 1505 3068 calamitates
1523 3034 1658 3074 Libyam
1669 3033 1806 3074 appulit,
1823 3033 1876 3065 ubi
1892 3035 2022 3075 propter
2036 3036 2157 3069 multos

1125 3094 1202 3118 suos
1214 3092 1338 3116 errores
1354 3082 1395 3114 ab
1412 3081 1572 3122 indigenis
1588 3080 1747 3121 appellata
1762 3082 1812 3112 est
1825 3081 1922 3114 Dido.
1941 3082 2083 3116 Condita
2096 3093 2150 3116 au-

1123 3134 1190 3165 tem
1207 3139 1305 3172 quam
1320 3129 1467 3161 diximus
1483 3128 1574 3168 urbe,
1589 3137 1691 3168 quum
1711 3136 1765 3160 rex
1780 3128 1962 3174 Libyorum
1974 3130 2074 3163 vellet
2085 3140 2156 3164 eam

1124 3179 1252 3217 ducere,
1267 3177 1339 3218 ipsa
1357 3175 1489 3216 quidem
1507 3175 1682 3215 recusavit,
1696 3174 1752 3207 sed
1766 3184 1870 3216 quum
1892 3184 1911 3208 a
1925 3176 2052 3210 civibus
2065 3187 2156 3220 coge-

1123 3223 1386 3263 retur‚simulans
1402 3231 1437 3254 se
1460 3231 1551 3254 sacra
1564 3222 1747 3263 juramento
1762 3223 1924 3263 promissa
1938 3223 2007 3264 (vel
2028 3225 2069 3257 ad
2091 3226 2155 3258 sol⁴

1122 3271 1228 3303 venda
1242 3271 1337 3311 pacta
1347 3277 1422 3301 cum
1441 3268 1547 3309 priore
1580 3269 1709 3307 marito)
1728 3269 1943 3310 perfecturam
1969 3279 2049 3312 esse,
2077 3282 2155 3313 rogo

1122 3316 1265 3349 maximo
1289 3324 1388 3357 prope
1413 3315 1647 3348 habitationem
1671 3317 1839 3348 exstructo
1869 3317 1902 3349 et
1932 3317 2078 3360 incenso,
2113 3318 2156 3352 de

1121 3365 1219 3398 domo
1239 3364 1271 3396 111
1289 3372 1364 3396 eum
1382 3372 1416 3396 se
1432 3363 1558 3405 dejecit.
