2320 3684
606 142 940 183 APOLLODORI
967 144 1325 187 BIBLIOTHECAE
1352 149 1427 199 ΙΙΙ,
1463 155 1499 196 4,
1537 155 1573 189 5.

49 229 1071 253 ὑηφῇηὴὶήὑύὺΐύύὺἠὺῆἡῆῢήῆ

99 283 157 327 Τὰ
173 283 328 336 ὀνόματα
340 285 410 323 τῶν
422 282 616 325 Ἀκταίονος
627 283 754 320 κυνῶν.
775 280 837 326 Ἐξ
854 275 902 320 ὧν
917 276 1073 321 oiim-off*

130 377 177 415 Δὴ
198 379 252 407 νῦν
270 375 365 407 καλὸν
381 377 476 415 σῶμα
488 371 684 415 περισταδὸν,
706 372 781 411 ἠύτε
796 372 895 414 θῆρες,

128 423 218 455 τοῦδε
230 422 363 454 δάσαντο
375 422 462 458 κύνες
477 418 618 462 κρατεροί
637 428 644 435 ·
661 419 755 456 πέλας
768 419 883 461 Ἄρκυα
898 419 1016 462 πρώτη.

210 469 287 511 μετὰ
304 469 430 508 ταύτην,
453 468 571 508 ἄλκιμα
586 466 677 498 τέκνα
695 482 707 499 2

130 515 270 558 Λυγκεὺς
286 514 340 547 καὶ
361 513 458 551 Βάνος
474 514 571 551 πόδας
586 513 703 554 ἀνετὸς,
725 513 774 552 ἠδ’
787 511 979 555 Ἀμάρυνθος.

48 562 119 602 Καὶ
136 561 214 606 τοὺς
233 561 400 613 ὀνομαστὶ
419 559 610 612 διήνεγκεν,
636 562 683 604 ὡς
698 558 873 605 κατέλεξε.

132 620 207 662 [Καὶ
226 620 299 653 τότε
313 619 461 653 Ἀκταίων
477 619 581 652 ἔθανεν
597 619 671 656 Διὸς
686 618 867 660 ἐννεσίῃσι.]

128 668 254 709 Πρῶτοι
269 666 328 709 γὰρ
345 666 438 708 μέλαν
454 665 533 707 αἷμα
546 665 616 697 πίον
633 665 789 707 σφετέροιο
801 665 932 701 ἄνακτος

129 713 266 756 Σπαρσὸς
282 713 309 745 τ’
322 713 378 753 ὢν,
392 711 495 756 Ἄργός
508 723 555 752 τε,
577 713 675 755 Βορῆς
690 713 717 744 τ’
731 712 997 754 αἰψηροκέλευθος.

131 759 208 802 [Τοῦ
223 760 249 792 δ’
262 760 442 797 Ἀκταίωνος
456 762 573 803 πρῶτοι
585 758 693 801 φάγον,
715 759 794 800 αἷμα
807 759 834 791 δ’
849 757 991 800 ἐλαψαν·]

130 808 211 845 Τοὺς
232 807 266 840 δὲ
289 807 353 849 μέτ’
375 807 461 839 ἄλλοι
483 807 594 844 πάντες
611 806 779 839 ἐπέσσυθεν
792 806 1004 848 ἐμμεμαῶτες.
1062 812 1064 814 ’

129 854 311 899 (Ἄργαλέων
327 855 448 887 ὀδυνῶν
464 855 538 892 ἄκος
560 854 688 896 ἔμμεναι
705 853 938 896 ἀνθρώποισιν.)

184 929 889 953 ὺρᾒὴῡήἑήἠἈ-ἠῆήῆήη

400 1071 653 1104 ΚΕΦΑΛΑΙΟΝ
673 1071 725 1103 Ε’.

99 1156 155 1209 (1)
173 1155 337 1200 Διόνυσος
350 1154 387 1194 δὲ
403 1150 543 1209 εὑρετὴς
559 1153 719 1206 ἀμπέλου
737 1153 920 1207 γενόμενος
934 1185 944 1203 ,
961 1152 1079 1209 Ἤρας

48 1215 178 1268 μανίαν
199 1216 294 1268 αὐτῷ
311 1212 545 1266 ἐμὸαλούσης,
566 1214 824 1267 περιπλανᾶται
846 1213 1026 1265 Αἴγυπτόν
1041 1230 1079 1252 τε

47 1274 107 1314 καὶ
125 1273 269 1329 Συρίαν.
284 1273 376 1312 2Kod¹
392 1272 433 1311 τὸ
453 1271 516 1324 μὲν
532 1274 672 1326 πρῶτον
689 1270 856 1346 Πτρωτεὺς
873 1272 975 1310 αὐτὸν
995 1275 1079 1311 ὑπο-

49 1332 190 1387 δέχεται
217 1330 378 1385 βασιλεὺς
407 1330 623 1383 Αἰγυπτίων.
643 1330 660 1355 ³
676 1333 783 1374 Αυθις
801 1329 837 1368 δὲ
863 1332 910 1374 εἷς
935 1330 1079 1370 Κύὸελα

48 1395 111 1440 τῆς
131 1391 292 1447 Φρυγίας
312 1393 519 1446 ἀφικνεῖται·
539 1392 641 1428 κάκεῖ
667 1390 851 1445 καθαρθεὶς
873 1389 941 1428 ὑπὸ
962 1389 1078 1439 Ῥέας,

48 1451 108 1490 καὶ
128 1451 190 1495 τὰς
216 1450 358 1494 τελετὰς
386 1448 571 1501 ἐκμαθὼν,
606 1448 666 1487 καὶ
698 1448 818 1488 λαὸὼν
841 1449 924 1503 παρ’
947 1449 1080 1496 ἐκείνης

46 1509 111 1558 τὴν
139 1508 291 1559 στολὴν,
322 1508 380 1547 ἐπὶ
404 1506 534 1552 Ἰνδοὺς
559 1507 618 1546 διὰ
643 1510 706 1554 τῆς
731 1507 878 1562 Θράκης
901 1508 1077 1560 ἠπείγετο.

47 1571 269 1624 4Λυκοῧργος
290 1567 346 1618 δὲ’,
368 1571 451 1612 παῖς
466 1567 659 1622 Δρύαντος,
686 1567 853 1607 Ἠδωνῶν
871 1567 1078 1621 βασιλεύων,

47 1628 82 1669 οἳ
105 1628 294 1683 Στρυμόνα
319 1627 478 1679 ποταμὸν
509 1630 737 1681 παροικοῦσι,
769 1629 907 1681 πρῶτος
934 1627 1080 1682 ὖὸρίσας

49 1687 209 1734 ἐξέὸαλεν
227 1685 343 1726 αὐτόν.
357 1686 447 1726 5Καὶ
465 1685 630 1730 Διόνυσος
652 1685 716 1738 μὲν
734 1687 781 1730 εἷς
799 1686 978 1726 θάλασσαν
995 1686 1080 1742 πρὸς

36 1745 161 1788 ’Θέτιν
186 1745 250 1794 τὴν
275 1742 424 1800 Νηρέως
454 1744 640 1800 κατέφυγε·
675 1745 817 1798 Βάκχαι
850 1744 887 1784 δὲ
920 1745 1079 1798 ἐγένοντο

50 1805 273 1859 αἰχμάλωτοι
308 1804 368 1843 καὶ
402 1803 443 1843 τὸ
478 1803 712 1856 συνεπόμενον
749 1802 919 1858 Σατύρων
947 1806 1079 1852 πλῆθος

50 1866 155 1918 αὐτῷ.
172 1864 190 1890 ⁶
205 1859 310 1908 Αῧθις
328 1862 364 1902 δὲ
390 1865 425 1902 αἱ
442 1863 584 1916 Βάκχαι
611 1862 784 1911 ἐλύθησαν
809 1863 989 1918 ἐξαίφνης·
1009 1867 1079 1903 Λυ-

48 1919 186 1978 κούργῳ
203 1921 240 1961 δὲ
258 1922 386 1974 μανίαν
404 1921 548 1970 ἐποίησε
563 1921 739 1966 Διόνυσος.
759 1922 804 1962 Ὁ
823 1921 880 1972 δὲ,
899 1922 1077 1975 μεμηνὼς,

48 1981 211 2036 Δρύαντα
225 1982 284 2021 τὸν
302 1982 425 2031 παῖδα,
441 1980 601 2033 ἀμπέλου
618 1981 769 2033 νομίζων
784 1983 906 2034 κλῆμα
922 1982 1076 2032 κόπτειν,

12 2083 15 2085 ,
49 2040 188 2081 πελέκει
204 2040 357 2090 πλήξας,
374 2039 576 2088 ἀπέκτεινε,
594 2040 653 2079 καὶ
675 2041 943 2095 ἀκρωτηριάσας
960 2042 1077 2091 αὐτὸν,

48 2099 281 2156 ἐσωφρόνησε.
299 2101 394 2150 7Τῆς
411 2099 528 2151 δὲιγῆς
536 2100 695 2154 ἀκάρπου
716 2099 887 2152 μενούσης
899 2131 909 2150 ,
929 2100 1077 2155 ἔχρησεν

20 2154 22 2156 ’
49 2161 68 2199 ὁ
91 2159 186 2208 θεὸς,
203 2153 483 2213 καρποφορήσειν
504 2157 634 2207 αὐτὴν,
655 2158 696 2197 ἂν
717 2161 901 2212 θανατωθῇ
919 2162 1080 2214 Λυκοῦρ-

26 2227 34 2230 “
48 2233 122 2269 γος.
146 2217 298 2257 Ἠδωνοὶ
319 2215 355 2256 δὲ
378 2215 607 2266 ἀκούσαντες,
634 2219 681 2261 εἰς
704 2217 744 2256 τὸ
765 2219 951 2270 Παγγαῖον
975 2219 1078 2258 αὐτὸν

51 2275 292 2328 ἀπαγαγόντες
306 2275 402 2330 ὄρος,
421 2274 570 2325 ἔδησαν,
588 2277 690 2315 κάκεῖ
710 2275 801 2315 κατὰ
811 2275 980 2316 Διονύσου
999 2277 1081 2330 βού-

48 2335 151 2383 λησιν
168 2334 235 2380 ὑπὸ
250 2333 369 2373 ἵππων
389 2332 588 2388 διαφθαρεὶς
604 2333 767 2374 ἀπέθανε.
852 2370 854 2372 ,

102 2394 159 2447 (2)
180 2392 334 2433 Διελθὼν
356 2391 392 2432 δὲ
412 2392 573 2456 Θρᾴκην,
593 2393 653 2432 καὶ
670 2392 734 2441 τὴν
753 2393 903 2441 Ἰνδικὴν
924 2393 1078 2445 ἅπασαν,

50 2452 179 2501 στήλας
192 2453 263 2492 ἐκεῖ
282 2451 426 2502 στήσας,
440 2457 524 2500 ἡκεν
546 2454 594 2498 εἷς
607 2451 744 2500 Θήὸας·
764 2452 824 2491 καὶ
842 2452 902 2498 τὰς
914 2460 1080 2505 γυναῖκας

49 2511 226 2563 ἠνάγκασε
254 2510 516 2555 καταλιπούσας
535 2511 597 2556 τὰς
626 2511 737 2556 οἰκίας
756 2511 941 2565 βακχεύειν
974 2515 1010 2552 ἐν
1027 2515 1078 2568 τῷ

52 2572 252 2625 Κιθαιρῶνι.
270 2569 446 2615 ΖΙΠενθεὺς
456 2569 506 2620 δὲ,
523 2570 697 2622 γεννηθεὶς
711 2570 745 2616 ἐξ
760 2571 908 2623 Ἀγαυῆς
927 2571 1077 2625 Ἐχίονι,

49 2630 144 2685 παρὰ
160 2630 309 2683 Κάδμου
328 2629 477 2685 εἰληφὼς
493 2629 557 2677 τὴν
575 2630 768 2685 βασιλείαν,
787 2631 952 2670 διεκώλυε
967 2637 1079 2672 ταῦτα

0 2726 1 2742 ÷
49 2688 212 2741 γίνεσθαι.
255 2689 327 2729 Καὶ
361 2688 645 2743 παραγενόμενος
682 2691 729 2734 εἷς
767 2692 972 2745 Κιθαιρῶνα
1008 2694 1077 2730 τῶν

54 2748 201 2800 Βακχῶν
218 2747 459 2796 κατάσκοπος,
480 2747 547 2786 ὑπὸ
569 2750 632 2796 τ’ἥς
662 2748 793 2802 μητρὸς
809 2748 957 2800 Ἀγαυῆς
987 2749 1079 2789 κατὰ

52 2806 176 2857 μανίαν
194 2805 391 2859 ἐμελεΐσθη.
417 2806 586 2858 Ἐνόμισε
616 2806 683 2861 γὰρ
707 2809 810 2846 αὐτὸν
839 2809 956 2863 θηρίον
975 2803 1074 2852 εἶναι,

50 2865 193 2911 ῧΔείξας
214 2865 250 2905 δὲ
267 2865 439 2914 Θηὸαίοις
465 2865 518 2905 ὅτι
535 2866 608 2911 θεός
627 2868 720 2906 ἐστιν
733 2898 743 2916 ,
771 2861 854 2914 ἧκεν
878 2870 925 2912 εἷς
945 2866 1077 2923 Ἄργος·

41 2924 148 2971 ,κάκεῖ
163 2924 269 2963 πάλιν
289 2926 328 2963 οὖ
349 2923 534 2976 τιμώντων
561 2925 685 2975 αὐτὸν,
712 2925 858 2978 ἐξέμηνε
876 2926 938 2972 τὰς
953 2934 1079 2979 γυναῖ-

49 2992 122 3026 κᾱς.
143 2985 189 3022 Αἱ
206 2982 262 3032 δὲ,
289 2984 324 3022 ἐν
344 2989 416 3027 τοῖς
434 2983 530 3038 ὄρεσι
551 2983 631 3028 τοὺς
649 2985 914 3037 ἐπιμαστιδίους
931 2986 1078 3039 ἔχουσαι

40 3041 190 3090 ’·παῖδας,
209 3041 270 3086 τὰς
288 3042 421 3096 σάρκας
437 3044 552 3082 αὐτῶν
573 3044 765 3083 ἐσιτοῦντο.
787 3046 841 3096 (3)
862 3045 1079 3097 Βουλόμενος

50 3096 86 3137 δὲ
105 3099 177 3149 ἀπὸγ
190 3103 253 3148 τῆς
270 3100 422 3155 Ἰκαρίας
437 3103 485 3145 εἷς
502 3101 617 3147 Νάξον
637 3103 920 3154 διακομισθῆναι,
939 3106 1079 3157 Τυρῥη-

49 3159 116 3208 νῶν
125 3158 315 3213 λῃστρικὴν
334 3159 555 3211 ἐμισθώσατο
570 3161 708 3216 τριήρη.
724 3165 770 3202 Οἱ
791 3162 841 3210 δὲ,
863 3163 965 3201 αὐτὸν
984 3162 1079 3200 ἐνθέ-

51 3230 165 3267 μενοι,
188 3217 302 3263 Νάξον
322 3217 384 3270 μὲν
404 3218 616 3272 παρέπλεον,
633 3220 820 3272 ἠπείγοντο
837 3219 874 3259 δὲ
895 3223 942 3264 εἷς
961 3221 1077 3259 Ἀσίαν

53 3272 367 3326 ἀπεμπολήσοντες.
382 3271 399 3296 ²
412 3276 458 3316 ‘O
480 3276 517 3316 δὲ
536 3278 594 3317 τὸν
618 3277 682 3330 μὲν
708 3279 803 3318 ἱστὸν
832 3278 892 3317 καὶ
918 3278 978 3322 τὰς
1005 3279 1080 3317 κώ-

53 3349 119 3379 πας
149 3335 310 3384 ἐποίησεν
339 3334 450 3389 ὄφεις,
483 3335 522 3374 τὸ
551 3335 588 3375 δὲ
604 3362 606 3364 v
623 3337 755 3392 σκάφος
789 3336 921 3386 ἔπλησε
954 3341 1077 3377 κισσοῦ

2079 158 2152 192 155

1262 235 1955 258 *ἣὶήἠήἠὶὺὺῢῢῄῒήἣ

1167 292 1307 325 Nomina
1321 301 1440 327 canum
1452 296 1614 328 Actaeonis
1630 305 1638 327 :
1654 296 1709 313 ***

1168 368 1234 399 Jam
1243 369 1384 409 pulcrum
1401 370 1428 410 ej
1434 382 1467 401 us
1478 382 1590 412 corpus
1599 372 1834 404 circumstantes
1842 372 1875 403 iu
1882 373 2008 403 modum
2017 372 2153 404 ferarum

1170 416 1380 447 dilacerat-unt
1394 428 1485 448 canes
1497 420 1603 450 validi.
1627 421 1671 450 Ac
1687 421 1789 461 Arcya
1803 421 1904 461 prima

1226 464 1401 503 posthanc,
1421 465 1512 496 fortis
1532 468 1649 507 proles,

1170 510 1312 548 Lynceus
1334 517 1364 540 et
1379 513 1479 541 Bauus
1501 514 1632 552 pedibus
1646 515 1738 555 celer,
1761 521 1854 555 atque
1869 515 2090 556 Amarynthus.

1129 564 1170 594 Et
1183 563 1242 595 hos
1263 565 1455 597 nominatim
1477 567 1611 608 protulit
1627 569 1662 600 in
1677 569 1944 602 enumeratione:

1172 614 1231 656 [Ac
1246 623 1311 645 tum
1325 618 1453 648 Actaeou
1475 620 1648 651 occubuitJ
1651 624 1715 651 ovis
1730 621 1882 664 numine]

1172 662 1266 691 Primi
1282 663 1363 692 enim
1376 666 1500 703 nigrum
1513 667 1694 706 sanguinem
1709 669 1858 698 biberunt
1876 669 1996 699 domini
2010 671 2072 699 suh

1172 711 1302 749 Spartus
1318 712 1481 751 Argusque
1496 714 1652 754 Boresque
1669 715 1809 745 celeriter
1822 717 1901 747 viam
1918 717 2093 747 conficiens.

1174 756 1228 798 [Hi
1249 757 1343 797 primi
1359 759 1491 788 ederunt
1504 762 1641 791 membra
1665 764 1817 793 Actaeonis
1830 771 1861 794 et
1874 767 2056 805 sauguinem
2079 765 2158 794 lam·

1173 807 1246 834 Post
1258 806 1312 834 hos
1326 816 1400 835 vero
1410 806 1525 847 reliqui
1535 818 1641 838 omnes
1649 817 1795 849 prompte
1803 811 1972 841 irruerunt.
2000 811 2129 853 [berunt
2143 807 2156 848 i

1171 852 1340 892 (Saevorum
1355 853 1498 883 dolorum
1513 855 1682 885 remedium
1692 867 1757 887 esse
1768 858 1972 899 hominihus.)

1263 922 1965 945 ****************

1543 1066 1681 1098 CAPUT
1703 1066 1745 1097 V.

1176 1163 1224 1204 (1)
1259 1163 1406 1197 Bacchus
1417 1186 1427 1203 ,
1442 1163 1522 1196 vitis
1537 1163 1687 1196 inventor
1701 1187 1710 1203 ,
1729 1163 1837 1196 surore
1858 1173 1878 1196 a
1893 1166 1912 1196 J
1916 1174 2021 1198 unone
2042 1165 2160 1207 injecto

1132 1223 1274 1264 percitus
1282 1224 1456 1264 AEgyptum
1466 1223 1608 1265 pererrat
1617 1225 1649 1255 et
1658 1222 1795 1264 Syriam.
1804 1225 1865 1254 ²Ac
1877 1223 2018 1264 primum
2028 1224 2160 1265 quidem

1132 1283 1286 1321 Proteus,
1301 1290 1356 1314 rex
1371 1281 1609 1323 AEgyptiorum‚
1623 1281 1764 1322 hospitio
1778 1290 1852 1314 eum
1869 1281 2006 1322 excepit.
2023 1282 2162 1314 ³neinde

1132 1339 1173 1372 ad
1191 1339 1351 1381 Cybelum
1369 1339 1518 1380 Phrygiae
1542 1340 1686 1371 montem
1704 1340 1870 1380 pervenit,
1900 1339 2010 1380 ibique
2032 1348 2051 1371 a
2075 1340 2163 1372 Rhea

1133 1408 1220 1432 sanae
1232 1398 1332 1431 menti
1349 1399 1519 1431 restitutus
1534 1399 1568 1430 et
1585 1398 1795 1430 caeremonias
1809 1397 1957 1439 edoctus,
1976 1399 2107 1439 accepta
2122 1398 2162 1430 ab

1133 1458 1187 1490 illa
1202 1457 1297 1498 stola,
1311 1457 1351 1489 ad
1369 1457 1468 1489 Indos
1482 1456 1520 1497 (P)
1534 1465 1591 1498 per
1600 1456 1770 1488 Thraciam
1784 1456 1961 1489 contendit.
1978 1458 2162 1498 ⁴Lycurgus

1132 1523 1211 1547 vero
1227 1514 1381 1555 Dryantis
1396 1513 1495 1554 filius,
1517 1522 1572 1546 rex
1586 1513 1778 1545 Edonorum
1800 1513 1857 1554 qui
1877 1515 2083 1555 Strymonem
2103 1514 2162 1546 ssu-

1133 1574 1224 1606 vium
1231 1574 1392 1612 accolunt,
1401 1582 1477 1605 eum
1486 1572 1682 1605 contumelia
1692 1572 1846 1616 affectum
1858 1573 1961 1613 eJ'ecit.
1971 1578 1985 1596 ⁶
1993 1575 2076 1605 Tum
2086 1575 2163 1606 Bac-

1133 1633 1213 1664 chus
1228 1632 1261 1663 in
1274 1641 1363 1664 mare
1376 1631 1418 1663 ad
1433 1630 1602 1663 Thetidem
1623 1630 1715 1662 Nerei
1728 1629 1826 1661 filiam
1846 1630 2008 1671 confugit;
2027 1632 2163 1664 Bacchae

1133 1692 1242 1723 autem
1256 1693 1289 1723 et
1300 1699 1374 1731 quae
1390 1699 1466 1722 eum
1479 1689 1696 1722 comitabatur
1712 1690 1899 1730 Satyrorum
1914 1689 2009 1722 turba
2024 1690 2164 1732 captivae

1133 1752 1166 1784 in
1184 1751 1315 1784 vincula
1325 1751 1479 1792 conjectae
1495 1752 1583 1782 sunt.
1603 1751 1696 1782 eMox
1708 1758 1785 1781 vero
1801 1750 1935 1782 Bacchae
1945 1752 2075 1791 repente
2087 1752 2165 1784 sunt

1132 1810 1276 1843 liberatae
1283 1821 1293 1851 3
1311 1811 1459 1854 Lycurgo
1470 1809 1558 1841 enim
1569 1809 1714 1840 Bacchus
1728 1808 1871 1840 furorem
1880 1808 2000 1850 injecit.
2014 1811 2097 1841 Tum
2107 1810 2165 1842 ille

1132 1869 1274 1902 amentia
1288 1877 1435 1911 praeceps
1450 1870 1628 1910 Dryantem
1648 1867 1763 1908 filium,
1777 1868 1856 1900 vitis
1870 1868 2036 1910 palmitem
2060 1878 2095 1902 se
2114 1878 2163 1902 ra-

1133 1933 1188 1964 tus
1212 1932 1398 1972 amputare,
1417 1929 1524 1962 securi
1548 1937 1740 1971 percussum
1757 1929 1886 1967 occidit;
1909 1929 1966 1962 sed
1988 1931 2163 1971 postquam

1133 1990 1277 2032 corporis
1293 1990 1514 2023 extremitates
1532 1989 1562 2021 ei
1576 1989 1778 2030 praeciderat,
1791 1988 1937 2029 resipuit.
1953 1989 2091 2022 ⁷Deinde
2108 1989 2163 2021 ubi

1133 2051 1217 2082 terra
1230 2049 1335 2082 nullas
1348 2049 1575 2091 suppeditabat
1584 2048 1703 2089 fruges,
1717 2047 1798 2080 deus
1811 2047 2006 2080 vaticinatus
2019 2049 2081 2088 est,
2093 2049 2162 2080 tum

1133 2118 1226 2150 agros
1243 2110 1441 2142 fertilitatem
1462 2110 1728 2150 recuperaturos,
1747 2116 1848 2148 quum
1868 2109 2034 2149 Lycurgus
2059 2110 2163 2140 morte

1133 2170 1289 2202 multatus
1302 2169 1410 2201 suerit.
1422 2171 1495 2206 Quo
1507 2169 1640 2209 accepto
1650 2166 1781 2198 oraculo
1791 2166 1920 2198 Edoues
1930 2166 2022 2198 illum
2039 2167 2072 2199 in
2085 2169 2164 2199 Pan-

1133 2238 1239 2270 gaeum
1254 2230 1400 2262 montem
1411 2227 1590 2259 abductum
1607 2226 1642 2258 in
1657 2225 1790 2258 vincula
1812 2226 2035 2266 conjecerunt,
2051 2226 2162 2267 ibique

1133 2298 1175 2321 ex
1189 2287 1308 2321 Bacchi
1323 2290 1402 2320 voto
1417 2286 1511 2328 equis
1527 2285 1701 2318 dilaniatus
1716 2284 1881 2317 occubuit.

1177 2406 1223 2448 (2)
1237 2404 1383 2438 Bacchus
1395 2411 1474 2435 vero
1485 2403 1561 2444 post
1572 2401 1742 2434 Thraciam
1753 2400 1862 2442 (atque
1878 2400 2017 2442 Indiam)
2031 2400 2161 2433 univer-

1133 2469 1203 2493 sam
1218 2458 1431 2501 peragratam,
1449 2455 1565 2498 positis
1581 2454 1627 2486 ibi
1645 2454 1745 2489 stelis,
1760 2454 1849 2486 venit
1866 2454 2003 2493 Thebas,
2019 2453 2074 2485 ubi
2091 2463 2161 2485 mu-

1133 2512 1228 2545 lieres
1242 2535 1251 2551 ‚
1268 2510 1391 2543 relictis
1413 2509 1588 2549 domibus,
1615 2507 1724 2539 surore
1745 2505 1901 2539 bacchico
1924 2506 1958 2537 in
1979 2505 2162 2538 Cithaerone

1133 2566 1343 2599 discursitare
1355 2565 1470 2606 coegit.
1488 2568 1502 2585 ²
1512 2563 1674 2596 Pentheus
1692 2564 1812 2600 autem,
1831 2563 1953 2600 Agaves
1964 2563 1995 2591 et
2008 2560 2160 2592 Echionis

1133 2621 1228 2661 filius,
1238 2620 1294 2661 qui
1302 2619 1426 2652 Cadmo
1440 2619 1474 2650 in
1485 2626 1582 2657 regno
1592 2617 1800 2654 successerat,
1816 2614 1886 2645 haec
1901 2613 1941 2644 ab
1955 2613 2017 2644 illis
2029 2612 2096 2644 fieri
2106 2622 2161 2645 vo-

1133 2674 1195 2706 luit
1208 2673 1399 2715 prohihere3
1418 2671 1476 2703 sed
1491 2678 1593 2711 quum
1609 2670 1641 2700 in
1656 2669 1873 2701 Cithaeronem
1891 2666 2032 2698 Bacchas
2049 2674 2160 2706 specu-

1133 2727 1259 2759 laturus
1279 2734 1350 2758 sese
1370 2724 1583 2762 contulisset,
1608 2722 1649 2754 ab
1665 2724 1773 2761 Agave
1793 2721 1895 2750 matre
1907 2742 1917 2758 ,
1945 2727 2001 2759 per
2018 2718 2160 2751 furorem

1133 2789 1209 2812 eum
1235 2780 1338 2811 seram
1367 2786 1439 2810 esse
1465 2776 1621 2808 arbitrata
1635 2797 1643 2813 ,
1664 2773 1868 2805 membratim
1892 2771 2071 2812 discerptus
2098 2775 2159 2804 est.

1133 2833 1271 2866 ³Deinde
1277 2831 1435 2870 Bacchus,
1445 2831 1616 2871 postquam
1631 2836 1665 2859 se
1679 2826 1777 2857 deum
1787 2833 1858 2857 esse
1866 2823 2027 2856 Thebanis
2033 2824 2163 2857 demon-

1134 2893 1315 2929 straverat,
1334 2888 1498 2930 profectus
1521 2888 1570 2918 est
1591 2888 1715 2925 Argos3
1741 2882 1797 2914 ubi
1814 2891 1916 2923 quum
1931 2882 2046 2914 eodem
2061 2882 2162 2915 modo

1132 2949 1357 2989 negligeretur,
1376 2943 1567 2976 mulieribus
1584 2940 1694 2981 injecit
1717 2939 1888 2972 insaniam.
1911 2940 1971 2970 Hae
1999 2938 2109 2980 itaque
2125 2940 2159 2972 in

1133 3006 1299 3039 montibus
1324 3002 1532 3041 lactentium,
1559 3008 1641 3040 quos
1666 3007 1776 3030 secum
1797 2997 1999 3036 extulerant,
2020 2995 2161 3029 filiorum

1132 3063 1285 3097 carnibus
1300 3060 1523 3093 vescebantur.
1540 3057 1586 3098 (3)
1602 3059 1680 3090 Post
1693 3065 1794 3098 quum
1808 3056 1849 3088 ab
1863 3056 1966 3089 Icaria
1981 3055 2016 3088 in
2031 3058 2160 3088 Naxum

1132 3119 1299 3152 transvehi
1315 3117 1464 3158 cuperet,
1482 3113 1711 3156 praedatoriam
1733 3113 1975 3154 Tyrrhenorum
1994 3114 2159 3146 triremem

1133 3175 1280 3208 mercede
1299 3173 1466 3205 conduxit.
1484 3171 1548 3204 Sed
1561 3170 1736 3212 Tyrrheni,
1753 3170 1814 3202 deo
1837 3170 1871 3202 in
1888 3178 1972 3202 nave
1989 3169 2160 3212 imposito,

1133 3232 1214 3265 Naxi
1230 3232 1322 3263 litora
1334 3229 1563 3271 praeterlegunt
1578 3229 1676 3269 atque
1692 3227 1764 3260 vela
1778 3227 1900 3260 faciunt
1913 3226 2087 3266 inAsiam,
2102 3226 2160 3258 ubi

1133 3290 1230 3322 deum
1237 3287 1400 3320 vendituri
1413 3288 1514 3319 erant.
1531 3291 1546 3310 ²
1557 3288 1640 3319 Tum
1655 3286 1802 3318 Bacchus
1813 3285 1934 3318 malum
1942 3293 2113 3325 remosque
2126 3284 2160 3316 in

1135 3348 1298 3388 serpentes
1322 3346 1418 3378 vertit
1432 3346 1529 3386 atque
1549 3353 1666 3378 navem
1680 3344 1800 3377 hedera
1821 3343 2035 3383 tibiarumque
2049 3341 2158 3374 sonitu
