2294 3704
85 158 190 187 xxvl

85 233 198 272 valde
221 233 353 280 doleo,
377 233 518 272 Sturzii
539 231 830 270 adornationem
853 227 1004 278 reliqui.
1028 226 1108 276 Igi-

85 300 149 330 tur
170 293 268 330 ordo
289 293 490 330 titulorum
514 293 551 328 in
572 298 702 327 nostra
727 287 896 325 editione
912 287 976 323 hic.
992 293 1049 323 est
1072 298 1080 320 :

137 351 338 398 thouis,
352 351 533 399 Boeotica,
547 348 703 398 Asopis;
719 345 977 389 Deucalionia,
989 344 1110 382 Thes-

84 408 217 456 salica3
250 410 452 460 Argolica,
484 407 708 446 Sacerdotes
738 404 900 442 Junonis
929 403 1108 453 Argivae3

84 467 270 515 Atlantis,
297 471 355 505 De
377 466 558 509 Arcadia;
586 463 734 512 Atthis,
757 463 953 500 Cranaica.
969 483 1018 489 —
1041 461 1109 497 Hi·

85 526 222 571 storiae,
237 530 293 563 De
307 525 509 573 Gentibus,
523 527 580 561 De
595 522 777 561 Gentium
791 520 1037 567 Nominibus,
1050 523 1108 558 De

84 589 262 624 Gentium
280 596 318 624 et
333 587 494 625 Urbium
517 583 818 635 originibus‚De
835 583 922 621 Chii
942 582 1107 634 origine,

82 645 248 692 AEolica,
282 644 453 691 Lesbica,
473 643 770 695 (Carneonicae),
796 646 855 680 De
886 641 1001 680 rebus
1025 645 1106 691 Ly-

83 703 172 750 diae,
190 703 346 750 Troica,
360 703 564 754 Cypriaca,
582 703 805 754 AEgyptiaca
816 731 827 749 ,
848 704 927 738 Iter
946 700 994 738 ad
1012 708 1106 738 tem-

81 764 188 813 plum
211 763 315 800 Jovis
339 762 557 811 Ammonis,
581 761 748 807 Persica,
768 759 966 810 Scythica,
989 758 1106 796 Insti-

83 830 160 859 tuta
183 821 400 859 Barbarica.

131 884 214 918 Jam
234 881 327 930 quid
342 880 390 917 de
404 878 562 930 singulis
575 886 739 916 statuam
754 877 883 928 paucis
900 889 1105 927 exponam,

79 938 184 989 quod
205 938 360 989 quidem
381 951 428 975 eo
449 937 567 987 magis
581 937 834 974 necessarium
853 943 923 982 est,
949 936 1052 985 quia,
1065 949 1105 972 re

79 998 218 1035 iterum
239 1010 450 1048 perpensa,
465 996 505 1033 in
521 996 648 1033 multis
667 995 716 1033 ab
733 995 868 1033 ordine
885 995 1002 1032 modo
1019 1008 1108 1045 pro-

79 1056 207 1106 posito
230 1055 507 1094 discedendum
530 1062 639 1105 puto.

131 1115 301 1152 Primum
323 1127 583 1152 commemoro
602 1113 697 1151 illud
712 1126 828 1164 opus,
843 1112 946 1163 quod
967 1111 1108 1149 Barba-

78 1187 209 1211 rorum
229 1174 448 1221 historiam,
472 1181 659 1224 quatenus
680 1172 868 1210 Hellanici
891 1179 1001 1209 aetate
1022 1185 1107 1222 per-

78 1242 209 1283 specta
245 1241 347 1282 erat,
384 1231 732 1284 complectebatur,
771 1239 886 1282 atque
920 1240 1006 1268 ante
1045 1231 1109 1268 illa

79 1292 276 1329 conditum
291 1305 372 1330 esse
386 1292 538 1329 videtur
557 1290 698 1342 quibus
723 1290 899 1327 tractavit
918 1303 977 1327 res
998 1294 1109 1327 Grae—

79 1363 224 1388 corum.
255 1350 488 1401 Inscriptum
512 1357 595 1387 erat
621 1353 806 1396 Penstca,
829 1362 955 1400 neque
982 1357 1107 1386 tamen

79 1411 283 1446 Persarum
304 1417 475 1455 tantum,
495 1409 561 1458 qui
587 1408 745 1458 proprie
765 1407 958 1454 dicuntur,
984 1407 1109 1444 histo—

77 1466 187 1515 riam,
199 1468 266 1504 sed
288 1468 401 1506 etiam
414 1467 656 1517 Assyriorum
672 1475 788 1518 atque
803 1466 1004 1504 Medorum
1021 1467 1110 1505 inde

76 1539 97 1563 a
121 1527 211 1565 Nini
246 1527 484 1579 temporibus
517 1540 637 1577 usque
676 1526 722 1564 ad
751 1527 933 1575 aequalem
963 1527 1110 1564 auctori

79 1594 227 1623 aetatem
239 1587 278 1623 in
300 1600 345 1625 eo
365 1586 577 1637 expositam
600 1585 727 1633 fuisse,
749 1594 828 1622 tum
850 1598 899 1623 ex
920 1586 1112 1636 fragmen—

85 1643 131 1681 tis
152 1644 280 1695 colligi
298 1652 436 1695 potest‚
453 1653 530 1681 tum
552 1643 703 1681 disertis
723 1643 852 1681 verbis
870 1652 1033 1681 testatur
1051 1644 1112 1681 lo-

76 1715 144 1740 cus
161 1703 406 1753 Cephalionis
422 1703 524 1754 apud
543 1703 703 1752 Syncell.
719 1715 745 1753 p
766 1702 1109 1741 315ed.Dindorf.:

78 1758 255 1813 Ἄρχομαι
277 1761 440 1815 γράφειν,
465 1762 611 1812 inquit,
630 1761 688 1814 ἀφ’
713 1754 761 1798 ὧν
778 1759 876 1798 ἄλλοι
894 1776 933 1798 τε
952 1759 1111 1812 ἐμνημό-

80 1834 204 1858 νευσαν
230 1819 298 1858 xo&
314 1819 357 1857 τὰ
384 1821 507 1872 πρῶτα
533 1817 738 1861 Ἑλλάνικός
767 1833 806 1856 τε
833 1821 851 1856 ὁ
875 1818 1022 1862 Λέσὸιος
1050 1819 1111 1857 καὶ

77 1877 241 1925 Κτησίας
259 1881 278 1916 ὁ
305 1878 465 1926 Κνίδιος,
487 1877 610 1916 ἔπειτα
626 1876 811 1930 Ἡρόδοτος
839 1879 858 1915 ὃ
879 1877 1111 1931 Ἁλικαρνασ-

76 1936 165 1979 σεύς.
194 1935 247 1975 Τὸ
267 1936 416 1975 παλαιὸν
439 1939 501 1984 τῆς
530 1935 644 1979 Ἀσίας
667 1935 893 1974 ἐδασίλευσαν
918 1935 1109 1990 Ἀσσύριοι,

938 140 1006 179 DE
1034 137 1338 178 HELLANICO.

1169 234 1258 277 post
1295 228 1568 266 commercium
1599 241 1687 266 cum
1718 228 2002 268 Thestiadibus.
2045 231 2197 271 Deinde

1170 298 1260 323 vero
1281 299 1328 324 ex
1352 287 1480 338 primo
1509 288 1722 339 fragmento
1741 289 1968 340 intelligitur
1994 298 2196 342 tantopere

1169 343 1335 383 abfuisse
1359 346 1599 384 Hellanicum
1623 360 1645 384 a
1663 348 1814 398 prolixa
1838 348 2054 387 fabularum
2087 364 2197 390 enar-

1169 403 1337 448 ratione,
1365 412 1407 441 ut
1439 405 1534 442 nihil
1559 406 1638 443 fere
1662 406 1735 444 nisi
1763 408 2004 459 genealogias
2024 409 2199 449 videatur

1169 461 1384 500 condidisse
1404 463 1568 514 ,quibus
1590 466 1722 515 paucis
1746 465 1872 504 verbis
1912 476 2040 505 rerum
2074 478 2200 520 gesta·-

1167 532 1253 556 rum
1291 523 1694 561 commemorationem
1727 524 1989 564 immiscuerit.
2025 528 2088 565 Sic
2123 529 2201 579 pri-

1171 591 1233 615 mo
1248 579 1376 616 statim
1398 578 1498 618 libro
1523 594 1610 618 eum
1629 581 1831 627 Thebanas
1852 583 1998 622 fabulas
2019 593 2200 630 tractasse

1168 637 1351 675 videmus.
1383 639 1478 677 Inde
1507 640 1609 677 ultro
1637 654 1718 678 sese
1745 641 1860 679 offert
1884 643 2012 694 operis
2032 643 2196 683 divisio:

1173 695 1353 734 nimirum
1377 697 1504 748 primo
1524 697 1625 736 libro
1650 700 1873 750 complexus
1900 709 1958 739 est
1981 702 2201 754 antiquissi-

1166 767 1245 792 mas
1273 756 1463 806 Argolidis
1490 756 1643 795 fabulas
1666 766 1782 808 atque
1803 759 1963 810 stirpem
1996 763 2200 812 Agenoris,

1166 814 1286 851 altero
1300 814 1346 852 ad
1367 815 1450 853 Beli
1464 816 1691 866 progeniem
1715 830 1796 854 sese
1817 819 2020 858 convertit.
2039 820 2097 858 Ad
2116 821 2200 872 pri·

1166 886 1270 910 mum
1304 873 1445 912 librum
1474 875 1708 914 Phoronidis
1732 877 1929 927 pertinent
1958 891 2002 916 ea
2036 893 2122 931 quae
2151 881 2201 919 de

1167 932 1301 970 Cadmi
1327 933 1486 972 historia
1516 948 1564 972 ex
1601 936 1772 973 Boeoticis
1802 936 1983 976 citantur.
2007 941 2066 976 Ex
2089 947 2200 977 utro-

1167 1004 1243 1041 que
1257 991 1338 1042 ejus
1362 991 1463 1030 libro
1483 992 1657 1031 desumta
1674 1003 1764 1032 sunt
1781 997 1967 1045 Argolica.

1221 1051 1335 1097 Quod
1365 1052 1544 1102 Argolidi
1579 1052 1828 1102 Phoroneus,
1862 1054 1965 1092 idem
1996 1055 2202 1094 Thessaliae

1167 1118 1255 1160 post
1269 1110 1458 1148 diluvium
1481 1111 1786 1159 fuitDeucalion,
1801 1113 1913 1164 cujus
1926 1115 2119 1166 prosapia,
2136 1128 2202 1166 ap-

1167 1168 1291 1219 prime
1320 1183 1526 1208 numerosa
1560 1171 1676 1221 stirps
1702 1172 1820 1220 AEoli,
1842 1173 2016 1223 exposita
2045 1182 2128 1212 erat
2158 1175 2199 1212 in

1167 1241 1454 1276 nssucAL10N1A‚
1480 1229 1592 1267 sicuti
1606 1229 1794 1268 Phoronis
1819 1230 1915 1269 duos
1941 1231 2062 1270 libros
2087 1246 2200 1270 com-

1169 1287 1374 1337 plectente.
1404 1291 1461 1325 Ex
1485 1288 1561 1326 hoc
1588 1302 1707 1339 opere
1731 1290 1967 1328 Dieuchidas
1985 1292 2201 1342 Megaricus

1169 1345 1318 1382 initium
1338 1358 1415 1382 suae
1434 1345 1603 1383 historiae
1617 1354 1812 1384 mutuatus
1825 1355 1895 1394 est,
1904 1357 2062 1386 auctore
2080 1348 2199 1387 Clem.

1169 1403 1277 1442 Alex.
1306 1404 1460 1455 (Strom.
1484 1408 1536 1443 VI
1551 1434 1561 1452 ,
1583 1418 1618 1456 p.
1635 1406 1733 1455 629,
1748 1405 1812 1456 A).
1833 1405 1891 1443 Ad
1909 1407 2201 1446 Deucalioniarn

1170 1463 1415 1501 referendum
1447 1472 1503 1502 est
1531 1465 1665 1515 fragm.
1696 1477 1744 1502 ex
1775 1466 1985 1503 nesi-alica
2011 1466 2200 1506 Hellanici

1170 1523 1403 1573 excitatum,
1430 1536 1663 1574 quamquam
1691 1537 1751 1562 res
1779 1533 1991 1564 memorata
2017 1526 2200 1578 (tetrades

1170 1580 1389 1632 Thessaliae)
1417 1582 1542 1632 primo
1571 1582 1772 1621 oculorum
1788 1583 1975 1634 adspectu
1992 1584 2082 1622 huic
2104 1598 2198 1623 sen-

1171 1640 1298 1678 tentiae
1329 1640 1485 1679 videtur
1521 1641 1718 1691 refragari.
1749 1642 1826 1681 Sed
1853 1656 1901 1680 ne
1943 1643 2090 1692 dicam,
2120 1658 2200 1683 non

1170 1711 1252 1735 esse
1271 1698 1374 1736 aliud
1395 1712 1507 1750 opus,
1526 1700 1631 1750 quod
1650 1700 1868 1738 Thessalica
1886 1702 2086 1739 nominare
2105 1715 2199 1753 pos—

1171 1757 1526 1803 sis,evanescithaec
1537 1771 1622 1809 quae
1631 1758 1784 1796 videtur
1797 1759 2015 1809 difficultas,
2030 1760 2062 1798 si
2079 1774 2200 1812 repu-

1171 1823 1226 1853 tes
1246 1817 1369 1855 solere
1391 1817 1631 1855 Hellanicum
1662 1817 1703 1855 in
1722 1817 1939 1856 fabularum
1958 1820 2200 1870 expositione

1170 1888 1287 1926 quam
1306 1876 1472 1914 maxime
1495 1877 1690 1928 respicere
1713 1877 1761 1914 ad
1779 1877 1948 1915 rationes
1968 1879 2200 1930 geographi-

1169 1948 1245 1972 cas.
1277 1935 1486 1987 Appendix
1503 1936 1764 1974 Deucalioniae
1789 1937 1906 1974 fuisse
1926 1937 2082 1975 videtur
2102 1940 2200 1975 Aso-

77 1997 148 2033 τῶν
165 1994 201 2034 δὲ
220 1998 239 2034 ὃ
257 1995 375 2043 Βήλου
390 1995 507 2040 Νίνος.
531 1995 641 2034 Libri
659 1995 742 2046 ejus
755 1996 885 2046 operis
905 1996 1111 2034 laudantur
1162 1997 1226 2044 pis
1233 2021 1245 2039 ‚
1268 1994 1308 2031 in
1322 2007 1399 2045 qua
1409 1995 1569 2045 stirpem
1583 1995 1711 2042 AEaci,
1731 1995 1837 2032 Jovis
1856 2009 1905 2032 ex
1922 1996 2062 2046 AEgina
2079 1997 2200 2047 Asopi

77 2053 175 2102 duo,
196 2068 323 2104 neque
343 2055 493 2105 plures,
517 2054 668 2105 opinor,
689 2054 857 2091 fuerunt.
878 2055 920 2092 ln
939 2055 1110 2092 secundo

79 2115 179 2150 enim
203 2113 305 2151 bella
321 2113 474 2151 Medica
493 2121 647 2151 narrata
660 2126 741 2151 esse
755 2113 921 2161 indicat,
942 2113 1013 2150 nisi
1040 2114 1111 2150 fal-

77 2172 158 2219 lor,
181 2175 350 2223 Strepsae
380 2181 419 2210 et
450 2172 668 2223 Tyredizae,
701 2186 787 2223 quae
819 2172 992 2210 Thraciae
1020 2183 1110 2211 sunt

78 2229 213 2276 urbes,
228 2231 544 2268 commemoratio
558 2231 621 2282 (fr.
646 2231 730 2278 161,
748 2230 855 2282 162),
869 2244 1109 2283 quarumque

78 2291 277 2340 Tyredizae
294 2292 468 2329 meminit
484 2291 707 2329 Herodotus
718 2290 827 2342 (VII,
847 2291 926 2341 25),
950 2291 1016 2328 ubi
1033 2292 1110 2343 agit

79 2350 128 2388 de
145 2351 287 2388 Xerxis
303 2351 504 2402 copiarum
521 2350 696 2400 trajectu.
715 2354 852 2401 Itaque
867 2350 969 2388 libro
983 2351 1108 2401 primo

78 2423 139 2447 res
154 2410 402 2460 Assyriorum
420 2419 457 2448 et
474 2410 675 2448 Medorum
691 2409 861 2448 breviter
874 2411 1109 2449 recensuisse

78 2468 243 2517 videtur,
258 2470 381 2507 altero
393 2481 484 2506 vero
502 2468 696 2506 diductius
710 2469 932 2520 exposuisse
946 2482 1108 2520 regnum

78 2530 293 2565 Persarum.

131 2586 280 2625 Accedo
301 2585 348 2623 ad
370 2599 504 2637 opera,
519 2585 661 2636 quibus
683 2600 743 2625 res
763 2590 916 2625 Graecas
930 2596 1010 2625 tum
1024 2601 1109 2638 my-

80 2645 191 2682 thicae
216 2653 295 2682 tum
321 2644 513 2682 historicae
534 2645 656 2683 aetatis
676 2646 872 2684 memoriae
895 2646 1080 2697 prodidit.

132 2707 332 2741 Pnonoms
364 2702 588 2741 continebat
615 2703 763 2741 fabulas
794 2706 988 2755 Argolicas
1019 2706 1108 2743 inde

79 2775 100 2799 a
131 2763 335 2800 Phoroneo
349 2791 359 2809 ‚
394 2762 520 2815 πατέρι
552 2765 685 2809 θνητῶν
720 2761 929 2816 ἀνθρώπων,
966 2765 1108 2816 Ogygis

79 2821 232 2870 aequali,
255 2835 376 2872 usque
398 2822 446 2859 ad
469 2821 654 2870 reditum,
675 2830 789 2873 puto,
803 2823 1105 2862 Heraclidarum.

79 2878 185 2915 Libri
216 2879 297 2929 ejus
329 2880 443 2918 fuisse
479 2881 694 2918 creduntur
725 2881 926 2919 minimum
961 2883 1106 2921 decem.

79 2939 177 2974 Nam
204 2937 306 2987 apud
323 2939 665 2989 Harpocrationem
686 2939 748 2990 (fr.
765 2939 802 2991 4)
822 2941 961 2978 citatur
977 2942 1108 2979 Hella-

81 2995 192 3032 nicus
219 2996 252 3033 ἐν
275 2994 407 3048 δεκάτῳ
424 2997 641 3049 Φορωνίδος,
657 2998 723 3036 ubi
745 3000 1108 3052 Stephanephorum

82 3055 258 3094 Herculis
288 3068 334 3092 ex
360 3069 434 3093 una
453 3057 699 3096 Thestiadum
723 3061 1109 3099 commemorassedi-

81 3113 193 3151 citur.
203 3117 346 3151 Verum
361 3123 426 3151 aut
445 3117 594 3166 egregie
617 3117 742 3166 fallor,
755 3127 821 3156 aut
841 3133 912 3170 pro
926 3120 961 3157 ἐν
975 3118 1108 3173 δεκάτῳ

81 3171 325 3209 scribendum
344 3180 400 3209 est
422 3173 455 3209 ἐν
471 3172 631 3227 δευτέρῳ.
643 3177 794 3214 Etenim
821 3190 869 3214 ex
893 3178 1107 3228 fragmento

84 3230 198 3267 tertio
218 3237 324 3281 patet
342 3229 423 3280 jam
452 3231 620 3268 secundo
644 3232 742 3270 libro
768 3234 816 3272 de
840 3236 1006 3274 Hercule
1026 3249 1108 3274 ser-

83 3300 235 3326 monem
261 3288 395 3335 fuisse,
421 3297 536 3339 atque
563 3303 622 3328 res
640 3291 693 3328 ibi
719 3303 871 3333 narrata
891 3309 938 3333 ex
961 3297 1109 3348 vulgari

1169 2052 1266 2099 filia,
1293 2053 1407 2103 plane
1430 2054 1490 2091 uti
1515 2053 1756 2104 Pherecydes
1774 2054 1822 2091 ad
1843 2054 2054 2092 Miltiadem
2079 2067 2199 2105 usque

1170 2110 1342 2149 deduxit.

1223 2171 1356 2208 Tertia
1392 2172 1502 2209 radix
1542 2171 1652 2222 quasi
1697 2171 1871 2221 gentium
1913 2171 2198 2221 multarumque

1170 2237 1292 2266 mater
1308 2228 1524 2267 fabularum
1545 2238 1602 2268 est
1619 2230 1822 2281 progenies
1839 2229 2025 2272 Atlantis,
2045 2228 2198 2267 duobus

1169 2287 1275 2326 libris
1291 2288 1339 2327 ab
1354 2289 1598 2327 Hellanicoin
1612 2303 1830 2326 Armnrmr.
1850 2289 1914 2335 ita,
1925 2298 2031 2340 puto,
2046 2290 2198 2340 exposi-

1172 2355 1227 2394 ta,
1249 2355 1292 2385 ut
1316 2356 1531 2386 ceterarum
1554 2347 1817 2386 Atlantiadum
1845 2347 2006 2398 stirpem
2025 2347 2200 2385 breviter

1171 2414 1318 2444 tantum
1338 2415 1600 2455 enumeraret,
1627 2408 1666 2444 in
1686 2408 1843 2444 Electrae
1862 2420 1955 2444 vero
1973 2407 2198 2457 posteritate

1170 2465 1382 2504 subsistens
1397 2465 1584 2516 Trojanas
1604 2465 1753 2503 fabulas
1770 2465 1927 2503 uberius
1946 2478 2198 2516 persequere—

1170 2533 1244 2561 tur.
1274 2528 1373 2563 Nam
1396 2525 1486 2562 satis
1516 2524 1678 2561 multum
1707 2524 1747 2561 in
1778 2523 1893 2561 rebus
1913 2524 2060 2561 Troicis
2081 2524 2197 2562 fuisse

1168 2583 1424 2631 Hellanicum,
1439 2583 1650 2634 praesertim
1663 2583 1702 2620 in
1718 2583 1940 2620 recensione
1957 2582 2196 2622 coloniarum

1168 2657 1254 2694 quae
1273 2644 1333 2681 Ilii
1351 2643 1543 2682 excidium
1564 2651 1705 2681 secutae
1723 2651 1825 2691 sunt,
1842 2656 1886 2680 ac
1905 2656 2004 2680 nova
2018 2643 2138 2681 multa
2158 2651 2197 2681 et

1169 2702 1340 2740 inaudita
1358 2702 1405 2740 de
1421 2702 1592 2754 Trojano
1607 2702 1710 2740 bello
1729 2702 1768 2740 in
1791 2701 1959 2739 medium
1977 2702 2195 2752 protulisse,

1169 2776 1217 2799 ex
1251 2762 1474 2812 fragmentis
1506 2761 1689 2812 augurari
1725 2761 1814 2798 licet
1845 2769 1883 2799 et
1910 2759 2113 2811 probabile
2138 2769 2196 2798 est

1167 2830 1394 2872 propterea,
1421 2821 1526 2871 quod
1554 2820 1713 2859 Lesbius
1740 2820 1858 2857 homo
1890 2832 1966 2857 non
1998 2819 2194 2869 vulgarem

1167 2882 1420 2932 Trojanarum
1442 2880 1654 2918 fabularum
1678 2879 1936 2931 cognitionem
1958 2878 2057 2916 facili
2082 2892 2196 2929 nego-

1168 2939 1222 2976 tio
1237 2939 1310 2976 sihi
1334 2953 1559 2990 comparare
1572 2938 1752 2990 potuerit,
1766 2941 1902 2987 Itaque
1916 2945 1995 2974 tota
2009 2937 2192 2985 Atlantis,

1168 3013 1286 3050 quum
1303 3000 1507 3037 maximam
1528 3007 1678 3050 partem
1697 2998 1736 3035 in
1754 2996 1869 3035 rebus
1889 2997 2038 3034 Troicis
2056 3010 2192 3035 versa-

1167 3067 1284 3104 retur,
1300 3058 1414 3096 etiam
1438 3060 1567 3095 Troica
1588 3058 1771 3108 (quorum
1790 3057 1883 3093 item
1899 3055 1974 3092 duo
1989 3055 2194 3093 laudantur

1167 3117 1272 3165 libri)
1290 3118 1485 3154 nominata
1499 3130 1581 3155 esse
1600 3115 1765 3153 videtur.
1786 3115 1921 3153 Eidem
1941 3115 2049 3165 operi
2069 3114 2194 3152 tribu-

1166 3177 1264 3214 enda
1289 3185 1401 3214 erunt
1422 3176 1633 3226 fragmenta
1655 3188 1703 3212 ex
1727 3174 1925 3213 Hellanico
1955 3171 2036 3226 περὶ
2063 3171 2191 3227 Ἀρκα-

1168 3234 1241 3279 δίας
1263 3243 1301 3273 et
1316 3234 1396 3288 περὶ
1413 3233 1545 3278 Λυδίας
1561 3234 1738 3272 excitata.

1218 3298 1303 3332 Jam
1332 3302 1377 3332 ut
1404 3306 1557 3332 omnem
1587 3292 1795 3343 mythicam
1815 3290 1972 3328 Graeciae
1992 3290 2189 3329 historiam

82 3359 210 3384 rerum
232 3347 280 3384 ab
300 3348 463 3385 Hercule
480 3357 671 3399 gestarum
690 3351 823 3390 ordine
840 3354 978 3392 accidit
998 3356 1108 3407 longe
1131 3402 1139 3408 ἠ
1169 3354 1387 3394 Hellanicus
1401 3353 1554 3405 scriptis
1566 3353 1644 3390 suis
1659 3351 1882 3402 complexus
1892 3349 1954 3397 sit,
1966 3350 2062 3388 nihil
2075 3359 2191 3390 restat
