2320 3684
786 153 1028 193 HECATAEI
1056 156 1389 201 FRAGMENTA.
2100 173 2144 207 21

500 241 589 279 292.

83 301 274 352 Porphyr.
291 301 395 352 apud
410 300 549 339 Euseb.
573 303 742 350 Praepar.
764 299 937 350 evangel.
955 302 1007 347 X,
1025 302 1063 351 3,

30 372 69 412 p.
96 361 191 411 166,
212 364 242 399 B
267 374 276 397 z
300 358 486 413 “Ηρόδοτος
507 359 542 396 ἐν
570 359 615 410 τῇ
639 355 783 411 δευτέρα
801 356 918 396 πολλὰ
943 356 1059 396 Ἑκα-

29 417 130 456 ταίου
147 422 209 457 τοῦ
229 417 408 465 Μιλησίου
423 415 516 455 κατὰ
529 415 621 461 λέξιν
639 415 849 469 μετήνεγκεν
865 417 904 455 ἐκ
918 419 981 464 τ’ῆς
993 432 1062 454 πε-

32 476 230 530 ριηγήσεως
261 475 398 530 βραχέα
428 474 699 530 παραποιήσας,
730 474 774 514 τὰ
802 479 864 514 τοῦ
895 475 1062 519 Φοίνικος

30 535 150 588 ὀρνέου
174 535 235 574 καὶ
259 534 339 590 περὶ
362 538 424 574 τοῦ
446 533 627 586 ποταμίου
646 532 758 572 ἵππου
781 534 843 573 καὶ
870 537 934 581 τῆς
958 534 1065 589 θήρας

29 596 99 633 τῶν
136 593 379 648 κροκοδείλων.
418 597 546 632 Locus
581 594 630 632 de
669 594 851 632 Phoenice
892 607 964 632 ave
1003 602 1062 631 est

32 654 218 691 Herodot.
243 656 305 705 11,
334 654 383 701 73
407 668 415 690 :
438 651 547 692 Ἔστι
572 651 613 691 δὲ
636 651 697 691 καὶ
726 651 831 696 ἄλλος
851 651 944 706 ὅρνις
971 652 1062 707 ἱρὸς,

29 714 80 765 τῷ
98 711 230 763 οὔνομα
249 710 369 765 φοῖνιξ.
393 710 490 764 Ἐγὼ
511 711 574 763 μέν
595 727 655 763 μιν
671 713 735 750 οὐκ
753 705 855 760 εἶδον,
869 713 899 750 εἷ
916 710 966 763 μὴ
983 711 1063 750 ὅσον

29 773 159 824 γραφῇ·
193 770 253 808 καὶ
280 770 348 824 γὰρ
379 769 421 818 δὴ
450 770 510 809 καὶ
543 769 690 815 σπάνιος
714 771 878 824 ἐπιφοιτᾷ
908 785 988 824 σφι,
1015 770 1061 808 δι’

30 828 155 879 ἐτέων,
175 831 221 873 ὡς
239 827 509 869 (Ηλιουπολῖται
530 829 691 882 λέγουσι,
713 829 966 868 πεντακοσίων·
985 845 1062 884 φοι-

29 894 93 927 τᾶν
113 887 150 927 δὲ
166 887 245 927 τότε
260 888 357 942 φασὶ,
373 888 478 928 ἐπεάν
494 891 526 927 οἱ
544 888 700 942 ἀποθάνῃ
713 891 730 928 ὁ
742 887 874 942 πατήρ.
886 887 992 928 Ἔστι
1007 888 1063 938 δὲ,

29 949 59 986 εἷ
77 950 121 1000 τῇ
144 951 262 1002 γραφῇ
282 947 494 1002 παρόμοιος,
514 947 660 987 τοσόσδε
679 948 740 987 καὶ
758 947 893 987 τοιόσδε
905 964 914 972 ·
929 947 975 987 τὰ
993 948 1057 1000 μὲν

29 1008 136 1045 αὐτοῦ
153 1006 359 1060 χρυσόκομα
377 1009 447 1046 τῶν
476 1009 635 1061 πτερῶν,
659 1006 704 1046 τὰ
724 1007 762 1046 δὲ
786 1007 932 1061 ἐρυθρά·
960 1009 994 1052 ἐς
1016 1006 1062 1046 τὰ

30 1065 186 1118 μάλιστα
200 1068 306 1120 αἰετῷ
318 1066 528 1121 περιήγησιν
544 1066 750 1118 ὁμοιότατος
765 1067 826 1105 καὶ
839 1066 880 1105 τὸ
896 1065 1059 1118 μέγαθος.

28 1126 162 1164 Τοῦτον
191 1124 228 1164 δὲ
255 1125 397 1178 λέγουσι
417 1129 647 1179 μηχανᾶσθαι
679 1126 784 1175 τάδε,
815 1124 894 1177 ἐμοὶ
923 1123 986 1177 μὲν
1023 1127 1062 1164 οὓ

28 1184 138 1224 πιστὰ
160 1185 321 1238 λέγοντες
335 1203 345 1211 ·
366 1204 383 1221 «
398 1186 433 1232 ἐξ
452 1186 616 1241 Ἀραὸίης
630 1186 852 1241 ὁρμεώμενον
876 1187 910 1230 ἐς
927 1185 968 1224 τὸ
987 1186 1061 1240 ἱρὸν

31 1265 46 1281 ι
65 1250 126 1285 τοῦ
140 1246 262 1286 Ἡλίου
277 1247 432 1299 κομίζειν
446 1247 504 1286 τὸν
522 1246 659 1302 πατέρα
669 1278 680 1297 ,
697 1249 733 1286 ἐν
748 1246 886 1300 σμύρνῃ
902 1246 1064 1298 ἐμπλάσ-

29 1324 45 1341 α
66 1321 190 1355 σοντα,
210 1307 270 1346 καὶ
291 1307 434 1346 θάπτειν
457 1309 492 1348 ἓν
507 1312 568 1347 τοῦ
584 1306 709 1348 Ἡλίου
725 1311 775 1362 τῷ
795 1310 871 1361 ἱρῷ.
894 1307 1061 1359 Κομίζειν

30 1383 46 1399 «
65 1365 102 1404 δὲ
115 1366 224 1405 οὕτω·
239 1369 378 1420 πρῶτον
394 1370 457 1415 τῆς
476 1367 632 1421 σμύρνης
650 1368 717 1421 ᾠὸν
733 1366 907 1406 πλάσσειν
924 1365 1005 1406 ὅσον
1019 1384 1058 1406 τε

29 1442 45 1458 «
65 1424 208 1470 δυνατός
227 1427 302 1464 ἔστι
326 1425 465 1480 φέρειν,
492 1425 583 1477 μέτα
603 1425 640 1465 δὲ
664 1428 852 1479 πειρᾶσθαι
881 1426 966 1465 αὐτὸ
991 1442 1058 1481 φο-

29 1501 45 1517 «
66 1482 199 1537 ρέοντα·
221 1484 328 1523 ἐπεὰν
349 1484 386 1523 δὲ
411 1487 651 1539 ἀποπειρηθῇ,
671 1484 762 1524 οὕτω
787 1484 829 1533 δὴ
849 1485 1062 1533 κοιλήναντα

28 1559 44 1576 «
64 1541 105 1580 τὸ
130 1542 198 1596 ᾠὸν
216 1543 275 1582 τὸν
303 1542 442 1597 πατέρα
470 1545 505 1587 ἐς
531 1543 616 1582 αὐτὸ
643 1542 837 1582 ἐντιθέναι·
861 1543 998 1598 σμύρνῃ
1024 1544 1061 1583 δὲ

28 1618 43 1635 «
64 1599 153 1653 ἄλλῃ
173 1601 390 1652 ἐμπλάσσειν
410 1604 533 1651 τοῦτο,
551 1599 673 1640 καθότι
692 1604 752 1640 τοῦ
771 1602 840 1655 ᾠοῦ
857 1601 1062 1653 ἐγκοιλήνας

29 1676 43 1693 κ
65 1658 207 1707 ἐνέθηκε
242 1660 302 1699 τὸν
334 1659 471 1714 πατέρα
483 1676 491 1685 ·
525 1659 728 1712 ἐσκειμένου
757 1659 795 1698 δὲ
834 1665 895 1700 τοῦ
927 1661 1060 1715 πατρὸς

27 1735 44 1752 «ι
65 1717 222 1769 γίνεσθαι
238 1719 352 1758 τώυτὸ
371 1719 495 1772 βάρος·
513 1719 747 1770 ἐμπλάσαντα
766 1718 803 1757 δὲ
823 1719 979 1771 κομίζειν
999 1736 1058 1772 μιν

26 1793 43 1810 «
63 1777 118 1814 ἐπ’
140 1777 323 1829 Αἰγύπτου
347 1779 381 1821 ἐς
407 1781 469 1816 τοῦ
495 1777 619 1818 εΗλίου
641 1777 682 1816 τὸ
695 1776 781 1831 ἱρόν.
798 1795 814 1812 »
842 1779 968 1817 Ταῦτα
995 1778 1058 1830 μὲν

25 1840 145 1875 τοῦτον
162 1835 221 1876 τὸν
239 1836 332 1891 ὄρνιν
351 1835 494 1890 λέγουσι
512 1836 656 1876 ποιέειν.
678 1841 737 1876 Ex
753 1838 816 1876 his
835 1838 917 1876 avis
936 1839 1059 1889 ipsius

25 1895 327 1947 descriptionem
353 1897 460 1935 haud
485 1897 604 1935 dubie
631 1897 715 1949 ipse
742 1897 910 1935 confecit
927 1901 1055 1936 Hero—

25 1955 141 1993 dotus
161 1955 210 1993 ad
229 1956 424 2007 picturam
439 1956 522 1995 avis
540 1957 582 1995 in
612 1956 765 2008 tabula,
785 1956 946 1995 alteram
963 1970 1057 1995 vero

25 2011 107 2063 ejus
124 2022 295 2066 partem,
311 2028 429 2065 quam
449 2029 489 2054 se
505 2016 701 2054 audivisse
722 2016 841 2055 refert
853 2045 863 2063 ,
884 2024 1058 2054 transtu-

23 2070 70 2110 lit
99 2085 149 2110 ex
174 2075 377 2122 Hecataeo,
404 2074 473 2125 qui
504 2074 622 2112 fidem
649 2075 685 2113 ei
714 2073 905 2122 habebat,
939 2088 1056 2125 quam

23 2134 246 2172 Herodotus
266 2134 439 2186 abrogat.
460 2135 605 2174 Eadem
622 2135 726 2173 enim
739 2135 909 2182 ratione,
929 2144 973 2174 ut
992 2136 1056 2174 hie

24 2205 94 2243 per
124 2191 285 2244 λέγουσι,
317 2194 583 2233 narrationem
614 2195 663 2232 de
702 2195 878 2234 Chemmi
908 2195 1053 2242 insula,

23 2263 141 2300 quam
161 2251 287 2290 eidem
311 2252 478 2291 debebat
503 2257 707 2302 Hecataeo,
739 2255 958 2293 introduxit
984 2268 1055 2305 per

22 2309 162 2362 λέγεται
187 2311 246 2350 ὑπ’
264 2312 482 2364 Αἰγυπτίων.
504 2317 738 2366 Quanquam
766 2329 846 2353 non
870 2314 1055 2354 dubitan-

488 2465 578 2498 292.

62 2519 246 2552 Herodotus
258 2520 292 2552 in
306 2520 461 2561 secundo,
489 2530 529 2553 ex
544 2521 771 2564 Descriptione
796 2525 891 2556 terrae
916 2522 1057 2555 Hecataei

21 2566 151 2607 Milesii,
174 2567 415 2609 quamplurima
448 2569 554 2601 verbis
580 2570 717 2603 totidem
755 2570 928 2612 exscripsit
955 2578 1058 2612 pauca

21 2613 169 2654 quaedam
188 2614 300 2647 leviter
315 2614 385 2656 ipse
408 2614 606 2656 immutans,
629 2617 814 2658 quusmodi
831 2619 907 2650 sunt
925 2626 999 2658 quae
1018 2617 1058 2650 de

22 2661 172 2694 Phoenice
185 2669 256 2701 ave,
270 2661 375 2703 deque
390 2662 541 2695 fluviatili
557 2672 641 2705 equo
652 2688 662 2705 ,
678 2668 710 2698 et
730 2665 966 2698 crocodilorum
1001 2674 1055 2698 ve-

22 2707 150 2741 natione
161 2711 404 2741 commemorat.

61 2759 222 2792 Herodot.
238 2769 245 2791 :
262 2761 322 2792 Est
336 2762 369 2792 et
389 2760 452 2793 alia
467 2761 609 2794 volucris
625 2771 732 2803 sacra,
748 2763 879 2796 nomine
893 2763 1028 2805 phoenix
1044 2788 1054 2804 ,

20 2814 119 2846 quam
141 2806 292 2847 equidem
310 2816 376 2839 non
396 2807 464 2840 vidi
477 2809 540 2840 nisi
559 2809 594 2840 in
614 2809 758 2851 pictura;
783 2811 904 2843 etenim
923 2819 1053 2852 perrara

21 2852 62 2884 ad
80 2861 136 2885 eos
148 2855 319 2894 commeat,
335 2854 529 2896 quingentis,
538 2858 575 2888 ut
589 2856 683 2889 aiunt
698 2857 937 2898 Heliopolitani‚
949 2859 1054 2898 annis,

22 2899 55 2932 et
69 2901 147 2932 tunc
163 2900 296 2932 demum
310 2910 413 2942 quum
432 2904 522 2943 pater
537 2902 567 2934 ei
588 2903 738 2936 decessit.
759 2906 791 2936 Is
811 2907 839 2937 si
854 2905 991 2946 picturae
1007 2913 1055 2937 as-

20 2945 134 2978 similis
149 2949 218 2988 est,
235 2947 311 2980 talis
327 2950 502 2990 tantusque
514 2952 564 2982 est
581 2960 589 2981 :
609 2959 724 2992 pennae
739 2951 855 2984 coloris
870 2951 988 2993 partim
1003 2961 1055 2984 au-

21 2993 78 3032 rei,
100 2994 217 3034 partim
231 2995 334 3035 rubei,
349 2996 493 3028 maxima
507 3005 548 3029 ex
560 2999 652 3038 parte
668 3007 745 3030 cum
764 2998 879 3031 habitu
899 3001 969 3031 tum
987 3008 1053 3031 ma-

19 3039 188 3079 gnitudine
204 3041 389 3075 simillimus
405 3039 533 3084 aquilae.
549 3046 634 3076 Eum
654 3045 763 3086 aiunt,
780 3046 866 3087 quod
887 3046 969 3078 milii
987 3055 1053 3078 non

18 3085 314 3128 fitverisimile‚h0c
329 3090 527 3130 excogitare;
546 3099 610 3123 «ex
617 3091 734 3122 Arabia
749 3091 1006 3133 proficiscentem
1020 3092 1054 3123 in

19 3133 176 3174 templum
189 3135 272 3167 Solis
287 3138 411 3176 gestare
427 3139 562 3178 patrem,
583 3147 681 3178 quem
698 3139 831 3179 myrrha
845 3139 1011 3178 obvolvat,
1022 3142 1054 3171 et

19 3179 53 3210 in
67 3180 149 3212 Solis
162 3181 281 3223 templo
294 3183 446 3224 humare3
462 3184 510 3216 sic
524 3187 632 3217 autem
647 3188 772 3225 gestare
789 3195 796 3217 ε
812 3185 953 3227 primum
967 3195 1052 3227 myr-

19 3225 88 3259 rhae
100 3236 200 3259 ovum
213 3228 330 3270 fingere
349 3233 508 3271 quantum
533 3231 602 3273 ipse
625 3232 706 3265 ferre
722 3233 825 3274 possit
851 3243 858 3263 :
878 3233 995 3265 deinde
1013 3233 1053 3264 fe-

19 3273 120 3306 rendo
139 3274 219 3306 illud
231 3277 388 3316 experiri:
398 3278 460 3310 hoc
470 3278 548 3311 satis
561 3282 742 3320 expertum,
752 3280 796 3312 ita
805 3280 937 3311 demum
951 3288 1052 3311 ovum

21 3327 198 3362 excavare,
215 3323 313 3363 atque
330 3323 363 3354 in
376 3324 455 3356 illud
478 3328 643 3366 parentem
665 3336 784 3368 ponere
802 3337 809 3358 :
829 3330 862 3358 et
877 3336 942 3367 qua
962 3329 1052 3367 parte

16 3367 70 3399 ovi
91 3368 247 3401 exinaniti
262 3372 387 3410 patrem
401 3370 519 3411 intulit,
536 3382 607 3405 eam
628 3376 754 3414 partem
771 3374 833 3405 alia
847 3374 979 3415 myrrha
992 3374 1051 3405 sar·

1123 244 1216 283 dum
1252 257 1330 295 est,
1357 250 1452 300 quin
1480 250 1563 301 ipse
1596 251 1712 289 etiam
1749 251 1830 289 haec
1858 252 2053 291 audiverit
2078 258 2153 294 He-

1122 305 1306 354 rodotus,
1351 309 1390 346 in
1433 309 1691 348 describendo
1733 320 1859 350 autem
1898 313 2035 352 itinere
2078 328 2149 353 suo

1123 366 1371 404 commodum
1398 368 1434 405 ei
1463 369 1589 407 visum
1618 378 1676 408 est
1705 370 1762 410 uti
1796 371 1949 425 scriptis
1982 375 2150 413 Hecataei

1123 424 1425 466 narrationibus.

1596 499 1685 538 293.

1175 567 1303 604 Locus
1311 567 1362 605 de
1376 567 1661 620 hippopotamo
1676 581 1733 610 est
1749 573 1938 612 Herodot.
1953 575 2005 624 ΙΙ,
2016 587 2035 620 7
2047 587 2060 610 1
2075 588 2084 610 ε
2102 574 2149 613 Οἱ

1123 622 1160 662 δὲ
1177 622 1282 663 ἵπποι
1302 627 1334 663 οἱ
1355 625 1524 677 ποτάμιοι
1547 631 1644 682 νομῷ
1673 629 1736 681 μὲν
1761 633 1811 684 τῷ
1830 630 2055 685 Παπρημίτῃ
2077 630 2148 685 ἱροί

1123 684 1209 732 εἰσι,
1224 690 1317 723 τοῖσι
1335 683 1372 722 δὲ
1389 685 1527 723 ἄλλοισι
1544 688 1769 739 Αἰγυπτίοισι
1782 692 1844 729 οὐκ
1859 689 1943 743 ἱροί.
1965 688 2083 730 Φύσιν
2110 690 2147 730 δὲ

1122 742 1340 796 παρέχονται
1356 742 1450 790 ἰδέης
1467 744 1602 792 τοιήνδε
1613 761 1620 769 ·
1637 764 1652 780 «
1666 748 1860 801 τετράπουν
1878 749 1972 798 ἐστὶ,
1991 748 2150 801 δίχηλον,

1124 819 1140 836 «
1163 802 1271 841 ὁπλαὶ
1285 802 1381 855 βοὸς,
1401 802 1504 855 σιμὸν
1520 833 1531 852 ,
1548 805 1673 858 λοφιὴν
1691 805 1782 858 ἔχων
1795 806 1923 857 ἵππου,
1942 807 2151 861 χαυλιόδον-

1123 878 1139 895 «
1163 877 1227 905 τας
1243 868 1383 915 φαῖνον,
1403 861 1507 916 οὐρὴν
1527 861 1637 902 ἵππου
1656 868 1717 903 καὶ
1737 866 1873 918 φωνὴν,
1899 866 2049 919 μέγαθος
2068 866 2148 906 ὅσον

1123 937 1139 955 «
1161 936 1198 959 τε
1218 923 1298 973 βοῦς
1321 924 1339 960 ὁ
1363 921 1528 973 μέγιστος
1542 937 1550 946 ·
1574 921 1615 961 τὸ
1635 922 1748 976 δέρμα
1766 925 1796 963 δ’
1817 927 1920 964 αὐτοῦ
1944 926 2034 965 οὕτω
2054 927 2097 974 δή
2115 943 2148 966 τι

1123 996 1139 1012 ι(
1163 979 1262 1032 παχύ
1285 981 1379 1030 ἐστι,
1403 979 1495 1022 ὥστε
1517 979 1601 1019 αὔου
1619 981 1827 1033 γενομένου,
1847 982 1954 1028 ξυστὰ
1972 985 2149 1029 ποιέεσθαι

1123 1055 1139 1073 «
1162 1038 1309 1078 ἀκόντια
1327 1038 1363 1085 ἐξ
1383 1041 1503 1082 αὐτοῦ..
1522 1058 1537 1074 »

1596 1112 1685 1150 294.

1174 1183 1303 1220 Locus
1324 1182 1372 1220 de
1397 1182 1604 1221 venatione
1626 1182 1914 1220 crocodilorum
1943 1191 2000 1220 est
2025 1187 2150 1222 Hero-

1122 1239 1204 1278 dot.
1233 1244 1300 1289 ΙΙ,
1327 1255 1376 1290 70
1397 1255 1405 1278 :
1426 1238 1552 1295 Ἄγραι
1579 1240 1618 1280 δέ
1646 1256 1762 1296 σφεων
1782 1241 1911 1280 πολλαὶ
1940 1242 2151 1281 κατεστέασι

1121 1298 1182 1338 καὶ
1201 1305 1368 1338 παντοῖαι
1381 1316 1390 1324 ·
1407 1300 1430 1348 ἣ
1449 1301 1478 1339 δ’
1493 1294 1541 1340 ὧν
1557 1300 1677 1353 ἔμοιγε
1693 1300 1805 1341 δοκέει
1822 1300 1999 1348 ἀξιωτάτη
2013 1302 2150 1354 ἀπηγή-

1121 1373 1193 1402 σιος
1213 1352 1302 1397 εἶναι
1318 1358 1451 1407 ταύτην
1468 1360 1593 1415 γράφω
1607 1377 1615 1385 ·
1637 1378 1653 1395 «
1671 1360 1777 1399 ἐπεὰν
1795 1362 1910 1399 νῶτονγ
1920 1359 1978 1404 ὑὸς
2002 1361 2149 1414 δελεάσῃ

1122 1435 1139 1452 «
1157 1417 1237 1471 περὶ
1254 1417 1456 1473 ἄγκιστρον,
1471 1420 1583 1472 μετίει
1599 1421 1633 1464 ἐς
1650 1419 1757 1472 μέσον
1775 1419 1835 1458 τὸν
1850 1419 2012 1471 ποταμόν
2026 1435 2034 1444 ·
2050 1419 2150 1464 αὐτὸς

1121 1494 1137 1511 «
1155 1475 1192 1515 δὲ
1207 1476 1267 1516 ἐπὶ
1283 1478 1491 1531 τοῦχείλεος
1507 1483 1568 1518 τοῦ
1583 1483 1746 1531 ποταμοῦ
1761 1478 1852 1532 ἔχων
1867 1478 2025 1532 δέλφακα
2042 1477 2149 1526 ζωὴν,

1121 1552 1137 1570 «
1153 1534 1285 1583 ταύτην
1298 1536 1434 1576 τύπτει·
1455 1537 1656 1582 ἐπακούσας
1675 1538 1711 1576 δὲ
1726 1541 1788 1585 τ’ῆς
1804 1541 1920 1591 φωνῆς
1939 1540 1956 1576 ὁ
1975 1537 2149 1592 κροκόδει-

1121 1595 1214 1639 «λος
1241 1595 1334 1633 ἵεται
1356 1595 1448 1635 κατὰ
1474 1596 1538 1644 τὴν
1567 1596 1698 1652 φωνήν·
1721 1595 1876 1649 ἐντυχὼν
1911 1596 1947 1635 δὲ
1971 1598 2022 1650 τῷ
2049 1596 2150 1650 νώτῳ

1119 1670 1135 1687 «
1154 1653 1353 1703 καταπίνει,
1365 1656 1397 1693 οἱ
1411 1654 1447 1693 δὲ
1458 1653 1610 1694 ἕλκουσι.
1629 1653 1760 1695 Ἐπεὰν
1774 1654 1811 1693 δὲ
1826 1654 2012 1708 ἐξελκυσθῇ
2024 1656 2058 1700 ἐς
2073 1658 2151 1708 γῆν,

1120 1730 1136 1747 «
1154 1714 1291 1767 πρῶτον
1312 1712 1479 1752 ἁπάντων
1496 1717 1514 1753 ὁ
1534 1713 1702 1768 θηρευτὴς
1722 1716 1828 1768 πηλῷ
1850 1714 1929 1754 κατ’
1949 1708 1996 1754 ὦν
2017 1714 2150 1754 ἔπλασε

1119 1789 1135 1806 «
1155 1773 1266 1815 αὐτοῦ
1290 1771 1370 1815 τοὺς
1399 1774 1608 1826 ὀφθαλμούς·
1644 1778 1748 1813 τοῦτο
1778 1773 1815 1812 δὲ
1846 1773 1996 1822 ποιήσας
2034 1773 2147 1828 κάρτα

1118 1849 1134 1865 «
1151 1830 1322 1875 εὐπετέως
1339 1830 1383 1869 τὰ
1399 1831 1508 1870 λοιπὰ
1527 1836 1707 1886 χειροῦται
1721 1849 1730 1857 ·
1747 1831 1796 1884 μὴ
1814 1832 1965 1880 ποιήσας
1985 1832 2022 1871 δὲ
2033 1836 2149 1882 τοῦτο,

1117 1908 1134 1924 «
1158 1889 1220 1929 σὺν
1249 1890 1358 1944 πόνῳ.
1377 1909 1392 1926 »
1413 1895 1511 1930 Cum
1536 1893 1780 1931 narrationes
1799 1893 1967 1931 Hecataei
1990 1893 2030 1930 in
2055 1892 2148 1931 bre-

1116 1953 1204 1991 vius
1229 1953 1468 1991 contraxisse
1491 1953 1644 1992 dicatur
1667 1953 1913 2000 Herodotus,
1947 1953 2150 2005 probabile

1115 2020 1183 2060 est,
1197 2012 1329 2063 plures
1345 2011 1394 2050 ab
1410 2012 1478 2050 illo
1501 2013 1717 2051 venationis
1740 2012 1877 2052 modos
1903 2026 1984 2050 esse
2007 2012 2147 2051 descri-

1114 2082 1215 2128 ptos,
1230 2074 1334 2113 hunc
1342 2087 1435 2112 vero
1449 2074 1607 2125 elegisse
1621 2088 1722 2125 eum,
1734 2087 1849 2126 quem
1865 2073 2148 2112 nobilissimum

1108 2135 1358 2187 judicaverit.
1374 2137 1554 2172 Fortasse
1573 2134 1615 2173 in
1627 2134 1675 2172 iis
1695 2135 1831 2184 etiam,
1853 2146 1938 2184 quae
1952 2133 2027 2171 hoc
2045 2147 2148 2185 prae-

1113 2195 1282 2242 cedunt,
1309 2193 1503 2245 capitibus
1529 2194 1614 2244 (68,
1635 2193 1716 2244 69),
1754 2192 2037 2243 descriptiones
2061 2205 2149 2229 cro—

1112 2253 1230 2292 codili
1246 2253 1421 2304 repetitae
1432 2261 1522 2291 sunt
1536 2266 1584 2291 ex
1600 2256 1795 2303 Hecataeo,
1814 2251 1905 2303 quia
1919 2251 2057 2289 breves
2073 2250 2148 2288 illae

1112 2313 1422 2359 enuntiationes,
1453 2311 1596 2363 quibus
1623 2311 1705 2363 ejus
1729 2319 1870 2349 natura
1898 2309 2146 2361 depingitur,

1116 2458 1182 2490 cire
1193 2467 1201 2490 ι
1212 2460 1244 2490 et
1259 2466 1362 2498 quum
1375 2456 1565 2489 tantundem
1577 2456 1731 2498 ponderis
1742 2456 1896 2497 imposito
1921 2456 2053 2496 parente
2074 2453 2145 2485 esse-

1116 2508 1205 2537 ctum
1219 2505 1274 2544 sit,
1289 2504 1457 2536 obstructo
1470 2512 1582 2536 rursus
1599 2504 1766 2544 foramine,
1781 2503 1923 2544 bajulare
1937 2501 2015 2534 illud
2031 2509 2144 2533 versus

1115 2554 1289 2593 AEgyptum
1302 2552 1336 2584 in
1345 2552 1504 2593 templum
1512 2551 1606 2584 Solis.
1617 2564 1633 2580 »
1651 2553 1729 2584 Haec
1744 2551 1847 2584 facere
1862 2550 1945 2582 hanc
1960 2557 2051 2581 avem
2062 2557 2143 2580 com·

1115 2601 1308 2632 memorant.

1157 2705 1346 2738 Fluviatiles
1362 2713 1440 2737 vero
1455 2704 1531 2745 equi
1554 2705 1588 2736 in
1600 2704 1693 2746 plaga
1712 2702 1938 2744 Papremitana
1954 2700 2036 2733 sacri
2052 2703 2139 2741 sunt,

1114 2751 1149 2784 in
1162 2755 1267 2785 cetera
1283 2754 1423 2793 AEgypto
1447 2761 1512 2784 non
1529 2752 1632 2792 sacri3
1661 2750 1756 2782 talem
1772 2748 1912 2790 speciem
1931 2750 2144 2789 naturamque

1114 2799 1286 2833 habentes:
1306 2800 1518 2841 «quadrupes
1538 2801 1598 2838 est,
1637 2797 1744 2829 bifidis
1765 2795 1919 2838 pedibus,
1943 2795 2072 2835 ungulis
2083 2794 2143 2827 ho-

1117 2860 1133 2875 «
1151 2847 1252 2888 vinis;
1280 2847 1363 2880 simo
1378 2856 1458 2879 naso
1472 2871 1481 2886 ‚
1505 2846 1623 2887 equina
1640 2845 1729 2886 Juba‚
1748 2845 1893 2875 exsertos
1907 2842 2020 2874 dentes
2038 2844 2142 2874 osten-

1116 2907 1132 2922 «
1150 2897 1234 2935 tans,
1249 2895 1368 2936 equina
1380 2894 1482 2926 cauda
1498 2895 1530 2925 et
1545 2901 1637 2931 voce,
1655 2889 1876 2931 magnitudine
1892 2889 2024 2921 maximi
2045 2889 2139 2929 tauri,

1114 2954 1130 2971 «
1147 2944 1215 2974 tam
1237 2951 1346 2974 crasso
1361 2941 1461 2980 corio,
1482 2943 1520 2972 ut
1539 2948 1580 2971 ex
1595 2947 1633 2970 eo
1655 2938 1796 2970 arefacto
1810 2937 1889 2968 fiant
1898 2935 2006 2977 jacula
2021 2944 2104 2969 rasa.
2122 2949 2140 2964 υ

1153 3049 1221 3080 Hos
1231 3046 1437 3088 (crocodilos)
1447 3045 1593 3086 capiendi
1606 3052 1709 3084 quum
1724 3043 1789 3075 sint
1801 3042 1903 3074 multa
1915 3042 2141 3075 etomnimoda

1111 3104 1238 3136 genera,
1254 3095 1332 3133 hoc,
1350 3093 1435 3134 quod
1456 3092 1598 3124 maxime
1616 3090 1696 3122 mihi
1716 3090 1850 3131 dignum
1867 3089 1970 3122 relatu
1984 3089 2114 3129 videtur
2128 3115 2144 3133 ,‚

1112 3141 1229 3173 scribo.
1247 3154 1262 3169 «
1276 3141 1339 3173 Ubi
1355 3143 1480 3180 tergum
1496 3138 1628 3171 suillum
1655 3137 1696 3169 ad
1710 3137 1876 3170 illecebras
1894 3137 1992 3168 hamo
2007 3137 2142 3173 circum-„

1113 3200 1129 3215 «
1165 3187 1301 3227 dederit,
1317 3186 1457 3218 demittit
1475 3186 1507 3217 in
1525 3185 1668 3217 medium
1684 3184 1822 3224 flumen,
1840 3184 1910 3227 ipse
1931 3183 1963 3215 in
1979 3182 2070 3215 labro
2086 3183 2140 3215 ssu-

1114 3247 1129 3261 «
1147 3234 1244 3265 minis
1260 3233 1436 3274 porcellum
1451 3257 1460 3272 ,
1478 3241 1574 3272 quern
1591 3231 1704 3263 vivum
1720 3233 1829 3271 tenet,
1850 3230 2018 3271 verberatj
2031 3271 2033 3273 q
2045 3231 2138 3271 cuius

1113 3294 1128 3308 «
1144 3289 1258 3312 vocem
1272 3280 1452 3312 crocodilus
1468 3279 1615 3319 audiens,
1639 3287 1753 3317 versus
1768 3279 1857 3311 illam
1876 3278 1992 3319 tendit,
2010 3279 2137 3310 nactus-

1113 3340 1128 3355 «
1145 3336 1209 3368 que
1228 3329 1357 3367 tergum
1381 3327 1532 3366 devorat;
1550 3326 1594 3358 illi
1618 3335 1695 3358 vero
1710 3326 1854 3364 trahunt,
1871 3327 1912 3357 Et
1927 3327 2136 3366 posteaquam

1114 3387 1128 3401 α
1143 3374 1174 3405 in
1192 3376 1310 3406 terram
1323 3374 1481 3406 attractus
1499 3375 1566 3414 est,
1584 3375 1657 3406 ante
1672 3373 1780 3405 omnia
1794 3374 1863 3414 ejiis
1879 3373 1990 3405 oculos
2004 3374 2134 3404 venator
