2320 3684
606 145 930 187 APOLLODORI
957 146 1307 187 BlsnloTchAE
1333 148 1404 196 111,
1434 154 1472 199 2,
1490 126 1534 200 3,
1548 153 1584 187 4.

39 236 211 293 ευρ-ήσεως
230 236 448 290 ἐμαντεύετο.
469 232 665 289 3Κούρητες
688 232 726 271 83.
743 237 839 271 εἶπον
860 233 968 286 αὐτῷ,
985 248 1064 287 τρι-

39 297 230 350 χρώματον
256 298 292 335 ἐν
319 302 396 340 ταῖς
422 293 563 347 ἀγέλαις
587 291 679 345 ἔχειν
709 294 812 344 βοῦν,
847 290 906 330 τὸν
939 290 975 329 83
1000 290 1064 338 τὴν

39 354 169 404 ταύτης
185 354 304 393 θέαν”
282 370 407 408 αριστα
427 351 565 392 εἰκάσαι
584 349 786 398 δυνηθέντα,
805 348 863 388 καὶ
879 351 991 394 ζῶντα
1007 349 1065 388 τὸν

39 414 150 452 παῖδα
179 412 384 452 ἀποδώσειν.
401 411 418 437 4
439 407 713 462 Συγκληθέντων
741 407 777 447 δὲ
793 410 862 446 τῶν
894 408 1067 459 μάντεων,

41 471 226 520 Πολύϊδος,
247 474 265 510 ὁ
281 472 467 523 Κοιρανοῦ,
485 467 551 515 τὴν
573 465 681 520 χρόαν
696 469 758 514 τῆς
774 466 852 519 βοὸς
867 465 986 504 εἴκασε
1006 466 1070 518 βά-

40 545 101 568 του
118 532 265 583 καρπῷ·
291 528 370 576 καὶ,
396 529 510 574 ζητεῖν
530 525 589 564 τὸν
609 527 719 563 παῖδα
740 525 990 577 ἀναγκασθεις,
1012 524 1069 563 διά

40 603 132 632 τινος
151 586 352 640 μαντείας’
333 590 465 639 ανεῦρε.
483 586 499 611 5
513 583 685 636 Λέγοντος
701 583 737 622 δὲ
757 583 917 632 Μίνωος,
947 582 1000 622 ὅτι
1020 584 1070 621 δεῖ

41 646 102 685 καὶ
119 648 232 692 ζῶντα
255 643 445 684 ἀπολαὸεῐν
462 642 589 692 αὐτον,
620 642 832 690 ἀπεκλείσθη
858 642 920 682 συν
942 645 992 696 τῷ
1011 657 1070 680 νε-

41 707 127 758 κρῷ.
150 704 211 744 Ἐν
242 702 428 757 ἀμηχανία
454 700 490 741 83
514 703 628 774 πολλῇ
654 701 861 754 τυγχάνων,
888 695 956 740 εἶδε
983 699 1071 755 δρά-

42 777 150 801 κοντα
191 762 249 800 ἐπὶ
278 761 337 801 τὸν
372 760 492 815 νεκρὸν
526 760 640 799 ἷόντα·
685 764 807 799 τοῦτον
839 759 954 813 βαλὼν
986 759 1071 813 λίθῳ

43 819 246 870 ἀπέκτεινε,
267 820 381 863 δείσας
411 818 505 871 μὴ
487 835 528 857 αν
558 818 659 863 αὐτὸς
683 818 893 871 τελευτήσῃ,
918 835 947 857 ει
960 834 1073 857 τουτω

44 879 233 931 συμπάθοι.
247 877 279 904 δ”
285 880 440 932 Ερχεται
453 876 525 916 833'
505 893 617 932 ετερος
629 877 778 952 δράκων,
785 877 845 916 καὶ
862 877 1075 929 θεασάμενος

42 939 163 993 νεκρὸν
183 938 242 978 τὸν
269 941 429 992 πρῶτον,
456 937 615 986 ἄπεισιν,
641 941 717 975 εἶτα
741 935 951 991 ὑποστρέφει
968 937 1072 975 ποίαν

44 998 217 1050 κομίζων,
246 997 306 1036 καὶ
327 995 459 1044 ταύτην
480 996 709 1044 ἐπιτίθησιν’
694 995 752 1034 επι
771 1002 840 1034 πᾶν
860 996 900 1035 τὸ
918 1000 980 1035 τοῦ
1001 996 1056 1034 ἑτέ
1042 1013 1074 1025 ε-

46 1073 107 1110 ρου
125 1055 508 1108 σῶμα·ἐπιτεθείσηςδὲ
524 1058 587 1102 τῆς
596 1054 716 1104 ποίας,
738 1054 881 1102 ἀνέστη.
903 1055 1071 1094 7Θεασά·

42 1130 148 1168 μενος
167 1113 204 1153 83
228 1113 402 1157 Πολύϊδος
422 1114 482 1152 καὶ
509 1113 714 1165 θαυμάσας,
743 1112 807 1161 τὴν
835 1112 943 1161 αὐτὴν
971 1114 1074 1153 ποίαν

45 1172 287 1229 προσενεγκὼν
313 1175 364 1227 τῷ
389 1177 450 1212 τοῦ
483 1172 645 1213 Γλαύκου
675 1171 836 1222 σώματι,
871 1172 1074 1221 ἀνέστησεν.

49 1233 104 1285 (2)
126 1230 336 1272 Ἀπολαόὼν
362 1231 398 1270 83
420 1231 542 1275 Μίνως
566 1231 624 1271 τὸν
651 1233 778 1280 παῖδα,
808 1233 878 1270 οὐδ’
904 1231 1013 1275 οὕτως
1031 1234 1078 1276 εἷς

46 1290 174 1345 Ἀργος
190 1289 331 1330 ἀπιέναι
343 1290 402 1329 τὸν
416 1289 588 1329 Πολύϊδον
607 1289 674 1339 εἴα,
685 1291 766 1344 πρὶν
784 1289 806 1338 ἢ
823 1289 887 1338 τὴν
909 1291 1075 1342 μαντείαν

49 1349 184 1394 διδάξαι
199 1348 259 1388 τὸν
278 1351 307 1388 Γ
307 1350 450 1387 λαῧκον·
469 1349 700 1400 ἀναγκασθεὶς
728 1347 764 1387 83.
792 1353 810 1388 ὃ
831 1349 1004 1394 Πολύϊδος
1023 1350 1079 1388 δι-

49 1408 183 1447 δάσκει.
203 1408 302 1447 2Καὶ
326 1408 402 1446 ἐπεὶ
426 1406 468 1455 δὴ
492 1407 660 1456 ἀπέπλει,
686 1409 820 1446 κελεύει
844 1409 902 1447 τὸν
920 1410 1078 1448 Γλαῦκον

49 1469 97 1511 εἰς
115 1467 155 1506 τὸ
178 1482 294 1519 στομα
311 1466 519 1505 ἐπιπτύσαι·
540 1467 599 1505 καὶ
625 1471 727 1505 τοῦτο
746 1467 897 1515 ποιήσας
922 1469 1080 1511 Γλαῦκος

50 1525 114 1574 τὴν
136 1525 302 1578 μαντείαν
321 1525 520 1564 ἐπελάθετο.
538 1527 555 1552 3
569 1528 601 1565 Τ
603 1524 626 1563 ὰ
646 1524 709 1577 μὲν
737 1520 796 1564 οὖν
826 1526 905 1580 περὶ
931 1529 1000 1565 τῶν
1018 1530 1080 1574 τῆς

51 1583 228 1640 Εὐρώπης
246 1584 427 1634 ἀπογόνων
452 1583 559 1638 μέχρι
574 1583 675 1622 τοῦδέ
696 1599 756 1636 μοι
775 1584 944 1638 λελέχθω.

521 1687 614 1694 ——-—-

411 1742 659 1774 ΚΕΦΑΛΑΙΟΝ
680 1742 726 1773 Δ’.

106 1809 160 1862 (1)
177 1808 363 1861 Κάδμος
343 1807 403 1858 οὲ,
421 1810 663 1848 ἀποθανοῦσαν
687 1809 799 1863 θάψας
828 1808 1080 1863 Τηλέφασσαν,

53 1867 121 1908 ὑπὸ
144 1869 297 1923 Θρᾳκων
330 1867 510 1919 ξενισθεις,
536 1863 639 1916 ἠλθεν
670 1870 717 1914 εἷς
740 1867 896 1932 Δελφους
917 1884 997 1924 περι
1019 1884 1083 1917 της

54 1927 231 1983 Εὐρώπης
251 1926 520 1979 πυνθανόμενος.
552 1928 597 1968 Ὁ
624 1928 661 1967 83
688 1929 800 1973 Osbc=
786 1933 880 1979 εἰπε,
909 1930 988 1983 περὶ
1017 1929 1080 1981 μὲν

56 1986 232 2042 Εὐρώπης
251 1986 301 2038 μὴ
327 1988 647 2041 πολυπραγμονεῖν,
668 1991 821 2042 χρῆσθαι
841 1988 877 2027 83
897 1989 1082 2043 καθοδηγῷ

56 2043 129 2100 βοι,
155 2046 214 2086 καὶ
233 2046 334 2085 πόλιν
358 2046 486 2092 κτίζειν
511 2044 592 2085 ἔνθα
611 2046 652 2086 ἂν
680 2047 768 2095 αὐτὴ
789 2046 880 2101 πέσῃ
902 2052 1080 2100 καμοῦσα.

54 2107 240 2145 2Τοιοῦτον
268 2104 386 2144 λαὸὼν
409 2105 593 2159 χρησμὸν,
623 2105 680 2144 διὰ
698 2106 858 2146 Φωκέων
888 2106 1082 2161 ἐπορεύετο.

55 2158 147 2204 Εἶτα
174 2162 230 2218 βοῒ
256 2163 437 2216 συντυχὼν
463 2166 498 2202 ἐν
525 2171 596 2208 τοῖς
623 2165 847 2218 Πελάγοντος
878 2167 1082 2219 βουκολίοις,

54 2223 166 2277 ταύτῃ
185 2222 395 2262 κατόπισθεν
415 2221 544 2262 εἵπετο.
568 2223 613 2263 ‘H
635 2223 686 2273 83,
705 2224 877 2270 διεξιοῦσα
896 2226 1081 2274 Βοιωτίαν,

55 2283 196 2331 ἐκλίθη,
225 2282 324 2326 πόλις
349 2282 429 2320 ἔνθα
455 2286 515 2320 νῦν
540 2283 606 2321 εἶσὶ
629 2283 762 2330 Θῆὅαι.
780 2283 1022 2336 3Βουλόμενος
1048 2283 1085 2323 83

58 2341 184 2395 Ἀθηνᾷ
209 2344 404 2380 καταθυσαι
429 2340 492 2388 τὴν
520 2343 622 2394 βουν,
651 2341 785 2393 πέμπει
807 2342 886 2381 τινὰ
905 2346 975 2382 τῶν
1009 2345 1085 2395 μεθ’

52 2403 180 2439 ἑαυτοῦ
212 2399 410 2454 ληψόμενον
451 2399 520 2438 ἀπὸ
553 2403 615 2447 τῆς
646 2401 778 2455 Ἀρείας
806 2401 937 2456 κρήνης
974 2402 1084 2464 ὕδωρ·

57 2461 215 2514 φρουρῶν
244 2458 280 2497 δὲ
299 2457 363 2513 τὴν
381 2458 513 2512 κρήνην
540 2459 697 2513 δράκων,
723 2459 760 2498 ὃν
790 2459 825 2505 ἐξ
845 2459 962 2514 Ἄρεος
987 2465 1084 2501 εἶπον

57 2518 146 2562 τινὲς
161 2533 358 2570 γεγονεναι,
384 2533 463 2561 τους
485 2517 647 2562 πλείονας
671 2535 740 2557 των
764 2518 993 2573 πεμφθέντων
1012 2519 1086 2559 διέ-

59 2579 205 2631 φθειρεν.
232 2575 515 2629 4Ἀγανακτήσας
534 2576 570 2615 83
590 2576 753 2628 Κάδμος,
774 2578 900 2617 κτείνει
923 2579 981 2618 τὸν
999 2579 1087 2633 δρά-

59 2651 177 2675 κοντα·
204 2635 289 2683 καὶ,
318 2639 380 2683 τῆς
397 2635 540 2683 Ἀθηνᾶς
569 2635 808 2688 ὑποθεμένης,
838 2637 918 2683 τοὺς
947 2638 1087 2682 ὀδόντας

61 2695 166 2734 αὐτοῦ
195 2693 340 2746 σπείρει·
368 2693 499 2732 τούτων
530 2694 566 2732 δὲ
587 2694 811 2748 σπαρέντων,
842 2696 1022 2736 ἀνέτειλαν
1047 2699 1088 2736 ἐκ

61 2755 124 2805 γ’ἠς
141 2753 260 2807 ἄνδρες
276 2752 428 2801 ἔνοπλοι,
446 2751 502 2797 οὒς
518 2753 687 2792 ἐκάλεσαν
700 2754 896 2808 Σπαρτούς.
913 2751 1040 2795 ὅθῖτοι
1051 2757 1087 2796 δὲ

63 2809 268 2850 ἀπέκτειναν
298 2810 494 2857 ἀλλήλους,
521 2813 553 2849 οἱ
588 2811 679 2863 μὲν,
714 2814 760 2855 εἷς
806 2812 876 2868 ἔριν
924 2815 1086 2854 ἀκούσιον

61 2869 234 2918 ἐλθόντες,
253 2871 284 2908 οἱ
304 2868 353 2918 83,
374 2869 581 2917 ἀλλήλους’
563 2876 774 2922 αγνοοῦντες.
796 2873 1025 2927 6Φερεκύδης
1051 2874 1088 2913 δέ

64 2939 187 2982 φησιν,
204 2927 256 2966 ὅτι
274 2927 438 2979 Κάδμος,
454 2927 568 2967 ἶδὼν’
553 2944 596 2967 εκ
610 2945 674 2980 γης
689 2930 947 2984 ἀναφυομένους
964 2932 1089 2986 ἄνδρας

65 2985 278 3035 ἔνόπλους,’
263 2986 318 3024 επ’
346 2985 470 3030 αὐτους
488 2986 591 3026 ἔὸαλε
608 2987 739 3031 λίθους
759 2991 791 3027 οἱ
818 2988 873 3034 δὲ,
899 2991 956 3028 ὑπ’
974 2991 1088 3038 ἀλλή-

63 3046 134 3084 λων
165 3045 360 3096 νομίζοντες
388 3045 600 3097 βάλλεσθαι,
630 3048 678 3090 εἷς
706 3047 826 3100 μάχην
852 3048 1086 3097 κατέστησαν.

62 3103 354 3158 ἹΠεριεσώθησαν
376 3103 413 3142 83
429 3104 549 3143 πέντε·
577 3105 725 3158 Ἐχίων,
745 3108 912 3156 Οὐδαῖος,
932 3108 1087 3157 Χθόνιος,

65 3161 283 3216 Ὑπερήνωρ,
303 3162 444 3217 Πέλωρ.
465 3165 519 3216 (2)
540 3164 683 3216 Κάδμος
701 3164 750 3215 δὲ,
771 3166 845 3204 ἀνθ’
858 3170 906 3205 ὧν
924 3166 1087 3215 ἔκτεινεν,

67 3220 174 3259 ἀΐδιον
207 3222 362 3260 ἐνιαυτὸν
389 3222 570 3269 ἐθήτευσεν
606 3222 718 3278 Ἄρει·
749 3228 792 3272 ἠν
819 3224 856 3263 δὲ
891 3229 909 3264 ὁ
935 3225 1089 3268 ἐνιαυτὸς

66 3278 143 3318 τότε
161 3279 288 3319 ὄκτὼ”
268 3295 342 3328 ετη.

122 3338 248 3379 2Μεϊὰ
262 3338 300 3378 δὲ
317 3338 380 3387 τὴν
400 3340 537 3388 θητείαν
561 3341 687 3389 Ἀθηνᾶ
703 3344 798 3395 αὐτῷ
818 3343 995 3394 βασιλείαν
1019 3358 1086 3380 κα-

2075 152 2148 188 153

1126 246 1187 284 rat,
1212 244 1253 277 de
1281 245 1466 278 inveniendi
1481 244 1605 277 ratione
1616 244 1780 277 consuluit
1792 243 1972 277 oraculum.
1986 247 2001 267 ὅ
2015 246 2151 278 Curetes

1125 301 1153 333 ei
1162 302 1315 335 dixerunt
1325 304 1511 336 tricolorem
1523 312 1594 336 esse
1605 304 1689 336 inter
1698 306 1842 336 armenta
1853 304 1924 344 ejus
1937 302 2055 335 bovem
2066 314 2075 343 ;
2085 303 2150 343 jam

1127 359 1184 399 qui
1209 360 1420 401 conjectando
1441 360 1571 402 assequi
1585 361 1704 403 possit,
1722 361 1850 393 cuinam
1873 360 1919 393 rei
1944 359 2038 392 bovis
2055 360 2152 401 hujus

1127 418 1251 458 species
1261 419 1381 459 optime
1391 421 1489 460 queat
1503 420 1694 461 comparari,
1708 428 1783 452 eum
1796 427 1926 460 quoque
1936 419 1978 451 ad
1987 419 2153 451 invenien-

1127 476 1207 508 dum
1226 485 1362 517 puerum
1381 478 1518 518 vitaeque
1534 478 1768 511 restituendum
1784 478 1852 510 fore
1866 478 2030 510 idoneum.
2051 479 2160 510 ⁴Con-·

1127 534 1253 566 vocatis
1265 534 1362 575 igitur
1374 536 1515 576 vatibus,
1528 537 1694 578 Polyidus,
1712 537 1842 571 Coerani
1854 536 1951 576 filius,
1967 536 2084 568 bovem
2097 536 2154 568 tri-

1128 592 1220 633 plicis
1233 592 1348 624 coloris
1364 602 1438 625 cum
1449 603 1541 626 moro
1550 595 1623 627 rubi
1639 595 1850 637 comparavit,
1862 596 1894 628 et
1909 604 2044 637 puerum
2060 595 2155 627 vesti-

1130 659 1203 691 gare
1210 653 1352 691 coactus,
1364 653 1564 686 vaticinandi
1575 656 1642 686 arte
1652 655 1736 695 quad
1741 663 1791 687 am
1803 655 1854 696 adj
1859 656 1934 687 utus
1943 663 2017 687 eum
2026 654 2156 695 reperit.

1130 709 1194 740 ⁶At
1209 708 1315 740 Minos
1331 708 1446 740 vivum
1469 709 1530 741 sibi
1546 719 1681 751 puerum
1699 711 1896 744 reddendum
1914 721 1984 744 esse
2003 711 2158 745 dictitans

1130 775 1206 798 emn
1220 775 1294 798 cum
1308 770 1436 799 mortuo
1450 767 1592 800 inclusit.
1610 771 1716 807 Quum
1727 771 1836 811 itaque
1845 771 1879 802 in
1889 779 2017 803 summa
2030 770 2158 802 consilii

1132 826 1243 867 inopia
1254 829 1438 858 versaretur
1452 850 1461 866 ‚
1481 827 1653 859 draconem
1670 828 1753 860 vidit
1767 829 1807 861 ad
1825 831 1989 861 mortuum
2005 829 2157 861 acceden-

1132 885 1210 916 tem.
1238 885 1334 915 Hunc
1351 883 1457 924 lapide
1478 893 1668 925 percussum
1685 886 1822 926 occidit,
1846 887 1989 927 veritus,
2004 895 2062 926 ne,
2085 886 2112 918 si
2129 886 2158 918 ei

1133 943 1289 983 parceret,
1304 942 1373 982 ipse
1382 943 1573 974 moreretur.
1585 943 1724 975 ⁸Deinde
1738 953 1814 975 vero
1825 945 1902 976 alter
1911 944 2008 976 draco
2014 945 2159 985 advenit,

1134 1008 1172 1031 ac
1187 999 1327 1041 priorem
1343 999 1541 1032 exstinctum
1560 1000 1763 1041 conspicatus
1778 1001 1864 1041 abit;
1881 1010 1957 1033 mox
1974 1002 2107 1035 herbam
2120 1002 2160 1034 se-

1135 1068 1208 1091 rens
1225 1059 1329 1099 redit,
1348 1067 1449 1099 eaque
1461 1059 1522 1091 toti
1535 1059 1667 1091 alterius
1686 1060 1811 1100 corpori
1828 1060 1995 1101 imposita,
2022 1060 2108 1092 hunc
2127 1061 2161 1092 in

1135 1118 1237 1150 vitam
1253 1120 1395 1150 revocat.
1416 1123 1429 1143 ⁷
1439 1117 1477 1150 ld
1493 1126 1594 1158 quum
1610 1118 1763 1158 Polyidus
1780 1118 1914 1150 miratus
1927 1119 2073 1158 vidisset,
2089 1128 2160 1151 ean-

1135 1177 1209 1209 dem
1224 1177 1356 1208 herbam
1372 1176 1488 1208 Glauci
1503 1176 1630 1217 corpori
1651 1176 1829 1208 admovens
1845 1179 2009 1209 mortuum
2028 1178 2161 1209 suscita-

1136 1236 1195 1267 vit.
1214 1236 1259 1276 (2)
1289 1235 1351 1267 Sed
1371 1235 1477 1267 Minos
1502 1244 1542 1267 ne
1562 1237 1637 1276 post
1659 1237 1882 1275 recuperatum
1904 1235 2036 1276 quidem
2062 1235 2162 1267 filium

1137 1296 1238 1334 Argos
1257 1293 1360 1325 redire
1373 1293 1545 1334 Polyidum
1557 1293 1706 1334 permisit
1721 1293 1782 1324 nisi
1796 1295 1891 1325 antea
1908 1293 2104 1325 vaticinandi
2118 1303 2165 1325 ar-

1138 1354 1204 1385 tem
1221 1352 1381 1384 Glaucum
1399 1352 1556 1384 docuerit.
1580 1351 1732 1392 Polyidus
1746 1353 1878 1383 coactus
1894 1353 1996 1384 artem
2016 1352 2165 1392 edocuit;

1139 1414 1192 1443 2et
1202 1411 1259 1442 ubi
1276 1419 1358 1442 nave
1378 1410 1411 1441 in
1427 1410 1564 1451 patriam
1581 1410 1783 1450 profecturus
1797 1412 1882 1449 erat,
1897 1409 2057 1441 Glaucum
2070 1410 2167 1451 jussit

1138 1479 1173 1501 1n
1187 1478 1224 1501 os
1238 1469 1300 1501 sibi
1331 1469 1490 1510 inspuere.
1506 1471 1578 1506 Quo
1592 1468 1678 1500 facto
1692 1468 1834 1500 Glaucus
1848 1468 2051 1505 vaticinandi
2067 1477 2168 1509 artem

1139 1528 1261 1561 oblitus
1277 1531 1336 1560 est.
1355 1533 1368 1551 ³
1382 1530 1546 1560 Hactenus
1562 1527 1660 1567 igitur
1676 1526 1716 1559 de
1732 1529 1871 1568 Europae
1886 1533 2083 1576 posteritate,

1547 1748 1686 1779 CAPUT
1707 1749 1762 1779 lv.

1185 1822 1243 1866 (1).
1268 1825 1412 1859 Cadmus
1430 1835 1450 1858 a
1464 1826 1644 1858 Thracibus
1658 1827 1798 1868 hospitio
1814 1828 1981 1869 exceptus,
1998 1828 2171 1868 postquam

1142 1890 1369 1932 Telephassam
1385 1891 1451 1923 vita
1469 1890 1656 1924 defunctam
1672 1892 1871 1933 sepeliverat,
1888 1892 2030 1933 Delphos
2042 1894 2172 1925 conten-

1143 1957 1191 1989 dit
1203 1956 1243 1988 de
1260 1959 1389 1998 Europa
1403 1956 1501 1989 deum
1516 1957 1752 1989 sciscitaturus.
1789 1959 1808 1990 J
1812 1957 1893 1989 ussit
1920 1956 2045 1998 Apollo,
2064 1966 2104 1989 ne
2133 1957 2173 1989 de

1143 2025 1273 2064 Europa
1284 2022 1410 2054 curiose
1435 2024 1606 2063 quaereret,
1619 2022 1676 2054 sed
1690 2022 1773 2054 bove
1786 2023 1880 2054 utens
1890 2021 1953 2054 viae
1966 2021 2047 2054 duce
2060 2021 2172 2053 urbem

1144 2087 1296 2120 conderet
1309 2087 1367 2119 ubi
1382 2087 1438 2119 illa
1451 2087 1577 2120 defessa
1591 2087 1801 2128 procubitura
1819 2087 1910 2119 foret.
1930 2091 1944 2110 2
1953 2089 2024 2125 Quo
2040 2088 2173 2128 accepto

1146 2160 1300 2194 responso
1315 2161 1372 2193 per
1386 2151 1561 2184 Phocidem
1576 2152 1638 2184 iter
1652 2151 1799 2184 faciebat.
1812 2154 1888 2184 Mox
1902 2151 1980 2183 bovi
1995 2152 2078 2183 inter
2091 2151 2174 2183 Pela-

1144 2216 1251 2257 gontis
1266 2217 1411 2248 armenta
1421 2215 1551 2247 obviam
1565 2215 1683 2254 factus,
1698 2223 1782 2256 poue
1793 2224 1864 2247 eam
1879 2215 2085 2256 sequebatur.
2097 2216 2174 2246 Haec

1144 2287 1223 2311 vero
1237 2278 1396 2311 Boeotiam
1417 2287 1609 2319 percurrens
1625 2279 1717 2310 humi
1738 2279 1930 2320 procubuit,
1946 2279 2003 2310 ubi
2019 2288 2105 2310 nunc
2121 2287 2173 2310 ex-

1144 2346 1233 2376 stant
1247 2344 1378 2376 Thebae.
1397 2343 1533 2375 ³Deinde
1547 2343 1665 2376 bovem
1681 2343 1768 2376 illam
1782 2344 1937 2376 Minervae
1947 2344 2144 2375 mactaturus
2155 2351 2173 2374 e

1146 2410 1213 2441 suis
1228 2409 1388 2450 quendam
1398 2409 1500 2448 misit,
1512 2409 1569 2450 qui
1584 2417 1626 2440 ex
1637 2408 1751 2440 Martis
1775 2408 1865 2440 sonte
1886 2408 2028 2439 hauriret
2041 2415 2170 2447 aquam.

1146 2474 1209 2506 Sed
1223 2474 1320 2506 draco
1336 2473 1420 2505 sonti
1432 2475 1543 2505 custos
1558 2473 1737 2514 appositus,
1754 2481 1850 2514 quem
1866 2473 1963 2505 Marte
1975 2473 2080 2503 satum
2095 2479 2171 2502 non-

1146 2537 1226 2569 nulli
1244 2537 1443 2578 perhibuere,
1455 2546 1495 2569 ex
1510 2537 1678 2578 aquaturis
1694 2537 1862 2578 plerosque
1875 2535 2170 2571 absumsit.⁴Quare

1146 2602 1332 2643 indignatus
1347 2602 1490 2635 Cadmus
1507 2602 1681 2634 draconem
1696 2601 1870 2639 interemit,
1886 2609 1923 2631 ac
1939 2599 2089 2631 Minervae
2101 2607 2171 2630 con-

1146 2667 1219 2699 silio
1242 2667 1354 2699 (lentes
1373 2667 1442 2708 ejus
1464 2667 1564 2698 humo
1586 2666 1742 2698 condidit.
1767 2664 1892 2702 Quibus
1909 2664 2007 2703 satis,
2025 2664 2140 2695 armati
2154 2673 2172 2696 e

1146 2733 1231 2764 terra
1245 2730 1309 2762 viri
1321 2730 1424 2762 exorti
1442 2731 1531 2768 sunt,
1547 2737 1628 2770 quos
1644 2728 1852 2760 nominarunt
1868 2729 2008 2766 spartos.
2027 2728 2170 2758 ¹⁵Horum

1148 2797 1240 2830 alteri
1250 2796 1344 2828 inviti
1361 2796 1465 2827 rixam
1480 2795 1639 2833 ineuntes,
1651 2793 1742 2824 alteri
1755 2792 1858 2831 ignari
1869 2791 1954 2823 inter
1963 2800 1997 2823 se
2008 2793 2170 2832 congressi

1147 2863 1261 2893 mutua
1291 2860 1379 2892 caede
1397 2859 1607 2890 occumbunt.
1624 2861 1767 2888 ⁶Verum
1791 2855 1988 2896 Pherecydes
2005 2855 2084 2888 dicit
2112 2859 2170 2890 Ca-

1147 2926 1261 2958 dmum
1276 2926 1417 2956 armatos
1432 2922 1521 2954 viros
1538 2930 1555 2953 e
1569 2924 1653 2952 terra
1667 2919 1850 2951 exorientes
1867 2919 2117 2960 conspicientem
2128 2921 2170 2953 la-

1147 2990 1277 3032 pidibus
1289 2997 1343 3021 eos
1357 2987 1521 3028 petivisse3
1536 2984 1591 3016 sed
1603 2984 1672 3022 hos,
1689 2982 1832 3014 vicissim
1845 2992 1865 3015 a
1874 2992 1908 3015 se
1922 2984 2046 3024 percuti
2062 2985 2170 3017 existi-

1147 3056 1273 3086 mantes
1286 3076 1295 3092 ,
1323 3053 1407 3083 inter
1421 3059 1456 3082 se
1478 3048 1589 3080 iniisse
1619 3056 1768 3088 pugnam.
1787 3047 2040 3089 ⁷Superfuerunt
2062 3051 2170 3081 autem

1147 3118 1307 3158 quinque,
1325 3114 1447 3146 Echion
1458 3136 1468 3152 ,
1483 3112 1621 3150 Udaeus,
1635 3111 1835 3150 Chthonius,
1850 3113 2051 3153 Hyperenor,
2064 3113 2168 3145 Pelor.

1149 3182 1194 3222 (2)
1213 3180 1356 3213 Cadmus
1389 3186 1466 3210 vero
1503 3185 1561 3218 pro
1583 3176 1757 3208 commissa
1779 3176 1866 3208 caede
1882 3185 2075 3217 perannum
2102 3187 2168 3210 ma-

1147 3253 1245 3285 gnum
1260 3266 1268 3281 ,
1291 3241 1378 3283 quod
1393 3243 1464 3273 tum
1481 3241 1555 3272 octo
1571 3239 1664 3271 annis
1675 3239 1854 3278 constabat,
1871 3241 1966 3272 Marti
1982 3240 2129 3274 servivit.

1194 3350 1290 3380 2l’ost
1309 3345 1473 3393 peractum
1487 3343 1611 3376 servitii
1628 3344 1755 3385 tempus
1768 3344 1912 3379 Minerva
1927 3354 2059 3385 regnum
2075 3346 2103 3377 ei
2120 3346 2167 3379 in-
