2320 3684
768 116 890 156 PHII
892 116 1087 155 OCHORI
1117 114 1447 155 FRAGMENTA

95 261 466 315 Ηο5γο11.·Ἱππῆς,
485 260 622 301 ἱππεῖς·

145 327 211 360 ἀλλ’
230 326 307 360 εῑσὶν
319 327 415 364 ἱππῆς
429 323 532 366 ἄνδρες
546 320 654 362 ἀγαθοὶ
677 318 779 361 χίλιοι.

45 378 219 431 Σύστημα
231 379 430 430 πολεμικῶν
445 376 578 449 ἀνδρῶν
592 371 854 426 χιλίωνίππους
862 369 1070 424 τρεφόντων.

76 436 317 492 .Φιλόχορος
339 435 375 475 83
407 436 442 473 ἐν
478 433 635 487 τετάρτῳ
667 431 806 486 εἴρηκε,
835 429 922 469 πότε
964 445 1072 468 κατε-

45 495 222 543 στάθησαν
239 495 359 548 χίλιοι.
378 493 536 548 Διάφορα
551 491 619 546 γὰρ
634 485 676 539 ἦν
692 488 828 530 ἱππέων
845 489 963 537 πλήθη
983 488 1074 528 κατὰ

44 553 168 622 χρόνον
189 552 388 601 Ἀθηναίοις.
513 604 599 642 10¹

99 667 288 712 Har-poet*
307 673 345 698 v.
370 656 583 711 Στρατεία’
569 672 602 695 εν
620 662 690 700 τοῖς
709 654 958 707 ἐπωνύμοις..
964 653 1076 698 ..Τίς

46 715 89 770 ἦν
106 724 129 769 ἡ
143 722 178 759 ἐν
197 723 267 762 τοῖς
289 715 486 767 ἐπωνύμοις
498 714 681 768 στρατεία,
702 714 896 761 δεδήλωκεν
914 713 1074 766 Ἀριστο-

45 780 177 829 τέλης’
161 795 196 818 εν
211 776 404 824 Ἀθηναίων
418 773 576 827 πολιτεία
589 772 749 825 λέγων-ι
734 773 845 812 «Εἰσὶ
858 771 956 825 γὰρ’
941 771 1075 810 επώνυ-

47 855 108 892 μοι
130 837 215 877 δέκα
244 835 307 888 μὲν
326 836 358 874 οἱ
370 836 439 873 τῶν
457 834 587 887 φυλῶν,
604 831 664 871 δύο
684 831 720 870 83.
736 831 796 871 καὶ
814 830 1077 885 τεσσαράκοντα

46 900 78 936 οἱ
94 898 163 936 τῶν
183 894 410 942 ἡλικιῶν.οῖ
427 890 463 930 δὲ
481 889 633 944 ἔφηὸοι’
618 890 892 944 εγγραφόμενοι,
909 888 1076 943 πρότερον

49 955 113 1008 μὲν
134 956 181 998 εἷς
209 949 453 1003 λελευκωμένα
482 955 708 1003 γραμματεῖα
733 948 980 1002 ἐνεγράφοντο,
1017 947 1076 987 καὶ

47 1012 284 1067 ἐπεγράφοντο
302 1011 415 1054 αὐτοῖς
434 1006 456 1046 ὅ
472 1023 510 1047 τε
530 1006 663 1062 ἄρχων,
690 1007 743 1061 ἐφ’
765 1002 837 1046 οἷ’
822 1006 1078 1061 ενεγράφησαν,

47 1071 108 1112 καὶ
140 1069 320 1122 ἐπώνυμος
343 1070 362 1107 ὁ
383 1083 434 1120 τι)
470 1066 629 1120 προτέρῳ
661 1065 730 1104 ἔτει
763 1064 975 1118 δεδιῃτηκώς
1011 1066 1079 1116 (sic

48 1131 246 1170 Goesiana:
266 1126 378 1166 codd.
396 1123 641 1176 δεδεικτικώς).
661 1126 735 1164 Νυν
753 1123 789 1162 δὲ
808 1126 855 1168 εἷς
871 1123 935 1172 τὴν
952 1123 1078 1176 βουλὴν

48 1187 350 1242 ἄναγράφονται.»
342 1183 443 1224 »Και
465 1183 540 1235 μετ’
560 1183 682 1235 ὀλίγα·
716 1185 907 1237 «Χρῶνται
938 1181 975 1220 83
1010 1188 1081 1226 τοῖς

49 1245 245 1298 ἐπωνύμοις
278 1243 339 1283 καὶ
371 1242 457 1297 πρὸς
487 1242 549 1286 τὰς
571 1241 774 1295 στρατείας,
802 1242 863 1280 καὶ
886 1240 967 1280 ὅταν
992 1243 1095 1290 ἡλι-

49 1305 129 1344 κίαν
159 1303 398 1355 ἐκπέμπωσι,
430 1300 670 1356 προγράφουσι
701 1299 771 1339 ἀπὸ
799 1300 891 1358 τίνος
914 1299 1082 1354 ἄρχοντος

51 1363 236 1415 ἐπωνύμου
263 1360 370 1435 μέχρι
392 1360 483 1404 τίνος
504 1360 555 1398 δεῖ
574 1358 864 1413 στρατεύεσθαι.»
848 1359 1082 1398 »Διείλεκται

49 1421 273 1477 περὶτούτων
296 1420 355 1460 καὶ
369 1417 567 1472 Φιλόχορος
595 1419 630 1457 ἐν
650 1421 694 1470 τῇ
714 1418 863 1471 τετάρτῃ
886 1420 948 1464 τῆς
968 1418 1081 1457 Ἀτθί-

51 1482 117 1525 δος.
137 1482 193 1520 Cf.
211 1480 363 1519 Boeckh.
387 1481 428 1517 C.
452 1482 571 1516 Inscr.
592 1491 629 1515 n.
650 1478 734 1515 113.

275 1544 362 1582 102.
392 1543 559 1594 [Olymp.
595 1544 796 1590 LXXXII,
819 1542 870 1592 2.]

103 1603 232 1642 Schol.
266 1603 448 1654 Sophocl.
481 1601 622 1652 OEdip.
658 1601 740 1639 Col.
766 1601 866 1650 697.
887 1599 974 1639 “Ovt
994 1600 1084 1639 ἀπέ-

52 1677 178 1715 σχοντο
194 1663 263 1700 τῶν
283 1662 409 1700 ἐλαιῶν
429 1675 491 1707 της
514 1662 615 1709 θεοῦ,
631 1675 700 1697 των
719 1658 849 1711 μορίων
864 1658 1083 1710 ὀνομαζομέ-

51 1737 133 1770 νων,
153 1722 185 1759 οῐ
209 1717 500 1771 Λακεδαιμόνιοι,
521 1717 581 1756 καὶ
609 1717 711 1756 ἄλλοι
735 1719 912 1772 ἱστοροῦσι
931 1719 990 1757 καὶ
1013 1720 1085 1758 Φι-

51 1779 93 1820 λό
119 1795 136 1818 ο
160 1795 206 1824 ος.

93 1795 158 1834 χρ
242 1837 544 1889 103.[01ymp.
565 1839 801 1885 LXXXVII,
819 1837 870 1888 4.]

46 1943 57 1952 γ,
105 1898 242 1936 Athen.
258 1900 307 1945 V,
331 1897 390 1943 18,
408 1910 447 1948 p.
474 1899 635 1944 217‚E:
647 1893 845 1949 Περδίκκας
867 1894 936 1949 πρὸ
962 1894 1084 1948 Ἀρχε-

51 1956 138 1996 λάου
162 1927 363 2009 βασιλεύει,
377 1957 425 1999 ὡς
448 1953 543 2006 μὲν(
530 1972 548 1993 ο
570 1954 745 1997 Ἀκάνθιός
761 1969 848 2007 φησι
865 1954 1083 2005 Νικομήδης,

54 2015 114 2064 ἔτη
135 2014 208 2067 μα’·
228 2014 442 2066 Θεόπομπος
459 2012 497 2052 δέ
516 2029 602 2066 φησι
625 2012 686 2052 λε’·
706 2011 930 2065 Ἀναξιμένης
950 2011 999 2064 μ’·
1021 2012 1085 2052 Ιε-

55 2073 210 2127 ρώνυμος
227 2072 297 2121 κη’·
316 2071 487 2127 Μαρσύας
507 2071 543 2110 δὲ
562 2072 623 2110 καὶ
640 2069 838 2125 Φιλόχορος
856 2071 924 2123 κγ’.

95 2237 308 2270 Philochorus
324 2236 407 2269 libro
431 2237 546 2278 quarto
565 2235 662 2274 dicit,
689 2235 819 2276 quando
845 2234 933 2268 mille
958 2235 1084 2276 equites

54 2284 172 2317 fuerint
179 2284 359 2316 constituti.
371 2283 527 2316 Diversus
538 2282 625 2315 enim
635 2291 747 2315 eorum
756 2291 910 2314 numerus
919 2284 988 2315 erat
1000 2282 1084 2324 apud

55 2331 265 2365 Athenienses
278 2330 416 2364 diversis
435 2324 646 2371 temporibus.

96 2424 243 2469 Στρατεία
258 2424 288 2456 ἐν
303 2426 366 2461 τοῖς
376 2424 558 2464 ἐπωνύμοις.
569 2443 604 2450 -
613 2422 699 2461 Quid
709 2431 747 2455 ea
759 2422 802 2455 sit
813 2422 953 2455 declarat
961 2423 1086 2455 Aristo-

38 2471 135 2504 teles
156 2471 191 2503 in
208 2470 384 2512 Republica
406 2469 677 2511 Atheniensium,
700 2469 880 2510 inquiens.
895 2469 1086 2510 «Eponymi

58 2517 168 2550 decem
184 2517 317 2558 quidem
334 2519 426 2556 sunt,
442 2516 499 2557 qui
516 2515 662 2548 tribuum
679 2517 855 2556 vocantur,
874 2516 1087 2557 quadraginta

57 2563 122 2598 duo
141 2573 229 2605 vero,
240 2564 296 2605 qui
306 2563 497 2605 J’uventutis.
515 2563 639 2604 Ephebi
653 2563 740 2595 enim
755 2564 896 2604 primum
910 2563 1060 2604 quidem·
1051 2572 1086 2594 in

57 2610 211 2643 dealbatis
227 2610 355 2643 tabellis
371 2608 631 2642 inscribebantur
646 2611 678 2641 et
694 2608 936 2641 adscribebatur
948 2608 1080 2648 archon,

57 2655 119 2690 sub
130 2665 195 2698 quo
207 2656 354 2698 inscripti
373 2656 516 2696 fuerunt,
533 2664 609 2688 cum
617 2657 786 2697 Eponyino
804 2655 978 2697 superioris
991 2656 1084 2696 ami3

58 2711 144 2736 nunc
167 2712 245 2736 vero
267 2703 300 2735 in
331 2704 446 2736 senatu
481 2702 713 2735 inscribuntur.
742 2704 828 2735 »Et
854 2703 951 2744 paulo
979 2705 1084 2744 post:

61 2762 78 2779 α
92 2751 235 2783 Utuntur
261 2753 369 2783 autem
393 2750 563 2791 eponymis
578 2749 676 2783 etiam
698 2750 739 2782 ad
759 2749 978 2791 expeditiones
1005 2749 1085 2781 mili-

59 2800 154 2839 tares,
169 2800 203 2832 et
217 2799 348 2840 quando
360 2799 565 2840 iuventutem
597 2798 683 2830 foras
698 2798 865 2839 emittunt,
893 2798 1085 2838 inscribunt,

58 2853 79 2876 a
93 2853 232 2886 quonam
249 2846 402 2878 archonte
424 2854 583 2887 eponymo
600 2847 633 2877 et
660 2854 765 2886 usque
780 2845 821 2878 ad
836 2854 933 2887 quem
949 2845 1087 2878 debeant

60 2892 245 2925 militare.»
278 2895 325 2926 De
356 2893 407 2926 his
431 2892 642 2925 Philochorus
660 2902 790 2935 quoque
817 2893 971 2926 disseruit
1003 2894 1086 2926 libro

60 2940 175 2980 quarto
193 2940 347 2973 Atthidis.

99 3033 360 3066 Lacedaemonios
379 3043 496 3066 manus
519 3033 715 3066 abstinuisse
736 3043 755 3066 a
771 3034 870 3066 sacris
891 3034 963 3067 deae
985 3034 1083 3074 oleis,

60 3087 133 3119 quae
146 3080 248 3123 μορίαι
262 3083 433 3122 vocantur,
450 3083 482 3113 et
499 3080 552 3112 alii
568 3083 700 3112 narrant
718 3082 751 3113 et
764 3081 988 3113 Philochorus.

102 3178 226 3220 Quippe
235 3180 308 3212 ante
322 3179 512 3212 Archelaum
525 3181 635 3221 regnat
643 3179 827 3219 Perdiccas,
841 3181 933 3212 annis
945 3204 954 3220 ,
970 3182 1005 3212 ut
1018 3181 1085 3221 qui-

61 3223 134 3256 dem
150 3225 337 3259 Nicomedes
362 3227 542 3259 Acanthius
565 3226 629 3266 ait,
644 3228 715 3259 XLI
734 3236 741 3258 :
757 3227 985 3268 Theopompus
1006 3235 1083 3258 vero

61 3270 106 3302 ait
127 3273 265 3305 XXXV:
281 3273 497 3305 Anaximenes
509 3296 518 3313 ,
539 3275 593 3305 XL
612 3283 620 3304 ε
638 3273 857 3314 Hieronymus
871 3298 881 3314 ,
914 3275 1052 3306 XXVIII
1074 3282 1082 3305 :

61 3315 202 3357 Marsyas
218 3326 293 3349 vero
308 3322 340 3350 et
354 3319 579 3358 Philochorus,
597 3321 704 3351 XXIII
723 3319 829 3351 annis.

219 3375 410 3407 sueni-:un
431 3376 679 3407 Hls’roniconuiu.

2073 120 2144 153 401

1329 201 1413 240 104.
1438 201 1606 253 [Olymp.
1626 203 1882 248 LXXXVIII,
1899 214 1918 236 2
1924 200 1948 251 .]

1179 261 1303 300 Schol.
1324 261 1372 298 ad
1392 260 1588 312 Aristoph.
1614 263 1731 331 Vesp.
1757 265 1854 308 240,
1873 257 1976 302 Ὡς
1957 274 2055 298 εσται
2076 258 2155 298 Ao't-⁴

1125 335 1211 371 χητι
1233 318 1328 357 νυνίε
1345 318 1397 357 Ἢ
1419 318 1497 366 δίκη
1511 348 1521 366 ,
1539 317 1561 365 ἢ
1581 316 1754 371 τιμωρία,
1770 315 1794 364 ἢ
1810 315 1963 356 τοιοῦτόν
1978 332 2024 355 τι.
2038 319 2155 356 Τοῦτο

1128 377 1165 416 δέ
1182 394 1298 431 φησιν,
1315 380 1361 421 ὡς
1387 381 1447 416 τού
1470 375 1631 421 Κλέωνος
1657 378 1704 418 εἷς
1725 375 1823 423 δίκην
1847 374 2082 428 ἐπαγαγόντος
2095 375 2154 415 τὸν

1129 436 1292 488 Λάχητα.
1313 438 1563 490 Στρατηγησαι
1588 434 1624 474 83.
1650 434 1753 474 αὐτόν
1754 450 1859 504 ωφησι
1879 434 2080 488 Δημήτριος
2098 435 2156 474 ἐπὶ

1130 494 1296 548 ἄρχοντος
1313 494 1489 538 Εὐκλέους
1505 494 1572 548 πρὸ
1588 496 1692 547 τριῶν
1713 495 1813 542 ἐτῶν,
1830 495 1876 537 εἷς
1886 493 2049 532 Σικελίαν
2066 510 2160 546 πεμ-

1131 553 1259 606 φθέντα
1277 553 1365 603 μετὰ
1384 555 1469 591 νεῶν
1490 552 1687 596 Λεοντίνοις
1703 551 2006 605 βοηθήσοντα.οἲ
2024 552 2060 592 δὲ
2077 552 2157 606 περὶ

1131 612 1189 650 τὸν
1208 611 1407 666 Φιλόχορον
1428 612 1649 658 διαδέξασθαι
1669 612 1771 652 αὐτόν
1787 628 1872 667 φασι
1891 613 2074 668 Σοφοκλέα
2098 614 2159 653 καὶ

1132 670 1355 724 Πυθόδωρον,
1381 671 1438 714 οὒς
1469 686 1528 708 και
1562 674 1653 724 φυγῇ
1684 674 1912 723 ζημιωθηναι.
1943 672 2045 716 Εἰκὸς
2075 676 2158 723 γοῦν

1134 731 1397 781 μετακληθηναι
1415 729 1519 767 αὐτὸν
1537 730 1593 768 ἐπὶ
1610 729 1673 777 τὴν
1691 730 1819 783 κρίσιν,
1835 734 1876 777 ῆς
1895 734 1954 769 ν’ὗν
1974 733 1992 769 ὁ
2005 731 2160 782 κωμικὸς

1136 787 1359 840 μνημονεύει.

1336 841 1608 892 105.[01ymp.
1635 845 1887 891 LXXXVIII,
1912 843 1962 895 4.]

1188 900 1313 938 schol
1334 899 1382 937 ad
1404 900 1598 950 Aristoph.
1611 903 1694 938 Pac.
1719 902 1817 938 665:
1841 900 2037 954 Φιλόχορός
2056 916 2160 955 φησιν

1134 957 1260 1002 οὕτως·
1306 957 1625 1008 «Λακεδαιμόνιοι
1652 957 1731 1012 περὶ
1768 958 1959 997 διαλύσεων
2000 958 2162 1014 ἔπεμψαν

1134 1017 1298 1072 πρέσὸεις
1314 1017 1400 1072 πρὸς
1419 1016 1638 1065 Ἀθηναίους,
1660 1016 1808 1059 σπονδὰς
1828 1019 2060 1070 ποιησάμενοι
2078 1019 2164 1072 πρὸς

1134 1076 1212 1120 τους
1236 1078 1272 1115 ἐν
1292 1075 1426 1130 Πύλῳ,
1444 1091 1503 1114 και
1522 1074 1584 1119 τὰς
1602 1079 1686 1118 ναῦς
1705 1078 1818 1114 αὐτῶν
1835 1077 2047 1129 παραδόντες
2063 1077 2164 1121 οὔσας

1136 1132 1179 1181 ξ’.
1204 1135 1366 1178 Κλέωνος
1381 1115 1417 1173 δὲ
1403 1134 1647 1178 εάντειπόντος
1662 1140 1737 1178 ταῖς
1757 1134 1956 1184 διαλύσεσι,
1977 1135 2165 1175 στασιάσαι

1135 1194 1275 1247 λέγεται
1293 1193 1357 1242 τὴν
1375 1192 1577 1241 ἐκκλησίαν.
1597 1193 1801 1246 Ἔρωτησαι
1819 1192 1855 1231 83
1873 1209 1952 1232 συνε
1944 1193 2000 1240 ’6η
2018 1194 2075 1232 τὸν
2093 1196 2166 1233 ἐπι·

1137 1253 1290 1301 στάτην”
1315 1252 1479 1300 ἐνίκησαν
1499 1251 1536 1290 83
1559 1253 1591 1290 οἱ
1610 1253 1775 1303 πολεμεῖν
1796 1252 2043 1304 βουλόμενοι.»

1191 1366 1319 1403 801101.
1342 1366 1402 1403 ad.
1423 1366 1579 1403 Lucian.
1605 1311 1707 1403 Ξ1911311.
1729 1367 1802 1403 30:
1827 1364 1984 1411 Ἐπέστη
2016 1364 2168 1416 (Κλέων)

1137 1440 1196 1462 και
1214 1427 1258 1476 τῇ
1276 1423 1361 1477 πρὸς
1371 1423 1665 1475 Λακεδαιμονίους
1682 1422 1815 1476 εἰρήνῃ,
1833 1439 1878 1467 ως
1892 1422 2090 1476 Φιλόχορος
2108 1423 2168 1460 καὶ

1138 1482 1609 1537 Αριστοφάνης,προσθεὶς”
1587 1498 1740 1556 αρχοντα
1755 1482 1920 1522 Εὔθυνον.
1930 1481 2169 1535 Ἀριστοτέλης
2190 1481 2196 1484 ⁴

1139 1540 1175 1580 83
1194 1541 1253 1581 καὶ
1278 1541 1560 1595 περιζωσάμενον
1584 1541 1688 1580 αὐτὸν
1714 1541 1809 1592 λέγει
1836 1542 2102 1594 δημηγορῆσαι,
2123 1542 2169 1584 εἷς

1138 1600 1200 1648 τὴν
1222 1599 1423 1650 θρασύτητα
1443 1602 1549 1639 αὐτοῦ
1565 1600 1821 1640 ἀποσκώπτων.

1193 1661 1501 1699 Hemsterhusius
1536 1660 1584 1698 ad
1618 1661 1654 1698 h.
1688 1661 1711 1698 1.
1727 1660 1944 1699 Scholiastae
1964 1659 2082 1697 verba
2116 1659 2168 1696 ita

1139 1719 1355 1771 disposuit:
1377 1718 1437 1763 Ως
1453 1718 1652 1772 Φιλόχορος
1665 1718 1868 1773 προσθεις”
1846 1734 1998 1772 αρχοντα
2014 1717 2167 1757 Εὔθυνον

1139 1794 1199 1817 και
1232 1776 1481 1831 Ἀριστοτέλης.
1521 1777 1768 1831 Ἀριστοφάνης
1797 1777 1834 1816 δὲ
1868 1777 1927 1815 καὶ
1950 1778 2060 1829 περιζ.
2094 1778 2168 1814 αὐτ.

1139 1838 1214 1888 λεγ.
1241 1838 1413 1890 δημηγορ.
1436 1838 1482 1880 εἷς
1500 1835 1563 1884 τὴν
1588 1839 1688 1891 θρασ.
1712 1838 1788 1875 αὐτ.
1815 1835 2071 1875 ἀποσκώπτων.
2092 1836 2169 1874 Re-

1140 1905 1214 1934 stat
1230 1910 1322 1933 vero
1337 1909 1381 1933 ea
1400 1895 1601 1933 difficultas
1613 1895 1750 1946 ,quod
1770 1908 1848 1932 non
1873 1895 2085 1944 Euthynus‚
2103 1894 2170 1931 sed

1140 1955 1346 1994 Stratocles
1360 1967 1406 1991 eo
1420 1967 1520 1991 anno
1534 1954 1679 1991 archon
1695 1954 1821 1991 tuerit.

1362 2012 1446 2050 107.
1477 2013 1647 2064 [Olymp.
1668 2016 1887 2061 LXXXIX,
1909 2014 1959 2062 1]

1194 2072 1319 2115 Schol.
1342 2072 1391 2110 ad
1419 2073 1617 2123 Aristoph.
1639 2075 1751 2123 Vesp.
1780 2085 1876 2109 210:
1898 2070 2094 2124 Φιλόχορος
2113 2070 2170 2108 ἐπὶ

1613 2189 1700 2221 104.

1177 2241 1361 2274 Demetrius
1376 2241 1495 2281 tradit,
1513 2242 1687 2273 Lachetem
1709 2241 1813 2274 tribus
1833 2242 1927 2273 annis
1943 2244 2017 2273 ante
2031 2241 2166 2282 (Vespa-

1137 2298 1209 2321 rum
1226 2289 1342 2321 fabulae
1358 2288 1563 2341 editionem),
1578 2289 1732 2321 archonte
1747 2289 1857 2329 Eucle‚
1873 2289 2033 2322 exercitus
2052 2290 2163 2330 praefe-

1137 2338 1264 2369 cturam
1275 2335 1439 2375 habuisse,
1449 2335 1479 2366 in
1489 2335 1629 2367 Siciliam
1641 2336 1778 2368 missum
1788 2345 1862 2369 cum
1871 2336 2020 2376 navibus,
2028 2339 2169 2369 utLeon·

1108 2383 1214 2416 tinis
1227 2391 1322 2424 opem
1334 2382 1440 2414 ferret.
1453 2383 1515 2420 Qui
1529 2383 1756 2415 Philochorum
1772 2386 1962 2424 sequuntur,
1974 2384 2169 2416 successisse

1137 2431 1167 2463 ei
1180 2431 1271 2463 aiunt
1284 2430 1475 2471 Sophoclem
1488 2431 1520 2462 et
1530 2429 1763 2470 Pythodorum,
1775 2430 1898 2471 hosque
1907 2430 2004 2462 exilio
2017 2431 2170 2462 multatos

1138 2487 1219 2510 0550
1253 2480 1514 2511 Consentaneum
1539 2479 1589 2508 est
1615 2476 1724 2517 igitur,
1748 2477 1919 2509 Lachetem
1944 2478 1984 2509 ad
2010 2477 2168 2517 J'udicium

1139 2526 1328 2558 revocatum
1341 2533 1423 2565 esse,
1436 2525 1529 2565 cujus
1546 2524 1690 2555 comicus
1702 2524 1763 2555 hoc
1778 2524 1849 2556 loco
1866 2524 2063 2556 mentionem
2079 2522 2167 2554 facit

1180 2637 1391 2670 Philochorus
1413 2637 1457 2668 ita
1479 2637 1617 2667 narrat:
1650 2634 1917 2667 ‹Lacedaemonii
1947 2633 1987 2664 de
2013 2632 2168 2672 composi-

1139 2684 1226 2716 tione
1239 2683 1359 2724 legatos
1373 2682 1413 2715 ad
1429 2682 1640 2715 Athenienses
1654 2683 1824 2720 miserunt,
1843 2681 1897 2721 qui
1912 2688 2024 2721 pacem
2038 2682 2167 2710 orarent

1138 2734 1169 2763 ct
1184 2731 1438 2772 pasciscerentur
1464 2728 1504 2761 de
1531 2729 1590 2769 iis,
1620 2738 1701 2769 quos
1731 2729 1763 2760 in
1792 2728 1869 2768 Pylo
1895 2727 2023 2767 ceperat
2053 2726 2166 2765 Cleon,

1110 2781 1235 2819 .atque
1250 2786 1350 2809 naves
1373 2776 1561 2816 sexaginta,
1589 2784 1669 2815 quas
1693 2775 1776 2807 bello
1805 2772 2053 2806 Atheniensibus
2078 2781 2166 2813 cepe-

1110 2822 1222 2865 ¹·1ant,
1236 2825 1369 2858 reddere
1383 2824 1621 2865 pollicerentur.
1637 2822 1756 2855 Cleone
1768 2831 1845 2854 vero
1861 2829 1972 2863 pacem
1985 2823 2164 2861 recusante,

1141 2873 1174 2904 in
1189 2873 1333 2905 diversas
1358 2873 1463 2912 partes
1488 2870 1677 2901 concionem
1703 2868 1789 2900 abire
1812 2867 1956 2900 effecisse
1973 2867 2103 2900 dicitur.
2118 2869 2167 2900 111-

1138 2918 1312 2960 terrogavit
1330 2920 1400 2950 tum
1417 2917 1568 2957 epistata,
1583 2917 1680 2956 atque
1699 2915 1777 2948 vicit
1790 2923 1901 2947 eorum
1918 2914 2075 2947 sententia
2087 2938 2096 2954 ‚
2109 2915 2166 2955 qui

1137 2967 1257 3000 bellum
1279 2964 1503 3007 praeferebant.
1519 2976 1534 2991 >1

1613 3016 1628 3049 1
1637 3018 1658 3049 0
1664 3018 1684 3050 6
1691 3041 1699 3049 .

1181 3070 1314 3103 Obstitit
1325 3069 1439 3109 Cleon,
1448 3078 1487 3101 ne
1499 3078 1563 3110 pax
1570 3077 1646 3100 cum
1653 3068 1907 3101 Lacedaemoniis
1917 3068 2061 3108 iniretur,
2076 3069 2162 3109 quod

1137 3118 1345 3151 Philochorus
1355 3117 1512 3148 memorat
1519 3115 1580 3147 sub
1589 3116 1741 3147 archonte
1752 3116 1902 3156 Euthyno
1911 3116 1944 3148 et
1957 3115 2142 3148 Aristoteles
2154 3126 2162 3147 :

1138 3164 1367 3205 Aristophanes
1382 3171 1460 3194 vero
1474 3162 1553 3195 dicit
1568 3162 1663 3194 etiam
1679 3161 1886 3203 praecinctum
1905 3171 1980 3195 eum
1995 3162 2162 3194 conciona-

1138 3215 1205 3243 tum
1219 3219 1301 3250 esse,
1320 3210 1456 3241 irridens
1471 3210 1541 3249 ejus
1556 3209 1784 3242 temeritatem.

1609 3264 1694 3295 107.

1107 3333 1112 3342 -
1177 3316 1387 3348 Philochorus
1406 3315 1467 3348 sub
1481 3315 1633 3348 archonte
1649 3315 1781 3348 Isarcho
1798 3316 1857 3356 ait,
1876 3324 1960 3347 anno
1981 3317 2055 3347 ante
2084 3315 2165 3356 (Ve-

1990 3374 2028 3401 26
