2320 3684
804 160 1103 200 THEOPOMPI
1133 162 1468 217 FRAGMENTA..

67 250 152 295 τοὺς
169 250 290 290 ναυσὶν
309 249 432 289 ἑκατὸν
452 249 683 301 ὀγδοήκοντα·
703 246 858 302 εὑρόντες
882 247 918 286 δὲ
940 246 1004 295 τὴν
1032 247 1102 286 πό·-

72 311 127 349 λιν
138 311 333 358 ἡλωκυῖαν,
346 309 426 348 τότε
437 307 501 359 μὲν
518 308 552 346 ἐν
566 306 672 358 Αἰγὸς
681 311 855 358 ποταμοῖς
874 305 1104 359 καθώρμισαν

73 368 135 412 τὰς
156 372 258 412 ναῦς·
283 366 374 420 μετὰ
394 365 430 405 δὲ
459 365 558 404 ταῦτ’
579 364 801 409 ἐπιπλέοντες
819 370 892 409 τοῖς
912 364 1105 415 πολεμίοις,

74 427 152 466 καθ’
181 426 318 480 ἡμέραν
344 426 392 468 εἷς
407 423 608 476 ναυμαχίαν
625 425 894 477 προεκαλοῦντο.
917 425 997 463 Οὔκ
1019 425 1106 462 ἀντ-

75 484 300 536 αναγομένων
336 482 372 522 δὲ
400 484 469 521 τῶν
502 481 814 531 Πελοποννησίων,
843 484 874 521 οἱ
903 480 966 533 μὲν
1002 481 1107 528 Ἀθη-

73 548 166 582 ναῖοι
185 541 371 596 διηπόρουν
403 540 434 590 ὅ,
460 557 495 579 τι
515 540 719 595 χρήσωνται
742 546 814 587 τοῖς
829 540 1048 595 πράγμασιν,
1067 541 1105 578 οὐ

74 601 259 653 δυνάμενοι
277 600 335 640 τὸν
351 599 463 639 πλείω
485 599 610 653 χρόνον
628 601 699 639 ἐκεῖ
719 599 913 654 διατρέφειν
928 598 991 644 τὰς
1006 598 1108 638 δυνά-

75 675 170 711 μεις·
204 658 426 699 Ἀλκιὸιάδου
446 658 482 697 δὲ
506 658 593 713 πρὸς
617 657 741 703 αὐτοὺς
768 658 939 707 ἐλθόντος,
961 658 1020 697 καὶ
1047 657 1106 696 λέ-

73 733 194 770 γοντος
226 717 279 757 ὅτι
299 717 465 765 Μήδοκος
483 717 543 756 καὶ
560 716 696 765 Σεύθης
712 720 743 756 οἱ
767 721 838 756 τῶν
862 719 1016 773 Θρᾳκῶν
1039 720 1106 770 βα-

74 779 180 822 σιλεῖς
193 777 280 816 εἰσὶν
293 778 389 831 αὐτῷ
409 776 515 830 φίλοι,
530 776 590 815 καὶ
601 775 748 828 δύναμιν
765 775 899 824 πολλὴν
915 776 1108 828 ὡμολόγη-

74 851 140 875 σαν
155 836 292 885 δώσειν,
310 835 370 875 ἐὰν
386 835 556 888 βούληται
567 836 792 887 διαπολεμεῖν
803 841 875 879 τοῖς
886 835 1109 887 Λακεδαιμο-

73 894 170 939 νίοις·
193 894 313 949 διόπερ
335 893 460 938 αὐτοὺς
477 893 575 942 ἠξίου
596 895 808 946 μεταδοῦναι
825 898 888 942 τῆς
904 893 1106 946 ἡγεμονίας,

73 953 373 1007 ἐπαγγελλόμενος
408 956 524 997 αὐτοῖς
559 954 651 993 δυοῖν
687 953 843 1008 θάτερον,
866 953 889 1000 ἢ
911 959 1106 1007 ναυμαχεῖν

72 1013 152 1058 τοὺς
180 1013 369 1066 πολεμίους
399 1013 626 1065 ἀναγκάσειν,
656 1012 679 1061 ἢ
711 1015 799 1066 πεζῇ
833 1011 924 1065 μετὰ
954 1014 1107 1067 Θρᾳκῶν

73 1073 158 1128 πρὸς
178 1072 302 1119 αὐτοὺς
333 1074 602 1125 διαγωνιεῖσθαι.
631 1074 756 1112 Ταῦτα
783 1072 819 1111 δὲ
848 1076 866 1111 ὃ
886 1072 1109 1121 Ἄλκιὸιάδης

73 1132 258 1187 ἔπραττεν,
276 1133 455 1184 ἐπιθυμῶν
482 1132 527 1170 δι’
547 1134 671 1170 ἑαυτοῦ
697 1134 742 1184 τῇ
773 1131 916 1185 πατρίδι
945 1131 1038 1182 μέγα
1073 1147 1108 1170 τι

73 1190 376 1246 κατεργάσασθαι,
404 1190 464 1229 καὶ
495 1190 552 1229 διὰ
579 1193 649 1229 τῶν
666 1193 870 1245 εὐεργεσιῶν
900 1190 960 1229 τὸν
995 1191 1106 1242 δῆμον

73 1252 367 1298 ἀποκαταστῆσαι
396 1252 444 1294 εἷς
461 1249 523 1298 τὴν
551 1250 701 1304 ἀρχαίαν
723 1250 872 1289 εὔνοιαν.
900 1252 946 1289 Οἱ
982 1249 1019 1288 δὲ
1036 1253 1106 1288 τῶν

74 1312 261 1360 Ἀθηναίων
271 1311 474 1366 στρατηγοὶ,
485 1311 689 1363 νομίσαντες
699 1314 767 1350 τῶν
777 1311 839 1363 μὲν
849 1311 1107 1363 ἐλαττωμάτων

71 1373 209 1415 ἑαυτοῖς
224 1370 288 1419 τὴν
307 1371 441 1423 μέμψιν
463 1371 725 1420 ἀκολουθήσειν,
740 1371 785 1409 τὰ
814 1371 844 1409 δ’
867 1370 1107 1422 ἐπιτεύγματα

72 1429 267 1484 προσάψειν
285 1429 445 1475 ἅπαντας
463 1429 680 1483 Ἀλκιὸιάδῃ,
694 1430 831 1482 ταχέως
848 1430 951 1469 αὐτὸν
971 1429 1109 1469 ἐκέλευ-

72 1504 138 1527 σαν
155 1489 296 1528 ἀπιέναι
322 1489 382 1527 καὶ
403 1488 532 1540 μηκέτι
547 1489 786 1544 προσεγγίζειν
801 1491 853 1542 τῷ
868 1488 1105 1543 στρατοπέδῳ.

127 1551 231 1597 Haec,
251 1549 352 1586 sicut
379 1562 464 1599 quae
488 1558 704 1599 sequuntur
728 1563 761 1586 c.
791 1550 878 1597 106,
897 1562 945 1586 ex
973 1549 1105 1586 Theo-

73 1622 221 1660 pompo
258 1609 434 1647 desumta
477 1623 558 1647 esse
594 1610 679 1660 ipsa
708 1609 878 1646 narratio
911 1623 934 1647 a
967 1613 1105 1648 Xeno—

73 1667 244 1718 phontea
287 1669 450 1706 multum
491 1667 712 1719 discrepans
757 1668 1010 1705 demonstrat.
1050 1671 1106 1706 Ex

71 1726 207 1765 eodem
224 1730 332 1765 tonte
354 1740 423 1766 sua
439 1727 566 1764 hausit
581 1727 735 1765 Cornel.
753 1730 851 1778 Nep.
870 1726 996 1765 Alcib.
1019 1739 1052 1764 c.
1068 1728 1104 1765 8.

467 1863 622 1958 ΙᾸΒΕᾶὶ
652 1863 703 1901 11.

124 1985 353 2033 Harpocrat.
376 1996 384 2018 z
401 1981 595 2035 Πεδάριτος
667 1983 736 2019 τῶν
769 1983 808 2020 ἐκ
843 1982 1107 2033 Λακεδαίμονος

71 2039 338 2094 ἐκπεμφθέντων
355 2038 449 2078 ἔστιν
462 2035 572 2089 οἶτος,
587 2039 767 2093 ἁρμοστὴς
788 2039 888 2093 ἀνὴρ,
916 2035 963 2084 εἷς
985 2042 1105 2093 (quod

71 2101 195 2138 omitt.
238 2100 379 2148 Bekk.)
426 2101 496 2137 τῶν
532 2097 724 2150 γεγονότων
773 2100 904 2146 καλῶν,
935 2101 983 2143 ὡς
1020 2100 1104 2153 φησὶ

70 2157 286 2209 Θεόπομπος
311 2159 346 2196 ἐν
374 2156 764 2210 δεύτερᾳἙλληνικῶν.

123 2217 266 2256 Eadem
293 2217 440 2265 Suidas,
481 2217 548 2254 ubi
579 2230 674 2255 vero
705 2215 918 2269 Παιδάριτος
952 2218 1104 2269 legitur.

71 2274 265 2330 Πεδάριτος
286 2275 430 2313 habent
461 2278 617 2314 Isocrat.
650 2290 688 2327 p.
731 2289 816 2323 127,
853 2281 899 2323 A,
928 2276 1104 2328 Thucyd.

73 2337 179 2382 VIII,
202 2335 266 2371 28.

70 2443 202 2475 centum
220 2441 362 2473 navibus
388 2441 565 2482 trajiciunt.
587 2444 647 2474 Ast
665 2441 722 2473 ubi
737 2444 866 2483 captam
885 2443 1000 2475 urbem
1017 2453 1105 2477 acce-

69 2498 156 2532 pere,
177 2490 248 2522 tum
279 2488 412 2531 quidem
434 2489 520 2521 circa
535 2490 785 2531 AEgospotamos
801 2489 926 2522 ancoris
949 2499 1050 2523 naves
1067 2492 1106 2523 si-

71 2537 174 2569 stunt.
190 2538 308 2569 Postea
324 2545 402 2568 vero
426 2536 459 2568 in
487 2536 598 2568 hostes
611 2536 714 2568 evecti
737 2536 771 2568 in
786 2536 855 2569 dies
882 2537 922 2569 ad
942 2540 1105 2571 certamen

71 2593 127 2617 eos
142 2585 331 2625 provocant.
349 2583 413 2616 Sed
428 2592 532 2624 quum
549 2583 775 2625 Peloponnesii
800 2593 864 2616 non
885 2588 1102 2626 occurrerent,

70 2631 213 2664 dubitari
229 2631 271 2663 ab
285 2631 542 2664 Atheniensibus
557 2634 702 2672 coeptum
717 2633 766 2663 est
776 2655 786 2669 ,
806 2632 972 2672 quomodo
988 2642 1039 2665 res
1055 2642 1104 2674 ge-

72 2687 140 2711 rere
168 2678 332 2718 deberent,
360 2678 520 2719 siquidem
540 2678 664 2711 diutius
678 2678 724 2710 ibi
739 2679 918 2710 exercitum
933 2679 1041 2712 alendi
1061 2680 1104 2712 fa-

71 2725 175 2757 cultas
181 2734 247 2757 non
259 2724 401 2757 daretur.
418 2727 502 2757 Tum
510 2724 693 2757 Alcibiades
709 2725 748 2757 ad
763 2725 852 2766 ipsos
860 2734 1035 2759 excurrens
1045 2737 1104 2769 pro

71 2775 158 2805 certo
173 2772 314 2804 affirmat
327 2772 500 2804 Medocum
517 2774 549 2804 et
556 2773 711 2810 Seuthen,
727 2773 889 2805 Thracum
906 2782 1008 2814 reges,
1024 2775 1104 2807 ami-

71 2819 148 2852 citia
157 2819 218 2852 sibi
227 2820 370 2861 junctos,
383 2828 516 2861 magnas
528 2820 568 2852 ad
583 2820 768 2852 subsidium
775 2820 885 2861 copias
894 2821 1103 2862 praebituros,

72 2866 100 2898 si
115 2867 184 2908 ipse
198 2867 320 2899 bellum
335 2876 412 2899 cum
427 2867 684 2900 Lacedaemoniis
706 2871 873 2909 pertexere
891 2869 981 2901 velit.
999 2871 1102 2911 Impe-

72 2913 111 2945 rii
123 2922 199 2955 ergo
219 2914 367 2946 militaris
382 2917 508 2956 partem
523 2914 586 2946 sibi
599 2915 731 2947 concedi
752 2915 915 2956 postulat,
935 2924 953 2948 e
972 2915 1102 2949 duobus

71 2959 158 2993 hisce
169 2961 306 2994 alterum
321 2961 407 2994 haud
418 2961 516 2994 dubie
525 2962 728 3003 promittens,
741 2971 776 2995 se
790 2962 842 2994 vel
857 2962 897 2995 ad
908 2963 1099 2996 conflictum

73 3007 219 3040 navalem
231 3009 341 3041 hostes
357 3008 562 3049 adacturum,
580 3011 638 3042 aut
654 3009 795 3042 terrestri
809 3009 934 3050 proelio‚
949 3009 1102 3050 adjuvan-

72 3054 160 3088 tibus
178 3056 358 3089 Thracibus
372 3080 381 3096 ‚
404 3065 480 3089 cum
506 3057 547 3089 iis
568 3057 820 3089 decertaturum.
847 3059 917 3090 Hoc
945 3058 1102 3091 Alcibiadi

73 3102 236 3142 negotium
250 3111 289 3134 eo
304 3102 466 3135 directum
482 3105 560 3143 erat,
578 3106 612 3135 ut
627 3112 701 3145 quae
715 3104 946 3136 honestissima
962 3106 1031 3145 eJus
1048 3113 1101 3136 cu—

73 3146 148 3188 pido
161 3151 228 3180 erat
239 3172 248 3188 ‚
264 3149 455 3190 praeclarum
470 3150 583 3191 patriae
601 3150 728 3182 facinus
744 3150 870 3191 ederet,
890 3153 922 3182 et
937 3150 1103 3183 beneficio-

74 3202 146 3226 rum
168 3195 390 3236 magnitudine
416 3197 588 3238 pristinam
616 3197 728 3238 populi
757 3197 1017 3230 benevolentiam
1041 3197 1102 3229 sibi

74 3242 301 3274 reconciliaret.
322 3245 364 3275 At
380 3243 480 3276 duces
499 3244 747 3276 Atheniensium
766 3245 827 3277 hac
850 3245 1003 3286 opinione
1018 3247 1102 3276 tene-

74 3287 191 3320 bantur
203 3313 212 3329 ,
229 3289 257 3320 si
272 3298 322 3321 res
334 3290 418 3323 male
433 3294 606 3332 gereretur,
622 3301 752 3324 omnem
768 3293 896 3333 culpam
920 3292 952 3324 in
968 3301 1003 3323 se
1018 3301 1102 3323 reca-

2116 166 2191 199 279

1216 310 1409 347 Plutarch.
1436 309 1636 360 Lysandro
1658 323 1696 360 p.
1727 315 1817 358 442,
1843 323 1877 347 c.
1908 323 1950 358 ¹7
1975 324 1983 347 :
2008 309 2080 348 Καὶ
2103 310 2193 348 Θεό-

1163 382 1304 418 πομπος
1337 367 1401 419 μέν
1422 384 1508 422 φησι
1525 368 1741 422 Σκιραφίδαν
1756 399 1765 416 ,
1781 366 1935 422 Ἔφορος
1956 367 1991 406 δὲ
2012 367 2193 419 Φλογίδαν

1164 418 1254 463 εἶναι
1294 425 1352 464 τὸν
1389 427 1659 481 ἀποφηνάμενον
1691 429 1738 471 ὥς
1765 428 1803 465 οὗ
1835 425 1904 480 χρὴ
1939 425 2195 480 προσδέχεσθαι

1164 482 1323 535 νόμισμα
1351 489 1502 538 χρυσοῦν
1526 485 1585 524 καὶ
1611 488 1781 540 ἀργυροῦν
1810 487 1857 530 εἷς
1876 485 1939 533 τὴν
1966 483 2082 534 πόλιν,
2105 485 2195 523 ἀλλὰ

1164 544 1319 596 χρῆσθαι
1336 545 1387 596 τῷ
1406 544 1556 597 πατρίῳ.

1221 604 1374 653 Spectat
1406 602 1453 640 ad
1471 616 1526 652 ea,
1544 617 1629 654 quae
1645 605 1839 642 Diodorus
1861 607 1967 652 XIV,
1990 617 2050 653 10,
2059 603 2108 642 de
2133 617 2194 642 ar—

1166 670 1283 712 gento
1303 671 1434 699 narrat
1456 676 1503 699 ex
1533 664 1783 714 vectigalibus
1802 664 2038 702 devictarum
2059 664 2195 702 civita-

1167 728 1249 758 tum
1262 734 1284 758 a
1297 720 1593 759 Lacedaemoniis
1608 726 1819 761 contracto.
1833 723 1889 761 Cf.
1904 723 2096 761 Plutarch.
2107 726 2195 774 Lys.

1171 779 1235 830 16,
1258 794 1318 830 17,
1352 780 1489 830 Polyb.
1515 783 1582 828 VI,
1605 788 1667 830 49.

1571 903 1724 942 LIBER
1750 904 1820 942 III.

1667 968 1726 1006 11.

1223 1034 1427 1072 Athenaeus
1470 1036 1558 1081 XV,
1591 1047 1630 1084 p.
1665 1034 1755 1081 676,
1773 1036 1808 1071 D
1823 1063 1832 1081 ‚
1854 1033 1919 1071 ubi
1952 1036 2197 1086 reprehendit

1167 1107 1247 1142 eOS‚
1265 1094 1332 1145 qui
1349 1094 1612 1133 Naucratitem
1629 1106 1811 1131 coronam
1827 1107 1847 1130 e
1864 1093 1984 1144 byblo
1999 1096 2198 1134 coronaria
2241 1126 2244 1130 .

1167 1154 1382 1192 confectam
1417 1167 1500 1192 esse
1534 1162 1692 1204 putent,
1733 1152 2004 1206 παρατιθέμενοι
2032 1155 2198 1207 Θεοπόμ-

1166 1227 1234 1251 που
1254 1213 1294 1251 ἕκ
1308 1214 1372 1259 τῆς
1389 1212 1508 1266 τρίτης
1528 1214 1595 1250 τῶν
1614 1211 1850 1260 Ἑλληνικῶν,
1871 1210 1907 1255 ὅς
1926 1227 2030 1265 φησιν
2055 1213 2198 1266 Ἀγησι-

1135 1281 1140 1313 Ι
1166 1270 1242 1324 λάῳ
1258 1273 1309 1324 τῷ
1336 1270 1483 1310 Λάκωνι
1509 1270 1782 1325 παραγινομένῳ
1817 1272 1864 1314 εἷς
1894 1270 2071 1323 Αἴγυπτον
2105 1273 2199 1326 δῶρα

1165 1328 1305 1383 πέμψαι
1325 1329 1404 1374 τοὺς
1423 1329 1639 1382 Αἰγυπτίους
1662 1329 1753 1368 ἄλλα
1770 1328 1810 1368 τέ
1828 1345 1907 1368 τινα
1925 1329 1984 1368 καὶ
2000 1329 2041 1377 δὴ
2058 1331 2116 1369 καὶ
2136 1331 2199 1379 τὴν

1167 1388 1430 1443 στεφανωτρίδα
1458 1389 1596 1441 βύὸλον.

1221 1448 1397 1487 Eundem
1422 1449 1551 1486 locum
1583 1457 1672 1486 ante
1697 1449 1832 1487 oculos
1851 1448 1988 1486 habuit
2007 1450 2199 1488 Plutarch.

1166 1507 1309 1558 Agesil.
1339 1521 1372 1545 c.
1404 1508 1467 1556 36,
1502 1507 1571 1545 ubi
1599 1521 1671 1559 pro
1705 1508 1963 1559 Theopompo
1995 1522 2200 1560 perperam

1166 1566 1345 1604 laudatur
1374 1567 1687 1619 Theophrastus„
1705 1567 1773 1617 (cf.
1800 1567 2088 1619 Apophthegm.
2111 1571 2199 1606 Lac.

1169 1635 1260 1663 tom.
1278 1629 1336 1674 11,
1357 1640 1395 1677 p.
1417 1626 1522 1678 210.)
1536 1630 1594 1664 De
1612 1627 1723 1664 donis
1743 1626 1920 1677 Agesilao
1936 1626 1986 1664 ab
2009 1627 2201 1678 AEgyptiis

1167 1685 1291 1722 missis
1313 1686 1452 1723 iterum
1473 1685 1755 1736 Theopompus
1772 1685 1945 1736 loquitur
1962 1684 2062 1723 libro
2080 1686 2201 1724 unde—

1167 1743 1269 1781 cimo
1285 1752 1323 1781 et
1337 1743 1642 1794 Philippicorum
1661 1743 1812 1781 decimo
1839 1743 1953 1780 tertio
1973 1745 2024 1795 (v.
2050 1744 2095 1781 fr.
2122 1745 2199 1781 235».

1167 1807 1296 1850 Quare
1334 1802 1523 1840 Wichers.
1545 1803 1774 1840 Athenaeum
1811 1802 1849 1840 h.
1885 1803 1909 1839 l.
1940 1802 1980 1839 in
2009 1802 2201 1840 laudando

1166 1861 1268 1899 libro
1298 1875 1444 1899 errasse
1474 1862 1706 1912 suspicatur,
1735 1861 1852 1911 idque
1873 1874 1920 1898 eo
1939 1862 2073 1912 magis,
2094 1861 2200 1912 quod

1166 1934 1253 1972 quae
1277 1921 1481 1959 Athenaeus
1514 1920 1550 1957 h.
1578 1921 1603 1957 l.
1634 1929 1672 1958 et
1695 1920 1739 1957 fr.
1762 1921 1811 1957 23
1842 1928 2037 1970 tamquam
2060 1933 2108 1957 ex
2136 1920 2200 1958 di-

1165 1981 1287 2018 versis
1306 1980 1415 2017 libris
1435 1980 1594 2028 citaret,
1613 1993 1657 2017 ea
1677 1978 1915 2029 conjunctim
1935 1979 2094 2016 referret
2108 1979 2201 2017 Plu—

1168 2040 1333 2077 tarchus.
1356 2039 1472 2087 Quod
1490 2047 1534 2076 ut
1559 2039 1642 2076 fieri
1678 2039 1851 2089 potuisse
1880 2038 1983 2076 haud
2015 2051 2128 2089 nego,
2149 2038 2200 2076 ita

1166 2113 1244 2137 non
1272 2107 1329 2136 est
1359 2098 1465 2149 quod
1499 2106 1630 2148 cogat,
1658 2106 1700 2135 ut
1727 2098 1827 2135 hanc
1851 2097 2080 2135 sententiam
2115 2110 2199 2135 am—

1166 2158 1367 2210 plectaris;
1385 2158 1504 2195 immo
1518 2170 1639 2208 quum
1652 2157 1881 2195 Plutarchus
1904 2156 2123 2207 Agesilaum
2137 2156 2198 2193 di—

1167 2226 1227 2255 cat
1245 2217 1479 2255 delectatum
1507 2229 1590 2254 esse
1612 2229 1764 2253 coronae
1784 2216 2046 2266 simplicitate,
2071 2223 2199 2265 aptam

1165 2277 1281 2329 hujus
1301 2278 1356 2315 rei
1373 2278 1652 2329 Theopompus
1676 2277 1909 2315 mentionem
1931 2277 2053 2315 facere
2073 2277 2200 2327 potuit

1167 2338 1207 2375 in
1236 2351 1371 2375 eorum
1401 2346 1622 2388 temporum
1654 2336 1928 2388 descriptione,
1957 2337 2098 2388 quibus
2116 2339 2198 2385 Ly-

1165 2446 1348 2485 amoliatur,
1365 2454 1424 2478 nec
1440 2455 1584 2487 unquam
1602 2445 1718 2478 deinde
1735 2445 1868 2487 propius
1890 2445 1931 2477 ad
1950 2445 2127 2477 exercitum
2148 2454 2198 2476 ac—

1163 2493 1269 2533 cedat,
1288 2494 1373 2526 serio
1389 2493 1532 2526 edicunt.

1608 2569 1773 2582 *OQ—-

1556 2614 1709 2652 LIBER
1747 2613 1797 2651 lI.

1655 2685 1692 2717 9.

1206 2737 1376 2770 Pedaritus
1402 2738 1465 2769 fuit
1495 2745 1579 2769 unus
1604 2737 1862 2774 harmostarum,
1887 2733 1944 2774 qui
1965 2733 2198 2765 Lacedaemone

1164 2784 1396 2823 mittebantur;
1411 2793 1497 2816 unus
1512 2792 1552 2815 ex
1567 2783 1632 2815 illis
1648 2783 1705 2823 qui
1719 2782 1790 2814 loco
1810 2780 1928 2813 illustri
1944 2781 2036 2812 erant
2052 2779 2130 2811 nati.

1648 2844 1663 2874 1
1672 2844 1707 2875 0.

1202 2901 1425 2943 Sciraphidam
1443 2901 1672 2940 Theopompus
1703 2898 1802 2930 refert
1814 2920 1823 2936 ‚
1839 2896 1989 2938 Ephorus
2006 2895 2194 2937 Phlogidam

1160 2948 1271 2988 fnisse,
1286 2949 1343 2990 qui
1359 2957 1424 2980 non
1447 2946 1664 2987 recipiendam
1686 2945 1720 2977 in
1739 2944 1852 2977 urbem
1874 2946 2036 2976 monetam
2065 2952 2195 2976 auream

1160 2997 1211 3029 vel
1225 2998 1408 3036 argenteam
1425 2994 1562 3031 censuit,
1580 2992 1637 3024 sed
1654 2991 1853 3024 retinendam
1869 2990 2019 3032 patriam.

1580 3060 1790 3075 -οοοοα--υ

1549 3110 1700 3149 LIBER
1729 3110 1799 3148 ΙΙΙ.

1672 3181 1705 3214 1.

1202 3239 1382 3270 Memorant
1396 3233 1597 3276 Theopompi
1612 3184 1711 3265 velrba
1725 3240 1767 3266 ex
1794 3234 1888 3265 tertio
1916 3232 1999 3264 libro
2015 3231 2193 3265 Hellenico-

1161 3294 1246 3325 rum,
1262 3284 1320 3317 ubi
1329 3285 1385 3323 ait,
1401 3296 1416 3311 «ι
1431 3282 1579 3323 Agesilao
1586 3281 1843 3320 Lacedaemonio,
1855 3289 1957 3322 quum
1967 3279 2002 3311 in
2016 3281 2191 3321 AEgyptuin

75 3342 184 3366 suram
202 3345 210 3374 ;
228 3335 277 3367 sin
293 3344 445 3377 prospere
461 3337 658 3378 succederet,
674 3338 818 3370 victoriae
833 3338 934 3370 decus
948 3337 1103 3369 Alcibiadi
1129 3353 1132 3385 Ι
1161 3333 1379 3373 pervenisset,
1404 3330 1489 3363 dona
1521 3329 1651 3362 misisse
1669 3329 1837 3370 AEgyptios
1861 3337 1937 3360 cum
1956 3328 2030 3366 alia,
2046 3329 2119 3359 tum
2140 3327 2193 3366 hy-

74 3389 187 3414 omnae
211 3381 445 3415 vindicaturos.
476 3386 682 3425 Quapropter
708 3387 744 3416 ut
773 3385 928 3417 continuo
962 3393 996 3416 se
1029 3383 1103 3415 inde
1129 3386 1133 3407 ¹
1161 3379 1252 3411 blum
1267 3379 1480 3411 coronariam.
1507 3392 1521 3403 n
