2320 3684
784 150 1085 190 THEOPOMPI
1112 150 1447 192 FRAGMENTA.

100 307 332 356 Harpocrat.
353 317 360 339 ε
386 302 576 355 Στεφανῶν
598 298 678 342 τοὺς
701 296 938 345 νενικηκότας.
963 298 1083 348 Δημο-

49 363 172 410 σθένης
190 364 226 402 ἐν
245 364 295 414 τῷ
315 361 393 400 κατ’
412 358 583 412 Αἰσχίνου
597 388 608 406 ,
636 358 713 397 ἀντὶ
736 360 797 396 τοῦ
825 358 938 407 τιμῶν
1021 355 1081 394 καὶ

50 422 133 475 παρ’
148 421 266 464 ἄλλοις
292 419 350 459 ἐπὶ
365 418 494 465 ταύτης
513 421 574 465 τῆς
593 416 724 460 ἐννοίας
748 415 789 454 τὸ
814 417 1018 468 στεφανοῦν,
1036 416 1081 458 ὡς

48 480 147 534 παρά
159 496 196 519 τε
215 477 421 533 Θεοπόμπῳ
437 478 472 516 ἐν
489 479 533 529 τῇ
553 478 774 528 πεντηκοστῇ
794 472 939 526 ἑὸδόμῃ.

420 600 710 639 ΕΠΙΣΤΟΛΑΙ.

522 663 611 702 276.

102 731 309 772 Athenaeus
326 732 395 777 VI,
418 742 455 779 p.
484 729 575 775 230,
599 731 651 766 F:
669 725 883 778 Θεόπομπος
902 726 931 764 δ’
956 726 975 764 ὃ
999 727 1084 769 Χῖος

49 793 84 831 ἐν
103 797 178 835 ταῖς
187 790 273 843 πρὸς
292 787 516 842 Ἀλέξανδρον
529 787 763 839 συμὸουλαῖς,
785 787 866 842 περὶ
889 786 1083 840 Θεοκρίτου

48 853 108 890 τοῦ
122 850 266 889 πολίτου
285 848 342 886 τὸν
362 847 464 900 λόγον
490 846 696 899 ποιούμενός
722 863 826 902 φησιν
838 863 847 872 ·
869 846 956 892 «Ἐξ
980 849 1085 901 ἀργυ-

51 908 224 964 ρωμάτων
242 907 279 946 δὲ
295 907 355 946 καὶ
374 909 516 961 χρυσῶν
537 905 630 945 πίνει
642 935 652 953 ,
670 906 730 945 καὶ
748 912 819 950 τοῖς
837 905 976 945 σκεύεσι
990 908 1084 959 χρῆ-

49 983 107 1006 ται
126 972 197 1010 τοῖς
214 965 271 1005 ἐπὶ
288 968 351 1013 τῆς
369 963 544 1019 τραπέζης
569 963 700 1019 ἑτέροις
716 964 905 1014 τοιούτοις,
923 967 941 1003 ὃ
957 964 1084 1019 πρότε-

51 1041 108 1082 ρον
123 1027 189 1078 οὐχ
205 1024 298 1070 ὅπως
315 1025 350 1071 ἐξ
369 1024 634 1079 ἀργυρωμάτων
662 1027 725 1064 οὐκ
755 1025 847 1079 ἔχων
865 1025 990 1073 πίνειν,
1008 1023 1085 1062 ἀλλ’

50 1083 129 1124 οὐδὲ
151 1085 318 1137 χαλκῶν,
343 1084 421 1123 ἀλλ’
444 1085 484 1122 ἐκ
515 1085 711 1138 κεραμεῶν,
735 1084 796 1124 καὶ
818 1083 951 1123 τούτων
977 1082 1085 1122 ἐνίοτε

50 1142 243 1183 κολοὸῶν.»

521 1201 611 1240 277.

106 1260 314 1300 Athenaeus
326 1263 439 1308 XIII,
457 1274 497 1312 p.
520 1261 610 1311 595,
632 1264 681 1307 A,
694 1265 737 1309 B,
757 1264 804 1300 C:
823 1260 1038 1312 Θεόπομπος
1057 1261 1086 1299 δ’

53 1321 88 1359 ἔν
109 1322 152 1372 τῇ
174 1318 260 1373 πρὸς
278 1317 497 1373 Ἀλέξανδρον
510 1319 707 1372 Ἐπιστολῇ
730 1319 794 1367 τὴν
815 1319 990 1374 Ἁρπάλου
1007 1320 1087 1358 δια-

53 1378 195 1418 δάλλων
213 1377 419 1425 ἀκολασίαν,
439 1377 566 1432 φησίν·
588 1378 828 1432 «Ἔπίσκειβιι
855 1378 892 1417 δὲ
922 1379 982 1418 καὶ
1007 1378 1088 1417 διά-

52 1453 177 1476 κουσον
208 1439 328 1491 σαφῶς
355 1436 452 1490 παρὰ
477 1439 547 1476 τῶν
577 1439 617 1476 ἐκ
636 1437 844 1482 Βαὸυλῶνος
859 1469 868 1487 ,
892 1437 928 1477 ὃν
959 1437 1087 1491 τρόπον

54 1496 268 1544 Πυθιονίκην
301 1495 516 1550 περιέστειλε
549 1496 829 1544 τελευτήσασαν·
858 1497 880 1544 ἣ
914 1498 1089 1550 Βακχίδος

57 1554 121 1607 μὲν
142 1550 184 1602 ἦν
207 1554 313 1602 δούλη
334 1558 397 1603 τῆς
413 1555 640 1609 αὐλητρίδος,
656 1555 772 1603 ἐκείνη
791 1555 827 1594 δὲ
847 1555 1013 1604 Σινώπης
1027 1559 1089 1604 τῆς

17 1639 34 1646 *s
53 1612 220 1668 Θρᾴττης
255 1616 318 1661 τῆς
350 1613 385 1658 ἐξ
416 1613 563 1665 Αἰγίνης
584 1614 749 1662 Ἀθήναζε
786 1614 1087 1667 μετενεγκαμένης

53 1671 117 1720 τὴν
154 1672 330 1727 πορνείαν·
364 1671 455 1711 ὥστε
485 1672 642 1724 γίνεσθαι
674 1672 723 1724 μὴ
758 1672 861 1724 μόνον
895 1673 1087 1727 τρίδουλον,

55 1730 146 1770 ἀλλὰ
174 1730 234 1769 καὶ
258 1729 441 1784 τρίπορνον
467 1730 588 1778 αὐτήν.
616 1731 700 1770 Ἀπὸ
713 1731 882 1770 πλειόνων
904 1731 940 1770 δὲ
959 1732 1089 1770 ταλάν-

47 1805 126 1829 ντων
147 1788 170 1837 ἢ
189 1789 388 1839 διακοσίων,
414 1788 474 1828 δύο
495 1790 664 1842 μνήματα
683 1790 937 1830 κατεσκεύασεν
957 1793 1063 1838 αὐτῆς
1077 1823 1086 1840 ,

55 1847 74 1888 ὃ
92 1848 151 1888 καὶ
167 1847 296 1893 πάντες
315 1848 522 1901 ἐθαύμαζον,
542 1848 596 1888 ὅτι
615 1852 683 1888 τῶν
706 1849 770 1901 μὲν
800 1852 835 1888 ἐν
863 1850 1008 1904 Κιλικίᾳ
1032 1867 1089 1889 τε-

54 1908 298 1956 λευτησάντων
328 1907 415 1962 ὑπὲρ
449 1911 512 1956 τῆς
541 1912 604 1956 σῆς
631 1908 832 1962 βασιλείας,
858 1909 918 1948 καὶ
938 1912 1000 1956 τῆς
1017 1913 1086 1948 τῶν

56 1966 237 2015 Ἑλλήνων
258 1967 469 2022 ἐλευθερίας,
493 1967 630 2007 οὐδέπω
658 1972 718 2007 νῦν
748 1968 819 2007 οὔτ’
839 1970 984 2018 ἐκεῖνος,
1010 1968 1088 2008 οὔτε

57 2025 159 2070 ἄλλος
179 2027 289 2071 οὐδεὶς
319 2028 388 2065 τῶν
419 2028 615 2065 ἐπιστατῶν
639 2026 840 2078 κεκόσμηκε
874 2027 933 2066 τὸν
965 2028 1087 2082 τάφον.

57 2085 266 2133 Πυθιονίκης
286 2084 322 2124 δὲ
339 2089 401 2133 τῆς
417 2085 554 2140 ἑταίρας
565 2085 757 2140 φανήσεται
770 2086 809 2125 τὸ
825 2085 887 2138 μὲν
907 2086 1086 2138 Ἀθήνησι,

57 2142 97 2183 τὸ
116 2144 146 2182 δ’
166 2145 200 2183 ἐν
215 2144 403 2184 Βαὸυλῶνι
421 2147 544 2196 μνῆμα
563 2144 673 2183 πολὺν
699 2146 766 2193 ἤδη
793 2144 916 2199 χρόνον
935 2147 1090 2183 ἐπιτετε-

527 2263 574 2295 27
582 2263 616 2296 5.
998 2292 1001 2295 .

105 2315 218 2351 Quum
242 2314 385 2345 victores
407 2315 539 2346 coronis
554 2315 707 2346 ornaret.
722 2315 957 2347 Demosthenes
971 2298 1094 2348 in‘ora-

59 2360 148 2393 tione
168 2360 324 2392 adversus
337 2360 520 2393 AEschinem
530 2385 540 2401 ‚
554 2371 612 2402 pro
626 2369 735 2403 quum
751 2361 949 2402 honoraret,
966 2363 1093 2394 eodem-

58 2416 122 2449 que
137 2416 234 2439 sensu
248 2408 283 2438 τὸ
296 2411 464 2449 στεφανοῦν
480 2409 567 2450 apud
582 2408 674 2450 alios,
689 2410 726 2440 ut
743 2409 991 2451 Theopompum
1009 2410 1093 2443 libro

61 2453 327 2495 quinquagesimo
344 2454 495 2495 septimo.

433 2553 715 2595 EPISTOLAE.

101 2663 329 2705 Theopompus
344 2664 465 2704 Chius,
491 2665 524 2697 in
557 2666 713 2699 Consiliis
741 2667 783 2699 ad
800 2667 1034 2710 Alexandrum,
1052 2668 1092 2701 de

61 2710 230 2744 Theocrito
249 2711 394 2752 populari
415 2721 475 2744 suo
491 2712 643 2754 loquens,
660 2713 773 2746 scribit
788 2724 795 2746 ε
816 2727 831 2742 «
846 2715 932 2747 Bibit
947 2725 987 2748 ex
1003 2716 1092 2748 vasis

62 2757 219 2799 argenteis
235 2760 267 2790 et
279 2759 406 2799 aureis;
422 2759 620 2800 reliquisque
634 2761 787 2793 omnibus
799 2762 900 2800 vasis,
916 2771 990 2803 quae
1007 2771 1094 2794 men-

63 2811 109 2837 soe
137 2804 350 2846 imponuntur
362 2830 371 2846 ,
389 2806 624 2847 ejusdemmodi
643 2808 764 2847 utitur;
786 2809 814 2840 is
835 2809 893 2849 qui
909 2810 986 2840 olim
1000 2833 1008 2848 ‚
1026 2818 1092 2841 non

63 2850 136 2884 dico
150 2861 191 2884 ex
203 2853 370 2893 argenteis,
383 2853 450 2885 imo
462 2862 504 2885 ne
513 2862 553 2886 ex
565 2854 664 2887 aeneis
676 2855 820 2896 quidem,
838 2856 895 2889 sed
906 2865 924 2889 e
937 2856 1092 2889 fictilibus

63 2896 205 2939 bibebat,
219 2902 251 2931 et
267 2899 317 2932 his
334 2900 465 2941 quidem
480 2901 643 2933 interdum
659 2903 820 2935 mutilis»

103 2997 329 3039 Theopompus
345 2999 380 3030 in
391 2999 536 3040 Epistola
548 3001 587 3032 ad
605 3001 823 3035 Alexandrum
837 3027 845 3041 ‚
857 3003 989 3044 Harpali
1003 3012 1093 3036 accu-

65 3050 139 3077 sans
159 3045 363 3077 insolentiam
376 3069 386 3085 ,
403 3046 449 3078 ait
466 3056 473 3077 :
490 3059 505 3074 «
522 3047 651 3088 Dispice
673 3057 749 3081 vero
767 3051 800 3082 et
821 3050 915 3091 plane
936 3058 1093 3091 cognosce

66 3097 107 3122 ex
114 3090 309 3132 Babyloniis,
323 3101 388 3133 quo
404 3093 502 3125 modo
517 3094 741 3134 Pythionicam
760 3096 829 3128 vita
848 3096 992 3128 functam
1022 3106 1091 3138 pro-

65 3140 194 3171 secutus
219 3140 271 3172 sit.
287 3141 457 3173 Bacchidis
485 3141 554 3173 haec
584 3150 676 3174 serva
706 3143 810 3176 fuerat
839 3144 998 3183 tibicinae;
1018 3154 1092 3185 quae

65 3182 134 3226 ipsa
149 3185 275 3226 Sinopae
293 3187 448 3220 servierat
461 3188 619 3227 Thraciae,
632 3189 661 3220 ei
676 3198 751 3230 quae
767 3191 970 3222 scortationis
991 3191 1092 3223 ostici-

66 3239 140 3263 nam
155 3241 194 3264 ex
219 3233 335 3273 AEgina
356 3235 499 3266 Athenas
521 3236 687 3268 transtulit
705 3246 712 3267 :
734 3238 771 3269 ut
796 3238 876 3269 adeo
903 3247 970 3269 non
994 3238 1091 3270 modo

68 3278 227 3318 Mser-va,
240 3279 296 3311 sed
311 3282 343 3312 et
358 3282 560 3314 triscortum
575 3283 764 3323 Pythionica
778 3284 883 3316 suerit.
898 3285 982 3316 Huic
995 3285 1092 3324 igitur

66 3323 134 3357 duo
149 3328 359 3369 monumenta
370 3328 490 3368 posuit,
505 3329 539 3360 in
558 3338 632 3369 quoe
649 3331 787 3372 amplius
803 3332 951 3363 ducentis
963 3331 1091 3363 talentis

67 3370 222 3413 impendit
239 3382 247 3404 :
264 3375 301 3405 ut
313 3374 506 3407 mirarentur
517 3385 642 3418 omnes,
651 3378 703 3410 his
715 3379 771 3419 qui
787 3379 820 3410 in
833 3380 947 3422 Cilicia
959 3388 1017 3420 pro
1029 3380 1088 3411 tuo

2094 157 2165 192 325

1137 238 1327 290 λεσμένονν·
1359 239 1403 287 ἣν
1440 238 1507 293 γὰρ
1546 239 1674 284 πάντες
1706 238 1835 293 ᾔδεσαν
1868 241 1986 286 κοινῆς
2014 238 2170 285 δαπάνης

1138 297 1257 345 κοινὴν
1276 304 1348 343 τοῖς
1369 298 1589 351 βουλομένοις
1618 297 1841 351 γιγνομένην,
1866 296 1997 345 ταύτης
2017 297 2172 348 ἐτόλμη-

1139 371 1196 394 σεν
1234 360 1252 395 ὁ
1295 357 1392 411 φίλος
1418 352 1507 397 εἶναι
1540 363 1601 397 σοῦ
1633 357 1790 412 φάσκων,
1819 356 1909 411 ἱερὸν
1945 356 2005 395 καὶ
2030 355 2172 408 τέμενος

1139 414 1364 467 ἱδρύσασθαι,
1381 417 1440 456 καὶ
1459 421 1740 471 προσαγορεῦσαι
1759 416 1817 455 τὸν
1837 416 1918 455 ναὸν
1939 415 1999 454 καὶ
2018 415 2077 454 τὸν
2097 418 2172 468 βω·-

1141 472 1205 523 μὸν
1226 474 1435 523 Πυθιονίκης
1447 476 1661 530 Ἀφροδίτης,
1682 476 1758 528 ἅμα
1781 478 1845 523 τῆς
1854 492 1892 515 τε
1907 473 2004 528 παρὰ
2015 476 2101 513 θεῶν
2117 489 2173 512 τι-

1140 532 1273 585 μωρίας
1292 538 1532 588 καταφρονῶν,
1547 535 1606 574 καὶ
1622 535 1684 580 τὰς
1704 535 1767 580 σὰς
1775 534 1880 587 τιμὰς
1896 533 2172 590 προπηλακίζειν

1140 591 1368 644 ἐπιχειρῶν.»
1391 595 1447 632 Cf.
1484 595 1645 633 Diodor.
1680 596 1813 643 XVII,
1857 596 1949 644 1083
1968 594 2174 632 Athenaeus

1140 653 1249 698 XIII,
1270 664 1309 702 p.
1327 652 1416 699 586,
1434 657 1476 702 C,
1497 655 1586 704 594,
1601 657 1651 700 E,
1666 654 1860 692 Plutarch.
1886 653 2087 692 Demosth.
2110 652 2171 690 25.

1193 757 1301 796 Idem
1326 739 1438 806 XIII,
1466 772 1505 810 p.
1533 706 1748 808 586,Yl]8:·...
1771 759 1872 808 Φησὶ
1903 758 2117 809 Θεόπομπος
2139 743 2179 797 ἐν’

1139 822 1210 861 τοῖς
1227 817 1306 871 περὶ
1320 820 1381 865 τῆς
1397 818 1487 863 Χίας
1501 818 1717 867 Ἐπιστολῆς
1727 849 1736 867 ,
1751 819 1823 871 ὅτι,
1835 819 1924 872 μετὰ
1941 818 1999 859 τὸν
2013 822 2075 866 τῆς
2092 821 2174 859 Πυ-

1142 876 1292 924 θιονίκης
1314 876 1460 915 θάνατον
1480 880 1498 916 ὁ
1517 876 1694 931 Ἅρπαλος
1723 879 1973 932 μετεπέμψατο
1989 878 2052 926 τὴν
2075 879 2173 918 Γλυ-

1141 937 1247 992 κέραν
1262 937 1462 985 Ἀθήνηθεν,
1490 937 1534 985 ἣν
1563 938 1623 977 καὶ
1646 940 1814 978 ἐλθοῦσαν
1841 942 1945 980 οἷκεῖν
1966 941 2000 978 ἓν
2017 945 2087 982 τοῖς
2107 941 2176 991 βα-

1142 997 1283 1041 σιλείοις
1306 1003 1377 1041 τοῖς
1396 999 1430 1036 ἐν
1448 999 1604 1051 Ταρσῷ,
1630 998 1690 1036 καὶ
1718 1005 1990 1051 προσκυνεῖσθαι
2017 998 2087 1037 ὑπὸ
2112 1001 2175 1037 τοῦ

1141 1055 1315 1106 πλήθους,
1338 1057 1546 1109 βασίλισσαν
1581 1057 1945 1111 προσαγορευομένην,
1966 1056 2176 1112 ἀπειρῆσθαί

1141 1131 1181 1153 τε
1209 1115 1267 1154 ἐπὶ
1302 1122 1391 1154 πᾶσι
1413 1114 1463 1168 μὴ
1487 1120 1677 1169 στεφανοῦν
1702 1115 1895 1169 Ἅρπαλον,
1927 1117 1985 1156 ἐὰν
2022 1116 2071 1168 μὴ
2116 1117 2175 1156 καὶ

1143 1174 1323 1228 Γλυκέραν
1358 1177 1589 1230 στεφανῶσιν.
1624 1175 1689 1214 Ἔν
1716 1176 1865 1229 Ῥωσσῷ
1897 1176 1932 1215 δὲ
1968 1178 2027 1215 καὶ
2059 1175 2176 1215 εἰκόνα

1142 1236 1281 1287 χαλκῆν
1301 1235 1407 1280 αὐτῆς
1427 1233 1567 1272 ἱστάναι
1586 1236 1762 1286 τολμῆσαι
1781 1233 1879 1288 παρὰ
1900 1234 1963 1281 τὴν
1985 1236 2121 1272 ἑαυτοῦ.

1197 1295 1339 1332 Eadem
1372 1293 1438 1331 lib.
1469 1297 1582 1340 XIII,
1615 1309 1652 1346 p.
1688 1294 1777 1344 595,
1803 1297 1856 1340 D,
1889 1295 2069 1344 leguntur
2101 1294 2175 1331 ita:

1144 1353 1247 1392 Μετὰ
1264 1350 1301 1390 δὲ
1316 1351 1380 1400 τὴν
1403 1351 1615 1399 Πυθιονίκης
1634 1351 1798 1399 τελευτὴν
1816 1355 1834 1391 ὁ
1847 1350 2025 1406 Ἅρπαλος
2040 1351 2176 1390 Γλυκέ-

1147 1428 1207 1466 ραν
1227 1410 1488 1465 μετεπέμψατο,
1502 1411 1562 1450 καὶ
1579 1410 1709 1459 ταύτην
1728 1411 1884 1465 ἑταίραν,
1904 1413 1950 1454 ὡς
1969 1415 1987 1450 ὃ
2006 1411 2177 1462 Θεόπομ-

1144 1487 1208 1515 πος
1237 1473 1389 1525 ἱστορεῖ,
1421 1471 1566 1524 φάσκων
1592 1469 1820 1524 ἀπειρηκέναι
1847 1470 1906 1509 τὸν
1926 1469 1965 1509 “A
1974 1471 2105 1524 ρπαλον
2127 1469 2177 1521 μὴ

1145 1534 1335 1583 στεφανοῦν
1368 1529 1502 1576 ἑαυτὸν,
1539 1530 1568 1567 εἷ
1597 1528 1647 1580 μή
1677 1545 1729 1573 τις
1760 1528 1993 1584 στεφανώσειε
2018 1529 2078 1567 καὶ
2113 1528 2177 1576 τὴν

1144 1588 1288 1642 πόρνην.
1307 1607 1322 1623 «
1339 1587 1501 1636 Ἔστησέ
1519 1603 1558 1627 τε
1574 1587 1691 1626 εἰκόνα
1711 1589 1849 1640 χαλκῆν
1866 1591 1929 1635 τῆς
1944 1587 2123 1641 Γλυκέρας
2142 1589 2177 1627 ἐν

1144 1647 1295 1701 Ῥωσσῷ
1309 1651 1370 1695 τῆς
1385 1647 1527 1702 Συρίας,
1539 1641 1646 1701 οἷπερ
1659 1646 1719 1685 καὶ
1732 1646 1771 1686 σὲ
1784 1647 1845 1688 καὶ
1860 1647 1963 1685 αὐτὸν
1979 1647 2179 1686 ἀνατιθέναι

1147 1707 1284 1759 μέλλει·
1303 1707 1487 1761 παρέδωκέ
1500 1724 1539 1746 τε
1553 1709 1641 1760 αὐτῇ
1658 1714 1833 1746 κατοικεῖν
1854 1709 1889 1746 ἓν
1900 1714 1971 1751 τοῖς
1992 1706 2180 1759 βασιλείοις

1144 1773 1214 1810 τοῖς
1235 1768 1270 1806 ἐν
1290 1769 1446 1821 Ταρσῷ,
1467 1767 1526 1806 καὶ
1556 1769 1620 1820 ὂρᾷ
1640 1766 1707 1805 ὑπὸ
1726 1771 1787 1806 τοῦ
1811 1769 1898 1805 λαοῦ
1917 1765 2180 1821 προσκυνουμέ-

1143 1842 1220 1875 νην,
1256 1826 1315 1865 καὶ
1365 1826 1573 1879 βασίλισσαν
1618 1826 1969 1880 προσαγορευομένην
2006 1826 2067 1864 καὶ
2104 1831 2180 1869 ταῖς

1145 1885 1266 1929 ἄλλαις
1285 1886 1429 1940 δωρεαῖς
1452 1883 1672 1937 τιμωμένην,
1707 1881 1761 1930 αἶς
1782 1885 1914 1940 πρέπον
1944 1879 1986 1933 ἦν
2017 1884 2080 1933 τὴν
2113 1883 2177 1932 σὴν

1145 1944 1282 1998 μητέρα
1298 1945 1357 1984 καὶ
1377 1944 1441 1992 τὴν
1463 1946 1516 1985 σοὶ
1536 1950 1777 1985 συνοικοῦσαν.
1794 1964 1809 1980 »

1270 2042 1410 2079 ΚΑΤΑ
1439 2042 1717 2081 ΠΛΑΤΩΝΟΣ
1745 2020 2032 2080 ΔῐΑΤΡιΒΗΣ.

1197 2147 1403 2185 Athenaeus
1423 2151 1493 2196 XI,
1517 2162 1555 2199 p.
1580 2095 1745 2194 5028ἶ9ὲε
1767 2146 1980 2198 Θεόπομπος
1999 2150 2017 2185 ὃ
2037 2148 2121 2190 Χῖος
2142 2148 2177 2185 ἐν

1149 2266 1247 2298 regno
1263 2261 1295 2290 et
1310 2267 1369 2299 pro
1385 2260 1574 2290 Graecorum
1592 2258 1737 2291 libertate
1757 2260 1895 2290 mortem
1912 2258 2084 2298 obierunt,
2101 2267 2179 2289 non-

1146 2303 1225 2335 dum
1243 2314 1302 2337 nec
1317 2305 1357 2337 ah
1375 2306 1441 2345 illo,
1459 2314 1518 2338 nec
1533 2306 1574 2337 ab
1593 2315 1704 2338 eorum
1720 2314 1886 2346 quoquam
1908 2305 1965 2346 qui
1988 2305 2085 2337 rebus
2098 2313 2178 2345 prae-

1148 2352 1236 2390 sunt,
1255 2353 1369 2383 ornata
1396 2361 1468 2384 esse
1483 2353 1651 2393 sepulcra3
1672 2353 1873 2394 Pythionicae
1898 2361 1976 2384 vero
2000 2351 2177 2383 meretricis

1147 2401 1395 2430 monumentum
1414 2399 1502 2431 aliud
1523 2400 1680 2440 Athenis,
1707 2400 1794 2432 aliud
1822 2399 1985 2440 Babylone
2010 2398 2178 2439 conspici,

1144 2447 1210 2487 jam
1228 2446 1354 2487 pridem
1369 2445 1567 2478 absolutum.
1592 2449 1698 2484 Quam
1720 2448 1807 2479 enim
1832 2448 1952 2478 norunt
1971 2455 2083 2477 omnes
2099 2454 2179 2477 mer-

1147 2494 1224 2526 cede
1240 2494 1357 2535 aequali
1373 2494 1526 2526 omnibus
1540 2495 1707 2536 proposita
1723 2503 1930 2527 communem
1947 2493 2046 2524 fuisse
2057 2491 2178 2523 volenti

1147 2541 1276 2582 cuique,
1300 2541 1377 2573 huic
1399 2550 1500 2573 ausus
1522 2543 1572 2574 est
1594 2542 1634 2580 is,
1656 2541 1711 2582 qui
1740 2544 1835 2576 tuum
1858 2550 1892 2574 se
1915 2540 2054 2572 amicum
2077 2538 2177 2574 dicit,

1147 2588 1304 2630 templum
1327 2590 1426 2630 atque
1446 2597 1572 2620 sacram
1592 2598 1680 2622 aram
1703 2592 1861 2628 statuere,
1879 2588 2108 2625 nominor-eque
2116 2584 2177 2625 fa—

1147 2644 1233 2667 num
1260 2637 1365 2677 atque
1387 2645 1490 2668 aram
1514 2636 1731 2676 Pythionicoe
1770 2636 1921 2673 Venerin
1953 2632 2049 2664 simul
2074 2631 2177 2663 divini

1146 2682 1291 2714 numinis
1313 2691 1467 2724 spernens
1492 2682 1673 2715 vindictam
1687 2706 1697 2723 ,
1723 2683 1756 2715 et
1774 2683 1849 2714 tuos
1873 2681 2013 2712 honores
2035 2678 2177 2711 ludibrio

1146 2729 1264 2762 habere
1278 2739 1389 2762 ausus.
1415 2743 1431 2759 υ

1186 2845 1415 2886 Theopompus
1427 2843 1459 2875 in
1475 2842 1621 2884 Epistola
1638 2851 1696 2882 pro
1712 2840 1803 2872 Chiis
1818 2839 1937 2880 scripta
1954 2839 2011 2877 ait,
2025 2839 2100 2879 post
2118 2839 2176 2879 Py-

1145 2891 1299 2924 thionicae
1315 2891 1439 2926 obitum
1461 2889 1639 2929 Harpalum
1660 2887 1791 2920 Athenis
1810 2886 1967 2918 accivisse
1980 2885 2174 2926 Glyceram:

1145 2947 1220 2979 quae
1238 2947 1340 2979 quum
1353 2938 1508 2973 venisset,
1527 2936 1561 2967 in
1576 2935 1662 2975 regia
1677 2934 1837 2966 habitavit
1851 2933 1953 2972 Tarsi,
1970 2934 2003 2964 et
2019 2941 2038 2964 a
2055 2931 2176 2973 populo

1145 2987 1276 3018 adorata
1294 2988 1354 3024 est,
1369 2988 1401 3016 et
1417 2985 1525 3024 regina
1544 2983 1702 3024 appellata
1717 2992 1724 3013 ε
1748 2981 1952 3021 vetitumque
1969 2979 2089 3015 fuisse,
2108 2979 2175 3017 ait,

1145 3043 1185 3066 ne
1197 3034 1270 3074 quis
1284 3032 1458 3072 Harpalum
1474 3040 1592 3062 corona
1616 3030 1769 3068 donaret,
1788 3028 1866 3069 quin
1885 3027 1982 3060 simul
2003 3027 2174 3068 Glyceram

1145 3082 1324 3113 coronaret.
1341 3079 1502 3111 Eumdem
1516 3078 1548 3109 in
1563 3077 1683 3119 oppido
1699 3079 1803 3108 Rosso
1819 3075 1917 3107 etiam
1931 3076 2073 3107 statuam
2087 3073 2174 3106 illius

1145 3121 1267 3160 aeneam
1283 3135 1403 3168 ponere
1419 3126 1572 3157 conatum
1585 3133 1655 3156 esse
1664 3125 1759 3165 juxta
1773 3131 1877 3156 suam.

1530 3192 1801 3209 --ὒθφ-

1172 3243 1325 3284 LIBER
1355 3241 1563 3280 CONTRA
1591 3240 1849 3280 PLATONIS
1886 3236 2150 3279 SCHOLAM.

1613 3318 1704 3352 279.

1186 3378 1412 3418 Theopompus
1429 3376 1531 3409 Chius
1547 3376 1580 3408 in
1598 3376 1680 3408 libro
1696 3377 1809 3408 contra
1827 3373 1973 3408 Platonis
1992 3371 2165 3406 scholam:
