2320 3684
725 129 950 171 PHILISTI
978 130 1314 171 FRAGMENTA.

310 220 463 261 LIBER
490 217 733 259 DECIMUS.

59 337 169 376 Idem
188 352 197 376 :
216 337 401 390 Λογγώνη,
412 283 575 379 Σικε3λ8ίας
593 332 704 377 πόλις.
721 331 767 372 Ὁ
786 331 934 377 πολίτης
947 332 1037 383 Λογ-

6 403 164 452 γωναῖος.
188 397 358 442 Φίλιστος
385 395 533 449 δεκάτῳ.
558 399 602 435 V.
622 398 715 433 Exc.
733 392 852 435 Diod.
871 393 896 431 l.
925 393 1036 441 XIV,

7 471 46 509 p.
66 458 140 506 347
163 458 246 508 Bip.

269 567 425 608 LIBER
451 564 769 607 UNDECIMUS.

62 680 195 777 Iddem:
216 679 407 734 Τύρσητα,
426 626 752 723 πόλῗς9Σαυνιτῶν.
777 674 948 718 Φίλιστος
978 675 1038 712 ἑν-

9 739 69 777 δεκ
91 754 154 792 τῳ.

488 791 551 830 40.

62 843 197 883 Idem:
223 843 385 891 Μυστία,
417 845 518 889 πόλις
551 844 747 884 Σαυνιτῶν.
777 845 948 890 Φίλιστος
978 846 1036 884 ἑν-

10 901 158 956 δεκάτῳ.
196 905 243 943 Οἱ
278 902 453 957 οἰκήτορες
480 901 699 952 Μυστιανοί,
724 905 771 948 ὡς
800 906 863 952 τ’ῆς
892 903 1040 947 Ὠστίας

12 961 207 1018 Ὠστιανοί.
227 966 272 1002 V.
295 963 456 1001 Diodor.
481 966 594 1054 {IVL
619 964 680 1001 15.

65 1068 172 1107 Idem
191 1082 200 1106 :
222 1068 398 1123 Νουκρία,
423 1068 524 1113 πόλις
546 1067 758 1123 Τυρσηνίας.
783 1068 954 1114 Φίλιστος
982 1068 1041 1119 ια’,

11 1127 70 1167 καὶ
89 1127 138 1167 ιε’.
159 1129 380 1168 «Numerus
399 1127 438 1167 ιε’
455 1129 617 1168 vitiosus
633 1137 708 1178 est3
729 1129 796 1167 sed
815 1130 909 1180 quid
930 1130 1043 1169 resti-

14 1188 199 1227 tuendum
222 1187 289 1237 sit,
306 1197 402 1239 puto
418 1189 515 1228 scire
533 1189 737 1228 neminem.
753 1206 769 1223 »
784 1190 934 1228 Goeller.

67 1300 203 1339 Theon
229 1304 436 1352 Progymn.
455 1248 588 1353 p.4125{:
611 1300 785 1354 Ἔχομεν.
803 1332 811 1340 .
833 1329 842 1340 .
863 1300 922 1340 καὶ
946 1301 1044 1356 παρὰ

15 1359 180 1412 Φιλίστῳ
183 1389 305 1398 .....
321 1360 356 1397 ἐν
378 1390 386 1398 .
406 1390 414 1398 .
436 1390 445 1399 .
460 1362 505 1413 τῇ
530 1360 576 1399 ια’
603 1360 648 1399 τὰ
674 1359 755 1413 περὶ
786 1359 850 1408 τὴν
893 1360 1042 1415 ἐκφορὰν

14 1418 223 1472 (Dionysii)
245 1417 306 1457 καὶ
324 1420 386 1466 τῆς
403 1425 516 1474 πυρᾶς
536 1419 600 1468 τὴν
618 1419 808 1459 ποικιλίαν.

67 1478 259 1516 Plutarch.
287 1481 335 1517 V.
365 1479 540 1531 Pelopid.
566 1494 599 1518 c.
621 1482 694 1525 34:
725 1478 895 1518 Ἐκείνων
919 1477 955 1517 δὲ
973 1481 1043 1518 τῶν

14 1538 135 1590 ταφῶν
165 1536 335 1589 (pompae
360 1537 533 1577 funebris
572 1537 785 1588 Pelopidae)
823 1538 862 1576 οὐ
888 1537 1044 1577 δοκοῦσιν

9 1594 133 1650 -ἔτεραι
149 1595 393 1650 λαμπρότεραι
411 1596 591 1648 γενέσθαι,
607 1602 679 1640 τοῖς
694 1595 734 1635 τὸ
748 1595 910 1650 λαμπρὸν
927 1597 991 1635 οὐκ
1009 1598 1044 1635 ἐν

15 1653 178 1708 ἐλέφαντι
198 1653 258 1693 καὶ
279 1656 400 1709 χρυσῷ
421 1655 482 1694 καὶ
504 1655 696 1710 πορφύραις
716 1648 805 1694 εἶναι
823 1654 1021 1707 νομίζουσιν
1034 1687 1044 1705 ,

17 1713 136 1768 ὥσπερ
160 1713 330 1759 Φίλιστος
349 1715 468 1767 ὑμνῶν
489 1715 548 1755 καὶΙ
571 1715 759 1768 θαυμάζων
778 1714 842 1762 τὴν
863 1715 1045 1755 Διονυσίου

17 1772 143 1828 ταφὴν,
168 1767 237 1812 οἷον
255 1772 453 1827 τραγῳδίας
475 1774 643 1828 μεγάλης,
664 1776 728 1822 τῆς
746 1773 947 1828 τυραννίδος
967 1773 1047 1821 ἐξό-

19 1829 89 1872 διον
106 1832 285 1886 θεατρικὸν
304 1832 506 1885 γενομένην.

429 1906 639 1922 ⁴000*-

266 1941 420 1980 LIBER
448 1941 796 2037 DlggDEClMUS.

2048 137 2120 170 189

1090 217 1218 254 κανῶν.
1227 215 1398 259 Φίλιστος
1411 216 1605 255 Σικελικῶν
1616 213 1978 270 τρισκαιδεκάτῳ.Ἐκ
1993 214 2123 264 ταύτης

1090 267 1133 320 ἦν
1162 274 1387 327 Ἐπίχαρμος
1414 278 1433 314 ὃ
1466 275 1622 326 κωμικὸς
1654 274 1714 314 καὶ
1745 269 1833 318 Aah:
1855 277 1878 322 ἡ
1911 274 2051 326 ἑταίρα,
2077 276 2123 319 ὥς

1092 332 1250 379 Νεάνθης
1268 334 1303 370 ἐν
1320 335 1370 386 τῷ
1386 332 1466 387 περὶ
1483 332 1627 379 ἐνδόξων
1645 334 1791 387 ἀνδρῶν.
1802 332 1911 386 Ἔχει
1930 332 1965 371 δὲ
1982 337 2004 381 ἡ
2023 333 2124 377 πόλις

1092 390 1374 443 εὐπρεπεστάτας
1403 397 1590 443 γυναῖκας,
1618 394 1666 436 ὡς
1688 391 1880 444 Φιλήμων.
1909 391 2036 432 Ἀπίων
2072 392 2122 442 δὲ,

1092 447 1146 487 ὅτι
1169 448 1271 499 μόνος
1295 449 1470 501 Πολέμων
1489 450 1555 504 ἔφη
1589 450 1651 499 τὴν
1673 448 1791 491 Λαίδα
1814 451 2015 506 Κορινθίαν.

1148 507 1274 546 Verba
1294 523 1302 546 :
1327 508 1455 547 Ἀπίων
1483 508 1539 559 δὲ,
1560 509 1613 550 ὅτι
1634 509 1736 562 μόνος
1752 509 1942 562 Πολέμων,
1963 519 2035 550 etc.
2055 514 2124 550 Ja-

1093 566 1229 605 cobsio
1245 567 1284 605 in
1303 571 1403 606 Mus.
1421 571 1499 607 Att.
1515 577 1543 608 t.
1560 573 1629 618 111,
1647 571 1739 611 fasc.
1761 584 1799 618 2,
1819 584 1856 622 p.
1876 571 1951 608 225
1974 584 1996 608 e
2018 583 2126 608 mar—

1094 627 1183 679 gine
1197 628 1396 679 irrepsisse
1414 629 1607 668 videntur.
1629 633 1806 670 Fortasse
1825 631 2012 669 nonnulla
2024 631 2127 669 exci-

1095 687 1249 726 derunt.

1502 769 1721 785 qm*—

1310 805 1637 846 FRAGMENTA
1670 808 1912 848 INCERTA.

1148 929 1244 968 Plin.
1275 932 1324 968 H.
1356 933 1406 969 N.
1436 933 1542 982 VIII,
1564 872 1648 969 6414}
1666 934 1856 969 Memorat
1883 942 1922 970 et
1943 934 2126 981 Pyrrhum

1100 989 1247 1026 Gelonis
1269 993 1422 1038 tyranni
1438 1003 1566 1026 canem
1586 991 1771 1029 Philistus.
1789 991 1846 1029 Cf.
1864 992 2001 1030 AElian.
2019 995 2064 1030 V.
2080 995 2128 1029 H·

1096 1050 1127 1085 1.
1147 1049 1207 1096 13,
1233 1049 1280 1085 H.
1300 1050 1344 1085 A.
1366 1050 1434 1095 vl,
1456 1048 1519 1086 62.

1581 1107 1617 1144 4.
1637 1139 1645 1146 .

1152 1165 1267 1203 Schol
1296 1165 1403 1204 Pind.
1438 1166 1550 1216 Pyth.
1587 1108 1632 1215 1?
1663 1180 1734 1204 112
1757 1166 1992 1218 εΔεινομένης
2008 1196 2131 1206 .....

1098 1221 1256 1278 Ἱέρωνος
1287 1224 1358 1269 υἱὸς
1392 1226 1432 1264 ἐκ
1466 1227 1530 1272 τῆς
1557 1224 1769 1269 Νικοκλέους
1790 1229 1852 1264 τοῦ
1890 1225 2132 1280 Συρακουσίου

1099 1283 1278 1337 θυγατρὸς,
1295 1282 1388 1323 κατὰ
1407 1283 1581 1324 Φίλιστον
1598 1284 1658 1323 καὶ
1676 1284 1843 1336 Τίμαιον.

1154 1405 1316 1441 Pausan.
1358 1406 1376 1440 I
1391 1433 1402 1451 ‚
1439 1416 1508 1453 29,
1547 1344 1669 1455 9561').
1697 1410 1747 1452 74
1783 1418 1791 1441 :
1830 1403 1934 1442 Μετὰ
1976 1401 2012 1440 δὲ
2058 1401 2137 1446 τοὺς

1101 1460 1337 1505 ἀποθανόντας
1356 1462 1392 1500 ἐν
1414 1461 1593 1516 Κορίνθῳ,
1614 1462 1748 1511 στήλην
1769 1461 1828 1501 ἐπὶ
1846 1462 1961 1501 τοῖσδε
1993 1461 2137 1500 ἑστάναι

1090 1517 1164 1566 ,τὴν
1183 1519 1291 1567 αὐτὴν
1312 1520 1478 1572 σημαίνει
1496 1519 1542 1559 τὰ
1562 1522 1710 1573 ἐλεγεῖα,
1722 1527 1795 1566 τοῖς
1809 1521 1872 1573 μὲν
1899 1522 1934 1560 ἐν
1953 1519 2089 1574 Εὐὸοίᾳ
2100 1535 2137 1558 τε

1101 1579 1162 1618 καὶ
1181 1580 1260 1634 Χίῳ
1277 1581 1525 1629 τελευτήσασι·
1545 1581 1625 1626 τοὺς
1647 1580 1686 1620 δὲ
1704 1582 1763 1621 ἐπὶ
1788 1588 1860 1626 τοῖς
1892 1580 2057 1635 ἐσχάτοις
2074 1582 2138 1627 τῆς

1103 1638 1263 1687 Ἀσιανῆς
1290 1639 1436 1694 ἠπείρου
1454 1641 1687 1696 διαφθαρῆναι
1709 1642 1828 1691 δηλοῖ,
1852 1640 1932 1685 τοὺς
1954 1639 1990 1678 δὲ
2015 1641 2050 1679 ἐν
2075 1641 2140 1679 Σι-

1101 1698 1214 1753 κελία.
1234 1699 1479 1753 Γεγραμμένοι
1493 1699 1532 1739 δέ
1551 1702 1636 1740 εἰσιν
1653 1699 1689 1739 οἵ
1703 1717 1741 1740 τε
1758 1700 1948 1754 στρατηγοὶ
1958 1698 2050 1747 πλὴν
2069 1701 2139 1743 Νι-

1102 1757 1192 1807 κίου,
1209 1758 1269 1797 καὶ
1286 1759 1356 1797 τῶν
1373 1762 1598 1814 στρατιωτῶν
1619 1763 1707 1812 ὁμοῦ
1720 1766 1791 1804 τοῖς
1802 1762 1920 1804 ἀστοῖς
1935 1761 2138 1802 Πλαταιεῖς.

1104 1816 1229 1862 Νικίας
1246 1816 1282 1855 δὲ
1302 1818 1360 1856 ἐπὶ
1376 1819 1466 1871 τῷδε
1483 1818 1650 1873 παρείθη·
1673 1819 1798 1874 γράφω
1818 1818 1855 1858 δὲ
1875 1817 1973 1858 οὐδὲν
1991 1817 2140 1872 διάφορα

1104 1875 1127 1923 ἢ
1148 1876 1342 1927 Φίλιστος,
1373 1876 1410 1921 ὃς
1427 1876 1494 1932 ἔφη
1512 1878 1744 1930 Δημοσθένην
1770 1877 1834 1930 μὲν
1853 1877 2006 1922 σπονδὰς
2033 1877 2141 1925 ποιή-

1105 1942 1236 1977 σασθαι
1253 1944 1324 1982 τοῖς
1343 1937 1474 1987 ἄλλοις,
1494 1938 1588 1986 πλὴν
1606 1938 1795 1988 αὖτοῦ,καὶ
1811 1940 1858 1983 ὣς
1871 1938 2055 1988 ἡλίσκετο,
2072 1940 2140 1977 αὕ-

1105 1996 1165 2035 τὸν
1186 1998 1375 2052 ἐπιχειρεῖν
1407 2000 1629 2046 ἀποκτεῖναι,
1660 1997 1770 2052 Νικίᾳ
1803 1998 1840 2036 δὲ
1856 1997 1920 2045 τὴν
1939 1997 2140 2052 ’παράδοσιν

73 2053 254 2104 Stephan.
271 2052 573 2107 Byz.:Kp0w·eb;,
593 2052 693 2098 πόλις
709 2053 872 2098 Σικελίας
888 2056 957 2093 τῶν
979 2056 1049 2094 Σι-
1070 2047 1076 2102 1
1105 2056 1268 2109 ἐθελοντῇ
1289 2055 1461 2109 γενέσθαι.
1482 2056 1628 2097 Τούτων
1650 2055 1766 2096 εἵνεκα
1788 2058 1852 2096 οὔκ
1875 2057 2048 2111 ἐνεγράφη
2077 2059 2142 2097 Νι-

322 2165 477 2205 LIBER
506 2166 745 2206 DECIMUS.

59 2271 226 2311 Longone‚
237 2269 395 2311 oppidum
406 2226 636 2312 Siciligfcifius
644 2271 826 2313 oppidanus
833 2273 1049 2315 Longonaeus,

20 2318 149 2350 auctore
164 2316 302 2350 Philisto
317 2316 402 2350 libro
418 2317 556 2351 decimo.

290 2416 442 2458 LIBER
470 2418 783 2460 UNDECIMUS.

63 2529 208 2570 Tyneta,
237 2529 315 2562 urbs
327 2485 525 2563 samnitum3.
530 2484 696 2564 SPhilistus
708 2531 891 2565 undecimo.

64 2628 192 2670 Mystia,
206 2629 285 2662 urbs
311 2585 564 2672 samnitumfge
582 2641 647 2673 qua
654 2632 811 2666 Philistus
824 2633 906 2667 libro
921 2633 1053 2667 undeci-

24 2682 89 2707 mo.
107 2676 235 2717 Incolae,
251 2677 415 2718 Mystiani,
432 2677 482 2711 uti
497 2678 538 2711 ab
553 2679 645 2712 Ostia
663 2681 800 2713 ostiani.

66 2769 200 2811 Nuntia,
221 2770 299 2803 urbs
330 2728 589 2814 Tmhenig,¹de
606 2783 671 2816 qua
683 2775 839 2809 Philistus
852 2776 935 2809 libro
953 2777 1052 2810 unde-

26 2813 110 2848 nimo
124 2819 157 2849 et
173 2817 416 2858 quintodecimo
435 2818 488 2860 [?].

504 2869 568 2902 42.

67 2909 219 2951 Legimus
231 2912 329 2945 etiam
341 2913 428 2955 apud
439 2914 612 2948 Philistum
624 2915 706 2948 libro
719 2916 889 2950 undecimo
898 2926 1052 2960 pompam

29 2957 193 2991 funebrem
207 2959 350 3002 Dionysii
363 2963 460 3003 atque
472 2962 540 3004 rogi
555 2965 718 2996 ornatum.

67 3003 127 3051 Illo
149 3005 260 3039 funere
285 3007 501 3050 splendidiora
518 3009 619 3043 fuisse
637 3010 754 3043 dixerit
780 3011 842 3043 alia
857 3020 953 3044 nemo
964 3035 974 3052 ,
997 3012 1053 3053 qui

28 3049 228 3092 splendorem
245 3063 312 3087 non
324 3055 438 3096 ebore,
453 3065 532 3090 auro
543 3081 552 3097 ‚
569 3067 713 3099 purpura
725 3059 877 3100 metitur,
893 3061 930 3093 ut
956 3060 1053 3092 Phili-

29 3100 116 3140 stus,
129 3101 186 3142 qui
207 3102 356 3144 Dionysii
373 3103 523 3137 decantat
537 3108 568 3138 et
592 3107 702 3147 stupet
724 3107 944 3148 sepulturam,
968 3107 1054 3140 sicut

28 3152 151 3188 magnae
165 3149 328 3190 tragoediae
343 3152 521 3192 tyrannidis
538 3153 696 3187 theatrale
717 3154 881 3187 exodium.

478 3214 596 3225 ⁴0-—

271 3244 425 3285 LIBER
453 3217 803 3288 DUonizCIMUs.

71 3357 215 3397 erastus,
247 3360 325 3393 urbs
341 3361 458 3394 Siciliae
470 3312 673 3404 Sielagiiomm,
687 3365 727 3397 de
742 3373 806 3406 qua
820 3364 978 3397 Philistus
990 3365 1053 3396 Re-

1107 2194 1180 2217 rum
1195 2186 1468 2219 Sieularumlibro
1482 2187 1608 2220 decimo
1621 2187 1726 2220 tertio.
1754 2189 1803 2220 Ex
1826 2188 1888 2220 hac
1899 2189 1968 2220 erat
1992 2187 2143 2229 Epichar-

1106 2242 1182 2266 mus
1191 2234 1360 2276 Comicus,
1373 2236 1406 2267 et
1419 2234 1494 2266 Lais
1506 2235 1671 2274 meretrix,
1688 2235 1773 2267 teste
1788 2235 1936 2268 Neanthe
1953 2234 1988 2266 in
2006 2234 2090 2266 libro
2102 2233 2143 2266 de

1106 2281 1192 2313 Viris
1204 2281 1397 2314 illustribus.
1415 2282 1522 2315 Habet
1538 2282 1610 2315 haec
1632 2282 1710 2315 urbs
1727 2283 1879 2315 mulieres
1896 2282 2141 2324 pulcherrimas,

1107 2331 1239 2362 auctore
1251 2329 1450 2362 Philemone.
1475 2330 1557 2371 Apio
1573 2339 1652 2363 vero
1666 2330 1792 2371 inquit,
1811 2330 1918 2363 solum
1934 2330 2142 2363 Polemonem

1107 2376 1294 2418 tradidisse,
1310 2377 1445 2410 Laidem
1458 2377 1665 2411 Corinthiam
1681 2386 1764 2410 esse.

1512 2464 1733 2479 ⁴000-—

1338 2527 1653 2563 FRAGMENTA
1680 2526 1909 2563 INCERTA.

1592 2607 1656 2640 45.

1153 2669 1350 2703 Dinomenes
1369 2670 1519 2703 Hieronis
1537 2669 1623 2701 filius
1644 2678 1685 2702 ex
1706 2668 1845 2700 Nicoclis
1864 2666 2057 2708 Syracusani
2074 2665 2142 2699 fllia

1108 2719 1217 2757 natus,
1232 2718 1270 2750 ut
1281 2717 1416 2750 tradunt
1426 2717 1582 2750 Philistus
1597 2719 1630 2749 et
1645 2716 1799 2749 Timaeus.

1594 2782 1656 2815 46.

1151 2847 1230 2878 Post
1243 2854 1356 2878 eorum
1369 2845 1526 2883 tumulos,
1540 2844 1596 2885 qui
1610 2844 1651 2875 ad
1684 2842 1878 2876 corinthum
1904 2842 2040 2882 periere,
2054 2841 2142 2873 colu-

1108 2901 1218 2925 mnam
1229 2901 1329 2925 unam
1342 2892 1453 2924 multis
1465 2892 1605 2923 erectam
1619 2899 1702 2929 esse,
1713 2889 1860 2930 inscripti
1875 2889 1956 2930 elegi
1968 2891 2138 2922 testantur.

1109 2941 1177 2972 Hos
1193 2939 1280 2972 enim
1304 2939 1337 2970 in
1355 2939 1491 2977 Euboea,
1509 2938 1582 2970 illos
1598 2937 1632 2969 in
1647 2937 1741 2977 Chio,
1759 2936 1920 2977 quosdam
1934 2937 1967 2969 in
1986 2937 2142 2969 extremis

1109 2986 1306 3019 continentis
1317 2986 1403 3018 Asiae
1414 2985 1547 3024 finibus,
1558 2984 1639 3016 alios
1652 2984 1685 3016 in
1699 2983 1808 3016 Sicilia
1815 2983 1971 3016 cecidisse
1982 2983 2140 3016 indicant.

1109 3035 1217 3066 Duces
1242 3033 1339 3065 etiam
1363 3031 1511 3072 inseripti
1533 3033 1610 3063 sunt
1634 3032 1751 3072 praeter
1789 3031 1932 3071 Niciam;
1965 3033 1997 3063 et
2024 3031 2143 3063 milites

1110 3082 1304 3114 Plataeenses
1340 3088 1406 3111 una
1433 3087 1509 3110 cum
1529 3077 1712 3119 oppidanis.
1745 3077 1870 3110 Niciam
1899 3077 2031 3118 quidem
2045 3077 2142 3109 omis-

1110 3137 1183 3160 sum
1208 3135 1280 3160 esse
1304 3127 1389 3158 hanc
1427 3122 1470 3157 ob
1504 3133 1635 3157 causam
1679 3124 1833 3158 Philistus
1868 3125 2022 3166 prodidit,
2043 3134 2140 3166 quem

1111 3183 1241 3215 sequor.
1263 3172 1382 3214 Scribit
1403 3171 1491 3204 enim
1507 3171 1579 3211 ille,
1596 3172 1848 3205 Demosthenem
1862 3173 1897 3205 in
1911 3172 2076 3205 deditione
2098 3171 2140 3203 sa-

1110 3221 1225 3254 cienda
1262 3228 1297 3252 se
1337 3227 1440 3251 unum
1492 3218 1680 3260 excepisse,
1716 3227 1754 3251 ac
1792 3228 1892 3261 quum
1930 3219 1965 3251 in
1999 3219 2143 3251 hostium

1064 3295 1067 3297 .
1110 3269 1303 3309 potestatem
1316 3266 1470 3306 venisset,
1484 3266 1544 3298 sibi
1560 3265 1621 3307 ipsi
1634 3267 1772 3299 mortem
1780 3267 1981 3300 consciscere
1989 3268 2142 3299 conatum

1111 3323 1196 3354 esse3
1209 3313 1333 3347 Niciam
1354 3322 1432 3346 vero
1457 3313 1543 3352 ultro
1563 3313 1762 3347 deditionem
1787 3314 1923 3355 secisse,
1947 3323 2084 3355 eamque
2100 3314 2144 3346 ob

1112 3371 1181 3395 rem
1197 3370 1316 3395 nomen
1330 3361 1399 3402 ejus
1412 3361 1445 3393 in
1461 3362 1612 3394 columna
1631 3361 1825 3407 inscriptum
1846 3370 1912 3394 non
1928 3370 2015 3402 esse,
2033 3360 2120 3402 quod
2132 3384 2142 3401 ‚
