2320 3684
153 165 2243 298 &QQQQQQQQQQQQQQQ

647 355 1724 518 DEMONIS

819 647 1561 739 FRAGMENTA.

1086 830 1321 848 -m

567 950 737 990 ΑΤΘΙΣ.

188 1132 326 1171 Athen.
350 1133 420 1176 III,
442 1142 502 1177 1,7,
523 1141 561 1179 p.
583 1127 650 1178 96,
669 1130 718 1173 D,
745 1128 795 1164 E:
813 1124 947 1177 Δήμων
964 1125 999 1163 ἐν
1012 1122 1170 1176 τετάρτῳ

134 1191 296 1238 Ἀτθίδος,
320 1208 335 1224 «
347 1186 552 1243 Ἀφείδαντά
569 1201 655 1240 φησι
670 1183 899 1238 βασιλεύοντα
919 1183 1070 1230 Ἀθηνῶν
1091 1183 1172 1222 Θυ-

136 1250 278 1303 μοίτης,
304 1251 322 1288 ὁ
347 1246 513 1300 νεώτερος
535 1243 702 1299 ἀδελφὸς,
732 1243 829 1287 νόθος
855 1242 917 1292 ὢν,
947 1240 1172 1288 ἀποκτείνας,

134 1310 235 1352 αὐτὸς
250 1307 472 1347 ἐὸασίλευσεν
490 1321 498 1329 ·
517 1305 570 1359 ἐφ’
588 1299 627 1343 οῧ
647 1303 828 1347 Μέλανθος
846 1301 1046 1348 Μεσσήνιος
1065 1302 1172 1338 ἐκπε-

127 1368 208 1421 -σὼν
226 1371 288 1414 τῆς
308 1365 494 1420 πατρίδος,
510 1363 659 1418 ἐπήρετο
681 1362 743 1410 τὴν
765 1361 917 1409 Πυθίαν,
942 1360 1028 1399 ὅπου
1050 1374 1172 1397 κατοι-

134 1427 247 1475 κήσει.
269 1425 312 1465 Ἥ
345 1424 381 1463 δὲ
402 1423 488 1478 ἔφη,
520 1421 601 1460 ἔνθα
630 1420 671 1460 ἂν
699 1420 818 1466 ξενίοις
846 1421 984 1472 πρῶτον
1014 1420 1171 1470 τιμηθῇ,

136 1486 216 1530 τοὺς
245 1485 355 1528 πόδας
375 1485 471 1536 αὐτῷ
493 1481 554 1520 καὶ
589 1479 653 1527 τὴν
687 1477 844 1533 κεφαλὴν
876 1478 934 1516 ἐπὶ
968 1480 1018 1529 τῷ
1046 1476 1174 1529 δείπνῳ

136 1544 375 1600 παραθέντων.
405 1541 478 1583 Καὶ
500 1540 594 1580 τοῦτ’
612 1539 748 1592 ἐγένετο
777 1539 872 1591 αὐτῷ
903 1539 938 1575 ἐν
975 1536 1173 1576 Ἐλευσῖνι·

137 1607 206 1644 τῶν
226 1606 360 1658 ἱερειῶν
390 1601 457 1655 γὰρ
475 1598 555 1639 τότε
576 1597 723 1653 πάτριόν
744 1613 822 1636 τινα
848 1595 969 1651 ἑορτὴν
990 1597 1174 1634 ἐπιτελου-

139 1665 223 1712 σῶν,
246 1662 306 1701 καὶ
321 1660 439 1700 πάντα
454 1658 500 1698 τὰ
517 1658 602 1712 κρέα
625 1657 939 1705 κατηναλωκυιῶν,
952 1657 1022 1693 τῶν
1043 1653 1079 1692 δὲ
1102 1668 1173 1691 πο-

139 1724 207 1761 δῶν
234 1721 293 1761 καὶ
322 1723 385 1767 τῆς
414 1720 569 1773 κεφαλῆς
593 1716 794 1756 ὑπολοίπων
823 1714 947 1763 ὄντων,
978 1717 1092 1752 ταῦτα
1123 1714 1174 1766 τῷ

139 1781 316 1834 Μελάνθῳ
336 1778 586 1818 ἀπέστειλαν.»

594 1844 730 1853 “oo—-

261 1874 586 1916 FRAGMENTA
630 1870 871 1958 12NCERTAE
899 1868 1058 1909 SEDIS.

195 1982 333 2022 suidas
349 1995 386 2020 v.
404 1978 684 2034 Τριτοπάτορες;
702 1975 834 2028 Δήμων
849 1977 884 2013 ἐν
903 1978 948 2028 τῇ
966 1973 1092 2014 Ἀτθίδι
1108 1987 1176 2028 φη-

143 2042 212 2091 σὶν,
232 2039 381 2093 ἀνέμους
396 2033 490 2078 εἶναι
507 2037 586 2082 τοὺς
604 2040 638 2078 Τ
641 2037 881 2092 ριτοπάτορας.

197 2148 392 2187 Plutarch.
414 2148 527 2185 Thes.
566 2160 611 2195 19
631 2161 638 2182 :
658 2143 790 2195 Δήμων
811 2142 847 2181 δὲ
872 2142 932 2181 καὶ
956 2141 1014 2180 τὸν
1037 2142 1179 2194 Ταῦρον

145 2205 370 2261 ἀναιρεθῆναί
385 2220 472 2260 φησι
490 2204 548 2243 τὸν
568 2207 630 2242 τοῦ
653 2202 757 2242 Μίνω
778 2200 987 2256 στρατηγὸν,
1005 2201 1040 2238 ἐν
1059 2201 1110 2253 τῷ
1126 2200 1180 2237 λι-

148 2266 228 2318 μένι
242 2267 569 2317 διαναυμαχοῦντα,
589 2265 650 2301 τοῦ
671 2260 822 2309 Θησέως
842 2259 1057 2302 ἐκπλέοντος.

1721 934 1758 974 4.

1280 1013 1470 1054 Plutarch.
1481 1012 1592 1050 Thes.
1610 1012 1659 1049 23
1674 1025 1682 1048 :
1703 1008 1845 1062 Ἄγουσι
1855 1008 1892 1048 δὲ
1907 1010 1966 1048 καὶ
1982 1009 2045 1058 τὴν
2060 1014 2130 1051 τῶν
2145 1014 2260 1066 ὠσχο-

1228 1074 1356 1128 φορίων
1375 1071 1509 1126 ἑορτὴν,
1525 1069 1675 1118 Θησέως
1686 1069 1982 1116 καταστήσαντος.
2003 1072 2057 1109 Οὐ
2076 1071 2143 1126 γὰρ
2166 1071 2260 1111 ἆπᾶ·

1229 1149 1293 1177 σας
1311 1131 1413 1171 αὐτὸν
1435 1130 1615 1181 ἐξαγαγεῖν
1643 1127 1706 1171 τὰς
1739 1126 1918 1180 λαχούσας
1947 1128 2026 1167 τότε
2049 1129 2259 1183 παρθένους,

1230 1191 1322 1231 ἀλλὰ
1351 1193 1421 1229 τῶν
1454 1188 1613 1236 συνήθων
1644 1186 1836 1225 νεανίσκων
1860 1185 1919 1224 δύο
1953 1188 2158 1242 θηλυφανεῖς
2195 1187 2259 1241 μὲν

1229 1253 1378 1305 ὀφθῆναι
1415 1247 1477 1288 καὶ
1498 1245 1658 1300 νεαροὺς,
1697 1244 1881 1298 ἀνδρώδεις
1907 1244 1944 1283 δὲ
1971 1244 2033 1290 τὰς
2053 1246 2167 1300 ψυχὰς
2201 1246 2262 1287 καὶ

1230 1307 1448 1363 προθύμους,
1479 1307 1636 1359 λουτροῖς
1665 1320 1704 1342 τε
1738 1307 1874 1357 θερμοῖς
1909 1303 1968 1342 καὶ
2003 1306 2263 1360 σκιατραφίαις,

1230 1367 1290 1406 καὶ
1314 1373 1389 1410 ταῖς
1413 1363 1494 1419 περὶ
1521 1363 1585 1411 τὴν
1617 1362 1730 1415 κόμην
1758 1363 1817 1401 καὶ
1850 1362 2015 1410 λειότητα
2047 1367 2107 1404 καὶ
2140 1364 2263 1420 χροιὰν

1231 1428 1392 1479 ἀλοιφαῖς
1414 1424 1474 1463 καὶ
1498 1422 1712 1474 κοσμήσεσιν
1731 1420 1778 1465 ὥς
1796 1423 1889 1460 ἐστιν
1907 1421 2142 1468 ἐξαλλάξαντα
2162 1439 2267 1475 κομι-

1232 1487 1295 1533 δῆ,
1314 1486 1373 1522 καὶ
1395 1482 1581 1528 διδάξαντα
1601 1481 1719 1536 φωνὴν
1743 1481 1806 1519 καὶ
1827 1484 1952 1533 σχῆμα
1974 1482 2034 1521 καὶ
2059 1481 2195 1535 βάδισιν
2219 1485 2266 1528 ὡς

1232 1543 1282 1582 ἔνι
1303 1543 1459 1595 μάλιστα
1472 1540 1654 1595 παρθένοις
1673 1543 1878 1592 ὁμοιοῦσθαι
1893 1571 1903 1589 ,
1932 1540 1992 1580 καὶ
2017 1540 2126 1592 μηδὲν
2147 1541 2264 1595 φαίνε-

1233 1606 1313 1641 σθαι
1350 1599 1595 1655 διαφέροντας,
1621 1598 1787 1650 ἐμὸαλεῖν
1818 1600 1865 1643 εἷς
1894 1598 1952 1637 τὸν
1984 1601 2054 1638 τῶν
2086 1599 2266 1652 παρθένων

1234 1659 1396 1715 ἀριθμὸν,
1416 1659 1476 1699 καὶ
1497 1659 1671 1697 διαλαθεῖν
1697 1657 1865 1701 ἅπαντας.
1884 1657 1986 1697 Ἐπεὶ
2004 1656 2040 1696 δὲ
2059 1659 2267 1708 ἐπανῆλθεν,

1233 1720 1335 1760 αὐτόν
1356 1737 1394 1760 τε
1428 1722 1633 1771 πομπεῦσαι
1656 1718 1715 1756 καὶ
1746 1717 1825 1763 τοὺς
1846 1718 2047 1764 νεανίσκους
2074 1718 2182 1763 οὕτως
2201 1721 2269 1771 ἀμ·-

1234 1779 1471 1833 πεχομένους,
1491 1781 1537 1822 ὡς
1558 1781 1618 1816 νῦν
1645 1775 1868 1830 ἀμπέχονται
1896 1777 1974 1821 τοὺς
1993 1777 2131 1831 ὠσχοὺς
2148 1777 2270 1833 φέρον-

1239 1856 1305 1884 τες.
1321 1838 1478 1892 Φέρουσι
1500 1836 1549 1886 δὲ,
1561 1835 1720 1890 Διονύσῳ
1746 1834 1806 1874 καὶ
1833 1835 1992 1889 Ἀριάδνῃ
2019 1836 2269 1891 χαριζόμενοι,

1236 1898 1292 1938 διὰ
1309 1899 1367 1937 τὸν
1386 1901 1508 1950 μῦθον,
1527 1895 1549 1943 ἢ
1569 1897 1718 1948 μᾶλλον,
1739 1893 1792 1933 ὅτι
1813 1895 2113 1947 συγκομιζομένης
2131 1895 2272 1950 ὀπώρας

1236 1959 1443 2004 ἐπανῆλθον.
1466 1957 1511 1995 Αἱ
1531 1953 1567 1993 δὲ
1595 1953 1815 2008 δειπνοφόροι
1833 1953 2188 2007 παραλαμὸοίνονται,
2211 1954 2272 1993 καὶ

1236 2021 1441 2058 κοινωνοῦσι
1460 2019 1523 2063 τῆς
1540 2015 1662 2059 θυσίας
1678 2045 1688 2063 ,
1720 2013 2008 2066 ἀπομιμούμεναι
2033 2013 2094 2058 τὰς
2121 2014 2272 2069 μητέρας

1238 2077 1379 2117 ἐκείνων
1391 2078 1460 2114 τῶν
1479 2074 1662 2128 λαχόντων
1676 2073 1883 2128 (ἐπεφοίτων
1903 2073 1972 2127 γὰρ
1989 2075 2104 2117 αὐτοῖς
2122 2073 2192 2128 ὄψα
2212 2074 2274 2113 καὶ

1239 2139 1333 2177 σιτία
1349 2135 1585 2188 κομίζουσαι),
1603 2133 1661 2172 καὶ
1674 2136 1777 2184 μῦθοι
1792 2133 1972 2184 λέγονται,
1987 2131 2044 2171 διὰ
2057 2133 2097 2171 τὸ
2111 2133 2276 2177 κάκείνας

1241 2197 1406 2249 εὐθυμίας
1429 2195 1541 2234 ἕνεκεν
1563 2194 1623 2234 καὶ
1642 2193 1862 2247 παρηγορίας
1882 2192 2008 2244 μύθους
2028 2191 2186 2237 διεξιέναι
2204 2198 2276 2236 τοῖς

1241 2256 1356 2296 παισί.
1377 2257 1502 2295 Ταῦτα
1521 2253 1584 2306 μὲν
1605 2247 1662 2291 οῦν
1683 2253 1742 2291 καὶ
1759 2252 1891 2303 Δήμων
1906 2251 2101 2305 ἱστόρηκεν.

147 2347 2268 2372 ——-—-—-——-——---——-—---———-—--—-—--—-

279 2477 421 2518 LIBRI
450 2416 1060 2524 QUARTllr'RAGMENTUM.

193 2539 316 2570 Demon
330 2537 448 2577 quarto
466 2534 549 2565 libro
572 2535 692 2565 Rerum
716 2530 895 2562 Atticarum
911 2529 1045 2561 scribit:
1065 2540 1080 2556 α
1094 2525 1189 2568 Aphi-

151 2585 303 2625 dantem,
322 2581 569 2616 Atheniensium
594 2587 719 2620 regem,
737 2577 848 2617 junior
869 2576 966 2608 frater
983 2576 1187 2616 Thymoetes,

152 2634 210 2676 qui
226 2632 356 2675 spurius
370 2631 441 2664 erat
450 2654 459 2670 ‚
472 2628 635 2662 interfecit
649 2629 679 2659 et
692 2635 826 2667 regnum
838 2625 907 2666 ipse
919 2623 1101 2665 occupavit.
1118 2625 1191 2660 Quo

161 2681 316 2722 regnante
331 2678 516 2712 Melanthus
538 2675 718 2709 Messenius
729 2698 738 2714 ,
775 2673 879 2714 patria
895 2672 1022 2712 pulsus,
1039 2668 1192 2711 quaesivit

155 2738 173 2761 e
187 2728 315 2769 Pythia,
328 2734 472 2768 quonam
495 2723 675 2757 habitatum
696 2720 897 2754 concederet.
922 2717 1102 2759 Respondit
1117 2715 1189 2754 illa,

155 2775 215 2808 ubi
233 2777 396 2816 primum
407 2781 476 2815 pro
488 2770 651 2813 hospitali
670 2776 813 2801 munere
829 2766 933 2808 pedes
955 2767 990 2797 et
1001 2765 1105 2805 caput
1127 2764 1191 2803 ipsi

157 2823 194 2853 tn
210 2830 345 2854 coenam
359 2821 627 2862 apponerentur.
648 2816 686 2849 Id
701 2818 811 2848 autem
837 2813 867 2846 ei
886 2812 1003 2845 accidit
1017 2810 1167 2844 Eleusine
1184 2819 1192 2841 :

159 2876 259 2909 quum
285 2868 372 2900 enim
400 2866 444 2899 ibi
465 2865 593 2899 feminae
609 2863 791 2897 sacerdotes
807 2861 926 2893 festum
946 2859 1085 2900 aliquem
1106 2857 1193 2889 diem

161 2915 267 2956 patrio
284 2923 375 2947 more
394 2913 601 2952 celebrarent,
619 2918 797 2951 omnesque
815 2916 927 2940 carnes
946 2905 1192 2945 absumsissent,

162 2963 195 2993 et
213 2962 293 2993 nihil
313 2962 374 2993 nisi
387 2961 485 3002 pedes
501 2962 534 2993 et
549 2962 646 3001 caput
661 2958 823 2998 reliquum
846 2956 944 2995 esset,
964 2954 1034 2985 haec
1049 2952 1113 2984 illae
1128 2953 1193 2984 Me-

165 3008 274 3040 lantho
290 3009 460 3041 miserunt.
472 3022 487 3036 n

594 3057 793 3071 *OQ——

292 3102 615 3141 FRAGMENTA
642 3099 884 3140 INCERTAE
915 3096 1070 3136 SEDIS.

210 3181 334 3239 Demon
349 3206 380 3237 in
397 3207 527 3238 Atthide
542 3206 630 3245 dicit,
645 3161 864 3245 T2ritopatores
881 3211 958 3236 esse
973 3203 1099 3234 ventos.

666 3256 700 3287 3.

212 3301 313 3331 Demo
326 3300 370 3331 ait
381 3301 523 3331 Taurum
539 3299 655 3331 Minois
668 3299 783 3331 ducem
797 3297 972 3329 commisso
985 3305 1060 3328 cum
1067 3295 1200 3333 Theseo,

171 3346 229 3424 gg
245 3346 383 3379 solveret
411 3355 428 3379 e
449 3348 563 3387 portu,
586 3346 698 3387 proelio
719 3345 826 3378 navali
844 3344 885 3376 ab
907 3344 969 3376 hoc
997 3342 1201 3375 intersectum

225 3400 253 3424 e.

1747 2403 1783 2436 4.

1292 2492 1441 2524 Solemne
1455 2489 1619 2522 celebrant
1629 2486 1927 2528 oschophoriorum
1939 2495 1978 2518 ex
1992 2486 2105 2519 Thesei
2116 2486 2276 2527 instituto;

1249 2548 1354 2580 neque
1370 2539 1456 2570 enim
1476 2545 1589 2568 omnes
1606 2544 1679 2568 eum
1700 2537 1786 2567 sorte
1801 2534 1900 2566 lectas
1921 2533 2061 2574 virgines
2077 2533 2184 2566 ferunt
2205 2534 2279 2566 edu-

1251 2587 1340 2619 xisse
1353 2610 1362 2625 ,
1378 2585 1435 2618 sed
1451 2584 1624 2616 familiares
1646 2582 1863 2614 adolescentes
1881 2581 1964 2613 duos
1981 2590 1989 2612 :
2007 2590 2162 2622 quorum,
2177 2590 2278 2622 quum

1250 2632 1399 2665 muliebri
1415 2631 1547 2672 quidem
1564 2629 1658 2662 vultu
1671 2631 1703 2661 et
1721 2629 1865 2667 florente,
1883 2628 1938 2660 sed
1958 2627 2097 2660 fortibus
2110 2627 2214 2661 forent
2226 2637 2280 2670 pe-

1251 2681 1394 2713 ctoribus
1404 2682 1435 2711 et
1451 2677 1590 2719 impigri,
1601 2676 1748 2715 thermis,
1761 2675 1923 2707 umbratili
1935 2674 2014 2714 vita,
2023 2677 2054 2707 et
2069 2684 2170 2707 comae
2185 2675 2280 2708 laevo-

1253 2727 1296 2759 ris
1312 2725 1492 2765 colorisque
1507 2732 1622 2756 caussa
1638 2721 1845 2755 unctionibus
1862 2723 1959 2759 atque
1974 2721 2281 2763 comptu,impense

1252 2775 1436 2806 mutaverat
1458 2771 1598 2813 speciem
1619 2771 1652 2803 et
1666 2770 1803 2801 finxerat
1818 2776 1948 2807 vocem,
1975 2770 2102 2808 gestum
2124 2771 2156 2801 et
2178 2771 2280 2803 inces-

1253 2831 1346 2861 sum,
1364 2822 1402 2854 ut
1423 2829 1522 2861 quam
1545 2818 1686 2851 maxime
1705 2817 1847 2858 virgines
1867 2818 2150 2857 repraesentarent,
2174 2826 2281 2859 neque,

1254 2876 1392 2909 usquam
1416 2866 1604 2898 viderentur
1623 2863 1664 2896 ab
1689 2863 1729 2895 iis
1754 2862 1950 2903 discrepare;
1973 2862 2032 2893 hos
2058 2862 2233 2896 inseruisse
2246 2863 2282 2896 in

1253 2914 1415 2955 virginum
1437 2920 1610 2944 numerum
1628 2934 1637 2950 ‚
1664 2912 1760 2950 atque
1781 2917 1894 2940 omnes
1921 2908 2089 2949 fefellisse3
2108 2912 2280 2951 postquam

1253 2962 1356 2994 redux
1367 2960 1474 2999 suerit,
1486 2961 1518 2992 et
1526 2959 1618 2991 illum
1630 2959 1663 2990 et
1669 2956 1889 2989 adolescentes
1902 2955 1975 2987 illos
1982 2965 2134 2997 pompam
2147 2957 2281 2990 duxisse

1254 3018 1292 3042 eo
1307 3017 1372 3049 quo
1387 3015 1474 3039 nunc
1485 3006 1679 3038 amiciantur
1695 3003 1798 3041 cultu,
1817 3003 1873 3043 qui
1888 3003 2038 3044 palmites
2053 3012 2128 3035 cum
2145 3005 2280 3037 racemis

1255 3057 1370 3089 ferant.
1391 3056 1458 3087 Hos
1475 3054 1582 3086 ferunt
1594 3052 1626 3083 in
1643 3050 1752 3083 Liberi
1768 3051 1868 3091 patris
1886 3051 1918 3081 et
1941 3050 2089 3082 Ariadnae
2107 3051 2279 3093 honorem,

1255 3105 1385 3146 propter
1396 3102 1552 3134 fabulam:
1565 3103 1620 3132 aut
1634 3099 1741 3140 potius
1754 3097 1842 3138 quod
1854 3106 1891 3129 ea
1900 3098 2090 3137 tempestate
2099 3097 2281 3137 rediissent,

1257 3160 1322 3192 qua
1339 3149 1531 3190 colliguntur
1555 3155 1662 3188 poma.
1683 3146 1764 3182 Quae
1779 3152 1904 3175 coenam
1922 3144 2028 3175 serunt
2047 3144 2174 3176 seminae
2185 3169 2194 3185 ,
2210 3145 2281 3177 Dei-

1259 3198 1434 3240 pnophorae
1455 3195 1570 3234 dictae,
1592 3193 1747 3225 assistunt
1764 3194 1796 3223 et
1818 3191 2009 3223 adhibentur
2024 3190 2197 3231 sacrificio,
2214 3191 2282 3224 illo-

1259 3252 1396 3285 rumque
1415 3244 1603 3275 sortitorum
1622 3242 1743 3271 matres
1765 3240 1888 3278 agunt:
1909 3239 2118 3281 portaverunt
2136 3238 2221 3270 enim
2242 3238 2282 3270 iis

1259 3291 1394 3324 obsonia
1413 3292 1445 3322 et
1465 3288 1587 3330 epulas.
1605 3286 1736 3319 Fabulae
1756 3287 1864 3316 autem
1884 3285 2075 3323 narrantur,
2091 3293 2130 3316 eo
2145 3285 2233 3325 quod
2250 3285 2283 3318 et

1261 3338 1323 3370 illae
1341 3334 1479 3369 leniendi
1496 3334 1613 3366 liberos
1628 3335 1660 3365 et
1675 3331 1815 3372 erigendi
1832 3339 1963 3369 caussa,
1980 3330 2104 3362 fabulas
2116 3330 2156 3363 iis
2171 3331 2283 3364 recita-

1266 3384 1381 3418 verint.
1398 3385 1504 3423 Atque
1519 3382 1589 3414 haec
1601 3382 1726 3413 Demon
1743 3387 1872 3420 quoque
1886 3377 2038 3419 prodidit,
