2320 3684
865 140 920 178 IN
951 140 1173 180 MARMOR
1203 141 1415 181 PARIUM.

2126 152 2200 186 563

96 221 283 270 ποιηκότος
314 223 360 266 εἷς
389 221 470 266 τοὺς
502 222 597 267 θεοὺς
628 223 707 267 τοὺς
735 223 885 276 νόμους·
918 221 1014 270 οὗτος
1055 225 1122 279 γὰρ
1189 229 1370 279 Α1)011011.
1403 229 1532 276 Rh.1‚
1559 242 1676 280 1129,
1711 228 1777 267 ubi
1801 237 1949 268 servata
1979 239 2066 269 sunt
2091 230 2168 270 haec
2194 248 2202 269 ε

96 281 245 321 παιδικὰ
265 280 445 332 γενόμενος
463 280 654 335 Μαρσύου,
674 282 734 321 καὶ
753 282 816 330 τὴν
836 282 982 330 αὔλησιν
1001 283 1120 335 μαθὼν

96 340 183 393 παρ’
205 340 328 386 αὐτοῦ,
362 339 441 383 τους
446 338 588 400 mvo'pouc
611 339 690 384 τους
715 340 920 396 ἁρμονικους
941 342 1119 394 ἐξήνεγκεν

95 400 143 442 εἷς
157 397 221 445 τὴν
240 396 413 447 εΕλλάδα,
433 401 482 442 οῖς
500 414 557 436 νυν
577 401 734 452 χρῶνται
751 402 782 438 οἱ
797 399 848 439 Γ
851 402 973 447 λληνες
992 402 1027 439 ἓν
1047 407 1122 445 ταῖς

96 458 233 510 ἑορταῖς
250 459 319 495 τῶν
336 459 433 496 θεῶν.
448 457 598 496 Fabric.
615 457 710 496 Bibl.
727 463 794 497 Gr.
814 467 903 496 tom.
920 462 955 506 Ι,
973 473 1009 510 p.
1034 460 1119 497 135.

147 517 425 568 Quadrigarum
446 516 616 555 inventio
638 517 778 556 Euseb.
803 531 847 555 ex
869 522 1023 558 Pontac.
1043 520 1120 556 col-

95 575 198 613 locat
225 576 273 614 ad
295 589 437 614 annum
459 590 519 624 17,
550 576 691 614 Euseb.
718 590 766 614 ex
787 578 884 615 Scal.
907 577 954 615 ad
976 591 1118 615 annum

100 639 144 678 14
163 635 417 673 Erichthonii.
436 634 577 672 Eodem
592 648 711 684 anno,
728 649 805 687 quo
821 639 961 674 Noster
974 640 1120 686 Magnae

94 694 227 731 matris
248 694 494 732 simulacrum
512 694 712 732 inventum
735 708 815 732 esse
839 694 954 743 dicit,
977 693 1117 732 Euseb.

93 756 195 790 Arm.
232 754 345 804 ponit
377 753 611 791 Dardaniam
643 767 665 791 a
698 754 880 791 Dardano
909 753 1117 791 conditam.

94 812 207 856 Quod
229 811 317 850 ideo
344 825 504 858 moneo,
529 813 619 862 quia
653 812 855 850 Dardanus
878 813 1023 848 cultum
1043 814 1120 861 Cy-

93 869 196 908 beles
219 871 445 921 Dardaniae,
470 884 557 908 cum
582 871 821 908 Pessinuntia
843 870 1049 921 saepissime
1069 869 1117 907 ab

92 930 317 968 auctoribus
340 931 507 968 confusae
529 929 582 981 (v.
603 931 793 968 Welcker.
813 930 957 981 Trilog.
980 944 1016 980 p.
1043 943 1112 967 201

92 989 191 1040 sqq.)
202 1018 213 1038 ,
233 989 442 1027 instituisse
459 989 610 1027 dicitur.

145 1049 324 1087 Ceterum
360 1042 479 1098 quum
513 1050 583 1084 hac
624 1049 773 1099 epocha
807 1047 912 1085 nomi
943 1047 1119 1085 Bacchici

91 1116 374 1155 memorentur,
403 1121 537 1146 verum
565 1121 625 1158 ep.
656 1121 692 1155 7,
722 1121 808 1158 quae
836 1106 884 1144 ab
915 1116 1045 1144 nostra
1073 1108 1116 1145 13

90 1167 148 1204 vel
171 1172 214 1212 14
238 1175 385 1204 tantum
401 1167 509 1205 annis
525 1166 656 1212 dissita
676 1174 751 1214 est,
770 1166 923 1213 Cadmi,
943 1166 1010 1216 qui
1026 1179 1120 1204 avus

90 1233 174 1263 erat
193 1226 351 1274 Bacchi,
370 1238 529 1276 regnum
549 1233 715 1272 notetur,
736 1225 962 1275 intelligitur
978 1238 1056 1261 non
1072 1237 1119 1262 ex

90 1297 168 1320 uno
198 1284 409 1334 eodemque
441 1283 545 1321 fonte
569 1283 649 1321 haec
668 1297 689 1320 a
714 1286 859 1321 Nostro
884 1282 1004 1334 petita
1024 1295 1117 1321 esse.

90 1342 275 1380 Similiter
289 1343 401 1379 etiam
420 1355 482 1392 ep.
504 1343 527 1378 6
545 1350 581 1379 et
602 1355 646 1378 10
660 1354 708 1379 ex
722 1340 880 1378 diversis
897 1339 1119 1378 auctoribus

91 1400 348 1451 depromsisse
369 1400 533 1438 videtur.
556 1400 627 1437 Vix
648 1400 751 1437 enim
773 1403 956 1438 Nostrum
974 1399 1028 1437 ita
1048 1398 1118 1436 de-

90 1459 244 1497 fendere
262 1460 451 1509 volueris,
473 1467 514 1496 ut
532 1472 619 1496 eum
645 1459 845 1510 reliquisse
870 1467 1013 1497 statuas
1032 1459 1120 1496 vul-

90 1532 220 1570 garem
250 1520 407 1557 Graeciae
435 1518 704 1566 traditionem,
739 1532 824 1569 quae
859 1517 1051 1555 Bacchum
1071 1518 1119 1555 fi-

88 1578 183 1616 lium
209 1579 353 1616 faceret
369 1578 548 1625 Semele53
563 1590 795 1627 quamquam
814 1576 1044 1627 fueruntqui
1057 1577 1118 1614 dei

88 1645 248 1674 matrem
270 1636 440 1674 dicerent
469 1644 533 1673 aut
565 1638 742 1673 Cererem
762 1643 829 1672 aut
850 1635 1117 1685 Proserpinam

51 1715 57 1723 =
88 1695 275 1749 (Diodor.
311 1699 388 1740 ΙΙΙ,
409 1695 472 1742 62,
490 1696 554 1743 67,
584 1695 661 1744 74).
692 1694 816 1745 Major
847 1695 961 1732 etiam
995 1694 1119 1733 diver-

87 1756 178 1793 sitas
200 1763 257 1793 est
283 1754 331 1792 de
353 1755 463 1792 Panis
483 1753 728 1805 parentibus,
745 1767 861 1804 quem
880 1757 1022 1791 Noster
1040 1767 1115 1791 non

86 1815 217 1866 potuit
248 1815 449 1864 Penelopae
494 1826 543 1850 ex
587 1812 783 1850 Mercurio
816 1812 936 1850 filium
974 1812 1118 1850 habere

87 1873 296 1924 (Herodot.
314 1875 371 1918 11,
393 1872 484 1919 145,
506 1871 634 1910 Schol.
648 1871 808 1908 Theocr.
829 1874 865 1918 I,
890 1872 982 1918 123,
1007 1873 1116 1909 Serv.

87 1932 135 1969 ad
150 1932 256 1982 Virg.
286 1934 374 1968 AEn.
392 1933 441 1978 ΙΙ,
462 1930 547 1980 43);
569 1943 651 1980 quse
671 1930 890 1980 genealogia
912 1929 961 1967 ab
981 1930 1117 1968 Atticis

86 1989 308 2028 auctoribus
336 1990 448 2041 plane
476 1989 606 2040 respui
628 1988 772 2026 debuit.
799 1989 868 2026 His
890 1989 970 2026 sine
997 1988 1117 2027 dubio

87 2053 163 2087 Pan
197 2049 267 2086 fuit
288 2063 336 2086 ex
357 2048 552 2086 Mercurio
596 2056 635 2085 et
684 2047 855 2097 Dryopis
891 2048 968 2085 filia
1011 2056 1118 2085 ortus

89 2106 252 2157 (Hymn.
289 2108 329 2144 in
361 2110 449 2144 Pan.
488 2119 522 2143 v.
555 2107 603 2144 36
619 2105 645 2157 ).
692 2106 797 2142 Alios
836 2105 898 2143 dei
939 2114 1117 2157 parentes

86 2167 159 2205 vid.
193 2181 255 2218 ap.
284 2167 413 2206 Schol.
431 2166 622 2205 Theocrit.
643 2168 683 2213 I,
702 2166 745 2214 3,
761 2165 994 2216 Apollod.1,
1015 2171 1057 2214 4,
1083 2180 1116 2204 1.

369 2258 507 2307 Epoclz.
535 2271 549 2293 1
562 2271 597 2307 1,
616 2268 670 2294 vs.
688 2257 824 2293 21-23.
984 2271 1002 2282 ·

137 2343 201 2378 Vs.
218 2354 279 2378 21.
294 2338 478 2393 πρ[ο’τερος
494 2339 661 2387 Boeckh.,
674 2339 788 2389 vulgo
804 2339 952 2391 πρῶτος.
974 2337 1117 2392 Κρήτης

85 2399 233 2437 addidit
252 2399 475 2437 Palmerius.

135 2461 201 2495 Vs.
241 2470 303 2494 22.
345 2455 526 2494 Dubitari
562 2463 689 2506 potest
718 2468 811 2492 num
843 2467 892 2492 ex
924 2455 1045 2493 literis
1075 2456 1116 2493 in

83 2519 274 2553 Marmore
324 2514 596 2566 superstitibus
631 2512 816 2552 Κυδωνίαν
851 2514 1117 2564 retingendum

82 2576 159 2626 sit,
183 2588 229 2612 an
268 2572 517 2613 Ἀπολλωνίαν.
535 2576 631 2611 Nam
663 2572 794 2609 eadem
824 2571 917 2609 urbs
947 2573 1115 2624 primum

83 2634 273 2685 appellata
300 2641 358 2670 est
380 2631 583 2683 Apollonia
600 2661 610 2679 ,
635 2639 771 2682 postea
808 2644 901 2668 vero
939 2645 959 2668 a
983 2632 1114 2682 Cydo-

82 2706 151 2740 ne,
172 2691 362 2742 Apollinis
381 2704 428 2728 ex
445 2690 639 2736 Acallide,
657 2690 798 2727 Minois
824 2690 922 2736 filia,
941 2690 1115 2739 Cydonia

83 2750 395 2788 transnominata.
404 2750 464 2788 Sic
474 2748 628 2799 quidem
640 2748 766 2785 fabula
780 2748 892 2786 refert
901 2764 910 2796 3
919 2748 982 2785 sed
993 2749 1114 2786 histo—

82 2810 140 2847 ria
159 2809 343 2847 docemur
363 2809 413 2860 (v.
431 2809 562 2846 Hoeck.
594 2809 694 2846 Cret.
712 2810 743 2855 I,
762 2820 799 2857 p.
822 2808 885 2858 23)
903 2808 1112 2857 Cydoniam

83 2869 184 2906 circa
213 2869 367 2918 Olymp.
399 2869 448 2911 64
482 2881 503 2905 a
537 2866 673 2905 Samiis
701 2880 783 2904 esse
817 2867 1024 2906 conditam.
1055 2871 1113 2906 Ex

81 2926 142 2963 his
181 2926 302 2977 igitur
335 2934 534 2977 praestaret
573 2925 741 2963 scribere
779 2924 1028 2963 Ἀπολλωνίαν.
1063 2929 1112 2964 Α1

83 2993 185 3022 recte
226 2984 475 3021 Prideauxius
521 2998 528 3020 :
578 3001 595 3017 «
621 2987 750 3031 Quum
793 2984 1111 3035 chronographus

82 3052 214 3081 noster
246 3043 402 3080 nomina
430 3043 544 3090 locis,
582 3042 714 3080 habita
750 3042 799 3080 ad
830 3056 898 3080 sua
936 3051 1110 3094 tempora

82 3103 254 3149 ratione,
287 3102 480 3151 imponat,
509 3110 547 3139 et
575 3102 792 3152 Apolloniae
826 3114 964 3138 nomen
998 3102 1110 3153 longe

83 3162 190 3212 prius
219 3174 334 3210 quam
363 3161 437 3198 hoc
467 3164 639 3198 Marmor
667 3168 865 3198 exaratum
903 3161 999 3206 fuit,
1034 3174 1108 3198 an-

83 3221 270 3269 tiquatum
307 3227 428 3266 esset,
467 3218 648 3257 Κυδωνίαν
685 3219 814 3270 potius
850 3218 1109 3269 (1112111Ἀπολ

82 3277 207 3315 λωνίαν
243 3277 282 3314 111
331 3278 504 3314 lacunam
539 3278 708 3315 insero.»
746 3278 928 3314 Acmonis
965 3277 1105 3326 dactyli

82 3348 222 3374 nomen
246 3336 396 3374 Boeckh.
415 3335 564 3373 addidit
578 3350 626 3374 ex
645 3336 864 3375 Phoronide
885 3350 945 3387 ap.
978 3337 1105 3374 Schol.

1222 313 1336 353 Κέλμις
1345 337 1354 353 ,
1372 314 1589 354 Δαμναμενεύς
1601 324 1636 346 τε
1652 314 1746 354 μέγας
1758 314 1811 346 καὶ
1825 315 1967 358 ὑπέρὸιος
1982 315 2119 356 Ἄκμων,

1221 359 1392 400 εὐπάλαμοι
1411 360 1590 402 θεράποντες
1605 361 1706 403 ὀρείης
1720 361 1911 404 Ἀδρηστείης
1923 387 1933 403 ,

1221 407 1250 437 οἳ
1266 409 1383 448 πρῶτοι
1396 407 1506 448 τέχνην
1516 408 1704 448 πολυμήτιος
1717 408 1900 449 Ἡφαιστοῖο

1222 451 1308 494 εὗρον
1322 453 1353 484 ἐν
1366 453 1502 495 οὐρείῃσι
1518 453 1628 490 νάπαις
1638 478 1648 494 ,
1666 454 1768 486 ἰόεντα
1784 454 1910 497 σίδηρον

1221 502 1264 538 εἰς
1276 504 1337 544 πῦρ
1348 502 1494 543 ἤνεγκαν,
1511 504 1564 534 καὶ
1580 502 1743 546 ἀριπρεπὲς
1757 503 1846 547 ἔργον
1865 504 1994 541 ἔδειξαν.

1232 583 1291 617 De
1325 581 1416 618 ferri
1451 581 1672 619 inventione
1703 596 1740 620 v.
1775 583 1915 621 Strabo
1948 586 2006 631 X,
2055 586 2075 622 3
2095 614 2105 633 ,
2140 598 2203 631 22,

1178 638 1273 675 Ρ1111.
1290 641 1336 676 H.
1353 640 1398 678 N.
1415 643 1512 688 VII,
1530 640 1592 688 57,
1609 641 1684 678 alii.
1700 644 1758 678 De
1772 642 1944 692 Dactylis
1959 642 2069 680 Idaeis
2086 644 2206 682 multa

1178 695 1270 733 dant
1284 698 1414 735 Hoeck.
1430 701 1532 736 Cret.
1546 699 1575 743 1,
1591 712 1627 750 p.
1652 713 1741 749 279,
1754 714 1792 750 p.
1809 703 1885 750 319
1917 714 2018 752 sqq.‚
2039 702 2204 740 Lobeck.

1177 755 1428 805 Aglaopham.
1456 759 1511 803 ΙΙ,
1543 770 1579 807 p.
1605 757 1704 795 1156
1735 771 1833 810 sqq.‚
1852 761 2039 799 Welcker.
2061 762 2203 812 Trilog.

1179 825 1216 862 p.
1238 814 1310 850 168
1331 827 1431 863 sqq.‚
1455 820 1525 860 174
1547 828 1630 866 sqq.

1232 873 1361 918 Quum
1387 872 1426 909 in
1450 872 1521 909 hac
1540 874 1689 924 epocha
1707 876 1862 914 nonnisi
1882 877 2087 915 Pandionis
2106 879 2206 930 regis

1178 942 1317 967 nomen
1352 931 1392 967 111
1428 934 1622 970 Marmore
1651 934 1802 984 legatur
1815 965 1825 983 ,
1859 948 1992 974 verum
2024 950 2205 975 numerus

1179 1001 1338 1039 prorsus
1362 990 1411 1028 sit
1434 990 1683 1037 obliteratus,
1705 1006 1826 1032 annus
1850 1008 1870 1032 a
1895 998 2034 1034 Nostro
2059 997 2205 1046 positus

1178 1047 1400 1098 conjectura
1421 1048 1612 1087 eruendus
1629 1059 1700 1088 est.

1231 1110 1275 1145 In
1300 1106 1441 1145 Chron.
1461 1107 1599 1146 Euseb.
1619 1122 1657 1159 p.
1681 1122 1742 1155 27,
1760 1117 1798 1146 et
1818 1110 1856 1147 in
1875 1112 2053 1150 verSIOne
2075 1118 2205 1152 Arme-

1178 1166 1285 1203 niaca
1311 1179 1349 1216 p.
1383 1166 1454 1204 135
1475 1167 1581 1214 Mai„
1610 1167 1701 1204 ferri
1723 1168 1891 1206 inventio
1914 1183 1990 1207 non
2010 1171 2080 1208 sub
2102 1175 2204 1210 Pan-

1179 1223 1293 1262 dione
1307 1224 1404 1262 sacta
1417 1224 1570 1273 dicitur,
1584 1225 1647 1264 sed
1660 1225 1732 1263 sub
1748 1227 2013 1266 Erichthonio.
2026 1230 2207 1269 Similiter

1179 1282 1318 1320 Euseb.
1334 1287 1436 1320 Arm.
1454 1297 1492 1335 p.
1514 1285 1584 1329 134
1602 1298 1662 1322 res
1677 1285 1892 1323 Danaidum
1910 1286 1960 1338 (v.
1976 1301 2034 1338 ep.
2063 1288 2105 1339 9)
2127 1302 2205 1326 non

1179 1341 1419 1380 Erichthonii
1433 1356 1568 1394 regno,
1583 1352 1625 1381 ut
1639 1347 1824 1391 Marmor,
1837 1345 1903 1382 sed
1917 1347 2206 1397 Amphictyonis

1179 1400 1405 1451 assignavit,
1438 1411 1476 1439 et
1498 1403 1537 1439 in
1564 1405 1710 1442 Canon.
1736 1403 1875 1442 Euseb.
1896 1404 2061 1443 vidimus
2079 1407 2205 1457 primo

1178 1459 1264 1496 loco
1279 1460 1468 1498 Danaides
1480 1468 1517 1497 et
1527 1464 1701 1498 Danaum
1716 1462 1809 1511 poni
1822 1476 1840 1509 7
1854 1463 1961 1500 annis
1977 1465 2207 1515 superiores,

1179 1519 1300 1556 altero
1324 1532 1389 1567 12,
1418 1520 1532 1557 tertio
1563 1533 1608 1570 19
1640 1520 1748 1557 annis
1768 1521 2000 1570 posteriores
2022 1535 2136 1572 quarn
2165 1524 2206 1561 in

1180 1580 1385 1615 Marmore.
1421 1578 1575 1616 Eaedem
1616 1579 1694 1616 sere
1728 1578 1955 1617 differentiae
1987 1580 2034 1618 de
2075 1591 2206 1620 nostra

1179 1648 1333 1686 quoque
1347 1637 1494 1687 epocha
1508 1637 1764 1687 reperiuntur.
1780 1638 1931 1675 Etenim
1946 1639 2050 1688 quod
2063 1641 2204 1678 Euseb.

1179 1707 1217 1744 p.
1239 1695 1310 1731 135
1336 1696 1479 1733 serrum
1502 1694 1572 1732 sub
1597 1694 1850 1733 Erichthonio
1870 1697 2070 1734 inventum
2091 1697 2207 1745 dicit,

1178 1751 1218 1788 id
1247 1751 1345 1790 bene
1370 1753 1536 1803 quadrat
1567 1766 1653 1790 cum
1677 1753 1870 1803 Thrasylli
1898 1756 2206 1805 computatione,

1179 1811 1246 1860 qui
1265 1824 1326 1862 ap.
1345 1812 1462 1849 Clem.
1482 1813 1583 1850 Alex.
1600 1811 1756 1863 (Strom.
1771 1815 1802 1860 I,
1822 1826 1860 1863 p.
1885 1814 1958 1851 335
1974 1814 2032 1851 ed.
2053 1815 2207 1865 Colon.)

1178 1869 1252 1907 Idae
1269 1870 1488 1907 incendium
1514 1879 1551 1908 et
1570 1870 1662 1907 ferri
1683 1870 1948 1908 inventionem
1970 1872 2087 1909 refert
2105 1873 2153 1910 ad
2172 1887 2205 1911 a.

1178 1930 1219 1965 P.
1248 1931 1282 1966 J.
1302 1929 1402 1975 3274
1429 1929 1585 1979 (Scalig.
1615 1931 1705 1966 Can.
1732 1932 1830 1979 Isag.
1852 1933 1912 1978 ΙΙ,
1940 1943 1978 1980 p.
1999 1930 2108 1981 175),
2126 1931 2151 1968 i.
2173 1945 2204 1970 e.

1179 1998 1252 2023 sec.
1269 1986 1408 2024 Euseb.
1427 1987 1476 2023 ad
1494 1999 1634 2024 annum
1654 1987 1702 2032 48
1721 1987 1974 2025 Erichthonii.
1995 1992 2040 2026 In
2059 2002 2205 2027 canone

1178 2053 1306 2082 autem
1336 2044 1475 2083 Euseb.
1505 2049 1606 2083 Arm.
1633 2046 1815 2095 Dactylos
1833 2046 1956 2084 Idaeos
1977 2047 2088 2097 ponit
2104 2061 2138 2085 a.
2161 2051 2206 2085 18

1178 2103 1407 2151 Pandionis3
1436 2104 1502 2154 qui
1530 2104 1724 2155 posterior
1758 2113 1964 2154 computus
2000 2104 2049 2142 ab
2084 2105 2207 2143 altero

1178 2162 1293 2200 distat
1326 2163 1434 2200 annis
1467 2176 1539 2214 20,
1573 2176 1658 2214 quae
1687 2163 1907 2201 differentia
1941 2178 2019 2202 uno
2059 2173 2205 2202 tantum

1178 2234 1279 2258 anno
1311 2220 1433 2271 major
1462 2230 1541 2268 051,
1574 2235 1690 2272 quam
1719 2222 1784 2259 1111
1816 2235 1877 2272 01).
1908 2236 1932 2271 9
1965 2231 2111 2261 notata.
2144 2225 2207 2262 Sic

1177 2280 1294 2330 igitur
1314 2281 1355 2317 in
1381 2283 1573 2318 Marmore
1590 2293 1649 2318 res
1671 2279 1877 2318 tribuenda
1893 2281 1994 2319 foret
2010 2295 2042 2321 a.
2064 2282 2084 2319 5
2103 2283 2163 2320 vel
2183 2285 2205 2321 6

1179 2338 1403 2376 Pandionis.

1229 2400 1373 2435 Verum
1393 2410 1470 2434 non
1482 2397 1607 2435 solum
1625 2397 1716 2435 ferri
1729 2398 1915 2442 inventio,
1933 2398 1999 2436 sed
2012 2399 2126 2436 etiam
2145 2413 2205 2436 re—

1177 2468 1294 2505 gnum
1313 2456 1457 2493 Minois
1475 2464 1605 2494 nostra
1625 2455 1774 2506 epocha
1793 2470 1892 2494 mem
1901 2466 2046 2495 oratur.
2066 2458 2203 2496 Euseb.

1176 2518 1325 2551 Armen.
1354 2515 1523 2552 Minoem
1555 2515 1667 2565 ponit
1700 2515 1907 2553 Pandionis
1947 2517 2007 2553 26.
2039 2516 2203 2567 (Euseb.

1176 2573 1270 2609 Scal.
1290 2572 1461 2623 ejusdem
1477 2586 1510 2610 a.
1531 2573 1609 2624 32.)
1624 2574 1695 2611 Hic
1710 2582 1915 2625 computus
1931 2574 1978 2611 ab
1995 2576 2203 2613 Marmoris

1175 2643 1338 2668 numero
1361 2632 1462 2669 circa
1486 2645 1533 2669 20
1562 2645 1681 2669 annos
1698 2632 1866 2669 distaret.
1888 2632 2059 2669 Eandem
2086 2633 2203 2671 diffe-

1176 2690 1337 2727 rentiam
1355 2689 1525 2727 vidimus
1556 2691 1595 2727 in
1627 2690 1742 2727 rebus
1769 2689 1997 2727 Danaidum.
2031 2691 2202 2742 Ideoque

1173 2748 1214 2785 in
1234 2748 1348 2787 rebus
1372 2757 1512 2787 nostrae
1530 2750 1687 2800 epochae
1708 2762 1840 2787 omnes
1860 2749 1950 2787 istas
1965 2749 2201 2789 diversitates

1173 2808 1476 2860 computationis
1494 2807 1631 2854 habes,
1650 2821 1732 2858 quae
1764 2821 1826 2858 ep.
1845 2822 1868 2857 9
1886 2817 2106 2846 occurrunt.
2127 2810 2200 2849 Sed

1172 2869 1234 2905 vel
1251 2869 1382 2907 Nostri
1393 2869 1560 2906 rationes
1579 2867 1748 2905 Eusebio
1769 2881 1846 2904 non
1864 2868 2069 2919 incognitae
2085 2869 2201 2908 fuisse

1171 2927 1372 2974 videntur;
1394 2941 1482 2964 nam
1502 2926 1549 2964 ad
1569 2939 1709 2963 annum
1732 2940 1751 2972 7
1774 2926 1978 2964 Pandionis
1998 2927 2107 2977 ponit
2127 2928 2201 2966 sra-

1173 2994 1249 3023 tres
1280 2986 1420 3023 Minois
1435 3014 1445 3032 ,
1478 2984 1810 3023 Rhadamanthum
1845 2992 1882 3021 et
1922 2984 2197 3035 Sarpedonem.

1170 3047 1261 3081 Haec
1278 3045 1394 3095 igitur
1409 3052 1498 3081 sunt
1517 3056 1586 3080 cur
1602 3041 1803 3079 mutandos
1817 3055 1993 3080 censeam
2014 3056 2195 3082 numeros

1169 3115 1191 3140 a
1206 3102 1448 3149 Prideauxio,
1469 3101 1696 3147 chandlero,
1714 3101 1967 3152 Boeckhioque
1985 3102 2114 3150 datos;
2131 3105 2198 3154 qui

1169 3174 1301 3198 omnes
1318 3175 1398 3198 rem
1412 3174 1499 3198 cum
1515 3159 1680 3198 Eusebio
1698 3160 1879 3211 Scaligeri
1893 3171 1974 3198 rem
2004 3162 2199 3213 assignant

1167 3220 1423 3258 Pandionisa.
1445 3220 1508 3267 32,
1523 3222 1562 3256 Ρ.
1585 3223 1725 3271 [ῖς-53
1640 3216 1727 3270 {²2⁸2
1733 3226 1852 3269 ,ante
1881 3220 2034 3271 Olymp.
2058 3235 2072 3258 1
2092 3218 2196 3274 {3533

1167 3291 1399 3329 quamquam
1427 3278 1526 3316 bene
1549 3278 1665 3315 sentit
1685 3278 1885 3315 Boeckhius
1909 3279 1990 3316 haec
2011 3293 2088 3317 non
2106 3281 2195 3318 satis

1167 3345 1256 3386 apta
1267 3349 1361 3374 esse.
1379 3339 1463 3375 Iam
1477 3336 1507 3374 si
1520 3349 1598 3374 rem
1611 3336 1775 3387 septimo
1783 3336 1990 3375 Pandionis
2012 3351 2113 3375 anno
2129 3340 2194 3376 tri-

1968 3447 2013 3474 36.
