2320 3684
129 216 204 250 ³46

123 300 179 336 θεν
200 296 237 335 83
254 297 373 349 κύκλῳ
389 310 450 340 της
476 297 605 341 σκηνῆς
626 292 666 330 τὸ
692 293 762 330 τῶν
795 290 991 345 ἐλεφάντων
1027 289 1152 342 ἄγημα

124 353 437 406 διεσκευασμένον’
421 352 635 406 εφειστήκει,
648 349 706 389 καὶ
719 348 916 392 Μακεδόνες
932 348 1054 401 χίλιοι,
1070 351 1152 388 Μα-

125 413 303 458 κεδονικὰς
321 411 483 455 στολὰς”
464 428 479 449 ε
481 426 620 464 [pv-tec,
639 413 714 447 εἶτα
735 408 852 463 μύριοι
869 407 1049 469 Πέρσαι,
1054 408 1095 446 τό
1113 423 1152 446 τε

128 472 192 520 τὴν
226 471 405 526 πορφύραν
432 470 511 522 ἔχον
535 470 667 515 πλῆθος
685 469 732 511 εἷς
750 466 998 511 πεντακοσίους
1026 470 1083 515 ἠν,
1104 470 1153 510 οἷς

126 530 347 582 Ἀλέξανδρος
368 529 476 567 ἔδωκε
508 533 623 582 φορεῖν
651 525 715 574 τὴν
747 525 874 573 στολὴν
902 524 1045 574 ταύτην.
1073 527 1151 564 'lo—

126 589 257 628 σούτων
276 587 351 627 δὲ”
331 604 439 627 οντων
464 586 524 625 καὶ
550 588 619 625 τῶν
646 585 755 640 φίλων
773 600 834 623 και
853 587 922 623 τῶν
939 582 1152 638 θεραπευόν-

125 664 194 687 των
214 647 323 690 οὖδεὶς
344 647 476 697 ἐτόλμα
503 643 805 718 προσπορεύεσθαι
824 642 1056 696 Ἀλεξάνδρῳ·
1077 657 1150 680 τοι-

126 710 225 744 οῦτον
253 704 403 757 ἐγεγόνει
432 703 471 742 τὸ
502 703 582 758 περὶ
617 703 720 742 αὐτὸν
754 701 904 754 ἀξίωμα.
925 701 1089 755 Ἔγραψε
1118 699 1155 739 δὲ

126 764 184 803 καὶ
202 763 280 803 τότε
300 762 538 838 Ἀλέξανδροςω
544 768 618 807 ταῖς
641 763 676 801 ἐν
695 761 813 801 Ἰωνία
833 760 956 800 πόλεσι
975 760 1035 799 και
1053 776 1156 814 πρω-

127 838 197 866 τοις
213 822 311 865 Χίοις
329 820 423 865 ὅπως
445 823 541 876 αὐτῷ
557 821 738 876 πορφύραν
758 819 1025 859 ἀποστείλωσιν.
1045 818 1157 859 Ἤθε-

125 883 164 920 λε
177 879 244 934 γὰρ
260 879 340 926 τους
363 880 560 935 ἑταίρους“
538 896 696 924 απαντας
719 878 890 933 ἁλουργὰς
919 880 996 917 ενδ“’
977 895 1058 918 σαι
1078 894 1156 918 στο-

125 939 199 982 λάς.
219 938 514 992 Ἀναγνωσθείσης
543 938 580 977 83
610 941 674 986 τῆς
699 939 886 985 ἐπιστολῆς
910 937 1008 981 Χίοις
1034 936 1156 991 παρὼν

126 996 315 1051 Θεόκριτος
331 1000 350 1036 ὁ
367 997 483 1052 σοφὸς,
495 1013 556 1036 νυν
574 996 799 1051 ἐγνωκέναι”
780 1012 846 1050 εφη
859 996 900 1035 τὸ
912 996 996 1049 παρ’
1008 996 1158 1050 Ομήρῳ

128 1057 325 1111 εἰρημένον,
345 1057 417 1097 Τὸν
441 1058 472 1096 δ’

213 1126 322 1159 ἔλλαὸε
336 1127 504 1170 πορφύρεος
521 1125 647 1163 θάνατος
664 1126 717 1158 καὶ
735 1128 826 1168 μοῖρα
843 1126 985 1168 κραταιή.

181 1186 354 1224 AElianus
373 1187 417 1223 V.
439 1189 485 1224 H.
505 1188 577 1234 IX,
597 1187 619 1223 3
651 1185 780 1222 omnia
797 1197 919 1235 usque
950 1183 998 1221 ad
1028 1182 1159 1237 ἔγραψε

129 1245 264 1292 refert3
278 1259 395 1296 quem
422 1245 454 1283 si
473 1253 685 1283 statuamus
704 1245 787 1282 solo
809 1243 1027 1294 Phylarcho
1046 1256 1159 1280 usum

128 1317 210 1342 esse
230 1313 401 1354 auctore,
420 1305 536 1344 etiam
553 1304 661 1355 prior
680 1316 815 1341 eorum
831 1315 933 1353 pars,
955 1315 1040 1352 quae
1055 1301 1159 1353 apud

128 1363 357 1400 Athenaeum
388 1370 533 1410 extant,
564 1375 612 1399 ex
656 1361 874 1411 Phylarcho
912 1361 1159 1414 potissimum

128 1421 263 1459 hausta
281 1435 363 1460 esse
383 1421 555 1473 putanda
577 1420 661 1458 erit.
682 1420 739 1458 Cf.
763 1419 931 1486 Polyaen.
954 1422 1071 1457 Strat.
1090 1422 1158 1466 IV,

131 1482 169 1530 3,
185 1483 232 1526 34
248 1490 285 1519 et
302 1482 494 1520 Plutarch.
509 1482 618 1519 Alex.
633 1483 688 1518 M.
713 1486 776 1526 40,
805 1479 872 1530 qui
899 1487 937 1516 et
959 1479 1035 1530 ipsi
1052 1479 1158 1529 Phy-

130 1542 301 1580 larchum
317 1542 470 1592 sequuti
489 1554 570 1579 esse
585 1540 778 1578 videntur.

606 1611 670 1649 42.

186 1678 392 1717 Athenaeus
407 1680 518 1724 XIII,
537 1690 600 1726 91,
615 1690 654 1727 p.
673 1678 762 1723 610,
778 1678 834 1713 D:
861 1673 992 1718 ..ὅστις
1008 1667 1066 1712 οῧν
1083 1673 1161 1712 οὐδὲ

131 1738 224 1776 τοῦτ’
244 1733 352 1786 οἶδας,
376 1735 490 1775 καίτοι
515 1737 669 1788 συνεχῶς
692 1735 888 1788 Φυλάρχου
921 1735 1064 1785 μνήμην
1083 1749 1161 1772 ποι·

131 1797 300 1849 ούμενος,
318 1795 402 1834 ὅτι’
386 1811 421 1833 εν
439 1801 516 1839 ταῖς
542 1795 608 1834 Κε’
578 1810 656 1833 ειων
671 1793 813 1832 πόλεσιν
829 1792 907 1831 οὔτε
927 1792 1067 1863 ἑταίρας
1082 1792 1161 1831 οὔτε

133 1855 340 1909 αὐλητρίδας
362 1854 484 1893 ἷδεῖν”
466 1870 550 1893 εστι.
571 1853 642 1893 Καὶ
658 1856 676 1892 ὁ
691 1851 887 1907 Μύρτιλος,
909 1853 1024 1890 Τοῦτο
1041 1851 1077 1889 83
1094 1855 1161 1889 ποῦ

133 1914 270 1969 εἴρηκεν
287 1917 305 1952 ὁ
325 1912 534 1966 Φύλαρχος;
559 1912 784 1963 κατανεγνων
813 1910 881 1983 γὰρ
910 1911 1014 1948 αὐτοῦ
1042 1916 1161 1948 πᾶσαν

131 1970 195 2018 τὴν
214 1972 398 2027 Ἱστορίαν.
420 1972 590 2016 Εἰπόντος
610 1970 658 2021 83,
673 1970 737 2010 Ἐν
754 1972 798 2022 τῇ
815 1969 914 2023 τρίτῃ
929 1969 988 2007 καὶ
1008 1971 1161 2021 εἰκοστῇ,

132 2034 150 2071 ὅ
163 2030 341 2086 Μύρτιλος
361 2030 469 2085 ἔφη..

563 2114 751 2140 ⁴002>-

133 2227 366 2260 bernaculum'
359 2235 392 2258 in
407 2226 517 2258 orbem
531 2225 723 2267 dispositum
738 2225 807 2256 erat
822 2227 997 2256 stratorum
1013 2225 1165 2265 elephan-

133 2277 244 2306 torum
265 2282 378 2314 agmen
395 2275 426 2305 et
448 2272 641 2305 Macedones
658 2271 769 2311 mille,
794 2271 1000 2303 Macedonica
1017 2271 1099 2303 stola
1117 2271 1163 2302 in·

134 2323 217 2359 duti‚
238 2322 355 2354 deinde
371 2321 482 2354 decem
506 2321 607 2352 millia
627 2322 822 2352 Persarum:
841 2321 873 2352 et
886 2329 1000 2352 eorum
1020 2320 1078 2360 qui
1095 2329 1166 2361 pur·

133 2379 248 2412 puram
264 2368 432 2411 gestabant
447 2368 486 2400 ad
503 2369 696 2409 quingentos
720 2370 812 2400 erant
827 2376 975 2407 numero,
991 2368 1110 2408 quibus
1126 2376 1164 2399 eo

135 2417 225 2450 cultu
248 2416 359 2448 utendi
381 2417 577 2457 potestatem
601 2415 735 2447 dederat
758 2415 948 2448 Alexander.
979 2417 1042 2448 Tot
1066 2416 1165 2456 igitur

135 2464 248 2496 amicis
261 2467 294 2496 et
306 2463 464 2495 ministris
478 2462 622 2494 cinctum
636 2471 741 2503 regem
753 2471 849 2494 nemo
863 2463 1003 2495 audebat
1016 2464 1166 2495 accedere

134 2514 228 2544 tanta
241 2511 480 2543 circumdatum
505 2510 684 2551 majestate
703 2509 822 2542 Iisdem
838 2510 1041 2551 temporibus
1061 2520 1117 2552 per
1135 2511 1166 2542 li-

134 2561 222 2591 teras
248 2558 422 2599 imperavit
446 2557 627 2590 Alexander
656 2557 755 2589 Ioniae
788 2557 989 2598 civitatibus,
1017 2559 1050 2590 et
1075 2558 1166 2591 Chiis

134 2606 310 2648 praecipue,
334 2607 376 2638 ut
383 2613 587 2646 purpuram
609 2604 674 2637 sibi
693 2607 895 2638 mitterent:
912 2605 1058 2637 voluerat
1080 2605 1166 2637 enim

135 2663 250 2686 omnes
276 2661 355 2685 suos
380 2652 554 2684 familiares
587 2661 731 2693 purpura
755 2652 880 2684 vestiri.
913 2652 1040 2690 Quibus
1075 2653 1168 2685 lectis

135 2701 225 2742 apud
239 2701 340 2734 Chios
359 2699 460 2731 literis
485 2699 542 2740 qui
566 2699 678 2731 aderat
701 2699 831 2740 sapiens
855 2700 1071 2740 Theocritus,
1097 2701 1166 2739 ait,

137 2756 229 2780 mmc
244 2755 278 2778 33
295 2747 489 2787 intelliqere
501 2746 588 2788 quid
600 2748 648 2778 sit
657 2746 749 2788 quod
764 2749 933 2779 Homerus
946 2724 1094 2787 dixeri't,

204 2801 372 2830 Prehendit
383 2801 469 2830 hunc
485 2810 646 2840 purpurea
661 2811 746 2829 mors
764 2799 965 2840 validumque
980 2800 1089 2831 fatum.

255 2894 341 2935 .qui
368 2903 445 2926 sane
460 2902 501 2926 ne
520 2894 583 2926 hoc
604 2849 738 2935 qfrilem
762 2893 849 2926 nosti
875 2893 1074 2935 (frequenter
1094 2894 1169 2926 licet

140 2918 309 2982 Phylarchi
334 2941 446 2973 feceris
472 2941 732 2995 mentionem),'
723 2951 755 2973 ιιι
783 2943 923 2974 Ceorum
952 2941 1080 2982 oppidis
1108 2950 1169 2973 nec

141 2989 327 3020 meretrices
352 2988 503 3029 reperiri,
528 2997 588 3021 nec
609 2988 773 3020 tibicinas.
798 2990 883 3020 Tum
907 2989 1086 3029 Myrtilus:
1106 2988 1166 3020 Ubi

141 3043 219 3066 vero
240 3036 301 3066 hoc
322 3035 406 3067 dixit
422 3036 646 3076 Phylarchus?
666 3045 742 3068 nam
758 3038 862 3068 totam
879 3035 966 3067 illius
980 3035 1098 3076 perlegi
1114 3035 1169 3068 Hi-

142 3081 287 3112 storiam.
302 3082 362 3113 Cui
379 3091 479 3122 quum
496 3083 716 3124 respondisset
726 3082 910 3124 Cynulcus
927 3081 1026 3115 Libro
1036 3082 1129 3114 tertio
1139 3084 1171 3113 et

143 3127 322 3159 vicesimo:
341 3129 488 3169 Myrtilus
505 3130 550 3161 ait
553 3152 633 3165 ......

545 3188 765 3202 *uo-—

520 3235 672 3333 LIBFZR
700 3239 822 3279 XXV.

653 3304 686 3335 3.

189 3348 387 3388 Phylarchus
395 3350 609 3384 Historiarum
624 3354 706 3386 libro
725 3356 839 3396 quinto
858 3355 1008 3398 [decimo]
1017 3359 1049 3389 et
1058 3358 1171 3390 vrcesr

148 3403 215 3434 mo,
231 3395 302 3426 hac
321 3394 420 3428 literis
435 3398 585 3430 mandata
599 3402 769 3442 reliquitw
762 3402 1029 3435 Lacedaemonii
1043 3403 1082 3435 ad
1101 3404 1171 3445 phi-

860 204 1160 244 PHYLARCHI
1189 205 1521 248 FRAGMENTA.

1583 295 1735 334 LIBER
1763 295 1886 334 XXV.

1263 411 1467 451 Athenaeus
1480 415 1532 451 IV
1534 426 1611 486 ,2³0,
1626 426 1664 464 p.
1685 428 1697 450 ι
1709 418 1771 462 4,1
1786 417 1838 451 F·
1853 411 2069 466 Φύλαρχος’
2053 415 2140 466 εντῇ
2157 428 2238 452 πεν-

1208 469 1438 523 τεκαιδεκάτῃ
1457 470 1516 509 καὶ
1539 473 1679 524 εἰκοστῇ
1704 474 1773 510 τῶν
1792 470 1969 525 Ιστοριων
1994 471 2078 511 τάδε
2092 472 2238 527 γράφει·

1211 543 1226 560 «
1241 528 1510 580 Λακεδαιμόνιοι
1526 531 1574 574 εἷς
1589 530 1652 581 μὲν
1669 529 1713 569 τὰ
1733 529 1880 584 φειδίτια
1899 531 1963 568 οὐκ
1980 529 2132 583 ἤρχοντο
2145 530 2238 570 κατὰ

1209 585 1250 624 τὸ
1268 586 1414 639 πάτριον
1429 587 1519 632 ἔθος·
1535 588 1590 627 ὅτε
1607 588 1644 628 83
1661 590 1720 628 καὶ
1733 588 1996 644 παραγένοιντο,
2018 588 2127 643 μικρὰ
2146 605 2242 642 συμ-

1210 649 1461 699 περιενεχθεῖσι
1480 646 1588 699 νόμου
1619 648 1722 702 χάριν
1752 649 2031 702 παρεσκευάζετο
2059 648 2120 687 καὶ
2149 629 2240 687 ἄλλα

1213 705 1349 754 αὐτοῖς,
1370 707 1570 776 στρωμναί
1566 723 1604 746 τε
1622 714 1693 751 τοῖς
1713 707 1891 759 μεγέθεσιν
1910 706 2018 751 οὕτως
2036 706 2239 776 ἐξησκημέ-

1212 772 1269 795 ναι
1291 760 1489 803 πολυτελῶς
1514 760 1574 798 καὶ
1601 763 1645 814 τῇ
1671 761 1829 799 ποικιλία
1859 759 2030 814 διαφόρως
2060 759 2152 798 ὥστε
2169 762 2240 798 τῶν

1213 814 1318 860 ςένων
1339 817 1447 862 ἐνίους
1470 821 1540 858 τῶν
1563 818 1861 874 παραληφθέντων
1885 822 1996 858 ὀκνεῖν
2019 818 2079 858 τὸν
2099 821 2242 871 ἀγκῶνα

1214 875 1272 914 ἐπι
1289 875 1335 914 τὰ
1352 878 1618 931 προσκεφάλαια
1636 878 1789 931 ἐρείδειν.
1807 881 1854 919 Οἱ
1872 879 1906 917 83
1921 878 2087 932 πρότερον
2106 877 2164 917 ἐπὶ
2179 893 2242 917 του

1213 935 1414 989 κλιντηρίου
1441 938 1544 990 ψιλου
1574 938 1885 1012 διακαρτερουντες
1905 941 1968 985 τῆς
2003 937 2124 985 κλίνης
2158 937 2243 990 παρ’

1214 991 1298 1040 δ’λην
1321 993 1385 1042 τὴν
1412 995 1610 1045 συνουσίαν,
1634 996 1691 1035 ὅτε
1714 996 1772 1035 τὸν
1790 999 1933 1048 ἀγκῶνα
1952 995 2076 1041 ἅπαξ’
2061 995 2243 1049 ερείσειαν,

1215 1052 1262 1094 εἷς
1289 1051 1352 1099 τὴν
1390 1054 1646 1108 προειρημένην
1681 1054 1813 1109 τρυφὴν
1845 1049 1964 1104 ἠλθον,
2000 1054 2178 1109 ποτηρίων
2211 1054 2244 1093 τ’

1215 1110 1366 1154 ἐκθέσεις
1377 1113 1516 1150 πολλῶν
1532 1112 1592 1150 και
1615 1113 1811 1166 βρωμάτων
1841 1114 2072 1156 παντοδαπῶς
2095 1128 2246 1160 πεποιη-

1217 1167 1330 1218 μένων
1351 1170 1625 1223 παραθέσεις,’
1606 1187 1658 1209 ετι
1682 1170 1720 1210 83
1750 1171 1869 1246 μύρων
1896 1171 2216 1244 ἐξηλλαγμένων,“
2197 1187 2246 1216 ως

1217 1227 1246 1264 δ’
1264 1227 1376 1271 αὕτως
1392 1228 1492 1267 οἴνων
1518 1230 1578 1268 καὶ
1597 1231 1846 1284 τραγημάτων.
1884 1231 1955 1270 Και
1985 1231 2117 1270 τούτων
2135 1225 2244 1285 ἧρξαν

1216 1288 1246 1324 οἱ
1267 1286 1389 1340 μικρὸν
1416 1288 1484 1342 πρὸ
1505 1288 1723 1340 Κλεομένους
1749 1290 2034 1342 βασιλεύσαντες,
2050 1289 2171 1343 Ἄρευς
2184 1290 2246 1329 καὶ

1218 1344 1443 1396 Ἀκρότατος,
1476 1346 1621 1395 αυλικὴν
1648 1347 1803 1392 ἐξουσίαν
1833 1348 2068 1396 ζηλώσαντες·
2095 1347 2154 1393 οὒς
2183 1365 2247 1388 το-

1217 1407 1339 1442 σοῦτον
1375 1399 1471 1449 αὖθις
1509 1406 1686 1460 υπερηράν
1724 1423 1814 1452 τινες
1840 1410 1910 1446 τῶν
1938 1409 2086 1446 ἰδιωτῶν
2110 1409 2180 1446 τῶν
2210 1409 2246 1447 ἐν

1217 1462 1366 1516 Σπάρτῃ
1386 1463 1583 1515 γενομένων
1603 1466 1682 1503 κατ’
1699 1466 1828 1505 ἐκεῖνον
1853 1466 1912 1505 τὸν
1931 1465 2056 1519 χρόνον
2074 1469 2119 1520 τῇ
2134 1468 2248 1506 πολυ-

1217 1520 1334 1574 τελείᾳ
1351 1524 1394 1573 τῇ
1414 1523 1492 1560 καθ’
1507 1523 1630 1567 αὑτους
1643 1522 1734 1563 ὥστε
1757 1525 1868 1563 δοκεῖν
1895 1524 1953 1564 τὸν
1970 1523 2076 1579 Ἄρεα
2105 1525 2165 1564 και
2187 1525 2246 1565 τὸν

1219 1579 1425 1654 Ἀκρότατον
1449 1584 1493 1634 τῇ
1514 1582 1669 1621 εὖτελεία
1691 1583 1826 1626 πάντας
1854 1583 2154 1637 ὓπερὸεὸληκέναι
2169 1583 2249 1629 τοὺς

1219 1639 1472 1692 ἀφελεστάτους
1491 1643 1560 1679 τῶν
1578 1641 1756 1696 πρότερον.
1783 1642 1986 1694 Κλεομένης
2013 1642 2048 1681 83
2063 1642 2154 1682 πολυ
2175 1644 2248 1682 διε-

1217 1703 1343 1755 νέγκας
1355 1721 1405 1757 τῳ
1418 1720 1456 1742 τε
1474 1706 1621 1744 συνιδεῖν
1635 1706 1850 1760 πράγματα,
1871 1707 1986 1745 καίτοι
2005 1707 2079 1751 νέος
2095 1707 2157 1756 ὢν,
2187 1708 2248 1746 καὶ

1218 1761 1309 1801 κατὰ
1321 1762 1384 1810 τὴν
1397 1763 1530 1802 δίαιταν
1548 1764 1780 1818 ἀφελέστατος
1797 1764 1947 1817 γέγονεν.
1965 1765 2059 1814 Ἤδη
2073 1766 2141 1820 γὰρ
2150 1768 2249 1814 τηλι-

1218 1820 1351 1859 κούτων
1368 1822 1586 1875 πραγματων
1605 1823 1795 1875 ἡγούμενῡς
1807 1823 1957 1878 ἔμφασιν
1971 1830 2041 1868 τοῖς
2059 1827 2251 1879 παραλαμ-
2291 1874 2295 1875 .

1219 1879 1422 1931 ὅανομένοις
1456 1882 1540 1935 πρὸς
1571 1881 1635 1929 τὴν
1665 1883 1785 1922 θυσίαν
1820 1883 1948 1932 ἐποίει,
1979 1883 2066 1922 διότι
2097 1883 2143 1922 τὰ
2166 1884 2250 1939 παρ’

1219 1952 1362 1981 exal-vol<
1379 1954 1449 1976 των
1468 1940 1552 1993 παρ’
1570 1940 1672 1979 αὐτον
1692 1940 1788 1979 Οὐθὲν
1814 1941 2071 1996 καταδεεστερα
2099 1942 2153 1990 εἴη
2172 1957 2248 1981 πα-
2306 1962 2314 1970 “

1221 1998 1514 2051 ρασκευαζόμενα.
1530 2001 1679 2039 Πολλῶν
1698 1999 1734 2038 δὲ
1752 2016 1818 2054 πρε
1804 2000 1946 2039 εσὸειῶν
1959 2001 2249 2056 παραγινομένων

1219 2055 1306 2109 πρὸς
1336 2056 1454 2106 αὐτὸν,
1478 2057 1671 2097 οὖδέποτε’
1656 2060 1880 2113 ενωοίστερον
1897 2075 1959 2099 του
1983 2061 2250 2106 κατειθισμένου

1221 2129 1348 2167 συνηγε
1372 2120 1518 2170 καιροῦ,
1538 2118 1766 2157 πεντακλίνου
1801 2135 1839 2157 τε
1871 2118 2119 2173 διεστρώννυτο
2148 2121 2249 2159 οὐδέ-

1222 2224 1302 2257 ditia
1326 2234 1393 2257 non
1418 2227 1653 2260 conveniebant
1678 2228 1718 2260 de
1736 2229 1840 2270 patrio
1866 2238 1967 2262 more.
1982 2230 2106 2268 Quodsr
2120 2231 2251 2272 quando

1221 2275 1318 2303 etiam
1337 2274 1557 2313 convenirent,
1571 2277 1744 2316 postquam
1761 2275 1838 2330 legis
1853 2285 1969 2309 caussa
1981 2277 2127 2319 phiditiis
2145 2278 2247 2319 pauli·

1224 2329 1297 2360 sper
1310 2320 1551 2360 interluissent,
1568 2322 1786 2362 parabantur
1778 2323 1817 2355 ris
1830 2332 1905 2355 cum
1924 2324 2003 2364 alia,
2016 2326 2086 2356 tum
2111 2326 2252 2367 stragula

1223 2370 1255 2400 et
1268 2368 1488 2409 magnitudine
1503 2371 1570 2401 tam
1584 2371 1733 2411 pretiosa
1750 2373 1782 2404 et
1798 2372 1954 2405 varietate
1972 2375 2039 2405 tam
2053 2374 2175 2414 egregie
2188 2374 2249 2407 ela-

1222 2415 1345 2453 borata,
1361 2417 1396 2448 ut
1413 2416 1580 2457 hospitum
1597 2418 1756 2458 nonnulli,
1773 2419 1813 2451 ad
1828 2420 2015 2452 convivium
2028 2421 2148 2460 vocati,
2163 2430 2251 2455 vere·

1222 2465 1332 2494 rentur
1349 2463 1461 2495 cubito
1486 2464 1579 2495 inniti
1603 2465 1828 2498 cerxicalibus.
1847 2467 1975 2508 Quique
1995 2467 2092 2508 olim,
2109 2469 2136 2500 si
2151 2469 2251 2502 modo

1223 2518 1377 2550 umquam
1391 2510 1500 2542 cubito
1516 2511 1739 2552 inniterentur,
1749 2522 1807 2554 per
1822 2515 1923 2546 totam
1934 2522 2059 2546 coenam
2069 2514 2164 2548 nudae
2175 2515 2251 2548 lecti

1224 2557 1358 2598 spondae
1373 2558 1575 2590 continenter
1599 2558 1695 2590 inniti
1718 2560 1894 2601 debebant,
1913 2561 1946 2593 hi
1966 2561 2138 2594 utebantur
2161 2571 2250 2595 nunc

1222 2604 1362 2643 luxuria,
1379 2605 1420 2637 de
1438 2614 1502 2646 qua
1521 2605 1610 2645 dixi,
1627 2609 1658 2638 et
1677 2608 1866 2648 poculorum
1883 2609 2059 2641 multorum
2077 2610 2252 2659 expositio-
2303 2620 2320 2642 ἐ’

1222 2650 1330 2690 nibus,
1345 2653 1378 2683 et
1390 2651 1537 2683 ciborum
1548 2653 1636 2685 varie
1647 2656 1832 2694 paratorum
1846 2655 2116 2696 appositionibus,
2127 2655 2169 2688 ad
2181 2650 2251 2691 haei:
2292 2663 2299 2689 J

1224 2699 1462 2738 unguentorum
1483 2699 1828 2740 exquisitissimorum‚
1853 2702 2035 2742 pariterque
2053 2702 2205 2734 vinorum
2218 2703 2251 2734 et
2300 2708 2301 2713 ¹

2299 2723 2315 2743 r*

1222 2743 1440 2778 bellariorum.
1455 2747 1497 2777 Et
1519 2746 1590 2778 haec
1613 2747 1753 2787 primum
1776 2748 2022 2780 introduxerant
2038 2749 2061 2780 ii
2079 2749 2135 2790 qui
2152 2749 2250 2790 paulo

1223 2793 1298 2823 ante
1308 2791 1513 2824 Cleomenem
1525 2802 1660 2833 regnum
1671 2794 1888 2834 obtinuerant,
1905 2799 2008 2827 Areus
2022 2799 2054 2828 et
2063 2799 2248 2836 Acrotatus,
2284 2786 2314 2839 6,(

1223 2838 1360 2870 aulicam
1375 2839 1516 2880 aliquam
1533 2840 1728 2880 opulentiam
1749 2842 1964 2874 aemulantes:
1983 2843 2040 2875 sed
2057 2843 2116 2875 hos
2134 2844 2184 2876 de.
2187 2843 2250 2876 nde

1223 2885 1367 2917 nonnulli
1385 2895 1423 2918 ex
1441 2886 1595 2927 privatis.
1615 2887 1671 2928 qui
1699 2888 1761 2920 hoc
1775 2890 1922 2930 tempore-
1938 2892 2059 2931 Spariae
2076 2891 2250 2930 vixerunt,

1224 2941 1283 2964 sua
1299 2933 1536 2974 magnificentia
1548 2935 1581 2967 et
1593 2934 1722 2967 luxuria
1738 2938 1862 2968 tantum
1877 2940 2081 2978 superarunt,
2095 2940 2131 2970 ut
2147 2941 2250 2970 Areus
2282 2929 2305 2959 ³*-

2283 2968 2299 2977 .-

1223 2981 1256 3012 et
1271 2982 1443 3012 Acrotatus
1456 2980 1636 3022 frugalitate
1651 2983 1861 3015 tenuissimos
1877 2993 1989 3016 omnes
2004 2993 2042 3016 ac
2055 2985 2251 3026 simplicissi-
2289 3006 2305 3022 :—

1224 3035 1296 3059 mos
1326 3028 1528 3068 superiorum
1557 3031 1737 3070 temporum
1763 3039 1934 3071 superasse
1958 3031 2156 3064 vider-entur
2188 3031 2250 3066 Sed

1225 3074 1425 3113 Cleomenes,
1439 3077 1475 3107 ut
1488 3076 1672 3115 cognitione
1684 3085 1734 3109 rer
1737 3086 1790 3108 um
1804 3081 1835 3109 et
1845 3078 1977 3118 judic-io,
1992 3080 2143 3120 quamvis
2155 3081 2250 3112 aetate

1222 3121 1362 3162 juvenis,
1379 3122 1471 3160 longe
1486 3122 1678 3163 excellebat,
1692 3124 1740 3155 sic
1755 3124 1836 3156 etin
1859 3125 1949 3157 victu
1969 3127 2249 3159 moderatissimus
2287 3162 2301 3181 s

1225 3170 1302 3201 erat.
1317 3169 1429 3201 Tantis
1448 3169 1533 3200 enini
1559 3170 1620 3201 iarn
1638 3146 1734 3203 re'bus
1750 3172 1942 3212 pr,aefectus
1957 3173 2081 3213 siquos
2098 3173 2137 3204 ad
2154 3172 2307 3215 sacr-i·

1225 3215 1387 3248 ficandum
1403 3216 1584 3255 invitasset,
1597 3225 1668 3249 eam
1683 3218 1730 3250 eis
1747 3221 1886 3259 speciem
1903 3219 2086 3260 praebebat,
2101 3222 2157 3256 ut,
2174 3227 2248 3260 quae
2279 3222 2296 3252 ἦ·

1226 3262 1333 3304 apud'
1325 3271 1413 3303 ipsos
1437 3263 1541 3304 parari
1565 3263 1724 3304 solerent,
1742 3274 1779 3297 ea
1796 3266 1898 3298 nihilo
1917 3266 2067 3299 inferiora
2081 3267 2152 3306 his,
2173 3274 2247 3307 quae
2286 3282 2297 3293 ε

1226 3309 1311 3352 apud
1327 3309 1416 3341 illum
1433 3313 1564 3350 essent,
1581 3311 1815 3344 existimarent.
1837 3315 1946 3351 Quum
1959 3323 2038 3346 vero
2053 3314 2147 3346 multi
2161 3313 2248 3354 apud
2287 3313 2294 3332 ²

1225 3367 1300 3391 eum
1314 3358 1406 3398 legati
1420 3334 1580 3397 adessent,
1598 3367 1777 3400 numquam
1791 3363 1899 3393 tamen
1917 3361 2140 3402 tenrpestrvius
2153 3360 2248 3394 solim

1226 3414 1351 3438 etenarn
1366 3404 1604 3445 instruijussit:
1617 3407 1650 3438 et
1663 3408 1807 3447 quinque
1820 3407 1892 3440 lecti
1908 3408 2143 3447 sternebantur,
2157 3415 2247 3440 num-
2277 3406 2292 3447 ,⁷
