2320 3684
138 172 214 206 390

136 251 356 303 κτησάμενος
376 250 412 290 δὲ
432 251 492 290 καὶ
514 250 578 297 τὴν
603 247 788 301 Μεγαρίδα
804 277 814 295 ,
834 245 949 297 ἔνειμε
965 244 1029 292 τὴν
1046 243 1166 298 χώραν

136 313 184 354 εἷς
197 308 232 347 δ’
252 309 394 363 μοίρας,
422 311 523 356 Αἰγεῖ
555 306 708 361 μὲντὴν
734 303 831 359 παρὰ
865 306 915 358 τῷ
944 303 1043 342 ἄστει
1062 303 1167 356 μεχρὶ

139 369 288 416 Πυθίου,
300 368 485 408 Πάλλαντι
502 365 538 404 δὲ
551 365 613 413 τὴν
625 363 826 418 Παραλίαν,
837 362 943 416 Λύκῳ
959 361 994 401 δὲ
1008 362 1070 410 τὴν
1082 364 1170 401 Δια-

136 428 250 483 κρίαν,
275 428 376 481 Νίσῳ
407 426 524 472 δὲτὴν
547 423 740 478 Μεγαρίδα.
777 423 853 462 Sed
880 423 989 473 AEgei
1008 435 1166 473 regnum

138 502 214 525 non
240 486 461 538 pertinebat
480 485 528 523 ab
549 484 647 522 urbe
672 496 791 534 usque
811 482 859 520 ad
876 483 1084 528 Isthmum,
1105 494 1170 518 au—

137 547 266 584 dacius
289 558 382 583 vero
408 553 464 582 est
489 543 655 581 scribere
676 542 780 593 apud
801 538 1169 593 Strabonemleoep&

135 605 176 643 τὸ
196 604 282 643 ἄστυ
302 602 406 656 μεχρὶ
424 601 568 650 Πυθίου,
586 594 693 652 quod
714 601 818 638 idem
838 602 1002 639 Lenzius
1021 613 1170 652 propo—

137 664 205 701 nit.
218 663 402 713 Pythium
427 662 542 699 situm
562 661 634 698 suit
664 660 704 697 in
742 658 959 697 confinibus
989 661 1169 709 Megarae,

139 723 304 769 Boeotiae,
341 720 487 758 Atticae.
522 719 645 770 Igitur
681 717 775 756 nihil
803 717 908 769 apud
941 717 1170 756 Strabonem

141 780 367 818 mutandum
384 787 454 817 est.

629 841 692 880 36.

195 913 321 951 schol.
340 916 430 950 Eur.
451 911 609 963 Hippol.
635 912 683 950 35
700 926 708 949 :
723 911 815 955 Τοὺς
834 911 1083 955 Παλλαντίδας
1106 909 1173 950 υπὸ

141 970 291 1017 Θησέως
318 973 514 1024 ἀνῃρῆσθαι
538 969 737 1024 Φιλόχορος
762 972 890 1024 ἱστορεῖ
909 969 1021 1009 οὕτω·
1043 969 1173 1010 «Πάλ-

140 1031 263 1073 λαντος
280 1028 458 1068 ἐπιθέσθαι
475 1034 551 1072 ταῖς
569 1028 727 1077 Ἀθήναις
740 1029 984 1080 διανοουμένου
999 1060 1008 1078 ,
1028 1029 1087 1067 καὶ
1110 1028 1174 1076 τὴν

142 1089 322 1143 Σφηττίαν
343 1089 420 1128 ὁδὸν
441 1090 627 1142 προφανῶς
643 1087 934 1142 διαπορευομένου
954 1089 1011 1127 ἐπὶ
1027 1088 1068 1127 τὸ
1087 1087 1174 1127 ἄστυ

143 1149 232 1199 μετὰ
267 1152 329 1196 τῆς
355 1147 536 1200 δυνάμεως
569 1149 695 1194 αὐτοῦ,
728 1149 760 1186 οἵ
787 1147 910 1186 τούτου
942 1149 1063 1191 παῖδες
1083 1146 1176 1186 κατὰ

145 1208 310 1260 βούλησιν
331 1212 393 1246 τοῦ
404 1207 534 1260 πατρὸς
553 1209 748 1260 Γαργηττῷ
768 1206 986 1258 ἐγκαθίζουσι
1001 1206 1090 1258 μετὰ
1106 1209 1176 1244 τῶν

142 1270 357 1319 ἡλικιωτῶν,
375 1265 433 1316 ἵν’,
459 1266 542 1305 ὅταν
563 1266 790 1311 ἐπεξέλθωσιν
811 1267 843 1304 οἱ
863 1266 1060 1314 Ἀθηναῖοι,
1083 1266 1142 1304 καὶ
1160 1268 1178 1304 ὃ

145 1325 290 1369 Πάλλας
311 1325 496 1378 συμὸάλῃ,
531 1324 566 1369 ἐξ
601 1324 724 1377 ἐφόδου
752 1323 1009 1378 προσπεσόντες
1036 1325 1179 1364 λάὸωσι

144 1385 207 1432 τὴν
223 1386 336 1423 πόλιν.
358 1383 462 1438 Ἀνὴρ
483 1383 519 1422 δέ
533 1399 584 1427 τις
596 1412 604 1428 ,
626 1383 660 1426 ὃς
680 1384 892 1437 ἐκηρύκευσε
910 1385 960 1436 τῷ
975 1384 1178 1433 Πάλλαντι,

145 1445 360 1497 ἀπαγγέλλει
383 1445 432 1495 τῷ
451 1444 566 1490 Θησεῖ
578 1442 617 1481 τὸ
635 1441 827 1494 γινόμενον.
846 1441 892 1481 ‘O
912 1442 948 1480 δὲ
968 1439 1178 1496 προσπεσὼν

145 1502 241 1546 εὐθὺς
263 1502 352 1553 μετὰ
368 1503 436 1540 τῶν
457 1502 655 1548 ἡλικιωτῶν
675 1500 797 1544 αὐτοὺς
815 1503 962 1552 ἀναιρεῖ.

635 1570 698 1609 37.

198 1643 390 1681 Plutarch.
413 1642 525 1680 Thes.
539 1655 572 1678 c.
597 1647 639 1686 14
665 1655 673 1678 z
690 1640 734 1680 Ἡ
752 1640 787 1680 δὲ
808 1641 948 1690 Ἑκάλη
965 1646 1024 1683 καὶ
1042 1646 1082 1684 τὸ
1101 1647 1180 1701 περὶ

146 1702 254 1749 αὐτὴν
268 1700 499 1752 μυθολόγημα
509 1703 570 1738 τοῦ
582 1699 744 1752 ξενισμοῦ
757 1701 816 1739 καὶ
833 1704 895 1748 τῆς
906 1703 1080 1754 ὑποδοχῆς
1091 1704 1181 1744 ἔοικε

147 1763 196 1812 μὴ
216 1761 333 1807 πάσης
351 1762 507 1813 ἀμοιρεῖν
530 1759 703 1806 ἀληθείας.
727 1757 857 1798 Ἴίθυον
876 1761 944 1815 γὰρ
967 1761 1180 1811 Ἑκαλήσιον

145 1821 175 1857 οἱ
189 1819 288 1872 πέριξ
302 1820 408 1870 δῆμοι
422 1817 596 1862 συνιόντες
623 1817 802 1871 (Εκαλείῳ
832 1819 903 1868 Διὶ,
924 1821 983 1859 καὶ
998 1820 1180 1869 τὴνἙκά-

149 1880 213 1924 λην
232 1877 564 1929 ἐτίμωνἹζκαλίνην
573 1877 856 1930 ὑποκοριζόμενοι
877 1878 934 1917 διὰ
957 1879 996 1918 τὸ
1015 1882 1180 1930 κάκείνην

147 1936 222 1975 νέον
241 1937 324 1975 ὄντα
340 1937 468 1988 κομιδῗΙ
499 1935 557 1974 τὸν
583 1936 709 1983 Θησέα
734 1936 927 1982 ξενίζουσαν
954 1940 1181 1980 ἀσπάσασθαι

151 1996 413 2048 πρεσῧυτικῶς,
434 1996 492 2033 καὶ
518 1997 798 2048 φιλοφρονεῖσθαι
823 1995 990 2041 τοιούτοις
1015 2001 1181 2054 ὑποκορι-

148 2061 258 2106 σμοῖς.
278 2055 381 2094 'limi
402 2054 437 2092 δὲ
451 2053 580 2101 ηὔξατο
601 2053 664 2106 μὲν
686 2052 772 2108 ὑπὲρ
797 2057 900 2094 αὐτοῦ
918 2059 969 2110 τῷ
985 2058 1061 2106 Διὶ,
1079 2059 1182 2110 βαδί-

148 2117 262 2159 ζοντος
283 2113 340 2151 ἐπὶ
359 2113 422 2160 τὴν
447 2114 585 2165 μάχην,
616 2115 646 2151 εἰ
675 2115 744 2156 σῶς
781 2113 1025 2166 παραγένοιτο,
1052 2116 1182 2166 θύσειν,

149 2173 299 2211 ἀπέθανε
332 2171 367 2210 δὲ
393 2172 473 2224 πρὶν
489 2173 620 2210 ἐκεῖνον
645 2173 858 2220 ἐπανελθεῖν,
885 2172 967 2225 ἔσχε
996 2173 1056 2217 τὰς
1089 2177 1184 2228 εἰρη-

151 2233 258 2283 μένας
289 2231 439 2283 ἀμοιῧὰς
454 2234 516 2278 τῆς
540 2230 735 2285 φιλοξενίας
756 2236 816 2270 τοῦ
831 2231 981 2279 Θησέως
996 2234 1184 2273 κελεύσαν-

149 2307 206 2335 τος
218 2322 228 2340 ,
247 2293 292 2334 ὡς
312 2290 509 2344 (Ιῑιλόχορος
525 2289 721 2344 ἱστόρηκεν.

635 2402 698 2435 36.

197 2463 395 2497 Pallantidas
412 2464 624 2496 Philochorus
640 2466 751 2496 narrat
767 2474 787 2496 a
802 2465 925 2497 Theseo
943 2466 1004 2498 hoc
1027 2467 1125 2498 modo
1141 2468 1189 2500 in-

151 2514 305 2545 teremtos
322 2519 415 2543 esse:
440 2524 454 2538 «
468 2511 604 2543 Pallanti
628 2521 730 2552 quum
755 2514 840 2544 esset
869 2512 903 2544 in
920 2513 1029 2545 animo
1047 2514 1188 2547 Athenas

152 2558 281 2600 aggredi
298 2561 331 2590 et
344 2558 398 2590 via
414 2559 560 2599 Sphettia
575 2563 683 2599 aperte
697 2567 772 2590 cum
789 2560 933 2591 exercitu
948 2560 988 2592 ad
1002 2561 1116 2592 urbem
1135 2571 1189 2593 ac-

155 2608 282 2640 cederet
295 2632 304 2647 ,
331 2606 387 2638 filii
411 2609 481 2648 eJus
513 2617 555 2639 ex
586 2607 688 2648 patris
718 2607 885 2639 voluntate
911 2608 943 2639 in
969 2610 1124 2649 Gargetto
1154 2619 1189 2642 se

153 2664 227 2686 cum
241 2653 424 2694 aequalibus
431 2654 643 2693 collocarunt,
661 2655 708 2694 ut,
723 2663 825 2694 quum
837 2655 1048 2687 Athenienses
1059 2665 1099 2688 ex
1111 2657 1189 2689 urbe

153 2702 272 2742 egressi
295 2703 405 2734 essent
431 2710 614 2742 manusque
641 2702 892 2734 conseruissent
919 2711 994 2734 cum
1022 2704 1166 2736 Pallante
1178 2728 1187 2744 ,

156 2749 218 2790 ipsi
236 2750 482 2790 prorumperent
496 2748 665 2790 primoque
678 2749 802 2790 impetu
822 2748 936 2780 urbem
949 2754 1110 2790 caperent.
1127 2751 1188 2782 Sed

155 2796 206 2827 vir
218 2796 366 2836 quidam,
383 2796 439 2836 qui
455 2796 610 2828 Pallantis
626 2798 696 2828 erat
710 2805 831 2837 praeco,
857 2796 1082 2836 denunciavit,
1102 2797 1187 2838 quod

156 2843 327 2883 agebatur,
343 2843 488 2884 Theseo,
507 2843 600 2884 isque
629 2852 706 2875 cum
726 2843 908 2885 aequalibus
932 2843 1004 2876 illos
1020 2852 1189 2884 aggressus

154 2892 204 2921 est
222 2890 256 2921 et
270 2889 448 2922 interemit.

196 2995 312 3027 Hecale
324 2996 356 3027 et
368 3004 442 3036 quae
463 2995 504 3028 de
531 3004 569 3028 ea
592 2996 700 3028 sabula
727 2995 861 3036 hospitii
875 2997 908 3028 et
937 2996 1081 3028 convivii
1103 3005 1189 3028 com·

157 3045 365 3082 memoratur,
379 3052 443 3074 non
457 3043 591 3075 omnino
620 3043 774 3075 videntur
797 3052 839 3075 ex
856 3052 940 3075 vano
953 3053 1035 3076 esse.
1054 3046 1188 3076 Sacrum

161 3088 365 3120 Hecalesium
383 3089 581 3130 circumJecti
596 3090 708 3132 populi
730 3090 866 3122 concilio
882 3091 1005 3123 indicto
1025 3093 1102 3123 Jovi
1123 3093 1184 3123 He·

158 3134 245 3166 caleo
264 3135 436 3176 faciebant,
454 3139 487 3169 et
503 3138 641 3169 Hecalen
661 3137 823 3177 colebant,
839 3138 1036 3170 diminutivo
1056 3137 1187 3170 nomine

159 3180 337 3213 Hecalinen
355 3183 552 3223 appellantes
571 3194 578 3215 :
597 3184 685 3224 quod
699 3184 751 3216 illa
767 3193 897 3225 quoque
909 3185 1063 3225 Juvenem
1077 3185 1185 3216 admo-

159 3226 237 3258 dum
248 3228 387 3268 hospitio
398 3230 560 3270 excipiens
574 3231 746 3270 Theseum,
756 3232 936 3264 vetularum
954 3241 1042 3264 more
1058 3232 1190 3263 salutas-

160 3275 209 3305 set
223 3275 256 3305 et
270 3274 415 3306 blandita
432 3276 546 3309 suisset
556 3278 583 3309 ei
593 3278 794 3310 diminutivis
805 3279 1001 3310 nominibus.
1019 3281 1100 3316 Quae
1113 3279 1188 3319 quia

162 3328 219 3360 pro
231 3328 269 3351 eo
277 3321 316 3352 ad
331 3330 471 3361 pugnam
483 3325 715 3364 progrediente,
731 3326 758 3357 si
773 3335 884 3367 sospes
901 3326 1104 3366 revertisset,
1114 3328 1133 3357 J
1136 3326 1190 3357 ovi

162 3369 298 3399 voverat
312 3367 435 3400 hostias
450 3393 458 3408 ‚
487 3370 571 3402 diem
589 3374 697 3403 autem
727 3381 824 3404 suum
850 3375 924 3405 ante
939 3373 1027 3404 illius
1047 3373 1186 3405 reditum

863 158 1180 200 PHILOCHORI
1208 158 1538 198 FRAGMENTA.

1280 304 1505 342 Plutarchus
1539 304 1652 342 Thes.
1688 318 1720 340 c.
1752 304 1811 349 16,
1843 311 2047 354 postquam
2087 304 2254 344 fabulam

1230 364 1459 402 memoravit
1485 377 1559 414 qua
1581 363 1693 414 pueri
1722 363 1975 400 Athenienses
2005 363 2045 400 in
2063 363 2255 415 Labyrin-

1230 424 1295 462 tho
1331 423 1389 461 vel
1426 431 1514 474 post
1551 436 1665 473 vagos
1701 435 1852 459 errores
1894 422 2104 470 interiisse,
2135 424 2194 461 vel
2235 437 2257 462 a

1228 483 1450 520 Minotauro
1466 482 1582 519 occisi
1599 495 1681 519 esse
1712 481 1906 529 dicuntur,
1932 482 2077 532 pergit:
2095 481 2256 534 Φιλόχο-

1230 556 1285 595 ρος
1305 539 1341 578 δέ
1361 555 1466 594 φησιν
1485 541 1523 578 οὗ
1549 543 1661 578 ταῦτα
1683 545 1876 592 συγχωρεῖν
1897 540 2059 592 Κρῆτας,
2086 539 2177 579 ἀλλὰ
2194 540 2258 579 λε’-

1228 614 1314 650 γειν,
1330 597 1383 637 ὅτι
1397 597 1528 653 φρουρὰ
1543 596 1606 650 μὲν
1623 591 1664 645 ἧν
1679 601 1697 637 ὁ
1715 597 1950 652 Λαὸύρινθος,
1973 596 2068 636 οὐδὲν
2086 597 2177 651 ἔχων
2195 614 2259 637 κα-

1229 657 1289 696 κὸν
1326 659 1401 696 ἀλλ’
1431 657 1454 704 ἢ
1479 656 1519 696 τὸ
1552 657 1600 708 μὴ
1632 658 1807 711 διαφυγεῖν
1844 656 1922 700 τοὺς
1967 657 2258 710 φυλαττομένους.

1231 717 1365 768 Ἀγῶνα
1397 715 1434 755 δὲ
1450 720 1468 755 ὃ
1488 715 1609 760 Μίνως
1639 716 1693 755 ἐπ’
1731 714 1920 768 Ἀνδρόγεῳ
1945 715 2111 767 γυμνικὸν
2132 715 2261 765 ἐποίει,

1230 775 1382 819 καὶτοὺς
1400 776 1526 819 παῖδας
1549 769 1639 814 ἆθλα
1657 781 1727 818 τοῖς
1745 777 1886 813 νικῶσιν
1908 774 2019 812 ἐδίδου
2038 773 2124 819 τέως
2154 776 2189 814 ἐν
2210 777 2262 828 τῷ

1231 833 1439 888 Λαὸυρίνθῳ
1457 834 1748 888 φυλαττομένους.
1776 833 1904 872 'Evina
1924 833 1960 871 δὲ
1979 833 2059 878 τοὺς
2076 832 2263 888 προτέρους

1232 894 1370 945 ἀγῶνας
1397 896 1415 932 ὁ
1444 892 1608 945 μέγιστον
1638 893 1722 946 παρ’
1747 894 1841 946 αὐτῷ
1869 892 2058 944 δυνάμενος
2089 892 2169 931 τότε
2202 891 2263 931 καὶ

1233 953 1453 1006 στρατηγῶν,
1486 950 1598 1002 ὄνομα
1630 953 1786 1005 Ταῦρος,
1813 951 1903 1002 ἀνὴρ
1934 952 1998 990 οὐκ
2028 949 2184 998 ἐπιεικὴς
2201 950 2264 990 καὶ

1232 1009 1362 1064 ἥμερος
1376 1009 1434 1048 τὸν
1448 1009 1590 1062 τρόπον,
1610 1008 1700 1048 ἀλλὰ
1713 1008 1772 1048 καὶ
1788 1015 1859 1053 τοῖς
1875 1009 1976 1048 παισὶ
1989 1012 2058 1048 τῶν
2075 1008 2265 1057 Ἀθηναίων

1234 1067 1463 1121 ὑπερηφάνως
1481 1068 1540 1106 καὶ
1555 1069 1720 1120 χαλεπῶς
1735 1069 2025 1123 προσφερόμενος.

1290 1185 1427 1223 Euseb.
1448 1189 1555 1223 Arm.
1572 1189 1619 1223 N.
1639 1187 1730 1233 787,
1749 1200 1786 1237 p.
1808 1186 1883 1236 ²95
1901 1187 1960 1224 ed.
1981 1187 2082 1225 Mai:
2099 1190 2158 1225 Ea
2181 1201 2268 1236 quoe

1235 1246 1282 1280 cle
1300 1246 1516 1281 Minotauro
1546 1254 1680 1281 narrat
1708 1246 1948 1282 Philochorus
1970 1250 2008 1282 in
2041 1247 2201 1284 Atthidis
2213 1259 2269 1282 se-

1237 1305 1354 1339 eundo
1369 1317 1381 1339 .·
1398 1317 1530 1352 nempe
1533 1303 1657 1351 flasse
1673 1305 1800 1340 dacem
1811 1306 1996 1353 quendam
2012 1306 2268 1342 Minotaurum

1237 1371 1374 1398 natura
1406 1364 1589 1398 crudelem
1619 1372 1657 1399 et
1678 1362 1850 1410 esserum.
1879 1365 1968 1400 Iam
2002 1377 2114 1413 quum
2142 1365 2270 1400 Minos

1238 1434 1395 1470 agonem
1411 1430 1570 1470 propter
1604 1423 1856 1471 Androgeum,
1891 1436 1999 1471 quem
2027 1423 2270 1459 Athenienses

1238 1481 1457 1525 occiderant,
1478 1479 1688 1526 celebraret,
1705 1483 1906 1530 victorique
1907 1482 2014 1530 filios
2026 1485 2162 1518 Atticos
2165 1494 2272 1530 pra?-

1239 1542 1305 1574 mii
1323 1541 1398 1574 loco
1422 1540 1646 1583 decerneret,
1677 1541 1914 1576 Minotaurus
1940 1539 2082 1577 viribus
2097 1544 2272 1591 proepol-

1241 1599 1320 1633 lens
1339 1606 1484 1633 cunnos
1508 1597 1711 1646 superabat
1720 1612 1735 1642 ;
1753 1600 1867 1635 donee
1885 1612 1909 1635 a
1928 1600 2063 1636 Theseo
2075 1604 2140 1648 qui
2150 1613 2271 1637 seeum

1240 1660 1391 1693 certavit
1400 1657 1677 1705 victu.sfiliosse
1696 1657 1856 1695 libertati
1875 1660 2099 1695 redditurum
2114 1672 2272 1708 spopon-

1239 1716 1303 1751 dit.
1322 1718 1467 1751 Harum
1483 1728 1604 1751 rerum
1623 1725 1728 1752 testes
1744 1726 1831 1753 sunt
1845 1721 1955 1753 etiam
1984 1717 2135 1754 Cnossii.

1293 1767 1493 1817 Syncellus
1518 1781 1557 1819 p.
1585 1770 1672 1815 163,
1688 1771 1739 1806 C:
1767 1768 1875 1806 Αὐτοὶ
1900 1768 1937 1806 δὲ
1976 1771 2007 1807 οἱ
2035 1767 2191 1807 Κνώσιοι
2210 1768 2273 1807 λέ-

1240 1840 1373 1877 γουσιν,
1417 1818 1506 1864 εἶναι
1539 1829 1600 1864 τοῦ
1623 1826 1726 1865 Μίνω
1758 1826 1966 1880 στρατηγὸν,
2005 1826 2040 1871 ὃς
2072 1827 2274 1880 ὠνομάζετο

1240 1887 1399 1937 Ταῦρος,
1419 1882 1482 1931 τὴν
1503 1883 1540 1922 δὲ
1560 1883 1660 1938 φύσιν
1695 1884 1790 1936 ὠμὸς
1812 1885 1874 1923 καὶ
1902 1887 2074 1937 ἀνήμερος
2090 1879 2146 1933 ἧν.
2172 1885 2274 1925 Ἐπεὶ

1241 1942 1277 1981 δὲ
1295 1942 1416 1987 Μίνως
1443 1944 1563 1995 ἀγῶνα
1583 1943 1637 1982 ἐπ’
1659 1943 1848 1998 Ἀνδρογέῳ
1871 1944 1973 1983 ἐτίθει
1988 1976 1998 1993 ,
2012 1943 2048 1983 ὃν
2064 1943 2273 1984 ἀπέκτειναν

1242 2003 1437 2051 Ἀθηναῖοι,
1454 2002 1533 2046 τοὺς
1555 2002 1730 2047 Ἀττικοὺς
1752 2002 1788 2041 δὲ
1813 2005 1941 2047 παῖδας
1967 2002 2117 2042 ἔπαθλον
2148 2003 2275 2052 ἐδίδου,

1242 2060 1383 2114 ἰσχυρὸς
1407 2060 1455 2099 ὢν
1498 2064 1516 2100 ὁ
1553 2063 1692 2115 Ταῦρος
1717 2062 1856 2101 πάντων
1884 2062 2104 2116 κατεκράτει.
2149 2062 2214 2106 ‘stc
2238 2061 2275 2101 δὲ

1241 2119 1300 2158 καὶ
1317 2122 1368 2173 τῷ
1387 2121 1502 2168 Θησεῖ
1523 2125 1583 2159 τοῦ
1613 2123 1744 2173 ἀγῶνος
1765 2121 1931 2173 μετεδόθη
1944 2152 1954 2170 ,
1972 2121 2031 2160 καὶ
2055 2120 2113 2160 τὸν
2133 2123 2275 2176 Ταῦρον

1241 2178 1494 2230 κατεπάλαισε,
1515 2179 1642 2228 συνέὸη
1665 2180 1724 2218 καὶ
1746 2179 1825 2224 τοὺς
1842 2181 1970 2224 παῖδας
1986 2181 2197 2226 διασωθῆναι
2216 2179 2276 2218 καὶ

1241 2237 1305 2285 τὴν
1345 2237 1448 2277 πόλιν
1475 2240 1703 2293 ἀφαιρεθῆναι
1737 2244 1799 2278 τοῦ
1831 2240 1985 2291 δασμοῦ,
2011 2241 2057 2283 ὥς
2078 2238 2277 2292 Φιλόχορος

1242 2296 1425 2351 ἱστόρησεν
1446 2299 1481 2336 ἐν
1497 2297 1640 2353 δευτέρᾳ
1657 2297 1815 2342 Ἀτθίδος.

1247 2400 1382 2440 obierat,
1400 2401 1470 2433 haec
1492 2401 1603 2434 retulit
1622 2401 1850 2443 hospitalitatis
1877 2401 1992 2435 Thesei
2007 2401 2103 2443 J'ussu
2126 2401 2260 2443 praemia

1249 2451 1284 2480 ut
1298 2448 1510 2480 Philochorus
1526 2449 1670 2482 tradidit.

1290 2549 1460 2580 Cretenses
1477 2549 1689 2581 Philochorus
1713 2551 1827 2581 auctor
1852 2551 1901 2581 est
1920 2549 1991 2581 haec
2013 2547 2132 2581 infitias
2152 2549 2220 2589 ire,
2237 2556 2276 2580 ac

1252 2595 1358 2627 dicere
1372 2619 1380 2634 ‚
1396 2596 1578 2627 custodiam
1595 2596 1831 2636 Labyrinthum
1849 2596 1950 2627 fuisse
1963 2619 1973 2635 ,
1987 2604 2062 2636 quae
2081 2595 2161 2627 nihil
2177 2595 2252 2627 mali
2263 2618 2274 2635 ,
2317 2604 2320 2639 ζ

1248 2642 1310 2673 nisi
1326 2642 1415 2682 quod
1432 2652 1497 2674 non
1516 2643 1659 2675 valerent
1672 2643 1749 2674 inde
1763 2643 1903 2683 effugere
1927 2642 2100 2681 custoditi,
2117 2641 2248 2674 haberet
2266 2651 2275 2673 :

1247 2690 1398 2723 Minoem.
1413 2690 1444 2720 in
1460 2690 1619 2730 Androgei
1644 2689 1832 2721 memoriam
1846 2689 1940 2721 ludos
1954 2689 2122 2730 gymnicos
2139 2689 2254 2721 secisse
2265 2711 2276 2728 ,
2316 2687 2320 2706 ·'

1249 2736 1494 2777 victoribusque
1516 2737 1650 2777 praemio
1666 2737 1794 2768 dedisse
1810 2744 1944 2777 pueros,
1962 2735 2018 2776 qui
2038 2738 2117 2767 tunc
2138 2735 2171 2767 in
2188 2735 2275 2777 laby·
2315 2743 2320 2775 ,'

1248 2783 1357 2815 rintho
1371 2784 1526 2815 asservati
1543 2785 1662 2815 essent.
1689 2783 1815 2814 Vicisse
1830 2782 1992 2823 prioribus
2010 2781 2096 2814 ludis
2111 2791 2186 2814 eum
2199 2806 2208 2822 ,
2225 2791 2277 2816 cu-

1245 2831 1302 2871 jus
1322 2831 1435 2862 suisset
1451 2830 1481 2862 id
1501 2831 1657 2871 temporis
1670 2830 1774 2871 prima
1794 2829 1881 2870 apud
1897 2829 1988 2860 illum
2005 2829 2179 2861 auctoritas
2193 2853 2202 2868 ‚
2223 2839 2278 2862 no.
2312 2829 2314 2833 ’

1247 2878 1333 2910 mine
1350 2881 1504 2917 Taurum,
1519 2878 1642 2910 militiae
1657 2877 1859 2918 praefectum,
1869 2877 1943 2909 feris
1959 2878 1992 2909 et
2007 2876 2097 2908 duris
2112 2877 2275 2910 hominem
2309 2892 2320 2914 γ

1248 2925 1392 2962 moribus
1404 2949 1413 2965 ,
1429 2925 1484 2966 qui
1504 2934 1621 2967 pueros
1636 2924 1882 2957 Atheniensium
1901 2924 2038 2965 superbe
2056 2926 2088 2957 et
2103 2925 2276 2958 crudeliter

1248 2973 1390 3005 haberet.

1737 3033 1797 3066 39.

1288 3091 1354 3132 Ipsi
1378 3091 1505 3125 Cnossii
1532 3090 1684 3130 tradunt,
1700 3090 1840 3123 Minoem
1856 3089 2010 3122 habuisse
2031 3090 2152 3122 militiae
2166 3089 2277 3131 praese-
2315 3101 2320 3104 ·

1248 3141 1354 3177 ctum,
1374 3138 1505 3170 nomine
1517 3140 1659 3169 Taurum
1672 3161 1681 3176 ‚
1698 3137 1861 3169 hominem
1876 3137 1978 3169 ferum
1995 3146 2033 3169 ac
2050 3137 2163 3168 rudem
2180 3136 2272 3168 mori·
2309 3156 2312 3158 >

1247 3185 1322 3217 bus.
1339 3187 1448 3223 Quum
1461 3187 1570 3217 autem
1585 3185 1692 3216 Minos
1707 3187 1867 3216 certamen
1896 3184 2089 3216 instituisset
2107 3184 2140 3215 in
2154 3183 2274 3215 Andro·
2298 3182 2320 3214 -ῗ

1222 3255 1231 3262 .
1247 3232 1412 3272 gei‚quem
1425 3231 1876 3270 Atheniensesinterfecerant,
1886 3230 2086 3270 memoriam,
2095 3237 2274 3271 puerosque
2306 3225 2317 3266 f'

1248 3278 1373 3311 Atticos
1386 3278 1519 3319 praemio
1529 3278 1630 3316 daret,
1646 3280 1783 3317 Taurus,
1793 3278 1843 3309 vir
1856 3278 1957 3314 sortis,
1972 3285 2085 3309 omnes
2099 3274 2272 3317 superavit.

1249 3325 1308 3357 sed
1322 3333 1423 3365 quum
1438 3324 1578 3356 Theseus
1593 3333 1723 3364 quoque
1736 3324 1767 3355 in
1780 3325 1955 3356 certamine
1969 3322 2185 3361 contenderet,
2197 3323 2274 3353 Tau·
2314 3319 2320 3331 “

1249 3380 1386 3413 rumque
1402 3371 1608 3411 devinceret,
1626 3370 1734 3403 evenit
1763 3374 1798 3402 ut
1823 3371 1914 3412 pueri
1933 3371 2142 3403 servarentur
2157 3370 2189 3400 et
2199 3367 2273 3400 urbs
2296 3378 2320 3403 “,-,
