2320 3684
143 195 192 228 90

142 273 266 317 εὔθέως
285 268 392 327 εἷρεν.
413 271 542 316 Διῶξαι
560 269 626 323 γὰρ
646 268 704 306 τὸν
724 266 892 307 Φύλακον
921 265 1009 317 μετὰ
1029 266 1164 319 μαχαί-

143 349 203 387 ρας
222 333 280 371 τὸν
300 330 456 386 Ἴφικλον
478 330 527 368 ἔτι
543 327 679 378 νεογνὸν
700 325 784 364 ὄντα
814 326 872 364 διὰ
890 325 930 364 τὸ
949 326 1033 364 ἰδεῖν
1062 325 1164 364 αὐτὸν

143 389 270 430 ἄτοπόν
288 407 323 428 τι
340 392 518 428 ποιοῦντα.
538 385 692 424 Ἔπειτα
708 383 766 422 τὸν
794 382 962 423 Φύλακον
983 382 1032 435 μὴ
1052 399 1165 422 κατα-

142 447 389 501 λαμὸάνοντα,
408 446 515 492 πῆξαι
542 443 606 491 τὴν
633 442 814 496 μάχαιραν
835 441 882 486 εἴς
907 458 985 480 τινα
1004 441 1166 496 ἅχερδον,

144 508 203 546 καὶ
221 510 406 560 περιφῦναι
430 505 518 555 αὐτῇ
545 502 603 541 τὸν
627 501 757 555 φλοιόν.
778 500 850 540 Τὸν
872 499 908 539 δὲ
923 499 1079 554 Ἴφικλον
1110 499 1168 540 διὰ

144 566 183 604 τὸ
201 565 276 608 δέος
306 562 433 615 μηκέτι
453 563 581 605 παῖδας
598 564 755 607 ποιῆσαι.
771 559 977 599 Ἐκέλευσεν
996 554 1054 599 oliv
1077 563 1095 599 ὁ
1109 561 1168 598 αἷ-

143 623 265 675 γυπιὸς
283 622 345 670 τὴν
366 621 545 674 μάχαιραν
565 618 627 667 τὴν
646 621 680 658 ἐν
697 621 747 672 τῷ
764 617 902 672 ἀχέρδῳ
923 618 1090 670 κομίζειν,
1108 618 1168 657 καὶ

145 680 397 733 ἀποσμήξαντα
413 680 472 718 τὸν
492 678 543 718 ἰὸν
561 677 692 717 διδόναι
715 678 776 716 ἀπ’
793 679 899 725 αὐτῆς
913 683 1003 716 πιεῖν
1027 679 1062 716 ἐν
1087 677 1169 731 οἴνῳ

146 740 232 780 δέκα
250 739 383 793 ἡμέρας
406 738 572 791 Ἰφίκλῳ”
598 739 765 789 γεννῆσαι
794 735 831 775 δὲ
853 738 948 790 αὐτῷ
978 737 1104 780 παῖδας
1131 738 1170 775 ἐκ

145 798 281 838 τούτου.
318 796 477 845 Ποιήσας
507 795 544 835 δὲ
577 798 596 835 ὃ
630 795 787 851 Ἴφικλος
821 798 923 834 τοῦτο
935 826 944 844 ,
973 794 1036 842 τὴν
1065 794 1170 846 γονὴν

147 855 396 910 ἀναῤῥώννυσι.
418 855 490 894 Καὶ
512 854 606 907 ἴσχει
626 853 814 907 Ποδάρκην
837 854 958 892 παῖδα.
979 853 1050 892 Καὶ
1066 852 1172 891 δίδω-

146 931 181 953 σι
198 915 261 958 τὰς
288 917 367 967 βοῦς
385 916 435 967 τῷ
455 911 679 964 Μελάμποδι.
702 909 762 955 Ἃς
787 910 960 962 λαμὸάνει
989 911 1097 958 αὐτὴν
1122 913 1172 964 τῷ

109 992 113 995 ·
147 974 287 1027 ἀδελφῷ
306 972 429 1011 Βίαντι
440 971 526 1024 πρὸς
541 970 667 1023 γάμον,
684 969 744 1008 καὶ
762 971 858 1023 αὐτῷ
868 969 1022 1020 γίνονται
1037 970 1172 1016 παῖδες,

149 1030 350 1086 Περιαλκὴς
363 1061 373 1080 ,
400 1030 459 1069 καὶ
488 1028 634 1083 Ἄρητος
673 1028 768 1081 (leg.
805 1028 963 1082 Ἀρήϊος)
996 1028 1055 1067 καὶ
1097 1028 1174 1067 Ἀλ-

149 1088 320 1144 φεσίὸοια.
359 1089 406 1128 ‘H
452 1087 489 1126 δὲ
538 1087 674 1141 ἱστορία
708 1087 805 1141 παρὰ
841 1085 1026 1140 Φερεκύδῃ
1057 1088 1092 1124 ἓν
1130 1088 1174 1139 τῇ

149 1147 297 1201 ἑὸδόμῃ.

203 1205 347 1260 Ὀφρύν.
364 1205 566 1244 Barnesius
585 1205 762 1243 emendat
776 1202 908 1257 Ὄθρυν
924 1203 1177 1255 probantibus

151 1266 387 1304 Buttmanno
422 1273 460 1302 et
498 1264 660 1302 Sturzio.
683 1267 758 1301 Pro
780 1262 892 1301 αἰτίαν
915 1265 976 1309 τ’ἥς
1013 1261 1179 1304 ἀπαιδίας

150 1339 211 1362 σπ.
240 1325 492 1362 Buttmannus
527 1322 619 1373 poni
643 1321 755 1372 jubet
792 1321 906 1359 αἰτίαν
937 1323 1000 1366 τῆς
1035 1319 1179 1363 ἄπαιδος

151 1388 293 1435 σπορᾶς,
313 1381 441 1420 Verba
459 1380 520 1419 ἀπ’
544 1382 650 1426 αὐτῆς
679 1380 831 1419 Sturzio
849 1379 1029 1418 videntur
1046 1392 1179 1416 remo-

152 1442 251 1479 tiora
269 1454 370 1487 esse,
387 1453 501 1491 quam
522 1448 565 1477 ut
587 1438 788 1477 commode
803 1446 959 1489 possent
977 1437 1024 1474 ad
1050 1436 1182 1489 μάχαι-

155 1514 217 1553 ραν
236 1499 371 1537 reserri
383 1529 392 1546 ‚
416 1512 536 1549 quare
555 1497 700 1535 mavult
719 1496 779 1535 ἀπ’
804 1497 930 1545 αὐτοῦ,
951 1510 1000 1534 sc.
1018 1497 1083 1534 ἰοῦ.
1106 1497 1182 1534 Pro

152 1560 319 1609 γεννῆσαι
339 1557 584 1595 scribendum
599 1564 656 1594 est
675 1556 735 1593 vel
753 1569 840 1594 cum
858 1558 1090 1593 Buttmanno
1106 1569 1184 1606 γεν-

152 1615 320 1663 νήσεσθαι
346 1614 381 1653 δὲ
400 1616 518 1668 αὐτῷ,
541 1616 602 1653 vel
633 1628 719 1652 cum
749 1614 902 1653 Sturzio
933 1612 1111 1664 γεννήσειν
1145 1612 1183 1651 δὲ

154 1675 272 1714 αὐτὸν.
292 1678 337 1712 In
361 1674 400 1718 ἃς
418 1673 594 1725 λαμὸάνει
621 1671 730 1719 αὐτὴν
749 1687 831 1723 sqq.
864 1673 976 1723 plura
997 1672 1185 1710 excidisse

155 1741 334 1785 apparet,
355 1746 440 1784 quae
460 1741 587 1770 tamen
604 1732 753 1769 restitui
773 1739 934 1781 possunt
951 1745 998 1768 ex
1011 1731 1183 1768 Eustath.

154 1807 192 1844 p.
218 1792 331 1840 1685,
351 1798 413 1838 44,
430 1790 469 1835 ἃς
484 1790 595 1842 λαμὸ.
616 1789 676 1828 καὶ
693 1787 835 1841 ἀγαγὼν
859 1790 907 1832 εἰς
931 1787 1050 1828 Πύλον
1066 1788 1186 1827 δίδωσι

155 1853 265 1899 Νηλεῖ
279 1850 361 1889 ἕδνα
372 1853 435 1897 τῆς
455 1852 615 1903 Πηροῦς,
630 1848 689 1887 καὶ
705 1848 880 1899 λαμὸάνει
894 1857 965 1886 etc.
979 1876 1026 1883 -
1044 1852 1184 1887 Buttm.

155 1911 280 1948 edidit
300 1909 340 1953 ἃς
361 1908 480 1947 λαὸὼν
494 1908 554 1946 καὶ
575 1906 716 1959 ἀγαγὼν
738 1907 859 1946 δίδωσι
884 1907 995 1954 Νηλεῖ
1015 1905 1096 1945 ἕδνα
1125 1910 1188 1954 τῆς

157 1970 314 2022 Πηροῦς,
334 1967 394 2006 καὶ
407 1966 582 2018 λαμὸάνει
602 1975 674 2004 etc.

210 2097 338 2136 Schol.
349 2096 484 2146 Eurip.
495 2095 577 2133 Ale.
594 2109 609 2131 1
626 2109 634 2132 ε
655 2093 857 2148 Φερεκύδης
867 2092 905 2132 οὔ
916 2108 1002 2146 φησι
1015 2091 1096 2136 τοὺς
1111 2092 1191 2132 Κύ-

158 2156 302 2198 κλωπας
321 2154 388 2192 ὑπὸ
406 2153 629 2196 Ἀπόλλωνος
651 2154 867 2206 ἀνῃρῆσθαι,
884 2151 975 2190 ἀλλὰ
1000 2150 1080 2196 τοὺς
1099 2150 1192 2195 υἱοὺς

161 2215 288 2262 αὐτῶν,
299 2212 442 2267 γράφων
455 2212 546 2251 οὕτω
558 2228 567 2236 ·
584 2230 599 2246 «
616 2211 707 2265 Παρ’
719 2211 822 2249 αὐτὸν
838 2210 896 2251 τὸν
907 2207 1081 2262 Ἄδμητον
1091 2209 1193 2264 ἔρχε-

163 2345 305 2388 Iphiclus
321 2347 454 2384 careret,
471 2344 582 2376 statim
598 2343 732 2375 detexit.
749 2342 878 2374 Etenim
912 2343 1089 2383 Phylacum
1125 2343 1190 2374 cul-

162 2396 214 2426 tro
226 2394 432 2434 persecutum
451 2400 523 2424 esse
537 2390 698 2432 Iphiclum
719 2390 826 2422 adhuc
847 2389 1030 2430 parvulum,
1047 2389 1122 2430 quia
1137 2390 1189 2421 ab·

163 2439 299 2472 surdum
315 2438 437 2480 aliquid
452 2438 622 2470 facientem
639 2437 785 2469 vidisset.
809 2436 871 2468 Sed
890 2445 992 2476 quum
1009 2434 1192 2476 fugientem

164 2495 230 2518 non
258 2487 343 2518 esset
375 2485 545 2517 assecutus
557 2507 567 2523 ‚
597 2484 739 2516 cultrum
778 2483 949 2524 impegisse
982 2482 1107 2518 arbori,
1125 2483 1191 2514 cui-

165 2533 241 2565 dam
257 2532 435 2574 spinigerae,
453 2532 546 2572 quus
568 2532 678 2564 cortex
696 2539 770 2562 eum
789 2529 934 2562 ambiens
949 2529 1066 2560 annuis
1093 2529 1194 2562 incre-

167 2579 284 2612 mentis
306 2580 433 2611 tantum
447 2587 509 2610 non
527 2578 730 2610 obduxisset.
748 2577 909 2618 Iphiclum
926 2585 1002 2608 vero
1022 2578 1111 2608 tanto
1125 2585 1193 2617 per-

166 2626 293 2658 culsum
301 2634 372 2657 esse
381 2627 513 2663 terrore,
521 2627 558 2656 ut
572 2624 649 2656 inde
676 2623 717 2655 ab
731 2624 791 2655 hoc
807 2624 951 2663 tempore
965 2632 1031 2654 non
1037 2623 1196 2663 potuisset

166 2673 293 2714 gignere
308 2672 403 2704 filios.
422 2671 528 2704 Jussit
547 2671 644 2712 igitur
660 2671 770 2702 vultur
783 2670 935 2710 cultrum,
953 2669 1008 2710 qui
1023 2670 1058 2700 in
1073 2670 1134 2701 ista
1149 2678 1196 2701 ar-

167 2721 244 2753 bore
259 2723 362 2757 esset,
379 2719 502 2759 afferri,
515 2719 689 2760 aeruginem
706 2717 748 2750 ab
762 2726 801 2750 eo
814 2717 953 2758 abstergi
969 2725 1105 2758 eamque
1120 2716 1196 2748 vino

169 2767 352 2800 immixtam
368 2776 426 2809 per
447 2767 559 2799 decem
587 2766 655 2798 dies
675 2765 847 2798 bibendam
864 2764 933 2796 dari
957 2763 1097 2805 Iphiclo;
1124 2763 1198 2795 inde

169 2823 243 2846 cum
257 2814 374 2846 liberos
384 2815 627 2855 procreaturum
640 2822 721 2845 esse.
737 2812 827 2845 Fecit
838 2812 899 2843 hoc
919 2803 1070 2852 Iphiclus,
1081 2814 1114 2842 et
1123 2809 1200 2842 hinc

171 2861 342 2901 pristinum
350 2861 563 2902 generationis
570 2861 669 2892 robur
675 2859 704 2892 ei
715 2859 876 2891 redditum
884 2860 944 2891 est.
953 2858 1071 2890 Filium
1084 2859 1199 2888 nactus

171 2909 221 2940 est
250 2908 425 2941 Podarcen.
447 2908 641 2949 Melampodi
662 2909 771 2940 autem
789 2906 890 2938 boves
911 2905 1012 2945 dedit,
1041 2913 1122 2945 quas
1143 2906 1200 2944 Py·

173 2953 239 2985 lum
252 2955 304 2986 ille
317 2955 447 2996 abigens
457 2956 555 2988 Neleo
564 2955 653 2987 dedit
666 2963 801 2987 munera
814 2953 987 2995 sponsalia,
1002 2955 1034 2984 et
1040 2954 1197 2984 Peronem

177 3000 313 3033 adduxit
332 3002 420 3033 fratri
436 3026 444 3042 ‚
462 3003 518 3043 qui
538 3002 744 3035 matrimonio
758 3010 840 3034 -eam
869 3001 944 3034 sibi.
956 3000 1112 3041 jungeret.
1128 3000 1201 3031 Pro·

175 3048 272 3079 creati
288 3048 328 3080 ab
343 3057 381 3081 eo
398 3053 474 3082 sunt
490 3050 658 3090 Perialces‚
678 3049 809 3089 Areius,
828 3047 1042 3090 Alphesiboea.

656 3111 720 3143 76.

218 3165 267 3196 Ad
282 3164 368 3196 hunc
382 3166 555 3197 Admetum
572 3167 661 3198 venit
674 3166 788 3207 Apollo
800 3165 892 3198 Jovis
902 3165 996 3206 jussu
1010 3171 1067 3205 per
1080 3169 1202 3194 annum

179 3211 371 3251 serviturus,
389 3213 478 3252 quod
493 3214 622 3245 Brontae
638 3216 670 3245 et
693 3216 836 3254 Steropae
853 3214 885 3245 et
904 3214 996 3253 Argoe
1012 3209 1095 3243 filios
1110 3209 1203 3240 inter-

179 3257 308 3290 fecerat.
320 3259 384 3290 Eos
393 3260 501 3290 autem
513 3260 669 3291 interfecit
681 3261 794 3301 Apollo
802 3260 874 3292 Jovi
884 3259 997 3297 iratus,
1005 3258 1082 3299 quia
1096 3258 1204 3288 AEscue

180 3304 420 3345 lapiumfilium
438 3305 470 3336 in
486 3306 600 3345 Pythia
617 3306 752 3338 fulmine
765 3306 934 3339 occiderat.
953 3306 1100 3338 Mortuos
1115 3302 1202 3335 enim

180 3354 248 3384 arte
266 3360 325 3384 sua
341 3352 417 3383 vitae
430 3352 579 3384 reddidit.

849 179 1164 221 PHEBECYDIS
1191 179 1522 219 FRAGMENTA.

1220 282 1278 304 ται
1301 265 1477 305 Ἀπόλλων
1497 264 1674 312 θητεύσων
1694 262 1868 310 ἐνιαυτὸν,
1890 262 1969 306 Διὸς
1991 263 2239 315 κελεύσαντος,

1221 323 1273 362 ὅτι
1290 323 1416 363 κτείνει
1441 327 1501 361 τοῦ
1528 321 1687 376 Βρόντεω
1713 321 1772 360 καὶ
1807 320 1993 374 Στερόπεω
2019 321 2079 360 καὶ
2106 319 2238 374 Ἄργει.)

1221 383 1358 426 παῖδας.
1386 381 1526 421 Κτείνει
1548 380 1584 419 δὲ
1610 380 1734 424 αὐτοὺς
1756 378 1950 427 Ἀπόλλων,
1971 379 2028 418 Διὶ
2051 381 2238 434 μεμφθεὶς,

1222 440 1275 479 ὅτι
1292 440 1417 480 κτείνει
1436 439 1522 484 Ζεὺς
1541 439 1757 486 Ἀσκληπιὸν
1776 437 1835 476 τὸν
1851 438 1961 476 παῖδα
1980 439 2084 476 αὐτοῦ
2112 454 2241 492 κεραυ-

1225 502 1272 552 νῷ
1287 500 1321 538 ἐν
1338 500 1494 538 Πυθῶνι.
1506 496 1691 544 Ἀνέστησε
1701 496 1767 550 γὰρ
1779 495 1922 546 ἰώμενος
1932 494 2011 539 τοὺς
2020 498 2241 541 τεθνεῶτας·

1277 631 1403 670 Schol.
1439 634 1594 669 Homer.
1638 629 1774 678 Odyss.
1809 630 1858 675 A,
1896 628 1972 666 320
1994 642 2002 665 ε
2032 627 2193 682 Κέφαλος
2225 631 2246 668 ὁ

1226 688 1399 736 Δηϊονέως
1414 688 1530 740 γήμας
1549 686 1702 740 Πρόκριν
1719 685 1782 734 τὴν
1810 685 2024 739 Ἐρεχθέως,
2046 688 2080 724 ἐν
2103 689 2146 739 τῇ
2169 687 2246 726 Oo-
2277 685 2282 696 “

1228 747 1328 801 ριέων
1344 745 1508 800 κατῴκει.
1526 739 1650 785 Θέλων
1667 743 1704 783 δὲ
1719 747 1781 791 τῆς
1798 743 1960 795 γυναικὸς
1978 746 2246 797 ἀποπειρᾶσθαι,

1225 805 1365 858 λέγεται
1387 807 1436 849 εἰς
1451 803 1648 854 ἀποδημίαν
1666 803 1723 842 ἐπὶ
1741 802 1800 850 ἔτη
1819 802 1910 842 ὀκτὼ
1922 831 1933 851 ,
1958 801 2161 841 καταλιπὼν
2181 803 2248 841 αὖ-

1227 864 1290 912 τὴν
1314 863 1366 902 ἔτι
1383 863 1521 918 νύμφην
1541 857 1660 902 οὖσαν.
1687 861 1839 901 Ἔπειτα
1867 860 2163 912 κατακοσμήσας,
2187 861 2247 899 καὶ

1230 924 1390 970 ἀλλοειδῆ
1430 921 1550 961 ἑαυτὸν
1584 920 1734 968 ποιήσας
1746 951 1756 969 ,
1793 919 1933 974 ἔρχεται
1965 921 2011 963 εἰς
2038 918 2101 966 τὴν
2119 918 2250 967 οἰκίαν,

1230 981 1321 1035 ἔχων
1334 980 1464 1032 κόσμον
1478 996 1486 1005 ·
1501 980 1561 1019 καὶ
1579 980 1688 1019 πείθει
1707 978 1769 1026 τὴν
1787 978 1941 1032 Πρόκριν
1959 976 2120 1023 δέξασθαι
2135 981 2250 1026 τοῦτο,

1183 1072 1188 1078 .
1230 1040 1289 1078 καὶ
1308 1041 1527 1091 συμμιγῆναι
1546 1039 1652 1092 αὖτῷ.
1673 1037 1716 1075 Ἥ
1739 1035 1775 1074 δὲ
1793 1036 1943 1089 Πρόκρις
1960 1034 2252 1090 ἐποφθαλμίσασα

1231 1101 1281 1152 τῷ
1300 1097 1446 1150 κόσμῳ,
1474 1095 1533 1134 καὶ
1569 1095 1627 1134 τὸν
1657 1094 1819 1148 Κέφαλον
1839 1097 1955 1148 δρῶσα
1984 1094 2096 1148 κάρτα
2132 1093 2254 1140 καλὸν,
2300 1102 2303 1106 “

1234 1162 1464 1208 συγκοιμᾶται
1493 1156 1598 1208 αὐτῷ.
1633 1153 1812 1206 Ἔκφήνας
1830 1152 1866 1191 δὲ
1889 1153 2009 1191 ἑαυτὸν
2029 1156 2048 1192 ὃ
2077 1152 2255 1206 Κέφαλος,

1235 1217 1387 1254 αἰτιᾶται
1417 1213 1480 1261 τὴν
1517 1212 1684 1267 Πρόκριν.
1716 1213 1771 1251 Οὔ
1807 1210 1875 1262 μὴν
1901 1209 1991 1249 ἀλλὰ
2026 1210 2258 1262 καταλλαγεὶς

1235 1271 1412 1326 ἐξέρχεται
1429 1272 1488 1310 ἐπὶ
1503 1271 1624 1325 θήραν.
1649 1272 1797 1313 Πυκνῶς
1812 1269 1848 1307 δὲ
1863 1271 1967 1308 αὐτοῦ
1983 1273 2083 1308 τοῦτο
2096 1269 2257 1322 δρῶντος,

1236 1331 1461 1370 ὑπώπτευσεν
1481 1333 1504 1377 ἡ
1523 1328 1692 1383 Πρόκρις,
1715 1327 1768 1367 ὅτι
1795 1328 1958 1379 μίσγεται
1984 1327 2122 1379 γυναικὶ
2142 1326 2258 1382 ἑτέρᾳ.

1238 1388 1565 1444 Προσκαλεσαμένη
1579 1382 1637 1427 οῧν
1654 1387 1712 1425 τὸν
1734 1385 1871 1433 οἰκέτην
1890 1385 2005 1437 ἔλεγεν
2028 1388 2058 1424 εἰ
2092 1385 2258 1425 σύνοιδεν.

1240 1449 1282 1489 Ὁ
1299 1448 1335 1486 δὲ
1352 1447 1511 1502 θεράπων
1526 1446 1592 1501 ἔφη
1611 1446 1670 1485 τὸν
1687 1444 1850 1498 Κέφαλον
1871 1445 1954 1484 ἰδεῖν
1974 1443 2032 1483 ἐπί
2053 1459 2144 1488 τινος
2163 1444 2262 1499 ὅρους

1238 1506 1407 1562 κορυφὴν,
1426 1507 1485 1545 καὶ
1504 1505 1617 1558 λέγειν
1636 1507 1773 1557 συχνῶς
1788 1520 1796 1528 ·
1817 1497 1846 1542 (ἶ)
1871 1502 2012 1558 Νεφέλα
2027 1506 2184 1554 (Buttm.
2201 1517 2261 1542 νε-

1239 1566 1355 1621 φέλη),
1371 1569 1581 1620 παραγενοῧ.
1600 1564 1673 1603 Καὶ
1691 1567 1793 1602 τοῦτο
1816 1562 1918 1614 μόνον
1936 1561 2139 1601 συνειδέναι.
2161 1561 2204 1600 Ἦ
2225 1560 2263 1602 δὲ

1241 1625 1394 1679 Πρόκρις
1410 1624 1590 1663 ἀκούσασα
1608 1622 1750 1676 ἔρχεται
1781 1623 1828 1665 εἰς
1852 1620 1980 1668 ταύτην
2008 1619 2072 1668 τὴν
2097 1619 2264 1674 κορυφὴν,

1241 1685 1300 1723 καὶ
1324 1682 1616 1737 κατακρύπτεται.
1637 1681 1708 1720 Καὶ
1727 1680 1766 1719 τὸ
1786 1679 1870 1719 αὐτὸ
1890 1678 2050 1731 λέγοντος
2071 1681 2175 1717 αὐτοῦ
2194 1695 2265 1717 πυ-

1242 1742 1391 1794 θομένη,
1409 1739 1619 1796 προστρέχει
1633 1739 1718 1793 πρὸς
1736 1738 1854 1778 αὑτόν.
1877 1738 1926 1778 Ὁ·
1943 1737 1980 1776 δὲ
2000 1736 2159 1791 Κέφαλος
2184 1736 2266 1776 ἰδὼν

1243 1799 1351 1848 αὐτὴν
1377 1799 1578 1854 αἰφνιδίως,
1604 1797 1669 1843 ἔξω
1703 1799 1826 1836 ἑαυτοῦ
1859 1795 2010 1848 γίνεται·
2041 1795 2102 1834 καὶ
2145 1795 2265 1848 ὥσπερ

1245 1854 1317 1912 εἶχε
1333 1860 1454 1912 βάλλει
1475 1861 1525 1911 τῷ
1544 1857 1633 1908 μετὰ
1652 1861 1754 1909 χεῖρα
1771 1855 1920 1908 ἀκοντίῳ
1938 1853 2002 1902 τὴν
2022 1853 2190 1908 Πρόκριν,
2209 1854 2268 1893 καὶ

1244 1918 1380 1957 κτείνει.
1410 1915 1736 1970 Μεταπεμψάμενος
1770 1913 1806 1952 δὲ
1841 1913 1900 1952 τὸν
1932 1912 2124 1966 Ἐρεχθέα,
2145 1912 2270 1964 θᾶςπτει

1245 1977 1443 2019 πολυτελῶς
1465 1974 1585 2021 αὐτήν.
1613 1973 1659 2012 Ἥ
1688 1973 1724 2012 δὲ
1749 1972 1886 2027 ἱστορία
1907 1971 2005 2025 παρὰ
2023 1971 2207 2025 Φερεκύδῃ
2233 1972 2269 2010 ἐν

1245 2038 1290 2089 τῇ
1311 2037 1352 2087 ζῇ
1371 2035 1422 2087 (ἐν
1442 2036 1486 2086 τῇ
1503 2032 1636 2085 ἑὸδόμῃ
1650 2031 1821 2082 Buttm.).

1302 2094 1365 2132 Ἔν
1400 2095 1443 2145 τῇ
1479 2090 1637 2146 Θοριέων
1674 2105 1725 2129 sc,
1763 2092 1868 2145 φυλῇ.
1907 2093 2000 2128 Haec
2045 2101 2163 2140 quum
2205 2089 2272 2127 vix

1248 2153 1398 2204 possint
1430 2161 1533 2189 recte
1555 2151 1718 2195 habere,
1740 2150 1844 2188 haud
1870 2149 1987 2187 dubie
2013 2162 2099 2187 cum
2120 2148 2273 2186 Sturzio

1248 2210 1494 2249 scribendum
1514 2217 1572 2246 est
1594 2209 1629 2247 ἐν
1649 2210 1700 2261 τῷ
1723 2206 1880 2261 Θοριέων
1901 2208 1962 2245 vel
1983 2208 2111 2258 potius
2130 2205 2274 2259 Θορίκῳ

1730 2348 1793 2381 77.

1293 2405 1471 2447 Cephalus,
1487 2404 1619 2438 Deionis
1636 2404 1722 2436 filius
1734 2427 1743 2443 ,
1773 2412 1849 2436 cum
1876 2403 2027 2435 Procride
2066 2411 2177 2442 uxore,
2205 2404 2277 2435 Ere·

1252 2453 1360 2485 chthei
1373 2453 1452 2492 filia,
1464 2452 1628 2484 habitabat
1640 2451 1673 2483 in
1681 2451 1776 2483 demo
1783 2450 1932 2483 Thorico.
1947 2452 1980 2482 Is
1989 2457 2090 2490 quum
2096 2449 2193 2481 fidem
2200 2458 2277 2482 uxo-

1253 2501 1297 2532 ris
1312 2503 1436 2532 tentare
1451 2499 1558 2538 vellet,
1577 2507 1611 2530 se
1618 2498 1895 2539 peregrinaturum
1905 2497 1982 2528 dicit
1997 2505 2053 2538 per
2071 2497 2145 2528 octo
2161 2505 2276 2537 annos,

1253 2548 1405 2588 illamque
1419 2547 1527 2578 adhuc
1550 2545 1705 2586 virginem
1724 2544 1885 2586 relinquit.
1907 2543 2029 2576 Deinde
2053 2551 2131 2575 vero
2149 2551 2278 2595 compo-

1254 2603 1335 2626 nens
1350 2603 1397 2634 se,
1414 2593 1515 2634 figura
1527 2594 1737 2632 commutata,
1753 2600 1828 2624 cum
1841 2590 1965 2623 mundo
1983 2589 2131 2622 muliebri
2143 2589 2278 2622 domum

1255 2642 1417 2683 ingressus
1436 2641 1550 2673 suadet
1565 2639 1709 2672 Procridi
1719 2662 1728 2679 ,
1746 2641 1782 2671 ut
1797 2639 1883 2671 dona
1898 2639 1967 2670 haec
1989 2638 2132 2679 accipere
2146 2636 2222 2668 velit
2237 2638 2280 2668 at-

1255 2698 1318 2729 que
1333 2698 1368 2721 se
1389 2696 1464 2719 cum
1479 2696 1517 2719 ea
1538 2686 1753 2718 concumbere
1772 2686 1921 2726 patiatur.
1947 2685 2073 2717 Procris
2093 2683 2205 2715 oculos
2220 2691 2278 2724 pa·

1257 2744 1349 2768 scens
1365 2743 1462 2767 aureo
1475 2734 1598 2773 monili,
1619 2735 1651 2765 et
1665 2733 1840 2772 Cephalum
1849 2732 2052 2773 perpulerum
2068 2739 2138 2763 esse
2153 2730 2279 2770 videns,

1258 2784 1341 2815 latus
1352 2782 1384 2828 ei
1407 2780 1582 2821 componit.
1605 2782 1688 2812 Tum
1709 2779 1871 2820 Cephalus
1893 2787 2004 2810 veram
2029 2786 2120 2809 suam
2144 2776 2280 2808 sormam

1258 2829 1467 2862 manifestans
1488 2829 1620 2859 accusat
1646 2825 1852 2865 Procridem;
1874 2825 2085 2857 nihilominus
2111 2826 2220 2855 tamen
2246 2823 2280 2855 in

1258 2876 1392 2918 gratiam
1408 2884 1483 2907 cum
1495 2883 1532 2906 ea
1545 2873 1670 2906 rediens
1683 2872 1823 2904 venandi
1836 2881 1933 2904 causa
1947 2871 2170 2912 proficiscitur.
2185 2869 2282 2908 Quod

1258 2931 1360 2964 quum
1376 2921 1517 2954 crebrius
1530 2920 1666 2958 faceret,
1682 2919 1823 2960 suspicio
1839 2918 1982 2951 Procridi
1995 2918 2135 2950 subnata
2149 2919 2199 2948 est
2213 2940 2223 2957 ‚
2240 2924 2281 2948 ne

1259 2978 1334 3002 cum
1349 2969 1411 3001 alia
1426 2967 1558 3000 muliere
1573 2968 1807 2998 consuesceret.
1821 2966 1923 3006 Igitur
1933 2973 1971 2997 ex
1981 2973 2073 2996 servo
2086 2963 2280 3002 domestico,

1259 3025 1356 3058 quem
1369 3015 1517 3054 advocat,
1532 3013 1648 3055 quaerit
1662 3022 1742 3045 num
1758 3013 1855 3053 hujus
1872 3012 1916 3043 rei
1937 3011 2087 3042 conscius
2105 3011 2202 3042 esset.
2226 3011 2282 3041 Re-

1260 3064 1396 3106 spondet
1407 3062 1547 3094 famulus
1562 3061 1683 3092 vidisse
1710 3069 1744 3092 se
1762 3059 1939 3100 Cephalum
1962 3058 1996 3089 in
2018 3065 2145 3090 summa
2162 3055 2282 3088 montis

1260 3109 1429 3152 cujusdam
1448 3110 1538 3150 parte
1552 3108 1733 3139 versantem
1751 3107 1784 3138 et
1799 3105 1928 3137 assidue
1948 3105 2143 3144 repetentem
2157 3101 2255 3134 verba
2271 3110 2282 3133 ι

1263 3171 1278 3186 α
1295 3159 1384 3195 veni,
1401 3155 1554 3197 Nephela
1570 3164 1600 3194 ›=;
1614 3156 1731 3195 praeter
1746 3154 1808 3184 hoc
1824 3161 1858 3184 se
1874 3151 1953 3183 nihil
1973 3151 2066 3182 scire.
2089 3149 2214 3188 Quibus
2229 3157 2282 3180 au·

1261 3205 1336 3236 ditis
1352 3203 1477 3236 Procris
1493 3202 1525 3233 in
1543 3201 1663 3233 montis
1675 3208 1829 3232 cacumen
1843 3198 1998 3238 ascendit,
2011 3198 2066 3230 ubi
2084 3197 2198 3228 frutice
2212 3203 2284 3228 sese

1262 3250 1448 3288 abscondit;
1463 3251 1495 3289 et
1511 3251 1683 3289 postquam
1706 3246 1817 3279 eadem
1841 3245 1938 3277 verba
1954 3241 2215 3285 pronuntiantem
2233 3249 2284 3275 co·

1262 3299 1425 3340 gnoverat,
1438 3295 1482 3329 ad
1492 3303 1565 3329 eum
1576 3293 1732 3326 accurrit:
1750 3301 1846 3334 quam
1863 3300 1964 3332 quum
1981 3290 2141 3331 Cephalus
2154 3287 2284 3329 repente

1263 3345 1472 3386 conspiceret,
1487 3341 1537 3374 sui
1552 3350 1614 3373 non
1635 3349 1779 3381 compos,
1795 3342 1830 3371 ut
1849 3341 1927 3379 erat,
1943 3337 2098 3378 jaculum,
2115 3335 2204 3377 quod
2219 3341 2282 3366 ma-
