2320 3684
143 176 221 208 286

197 316 436 368 Stephanus:
453 312 579 360 Χάλκη
602 255 732 351 ..59Ετι
755 308 1035 361 συνεπολέμησεν
1050 307 1171 363 ὁρμώ-

145 391 245 419 αενος
258 376 297 413 ἐκ
318 375 469 413 Χαλκῶν
483 374 545 418 τῆς
564 369 794 424 Λαρισσαίας.
809 370 865 409 Cf.
887 369 932 407 fr.
951 371 1011 407 36.

630 436 692 472 51.

198 498 436 549 Hesychius:
461 494 637 540 Ἱππάκη·
660 492 832 532 Σκυθικὸν
860 494 986 546 βρῶμα
1006 490 1040 537 ἐξ
1065 491 1174 531 ἵππου

144 556 333 608 γάλακτος·
353 557 384 594 οἱ
401 554 457 602 δὲ,
477 551 630 605 ὀξύγαλα
643 553 794 601 ἱππεῖον,
812 546 841 606 ᾧ
857 554 1013 606 χρῶνται
1027 550 1173 591 Σκύθαι·

145 615 283 655 πίνεται
300 614 336 654 δὲ
355 613 414 652 καὶ
432 612 582 651 ἐσθίεται
598 611 832 664 πηγνύμενον,
848 614 895 656 ὣς
910 610 1121 662 Θεόπομπος
1139 612 1174 649 ἐν

145 675 251 729 τρίτῳ
271 676 375 712 αὐτοῦ
397 671 502 724 λόγῳ.
532 671 829 763 Οοηῖὲὶἳῖὃῐερὴ.
850 671 963 715 Thes.
980 684 1008 710 s.
1029 685 1067 709 v.

200 786 434 826 Scholiastes
463 784 644 835 Apollon.
671 784 746 822 Rh.
781 787 846 831 IV,
890 797 926 821 v.
961 797 1036 831 272
1067 799 1074 820 :
1106 785 1177 823 Σε-

148 845 335 897 σόγχωσις,
355 843 535 895 Αἰγύπτου
554 842 671 892 πάσης
699 841 860 896 βασιλεὺς
887 841 976 894 μετὰ
991 835 1104 896 ἲὨρον
1118 842 1177 881 τὸν

147 903 276 946 Ἴσιδος
292 902 353 941 καὶ
367 901 545 956 Ὀσίριδος
563 902 730 942 παῖδα....
754 901 1012 956 Ἀκριὸέστερον
1040 900 1078 940 δέ
1104 902 1178 940 ἐστι

148 962 192 1001 τὰ
209 961 289 1015 περὶ
309 962 414 1000 αὐτοῦ
433 960 530 1014 παρὰ
548 959 726 1014 Ἡροδότῳ
748 961 814 1012 (11,
836 960 942 1012 104)·
967 958 1180 1011 Θεόπομπος

149 1021 181 1059 δ’
207 1022 244 1059 ἐν
267 1020 375 1074 τρίτῳ
404 1019 606 1074 Σέσωστριν
633 1019 735 1058 αὐτὸν
761 1020 872 1058 καλεῖ.

637 1085 700 1123 53.

204 1153 424 1204 Stephanus
441 1166 449 1189 :
470 1149 658 1204 Θάψακος,
668 1150 768 1193 πόλις
787 1149 919 1203 Συρίας
938 1148 1024 1202 πρὸς
1041 1151 1092 1201 τῷ
1110 1149 1182 1188 Εὖ-

151 1211 279 1265 φράτῃ.
299 1209 512 1259 Θεόπομπος
529 1210 564 1247 ἓν
585 1210 816 1250 Φιλιππικῶν
833 1209 953 1262 τρίτῳ.

556 1290 775 1305 0⁴00——

541 1333 695 1372 LIBER
730 1333 796 1371 IV.

639 1398 702 1435 54.

209 1466 415 1504 Athenaeus
441 1467 533 1510 XII,
560 1478 599 1515 p.
632 1464 722 1511 527,
754 1462 910 1516 ΑεΠερὶ
937 1461 973 1500 δὲ
993 1463 1184 1502 Θετταλῶν

153 1524 265 1576 λέγων
285 1525 320 1563 ἐν
338 1527 382 1577 τῇ
403 1523 552 1577 τετάρτῃ
570 1522 674 1577 φησὶν
690 1521 744 1560 ὅτι
763 1523 867 1566 ζῶσιν
888 1524 919 1560 οἱ
939 1520 1002 1573 μὲν
1025 1521 1086 1561 σὺν
1110 1527 1186 1565 ταῖς

154 1577 363 1632 ὀρχηστρίσι
382 1577 442 1615 καὶ
459 1583 535 1620 ταῖς
554 1575 741 1630 αὐλητρίσι
767 1575 1019 1629 διατρίὸοντες,
1041 1577 1073 1613 οἳ
1097 1575 1126 1612 δ’
1149 1576 1184 1613 ἐν

155 1636 273 1680 κύὸοις
297 1636 356 1675 καὶ
378 1635 496 1680 πότοις
512 1635 570 1674 καὶ
585 1641 660 1678 ταῖς
673 1633 853 1678 τοιαύταις
882 1633 1087 1678 ἀκολασίαις
1107 1633 1186 1682 διη-

156 1694 378 1749 μερεύοντες,
401 1695 459 1733 καὶ
493 1695 626 1745 μᾶλλον
663 1694 931 1742 σπουδάζουσιν,
966 1692 1061 1738 ὅπως
1091 1692 1186 1747 ὄψων

155 1755 391 1793 παντοδαπῶν
421 1754 483 1798 τὰς
507 1752 682 1807 τραπέζας
701 1752 965 1807 παραθήσονται
987 1751 1143 1807 πλήρεις,
1168 1751 1188 1799 ἢ

155 1813 214 1852 τὸν
237 1815 351 1852 αὑτῶν
383 1813 455 1865 βίον
477 1812 570 1857 ὅπως
589 1811 883 1866 παρασχήσονται
909 1811 1188 1863 κεκοσμημένον·

158 1872 362 1926 Φαρσάλιοι
386 1871 423 1910 δὲ
460 1871 616 1920 πάντων,
648 1871 774 1924 φησὶν,
791 1869 988 1924 ἀνθρώπων
1018 1870 1103 1909 εἰσὶν
1124 1871 1190 1924 ἀρ-

156 1930 299 1982 γότατοι
333 1931 393 1970 καὶ
420 1928 725 1970 πολυτελέστατοι.

644 2083 708 2116 50.

204 2137 335 2172 Chalce.
406 2148 422 2164 α
435 2135 551 2168 Adhuc
565 2133 686 2167 bellum
708 2134 809 2174 gessit
823 2133 987 2175 profectus
1004 2143 1043 2167 ex
1062 2133 1193 2168 Chalcis

161 2185 344 2218 Larissaeae.
368 2197 385 2212 u

206 2283 471 2324 ‘Inveni-amemus
493 2230 724 2324 Scytlii011514³it
749 2281 831 2314 lacte
855 2282 994 2322 equino;
1020 2281 1075 2313 alii
1097 2282 1195 2323 expli-

858 162 1160 203 THEOPOMPI
1188 161 1520 203 FRAGMENTA.

1286 306 1536 356 Harpocran:
1554 301 1701 343 Ἠϊὼν...
1720 300 1933 354 Θεόπομπος
1949 302 1980 340 δ’
1999 302 2034 341 ἐν
2051 304 2094 355 τῇ
2107 302 2256 357 τετάρτῃ

1233 361 1353 415 φησὶν,
1370 364 1417 406 ὡς
1434 362 1607 410 Ἀθηναῖοι
1626 361 1832 405 ἐκὸαλόντες
1860 360 1894 406 ἐξ
1922 361 2059 404 ἸΙϊόνος
2084 360 2259 415 Ἀμφιπο-

1232 419 1330 464 λίτας
1346 420 1574 475 κατέσκαψαν
1594 420 1633 459 τὸ
1649 420 1791 473 χωρίον.

1287 527 1394 565 Idem
1415 541 1424 564 ε
1440 525 1660 575 Ἁλόννησος,
1679 526 1861 579 νησύδριον
1880 528 1915 565 ἐν
1931 529 1981 580 τῷ
1999 524 2135 580 Αἰγαίῳ
2153 525 2263 565 πελά-

1235 601 1308 637 γει·
1386 585 1595 638 μνημονεύει
1622 585 1658 624 δὲ
1686 589 1749 633 τῆς
1776 585 2074 640 ἀμφισὸητήσεως
2097 588 2160 630 τῆς
2180 584 2262 639 περὶ

1235 642 1442 691 Ἁλοννήσου
1461 644 1520 683 καὶ
1534 644 1745 696 Θεόπομπος
1761 647 1796 683 ἐν
1816 646 1982 699 τετάρτῳ.

1636 754 1789 843 LIB5E⁷R
1816 753 1864 792 V·

1292 859 1497 897 Athenaeus
1524 862 1590 905 IV,
1606 872 1642 909 p.
1667 859 1752 907 157,
1771 862 1820 906 D,
1837 859 2116 909 ΕεΘεοπομπος
2144 851 2203 895 οὗν
2233 858 2267 895 ἐν

1238 916 1392 971 πέμπτῳ
1405 918 1636 957 Φιλιππικῶν
1650 932 1747 970 φησι,
1759 917 1836 956 «Τὸ
1852 916 1919 970 γὰρ
1936 916 2058 956 ἐσθίειν
2075 914 2190 956 πολλὰ
2208 915 2268 954 καὶ

1240 975 1326 1030 κρέα
1349 982 1470 1030 φαγεῖν
1490 975 1569 1021 τοὺς
1589 975 1652 1028 μὲν
1675 975 1862 1028 λογισμοὺς
1882 975 2009 1030 ἐξαιρεῖ
2029 975 2090 1014 καὶ
2114 974 2177 1019 τὰς
2199 976 2269 1029 ψυ-

1241 1035 1307 1088 χὰς
1322 1041 1474 1074 ποιεῖται
1500 1034 1733 1089 βραδυτέρας,
1760 1037 1864 1089 ὀργῆς
1890 1034 1926 1073 δὲ
1951 1035 2010 1074 καὶ
2035 1034 2270 1088 σκληρότητος

1241 1096 1302 1135 καὶ
1317 1097 1450 1142 πολλῆς
1466 1095 1672 1143 σκαιότητος
1690 1095 1900 1147 ἐμπίπλησι.
1911 1114 1926 1129 υ

1296 1156 1540 1206 Theopompi
1557 1155 1676 1193 verba
1695 1155 1808 1193 affert
1826 1156 1941 1194 etiam
1969 1155 2193 1194 Eustathius
2223 1153 2272 1192 ad

1243 1218 1355 1253 Hom.
1372 1227 1408 1264 p.
1438 1220 1551 1260 1724,
1577 1227 1656 1251 non
1683 1213 1816 1303 adeSito
1834 1222 1962 1252 tamen
1984 1213 2075 1252 libri
2097 1226 2272 1250 numero.

1299 1318 1515 1369 Stephanus
1528 1333 1536 1355 t
1554 1318 1742 1372 Ἀμφαναὶ,
1754 1318 1852 1363 πόλις
1867 1318 2009 1372 Δωρικὴ
2020 1317 2277 1368 ...Θεόπομπος

1245 1377 1462 1429 Ἄμφαναίαν
1481 1375 1588 1424 αὐτὴν
1607 1378 1707 1416 καλεῖ
1727 1377 1936 1469 ἐ5ν9πέμπτῳ
1949 1379 2193 1417 Φιλιππικῶν.

1298 1483 1405 1520 Idem
1426 1498 1434 1519 :
1458 1482 1654 1537 Μάκκαραι
1669 1514 1679 1532 ,
1705 1483 1805 1538 χώρα
1841 1483 1930 1538 ὑπὲρ
1950 1484 2142 1538 Φάρσαλον
2159 1497 2167 1504 ·
2187 1481 2279 1524 Θεό-

1246 1556 1386 1592 πομπος
1398 1540 1551 1595 πέμπτῳ
1571 1544 1815 1582 Φιλιππικῶν.

1730 1598 1794 1634 60.

1302 1648 1409 1687 Idem
1427 1662 1435 1686 :
1458 1647 1616 1696 Ὄλυκα,
1653 1649 1754 1694 πόλις
1794 1649 2013 1694 Μακεδονίας
2029 1666 2036 1673 ·
2068 1647 2280 1700 Θεόπομπος

1249 1707 1403 1761 πέμπτῳ
1423 1708 1666 1747 Φιλιππικῶν.

1736 1762 1800 1800 61.
2242 1779 2260 1787 ·

1303 1817 1552 1865 Harpocrat.:
1572 1814 1785 1865 Παγασαὶ...
1806 1814 1954 1853 ἕπίνειόν
1974 1815 2040 1853 εἶσι
2060 1815 2226 1868 Φεραίων
2245 1815 2282 1853 αἱ

1252 1872 1443 1923 Παγασαὶ,
1463 1874 1510 1916 ὥς
1529 1871 1743 1924 Θεόπομπος
1763 1875 1798 1912 ἐν
1815 1877 1859 1926 τῇ
1881 1873 2029 1925 πέμπτη
2053 1876 2122 1912 τῶν
2145 1875 2284 1913 Φιλιπ-

1251 1933 1366 1970 πικῶν
1386 1931 1499 1978 δηλοῖ.

1255 2076 1465 2110 Athenienses
1480 2101 1489 2117 ,
1519 2077 1622 2119 pulsis
1643 2086 1683 2110 ex
1711 2077 1815 2110 Eione
1845 2077 2075 2120 Amphipolitis
2089 2101 2100 2118 ‚
2124 2067 2285 2120 oppidum

1259 2124 1340 2156 illud
1362 2124 1431 2157 solo
1450 2125 1648 2166 adaequasse.

1738 2186 1799 2218 56.

1300 2238 1518 2277 Halonnesus,
1532 2246 1632 2279 parva
1647 2239 1697 2271 est
1707 2238 1814 2271 insula
1827 2239 1861 2270 in
1871 2240 1982 2279 AEgaeo
1992 2237 2085 2270 mari.
2095 2239 2290 2278 Controver-

1261 2287 1320 2320 siae
1350 2286 1391 2319 de
1421 2286 1608 2319 Halonneso
1631 2286 1781 2319 meminit
1809 2287 1908 2320 etiam
1944 2284 2174 2328 Theopompus
2205 2284 2289 2318 libro

162 2334 240 2365 cant
255 2332 312 2364 lac
325 2333 493 2373 equinum
508 2329 663 2369 acidum,
679 2338 744 2370 quo
761 2330 890 2370 Scythae
905 2330 1061 2368 utuntur;
1076 2328 1199 2360 bibitur
1259 2337 1386 2377 qum—10,

163 2381 197 2415 et
211 2380 418 2421 compactum
433 2378 555 2417 editur,
572 2379 609 2409 ut
625 2377 855 2418 Theopompus
878 2376 960 2408 libro
975 2376 1083 2409 tertio.

650 2431 714 2464 52.

207 2482 432 2524 sesonchosis,
449 2483 553 2516 totius
580 2482 711 2524 AEgypti
729 2490 788 2514 rex
806 2484 878 2523 post
900 2483 1038 2520 Horum,
1055 2480 1152 2513 Isidis
1167 2484 1200 2514 et

166 2530 307 2567 Osiridis
335 2531 498 2563 filium...
524 2530 730 2563 Accuratiom
752 2529 792 2561 de
820 2538 858 2561 eo
882 2529 980 2561 tradit
1003 2528 1198 2561 Herodotus.

169 2580 402 2621 Theopompus
424 2577 508 2610 libro
523 2577 619 2610 tertio
635 2585 710 2609 eum
729 2577 868 2617 appellat
880 2575 1052 2608 Sesostrin.

657 2631 720 2663 53.

1667 2396 1898 2414 w

1662 2426 1815 2479 Lmen
1839 2441 1888 2480 v.

1302 2583 1534 2624 Theopompus
1574 2581 1606 2612 in
1637 2527 1890 2621 Philipssizorum
1939 2578 2053 2619 quinto
2099 2575 2182 2609 libro
2221 2575 2265 2608 ait
2281 2585 2288 2607 :

1266 2645 1282 2660 «
1305 2631 1445 2664 Multum
1456 2630 1566 2662 cibum
1575 2637 1699 2670 capere,
1715 2636 1753 2659 ac
1768 2626 1948 2668 praesertim
1960 2634 2056 2658 carne
2068 2624 2174 2657 multa
2187 2623 2286 2663 vesci,

211 2685 398 2725 Thapsacus
413 2708 422 2725 ,
452 2682 610 2725 oppidum
641 2681 741 2723 Syriae
759 2679 800 2713 ad
828 2681 1028 2723 Euphratem
1045 2705 1053 2720 ,
1078 2680 1118 2713 de
1132 2690 1199 2722 quo
1264 2678 1398 2711 rationis
1411 2677 1569 2718 judicium
1582 2675 1689 2716 eripit,
1704 2676 1737 2707 et
1752 2675 1879 2707 animos
1895 2673 2053 2706 tradiores
2067 2671 2154 2712 facit,
2167 2678 2290 2712 eosque
2318 2682 2320 2684 ·

171 2734 400 2775 Theopompus
412 2730 496 2765 libro
511 2730 607 2765 tertIo
623 2727 888 2772 Philippicorum.

580 2799 799 2815 -Qmoe

561 2833 713 2879 LIBER
746 2837 813 2876 lv.

217 2959 264 2990 De
278 2957 442 2994 Thessalis
452 2965 531 2989 vero
546 2956 684 2997 loquens
698 2953 954 2996 (Theopompus)
966 2952 1050 2985 libro
1063 2953 1179 2993 quarto
1194 2961 1203 2983 :

181 3016 195 3031 ιι
218 3003 342 3035 vivunt
358 3003 422 3043 illi,
442 3003 505 3042 ait,
531 3011 606 3044 epm
622 2999 840 3035 saltatricibus
861 3001 894 3032 et
909 2999 1052 3032 tibicinis
1076 3002 1205 3040 tempus

179 3051 318 3081 terentes
337 3060 345 3081 t
363 3050 415 3082 alii
430 3052 517 3082 totos
537 3049 607 3081 dies
629 3049 704 3081 talis
719 3046 881 3087 ludendo,
901 3047 1063 3088 potando,
1083 3049 1118 3078 et
1143 3045 1208 3079 alia

179 3096 340 3136 ejusmodi
358 3096 536 3138 petulantia
548 3096 743 3135 traducunt,
762 3093 865 3135 magis
881 3094 1008 3126 solliciti
1025 3096 1063 3126 ut
1073 3093 1207 3126 omnisa-

179 3142 235 3173 riis
250 3142 396 3175 obsoniis
416 3143 554 3184 repletas
579 3151 710 3175 mensas
732 3141 898 3182 adponant
911 3163 920 3180 ,
936 3150 1034 3182 quam
1056 3143 1094 3173 ut
1109 3141 1208 3172 vitam

180 3187 356 3221 ostendant
382 3189 518 3222 honeste
543 3188 770 3230 compositam.
795 3188 952 3220 Pharsalii
968 3197 1063 3227 vero,
1079 3187 1208 3229 inquit,

181 3235 330 3267 omnium
343 3236 512 3268 hominum
529 3238 606 3269 sunt
619 3235 819 3278 ignavissimi
842 3236 875 3267 et
891 3234 922 3266 in
939 3235 1087 3268 faciendo
1100 3235 1211 3267 sumtu

181 3282 411 3323 profusissimi.
427 3295 443 3311 ι»

666 3339 728 3372 55.
782 3330 790 3338 ’

227 3389 322 3421 Eion.
390 3388 617 3429 Theopompus
632 3389 714 3421 libro
726 3393 841 3430 quarto
858 3390 1073 3422 Historiarum
1089 3388 1214 3427 scribit,

1263 2725 1431 2758 iracundia
1445 2725 1479 2756 et
1492 2723 1613 2756 duritia
1625 2724 1659 2755 et
1681 2722 1784 2754 multa
1801 2721 1950 2754 vecordia
1961 2719 2103 2761 implet.»

1750 2790 1811 2823 58.

1306 2850 1484 2891 Amphanae
1496 2873 1504 2889 ,
1525 2849 1603 2881 urbs
1618 2848 1745 2880 Dorica.
1819 2847 2049 2887 Theopompus
2064 2853 2135 2878 eam
2160 2844 2195 2876 in
2210 2843 2293 2876 libro

1265 2897 1379 2938 quinto
1392 2896 1647 2937 Philippicorum
1662 2894 1895 2934 Amphanaeam
1910 2892 2060 2933 appellat.

1750 2953 1812 2985 59.

1307 3011 1474 3047 Mammas,
1490 3006 1578 3048 regio
1595 3014 1691 3046 super
1706 3003 1910 3042 Pharsalum,
1926 3002 1967 3035 de
1982 3011 2047 3043 qua
2064 3002 2292 3043 Theopompus

1266 3056 1349 3089 libro
1363 3055 1478 3097 quinto
1493 3053 1758 3094 Philippicorum.

1749 3118 1813 3151 60.

1309 3179 1429 3219 Olyca,
1453 3176 1532 3209 urbs
1556 3175 1774 3214 Macedoniae,
1798 3173 1839 3206 de
1860 3182 1925 3214 qua
1953 3173 2184 3214 Theopompus
2210 3170 2315 3218 iibrog

1269 3226 1384 3268 quinto
1396 3223 1662 3266 Philippicorum.

1751 3282 1813 3315 61.

1315 3341 1458 3380 Pagasae,
1475 3336 1589 3369 navale
1604 3335 1825 3374 Pheraeorum,
1843 3334 1880 3366 ut
1903 3333 1998 3365 docet
2015 3331 2244 3372 'Theopompus
2259 3325 2310 3359 inf

1274 3387 1389 3429 quinto
1405 3384 1667 3426 Philippicorum.
