2294 3704
914 136 996 203 DE,
1009 136 1338 178 THEOPOMPO.

69 228 225 274 deamus
247 240 332 278 quae
351 227 399 264 de
424 226 498 264 fide
523 225 604 275 ejus
629 232 668 262 et
690 223 922 261 auctoritate
940 231 1090 260 veteres

64 286 337 337 judicaverint.
591 327 596 332 Δ

120 345 163 383 Si
181 345 336 396 quidem
353 349 509 393 reputes
531 341 675 392 nigenii
700 340 828 389 dotes,
847 339 986 390 quibus
1005 339 1089 377 No-

69 411 147 441 ster
169 402 372 454 gaudebat,
392 401 632 452 praeclarum,
656 412 732 450 quo
750 412 842 436 usus
858 407 927 446 est,
945 401 1092 437 Isocra-

68 463 117 500 tis
137 461 419 513 magisterium,
448 459 588 497 itinera
615 458 698 508 ejus
721 466 759 496 et
781 471 898 509 quam
924 457 972 495 iis
993 471 1090 496 con-

68 528 235 571 gesserat
259 518 488 557 eruditionis
510 518 682 568 copiam,
703 517 894 554 clarorum
915 517 1088 555 virorum

67 577 380 616 consuetudinem
393 585 433 615 et
452 577 766 625 familiaritatem,
785 577 968 614 vitiorum
984 577 1088 627 quod

67 635 210 686 ubique
234 636 439 687 profitetur
461 635 593 673 odium
615 644 652 673 et
683 635 978 673 admirationem
1006 636 1088 674 vir—

67 702 214 740 tutum,
233 695 265 733 si
278 694 443 745 denique
460 695 681 733 consideres
704 695 887 732 historias
912 694 994 745 ejus
1010 708 1088 733 non

66 754 105 791 in
121 753 297 791 obscuris
311 767 468 791 summae
487 754 728 805 antiquitatis
745 753 1002 805 temporibus,
1022 753 1089 792 sed

65 812 105 849 in
125 825 204 850 suae
228 813 349 864 ipsius
369 812 536 850 maxime
563 813 683 851 aetatis
715 812 974 864 descriptione
998 826 1090 851 ver-

64 871 140 908 sari
159 886 170 919 3
201 871 377 922 profecto
408 871 700 910 concedendum
732 873 807 910 erit
843 880 881 910 et
918 874 1090 924 potuisse

65 941 154 966 eum
173 938 211 967 et
230 929 396 968 voluisse
415 930 584 968 scribere
601 943 707 978 vera,
729 944 799 968 nec
822 929 963 980 injuria
979 932 1088 969 vide-

63 985 170 1025 bitur
182 987 303 1041 ἀνδρὸς
315 987 526 1042 φιλαλήθους
537 990 649 1027 titulo
661 989 709 1027 ab
724 990 913 1028 Athenaeo
923 991 1011 1043 (111,
1025 1005 1039 1028 1
1048 992 1086 1043 8)

63 1055 102 1085 et
121 1047 237 1086 Suida
259 1048 308 1098 (v.
322 1046 491 1101 Ἔφορος)
517 1050 658 1087 ornari.
691 1049 953 1088 Nihilominus
969 1051 1001 1088 si
1019 1064 1087 1089 ve-

64 1114 189 1144 terum
218 1108 436 1146 testimonia
455 1109 675 1160 collegeris,
703 1110 823 1148 multa
842 1110 998 1160 quidem
1026 1124 1089 1149 re—

63 1166 190 1216 peries
209 1166 250 1203 in
272 1166 423 1205 laudem
447 1166 529 1217 ejus
551 1168 665 1218 dicta,
695 1169 808 1221 longe
829 1169 997 1220 plurima
1019 1183 1089 1207 au-

63 1232 138 1261 tem
169 1225 210 1262 in
244 1226 607 1277 reprehensionem,
643 1236 687 1265 ut
720 1228 761 1265 in
790 1228 1087 1279 Theopompum

64 1284 222 1321 omnino
245 1296 324 1322 non
346 1284 457 1322 cadat
482 1286 586 1336 quod
610 1286 780 1338 primum
800 1288 936 1326 Cicero
962 1288 1089 1325 histo-

63 1342 133 1380 rici
152 1342 322 1381 officium
342 1357 423 1382 esse
443 1345 518 1392 ait,
549 1346 694 1383 scilicet
714 1359 762 1383 ne
788 1346 884 1397 quid
907 1347 993 1384 falsi
1021 1347 1087 1384 di-

64 1415 151 1439 cere
165 1402 315 1450 audeat,
335 1403 473 1442 deinde
489 1417 538 1442 ne
557 1405 653 1455 quid
667 1407 751 1444 veri
769 1420 849 1444 non
865 1407 1018 1456 audeat,
1038 1420 1088 1445 ne

63 1473 139 1510 qua
153 1462 322 1512 suspicio
337 1463 468 1513 gratiae
488 1463 538 1501 sit
559 1464 600 1501 in
622 1464 845 1514 scribendo,
865 1479 913 1504 ne
931 1479 1008 1516 qua
1031 1466 1087 1504 si-

65 1520 249 1558 multatis.
287 1524 380 1570 Quae
403 1535 496 1560 vero
516 1522 660 1561 fuerint
684 1524 749 1562 illa
774 1524 814 1562 in
841 1525 1088 1577 Theopompi

62 1578 231 1617 historiis
252 1581 489 1631 vituperata,
512 1582 544 1619 si
565 1583 754 1621 rationem
771 1583 915 1623 habeas
937 1598 1086 1634 eorum,

61 1650 149 1687 quae
167 1638 214 1676 de
229 1640 396 1677 auctoris
415 1640 545 1678 indole
566 1641 729 1692 fatisque
745 1655 863 1693 supra
878 1643 1088 1689 attulimus,

61 1695 170 1733 facile
190 1706 351 1748 possunt
373 1698 550 1737 divinari.
579 1701 752 1739 Vidimus
772 1701 1086 1753 Theopompum,

62 1754 302 1794 vehementis
322 1765 361 1795 et
383 1757 524 1796 fervidi
553 1759 670 1797 animi
694 1759 910 1808 hominem,
933 1774 978 1799 ea
1004 1761 1099 1812 ipsa,

61 1821 171 1852 aetate
193 1829 268 1866 qua
285 1817 413 1855 fervor
432 1817 497 1855 ille
513 1826 551 1856 et
569 1819 811 1858 vehementia
828 1834 944 1870 quam
964 1821 1088 1858 maxi-

59 1885 118 1910 me
142 1886 223 1911 sese
253 1875 421 1925 prodere
453 1877 603 1924 solent,
632 1886 796 1930 propter
815 1880 936 1930 patris
959 1882 1087 1917 Laco-

58 1981 129 2018 τοὺς
149 1982 323 2021 Ἀθηναίους
330 2006 340 2024 ,
371 1985 425 2016 ὑπ’
443 1985 568 2017 ἐκείνων
589 1986 681 2018 πάλιν
708 1987 954 2027 ἐξηπατήθησαν.
982 1992 1088 2033 Προει-

58 2028 166 2066 πόντες
184 2030 242 2073 γὰρ
268 2031 344 2073 ὑπὲρ
364 2035 419 2070 τῆς
440 2033 670 2072 τῶνἙλλήνων
698 2035 869 2079 ἐλευθερίας
898 2038 1087 2079 πολεμήσειν

59 2075 225 2114 Ἀθηναίοις
254 2078 308 2109 καὶ
331 2079 431 2120 τούτῳ
459 2080 687 2123 προσαγόμενοι
706 2082 778 2119 τοὺς
800 2084 948 2124 πολλοὺς,
980 2085 1086 2125 ἐπειδὴ

59 2123 199 2155 καθεῖλον
208 2123 317 2156 ἐκεῖνοι
335 2125 374 2156 τὰ
386 2126 473 2168 τείχη
496 2128 550 2159 καὶ
567 2129 666 2171 κύριοι
683 2132 745 2161 τῶν
760 2130 950 2172 πραγμάτων
965 2134 1018 2164 καὶ
1033 2137 1088 2165 τοῦ

60 2173 156 2201 ταῦτα
170 2173 269 2202 ποιεῖν
288 2171 438 2213 ἐγένοντο,
456 2177 604 2206 τοσοῦτον
625 2175 864 2218 ὑπερεὸάλλοντο
891 2179 974 2210 ὥστε
985 2191 1089 2222 τυραν-

60 2216 143 2253 νίδας
156 2217 186 2248 ἐν
196 2217 312 2255 πάσαις
324 2222 390 2256 ταῖς
406 2220 562 2258 Ἑλληνίσι
584 2221 693 2254 πόλεσι
710 2224 917 2264 κατέστησαν,
936 2225 971 2263 ἃς
994 2238 1088 2269 προσ-

60 2266 146 2295 εῖπον
163 2264 304 2305 εὐφήμως
320 2265 492 2308 δεκαρχίας·
511 2269 564 2299 καὶ
579 2268 650 2308 μίαν
663 2270 841 2308 καθελόντες
853 2273 908 2310 τὴν
922 2273 1088 2311 Ἀθηναίων

60 2310 240 2342 δυναστείαν
256 2312 368 2348 πολλὰς
391 2313 443 2349 τὰς
462 2315 534 2356 παρ’
547 2315 649 2347 αὐτῶν
664 2316 857 2359 ἀντεισῆγον,
880 2319 911 2350 αἲ
937 2320 994 2351 οὐκ
1010 2320 1090 2359 Ἀθή-

59 2366 148 2394 νησιν
170 2357 232 2388 οὐδ’
256 2357 287 2389 ἐν
300 2357 423 2400 Σπάρτῃ
438 2359 489 2390 διὰ
508 2360 613 2398 τέλους
635 2365 741 2399 κακῶς
757 2364 881 2396 ἐποίουν
906 2366 977 2403 τοὺς
999 2366 1089 2408 ἀρχο·

61 2403 168 2443 μένους
177 2427 186 2442 ,
201 2403 266 2435 ἀλλ’
277 2405 308 2436 ἐν
316 2405 419 2442 αὐτοῖς
428 2409 491 2443 τοῖς
505 2408 659 2450 σφετέροις
669 2409 802 2442 ἑκάστου
816 2412 940 2454 χωρίοις
951 2417 1088 2454 συνεχῶς

61 2450 217 2491 ἱδρυμέναι
236 2452 289 2483 καὶ
303 2452 367 2483 οἷον
381 2454 666 2495 συμπεπλεγμέναι·
695 2456 771 2488 ὥστ’
794 2458 821 2488 εἰ
843 2457 1008 2500 ἀρχόμενοι
1034 2462 1089 2491 τοῦ

63 2496 199 2537 πολέμου
217 2501 364 2540 προεῖπον
377 2502 441 2537 τοῖς
453 2500 603 2539 Ἕλλησιν
618 2502 665 2533 ὅτι
683 2504 759 2545 ὑπὲρ
771 2504 881 2535 τούτου
897 2506 1090 2546 πολεμήσου-

63 2553 112 2574 σιν
129 2543 294 2582 Ἀθηναίοις
305 2569 315 2584 ,
345 2546 430 2583 ὅπως
458 2547 551 2587 μείζω
564 2549 618 2580 καὶ
635 2549 732 2581 πλείω
748 2553 826 2592 σφᾶς
853 2551 979 2583 ἐκείνων
1005 2554 1090 2585 κακὰ

63 2588 243 2631 ἐργάσαιντο
250 2593 303 2624 καὶ
317 2592 443 2629 δείξαιεν
453 2594 622 2637 ἐλευθερίαν
639 2597 741 2633 αὐτοῖς
752 2597 825 2629 ὄντα
833 2598 872 2629 τὰ
884 2599 938 2631 ἀπ’
951 2600 1088 2641 ἐκείνων,

64 2637 106 2677 μὴ
126 2637 163 2668 ἂν
179 2638 288 2676 αὐτοὺς
304 2639 428 2681 ἄμεινον
454 2642 625 2682 βεὸαιῶσαι
646 2645 701 2682 τὴν
723 2645 916 2686 ἐπαγγελίαν.
943 2648 1005 2679 Καὶ
1032 2649 1090 2691 γὰρ

63 2685 117 2717 οὖν
131 2689 267 2725 ἡττῶντο
284 2689 338 2729 μὲν
355 2690 465 2727 εὐθέως
481 2691 546 2727 ἑνὸς
561 2691 710 2733 φυγάδος,
732 2694 949 2727 κατελείποντο
971 2697 1004 2728 δὲ
1029 2698 1090 2729 ὑπὸ

63 2734 220 2776 θηὸαίων,
238 2737 402 2776 ἐμισοῦντο
417 2738 523 2770 δὲὺπὸ
544 2741 725 2782 Κορινθίων,
752 2742 924 2783 ἐπίμπλατο
940 2744 974 2776 δὲ
995 2746 1015 2782 ἡ
1041 2745 1091 2777 θά-

64 2782 159 2814 λαττα
173 2787 235 2815 τῶν
246 2786 409 2827 ἁρμοστῶν
426 2786 650 2828 ἐκπιπτόντων,
670 2789 724 2821 ἅτε
744 2790 945 2833 ἀναρμόστων
975 2794 1028 2825 καὶ
1055 2795 1090 2826 οὐ

65 2830 144 2861 κατὰ
155 2831 290 2872 τοῦνομα
303 2832 591 2873 ἐγκατασταθέντων
613 2846 646 2867 τε
661 2837 714 2867 καὶ
741 2837 874 2878 ἐχόντων
899 2838 951 2875 τὰς
967 2839 1087 2877 πόλεις·

65 2875 167 2915 ἐπειδή
183 2889 217 2909 τε
231 2881 294 2915 τοῖς
307 2879 431 2911 ἐκείνων
448 2880 618 2922 ἀδικήμασι
632 2884 684 2914 καὶ
705 2886 751 2925 τῷ
768 2884 850 2924 μίσει
868 2888 912 2926 τῷ
929 2886 979 2918 διὰ
994 2891 1091 2919 ταῦτα

65 2923 107 2959 εἷς
122 2925 232 2961 αὐτοὺς
249 2925 333 2968 παρὰ
343 2929 406 2957 τῶν
418 2927 573 2965 Ἐλλήνων
585 2929 760 2968 αὐξηθέντες
774 2932 906 2969 Θηὸαῖοι
919 2933 1090 2975 ἐκράτησαν

64 2970 165 3002 αὐτῶν
181 2973 234 3010 τὴν
256 2973 288 3004 ἐν
303 2973 468 3016 Λεύκτροις
486 2974 601 3017 μάχην,
626 2978 704 3018 ὁμοῦ
726 2989 759 3010 τε
777 2980 1016 3020 Λακεδαιμόνιοι
1045 2982 1092 3013 ἐκ-

65 3017 168 3049 ποδὼν
192 3019 272 3058 ἦσαν
298 3021 351 3052 καὶ
368 3022 522 3059 Θηὸαίους
544 3024 642 3060 οὐδεὶς
667 3024 705 3056 αὖ
733 3026 830 3068 φέρειν
861 3027 992 3065 ἠδύνατο
1019 3028 1091 3069 μίαν

67 3063 168 3105 μάχην
191 3066 428 3108 εὐτυχήσαντας.
445 3069 532 3101 Ἀλλά
555 3081 601 3102 τοι
628 3071 738 3112 ἐφάνθη
764 3074 938 3106 λυσιτελοῦν
969 3075 1012 3107 ἔτι
1036 3078 1090 3116 τὴν

67 3111 223 3152 Καδμείαν
240 3113 402 3155 ἀνέχεσθαι
420 3117 533 3156 μᾶλλον
549 3118 568 3155 ἢ
582 3120 802 3160 κεκρατηκέναι
824 3122 1090 3163 Λακεδαιμονίων,

67 3157 165 3194 οὕτως
201 3159 404 3199 ἐμισήθησαν.
419 3163 481 3194 Καὶ
495 3166 594 3195 ταῦτα
618 3165 654 3196 οὐ
679 3166 779 3203 δήπου
794 3168 976 3210 κατηγορίας
1003 3170 1090 3202 ἕνεκα

67 3207 171 3241 κοινῆς
195 3209 257 3237 τῶν
273 3207 427 3246 Ἑλλήνων
449 3211 736 3252 συνεσκευασάμην,
766 3214 872 3256 ὥσπερ
886 3216 902 3246 ὁ
916 3216 1090 3255 θαυμαστὸς

68 3248 182 3286 ἐκεῖνος
198 3252 215 3282 ὁ
227 3252 278 3283 τὸν
302 3254 490 3297 Τρικάρανον
504 3257 639 3294 ποιήσας
652 3281 661 3298 ,
681 3259 800 3298 μήποτε
815 3259 933 3301 ἀνάγκη
953 3263 1087 3300 τοσαύτη

67 3295 197 3336 γένοιτο,
211 3297 274 3328 ἀλλ’
289 3299 385 3332 ἐκεῖνο
398 3302 598 3335 ἐπιδεικνύναι
614 3305 761 3345 βούλομαι
776 3306 821 3337 ὅτι
832 3307 919 3338 οὔπω
929 3308 987 3349 πρὸ
1003 3309 1089 3348 ὑμῶν

66 3340 104 3379 ἦν
119 3341 154 3373 τὸ
164 3342 267 3385 ἄρχειν
284 3346 401 3378 εἰδέναι.

2063 148 2111 175 Lx
2117 148 2173 175 XV

1151 224 1337 272 nismum,
1370 238 1485 276 quem
1502 224 1664 271 dicunt,
1693 238 1715 262 a
1735 223 1991 261 democratica
2010 223 2176 261 factione

1150 284 1275 331 patria
1301 296 1384 322 esse
1413 283 1605 322 orbatum.
1636 283 1732 322 Inde
1753 282 1887 320 odium
1919 281 2014 320 illud
2042 290 2176 320 contra

1151 339 1452 392 demagogorum
1483 343 1770 393 factionumque
1802 341 1963 390 turbas,
1997 340 2103 391 quod
2135 340 2175 378 in

1150 397 1234 447 ipsa
1267 401 1391 449 patria
1433 411 1662 452 conceptum
1702 401 1905 440 itineribus
1941 401 2072 439 Nostri
2105 412 2176 451 per

1151 458 1309 495 Graeciae
1337 459 1512 498 civitates
1539 461 1614 498 hoc
1641 474 1761 512 genus
1787 460 1956 499 motibus
1987 468 2069 497 tum
2088 460 2175 510 ple—

1149 529 1314 567 rumque
1336 519 1496 568 agitatas
1513 533 1590 557 non
1611 520 1742 571 potuit
1762 533 1842 557 non
1864 519 2018 571 augeri,
2045 518 2174 569 quod-

1149 587 1225 625 que
1245 575 1292 612 iis
1307 589 1393 625 quae
1411 585 1499 627 post
1523 578 1692 615 reditum
1707 579 1746 616 in
1767 579 1931 629 patriam
1949 578 2176 628 Theopom-

1148 647 1221 684 pus
1244 643 1428 685 expertus
1450 643 1530 682 est,
1552 637 1600 673 ad
1623 650 1817 674 summum
1843 637 1953 688 quasi
1982 636 2172 688 fastigium

1148 692 1290 730 adduci
1318 692 1466 731 debuit.
1505 695 1600 731 Inde
1628 708 1767 733 severae
1794 696 1875 734 istae
1907 695 2174 746 castigationes

1148 752 1411 802 perversitatis
1432 753 1682 790 consiliorum
1698 754 1771 805 (3),
1792 768 2022 805 morumque
2040 754 2176 805 depra-

1149 809 1314 847 vationis
1337 823 1426 847 cum
1443 810 1518 847 isto
1539 823 1668 848 rerum
1688 812 1934 862 publicarum
1949 822 2051 851 statu
2068 826 2174 851 sem—

1148 882 1217 920 per
1237 868 1315 906 fere
1331 869 1559 920 conjunctae.
1583 873 1626 907 In
1650 871 1791 920 quibus
1808 872 1838 908 si
1854 871 1935 921 jam
1954 881 2089 909 natura
2113 872 2173 909 fe-

1148 928 1308 966 rebatur
1344 930 1394 967 ad
1429 931 1544 968 nimis
1586 930 1845 981 indignationi
1872 945 1948 969 suae
1968 932 2173 983 indulgen-

1148 988 1264 1037 dum,
1285 998 1432 1039 quanto
1462 990 1612 1027 facilius
1639 989 1797 1027 modum
1826 991 2010 1028 excedere
2040 991 2175 1029 debuit

1147 1047 1355 1085 historicus
1371 1060 1420 1085 ex
1435 1048 1638 1085 rhetorum
1659 1048 1802 1086 scholis
1819 1050 2036 1099 profectus,
2056 1050 2175 1088 idem-

1148 1121 1223 1157 que
1239 1120 1505 1158 saepenumero
1530 1120 1609 1145 non
1631 1116 1706 1144 tam
1722 1107 1778 1144 rei
1798 1109 1951 1146 veritati
1973 1110 2174 1148 consulens

1149 1179 1266 1215 quam
1296 1179 1461 1204 numero
1490 1166 1675 1204 oratorio.
1713 1170 1849 1217 Itaque
1876 1167 1940 1213 fit,
1971 1176 2014 1204 ut
2044 1169 2177 1206 Theo-·

1147 1224 1282 1275 pompi
1312 1224 1359 1262 de
1384 1225 1474 1263 viris
1502 1238 1715 1276 eorumque
1745 1224 1862 1263 rebus
1891 1228 2006 1276 gestis
2030 1225 2177 1276 judicia

1147 1292 1213 1321 aut
1232 1284 1353 1321 satirae
1370 1297 1451 1322 esse
1470 1285 1692 1332 videantur,
1710 1292 1799 1332 aut,
1823 1284 1890 1322 sed
1909 1284 1950 1321 id
1969 1285 2176 1335 rarissime,

1147 1343 1344 1380 orationes
1381 1343 1646 1395 panegyricae3
1688 1352 1731 1381 ut
1762 1343 1928 1381 eundem
1967 1344 2177 1394 hominem,

1146 1401 1369 1453 Philippum
1397 1402 1481 1450 aio,
1510 1402 1578 1440 ubi
1610 1403 1879 1453 imperatorias
1902 1402 1984 1453 ejus
2017 1404 2178 1442 virtutes

1146 1460 1324 1511 respicit,
1350 1460 1398 1498 ad
1418 1461 1557 1498 coelum
1578 1475 1699 1511 usque
1718 1461 1876 1509 efferat,
1901 1461 2063 1509 deinde,
2101 1463 2177 1500 alio

1148 1519 1254 1566 loco,
1275 1533 1426 1557 morum
1452 1521 1603 1557 ratione
1628 1519 1781 1567 habita,
1807 1521 1921 1558 nullis
1943 1534 2020 1559 non
2044 1530 2179 1559 oneret

1147 1579 1338 1616 convitiis.
1383 1579 1601 1630 Philippica
1632 1579 1753 1629 igitur
1784 1579 2009 1631 hyperbolis
2036 1580 2179 1630 ubique

1146 1637 1286 1674 referta
1305 1637 1441 1674 iisdem
1461 1637 1540 1675 fere
1556 1637 1799 1675 cautionibus
1824 1637 2046 1675 adhibenda
2065 1646 2154 1676 sunt
2168 1667 2179 1686 ,

1147 1695 1290 1745 quibus
1318 1696 1512 1734 orationes
1535 1696 1809 1734 Demosthenis
1831 1696 1909 1748 (4),
1943 1710 2031 1734 cum
2058 1710 2137 1748 quo
2157 1710 2180 1734 a

1147 1754 1356 1804 Dionysio,
1379 1763 1555 1805 utsupra
1572 1754 1741 1792 vidimus
1755 1785 1765 1803 ‚
1791 1764 2054 1807 comparatur.
2085 1756 2179 1793 Aliis

1148 1814 1244 1851 locis
1273 1812 1324 1851 ob
1351 1814 1661 1851 maledicentiam
1690 1827 1776 1851 cum
1797 1815 1945 1852 Timaeo
1974 1816 2180 1865 componi-

1149 1881 1224 1921 tur,
1244 1882 1287 1911 ut
1309 1873 1414 1924 apud
1430 1873 1582 1911 Cornel.
1598 1876 1790 1924 Nepotem
1812 1874 1851 1911 in
1869 1874 1960 1912 Vita
1970 1874 2178 1913 Alcibiadis

1147 1945 1178 1969 c.
1192 1946 1205 1968 1
1218 1946 1251 1979 1,
1267 1941 1304 1970 et
1318 1931 1421 1983 apud
1434 1932 1618 1970 Clement.
1635 1932 1746 1971 Alex.
1762 1933 1960 1984 (Stromm.
1975 1937 2005 1980 I,
2017 1946 2054 1984 p.
2070 1933 2176 1985 316),

1146 1991 1213 2041 qui
1243 1991 1540 2042 Theopompum
1558 1999 1598 2028 et
1613 1991 1799 2028 Timaeum
1825 1990 1952 2043 μύθους
1976 1991 2036 2029 καὶ
2063 1993 2177 2043 βλασ-

1147 2049 1280 2101 φημίας
1313 2049 1512 2088 συντάττειν
1547 2050 1651 2087 dicit.
1688 2053 1808 2088 Porro
1831 2051 2020 2101 Josephus
2043 2059 2178 2088 contra

1147 2111 1340 2161 Apionem
1357 2110 1382 2148 l.
1398 2111 1423 2148 l.
1445 2111 1746 2161 Theopompum
1761 2119 1799 2147 et
1813 2111 1994 2148 Timaeum
2014 2113 2178 2165 βλασφη-

1149 2175 1224 2221 μεῖν
1249 2170 1342 2208 dicit
1355 2170 1414 2208 καὶ
1435 2172 1539 2208 ἐθνῶν
1560 2172 1630 2208 τῶν
1648 2169 1875 2214 ἐνδοξοτάτων
1890 2169 1949 2209 καὶ
1966 2171 2101 2209 πόλεων
2118 2173 2178 2224 ῥυ-

1147 2229 1282 2268 παίνειν
1294 2229 1357 2276 τὴν
1369 2229 1540 2281 εὐγένειαν
1552 2229 1612 2268 καὶ
1621 2228 1685 2272 τὰς
1702 2229 1880 2274 πολιτείας
1892 2230 2072 2283 λοιδορεῖν.
2082 2233 2176 2268 Cum

1126 2301 1130 2305 ·
1147 2289 1206 2326 his
1225 2289 1273 2326 cf.
1289 2289 1445 2326 Lucian.
1470 2289 1679 2337 Quomodo
1701 2289 1837 2326 histor.
1854 2289 2087 2326 conscrib.c.
2102 2290 2150 2338 59
2166 2304 2176 2330 ς

1148 2346 1219 2385 Καὶ
1232 2346 1294 2395 τὴν
1314 2345 1422 2394 αὐτὴν
1439 2347 1645 2400 Θεοπόμπῳ
1665 2346 1780 2385 αἰτίαν
1791 2346 1886 2394 ἔξεις,
1905 2345 2176 2401 φιλαπεχθημό-

1149 2419 1216 2447 νως
1241 2409 1494 2459 κατηγοροῦντι
1519 2407 1587 2443 τῶν
1608 2405 1781 2444 πλείστων
1805 2405 1864 2443 καὶ
1886 2405 2066 2456 διατριὸὴν
2094 2420 2175 2442 ποι-

1149 2462 1287 2517 ουμένῳ
1303 2463 1343 2502 τὸ
1355 2470 1517 2518 πρᾶγμα,
1537 2466 1584 2508 ὡς
1607 2470 1817 2518 κατηγορεῖν,
1833 2465 1963 2516 μᾶλλον
1985 2464 2005 2511 ἢ
2027 2465 2175 2516 ἱστορεῖν

1148 2522 1193 2560 τὰ
1213 2522 1458 2576 πεπραγμένα.
1485 2524 1678 2562 Plutarch.
1703 2523 1869 2574 Lysand.
1894 2537 1925 2560 c.
1949 2525 2024 2560 30:
2049 2522 2176 2559 Theo—

1150 2595 1296 2633 pompo
1313 2582 1446 2632 μᾶλλον
1471 2583 1671 2621 ἐπαινοῦντι
1692 2581 1905 2620 πιστεύσειεν
1927 2580 1966 2618 ἄν
1994 2596 2046 2624 τις
2065 2579 2087 2626 ἢ
2108 2578 2175 2633 ψέ-

1150 2655 1267 2690 γοντι·
1290 2639 1389 2694 ψέγει
1406 2640 1473 2693 γὰρ
1497 2641 1593 2689 ἥδιον
1613 2640 1635 2688 ἢ
1657 2643 1791 2679 ἐπαινεῖ
1816 2641 1878 2690 (cf.
1900 2639 2092 2677 Plutarch.
2116 2642 2176 2677 De

1150 2700 1304 2750 malign.
1327 2701 1514 2737 Herodot.
1537 2714 1574 2751 p.
1604 2700 1702 2744 855,
1724 2703 1783 2746 A).
1820 2697 1954 2747 Polyb.
1974 2701 2080 2746 VIII,
2106 2712 2174 2736 12:

1150 2756 1293 2805 Ταύτην
1312 2757 1348 2796 δὲ
1366 2758 1430 2805 τήν
1446 2774 1484 2796 τε
1503 2759 1645 2811 πικρίαν
1659 2757 1717 2795 καὶ
1732 2756 1794 2804 τὴν
1813 2756 2095 2809 ἀθυρογλωσσίαν
2115 2760 2175 2795 τοῦ

1189 2885 1235 2926 (3)
1257 2894 1289 2917 v.
1305 2886 1437 2926 Dionys.
1454 2888 1492 2916 Η.
1508 2886 1531 2916 l.
1548 2885 1571 2917 l.
1589 2894 1596 2915 ;
1615 2883 1794 2916 Τελευταῖόν
1810 2884 1875 2915 ἐστι
1889 2886 1952 2915 τῶν
1965 2883 2061 2926 ἔργων
2080 2884 2175 2916 αὐτοῦ

1150 2935 1202 2965 καὶ
1226 2933 1549 2976 χαρακτηρικώτατον,
1569 2933 1586 2964 ὃ
1602 2933 1674 2974 παρ’
1690 2932 1754 2962 οὐδ’
1772 2932 1815 2962 ἑνὶ
1838 2934 1900 2962 τῶν
1919 2932 2020 2963 ἄλλων
2044 2942 2174 2973 συγγρα-

1150 2982 1229 3022 φέων
1240 2982 1338 3016 οὕτως
1359 2981 1492 3022 ἀκριὸῶς
1509 2979 1696 3021 ἐξείργασται
1710 2978 1764 3009 καὶ
1786 2978 1910 3009 δύναται
1936 2978 2007 3010 οὔτε
2029 2981 2091 3010 τῶν
2106 2990 2173 3021 πρε-

1150 3028 1306 3070 σὸυτέρων
1319 3028 1389 3058 οὔτε
1404 3029 1465 3058 τῶν
1481 3027 1647 3067 νεωτέρων.
1662 3025 1700 3056 Τί
1717 3025 1748 3056 δὲ
1760 3024 1851 3056 τοῦτό
1864 3026 1929 3056 ἐστι
1942 3036 1951 3066 ;
1965 3026 2000 3057 τὸ
2021 3026 2090 3057 καθ’
2106 3026 2174 3057 ἑκά-

1150 3086 1225 3112 στην
1247 3075 1353 3115 πρᾶξιν
1373 3074 1414 3113 μὴ
1438 3072 1529 3113 μόνον
1551 3072 1589 3103 τὰ
1604 3071 1716 3114 φανερὰ
1739 3074 1802 3108 τοῖς
1817 3073 1940 3108 πολλοῖς
1963 3073 2035 3115 ὁρᾷν
2050 3073 2103 3104 καὶ
2129 3073 2173 3104 λε’-

1149 3132 1226 3161 γειν,
1247 3121 1312 3151 ἀλλ’
1332 3119 1488 3158 ἐξετάζειν,
1502 3120 1555 3150 καὶ
1568 3119 1620 3155 τὰς
1636 3118 1759 3159 ἀφανεῖς
1775 3118 1873 3155 αἰτίας
1887 3121 1949 3150 τῶν
1968 3119 2106 3162 πράξεων
2119 3121 2172 3151 καὶ

1150 3170 1210 3198 τῶν
1223 3166 1400 3208 πραξάντων
1415 3166 1507 3202 αὐτὰς
1529 3167 1583 3197 καὶ
1595 3166 1634 3197 τὰ
1649 3166 1732 3203 πάθη
1750 3169 1803 3204 τῆς
1825 3167 1945 3207 ψυχῆς,
1975 3166 1995 3197 ἃ
2024 3168 2065 3207 μὴ
2084 3166 2173 3208 ῥᾴδια

1149 3216 1210 3249 τοῖς
1223 3214 1345 3248 πολλοῖς
1358 3213 1479 3243 εἰδέναι·
1494 3214 1547 3244 καὶ
1562 3212 1663 3244 πάντα
1685 3212 1884 3244 ἐκκαλύπτειν
1898 3213 1936 3243 τὰ
1953 3213 2106 3255 μυστήρια
2118 3217 2172 3251 τῆς

1148 3271 1180 3291 τε
1199 3260 1348 3296 δοκούσης
1361 3259 1468 3301 ἀρετῆς
1481 3261 1534 3291 καὶ
1551 3263 1603 3298 τῆς
1622 3259 1827 3300 ἀγνοουμένης
1843 3259 1962 3296 κακίας.

1194 3306 1239 3346 (4)
1262 3305 1341 3336 vide
1373 3306 1534 3346 egregium
1555 3306 1690 3339 Weiskii
1718 3305 1860 3338 libellum
1880 3310 1925 3338 Dc
1945 3305 2117 3346 hyperbole
2139 3306 2172 3338 in

1149 3351 1279 3383 historia
1295 3351 1440 3393 Philippi.
