2320 3684
157 193 232 230 126

153 276 218 321 τῆς
236 271 353 315 ἐλαίας
381 269 562 320 ἐδέσμευεν
583 266 705 315 αὐτὴν,
722 266 799 314 ἥτις
828 268 864 305 ἐν
893 267 943 319 τῷ
963 266 1179 315 Μυκηναίων

155 334 312 386 ὑπῆρχεν
327 329 437 368 ἄλσει.
456 327 536 370 Διὸς
552 325 588 364 δὲ
603 324 827 370 ἐπιτάξαντος
840 323 959 378 Ἑρμῇ
973 324 1102 379 κλέψαι
1119 324 1182 372 τὴν

159 392 254 442 βοῦν,
277 386 493 440 μηνύσαντος
513 383 683 437 Ἱέρακος,
712 382 830 430 ἐπειδὴ
865 383 981 422 λαθεῖν
1009 384 1071 421 οὐκ
1100 382 1186 431 ἠδύ-

155 463 261 496 νατο,
280 446 366 497 λίθῳ
388 442 503 496 βαλὼν
523 441 705 480 ἀπέκτεινε
723 442 782 480 τὸν
797 440 860 496 Ἄρ
885 457 936 490 ον,
959 441 1033 480 ὅθεν
1049 441 1185 495 Ἀργει-

159 506 286 561 φόντης
314 502 456 549 ἐκλήθη.
478 505 494 529 5
509 499 608 554 Ἥρα
627 499 664 538 δὲ
690 503 734 552 τῇ
767 496 823 553 βοῒ
842 457 978 554 goz-pov
1004 499 1184 552 ἐμὸάλλει.

160 564 206 603 Ἥ
223 562 260 601 δὲ
273 563 411 615 πρῶτον
432 555 515 607 ἧκεν
537 559 584 602 εἷς
605 558 664 597 τὸν
686 558 746 597 ἀπ’
764 557 898 606 ἐκείνης
915 557 1036 598 Ἰόνιον
1056 557 1185 597 κόλπον

161 621 352 669 κληθέντα·
374 618 494 658 ἔπειτα
520 617 577 656 διὰ
594 621 657 665 τῆς
673 618 860 672 Ἰλλυρίδος
885 621 1107 672 πορευθεῖσα,
1127 618 1187 656 καὶ

159 681 218 720 τὸν
238 673 351 731 Αἶμον
369 677 633 731 ὑπερὸαλοῦσα,
652 676 750 725 διέὸη
763 677 822 716 τὸν
841 676 919 716 τότε
937 677 1000 729 μὲν
1014 676 1190 728 καλούμε-

160 755 218 779 νον
242 737 349 792 πόρον
369 736 540 790 Θρᾴκιον,
566 739 626 774 νῦν
662 734 700 775 δὲ
735 736 795 774 ἀπ’
830 735 964 783 ἐκείνης
995 734 1187 789 Βόσπορον.

161 804 178 829 6
195 797 417 837 Ἐπελθοῦσα
437 794 474 833 δὲ
493 797 539 839 εἷς
558 794 712 834 Σκυθίαν
732 795 792 834 καὶ
808 794 871 843 τὴν
889 795 1092 849 Κιμμερίδα
1109 797 1189 846 γῆν,

161 854 296 903 πολλὴν
316 853 443 909 χέρσον
459 854 697 902 πλανηθεῖσα,
715 853 774 892 καὶ
800 852 934 900 πολλὴν
955 851 1190 904 διανηξαμένη

162 915 342 955 θάλασσαν
373 911 548 966 Εὐρώπης
570 928 610 951 τε
645 912 704 951 καὶ
732 911 868 962 Ἄσίας,
891 914 1088 951 τελευταῖον
1107 908 1190 960 ἧκεν

163 976 211 1018 εἷς
223 973 403 1025 Αἴγυπτον
414 987 422 995 ·
439 970 525 1010 ὅπου
543 970 607 1019 τὴν
625 970 775 1025 ἀρχαίαν
796 970 932 1026 μορφὴν
950 971 1192 1020 ἀπολαὸοῦσα,

162 1037 267 1086 γεννᾷ
278 1031 375 1085 παρὰ
384 1032 435 1084 τῷ
451 1030 568 1084 Νείλῳ
587 1032 738 1083 ποταμῷ
747 1027 911 1083 Ἔπαφον
929 1030 1049 1068 παῖδα.
1069 1026 1085 1052 7
1096 1032 1194 1068 Τοῦ-

164 1107 224 1130 τον
246 1090 283 1129 δὲ
300 1088 401 1143 (Ἥρα
422 1091 532 1128 δεῖται
551 1088 742 1143 Κουρήτων
772 1090 887 1143 ἀφανῆ
914 1092 1079 1135 ποιῆσαι·
1097 1090 1128 1126 οἳ
1158 1087 1194 1126 δὲ

164 1149 339 1204 ἠφάνισαν
369 1147 486 1187 αὐτόν.
523 1148 593 1187 Καὶ
628 1147 716 1191 Ζεὺς
735 1146 798 1199 μὲν
831 1145 1036 1199 αἰσθόμενος
1068 1146 1196 1185 κτείνει

168 1206 374 1261 Κούρητας·
395 1205 453 1245 Ἰὼ
474 1204 511 1244 δὲ
534 1205 592 1244 ἐπὶ
611 1205 756 1253 ζήτησιν
778 1209 839 1244 τοῦ
867 1205 990 1249 παιδὸς
1014 1205 1194 1259 ἐτράπετο.

167 1280 181 1303 8
200 1264 425 1316 Πλανωμένη
447 1263 483 1302 δὲ
497 1264 589 1303 κατὰ
608 1263 672 1311 τὴν
694 1263 824 1318 Συρίαν
854 1265 994 1302 ἅπασαν
1026 1265 1112 1316 (ἐκεῖ
1129 1263 1196 1316 γὰρ

166 1324 356 1376 ἐμηνύετο,
377 1327 424 1368 ὣς
449 1328 510 1362 τοῦ
538 1324 698 1363 Βυὸλίων
732 1323 902 1376 βασιλέως
928 1322 1015 1375 γυνὴ
1051 1322 1199 1370 ἐτιθήνει

165 1384 224 1423 τὸν
242 1384 344 1436 υἱὸν),
365 1383 425 1422 καὶ
444 1382 502 1421 τὸν
518 1381 685 1436 Ἔπαφον
705 1386 865 1437 εὑροῦσα,
885 1384 932 1426 εἷς
946 1382 1124 1434 Αἴγυπτον
1143 1384 1200 1421 ἐλ-

167 1447 275 1482 θοῦσα
287 1474 298 1492 ,
317 1442 478 1494 ἐγαμήθη
497 1441 688 1495 Τηλεγόνῳ
714 1444 764 1495 τῷ
784 1440 1003 1494 βασιλεύοντι
1030 1440 1109 1480 τότε
1132 1443 1199 1481 Αἰ-

166 1500 334 1553 γυπτίων.
355 1499 538 1553 Ἱδρύσατο
562 1499 598 1538 δὲ
616 1499 760 1551 ἄγαλμα
784 1499 994 1554 Δήμητρος,
1014 1499 1057 1546 ἣν
1079 1499 1201 1538 ἐκάλε-

167 1577 232 1599 σαν
250 1554 342 1599 *law
365 1558 570 1611 Αἰγύπτιοι,
590 1558 650 1597 καὶ
670 1558 734 1606 τὴν
755 1558 813 1598 Ἰὼ
833 1552 923 1598 Ἶσιν
941 1559 1070 1610 ὁμοίως
1086 1574 1201 1613 προσ-

170 1618 377 1673 ηγόρευσαν.
1166 1663 1170 1666 .

223 1678 278 1732 (4)
291 1677 456 1731 Ἔπαφος
465 1676 501 1715 δὲ
515 1676 710 1730 βασιλεύων
723 1677 924 1728 Αἰγυπτίων
935 1683 1042 1728 γαμεῖ
1058 1676 1201 1730 Μέμφιν

169 1737 234 1785 τὴν
256 1736 385 1777 Νείλου
407 1736 581 1789 θυγατέρα
593 1767 603 1785 ,
622 1736 683 1775 καὶ
701 1736 771 1775 ἀπὸ
783 1735 913 1784 ταύτης
929 1736 1037 1781 κτίζει
1057 1734 1202 1789 Μέμφιν

169 1795 285 1844 πόλιν,
302 1795 362 1834 καὶ
385 1801 500 1834 τεκνοῖ
526 1794 699 1849 θυγατέρα
735 1794 885 1844 Λιὸύην,
919 1795 977 1848 ἀφ’
998 1790 1041 1843 ἧς
1057 1797 1079 1841 ἡ
1103 1793 1204 1848 χώρα

170 1853 287 1901 Λιὸύη
307 1853 450 1900 ἐκλήθη.

222 1914 240 1938 2
256 1910 391 1959 Λιὸύης
401 1910 437 1949 δὲ
448 1910 507 1950 καὶ
519 1910 738 1954 Ποσειδῶνος
751 1909 906 1962 γίνονται.
921 1911 1041 1954 παῖδες
1056 1910 1205 1961 δίδυμοι,

173 1970 330 2024 Ἀγήνωρ
347 1970 408 2008 καὶ
428 1971 553 2016 Βῆλος.
579 1971 596 1996 3
614 1968 770 2022 Ἀγήνωρ
797 1968 861 2020 μὲν
882 1963 941 2008 οῦν
962 1972 1010 2013 εἷς
1033 1969 1205 2016 Φοινίκην

175 2030 392 2082 ἀπαλλαγεὶς
419 2029 642 2079 ἐδασίλευσε,
665 2031 767 2068 κάκεῖ
799 2030 890 2081 [τῆς]
927 2029 1082 2080 μεγάλης
1113 2028 1207 2082 ῥίζης

174 2089 310 2143 ἐγένετο
340 2088 552 2142 γενεάρχης·
574 2087 648 2126 ὅθεν
678 2086 945 2140 ὑπερθησόμεθα
972 2087 1052 2141 περὶ
1071 2086 1206 2125 τούτου.

174 2149 315 2195 οΒῆλος
332 2147 368 2186 δὲ
381 2178 391 2197 ,
409 2147 598 2198 ὑπομείνας
611 2149 645 2185 ἐν
665 2146 846 2200 Αἰγύπτῳ,
867 2146 1042 2199 βασιλεύει
1062 2145 1124 2198 μὲν
1145 2147 1207 2186 Αἷ-

174 2206 329 2256 γύπτου·
359 2211 467 2257 γαμεῖ
498 2204 535 2243 δὲ
565 2204 747 2257 Ἀγχινόην
776 2204 840 2252 τὴν
866 2204 993 2244 Νείλου
1013 2203 1208 2258 θυγατέρα,

175 2266 236 2304 καὶ
256 2267 352 2318 αὐτῷ
370 2265 525 2316 γίνονται
541 2265 662 2307 παῖδες
681 2264 838 2316 δίδυμοι,
859 2263 1036 2315 Αἴγυπτος
1058 2263 1117 2302 καὶ
1132 2266 1209 2302 Δα-

176 2325 255 2370 ναός
267 2342 274 2350 ·
292 2328 339 2369 ὡς
357 2324 393 2364 δέ
413 2341 516 2379 φησιν
539 2325 754 2378 Εὐριπίδης,
778 2325 837 2364 καὶ
849 2323 992 2379 Κηφεὺς
1004 2324 1063 2363 καὶ
1082 2323 1210 2369 Φινεὺς

181 2384 339 2440 προσέτι.

231 2441 392 2482 5Δαναὸν
408 2441 471 2494 μὲν
487 2436 544 2480 οῦν
560 2444 673 2488 Βῆλος
690 2444 724 2481 ἐν
741 2441 854 2495 Λιὸύῃ
875 2441 1082 2495 κατῴκισεν,
1097 2441 1211 2492 Αἴγυ-

178 2517 265 2542 πτον
286 2501 322 2540 δὲ
337 2503 372 2540 ἐν
391 2500 557 2556 Ἀραὸία·
576 2500 611 2544 ὃς
623 2501 685 2539 καὶ
704 2500 1035 2554 καταστρεψάμενος
1052 2499 1116 2547 τὴν
1138 2502 1213 2538 Με-

178 2559 370 2612 λαμπόδων
389 2559 510 2612 χώραν
541 2559 616 2612 [ἀφ’
643 2561 785 2609 ἑαυτοῦ]
811 2558 993 2610 ὠνόμασεν
1020 2558 1211 2610 Αἴγυπτον.

179 2622 196 2646 6
214 2620 375 2660 Γίνονται
389 2618 424 2656 δὲ
433 2620 472 2657 ἐκ
489 2619 628 2656 πολλῶν
643 2620 816 2669 γυναικῶν
834 2616 1002 2670 Αἰγύπτῳ
1015 2617 1076 2668 μὲν
1094 2618 1213 2660 παῖδες

179 2678 399 2726 πεντήκοντα
411 2694 419 2702 ·
440 2676 624 2730 θυγατέρες
638 2676 674 2715 δὲ
693 2678 822 2730 Δαναῷ
839 2676 1067 2723 πεντήκοντα.
1086 2676 1102 2701 7
1113 2677 1213 2715 Στα-

181 2737 380 2776 σιασάντων
400 2735 436 2774 δὲ
458 2737 571 2774 αὐτῶν
588 2735 668 2790 περὶ
687 2738 750 2782 τῆς
768 2737 879 2788 ἀρχῆς
891 2765 900 2783 ,
919 2734 1059 2788 ὕστερον
1079 2733 1215 2777 Δαναὸς

181 2796 260 2840 τοὺς
280 2794 462 2847 Αἰγύπτου
491 2795 618 2838 παῖδας
637 2793 814 2842 δεδοικὼς,
837 2792 1051 2845 ὑποθεμένης
1071 2793 1215 2840 Ἀθηνᾶς

183 2857 279 2908 αὐτῷ
296 2886 306 2903 ,
338 2858 421 2892 ναῦν
451 2853 687 2893 κατεσκεύασε
707 2855 858 2907 [πρῶτος
882 2852 945 2899 τὴν
963 2854 1150 2899 κληθεῖσαν
1168 2853 1215 2895 ὡς

184 2914 254 2952 ἀπὸ
264 2918 323 2952 τοῦ
336 2915 484 2967 ἀριθμοῦ
493 2915 562 2951 τῶν
580 2911 777 2966 θυγατέρων
793 2913 898 2950 αὐτοῦ
911 2909 1213 2963 πεντηκόντορον],

183 2973 243 3010 καὶ
260 2973 320 3016 τὰς
334 2971 525 3025 θυγατέρας
544 2971 724 3023 ἐνθέμενος
740 2970 857 3025 ἔφυγε.

241 3034 257 3056 ⁸
278 3031 474 3084 Προσάγων
509 3030 545 3070 δὲ
581 3030 712 3085 Ῥόδῳ,
748 3030 787 3070 τὸ
823 3033 887 3078 τῆς
912 3028 1054 3072 Λινδίας
1074 3028 1216 3075 Ἀθηνᾶς

187 3087 330 3138 ἄγαλμα
341 3088 514 3140 ἱδρύσατο.
530 3088 712 3128 Ἐντεῦθεν
726 3087 763 3126 δὲ
776 3084 859 3136 ἧκεν
874 3089 921 3130 εἷς
934 3085 1068 3140 Ἄργος,
1080 3085 1139 3123 καὶ
1150 3084 1213 3132 τὴν

190 3145 368 3197 βασιλείαν
383 3148 477 3199 αὐτῷ
488 3147 707 3200 παραδίδωσι
718 3146 883 3200 Γελάνωρ
894 3144 997 3184 ὁτότε
1013 3142 1214 3197 βασιλεύων.

189 3203 318 3255 [Αὐτὸς
338 3203 372 3241 δὲ
389 3205 566 3257 κρατήσας
583 3209 646 3252 τῆς
663 3204 781 3259 χώρας
800 3205 858 3259 ἀφ’
878 3207 1001 3243 ἑαυτοῦ
1020 3202 1099 3246 τοὺς
1124 3203 1216 3240 ἐνοι-

189 3264 336 3303 κοῦντας
357 3262 512 3306 Δαναοὺς
534 3263 940 3317 ὢνόμασεν.]9Ἀνύδρου
966 3261 1002 3300 δὲ
1021 3265 1083 3309 τῆς
1101 3260 1218 3315 χώρας

192 3318 436 3373 ὑπαρχούσης,
456 3320 574 3367 ἐπειδὴ
604 3322 663 3359 καὶ
685 3322 747 3365 τὰς
772 3321 886 3373 πηγὰς
921 3321 1063 3375 ἐξήρανε
1085 3322 1216 3360 Ποσει-

192 3378 282 3426 δῶν,
317 3378 450 3428 μηνίων
493 3379 622 3432 Ἰνάχῳ
637 3411 647 3428 ,
684 3380 770 3418 διότι
799 3380 862 3427 τὴν
904 3379 1023 3434 χώραν
1075 3378 1217 3426 Ἀθηνᾶς

747 181 1128 222 ΑΠΟΛΛΟΔΩΡΟΥ
1156 183 1503 223 ΒΙΒΛῙΟΘΗΚΗΣ
1531 185 1574 230 Β,
1603 182 1646 222 α’.

1236 289 1310 321 quae
1323 281 1357 313 in
1369 283 1578 322 Mycenarum
1591 282 1659 313 erat
1671 280 1756 321 iuco,
1769 282 1880 312 Ionem
1893 279 2042 321 alligavit.
2056 281 2168 319 Quum
2178 290 2256 316 vero

1235 339 1361 380 Jupiter
1377 339 1535 372 Mercurio
1550 339 1760 380 imperasset,
1780 339 1817 370 ut
1832 337 1949 370 bovem
1968 338 2082 371 furtim
2097 339 2255 381 abigeret,

1236 397 1414 430 Mercurius
1435 399 1542 430 autem
1557 399 1687 438 propter
1703 396 1846 429 Hieracis
1861 395 2046 437 (accipitris)
2062 396 2183 429 indicia
2197 397 2259 429 hoc

1237 456 1320 489 clam
1331 456 1434 489 facere
1445 465 1511 488 non
1523 458 1643 497 posset,
1659 456 1766 497 lapide
1781 463 1972 496 percussum
1987 458 2108 496 Argum
2119 453 2259 488 necavit.

1238 513 1323 547 Hinc
1330 514 1439 555 itaque
1448 515 1660 556 Argiphontes
1674 515 1782 547 dictus
1797 515 1857 546 est.
1869 517 1884 535 ὅ
1894 515 2016 545 Verum
2026 515 2113 545 Juno
2123 515 2260 545 oestrum

1238 571 1315 604 hovi
1330 572 1474 604 immisit.
1492 575 1564 611 Quo
1580 573 1741 605 concitata
1758 574 1794 604 Io
1809 571 1952 612 primum
1967 570 2056 602 venit
2071 570 2111 602 ad
2128 569 2262 611 appella·

1239 631 1309 661 tum
1325 629 1367 661 ab
1384 630 1438 662 ilia
1450 630 1558 662 sinum
1571 630 1710 672 Ionium.
1728 629 1851 662 Deinde
1864 637 1921 669 per
1939 627 2081 669 Illyriam
2094 635 2264 669 progressa

1241 690 1390 729 superato
1405 689 1535 729 Haemo,
1565 688 1684 721 fretum
1706 688 1846 729 trajecit,
1871 686 1959 728 quod
1986 688 2065 718 tunc
2088 685 2265 727 appellaba-

1241 747 1294 777 tur
1309 745 1493 787 Thracium,
1511 755 1598 779 nunc
1611 756 1688 779 vero
1708 746 1748 779 ab
1766 745 1820 777 illa
1833 746 1996 785 Bosporus
2009 744 2140 776 dicitur.
2158 748 2174 768 ⁸
2186 742 2266 775 Inde

1242 811 1345 844 quum
1363 803 1398 834 in
1417 803 1581 844 Scythiam
1596 805 1794 845 penetrasset
1807 804 1840 835 et
1859 801 2066 835 Cimmeriam
2076 825 2086 842 ,
2101 807 2268 841 quumque

1242 870 1300 902 per
1314 861 1533 894 continentem
1557 862 1699 895 multum
1721 862 1916 900 deerrasset,
1942 859 2110 900 muitaque
2126 861 2267 900 Europae

1244 922 1341 961 atque
1356 920 1442 953 Asiae
1451 920 1553 952 maria
1566 922 1736 960 manasset,
1754 923 1917 961 postremo
1930 918 1964 950 in
1979 919 2155 959 AEgyptum
2166 916 2268 955 venit,

1245 978 1300 1010 ubi
1316 978 1450 1020 pristina
1465 978 1568 1011 forma
1583 980 1709 1019 recepta
1723 978 1765 1010 ad
1786 977 1894 1010 Nilum
1910 975 2048 1007 fluvium
2061 973 2164 1006 tilium
2180 981 2272 1015 pepe-

1246 1037 1289 1069 rit
1302 1038 1482 1079 Epaphum.
1495 1042 1509 1061 ⁷
1524 1039 1620 1070 Hunc
1635 1039 1654 1069 J
1657 1046 1723 1069 uno
1744 1038 1782 1069 ut
1797 1038 1931 1070 Curetes
1946 1043 1964 1066 e
1977 1033 2154 1074 conspectu
2168 1031 2271 1065 aufer-

1247 1100 1318 1130 rent
1332 1098 1464 1139 rogavit.
1480 1097 1530 1129 Illi
1545 1097 1641 1138 igitur
1651 1104 1788 1138 puerum
1801 1094 2016 1127 occultarunt.
2033 1091 2130 1130 Quod
2142 1091 2200 1123 ubi
2214 1092 2234 1123 J
2236 1099 2272 1123 u-

1247 1157 1328 1198 piter
1345 1156 1486 1196 rescivit,
1505 1157 1640 1189 Curetas
1662 1153 1835 1187 interemit.
1852 1155 1889 1185 Io
1904 1151 2034 1184 interim
2050 1151 2092 1183 ad
2107 1150 2211 1182 filium
2225 1148 2273 1180 in-

1247 1214 1475 1255 vestigandum
1490 1222 1525 1246 se
1539 1213 1708 1246 convertit.
1725 1217 1738 1235 ⁸¹
1749 1214 1829 1250 Quae
1840 1219 1941 1252 quum
1953 1210 2077 1251 Syriam
2087 1208 2274 1241 universam

1249 1273 1421 1313 pervagata
1435 1273 1522 1303 esset
1539 1269 1596 1309 (ibi
1614 1269 1701 1302 enim
1715 1278 1735 1300 a
1747 1268 1937 1310 Bybliorum
1952 1268 2036 1308 regis
2050 1275 2153 1299 uxore
2167 1265 2273 1298 filium

1251 1329 1365 1361 nutriri
1379 1329 1558 1361 indicatum
1574 1328 1655 1367 erat>
1670 1351 1680 1368 ‚
1697 1327 1831 1368 Epapho
1849 1327 1981 1359 invento
1997 1349 2006 1366 ‚
2033 1325 2069 1357 in
2095 1324 2272 1366 AEgyptum

1252 1386 1408 1419 remeavit
1421 1390 1519 1428 atque
1533 1386 1692 1427 Telegono
1704 1385 1825 1427 nupsit,
1840 1385 1897 1426 qui
1913 1387 1992 1417 tunc
2005 1384 2159 1426 temporis
2180 1385 2278 1425 AEgy-

1253 1445 1394 1487 ptiorum
1408 1453 1541 1486 regnum
1558 1444 1814 1476 administrabat.
1832 1443 2046 1476 Consecravit
2056 1451 2134 1475 vero
2149 1441 2279 1483 siguum

1254 1504 1392 1544 Cereris,
1409 1512 1506 1545 quam
1522 1503 1590 1536 Isin
1604 1504 1763 1535 vocarunt
1776 1501 1927 1543 AEgyptii,
1942 1501 1999 1543 qui
2019 1503 2056 1533 Io
2071 1509 2201 1543 quoque
2210 1500 2278 1534 Isin

1254 1562 1533 1603 cognominarunt.

1297 1676 1342 1716 (4)
1365 1675 1519 1717 Epaphus
1543 1676 1652 1707 autem
1666 1673 1825 1715 AEgyptiis
1852 1673 2013 1713 imperans
2037 1671 2203 1712 Memphin
2216 1670 2280 1704 Nili
2317 1698 2320 1699 γ

1255 1734 1354 1766 filiam
1369 1733 1463 1765 duxit
1484 1732 1587 1772 deque
1602 1732 1714 1764 uxoris
1729 1731 1859 1763 nomine
1873 1730 2035 1762 conditam
2056 1729 2171 1761 urbem
2185 1730 2282 1761 Mem·
2316 1757 2320 1762 .

1256 1793 1336 1835 phin
1352 1792 1550 1831 nominavit;
1568 1800 1608 1824 ex
1632 1799 1733 1832 eaque
1747 1790 1846 1822 filiam
1864 1789 2006 1830 suscepit
2020 1787 2159 1829 Libyam
2170 1811 2182 1828 ,
2207 1793 2282 1828 qum

1257 1850 1371 1891 Lihyae
1385 1851 1480 1882 terrae
1495 1857 1614 1880 nomen
1635 1848 1734 1880 dedit.

1300 1919 1315 1938 ³
1324 1916 1372 1946 Ex
1385 1914 1488 1955 Libya
1497 1915 1530 1946 et
1540 1915 1687 1955 Neptuno
1700 1912 1819 1954 gemini
1831 1911 1899 1944 nati
1907 1912 1985 1943 sunt
1994 1914 2120 1951 Agenor
2131 1910 2164 1941 et
2173 1906 2282 1941 Belus.
2314 1924 2320 1928 ·

1260 1991 1444 2033 ⁵Agenorin
1454 1990 1653 2023 Phoeniciam
1663 1990 1826 2032 profectus
1833 1988 1877 2021 ibi
1885 1987 1973 2029 regni
1981 1986 2091 2020 sedem
2100 1983 2282 2024 constituit,
2317 2015 2320 2017 .

1261 2077 1299 2101 ac
1314 2077 1441 2110 magnae
1455 2068 1577 2100 sobolis
1590 2070 1702 2099 auctor
1717 2067 1852 2100 exstitit.
1868 2068 1975 2104 Quare
1988 2065 2029 2098 de
2043 2072 2082 2097 eo
2097 2063 2132 2096 in
2146 2071 2286 2105 praesen·

1262 2145 1308 2178 tia
1323 2145 1430 2177 dicere
1454 2144 1714 2185 supersedemus.
1739 2147 1753 2166 ⁴
1767 2142 1862 2176 Belus
1880 2142 1914 2174 in
1929 2141 2069 2183 AEgypto
2083 2148 2218 2172 manens
2235 2147 2284 2172 re-
2308 2134 2320 2166 ἶ

1262 2228 1362 2260 gnum
1384 2220 1604 2260 consequitur.
1623 2220 1764 2251 Uxorem
1776 2217 1869 2250 duxit
1886 2216 2077 2249 Anchinoen
2090 2214 2153 2248 Nili
2167 2213 2266 2247 filiam
2275 2235 2286 2255 ,

1263 2297 1296 2327 et
1313 2297 1492 2327 nascuntur
1510 2295 1540 2328 ei
1554 2294 1673 2336 gemini
1687 2296 1845 2335 AEgyptus
1866 2294 1899 2326 et
1914 2294 2062 2331 Danaus,
2078 2290 2164 2323 sicut
2177 2292 2287 2324 autem
2314 2278 2316 2281 ’

1265 2372 1436 2413 Euripides
1453 2371 1543 2412 dicit,
1561 2371 1711 2412 Cepheus
1728 2372 1882 2411 praeterea
1893 2371 1926 2401 et
1937 2368 2092 2403 Phineus.
2305 2402 2307 2406 Ι

1306 2446 1320 2465 ⁵
1329 2443 1478 2473 Danaum
1490 2440 1587 2473 Belus
1608 2439 1640 2471 in
1656 2438 1794 2479 Libyam
1806 2436 1985 2469 habitatum
1998 2433 2098 2474 misit,
2114 2436 2288 2476 AEgyptum

1266 2517 1300 2548 in
1318 2516 1480 2555 Arabiam,
1497 2515 1554 2556 qui
1571 2514 1752 2556 subjectam
1767 2511 1830 2544 sibi
1844 2510 2086 2552 Melampodum
2101 2511 2219 2542 terram
2235 2516 2290 2540 no·
2305 2514 2320 2560 ᾖ

1266 2590 1402 2622 minavit
1423 2592 1608 2630 AEgyptum.
1628 2595 1643 2613 ὃ
1654 2588 1838 2620 Nascuntur
1852 2586 1990 2626 AEgypto
2002 2593 2043 2617 ex
2057 2583 2203 2625 pluribus
2216 2561 2320 2635 coni-:s

1263 2667 1393 2707 jugibus
1403 2665 1458 2698 filii
1469 2664 1712 2707 quinquaginta,
1724 2662 1926 2703 totidemque
1934 2663 2045 2694 Danao
2055 2659 2139 2692 filiae.
2155 2664 2169 2684 ⁷
2178 2636 2320 2701 Patrngss'

1267 2752 1368 2784 quum
1379 2742 1419 2774 de
1428 2750 1526 2782 regno
1536 2741 1619 2773 inter
1630 2749 1664 2772 se
1676 2739 1921 2779 contenderent,
1933 2739 2046 2780 postea
2054 2738 2186 2769 Danaus
2196 2731 2312 2779 Δίῃα·

1268 2819 1313 2859 pti
1327 2818 1410 2850 filios
1425 2817 1544 2850 timens
1558 2817 1713 2848 Minervae
1726 2813 1860 2847 consilio
1877 2820 1994 2846 navem
2021 2810 2210 2851 fabricavit,
2225 2787 2313 2858 qun}

1267 2894 1393 2926 filiabus
1408 2892 1566 2933 impositis
1581 2891 1715 2932 aufugit.

2279 2952 2306 2999 ἓ.

1310 3031 1323 3049 ³
1333 3023 1484 3056 Rhodum
1513 3021 1668 3063 appulsus
1691 3020 1843 3053 Minervae
1869 3017 1994 3051 Lindiae
2023 3016 2151 3056 signum
2180 3016 2305 3052 conso-‘2

1269 3112 1381 3145 cravit.
1400 3111 1484 3144 Hinc
1505 3110 1594 3142 venit
1603 3111 1715 3148 Argos,
1728 3106 1784 3139 ubi
1798 3106 1950 3144 Gelanor,
1970 3105 2040 3136 tum
2055 3098 2208 3142 temporis
2220 3073 2299 3156 1¹0ng

1270 3209 1403 3242 regnum
1423 3199 1453 3231 ei
1473 3197 1616 3230 tradidit.
1636 3199 1651 3219 ⁹
1662 3194 1725 3227 Sed
1740 3201 1868 3234 regione
1883 3191 1937 3224 illa
1954 3198 2110 3232 aquarum
2125 3187 2232 3229 inopia
2245 3179 2317 3238 lan}

1271 3291 1421 3328 borante,
1438 3297 1478 3320 ex
1504 3295 1569 3328 quo
1587 3284 1709 3318 scilicet
1729 3284 1896 3323 Neptunus
1922 3280 2023 3312 iratus
2046 3277 2186 3316 Inacho,
2202 3255 2299 3335 quodi?

1271 3389 1341 3413 eam
1382 3378 1538 3412 Minervae
1582 3379 1700 3408 terram
1743 3379 1829 3404 esse,
1854 3369 1990 3403 testatus
2039 3366 2148 3401 esset,
2186 3363 2293 3398 font&
2319 3386 2320 3395 ,

2318 3511 2320 3536 1

2318 3547 2320 3578 A
