<?xml version="1.0" encoding="UTF-8"?>
<!DOCTYPE html PUBLIC "-//W3C//DTD XHTML 1.0 Transitional//EN"
    "http://www.w3.org/TR/xhtml1/DTD/xhtml1-transitional.dtd">
<html xmlns="http://www.w3.org/1999/xhtml" xml:lang="en" lang="en">
 <head>
  <title>
</title>
<meta http-equiv="Content-Type" content="text/html;charset=utf-8" />
  <meta name='ocr-system' content='tesseract 3.04.00' />
  <meta name='ocr-capabilities' content='ocr_page ocr_carea ocr_par ocr_line ocrx_word'/>
</head>
<body>
  <div class='ocr_page' id='page_1' title='image "./fragmentahistori01mueluoft_0181.png"; bbox 0 0 2320 3684; ppageno 0'>
   <div class='ocr_carea' id='block_1_1' title="bbox 741 141 1424 182">
    <p class='ocr_par' dir='ltr' id='par_1_1' title="bbox 741 141 1424 182">
     <span class='ocr_line' id='line_1_1' title="bbox 741 141 1424 182; baseline -0.003 -1"><span class='ocrx_word' id='word_1_1' title='bbox 741 141 1064 181; x_wconf 81' lang='lat' dir='ltr'>PHERECYDIS</span> <span class='ocrx_word' id='word_1_2' title='bbox 1092 142 1424 182; x_wconf 88' lang='lat' dir='ltr'><strong>FRAGMENTA.</strong></span> 
     </span>
    </p>
   </div>
   <div class='ocr_carea' id='block_1_2' title="bbox 36 225 1074 2458">
    <p class='ocr_par' dir='ltr' id='par_1_2' title="bbox 36 225 1074 2458">
     <span class='ocr_line' id='line_1_2' title="bbox 37 225 1057 280; baseline -0.01 -7"><span class='ocrx_word' id='word_1_3' title='bbox 37 249 111 278; x_wconf 78' lang='grc' dir='ltr'>νος’</span> <span class='ocrx_word' id='word_1_4' title='bbox 130 231 166 271; x_wconf 81' lang='grc' dir='ltr'><strong>ὃν</strong></span> <span class='ocrx_word' id='word_1_5' title='bbox 188 232 331 280; x_wconf 81' lang='grc' dir='ltr'>κτείνει,</span> <span class='ocrx_word' id='word_1_6' title='bbox 357 230 416 269; x_wconf 86' lang='grc' dir='ltr'><strong>καὶ</strong></span> <span class='ocrx_word' id='word_1_7' title='bbox 448 229 505 267; x_wconf 85' lang='grc' dir='ltr'><strong>τὸν</strong></span> <span class='ocrx_word' id='word_1_8' title='bbox 538 226 647 266; x_wconf 85' lang='grc' dir='ltr'>παῖδα</span> <span class='ocrx_word' id='word_1_9' title='bbox 678 227 783 264; x_wconf 81' lang='grc' dir='ltr'>αὐτοῦ</span> <span class='ocrx_word' id='word_1_10' title='bbox 805 225 1057 279; x_wconf 78' lang='grc' dir='ltr'>Ἰφιδάμαντα,</span> 
     </span>
     <span class='ocr_line' id='line_1_3' title="bbox 36 283 1060 344; baseline -0.011 -13"><span class='ocrx_word' id='word_1_11' title='bbox 36 294 97 331; x_wconf 81' lang='grc' dir='ltr'><strong>καὶ</strong></span> <span class='ocrx_word' id='word_1_12' title='bbox 112 292 171 331; x_wconf 86' lang='grc' dir='ltr'><strong>τὸν</strong></span> <span class='ocrx_word' id='word_1_13' title='bbox 191 290 328 344; x_wconf 87' lang='grc' dir='ltr'>κήρυκα</span> <span class='ocrx_word' id='word_1_14' title='bbox 347 287 510 335; x_wconf 74' lang='grc' dir='ltr'>Χάλὸην,</span> <span class='ocrx_word' id='word_1_15' title='bbox 528 285 588 324; x_wconf 80' lang='grc' dir='ltr'><strong>καὶ</strong></span> <span class='ocrx_word' id='word_1_16' title='bbox 610 283 690 328; x_wconf 80' lang='grc' dir='ltr'>τοὺς</span> <span class='ocrx_word' id='word_1_17' title='bbox 708 283 882 332; x_wconf 85' lang='grc' dir='ltr'>ὀπάονας,</span> <span class='ocrx_word' id='word_1_18' title='bbox 907 283 992 338; x_wconf 82' lang='grc' dir='ltr'>πρὸς</span> <span class='ocrx_word' id='word_1_19' title='bbox 1013 286 1060 337; x_wconf 82' lang='grc' dir='ltr'><strong>τῷ</strong></span> 
     </span>
     <span class='ocr_line' id='line_1_4' title="bbox 39 342 1059 404; baseline -0.011 -13"><span class='ocrx_word' id='word_1_20' title='bbox 39 353 149 404; x_wconf 80' lang='grc' dir='ltr'>βωμῷ</span> <span class='ocrx_word' id='word_1_21' title='bbox 185 353 247 389; x_wconf 90' lang='grc' dir='ltr'><strong>τοῦ</strong></span> <span class='ocrx_word' id='word_1_22' title='bbox 278 347 380 396; x_wconf 81' lang='grc' dir='ltr'>Διὸς,</span> <span class='ocrx_word' id='word_1_23' title='bbox 410 345 492 385; x_wconf 83' lang='grc' dir='ltr'>ἔνθα</span> <span class='ocrx_word' id='word_1_24' title='bbox 526 342 759 390; x_wconf 84' lang='grc' dir='ltr'>ἐξενοκτόνουν</span> <span class='ocrx_word' id='word_1_25' title='bbox 796 343 895 394; x_wconf 88' lang='lat' dir='ltr'><strong>(cod.</strong></span> <span class='ocrx_word' id='word_1_26' title='bbox 942 344 1059 381; x_wconf 87' lang='lat' dir='ltr'><strong>Paris.</strong></span> 
     </span>
     <span class='ocr_line' id='line_1_5' title="bbox 37 400 1062 464; baseline -0.011 -15"><span class='ocrx_word' id='word_1_27' title='bbox 37 407 272 460; x_wconf 80' lang='grc' dir='ltr'>ἐξενοκτόνει).</span> <span class='ocrx_word' id='word_1_28' title='bbox 313 405 535 460; x_wconf 79' lang='grc' dir='ltr'>Ἀφικόμενος</span> <span class='ocrx_word' id='word_1_29' title='bbox 567 402 603 441; x_wconf 87' lang='grc' dir='ltr'>δὲ</span> <span class='ocrx_word' id='word_1_30' title='bbox 635 404 684 446; x_wconf 86' lang='grc' dir='ltr'><strong>εἷς</strong></span> <span class='ocrx_word' id='word_1_31' title='bbox 720 400 864 464; x_wconf 41' lang='lat' dir='ltr'><strong>§wigeth</strong></span> <span class='ocrx_word' id='word_1_32' title='bbox 913 401 973 439; x_wconf 78' lang='grc' dir='ltr'><strong>καὶ</strong></span> <span class='ocrx_word' id='word_1_33' title='bbox 1005 400 1062 440; x_wconf 75' lang='grc' dir='ltr'><strong>διὰ</strong></span> 
     </span>
     <span class='ocr_line' id='line_1_6' title="bbox 36 461 1063 522; baseline -0.011 -14"><span class='ocrx_word' id='word_1_34' title='bbox 36 471 106 508; x_wconf 81' lang='grc' dir='ltr'><strong>τῶν</strong></span> <span class='ocrx_word' id='word_1_35' title='bbox 141 471 230 522; x_wconf 78' lang='grc' dir='ltr'>ὀρῶν</span> <span class='ocrx_word' id='word_1_36' title='bbox 262 469 309 511; x_wconf 89' lang='grc' dir='ltr'><strong>εἷς</strong></span> <span class='ocrx_word' id='word_1_37' title='bbox 342 464 406 512; x_wconf 82' lang='grc' dir='ltr'><strong>τὴν</strong></span> <span class='ocrx_word' id='word_1_38' title='bbox 443 462 508 508; x_wconf 84' lang='grc' dir='ltr'>ἔξω</span> <span class='ocrx_word' id='word_1_39' title='bbox 538 461 688 510; x_wconf 76' lang='grc' dir='ltr'>Λιὸύην,</span> <span class='ocrx_word' id='word_1_40' title='bbox 719 465 761 508; x_wconf 82' lang='grc' dir='ltr'><strong>ἧς</strong></span> <span class='ocrx_word' id='word_1_41' title='bbox 795 463 830 499; x_wconf 82' lang='grc' dir='ltr'><strong>ἓν</strong></span> <span class='ocrx_word' id='word_1_42' title='bbox 874 466 946 505; x_wconf 86' lang='grc' dir='ltr'>τοῖς</span> <span class='ocrx_word' id='word_1_43' title='bbox 983 461 1063 514; x_wconf 83' lang='grc' dir='ltr'>ἐρή-</span> 
     </span>
     <span class='ocr_line' id='line_1_7' title="bbox 39 519 1061 579; baseline -0.01 -12"><span class='ocrx_word' id='word_1_44' title='bbox 39 543 116 579; x_wconf 88' lang='grc' dir='ltr'>μοις</span> <span class='ocrx_word' id='word_1_45' title='bbox 152 525 267 566; x_wconf 82' lang='grc' dir='ltr'>πολλὰ</span> <span class='ocrx_word' id='word_1_46' title='bbox 300 526 369 563; x_wconf 82' lang='grc' dir='ltr'><strong>τῶν</strong></span> <span class='ocrx_word' id='word_1_47' title='bbox 410 521 538 575; x_wconf 84' lang='grc' dir='ltr'>Θηρίων</span> <span class='ocrx_word' id='word_1_48' title='bbox 572 520 720 566; x_wconf 83' lang='grc' dir='ltr'>τοξεύων</span> <span class='ocrx_word' id='word_1_49' title='bbox 756 522 910 574; x_wconf 80' lang='grc' dir='ltr'>ἀναιρεῖ,</span> <span class='ocrx_word' id='word_1_50' title='bbox 947 519 1061 567; x_wconf 89' lang='grc' dir='ltr'>καθή-</span> 
     </span>
     <span class='ocr_line' id='line_1_8' title="bbox 39 577 1061 641; baseline -0.009 -16"><span class='ocrx_word' id='word_1_51' title='bbox 39 602 100 641; x_wconf 89' lang='grc' dir='ltr'><strong>ρας</strong></span> <span class='ocrx_word' id='word_1_52' title='bbox 120 585 156 624; x_wconf 84' lang='grc' dir='ltr'>δὲ</span> <span class='ocrx_word' id='word_1_53' title='bbox 183 584 248 632; x_wconf 82' lang='grc' dir='ltr'><strong>τὴν</strong></span> <span class='ocrx_word' id='word_1_54' title='bbox 265 581 414 630; x_wconf 57' lang='grc' dir='ltr'>Λπὸύην,</span> <span class='ocrx_word' id='word_1_55' title='bbox 432 580 567 628; x_wconf 77' lang='grc' dir='ltr'>κατέὸη</span> <span class='ocrx_word' id='word_1_56' title='bbox 595 579 651 619; x_wconf 79' lang='grc' dir='ltr'><strong>ἐπὶ</strong></span> <span class='ocrx_word' id='word_1_57' title='bbox 677 578 741 627; x_wconf 72' lang='grc' dir='ltr'><strong>τὴν</strong></span> <span class='ocrx_word' id='word_1_58' title='bbox 783 578 963 618; x_wconf 84' lang='grc' dir='ltr'>θάλασσαν</span> <span class='ocrx_word' id='word_1_59' title='bbox 997 577 1061 625; x_wconf 87' lang='grc' dir='ltr'><strong>τὴν</strong></span> 
     </span>
     <span class='ocr_line' id='line_1_9' title="bbox 38 637 1063 695; baseline -0.009 -11"><span class='ocrx_word' id='word_1_60' title='bbox 38 644 104 691; x_wconf 83' lang='grc' dir='ltr'>ἔξω</span> <span class='ocrx_word' id='word_1_61' title='bbox 140 642 316 695; x_wconf 81' lang='grc' dir='ltr'>κειμένην.</span> <span class='ocrx_word' id='word_1_62' title='bbox 363 640 432 680; x_wconf 81' lang='grc' dir='ltr'><strong>Καὶ</strong></span> <span class='ocrx_word' id='word_1_63' title='bbox 476 638 596 680; x_wconf 75' lang='grc' dir='ltr'>λαὸὼν</span> <span class='ocrx_word' id='word_1_64' title='bbox 635 642 787 693; x_wconf 76' lang='grc' dir='ltr'>χρυσοῦν</span> <span class='ocrx_word' id='word_1_65' title='bbox 822 637 928 682; x_wconf 81' lang='grc' dir='ltr'>δέπας</span> <span class='ocrx_word' id='word_1_66' title='bbox 965 637 1063 691; x_wconf 86' lang='grc' dir='ltr'>παρὰ</span> 
     </span>
     <span class='ocr_line' id='line_1_10' title="bbox 39 696 1064 752; baseline -0.008 -9"><span class='ocrx_word' id='word_1_67' title='bbox 39 703 180 751; x_wconf 84' lang='grc' dir='ltr'>Ἡλίου,</span> <span class='ocrx_word' id='word_1_68' title='bbox 224 700 394 740; x_wconf 74' lang='grc' dir='ltr'>διαὸαίνει</span> <span class='ocrx_word' id='word_1_69' title='bbox 425 701 460 738; x_wconf 82' lang='grc' dir='ltr'><strong>ἐν</strong></span> <span class='ocrx_word' id='word_1_70' title='bbox 506 700 601 752; x_wconf 75' lang='grc' dir='ltr'>αὐτῷ</span> <span class='ocrx_word' id='word_1_71' title='bbox 642 699 689 742; x_wconf 87' lang='grc' dir='ltr'><strong>εἷς</strong></span> <span class='ocrx_word' id='word_1_72' title='bbox 732 697 890 751; x_wconf 87' lang='grc' dir='ltr'>Πέργην,</span> <span class='ocrx_word' id='word_1_73' title='bbox 930 696 988 736; x_wconf 88' lang='grc' dir='ltr'><strong>διά</strong></span> <span class='ocrx_word' id='word_1_74' title='bbox 1025 712 1064 735; x_wconf 89' lang='grc' dir='ltr'><strong>τε</strong></span> 
     </span>
     <span class='ocr_line' id='line_1_11' title="bbox 36 755 1064 811; baseline -0.006 -11"><span class='ocrx_word' id='word_1_75' title='bbox 36 765 100 809; x_wconf 85' lang='grc' dir='ltr'>τ’ἥς</span> <span class='ocrx_word' id='word_1_76' title='bbox 115 760 179 806; x_wconf 82' lang='grc' dir='ltr'>ἔξω</span> <span class='ocrx_word' id='word_1_77' title='bbox 195 763 257 807; x_wconf 91' lang='grc' dir='ltr'><strong>τῆς</strong></span> <span class='ocrx_word' id='word_1_78' title='bbox 274 762 338 811; x_wconf 88' lang='grc' dir='ltr'><strong>γῆς</strong></span> <span class='ocrx_word' id='word_1_79' title='bbox 357 757 535 805; x_wconf 82' lang='grc' dir='ltr'>θαλάσσης</span> <span class='ocrx_word' id='word_1_80' title='bbox 549 757 647 810; x_wconf 90' lang='lat' dir='ltr'><strong>(cod.</strong></span> <span class='ocrx_word' id='word_1_81' title='bbox 667 757 784 796; x_wconf 85' lang='lat' dir='ltr'><strong>Paris.</strong></span> <span class='ocrx_word' id='word_1_82' title='bbox 801 756 858 795; x_wconf 88' lang='grc' dir='ltr'><strong>διά</strong></span> <span class='ocrx_word' id='word_1_83' title='bbox 874 772 912 795; x_wconf 87' lang='grc' dir='ltr'><strong>τε</strong></span> <span class='ocrx_word' id='word_1_84' title='bbox 928 758 992 807; x_wconf 88' lang='grc' dir='ltr'><strong>γῆς</strong></span> <span class='ocrx_word' id='word_1_85' title='bbox 1005 755 1064 794; x_wconf 83' lang='grc' dir='ltr'><strong>καὶ</strong></span> 
     </span>
     <span class='ocr_line' id='line_1_12' title="bbox 38 813 1064 870; baseline -0.007 -11"><span class='ocrx_word' id='word_1_86' title='bbox 38 819 229 870; x_wconf 84' lang='grc' dir='ltr'>θαλάσσης)</span> <span class='ocrx_word' id='word_1_87' title='bbox 250 817 310 857; x_wconf 88' lang='grc' dir='ltr'><strong>καὶ</strong></span> <span class='ocrx_word' id='word_1_88' title='bbox 331 817 388 856; x_wconf 85' lang='grc' dir='ltr'><strong>διὰ</strong></span> <span class='ocrx_word' id='word_1_89' title='bbox 406 820 467 856; x_wconf 82' lang='grc' dir='ltr'><strong>τοῦ</strong></span> <span class='ocrx_word' id='word_1_90' title='bbox 487 816 656 856; x_wconf 79' lang='grc' dir='ltr'>Ὠκεανοῦ</span> <span class='ocrx_word' id='word_1_91' title='bbox 681 814 811 854; x_wconf 82' lang='grc' dir='ltr'>πλέων.</span> <span class='ocrx_word' id='word_1_92' title='bbox 827 813 1009 854; x_wconf 85' lang='grc' dir='ltr'>Ἐπελθὼν</span> <span class='ocrx_word' id='word_1_93' title='bbox 1028 813 1064 852; x_wconf 81' lang='grc' dir='ltr'>δὲ</span> 
     </span>
     <span class='ocr_line' id='line_1_13' title="bbox 38 873 1064 934; baseline -0.007 -16"><span class='ocrx_word' id='word_1_94' title='bbox 38 879 137 934; x_wconf 83' lang='grc' dir='ltr'>παρὰ</span> <span class='ocrx_word' id='word_1_95' title='bbox 151 875 365 931; x_wconf 83' lang='grc' dir='ltr'>Προμηθέα,</span> <span class='ocrx_word' id='word_1_96' title='bbox 384 876 444 914; x_wconf 78' lang='grc' dir='ltr'><strong>καὶ</strong></span> <span class='ocrx_word' id='word_1_97' title='bbox 465 875 578 929; x_wconf 81' lang='grc' dir='ltr'>ὀφθεὶς</span> <span class='ocrx_word' id='word_1_98' title='bbox 601 875 659 913; x_wconf 81' lang='grc' dir='ltr'><strong>ὑπ’</strong></span> <span class='ocrx_word' id='word_1_99' title='bbox 677 877 802 924; x_wconf 85' lang='grc' dir='ltr'>αὐτοῦ,</span> <span class='ocrx_word' id='word_1_100' title='bbox 820 873 982 926; x_wconf 87' lang='grc' dir='ltr'>οἷκτείρει</span> <span class='ocrx_word' id='word_1_101' title='bbox 997 874 1064 912; x_wconf 85' lang='grc' dir='ltr'><strong>αὔ-</strong></span> 
     </span>
     <span class='ocr_line' id='line_1_14' title="bbox 38 931 1065 980; baseline -0.007 -3"><span class='ocrx_word' id='word_1_102' title='bbox 38 936 97 977; x_wconf 82' lang='grc' dir='ltr'><strong>τὸν</strong></span> <span class='ocrx_word' id='word_1_103' title='bbox 117 935 316 976; x_wconf 79' lang='grc' dir='ltr'>ἱκετεύοντα</span> <span class='ocrx_word' id='word_1_104' title='bbox 330 951 339 959; x_wconf 90' lang='grc'>·</span> <span class='ocrx_word' id='word_1_105' title='bbox 364 935 424 974; x_wconf 79' lang='grc' dir='ltr'><strong>καὶ</strong></span> <span class='ocrx_word' id='word_1_106' title='bbox 453 933 579 973; x_wconf 86' lang='grc' dir='ltr'>κτείνει</span> <span class='ocrx_word' id='word_1_107' title='bbox 608 933 667 972; x_wconf 85' lang='grc' dir='ltr'><strong>τὸν</strong></span> <span class='ocrx_word' id='word_1_108' title='bbox 697 932 811 980; x_wconf 83' lang='grc' dir='ltr'>ἀετὸν,</span> <span class='ocrx_word' id='word_1_109' title='bbox 837 932 873 977; x_wconf 87' lang='grc' dir='ltr'><strong>ὃς</strong></span> <span class='ocrx_word' id='word_1_110' title='bbox 895 934 1000 971; x_wconf 79' lang='grc' dir='ltr'>αὐτοῦ</span> <span class='ocrx_word' id='word_1_111' title='bbox 1025 931 1065 970; x_wconf 83' lang='grc' dir='ltr'><strong>τὸ</strong></span> 
     </span>
     <span class='ocr_line' id='line_1_15' title="bbox 41 990 1065 1049; baseline -0.005 -14"><span class='ocrx_word' id='word_1_112' title='bbox 41 991 139 1049; x_wconf 61' lang='grc' dir='ltr'>ἧπαρ,</span> <span class='ocrx_word' id='word_1_113' title='bbox 151 995 268 1045; x_wconf 83' lang='grc' dir='ltr'>ἤσθιε,</span> <span class='ocrx_word' id='word_1_114' title='bbox 281 993 444 1040; x_wconf 83' lang='grc' dir='ltr'>τοξεύσας</span> <span class='ocrx_word' id='word_1_115' title='bbox 459 992 754 1048; x_wconf 87' lang='grc' dir='ltr'>προσπετόμενον.</span> <span class='ocrx_word' id='word_1_116' title='bbox 773 991 866 1032; x_wconf 78' lang='grc' dir='ltr'>Ἀντὶ</span> <span class='ocrx_word' id='word_1_117' title='bbox 889 990 925 1030; x_wconf 82' lang='grc' dir='ltr'>δὲ</span> <span class='ocrx_word' id='word_1_118' title='bbox 941 991 1065 1031; x_wconf 88' lang='grc' dir='ltr'>τούτου</span> 
     </span>
     <span class='ocr_line' id='line_1_16' title="bbox 39 1050 1067 1109; baseline -0.005 -16"><span class='ocrx_word' id='word_1_119' title='bbox 39 1052 251 1109; x_wconf 81' lang='grc' dir='ltr'>Προμηθεὺς</span> <span class='ocrx_word' id='word_1_120' title='bbox 273 1052 323 1106; x_wconf 84' lang='grc' dir='ltr'>μὴ</span> <span class='ocrx_word' id='word_1_121' title='bbox 343 1052 485 1092; x_wconf 79' lang='grc' dir='ltr'>ἀπιέναι</span> <span class='ocrx_word' id='word_1_122' title='bbox 507 1051 565 1090; x_wconf 71' lang='grc' dir='ltr'><strong>ἐπὶ</strong></span> <span class='ocrx_word' id='word_1_123' title='bbox 585 1051 630 1090; x_wconf 83' lang='grc' dir='ltr'><strong>τὰ</strong></span> <span class='ocrx_word' id='word_1_124' title='bbox 649 1052 747 1103; x_wconf 86' lang='grc' dir='ltr'>μῆλα</span> <span class='ocrx_word' id='word_1_125' title='bbox 770 1050 987 1100; x_wconf 83' lang='grc' dir='ltr'>ὑποτίθεται,</span> <span class='ocrx_word' id='word_1_126' title='bbox 1007 1052 1067 1089; x_wconf 80' lang='grc' dir='ltr'>ἕλ-</span> 
     </span>
     <span class='ocr_line' id='line_1_17' title="bbox 39 1108 1065 1166; baseline -0.006 -13"><span class='ocrx_word' id='word_1_127' title='bbox 39 1111 144 1154; x_wconf 79' lang='grc' dir='ltr'>θόντα</span> <span class='ocrx_word' id='word_1_128' title='bbox 163 1110 200 1152; x_wconf 78' lang='grc' dir='ltr'>δὲ</span> <span class='ocrx_word' id='word_1_129' title='bbox 214 1112 300 1166; x_wconf 80' lang='grc' dir='ltr'>πρὸς</span> <span class='ocrx_word' id='word_1_130' title='bbox 318 1110 491 1151; x_wconf 84' lang='grc' dir='ltr'>Ἄτλαντα</span> <span class='ocrx_word' id='word_1_131' title='bbox 502 1141 513 1160; x_wconf 94' lang='grc'>,</span> <span class='ocrx_word' id='word_1_132' title='bbox 532 1109 684 1149; x_wconf 84' lang='grc' dir='ltr'>κελεύειν</span> <span class='ocrx_word' id='word_1_133' title='bbox 699 1108 838 1161; x_wconf 81' lang='grc' dir='ltr'>ἐνέγκαι</span> <span class='ocrx_word' id='word_1_134' title='bbox 855 1111 950 1163; x_wconf 81' lang='grc' dir='ltr'>αὐτῷ</span> <span class='ocrx_word' id='word_1_135' title='bbox 967 1110 1065 1161; x_wconf 91' lang='lat' dir='ltr'><strong>(cod.</strong></span> 
     </span>
     <span class='ocr_line' id='line_1_18' title="bbox 40 1167 1067 1223; baseline -0.005 -12"><span class='ocrx_word' id='word_1_136' title='bbox 40 1173 158 1211; x_wconf 87' lang='lat' dir='ltr'><strong>Paris.</strong></span> <span class='ocrx_word' id='word_1_137' title='bbox 186 1171 295 1209; x_wconf 80' lang='lat' dir='ltr'>addit</span> <span class='ocrx_word' id='word_1_138' title='bbox 317 1169 362 1208; x_wconf 78' lang='grc' dir='ltr'><strong>τὰ</strong></span> <span class='ocrx_word' id='word_1_139' title='bbox 392 1170 490 1221; x_wconf 88' lang='grc' dir='ltr'>μῆλα</span> <span class='ocrx_word' id='word_1_140' title='bbox 519 1168 617 1223; x_wconf 80' lang='grc' dir='ltr'>παρὰ</span> <span class='ocrx_word' id='word_1_141' title='bbox 646 1171 715 1207; x_wconf 82' lang='grc' dir='ltr'><strong>τῶν</strong></span> <span class='ocrx_word' id='word_1_142' title='bbox 736 1167 983 1221; x_wconf 84' lang='grc' dir='ltr'>Ἑσπερίδων),</span> <span class='ocrx_word' id='word_1_143' title='bbox 1007 1168 1067 1207; x_wconf 86' lang='grc' dir='ltr'><strong>καὶ</strong></span> 
     </span>
     <span class='ocr_line' id='line_1_19' title="bbox 41 1226 1068 1280; baseline -0.002 -12"><span class='ocrx_word' id='word_1_144' title='bbox 41 1230 117 1270; x_wconf 76' lang='grc' dir='ltr'>ἀντὶ</span> <span class='ocrx_word' id='word_1_145' title='bbox 132 1233 194 1268; x_wconf 87' lang='grc' dir='ltr'><strong>τοῦ</strong></span> <span class='ocrx_word' id='word_1_146' title='bbox 209 1227 394 1272; x_wconf 83' lang='grc' dir='ltr'>Ἄτλαντος</span> <span class='ocrx_word' id='word_1_147' title='bbox 410 1227 514 1267; x_wconf 82' lang='grc' dir='ltr'>αὐτὸν</span> <span class='ocrx_word' id='word_1_148' title='bbox 529 1227 665 1280; x_wconf 83' lang='grc' dir='ltr'>ἀνέχειν</span> <span class='ocrx_word' id='word_1_149' title='bbox 686 1227 786 1279; x_wconf 92' lang='lat' dir='ltr'><strong>(cod.</strong></span> <span class='ocrx_word' id='word_1_150' title='bbox 804 1228 922 1265; x_wconf 82' lang='lat' dir='ltr'><strong>Paris.</strong></span> <span class='ocrx_word' id='word_1_151' title='bbox 939 1226 1068 1279; x_wconf 86' lang='grc' dir='ltr'>βαστά-</span> 
     </span>
     <span class='ocr_line' id='line_1_20' title="bbox 42 1283 1067 1342; baseline -0.004 -15"><span class='ocrx_word' id='word_1_152' title='bbox 42 1289 124 1340; x_wconf 85' lang='grc' dir='ltr'>ζειν)</span> <span class='ocrx_word' id='word_1_153' title='bbox 145 1287 203 1327; x_wconf 78' lang='grc' dir='ltr'><strong>τὸν</strong></span> <span class='ocrx_word' id='word_1_154' title='bbox 223 1287 381 1342; x_wconf 82' lang='grc' dir='ltr'>οὐρανὸν,</span> <span class='ocrx_word' id='word_1_155' title='bbox 401 1286 466 1331; x_wconf 80' lang='grc' dir='ltr'><strong>ἕως</strong></span> <span class='ocrx_word' id='word_1_156' title='bbox 483 1286 524 1325; x_wconf 81' lang='grc' dir='ltr'><strong>ἂν</strong></span> <span class='ocrx_word' id='word_1_157' title='bbox 545 1285 669 1339; x_wconf 81' lang='grc' dir='ltr'>ἐνέγκῃ</span> <span class='ocrx_word' id='word_1_158' title='bbox 686 1284 731 1324; x_wconf 83' lang='grc' dir='ltr'><strong>τὰ</strong></span> <span class='ocrx_word' id='word_1_159' title='bbox 760 1286 857 1337; x_wconf 85' lang='grc' dir='ltr'>μῆλα</span> <span class='ocrx_word' id='word_1_160' title='bbox 882 1283 979 1338; x_wconf 84' lang='grc' dir='ltr'>παρὰ</span> <span class='ocrx_word' id='word_1_161' title='bbox 998 1287 1067 1323; x_wconf 79' lang='grc' dir='ltr'><strong>τῶν</strong></span> 
     </span>
     <span class='ocr_line' id='line_1_21' title="bbox 42 1343 1070 1401; baseline -0.004 -14"><span class='ocrx_word' id='word_1_162' title='bbox 42 1346 273 1401; x_wconf 85' lang='grc' dir='ltr'>Ἑσπερίδων.</span> <span class='ocrx_word' id='word_1_163' title='bbox 307 1345 487 1400; x_wconf 80' lang='grc' dir='ltr'>Ἡρακλῆς</span> <span class='ocrx_word' id='word_1_164' title='bbox 531 1346 567 1383; x_wconf 88' lang='grc' dir='ltr'>δὲ</span> <span class='ocrx_word' id='word_1_165' title='bbox 613 1343 766 1388; x_wconf 83' lang='grc' dir='ltr'>ἀκούσας</span> <span class='ocrx_word' id='word_1_166' title='bbox 801 1343 943 1397; x_wconf 81' lang='grc' dir='ltr'>ἔρχεται</span> <span class='ocrx_word' id='word_1_167' title='bbox 983 1343 1070 1397; x_wconf 86' lang='grc' dir='ltr'>πρὸς</span> 
     </span>
     <span class='ocr_line' id='line_1_22' title="bbox 41 1401 1069 1456; baseline -0.004 -12"><span class='ocrx_word' id='word_1_168' title='bbox 41 1403 216 1444; x_wconf 81' lang='grc' dir='ltr'>Ἄτλαντα</span> <span class='ocrx_word' id='word_1_169' title='bbox 231 1436 241 1454; x_wconf 97' lang='grc'>,</span> <span class='ocrx_word' id='word_1_170' title='bbox 257 1404 317 1444; x_wconf 76' lang='grc' dir='ltr'><strong>καὶ</strong></span> <span class='ocrx_word' id='word_1_171' title='bbox 337 1404 471 1444; x_wconf 87' lang='grc' dir='ltr'>κελεύει</span> <span class='ocrx_word' id='word_1_172' title='bbox 491 1403 593 1442; x_wconf 82' lang='grc' dir='ltr'>αὐτὸν</span> <span class='ocrx_word' id='word_1_173' title='bbox 615 1404 764 1455; x_wconf 81' lang='grc' dir='ltr'>ἐνεγκεῖν</span> <span class='ocrx_word' id='word_1_174' title='bbox 781 1401 826 1440; x_wconf 78' lang='grc' dir='ltr'><strong>τὰ</strong></span> <span class='ocrx_word' id='word_1_175' title='bbox 852 1404 949 1454; x_wconf 88' lang='grc' dir='ltr'>μῆλα</span> <span class='ocrx_word' id='word_1_176' title='bbox 971 1402 1069 1456; x_wconf 88' lang='grc' dir='ltr'>παρὰ</span> 
     </span>
     <span class='ocr_line' id='line_1_23' title="bbox 43 1460 1067 1518; baseline -0.002 -16"><span class='ocrx_word' id='word_1_177' title='bbox 43 1466 112 1502; x_wconf 81' lang='grc' dir='ltr'><strong>τῶν</strong></span> <span class='ocrx_word' id='word_1_178' title='bbox 139 1463 372 1518; x_wconf 83' lang='grc' dir='ltr'>Ἑσπερίδων,</span> <span class='ocrx_word' id='word_1_179' title='bbox 403 1462 482 1517; x_wconf 90' lang='grc' dir='ltr'>τρία</span> <span class='ocrx_word' id='word_1_180' title='bbox 513 1461 688 1511; x_wconf 71' lang='grc' dir='ltr'>λαὸόντα,</span> <span class='ocrx_word' id='word_1_181' title='bbox 720 1461 976 1513; x_wconf 88' lang='grc' dir='ltr'>διηγησάμενος</span> <span class='ocrx_word' id='word_1_182' title='bbox 1009 1460 1067 1500; x_wconf 87' lang='grc' dir='ltr'><strong>τὸν</strong></span> 
     </span>
     <span class='ocr_line' id='line_1_24' title="bbox 44 1517 1067 1573; baseline -0.002 -12"><span class='ocrx_word' id='word_1_183' title='bbox 44 1517 162 1563; x_wconf 64' lang='grc' dir='ltr'>ἆθλον.</span> <span class='ocrx_word' id='word_1_184' title='bbox 180 1521 267 1567; x_wconf 72' lang='grc' dir='ltr'>Δοὺς</span> <span class='ocrx_word' id='word_1_185' title='bbox 283 1523 383 1573; x_wconf 85' lang='lat' dir='ltr'><strong>(cod.</strong></span> <span class='ocrx_word' id='word_1_186' title='bbox 400 1523 518 1561; x_wconf 86' lang='lat' dir='ltr'><strong>Paris.</strong></span> <span class='ocrx_word' id='word_1_187' title='bbox 536 1521 676 1572; x_wconf 80' lang='grc' dir='ltr'>ἐπιθεὶς)</span> <span class='ocrx_word' id='word_1_188' title='bbox 698 1520 735 1559; x_wconf 83' lang='grc' dir='ltr'>δὲ</span> <span class='ocrx_word' id='word_1_189' title='bbox 753 1520 880 1565; x_wconf 85' lang='grc' dir='ltr'>Ἄτλας</span> <span class='ocrx_word' id='word_1_190' title='bbox 909 1521 966 1559; x_wconf 83' lang='grc' dir='ltr'><strong>ἐπὶ</strong></span> <span class='ocrx_word' id='word_1_191' title='bbox 998 1523 1067 1560; x_wconf 82' lang='grc' dir='ltr'><strong>τῶν</strong></span> 
     </span>
     <span class='ocr_line' id='line_1_25' title="bbox 44 1574 1070 1636; baseline -0.002 -16"><span class='ocrx_word' id='word_1_192' title='bbox 44 1581 150 1634; x_wconf 86' lang='grc' dir='ltr'>ὤμων</span> <span class='ocrx_word' id='word_1_193' title='bbox 167 1574 336 1636; x_wconf 77' lang='grc' dir='ltr'>Ἡρακλεῖ</span> <span class='ocrx_word' id='word_1_194' title='bbox 369 1582 434 1631; x_wconf 82' lang='lat' dir='ltr'><strong>(id.</strong></span> <span class='ocrx_word' id='word_1_195' title='bbox 460 1581 544 1619; x_wconf 91' lang='lat' dir='ltr'><strong>cod.</strong></span> <span class='ocrx_word' id='word_1_196' title='bbox 564 1584 626 1619; x_wconf 88' lang='grc' dir='ltr'><strong>τοῦ</strong></span> <span class='ocrx_word' id='word_1_197' title='bbox 640 1578 868 1634; x_wconf 86' lang='grc' dir='ltr'>Ἡρακλέους)</span> <span class='ocrx_word' id='word_1_198' title='bbox 885 1579 943 1619; x_wconf 86' lang='grc' dir='ltr'><strong>τὸν</strong></span> <span class='ocrx_word' id='word_1_199' title='bbox 961 1582 1070 1634; x_wconf 85' lang='grc' dir='ltr'>οὐρα-</span> 
     </span>
     <span class='ocr_line' id='line_1_26' title="bbox 44 1636 1070 1694; baseline -0.003 -15"><span class='ocrx_word' id='word_1_200' title='bbox 44 1641 117 1688; x_wconf 78' lang='grc' dir='ltr'>νὸν,</span> <span class='ocrx_word' id='word_1_201' title='bbox 136 1640 196 1679; x_wconf 78' lang='grc' dir='ltr'><strong>καὶ</strong></span> <span class='ocrx_word' id='word_1_202' title='bbox 216 1638 324 1678; x_wconf 78' lang='grc' dir='ltr'>ἐλθὼν</span> <span class='ocrx_word' id='word_1_203' title='bbox 343 1640 428 1694; x_wconf 87' lang='grc' dir='ltr'>πρὸς</span> <span class='ocrx_word' id='word_1_204' title='bbox 446 1637 510 1682; x_wconf 78' lang='grc' dir='ltr'><strong>τὰς</strong></span> <span class='ocrx_word' id='word_1_205' title='bbox 527 1637 758 1693; x_wconf 86' lang='grc' dir='ltr'>Ἑσπερίδας,</span> <span class='ocrx_word' id='word_1_206' title='bbox 779 1636 963 1689; x_wconf 82' lang='grc' dir='ltr'>δεξάμενος</span> <span class='ocrx_word' id='word_1_207' title='bbox 985 1639 1070 1693; x_wconf 87' lang='grc' dir='ltr'>παρ’</span> 
     </span>
     <span class='ocr_line' id='line_1_27' title="bbox 44 1696 1069 1752; baseline -0.003 -14"><span class='ocrx_word' id='word_1_208' title='bbox 44 1700 158 1738; x_wconf 77' lang='grc' dir='ltr'>αὐτῶν</span> <span class='ocrx_word' id='word_1_209' title='bbox 174 1698 219 1738; x_wconf 87' lang='grc' dir='ltr'><strong>τὰ</strong></span> <span class='ocrx_word' id='word_1_210' title='bbox 237 1700 334 1750; x_wconf 90' lang='grc' dir='ltr'>μῆλα</span> <span class='ocrx_word' id='word_1_211' title='bbox 346 1729 356 1748; x_wconf 92' lang='grc'>,</span> <span class='ocrx_word' id='word_1_212' title='bbox 375 1697 482 1737; x_wconf 82' lang='grc' dir='ltr'>ἐλθὼν</span> <span class='ocrx_word' id='word_1_213' title='bbox 496 1713 534 1736; x_wconf 92' lang='grc' dir='ltr'><strong>τε</strong></span> <span class='ocrx_word' id='word_1_214' title='bbox 550 1697 634 1752; x_wconf 79' lang='grc' dir='ltr'>πρὸς</span> <span class='ocrx_word' id='word_1_215' title='bbox 652 1697 711 1736; x_wconf 85' lang='grc' dir='ltr'><strong>τὸν</strong></span> <span class='ocrx_word' id='word_1_216' title='bbox 725 1696 906 1750; x_wconf 86' lang='grc' dir='ltr'>Ἡρακλέα</span> <span class='ocrx_word' id='word_1_217' title='bbox 917 1728 927 1746; x_wconf 95' lang='grc'>,</span> <span class='ocrx_word' id='word_1_218' title='bbox 945 1696 990 1736; x_wconf 82' lang='grc' dir='ltr'><strong>τὰ</strong></span> <span class='ocrx_word' id='word_1_219' title='bbox 1005 1697 1069 1749; x_wconf 81' lang='grc' dir='ltr'><strong>μὲν</strong></span> 
     </span>
     <span class='ocr_line' id='line_1_28' title="bbox 45 1755 1069 1811; baseline -0.002 -15"><span class='ocrx_word' id='word_1_220' title='bbox 45 1759 143 1809; x_wconf 79' lang='grc' dir='ltr'>μῆλα</span> <span class='ocrx_word' id='word_1_221' title='bbox 157 1756 257 1802; x_wconf 81' lang='grc' dir='ltr'>αὐτός</span> <span class='ocrx_word' id='word_1_222' title='bbox 276 1772 380 1811; x_wconf 81' lang='grc' dir='ltr'>φησιν</span> <span class='ocrx_word' id='word_1_223' title='bbox 401 1756 558 1795; x_wconf 82' lang='grc' dir='ltr'>ἀποίσειν</span> <span class='ocrx_word' id='word_1_224' title='bbox 585 1758 773 1810; x_wconf 80' lang='grc' dir='ltr'>Εὐρυσθεῖ,</span> <span class='ocrx_word' id='word_1_225' title='bbox 792 1755 851 1794; x_wconf 85' lang='grc' dir='ltr'><strong>τὸν</strong></span> <span class='ocrx_word' id='word_1_226' title='bbox 873 1756 903 1794; x_wconf 85' lang='grc' dir='ltr'>δ’</span> <span class='ocrx_word' id='word_1_227' title='bbox 926 1756 1069 1810; x_wconf 82' lang='grc' dir='ltr'>οὐρανὸν</span> 
     </span>
     <span class='ocr_line' id='line_1_29' title="bbox 46 1814 1070 1869; baseline -0.002 -13"><span class='ocrx_word' id='word_1_228' title='bbox 46 1816 223 1856; x_wconf 79' lang='grc' dir='ltr'>ἐκέλευσεν</span> <span class='ocrx_word' id='word_1_229' title='bbox 239 1818 367 1855; x_wconf 81' lang='grc' dir='ltr'>ἐκεῖνον</span> <span class='ocrx_word' id='word_1_230' title='bbox 388 1814 480 1869; x_wconf 85' lang='grc' dir='ltr'>ἔχειν</span> <span class='ocrx_word' id='word_1_231' title='bbox 509 1816 607 1867; x_wconf 89' lang='lat' dir='ltr'><strong>(cod.</strong></span> <span class='ocrx_word' id='word_1_232' title='bbox 630 1816 749 1854; x_wconf 86' lang='lat' dir='ltr'><strong>Paris.</strong></span> <span class='ocrx_word' id='word_1_233' title='bbox 772 1815 972 1868; x_wconf 87' lang='grc' dir='ltr'>βαστάζειν)</span> <span class='ocrx_word' id='word_1_234' title='bbox 997 1816 1070 1854; x_wconf 87' lang='grc' dir='ltr'>ἀντ’</span> 
     </span>
     <span class='ocr_line' id='line_1_30' title="bbox 46 1872 1072 1929; baseline -0.002 -15"><span class='ocrx_word' id='word_1_235' title='bbox 46 1876 164 1914; x_wconf 85' lang='grc' dir='ltr'>αὔτοῦ.</span> <span class='ocrx_word' id='word_1_236' title='bbox 181 1874 224 1914; x_wconf 92' lang='grc' dir='ltr'><strong>Ὁ</strong></span> <span class='ocrx_word' id='word_1_237' title='bbox 241 1874 278 1914; x_wconf 83' lang='grc' dir='ltr'>δὲ</span> <span class='ocrx_word' id='word_1_238' title='bbox 297 1874 477 1929; x_wconf 80' lang='grc' dir='ltr'>Ἡρακλῆς</span> <span class='ocrx_word' id='word_1_239' title='bbox 495 1872 752 1927; x_wconf 83' lang='grc' dir='ltr'>ὑποσχόμενος,</span> <span class='ocrx_word' id='word_1_240' title='bbox 771 1873 861 1927; x_wconf 85' lang='grc' dir='ltr'>δόλῳ</span> <span class='ocrx_word' id='word_1_241' title='bbox 882 1873 1072 1922; x_wconf 85' lang='grc' dir='ltr'>ἀντεπέθη-</span> 
     </span>
     <span class='ocr_line' id='line_1_31' title="bbox 46 1926 1072 1988; baseline 0 -15"><span class='ocrx_word' id='word_1_242' title='bbox 46 1949 104 1973; x_wconf 90' lang='grc' dir='ltr'><strong>κεν</strong></span> <span class='ocrx_word' id='word_1_243' title='bbox 123 1933 225 1973; x_wconf 80' lang='grc' dir='ltr'>αὐτὸν</span> <span class='ocrx_word' id='word_1_244' title='bbox 244 1936 295 1988; x_wconf 82' lang='grc' dir='ltr'><strong>τῷ</strong></span> <span class='ocrx_word' id='word_1_245' title='bbox 313 1933 489 1974; x_wconf 85' lang='grc' dir='ltr'>Ἄτλαντι.</span> <span class='ocrx_word' id='word_1_246' title='bbox 511 1926 582 1974; x_wconf 44' lang='grc' dir='ltr'><strong>η’.Ην</strong></span> <span class='ocrx_word' id='word_1_247' title='bbox 602 1932 670 1987; x_wconf 83' lang='grc' dir='ltr'><strong>γὰρ</strong></span> <span class='ocrx_word' id='word_1_248' title='bbox 690 1932 797 1972; x_wconf 82' lang='grc' dir='ltr'>εἰπὼν</span> <span class='ocrx_word' id='word_1_249' title='bbox 824 1935 920 1987; x_wconf 81' lang='grc' dir='ltr'>αὐτῷ</span> <span class='ocrx_word' id='word_1_250' title='bbox 933 1937 951 1972; x_wconf 85' lang='grc' dir='ltr'><strong>ὃ</strong></span> <span class='ocrx_word' id='word_1_251' title='bbox 971 1936 1072 1987; x_wconf 90' lang='grc' dir='ltr'>Προ-</span> 
     </span>
     <span class='ocr_line' id='line_1_32' title="bbox 48 1991 1071 2046; baseline 0.002 -16"><span class='ocrx_word' id='word_1_252' title='bbox 48 1991 175 2044; x_wconf 75' lang='grc' dir='ltr'>μηθεὺς</span> <span class='ocrx_word' id='word_1_253' title='bbox 194 1992 422 2045; x_wconf 85' lang='grc' dir='ltr'>ὑποθέμενος,</span> <span class='ocrx_word' id='word_1_254' title='bbox 456 1991 607 2031; x_wconf 87' lang='grc' dir='ltr'>κελεύειν</span> <span class='ocrx_word' id='word_1_255' title='bbox 642 1991 803 2038; x_wconf 87' lang='grc' dir='ltr'>δέξασθαι</span> <span class='ocrx_word' id='word_1_256' title='bbox 827 1991 886 2031; x_wconf 82' lang='grc' dir='ltr'><strong>τὸν</strong></span> <span class='ocrx_word' id='word_1_257' title='bbox 914 1992 1071 2046; x_wconf 84' lang='grc' dir='ltr'>οὐρανὸν,</span> 
     </span>
     <span class='ocr_line' id='line_1_33' title="bbox 48 2045 1071 2106; baseline 0.001 -16"><span class='ocrx_word' id='word_1_258' title='bbox 48 2049 112 2095; x_wconf 74' lang='grc' dir='ltr'><strong>ἕως</strong></span> <span class='ocrx_word' id='word_1_259' title='bbox 127 2045 169 2090; x_wconf 65' lang='grc' dir='ltr'>ὀἷ</span> <span class='ocrx_word' id='word_1_260' title='bbox 184 2051 328 2106; x_wconf 87' lang='grc' dir='ltr'>σπείραν</span> <span class='ocrx_word' id='word_1_261' title='bbox 346 2051 404 2090; x_wconf 78' lang='grc' dir='ltr'><strong>ἐπὶ</strong></span> <span class='ocrx_word' id='word_1_262' title='bbox 434 2050 498 2099; x_wconf 80' lang='grc' dir='ltr'><strong>τὴν</strong></span> <span class='ocrx_word' id='word_1_263' title='bbox 528 2050 683 2106; x_wconf 75' lang='grc' dir='ltr'>κεφαλὴν</span> <span class='ocrx_word' id='word_1_264' title='bbox 717 2050 913 2099; x_wconf 87' lang='grc' dir='ltr'>ποιήσεται.</span> <span class='ocrx_word' id='word_1_265' title='bbox 938 2051 983 2091; x_wconf 89' lang='grc' dir='ltr'>Ὁ</span> <span class='ocrx_word' id='word_1_266' title='bbox 1015 2051 1071 2102; x_wconf 81' lang='grc' dir='ltr'><strong>δὲ,</strong></span> 
     </span>
     <span class='ocr_line' id='line_1_34' title="bbox 47 2109 1074 2165; baseline 0.001 -17"><span class='ocrx_word' id='word_1_267' title='bbox 47 2110 208 2154; x_wconf 71' lang='grc' dir='ltr'>καταθεὶς</span> <span class='ocrx_word' id='word_1_268' title='bbox 222 2110 267 2150; x_wconf 83' lang='grc' dir='ltr'><strong>τὰ</strong></span> <span class='ocrx_word' id='word_1_269' title='bbox 286 2111 382 2162; x_wconf 82' lang='grc' dir='ltr'>μῆλα</span> <span class='ocrx_word' id='word_1_270' title='bbox 400 2112 447 2154; x_wconf 83' lang='grc' dir='ltr'><strong>εἷς</strong></span> <span class='ocrx_word' id='word_1_271' title='bbox 474 2109 538 2157; x_wconf 79' lang='grc' dir='ltr'><strong>τὴν</strong></span> <span class='ocrx_word' id='word_1_272' title='bbox 554 2113 634 2162; x_wconf 92' lang='grc' dir='ltr'>γῆν,</span> <span class='ocrx_word' id='word_1_273' title='bbox 655 2110 865 2163; x_wconf 84' lang='grc' dir='ltr'>ὑποδέχεται</span> <span class='ocrx_word' id='word_1_274' title='bbox 889 2110 948 2149; x_wconf 82' lang='grc' dir='ltr'><strong>τὸν</strong></span> <span class='ocrx_word' id='word_1_275' title='bbox 969 2112 1074 2165; x_wconf 84' lang='grc' dir='ltr'>οὖρα-</span> 
     </span>
     <span class='ocr_line' id='line_1_35' title="bbox 47 2167 1072 2222; baseline 0.001 -15"><span class='ocrx_word' id='word_1_276' title='bbox 47 2167 118 2207; x_wconf 86' lang='grc' dir='ltr'>νόν.</span> <span class='ocrx_word' id='word_1_277' title='bbox 132 2168 310 2222; x_wconf 82' lang='grc' dir='ltr'>Ἡρακλῆς</span> <span class='ocrx_word' id='word_1_278' title='bbox 327 2168 363 2207; x_wconf 86' lang='grc' dir='ltr'>δὲ</span> <span class='ocrx_word' id='word_1_279' title='bbox 377 2167 497 2207; x_wconf 69' lang='grc' dir='ltr'>λαὸὼν</span> <span class='ocrx_word' id='word_1_280' title='bbox 510 2168 555 2207; x_wconf 85' lang='grc' dir='ltr'><strong>τὰ</strong></span> <span class='ocrx_word' id='word_1_281' title='bbox 572 2170 689 2220; x_wconf 91' lang='grc' dir='ltr'>μῆλα,</span> <span class='ocrx_word' id='word_1_282' title='bbox 715 2168 850 2222; x_wconf 86' lang='grc' dir='ltr'>χαίρειν</span> <span class='ocrx_word' id='word_1_283' title='bbox 886 2167 992 2208; x_wconf 81' lang='grc' dir='ltr'>εἰπὼν</span> <span class='ocrx_word' id='word_1_284' title='bbox 1021 2172 1072 2222; x_wconf 85' lang='grc' dir='ltr'><strong>τῷ</strong></span> 
     </span>
     <span class='ocr_line' id='line_1_36' title="bbox 48 2225 1071 2282; baseline 0.001 -16"><span class='ocrx_word' id='word_1_285' title='bbox 48 2225 231 2276; x_wconf 84' lang='grc' dir='ltr'>Ἄτλαντι,</span> <span class='ocrx_word' id='word_1_286' title='bbox 246 2227 438 2280; x_wconf 84' lang='grc' dir='ltr'>ἀπέρχεται</span> <span class='ocrx_word' id='word_1_287' title='bbox 450 2229 497 2271; x_wconf 88' lang='grc' dir='ltr'><strong>εἷς</strong></span> <span class='ocrx_word' id='word_1_288' title='bbox 512 2227 682 2275; x_wconf 86' lang='grc' dir='ltr'>Μυκήνας</span> <span class='ocrx_word' id='word_1_289' title='bbox 696 2228 778 2282; x_wconf 84' lang='grc' dir='ltr'>παρ’</span> <span class='ocrx_word' id='word_1_290' title='bbox 794 2229 994 2282; x_wconf 84' lang='grc' dir='ltr'>Εὐρυσθεα,</span> <span class='ocrx_word' id='word_1_291' title='bbox 1013 2229 1071 2268; x_wconf 73' lang='grc' dir='ltr'><strong>καὶ</strong></span> 
     </span>
     <span class='ocr_line' id='line_1_37' title="bbox 49 2285 1067 2340; baseline 0.002 -16"><span class='ocrx_word' id='word_1_292' title='bbox 49 2285 197 2325; x_wconf 86' lang='grc' dir='ltr'>δεικνύει</span> <span class='ocrx_word' id='word_1_293' title='bbox 211 2288 305 2340; x_wconf 78' lang='grc' dir='ltr'>αὐτῷ</span> <span class='ocrx_word' id='word_1_294' title='bbox 321 2290 444 2325; x_wconf 89' lang='grc' dir='ltr'>ταῦτα.</span> <span class='ocrx_word' id='word_1_295' title='bbox 473 2291 548 2324; x_wconf 85' lang='lat' dir='ltr'><strong>Pro</strong></span> <span class='ocrx_word' id='word_1_296' title='bbox 581 2287 616 2324; x_wconf 84' lang='grc' dir='ltr'><strong>ἐν</strong></span> <span class='ocrx_word' id='word_1_297' title='bbox 636 2286 770 2340; x_wconf 85' lang='grc' dir='ltr'>δεκάτῳ</span> <span class='ocrx_word' id='word_1_298' title='bbox 787 2289 958 2326; x_wconf 81' lang='lat' dir='ltr'><strong>Matthiae</strong></span> <span class='ocrx_word' id='word_1_299' title='bbox 974 2290 1067 2327; x_wconf 85' lang='lat' dir='ltr'><strong>scri-</strong></span> 
     </span>
     <span class='ocr_line' id='line_1_38' title="bbox 50 2344 1073 2400; baseline 0.002 -16"><span class='ocrx_word' id='word_1_300' title='bbox 50 2345 107 2384; x_wconf 83' lang='lat' dir='ltr'><strong>bit</strong></span> <span class='ocrx_word' id='word_1_301' title='bbox 122 2346 157 2384; x_wconf 81' lang='grc' dir='ltr'><strong>ἐν</strong></span> <span class='ocrx_word' id='word_1_302' title='bbox 174 2344 300 2400; x_wconf 81' lang='grc' dir='ltr'>τρίτῳ,</span> <span class='ocrx_word' id='word_1_303' title='bbox 320 2346 373 2383; x_wconf 90' lang='lat' dir='ltr'><strong>ita</strong></span> <span class='ocrx_word' id='word_1_304' title='bbox 399 2354 441 2383; x_wconf 91' lang='lat' dir='ltr'><strong>ut</strong></span> <span class='ocrx_word' id='word_1_305' title='bbox 465 2346 612 2383; x_wconf 87' lang='lat' dir='ltr'><strong>numeri</strong></span> <span class='ocrx_word' id='word_1_306' title='bbox 632 2355 760 2384; x_wconf 80' lang='lat' dir='ltr'><strong>notaui</strong></span> <span class='ocrx_word' id='word_1_307' title='bbox 781 2348 811 2385; x_wconf 92' lang='grc' dir='ltr'>Γ</span> <span class='ocrx_word' id='word_1_308' title='bbox 827 2347 866 2384; x_wconf 91' lang='lat' dir='ltr'><strong>in</strong></span> <span class='ocrx_word' id='word_1_309' title='bbox 898 2348 915 2386; x_wconf 92' lang='grc' dir='ltr'>Ι</span> <span class='ocrx_word' id='word_1_310' title='bbox 946 2357 1073 2386; x_wconf 86' lang='lat' dir='ltr'><strong>muta-</strong></span> 
     </span>
     <span class='ocr_line' id='line_1_39' title="bbox 50 2404 1074 2458; baseline 0.003 -16"><span class='ocrx_word' id='word_1_311' title='bbox 50 2413 127 2443; x_wconf 86' lang='lat' dir='ltr'><strong>tam</strong></span> <span class='ocrx_word' id='word_1_312' title='bbox 146 2418 227 2442; x_wconf 84' lang='lat' dir='ltr'><strong>esse</strong></span> <span class='ocrx_word' id='word_1_313' title='bbox 245 2413 369 2455; x_wconf 89' lang='lat' dir='ltr'><strong>putes.</strong></span> <span class='ocrx_word' id='word_1_314' title='bbox 386 2404 501 2452; x_wconf 90' lang='lat' dir='ltr'><strong>Quod</strong></span> <span class='ocrx_word' id='word_1_315' title='bbox 518 2418 563 2442; x_wconf 93' lang='lat' dir='ltr'><strong>eo</strong></span> <span class='ocrx_word' id='word_1_316' title='bbox 579 2405 662 2443; x_wconf 86' lang='lat' dir='ltr'><strong>veri</strong></span> <span class='ocrx_word' id='word_1_317' title='bbox 695 2405 855 2443; x_wconf 89' lang='lat' dir='ltr'><strong>similius</strong></span> <span class='ocrx_word' id='word_1_318' title='bbox 870 2415 949 2453; x_wconf 89' lang='lat' dir='ltr'><strong>est,</strong></span> <span class='ocrx_word' id='word_1_319' title='bbox 984 2407 1074 2458; x_wconf 89' lang='lat' dir='ltr'><strong>quia</strong></span> 
     </span>
    </p>
   </div>
   <div class='ocr_carea' id='block_1_3' title="bbox 52 2543 1082 3103">
    <p class='ocr_par' dir='ltr' id='par_1_3' title="bbox 52 2543 1082 3103">
     <span class='ocr_line' id='line_1_40' title="bbox 52 2543 1078 2588; baseline 0.002 -11"><span class='ocrx_word' id='word_1_320' title='bbox 52 2545 94 2577; x_wconf 87' lang='lat' dir='ltr'><strong>ad</strong></span> <span class='ocrx_word' id='word_1_321' title='bbox 107 2544 254 2585; x_wconf 87' lang='lat' dir='ltr'>Busirin,</span> <span class='ocrx_word' id='word_1_322' title='bbox 278 2544 418 2585; x_wconf 86' lang='lat' dir='ltr'><strong>Neptuni</strong></span> <span class='ocrx_word' id='word_1_323' title='bbox 435 2543 556 2584; x_wconf 82' lang='lat' dir='ltr'><strong>lilium,</strong></span> <span class='ocrx_word' id='word_1_324' title='bbox 575 2553 673 2585; x_wconf 88' lang='lat' dir='ltr'><strong>quem</strong></span> <span class='ocrx_word' id='word_1_325' title='bbox 697 2546 805 2586; x_wconf 88' lang='lat' dir='ltr'><strong>ipsum</strong></span> <span class='ocrx_word' id='word_1_326' title='bbox 821 2548 853 2578; x_wconf 91' lang='lat' dir='ltr'><strong>et</strong></span> <span class='ocrx_word' id='word_1_327' title='bbox 873 2547 1078 2588; x_wconf 85' lang='lat' dir='ltr'><strong>Iphidaman-</strong></span> 
     </span>
     <span class='ocr_line' id='line_1_41' title="bbox 52 2591 1078 2634; baseline 0.002 -11"><span class='ocrx_word' id='word_1_328' title='bbox 52 2594 118 2624; x_wconf 85' lang='lat' dir='ltr'><strong>tem</strong></span> <span class='ocrx_word' id='word_1_329' title='bbox 131 2593 164 2624; x_wconf 88' lang='lat' dir='ltr'><strong>et</strong></span> <span class='ocrx_word' id='word_1_330' title='bbox 175 2591 319 2624; x_wconf 82' lang='lat' dir='ltr'><strong>Chalben</strong></span> <span class='ocrx_word' id='word_1_331' title='bbox 334 2600 514 2632; x_wconf 73' lang='lat' dir='ltr'><strong>praeconem</strong></span> <span class='ocrx_word' id='word_1_332' title='bbox 529 2592 731 2633; x_wconf 86' lang='lat' dir='ltr'><strong>famulosque</strong></span> <span class='ocrx_word' id='word_1_333' title='bbox 741 2593 780 2624; x_wconf 79' lang='lat' dir='ltr'><strong>ad</strong></span> <span class='ocrx_word' id='word_1_334' title='bbox 795 2594 814 2625; x_wconf 90' lang='lat' dir='ltr'><strong>J</strong></span> <span class='ocrx_word' id='word_1_335' title='bbox 816 2593 889 2625; x_wconf 84' lang='lat' dir='ltr'><strong>ovis</strong></span> <span class='ocrx_word' id='word_1_336' title='bbox 904 2602 1005 2634; x_wconf 82' lang='lat' dir='ltr'><strong>aram,</strong></span> <span class='ocrx_word' id='word_1_337' title='bbox 1024 2594 1078 2626; x_wconf 94' lang='lat' dir='ltr'><strong>ubi</strong></span> 
     </span>
     <span class='ocr_line' id='line_1_42' title="bbox 52 2638 1080 2682; baseline 0.002 -12"><span class='ocrx_word' id='word_1_338' title='bbox 52 2638 194 2671; x_wconf 80' lang='lat' dir='ltr'><strong>advenas</strong></span> <span class='ocrx_word' id='word_1_339' title='bbox 208 2638 437 2675; x_wconf 76' lang='lat' dir='ltr'><strong>immolabant,</strong></span> <span class='ocrx_word' id='word_1_340' title='bbox 454 2638 582 2671; x_wconf 88' lang='lat' dir='ltr'><strong>occidit.</strong></span> <span class='ocrx_word' id='word_1_341' title='bbox 600 2641 710 2676; x_wconf 89' lang='lat' dir='ltr'><strong>Quum</strong></span> <span class='ocrx_word' id='word_1_342' title='bbox 729 2648 806 2671; x_wconf 90' lang='lat' dir='ltr'><strong>vero</strong></span> <span class='ocrx_word' id='word_1_343' title='bbox 828 2640 954 2672; x_wconf 87' lang='lat' dir='ltr'>Thebas</span> <span class='ocrx_word' id='word_1_344' title='bbox 972 2641 1080 2682; x_wconf 88' lang='lat' dir='ltr'>(AEgy-</span> 
     </span>
     <span class='ocr_line' id='line_1_43' title="bbox 53 2684 1080 2728; baseline 0.003 -12"><span class='ocrx_word' id='word_1_345' title='bbox 53 2684 113 2726; x_wconf 80' lang='lat' dir='ltr'><strong>pti)</strong></span> <span class='ocrx_word' id='word_1_346' title='bbox 133 2684 272 2717; x_wconf 76' lang='lat' dir='ltr'><strong>venisset</strong></span> <span class='ocrx_word' id='word_1_347' title='bbox 284 2687 316 2717; x_wconf 88' lang='lat' dir='ltr'><strong>et</strong></span> <span class='ocrx_word' id='word_1_348' title='bbox 327 2694 384 2726; x_wconf 87' lang='lat' dir='ltr'><strong>per</strong></span> <span class='ocrx_word' id='word_1_349' title='bbox 397 2689 524 2717; x_wconf 89' lang='lat' dir='ltr'><strong>montes</strong></span> <span class='ocrx_word' id='word_1_350' title='bbox 546 2685 580 2717; x_wconf 90' lang='lat' dir='ltr'><strong>in</strong></span> <span class='ocrx_word' id='word_1_351' title='bbox 597 2685 791 2718; x_wconf 78' lang='lat' dir='ltr'>exteriorem</span> <span class='ocrx_word' id='word_1_352' title='bbox 806 2686 943 2727; x_wconf 83' lang='lat' dir='ltr'>Libyam</span> <span class='ocrx_word' id='word_1_353' title='bbox 961 2687 1080 2728; x_wconf 82' lang='lat' dir='ltr'><strong>(orien-</strong></span> 
     </span>
     <span class='ocr_line' id='line_1_44' title="bbox 54 2731 1080 2774; baseline 0.003 -11"><span class='ocrx_word' id='word_1_354' title='bbox 54 2731 151 2764; x_wconf 86' lang='lat' dir='ltr'><strong>talem</strong></span> <span class='ocrx_word' id='word_1_355' title='bbox 166 2731 282 2764; x_wconf 79' lang='lat' dir='ltr'><strong>Arricae</strong></span> <span class='ocrx_word' id='word_1_356' title='bbox 295 2733 431 2773; x_wconf 84' lang='lat' dir='ltr'><strong>partem,</strong></span> <span class='ocrx_word' id='word_1_357' title='bbox 447 2732 670 2773; x_wconf 86' lang='lat' dir='ltr'><strong>AEthiopiam),</strong></span> <span class='ocrx_word' id='word_1_358' title='bbox 685 2732 719 2764; x_wconf 87' lang='lat' dir='ltr'><strong>in</strong></span> <span class='ocrx_word' id='word_1_359' title='bbox 731 2734 825 2774; x_wconf 89' lang='lat' dir='ltr'><strong>cujus</strong></span> <span class='ocrx_word' id='word_1_360' title='bbox 837 2733 972 2766; x_wconf 83' lang='lat' dir='ltr'>desertis</span> <span class='ocrx_word' id='word_1_361' title='bbox 999 2734 1080 2766; x_wconf 91' lang='lat' dir='ltr'><strong>mul-</strong></span> 
     </span>
     <span class='ocr_line' id='line_1_45' title="bbox 54 2778 1079 2822; baseline 0.003 -12"><span class='ocrx_word' id='word_1_362' title='bbox 54 2779 106 2811; x_wconf 87' lang='lat' dir='ltr'><strong>tas</strong></span> <span class='ocrx_word' id='word_1_363' title='bbox 117 2778 237 2810; x_wconf 83' lang='lat' dir='ltr'><strong>bestias</strong></span> <span class='ocrx_word' id='word_1_364' title='bbox 252 2778 376 2820; x_wconf 81' lang='lat' dir='ltr'><strong>sagittis</strong></span> <span class='ocrx_word' id='word_1_365' title='bbox 392 2778 552 2811; x_wconf 80' lang='lat' dir='ltr'><strong>interfecit</strong></span> <span class='ocrx_word' id='word_1_366' title='bbox 577 2779 618 2811; x_wconf 89' lang='lat' dir='ltr'><strong>ab</strong></span> <span class='ocrx_word' id='word_1_367' title='bbox 634 2779 738 2820; x_wconf 87' lang='lat' dir='ltr'><strong>iisque</strong></span> <span class='ocrx_word' id='word_1_368' title='bbox 750 2779 886 2820; x_wconf 82' lang='lat' dir='ltr'><strong>Libyam</strong></span> <span class='ocrx_word' id='word_1_369' title='bbox 908 2782 1079 2822; x_wconf 83' lang='lat' dir='ltr'><strong>purgavit,</strong></span> 
     </span>
     <span class='ocr_line' id='line_1_46' title="bbox 56 2824 1080 2869; baseline 0.004 -13"><span class='ocrx_word' id='word_1_370' title='bbox 56 2824 98 2857; x_wconf 69' lang='lat' dir='ltr'><strong>ad</strong></span> <span class='ocrx_word' id='word_1_371' title='bbox 109 2833 197 2857; x_wconf 79' lang='lat' dir='ltr'><strong>mare</strong></span> <span class='ocrx_word' id='word_1_372' title='bbox 209 2826 353 2858; x_wconf 79' lang='lat' dir='ltr'><strong>exterius</strong></span> <span class='ocrx_word' id='word_1_373' title='bbox 366 2826 590 2867; x_wconf 78' lang='lat' dir='ltr'><strong>proficiscitur.</strong></span> <span class='ocrx_word' id='word_1_374' title='bbox 604 2827 648 2859; x_wconf 90' lang='lat' dir='ltr'><strong>Et</strong></span> <span class='ocrx_word' id='word_1_375' title='bbox 659 2828 832 2868; x_wconf 85' lang='lat' dir='ltr'><strong>postquam</strong></span> <span class='ocrx_word' id='word_1_376' title='bbox 846 2836 864 2859; x_wconf 92' lang='lat' dir='ltr'><strong>a</strong></span> <span class='ocrx_word' id='word_1_377' title='bbox 877 2828 949 2860; x_wconf 91' lang='lat' dir='ltr'><strong>Sole</strong></span> <span class='ocrx_word' id='word_1_378' title='bbox 960 2829 1080 2869; x_wconf 83' lang='lat' dir='ltr'><strong>navigii</strong></span> 
     </span>
     <span class='ocr_line' id='line_1_47' title="bbox 57 2871 1080 2914; baseline 0.003 -10"><span class='ocrx_word' id='word_1_379' title='bbox 57 2871 128 2904; x_wconf 84' lang='lat' dir='ltr'><strong>loco</strong></span> <span class='ocrx_word' id='word_1_380' title='bbox 141 2872 295 2914; x_wconf 88' lang='lat' dir='ltr'><strong>poculum</strong></span> <span class='ocrx_word' id='word_1_381' title='bbox 309 2874 487 2914; x_wconf 72' lang='lat' dir='ltr'><strong>acceperat,</strong></span> <span class='ocrx_word' id='word_1_382' title='bbox 503 2874 537 2904; x_wconf 89' lang='lat' dir='ltr'><strong>in</strong></span> <span class='ocrx_word' id='word_1_383' title='bbox 553 2882 592 2905; x_wconf 88' lang='lat' dir='ltr'><strong>eo</strong></span> <span class='ocrx_word' id='word_1_384' title='bbox 605 2873 841 2914; x_wconf 84' lang='lat' dir='ltr'><strong>transgreditur</strong></span> <span class='ocrx_word' id='word_1_385' title='bbox 855 2874 889 2906; x_wconf 91' lang='lat' dir='ltr'><strong>in</strong></span> <span class='ocrx_word' id='word_1_386' title='bbox 905 2877 1024 2907; x_wconf 87' lang='lat' dir='ltr'><strong>terram</strong></span> <span class='ocrx_word' id='word_1_387' title='bbox 1040 2885 1080 2908; x_wconf 82' lang='lat' dir='ltr'><strong>ex</strong></span> 
     </span>
     <span class='ocr_line' id='line_1_48' title="bbox 59 2918 1076 2964; baseline 0.004 -13"><span class='ocrx_word' id='word_1_388' title='bbox 59 2918 194 2952; x_wconf 76' lang='lat' dir='ltr'><strong>adverso</strong></span> <span class='ocrx_word' id='word_1_389' title='bbox 207 2919 304 2952; x_wconf 81' lang='lat' dir='ltr'><strong>sitam</strong></span> <span class='ocrx_word' id='word_1_390' title='bbox 326 2928 384 2960; x_wconf 87' lang='lat' dir='ltr'><strong>per</strong></span> <span class='ocrx_word' id='word_1_391' title='bbox 405 2927 494 2952; x_wconf 83' lang='lat' dir='ltr'><strong>mare</strong></span> <span class='ocrx_word' id='word_1_392' title='bbox 508 2922 678 2952; x_wconf 88' lang='lat' dir='ltr'><strong>externum</strong></span> <span class='ocrx_word' id='word_1_393' title='bbox 694 2923 727 2953; x_wconf 90' lang='lat' dir='ltr'><strong>et</strong></span> <span class='ocrx_word' id='word_1_394' title='bbox 738 2930 895 2954; x_wconf 87' lang='lat' dir='ltr'><strong>oceanum</strong></span> <span class='ocrx_word' id='word_1_395' title='bbox 910 2923 1076 2964; x_wconf 82' lang='lat' dir='ltr'><strong>navigans.</strong></span> 
     </span>
     <span class='ocr_line' id='line_1_49' title="bbox 57 2965 1082 3010; baseline 0.003 -12"><span class='ocrx_word' id='word_1_396' title='bbox 57 2965 154 2999; x_wconf 82' lang='lat' dir='ltr'><strong>Venit</strong></span> <span class='ocrx_word' id='word_1_397' title='bbox 166 2966 207 2998; x_wconf 79' lang='lat' dir='ltr'><strong>ad</strong></span> <span class='ocrx_word' id='word_1_398' title='bbox 219 2967 458 3007; x_wconf 86' lang='lat' dir='ltr'><strong>Prometheum,</strong></span> <span class='ocrx_word' id='word_1_399' title='bbox 477 2969 510 2999; x_wconf 89' lang='lat' dir='ltr'><strong>et</strong></span> <span class='ocrx_word' id='word_1_400' title='bbox 523 2976 625 3008; x_wconf 89' lang='lat' dir='ltr'><strong>quum</strong></span> <span class='ocrx_word' id='word_1_401' title='bbox 638 2968 679 3000; x_wconf 85' lang='lat' dir='ltr'><strong>ab</strong></span> <span class='ocrx_word' id='word_1_402' title='bbox 693 2977 732 3000; x_wconf 87' lang='lat' dir='ltr'><strong>eo</strong></span> <span class='ocrx_word' id='word_1_403' title='bbox 748 2969 996 3010; x_wconf 79' lang='lat' dir='ltr'><strong>conspiceretur,</strong></span> <span class='ocrx_word' id='word_1_404' title='bbox 1011 2979 1082 3010; x_wconf 90' lang='lat' dir='ltr'><strong>pre-</strong></span> 
     </span>
     <span class='ocr_line' id='line_1_50' title="bbox 59 3011 1082 3057; baseline 0.004 -13"><span class='ocrx_word' id='word_1_405' title='bbox 59 3011 151 3045; x_wconf 80' lang='lat' dir='ltr'><strong>cibus</strong></span> <span class='ocrx_word' id='word_1_406' title='bbox 180 3013 221 3045; x_wconf 82' lang='lat' dir='ltr'><strong>ad</strong></span> <span class='ocrx_word' id='word_1_407' title='bbox 250 3013 502 3046; x_wconf 88' lang='lat' dir='ltr'><strong>misericordiam</strong></span> <span class='ocrx_word' id='word_1_408' title='bbox 533 3017 717 3047; x_wconf 90' lang='lat' dir='ltr'><strong>commotus</strong></span> <span class='ocrx_word' id='word_1_409' title='bbox 735 3040 744 3056; x_wconf 91' lang='lat'><strong>,</strong></span> <span class='ocrx_word' id='word_1_410' title='bbox 763 3015 904 3056; x_wconf 79' lang='lat' dir='ltr'><strong>aquilam</strong></span> <span class='ocrx_word' id='word_1_411' title='bbox 914 3039 923 3054; x_wconf 89' lang='lat'>‚</span> <span class='ocrx_word' id='word_1_412' title='bbox 951 3025 1026 3056; x_wconf 79' lang='lat' dir='ltr'><strong>quae</strong></span> <span class='ocrx_word' id='word_1_413' title='bbox 1039 3017 1082 3057; x_wconf 82' lang='lat' dir='ltr'><strong>je-</strong></span> 
     </span>
     <span class='ocr_line' id='line_1_51' title="bbox 60 3060 1079 3103; baseline 0.002 -12"><span class='ocrx_word' id='word_1_414' title='bbox 60 3066 134 3092; x_wconf 82' lang='lat' dir='ltr'><strong>core</strong></span> <span class='ocrx_word' id='word_1_415' title='bbox 147 3060 215 3100; x_wconf 80' lang='lat' dir='ltr'><strong>ejus</strong></span> <span class='ocrx_word' id='word_1_416' title='bbox 239 3061 430 3093; x_wconf 83' lang='lat' dir='ltr'><strong>vescebatur</strong></span> <span class='ocrx_word' id='word_1_417' title='bbox 443 3085 452 3100; x_wconf 94' lang='lat'><strong>,</strong></span> <span class='ocrx_word' id='word_1_418' title='bbox 469 3061 525 3094; x_wconf 90' lang='lat' dir='ltr'><strong>ubi</strong></span> <span class='ocrx_word' id='word_1_419' title='bbox 552 3061 718 3094; x_wconf 76' lang='lat' dir='ltr'><strong>advolavit</strong></span> <span class='ocrx_word' id='word_1_420' title='bbox 731 3087 740 3102; x_wconf 91' lang='lat'><strong>,</strong></span> <span class='ocrx_word' id='word_1_421' title='bbox 767 3063 884 3103; x_wconf 82' lang='lat' dir='ltr'><strong>sagitta</strong></span> <span class='ocrx_word' id='word_1_422' title='bbox 909 3062 1079 3095; x_wconf 80' lang='lat' dir='ltr'><strong>interfecit.</strong></span> 
     </span>
    </p>
   </div>
   <div class='ocr_carea' id='block_1_4' title="bbox 0 3106 1081 3150">
    <p class='ocr_par' dir='ltr' id='par_1_4' title="bbox 0 3106 1081 3150">
     <span class='ocr_line' id='line_1_52' title="bbox 0 3106 1081 3150; baseline 0.004 -13"><span class='ocrx_word' id='word_1_423' title='bbox 0 3131 1 3134; x_wconf 62' lang='grc'>,</span> <span class='ocrx_word' id='word_1_424' title='bbox 60 3106 187 3138; x_wconf 73' lang='lat' dir='ltr'><strong>Praemii</strong></span> <span class='ocrx_word' id='word_1_425' title='bbox 208 3107 280 3139; x_wconf 92' lang='lat' dir='ltr'><strong>loco</strong></span> <span class='ocrx_word' id='word_1_426' title='bbox 297 3109 506 3141; x_wconf 86' lang='lat' dir='ltr'><strong>Prometheus</strong></span> <span class='ocrx_word' id='word_1_427' title='bbox 527 3110 556 3141; x_wconf 88' lang='lat' dir='ltr'><strong>ei</strong></span> <span class='ocrx_word' id='word_1_428' title='bbox 576 3109 701 3148; x_wconf 86' lang='lat' dir='ltr'><strong>suadet,</strong></span> <span class='ocrx_word' id='word_1_429' title='bbox 719 3118 760 3141; x_wconf 89' lang='lat' dir='ltr'><strong>ne</strong></span> <span class='ocrx_word' id='word_1_430' title='bbox 775 3109 843 3150; x_wconf 90' lang='lat' dir='ltr'><strong>ipse</strong></span> <span class='ocrx_word' id='word_1_431' title='bbox 861 3110 901 3142; x_wconf 85' lang='lat' dir='ltr'><strong>ad</strong></span> <span class='ocrx_word' id='word_1_432' title='bbox 924 3110 1008 3141; x_wconf 82' lang='lat' dir='ltr'><strong>mala</strong></span> <span class='ocrx_word' id='word_1_433' title='bbox 1030 3119 1081 3150; x_wconf 92' lang='lat' dir='ltr'><strong>pe-</strong></span> 
     </span>
    </p>
   </div>
   <div class='ocr_carea' id='block_1_5' title="bbox 62 3153 1082 3385">
    <p class='ocr_par' dir='ltr' id='par_1_5' title="bbox 62 3153 1082 3385">
     <span class='ocr_line' id='line_1_53' title="bbox 62 3153 1082 3197; baseline 0.005 -13"><span class='ocrx_word' id='word_1_434' title='bbox 62 3153 158 3185; x_wconf 80' lang='lat' dir='ltr'><strong>tenda</strong></span> <span class='ocrx_word' id='word_1_435' title='bbox 169 3153 240 3193; x_wconf 86' lang='lat' dir='ltr'><strong>iret,</strong></span> <span class='ocrx_word' id='word_1_436' title='bbox 257 3154 314 3186; x_wconf 90' lang='lat' dir='ltr'><strong>sed</strong></span> <span class='ocrx_word' id='word_1_437' title='bbox 330 3155 366 3187; x_wconf 90' lang='lat' dir='ltr'><strong>ut</strong></span> <span class='ocrx_word' id='word_1_438' title='bbox 381 3155 424 3187; x_wconf 84' lang='lat' dir='ltr'><strong>ad</strong></span> <span class='ocrx_word' id='word_1_439' title='bbox 441 3156 602 3188; x_wconf 83' lang='lat' dir='ltr'><strong>Atlantem</strong></span> <span class='ocrx_word' id='word_1_440' title='bbox 626 3157 788 3197; x_wconf 83' lang='lat' dir='ltr'><strong>profectus</strong></span> <span class='ocrx_word' id='word_1_441' title='bbox 809 3157 897 3188; x_wconf 91' lang='lat' dir='ltr'><strong>hunc</strong></span> <span class='ocrx_word' id='word_1_442' title='bbox 911 3157 951 3188; x_wconf 89' lang='lat' dir='ltr'><strong>ab</strong></span> <span class='ocrx_word' id='word_1_443' title='bbox 966 3158 1082 3197; x_wconf 87' lang='lat' dir='ltr'><strong>Hespe-</strong></span> 
     </span>
     <span class='ocr_line' id='line_1_54' title="bbox 62 3199 1081 3245; baseline 0.005 -14"><span class='ocrx_word' id='word_1_444' title='bbox 62 3199 234 3233; x_wconf 83' lang='lat' dir='ltr'><strong>ridibusea</strong></span> <span class='ocrx_word' id='word_1_445' title='bbox 248 3201 363 3235; x_wconf 80' lang='lat' dir='ltr'><strong>afferre</strong></span> <span class='ocrx_word' id='word_1_446' title='bbox 371 3202 509 3244; x_wconf 85' lang='lat' dir='ltr'><strong>juberet,</strong></span> <span class='ocrx_word' id='word_1_447' title='bbox 523 3204 594 3245; x_wconf 89' lang='lat' dir='ltr'><strong>ipse</strong></span> <span class='ocrx_word' id='word_1_448' title='bbox 607 3213 684 3237; x_wconf 85' lang='lat' dir='ltr'><strong>vero</strong></span> <span class='ocrx_word' id='word_1_449' title='bbox 697 3213 755 3245; x_wconf 90' lang='lat' dir='ltr'><strong>pro</strong></span> <span class='ocrx_word' id='word_1_450' title='bbox 771 3204 901 3237; x_wconf 84' lang='lat' dir='ltr'><strong>Atlante</strong></span> <span class='ocrx_word' id='word_1_451' title='bbox 917 3213 1019 3244; x_wconf 86' lang='lat' dir='ltr'><strong>usque</strong></span> <span class='ocrx_word' id='word_1_452' title='bbox 1041 3204 1081 3236; x_wconf 85' lang='lat' dir='ltr'><strong>ad</strong></span> 
     </span>
     <span class='ocr_line' id='line_1_55' title="bbox 62 3246 1082 3288; baseline 0.005 -11"><span class='ocrx_word' id='word_1_453' title='bbox 62 3246 133 3286; x_wconf 77' lang='lat' dir='ltr'><strong>eius</strong></span> <span class='ocrx_word' id='word_1_454' title='bbox 144 3246 284 3279; x_wconf 84' lang='lat' dir='ltr'><strong>reditum</strong></span> <span class='ocrx_word' id='word_1_455' title='bbox 305 3249 422 3281; x_wconf 86' lang='lat' dir='ltr'><strong>coelum</strong></span> <span class='ocrx_word' id='word_1_456' title='bbox 439 3251 623 3283; x_wconf 87' lang='lat' dir='ltr'><strong>sustineret.</strong></span> <span class='ocrx_word' id='word_1_457' title='bbox 642 3251 768 3288; x_wconf 88' lang='lat' dir='ltr'><strong>Quibus</strong></span> <span class='ocrx_word' id='word_1_458' title='bbox 791 3251 909 3285; x_wconf 87' lang='lat' dir='ltr'><strong>auditis</strong></span> <span class='ocrx_word' id='word_1_459' title='bbox 928 3251 1082 3283; x_wconf 87' lang='lat' dir='ltr'><strong>Hercules</strong></span> 
     </span>
     <span class='ocr_line' id='line_1_56' title="bbox 64 3291 1082 3338; baseline 0.005 -15"><span class='ocrx_word' id='word_1_460' title='bbox 64 3291 132 3324; x_wconf 82' lang='lat' dir='ltr'><strong>abit</strong></span> <span class='ocrx_word' id='word_1_461' title='bbox 146 3293 186 3324; x_wconf 80' lang='lat' dir='ltr'><strong>ad</strong></span> <span class='ocrx_word' id='word_1_462' title='bbox 199 3293 359 3327; x_wconf 84' lang='lat' dir='ltr'><strong>Atlantem</strong></span> <span class='ocrx_word' id='word_1_463' title='bbox 369 3298 401 3328; x_wconf 89' lang='lat' dir='ltr'><strong>et</strong></span> <span class='ocrx_word' id='word_1_464' title='bbox 407 3306 509 3337; x_wconf 90' lang='lat' dir='ltr'><strong>quum</strong></span> <span class='ocrx_word' id='word_1_465' title='bbox 523 3297 665 3330; x_wconf 87' lang='lat' dir='ltr'><strong>laborem</strong></span> <span class='ocrx_word' id='word_1_466' title='bbox 676 3297 738 3330; x_wconf 89' lang='lat' dir='ltr'><strong>sibi</strong></span> <span class='ocrx_word' id='word_1_467' title='bbox 753 3298 943 3338; x_wconf 87' lang='lat' dir='ltr'><strong>impositum</strong></span> <span class='ocrx_word' id='word_1_468' title='bbox 959 3307 1082 3329; x_wconf 81' lang='lat' dir='ltr'><strong>narras-</strong></span> 
     </span>
     <span class='ocr_line' id='line_1_57' title="bbox 65 3340 1079 3385; baseline 0.006 -15"><span class='ocrx_word' id='word_1_469' title='bbox 65 3340 131 3378; x_wconf 76' lang='lat' dir='ltr'><strong>set,</strong></span> <span class='ocrx_word' id='word_1_470' title='bbox 150 3347 191 3371; x_wconf 84' lang='lat' dir='ltr'><strong>ex</strong></span> <span class='ocrx_word' id='word_1_471' title='bbox 206 3348 245 3372; x_wconf 85' lang='lat' dir='ltr'><strong>eo</strong></span> <span class='ocrx_word' id='word_1_472' title='bbox 259 3343 339 3382; x_wconf 90' lang='lat' dir='ltr'><strong>petit</strong></span> <span class='ocrx_word' id='word_1_473' title='bbox 351 3365 361 3382; x_wconf 93' lang='lat'><strong>,</strong></span> <span class='ocrx_word' id='word_1_474' title='bbox 377 3345 414 3374; x_wconf 89' lang='lat' dir='ltr'><strong>ut</strong></span> <span class='ocrx_word' id='word_1_475' title='bbox 451 3343 511 3376; x_wconf 85' lang='lat' dir='ltr'><strong>tria</strong></span> <span class='ocrx_word' id='word_1_476' title='bbox 528 3345 613 3377; x_wconf 89' lang='lat' dir='ltr'><strong>mala</strong></span> <span class='ocrx_word' id='word_1_477' title='bbox 627 3345 668 3377; x_wconf 86' lang='lat' dir='ltr'><strong>ab</strong></span> <span class='ocrx_word' id='word_1_478' title='bbox 692 3344 924 3385; x_wconf 87' lang='lat' dir='ltr'><strong>Hesperidibus</strong></span> <span class='ocrx_word' id='word_1_479' title='bbox 940 3344 1079 3377; x_wconf 77' lang='lat' dir='ltr'><strong>afferret.</strong></span> 
     </span>
    </p>
   </div>
   <div class='ocr_carea' id='block_1_6' title="bbox 2095 150 2142 182">
    <p class='ocr_par' dir='ltr' id='par_1_6' title="bbox 2095 150 2142 182">
     <span class='ocr_line' id='line_1_58' title="bbox 2095 150 2142 182; baseline 0 0"><span class='ocrx_word' id='word_1_480' title='bbox 2095 150 2142 182; x_wconf 87' lang='grc'><strong>79</strong></span> 
     </span>
    </p>
   </div>
   <div class='ocr_carea' id='block_1_7' title="bbox 1119 227 2159 1500">
    <p class='ocr_par' dir='ltr' id='par_1_7' title="bbox 1119 227 2156 1397">
     <span class='ocr_line' id='line_1_59' title="bbox 1119 227 2142 279; baseline 0.001 -14"><span class='ocrx_word' id='word_1_481' title='bbox 1119 228 1324 266; x_wconf 79' lang='lat' dir='ltr'><strong>Athenaeus</strong></span> <span class='ocrx_word' id='word_1_482' title='bbox 1356 242 1377 266; x_wconf 90' lang='lat' dir='ltr'><strong>e</strong></span> <span class='ocrx_word' id='word_1_483' title='bbox 1404 227 1504 266; x_wconf 90' lang='lat' dir='ltr'><strong>libro</strong></span> <span class='ocrx_word' id='word_1_484' title='bbox 1530 228 1644 266; x_wconf 79' lang='lat' dir='ltr'><strong>tertio</strong></span> <span class='ocrx_word' id='word_1_485' title='bbox 1667 236 1814 275; x_wconf 79' lang='lat' dir='ltr'><strong>narrat,</strong></span> <span class='ocrx_word' id='word_1_486' title='bbox 1837 228 1941 279; x_wconf 87' lang='lat' dir='ltr'><strong>quod</strong></span> <span class='ocrx_word' id='word_1_487' title='bbox 1975 229 2078 266; x_wconf 86' lang='lat' dir='ltr'><strong>idem</strong></span> <span class='ocrx_word' id='word_1_488' title='bbox 2105 231 2142 266; x_wconf 87' lang='lat' dir='ltr'><strong>in</strong></span> 
     </span>
     <span class='ocr_line' id='line_1_60' title="bbox 1119 287 2145 338; baseline 0.003 -15"><span class='ocrx_word' id='word_1_489' title='bbox 1119 295 1253 324; x_wconf 85' lang='lat' dir='ltr'><strong>nostro</strong></span> <span class='ocrx_word' id='word_1_490' title='bbox 1267 287 1480 337; x_wconf 86' lang='lat' dir='ltr'><strong>fragmento</strong></span> <span class='ocrx_word' id='word_1_491' title='bbox 1499 287 1671 338; x_wconf 86' lang='lat' dir='ltr'><strong>legimus.</strong></span> <span class='ocrx_word' id='word_1_492' title='bbox 1691 290 1821 335; x_wconf 87' lang='lat' dir='ltr'><strong>Quum</strong></span> <span class='ocrx_word' id='word_1_493' title='bbox 1842 300 1938 325; x_wconf 82' lang='lat' dir='ltr'><strong>vero</strong></span> <span class='ocrx_word' id='word_1_494' title='bbox 1956 287 2145 338; x_wconf 86' lang='lat' dir='ltr'><strong>Pherecy—</strong></span> 
     </span>
     <span class='ocr_line' id='line_1_61' title="bbox 1120 344 2144 397; baseline 0.002 -15"><span class='ocrx_word' id='word_1_495' title='bbox 1120 344 1186 382; x_wconf 89' lang='lat' dir='ltr'><strong>des</strong></span> <span class='ocrx_word' id='word_1_496' title='bbox 1205 345 1247 383; x_wconf 92' lang='lat' dir='ltr'><strong>in</strong></span> <span class='ocrx_word' id='word_1_497' title='bbox 1259 344 1361 383; x_wconf 88' lang='lat' dir='ltr'><strong>libro</strong></span> <span class='ocrx_word' id='word_1_498' title='bbox 1379 346 1528 384; x_wconf 90' lang='lat' dir='ltr'><strong>decimo</strong></span> <span class='ocrx_word' id='word_1_499' title='bbox 1547 345 1707 384; x_wconf 87' lang='lat' dir='ltr'><strong>Atlantis</strong></span> <span class='ocrx_word' id='word_1_500' title='bbox 1726 345 1968 396; x_wconf 84' lang='lat' dir='ltr'><strong>filiarumque</strong></span> <span class='ocrx_word' id='word_1_501' title='bbox 1986 347 2144 397; x_wconf 87' lang='lat' dir='ltr'><strong>stirpem</strong></span> 
     </span>
     <span class='ocr_line' id='line_1_62' title="bbox 1121 405 2146 456; baseline 0.004 -17"><span class='ocrx_word' id='word_1_502' title='bbox 1121 412 1341 453; x_wconf 87' lang='lat' dir='ltr'><strong>persecutus</strong></span> <span class='ocrx_word' id='word_1_503' title='bbox 1369 418 1451 442; x_wconf 86' lang='lat' dir='ltr'><strong>esse</strong></span> <span class='ocrx_word' id='word_1_504' title='bbox 1484 405 1672 452; x_wconf 86' lang='lat' dir='ltr'><strong>videatur,</strong></span> <span class='ocrx_word' id='word_1_505' title='bbox 1695 405 1803 443; x_wconf 82' lang='lat' dir='ltr'><strong>facile</strong></span> <span class='ocrx_word' id='word_1_506' title='bbox 1827 405 1910 443; x_wconf 89' lang='lat' dir='ltr'><strong>fieri</strong></span> <span class='ocrx_word' id='word_1_507' title='bbox 1932 405 2080 456; x_wconf 88' lang='lat' dir='ltr'><strong>potuit,</strong></span> <span class='ocrx_word' id='word_1_508' title='bbox 2103 414 2146 443; x_wconf 89' lang='lat' dir='ltr'><strong>ut</strong></span> 
     </span>
     <span class='ocr_line' id='line_1_63' title="bbox 1121 462 2146 516; baseline 0.003 -17"><span class='ocrx_word' id='word_1_509' title='bbox 1121 462 1324 501; x_wconf 87' lang='lat' dir='ltr'><strong>scholiasta</strong></span> <span class='ocrx_word' id='word_1_510' title='bbox 1368 463 1454 501; x_wconf 89' lang='lat' dir='ltr'><strong>ideo</strong></span> <span class='ocrx_word' id='word_1_511' title='bbox 1491 465 1621 515; x_wconf 85' lang='lat' dir='ltr'><strong>lapsus</strong></span> <span class='ocrx_word' id='word_1_512' title='bbox 1663 465 1711 503; x_wconf 94' lang='lat' dir='ltr'><strong>de</strong></span> <span class='ocrx_word' id='word_1_513' title='bbox 1743 465 2000 516; x_wconf 88' lang='lat' dir='ltr'><strong>Hesperidum</strong></span> <span class='ocrx_word' id='word_1_514' title='bbox 2038 465 2146 502; x_wconf 85' lang='lat' dir='ltr'><strong>malis</strong></span> 
     </span>
     <span class='ocr_line' id='line_1_64' title="bbox 1122 522 2146 575; baseline 0.005 -18"><span class='ocrx_word' id='word_1_515' title='bbox 1122 522 1400 569; x_wconf 85' lang='lat' dir='ltr'><strong>narrationem,</strong></span> <span class='ocrx_word' id='word_1_516' title='bbox 1417 524 1591 573; x_wconf 85' lang='lat' dir='ltr'><strong>quamvis</strong></span> <span class='ocrx_word' id='word_1_517' title='bbox 1610 525 1730 575; x_wconf 87' lang='lat' dir='ltr'><strong>magis</strong></span> <span class='ocrx_word' id='word_1_518' title='bbox 1744 524 1792 562; x_wconf 91' lang='lat' dir='ltr'><strong>ad</strong></span> <span class='ocrx_word' id='word_1_519' title='bbox 1811 524 2016 563; x_wconf 86' lang='lat' dir='ltr'><strong>Herculem</strong></span> <span class='ocrx_word' id='word_1_520' title='bbox 2030 537 2146 575; x_wconf 87' lang='lat' dir='ltr'><strong>quam</strong></span> 
     </span>
     <span class='ocr_line' id='line_1_65' title="bbox 1123 579 2147 634; baseline 0.005 -19"><span class='ocrx_word' id='word_1_521' title='bbox 1123 579 1170 616; x_wconf 91' lang='lat' dir='ltr'><strong>ad</strong></span> <span class='ocrx_word' id='word_1_522' title='bbox 1202 580 1399 617; x_wconf 83' lang='lat' dir='ltr'><strong>Atlantem</strong></span> <span class='ocrx_word' id='word_1_523' title='bbox 1432 591 1683 631; x_wconf 86' lang='lat' dir='ltr'><strong>spectantem,</strong></span> <span class='ocrx_word' id='word_1_524' title='bbox 1714 584 1755 621; x_wconf 91' lang='lat' dir='ltr'><strong>in</strong></span> <span class='ocrx_word' id='word_1_525' title='bbox 1779 583 1880 621; x_wconf 90' lang='lat' dir='ltr'><strong>libro</strong></span> <span class='ocrx_word' id='word_1_526' title='bbox 1904 583 2053 621; x_wconf 88' lang='lat' dir='ltr'><strong>decimo</strong></span> <span class='ocrx_word' id='word_1_527' title='bbox 2073 583 2147 634; x_wconf 81' lang='lat' dir='ltr'><strong>legi</strong></span> 
     </span>
     <span class='ocr_line' id='line_1_66' title="bbox 1122 639 2148 693; baseline 0.006 -19"><span class='ocrx_word' id='word_1_528' title='bbox 1122 645 1287 688; x_wconf 86' lang='lat' dir='ltr'><strong>putaret.</strong></span> <span class='ocrx_word' id='word_1_529' title='bbox 1306 660 1354 666; x_wconf 97' lang='lat'><strong>—</strong></span> <span class='ocrx_word' id='word_1_530' title='bbox 1373 639 1646 689; x_wconf 83' lang='lat' dir='ltr'><strong>Iphidamantis</strong></span> <span class='ocrx_word' id='word_1_531' title='bbox 1672 655 1814 680; x_wconf 86' lang='lat' dir='ltr'><strong>nomen</strong></span> <span class='ocrx_word' id='word_1_532' title='bbox 1838 656 1885 680; x_wconf 85' lang='lat' dir='ltr'><strong>ex</strong></span> <span class='ocrx_word' id='word_1_533' title='bbox 1900 642 2079 693; x_wconf 90' lang='lat' dir='ltr'><strong>Apollod.</strong></span> <span class='ocrx_word' id='word_1_534' title='bbox 2098 645 2148 689; x_wconf 91' lang='lat' dir='ltr'><strong>II,</strong></span> 
     </span>
     <span class='ocr_line' id='line_1_67' title="bbox 1126 697 2148 752; baseline 0.006 -19"><span class='ocrx_word' id='word_1_535' title='bbox 1126 697 1162 743; x_wconf 87' lang='lat'><strong>5,</strong></span> <span class='ocrx_word' id='word_1_536' title='bbox 1184 710 1224 733; x_wconf 91' lang='lat'><strong>11</strong></span> <span class='ocrx_word' id='word_1_537' title='bbox 1251 699 1373 735; x_wconf 87' lang='lat' dir='ltr'><strong>Sturz.</strong></span> <span class='ocrx_word' id='word_1_538' title='bbox 1394 699 1618 737; x_wconf 87' lang='lat' dir='ltr'><strong>mutandum</strong></span> <span class='ocrx_word' id='word_1_539' title='bbox 1643 709 1754 751; x_wconf 83' lang='lat' dir='ltr'><strong>putat</strong></span> <span class='ocrx_word' id='word_1_540' title='bbox 1778 701 1816 738; x_wconf 89' lang='lat' dir='ltr'><strong>in</strong></span> <span class='ocrx_word' id='word_1_541' title='bbox 1840 700 2148 752; x_wconf 85' lang='lat' dir='ltr'><strong>Amphidaman-</strong></span> 
     </span>
     <span class='ocr_line' id='line_1_68' title="bbox 1126 754 2148 810; baseline 0.004 -18"><span class='ocrx_word' id='word_1_542' title='bbox 1126 755 1185 794; x_wconf 87' lang='lat' dir='ltr'><strong>tis.</strong></span> <span class='ocrx_word' id='word_1_543' title='bbox 1203 777 1255 783; x_wconf 86' lang='lat'><strong>—-</strong></span> <span class='ocrx_word' id='word_1_544' title='bbox 1275 758 1348 792; x_wconf 89' lang='lat' dir='ltr'><strong>Pro</strong></span> <span class='ocrx_word' id='word_1_545' title='bbox 1368 757 1415 798; x_wconf 89' lang='grc' dir='ltr'><strong>εἷς</strong></span> <span class='ocrx_word' id='word_1_546' title='bbox 1435 754 1578 809; x_wconf 85' lang='grc' dir='ltr'>Πέργην</span> <span class='ocrx_word' id='word_1_547' title='bbox 1605 761 1738 809; x_wconf 87' lang='lat' dir='ltr'><strong>Heyne</strong></span> <span class='ocrx_word' id='word_1_548' title='bbox 1769 760 1817 797; x_wconf 83' lang='lat' dir='ltr'><strong>ad</strong></span> <span class='ocrx_word' id='word_1_549' title='bbox 1838 759 2020 810; x_wconf 81' lang='lat' dir='ltr'><strong>Apollod.</strong></span> <span class='ocrx_word' id='word_1_550' title='bbox 2038 762 2088 806; x_wconf 88' lang='grc' dir='ltr'>ΙΙ,</span> <span class='ocrx_word' id='word_1_551' title='bbox 2109 772 2148 809; x_wconf 90' lang='lat' dir='ltr'><strong>p.</strong></span> 
     </span>
     <span class='ocr_line' id='line_1_69' title="bbox 1131 813 2151 871; baseline 0.005 -21"><span class='ocrx_word' id='word_1_552' title='bbox 1131 827 1143 849; x_wconf 90' lang='lat'><em>1</em></span> <span class='ocrx_word' id='word_1_553' title='bbox 1153 814 1201 861; x_wconf 80' lang='lat'><strong>73</strong></span> <span class='ocrx_word' id='word_1_554' title='bbox 1215 813 1372 864; x_wconf 88' lang='lat' dir='ltr'><strong>conjicit</strong></span> <span class='ocrx_word' id='word_1_555' title='bbox 1383 814 1430 857; x_wconf 83' lang='grc' dir='ltr'><strong>εἷς</strong></span> <span class='ocrx_word' id='word_1_556' title='bbox 1448 814 1595 868; x_wconf 87' lang='grc' dir='ltr'>περαίαν</span> <span class='ocrx_word' id='word_1_557' title='bbox 1605 830 1654 854; x_wconf 89' lang='lat' dir='ltr'><strong>sc.</strong></span> <span class='ocrx_word' id='word_1_558' title='bbox 1667 819 1746 868; x_wconf 88' lang='grc' dir='ltr'>γῆν,</span> <span class='ocrx_word' id='word_1_559' title='bbox 1759 817 1915 871; x_wconf 86' lang='grc' dir='ltr'>ἤπειρον.</span> <span class='ocrx_word' id='word_1_560' title='bbox 1933 818 2151 856; x_wconf 88' lang='lat' dir='ltr'><strong>Assentitur</strong></span> 
     </span>
     <span class='ocr_line' id='line_1_70' title="bbox 1125 873 2148 925; baseline 0.003 -14"><span class='ocrx_word' id='word_1_561' title='bbox 1125 875 1165 911; x_wconf 92' lang='lat' dir='ltr'><strong>C.</strong></span> <span class='ocrx_word' id='word_1_562' title='bbox 1183 875 1230 911; x_wconf 93' lang='grc' dir='ltr'><strong>Ο.</strong></span> <span class='ocrx_word' id='word_1_563' title='bbox 1247 873 1396 913; x_wconf 67' lang='lat' dir='ltr'><strong>muller.</strong></span> <span class='ocrx_word' id='word_1_564' title='bbox 1417 875 1512 910; x_wconf 89' lang='lat' dir='ltr'><strong>Dor.</strong></span> <span class='ocrx_word' id='word_1_565' title='bbox 1530 877 1582 920; x_wconf 90' lang='grc' dir='ltr'>ΙΙ,</span> <span class='ocrx_word' id='word_1_566' title='bbox 1603 888 1641 924; x_wconf 92' lang='lat' dir='ltr'><strong>p.</strong></span> <span class='ocrx_word' id='word_1_567' title='bbox 1667 875 1755 925; x_wconf 76' lang='lat'><strong>469.</strong></span> <span class='ocrx_word' id='word_1_568' title='bbox 1775 877 1965 914; x_wconf 87' lang='lat' dir='ltr'><strong>Audacius</strong></span> <span class='ocrx_word' id='word_1_569' title='bbox 1985 876 2148 914; x_wconf 85' lang='lat' dir='ltr'><strong>Clavier.</strong></span> 
     </span>
     <span class='ocr_line' id='line_1_71' title="bbox 1125 931 2152 987; baseline 0.005 -19"><span class='ocrx_word' id='word_1_570' title='bbox 1125 931 1174 968; x_wconf 83' lang='lat' dir='ltr'><strong>ad</strong></span> <span class='ocrx_word' id='word_1_571' title='bbox 1202 931 1428 982; x_wconf 85' lang='lat' dir='ltr'><strong>Apollodor.</strong></span> <span class='ocrx_word' id='word_1_572' title='bbox 1462 945 1500 982; x_wconf 92' lang='lat' dir='ltr'><strong>p.</strong></span> <span class='ocrx_word' id='word_1_573' title='bbox 1526 933 1602 969; x_wconf 82' lang='lat'><strong>288</strong></span> <span class='ocrx_word' id='word_1_574' title='bbox 1617 963 1627 981; x_wconf 91' lang='lat'><strong>,</strong></span> <span class='ocrx_word' id='word_1_575' title='bbox 1659 933 1801 987; x_wconf 83' lang='grc' dir='ltr'>Πέργην</span> <span class='ocrx_word' id='word_1_576' title='bbox 1834 936 2036 986; x_wconf 83' lang='lat' dir='ltr'><strong>genuinam</strong></span> <span class='ocrx_word' id='word_1_577' title='bbox 2071 949 2152 973; x_wconf 85' lang='lat' dir='ltr'><strong>esse</strong></span> 
     </span>
     <span class='ocr_line' id='line_1_72' title="bbox 1126 989 2153 1042; baseline 0.005 -16"><span class='ocrx_word' id='word_1_578' title='bbox 1126 998 1265 1041; x_wconf 87' lang='lat' dir='ltr'><strong>putans</strong></span> <span class='ocrx_word' id='word_1_579' title='bbox 1279 1019 1289 1037; x_wconf 90' lang='lat'><strong>,</strong></span> <span class='ocrx_word' id='word_1_580' title='bbox 1308 989 1551 1028; x_wconf 84' lang='lat' dir='ltr'><strong>scribendum</strong></span> <span class='ocrx_word' id='word_1_581' title='bbox 1571 993 1777 1042; x_wconf 85' lang='lat' dir='ltr'><strong>proponit:</strong></span> <span class='ocrx_word' id='word_1_582' title='bbox 1800 992 1867 1031; x_wconf 86' lang='grc' dir='ltr'><strong>Διά</strong></span> <span class='ocrx_word' id='word_1_583' title='bbox 1886 1008 1924 1031; x_wconf 91' lang='grc' dir='ltr'><strong>τε</strong></span> <span class='ocrx_word' id='word_1_584' title='bbox 1939 997 2000 1031; x_wconf 89' lang='grc' dir='ltr'><strong>τοῦ</strong></span> <span class='ocrx_word' id='word_1_585' title='bbox 2017 993 2153 1033; x_wconf 79' lang='grc' dir='ltr'>Ὠκεα-</span> 
     </span>
     <span class='ocr_line' id='line_1_73' title="bbox 1125 1046 2154 1100; baseline 0.004 -15"><span class='ocrx_word' id='word_1_586' title='bbox 1125 1052 1198 1096; x_wconf 85' lang='grc' dir='ltr'>νοῦ,</span> <span class='ocrx_word' id='word_1_587' title='bbox 1219 1047 1280 1086; x_wconf 77' lang='grc' dir='ltr'><strong>καὶ</strong></span> <span class='ocrx_word' id='word_1_588' title='bbox 1292 1046 1349 1086; x_wconf 82' lang='grc' dir='ltr'><strong>διὰ</strong></span> <span class='ocrx_word' id='word_1_589' title='bbox 1362 1050 1424 1095; x_wconf 87' lang='grc' dir='ltr'><strong>τῆς</strong></span> <span class='ocrx_word' id='word_1_590' title='bbox 1443 1047 1513 1086; x_wconf 85' lang='grc' dir='ltr'>ἔσω</span> <span class='ocrx_word' id='word_1_591' title='bbox 1529 1051 1591 1096; x_wconf 84' lang='grc' dir='ltr'><strong>τῆς</strong></span> <span class='ocrx_word' id='word_1_592' title='bbox 1608 1051 1671 1100; x_wconf 91' lang='grc' dir='ltr'><strong>γῆς</strong></span> <span class='ocrx_word' id='word_1_593' title='bbox 1688 1049 1866 1097; x_wconf 84' lang='grc' dir='ltr'>θαλάσσης</span> <span class='ocrx_word' id='word_1_594' title='bbox 1883 1049 2012 1089; x_wconf 89' lang='grc' dir='ltr'>πλέων.</span> <span class='ocrx_word' id='word_1_595' title='bbox 2026 1051 2154 1089; x_wconf 82' lang='lat' dir='ltr'><strong>Verba</strong></span> 
     </span>
     <span class='ocr_line' id='line_1_74' title="bbox 1125 1100 2153 1160; baseline 0.004 -17"><span class='ocrx_word' id='word_1_596' title='bbox 1125 1100 1168 1154; x_wconf 71' lang='grc' dir='ltr'><strong>ἦν</strong></span> <span class='ocrx_word' id='word_1_597' title='bbox 1196 1106 1264 1160; x_wconf 85' lang='grc' dir='ltr'><strong>γὰρ</strong></span> <span class='ocrx_word' id='word_1_598' title='bbox 1282 1106 1640 1154; x_wconf 70' lang='grc' dir='ltr'>εἰπὼν-ποιήσεται</span> <span class='ocrx_word' id='word_1_599' title='bbox 1657 1122 1677 1146; x_wconf 91' lang='lat' dir='ltr'><strong>e</strong></span> <span class='ocrx_word' id='word_1_600' title='bbox 1696 1108 1781 1146; x_wconf 88' lang='lat' dir='ltr'><strong>cod.</strong></span> <span class='ocrx_word' id='word_1_601' title='bbox 1806 1110 1924 1147; x_wconf 86' lang='lat' dir='ltr'><strong>Paris.</strong></span> <span class='ocrx_word' id='word_1_602' title='bbox 1948 1118 1984 1147; x_wconf 90' lang='lat' dir='ltr'><strong>et</strong></span> <span class='ocrx_word' id='word_1_603' title='bbox 2001 1110 2153 1148; x_wconf 80' lang='lat' dir='ltr'><strong>aliunde</strong></span> 
     </span>
     <span class='ocr_line' id='line_1_75' title="bbox 1126 1166 2156 1220; baseline 0.004 -18"><span class='ocrx_word' id='word_1_604' title='bbox 1126 1168 1261 1216; x_wconf 89' lang='lat' dir='ltr'><strong>Heyne</strong></span> <span class='ocrx_word' id='word_1_605' title='bbox 1285 1179 1322 1217; x_wconf 90' lang='lat' dir='ltr'><strong>p.</strong></span> <span class='ocrx_word' id='word_1_606' title='bbox 1341 1167 1429 1213; x_wconf 80' lang='lat'><strong>428,</strong></span> <span class='ocrx_word' id='word_1_607' title='bbox 1449 1167 1670 1204; x_wconf 75' lang='lat' dir='ltr'><strong>emendavit</strong></span> <span class='ocrx_word' id='word_1_608' title='bbox 1698 1168 1750 1204; x_wconf 88' lang='lat' dir='ltr'><strong>sic</strong></span> <span class='ocrx_word' id='word_1_609' title='bbox 1765 1182 1774 1205; x_wconf 80' lang='lat' dir='ltr'><em>z</em></span> <span class='ocrx_word' id='word_1_610' title='bbox 1787 1169 1837 1220; x_wconf 83' lang='grc' dir='ltr'><strong>τῷ</strong></span> <span class='ocrx_word' id='word_1_611' title='bbox 1856 1166 2044 1216; x_wconf 85' lang='grc' dir='ltr'>Ἄτλαντι,</span> <span class='ocrx_word' id='word_1_612' title='bbox 2064 1167 2156 1206; x_wconf 82' lang='grc' dir='ltr'>κατὰ</span> 
     </span>
     <span class='ocr_line' id='line_1_76' title="bbox 1126 1222 2156 1280; baseline 0.001 -18"><span class='ocrx_word' id='word_1_613' title='bbox 1126 1222 1190 1271; x_wconf 84' lang='grc' dir='ltr'><strong>τὴν</strong></span> <span class='ocrx_word' id='word_1_614' title='bbox 1207 1227 1268 1262; x_wconf 91' lang='grc' dir='ltr'><strong>τοῦ</strong></span> <span class='ocrx_word' id='word_1_615' title='bbox 1290 1223 1509 1278; x_wconf 86' lang='grc' dir='ltr'>Προμηθέως</span> <span class='ocrx_word' id='word_1_616' title='bbox 1540 1223 1738 1272; x_wconf 74' lang='grc' dir='ltr'>ὑποθήκην·</span> <span class='ocrx_word' id='word_1_617' title='bbox 1772 1223 1905 1263; x_wconf 84' lang='grc' dir='ltr'>κελεύει</span> <span class='ocrx_word' id='word_1_618' title='bbox 1929 1225 2018 1279; x_wconf 83' lang='grc' dir='ltr'>γὰρ,</span> <span class='ocrx_word' id='word_1_619' title='bbox 2039 1224 2156 1280; x_wconf 80' lang='grc' dir='ltr'>ὥσπερ</span> 
     </span>
     <span class='ocr_line' id='line_1_77' title="bbox 1128 1282 2156 1339; baseline 0.003 -19"><span class='ocrx_word' id='word_1_620' title='bbox 1128 1283 1256 1326; x_wconf 80' lang='grc' dir='ltr'>ἐκεῖνος</span> <span class='ocrx_word' id='word_1_621' title='bbox 1274 1282 1419 1322; x_wconf 86' lang='grc' dir='ltr'>ὑπέθετο</span> <span class='ocrx_word' id='word_1_622' title='bbox 1431 1315 1441 1333; x_wconf 95' lang='grc'>,</span> <span class='ocrx_word' id='word_1_623' title='bbox 1460 1283 1520 1322; x_wconf 86' lang='grc' dir='ltr'><strong>τὸν</strong></span> <span class='ocrx_word' id='word_1_624' title='bbox 1539 1282 1715 1323; x_wconf 84' lang='grc' dir='ltr'>Ἄτλαντα</span> <span class='ocrx_word' id='word_1_625' title='bbox 1735 1282 1896 1329; x_wconf 88' lang='grc' dir='ltr'>δέξασθαι</span> <span class='ocrx_word' id='word_1_626' title='bbox 1914 1283 1972 1323; x_wconf 85' lang='grc' dir='ltr'><strong>τὸν</strong></span> <span class='ocrx_word' id='word_1_627' title='bbox 2001 1283 2156 1339; x_wconf 79' lang='grc' dir='ltr'>οὐρανὸν,</span> 
     </span>
     <span class='ocr_line' id='line_1_78' title="bbox 1128 1336 1961 1397; baseline 0.002 -18"><span class='ocrx_word' id='word_1_628' title='bbox 1128 1340 1193 1385; x_wconf 81' lang='grc' dir='ltr'><strong>ἕως</strong></span> <span class='ocrx_word' id='word_1_629' title='bbox 1207 1336 1247 1380; x_wconf 68' lang='grc' dir='ltr'>οὗ</span> <span class='ocrx_word' id='word_1_630' title='bbox 1264 1347 1408 1397; x_wconf 89' lang='grc' dir='ltr'>σπεῖραν</span> <span class='ocrx_word' id='word_1_631' title='bbox 1432 1342 1489 1382; x_wconf 79' lang='grc' dir='ltr'><strong>ἐπὶ</strong></span> <span class='ocrx_word' id='word_1_632' title='bbox 1509 1341 1572 1391; x_wconf 82' lang='grc' dir='ltr'><strong>τὴν</strong></span> <span class='ocrx_word' id='word_1_633' title='bbox 1589 1342 1744 1397; x_wconf 78' lang='grc' dir='ltr'>κεφαλὴν</span> <span class='ocrx_word' id='word_1_634' title='bbox 1765 1342 1961 1391; x_wconf 87' lang='grc' dir='ltr'>ποιήσεται.</span> 
     </span>
    </p>

    <p class='ocr_par' dir='ltr' id='par_1_8' title="bbox 1128 1402 2159 1500">
     <span class='ocr_line' id='line_1_79' title="bbox 1182 1402 2159 1454; baseline 0.002 -16"><span class='ocrx_word' id='word_1_635' title='bbox 1182 1404 1412 1452; x_wconf 81' lang='lat' dir='ltr'><strong>Fragmenta</strong></span> <span class='ocrx_word' id='word_1_636' title='bbox 1426 1402 1566 1452; x_wconf 90' lang='lat' dir='ltr'><strong>quibus</strong></span> <span class='ocrx_word' id='word_1_637' title='bbox 1584 1402 1623 1440; x_wconf 94' lang='lat' dir='ltr'><strong>id</strong></span> <span class='ocrx_word' id='word_1_638' title='bbox 1637 1402 1742 1453; x_wconf 88' lang='lat' dir='ltr'><strong>quod</strong></span> <span class='ocrx_word' id='word_1_639' title='bbox 1759 1403 1875 1440; x_wconf 91' lang='lat' dir='ltr'><strong>modo</strong></span> <span class='ocrx_word' id='word_1_640' title='bbox 1887 1402 2159 1454; x_wconf 87' lang='lat' dir='ltr'><strong>proposuimus</strong></span> 
     </span>
     <span class='ocr_line' id='line_1_80' title="bbox 1128 1461 1626 1500; baseline 0.002 -2"><span class='ocrx_word' id='word_1_641' title='bbox 1128 1461 1341 1500; x_wconf 87' lang='lat' dir='ltr'><strong>illustratur</strong></span> <span class='ocrx_word' id='word_1_642' title='bbox 1359 1469 1508 1499; x_wconf 85' lang='lat' dir='ltr'><strong>exstant</strong></span> <span class='ocrx_word' id='word_1_643' title='bbox 1522 1462 1602 1499; x_wconf 88' lang='lat' dir='ltr'><strong>haec</strong></span> <span class='ocrx_word' id='word_1_644' title='bbox 1617 1476 1626 1498; x_wconf 91' lang='lat'>:</span> 
     </span>
    </p>
   </div>
   <div class='ocr_carea' id='block_1_8' title="bbox 1594 1553 1688 1592">
    <p class='ocr_par' dir='ltr' id='par_1_9' title="bbox 1594 1553 1688 1592">
     <span class='ocr_line' id='line_1_81' title="bbox 1594 1553 1688 1592; baseline 0.011 -1"><span class='ocrx_word' id='word_1_645' title='bbox 1594 1553 1644 1591; x_wconf 83' lang='lat'><strong>33</strong></span> <span class='ocrx_word' id='word_1_646' title='bbox 1656 1567 1688 1592; x_wconf 85' lang='lat' dir='ltr'><strong>a.</strong></span> 
     </span>
    </p>
   </div>
   <div class='ocr_carea' id='block_1_9' title="bbox 1123 1641 2166 2445">
    <p class='ocr_par' dir='ltr' id='par_1_10' title="bbox 1123 1641 2163 1985">
     <span class='ocr_line' id='line_1_82' title="bbox 1183 1641 2160 1692; baseline 0.001 -14"><span class='ocrx_word' id='word_1_647' title='bbox 1183 1641 1324 1692; x_wconf 84' lang='lat' dir='ltr'><strong>Hygin.</strong></span> <span class='ocrx_word' id='word_1_648' title='bbox 1336 1644 1443 1678; x_wconf 91' lang='lat' dir='ltr'><strong>Poet.</strong></span> <span class='ocrx_word' id='word_1_649' title='bbox 1459 1644 1613 1679; x_wconf 86' lang='lat' dir='ltr'><strong>Astron.</strong></span> <span class='ocrx_word' id='word_1_650' title='bbox 1626 1644 1674 1689; x_wconf 89' lang='lat'><strong>11,</strong></span> <span class='ocrx_word' id='word_1_651' title='bbox 1687 1642 1726 1692; x_wconf 81' lang='lat'><strong>3,</strong></span> <span class='ocrx_word' id='word_1_652' title='bbox 1738 1655 1775 1692; x_wconf 88' lang='lat' dir='ltr'><strong>p.</strong></span> <span class='ocrx_word' id='word_1_653' title='bbox 1792 1643 1863 1680; x_wconf 78' lang='lat'><strong>361</strong></span> <span class='ocrx_word' id='word_1_654' title='bbox 1877 1641 1936 1679; x_wconf 87' lang='lat' dir='ltr'><strong>ed.</strong></span> <span class='ocrx_word' id='word_1_655' title='bbox 1953 1642 2160 1680; x_wconf 85' lang='lat' dir='ltr'><strong>Muncker.:</strong></span> 
     </span>
     <span class='ocr_line' id='line_1_83' title="bbox 1130 1702 2163 1751; baseline 0.001 -14"><span class='ocrx_word' id='word_1_656' title='bbox 1130 1703 1197 1737; x_wconf 81' lang='lat' dir='ltr'><strong>Ait</strong></span> <span class='ocrx_word' id='word_1_657' title='bbox 1210 1702 1449 1749; x_wconf 81' lang='lat' dir='ltr'><strong>Pherecydes,</strong></span> <span class='ocrx_word' id='word_1_658' title='bbox 1466 1703 1647 1738; x_wconf 81' lang='lat' dir='ltr'><strong>Iunonem</strong></span> <span class='ocrx_word' id='word_1_659' title='bbox 1659 1715 1738 1738; x_wconf 80' lang='lat' dir='ltr'><strong>cum</strong></span> <span class='ocrx_word' id='word_1_660' title='bbox 1756 1703 1903 1738; x_wconf 80' lang='lat' dir='ltr'><strong>duceret</strong></span> <span class='ocrx_word' id='word_1_661' title='bbox 1913 1703 2058 1751; x_wconf 78' lang='lat' dir='ltr'><strong>Jupiter</strong></span> <span class='ocrx_word' id='word_1_662' title='bbox 2071 1716 2163 1738; x_wconf 72' lang='lat' dir='ltr'><strong>uxo-</strong></span> 
     </span>
     <span class='ocr_line' id='line_1_84' title="bbox 1131 1758 2162 1811; baseline 0.002 -16"><span class='ocrx_word' id='word_1_663' title='bbox 1131 1773 1221 1804; x_wconf 84' lang='lat' dir='ltr'><strong>rem,</strong></span> <span class='ocrx_word' id='word_1_664' title='bbox 1249 1761 1395 1796; x_wconf 81' lang='lat' dir='ltr'><strong>Terram</strong></span> <span class='ocrx_word' id='word_1_665' title='bbox 1417 1764 1591 1796; x_wconf 77' lang='lat' dir='ltr'><strong>invenisse</strong></span> <span class='ocrx_word' id='word_1_666' title='bbox 1610 1759 1695 1811; x_wconf 79' lang='lat' dir='ltr'><strong>(leg.</strong></span> <span class='ocrx_word' id='word_1_667' title='bbox 1717 1761 1875 1811; x_wconf 80' lang='lat' dir='ltr'><strong>venisse)</strong></span> <span class='ocrx_word' id='word_1_668' title='bbox 1884 1758 2070 1808; x_wconf 83' lang='lat' dir='ltr'><strong>ferentem</strong></span> <span class='ocrx_word' id='word_1_669' title='bbox 2091 1774 2162 1797; x_wconf 84' lang='grc' dir='ltr'>αιι-</span> 
     </span>
     <span class='ocr_line' id='line_1_85' title="bbox 1130 1820 2158 1866; baseline 0.001 -12"><span class='ocrx_word' id='word_1_670' title='bbox 1130 1831 1195 1854; x_wconf 86' lang='lat' dir='ltr'><strong>rea</strong></span> <span class='ocrx_word' id='word_1_671' title='bbox 1208 1821 1309 1854; x_wconf 86' lang='lat' dir='ltr'><strong>mala</strong></span> <span class='ocrx_word' id='word_1_672' title='bbox 1327 1832 1407 1854; x_wconf 81' lang='lat' dir='ltr'><strong>cum</strong></span> <span class='ocrx_word' id='word_1_673' title='bbox 1426 1822 1549 1854; x_wconf 82' lang='lat' dir='ltr'><strong>ramis.</strong></span> <span class='ocrx_word' id='word_1_674' title='bbox 1582 1820 1677 1866; x_wconf 79' lang='lat' dir='ltr'><strong>Qaoe</strong></span> <span class='ocrx_word' id='word_1_675' title='bbox 1707 1820 1888 1855; x_wconf 75' lang='lat' dir='ltr'><strong>Iunonem</strong></span> <span class='ocrx_word' id='word_1_676' title='bbox 1909 1820 2130 1855; x_wconf 77' lang='lat' dir='ltr'><strong>admiratam</strong></span> <span class='ocrx_word' id='word_1_677' title='bbox 2146 1848 2158 1865; x_wconf 88' lang='lat'><strong>,</strong></span> 
     </span>
     <span class='ocr_line' id='line_1_86' title="bbox 1123 1877 2163 1927; baseline 0.001 -14"><span class='ocrx_word' id='word_1_678' title='bbox 1123 1880 1274 1926; x_wconf 81' lang='lat' dir='ltr'><strong>petiisse</strong></span> <span class='ocrx_word' id='word_1_679' title='bbox 1292 1890 1317 1913; x_wconf 87' lang='lat' dir='ltr'><em>a</em></span> <span class='ocrx_word' id='word_1_680' title='bbox 1341 1878 1451 1913; x_wconf 85' lang='lat' dir='ltr'><strong>Terra</strong></span> <span class='ocrx_word' id='word_1_681' title='bbox 1471 1885 1512 1913; x_wconf 78' lang='lat' dir='ltr'><strong>ut</strong></span> <span class='ocrx_word' id='word_1_682' title='bbox 1526 1881 1563 1913; x_wconf 79' lang='lat' dir='ltr'><strong>in</strong></span> <span class='ocrx_word' id='word_1_683' title='bbox 1580 1880 1653 1914; x_wconf 79' lang='lat' dir='ltr'><strong>suis</strong></span> <span class='ocrx_word' id='word_1_684' title='bbox 1667 1877 1780 1914; x_wconf 81' lang='lat' dir='ltr'><strong>hortis</strong></span> <span class='ocrx_word' id='word_1_685' title='bbox 1800 1887 1948 1923; x_wconf 83' lang='lat' dir='ltr'><strong>sereret,</strong></span> <span class='ocrx_word' id='word_1_686' title='bbox 1971 1881 2035 1927; x_wconf 85' lang='lat' dir='ltr'><strong>qui</strong></span> <span class='ocrx_word' id='word_1_687' title='bbox 2052 1887 2163 1915; x_wconf 81' lang='lat' dir='ltr'><strong>erant</strong></span> 
     </span>
     <span class='ocr_line' id='line_1_87' title="bbox 1131 1937 1706 1985; baseline 0 -13"><span class='ocrx_word' id='word_1_688' title='bbox 1131 1949 1243 1985; x_wconf 75' lang='lat' dir='ltr'><strong>usque</strong></span> <span class='ocrx_word' id='word_1_689' title='bbox 1261 1937 1314 1972; x_wconf 84' lang='lat' dir='ltr'><strong>ad</strong></span> <span class='ocrx_word' id='word_1_690' title='bbox 1326 1938 1516 1972; x_wconf 84' lang='lat' dir='ltr'><strong>Atlantem</strong></span> <span class='ocrx_word' id='word_1_691' title='bbox 1535 1945 1706 1972; x_wconf 73' lang='lat' dir='ltr'><strong>montem.</strong></span> 
     </span>
    </p>

    <p class='ocr_par' dir='ltr' id='par_1_11' title="bbox 1132 1993 2166 2445">
     <span class='ocr_line' id='line_1_88' title="bbox 1187 1993 2162 2048; baseline 0.001 -16"><span class='ocrx_word' id='word_1_692' title='bbox 1187 1994 1458 2032; x_wconf 87' lang='lat' dir='ltr'><strong>Eratosthenes</strong></span> <span class='ocrx_word' id='word_1_693' title='bbox 1476 1995 1734 2033; x_wconf 86' lang='lat' dir='ltr'><strong>Catasterism.</strong></span> <span class='ocrx_word' id='word_1_694' title='bbox 1758 1995 1779 2032; x_wconf 84' lang='lat'>3</span> <span class='ocrx_word' id='word_1_695' title='bbox 1796 2010 1804 2032; x_wconf 95' lang='lat'><strong>:</strong></span> <span class='ocrx_word' id='word_1_696' title='bbox 1822 1993 2025 2048; x_wconf 85' lang='grc' dir='ltr'>Φερεκύδης</span> <span class='ocrx_word' id='word_1_697' title='bbox 2044 1994 2162 2048; x_wconf 76' lang='grc' dir='ltr'>φησὶν,</span> 
     </span>
     <span class='ocr_line' id='line_1_89' title="bbox 1132 2051 2162 2107; baseline 0.001 -16"><span class='ocrx_word' id='word_1_698' title='bbox 1132 2051 1189 2091; x_wconf 81' lang='grc' dir='ltr'>δ’τε</span> <span class='ocrx_word' id='word_1_699' title='bbox 1209 2054 1374 2104; x_wconf 78' lang='grc' dir='ltr'>ἐγαμεῖτο</span> <span class='ocrx_word' id='word_1_700' title='bbox 1394 2056 1416 2100; x_wconf 81' lang='grc' dir='ltr'>ἡ</span> <span class='ocrx_word' id='word_1_701' title='bbox 1435 2052 1534 2106; x_wconf 87' lang='grc' dir='ltr'><strong>Ἥρα</strong></span> <span class='ocrx_word' id='word_1_702' title='bbox 1558 2052 1625 2092; x_wconf 84' lang='grc' dir='ltr'><strong>ὑπὸ</strong></span> <span class='ocrx_word' id='word_1_703' title='bbox 1650 2052 1752 2102; x_wconf 87' lang='grc' dir='ltr'>Διὸς,</span> <span class='ocrx_word' id='word_1_704' title='bbox 1776 2052 1949 2107; x_wconf 85' lang='grc' dir='ltr'>φερόντων</span> <span class='ocrx_word' id='word_1_705' title='bbox 1979 2056 2066 2104; x_wconf 81' lang='grc' dir='ltr'>αὐτῆ</span> <span class='ocrx_word' id='word_1_706' title='bbox 2093 2056 2162 2091; x_wconf 86' lang='grc' dir='ltr'><strong>τῶν</strong></span> 
     </span>
     <span class='ocr_line' id='line_1_90' title="bbox 1133 2111 2162 2167; baseline 0.001 -17"><span class='ocrx_word' id='word_1_707' title='bbox 1133 2114 1218 2150; x_wconf 84' lang='grc' dir='ltr'>θεῶν</span> <span class='ocrx_word' id='word_1_708' title='bbox 1237 2112 1331 2166; x_wconf 85' lang='grc' dir='ltr'>δῶρα</span> <span class='ocrx_word' id='word_1_709' title='bbox 1344 2143 1353 2161; x_wconf 93' lang='grc'>,</span> <span class='ocrx_word' id='word_1_710' title='bbox 1370 2111 1434 2159; x_wconf 80' lang='grc' dir='ltr'><strong>τὴν</strong></span> <span class='ocrx_word' id='word_1_711' title='bbox 1450 2114 1522 2159; x_wconf 89' lang='grc' dir='ltr'><strong>Γῆν</strong></span> <span class='ocrx_word' id='word_1_712' title='bbox 1541 2113 1649 2151; x_wconf 81' lang='grc' dir='ltr'>ἐλθεῖν</span> <span class='ocrx_word' id='word_1_713' title='bbox 1662 2111 1833 2167; x_wconf 84' lang='grc' dir='ltr'>φέρουσαν</span> <span class='ocrx_word' id='word_1_714' title='bbox 1845 2113 1889 2151; x_wconf 84' lang='grc' dir='ltr'><strong>τὰ</strong></span> <span class='ocrx_word' id='word_1_715' title='bbox 1904 2112 2036 2167; x_wconf 88' lang='grc' dir='ltr'>χρύσεα</span> <span class='ocrx_word' id='word_1_716' title='bbox 2054 2114 2162 2164; x_wconf 86' lang='grc' dir='ltr'>μῆλα·</span> 
     </span>
     <span class='ocr_line' id='line_1_91' title="bbox 1134 2170 2165 2225; baseline 0.001 -16"><span class='ocrx_word' id='word_1_717' title='bbox 1134 2171 1274 2210; x_wconf 81' lang='grc' dir='ltr'>ἰδοῦσαν</span> <span class='ocrx_word' id='word_1_718' title='bbox 1293 2170 1329 2209; x_wconf 85' lang='grc' dir='ltr'>δὲ</span> <span class='ocrx_word' id='word_1_719' title='bbox 1345 2170 1409 2218; x_wconf 85' lang='grc' dir='ltr'><strong>τὴν</strong></span> <span class='ocrx_word' id='word_1_720' title='bbox 1426 2170 1543 2225; x_wconf 68' lang='grc' dir='ltr'>“Ἠραν</span> <span class='ocrx_word' id='word_1_721' title='bbox 1564 2171 1767 2223; x_wconf 84' lang='grc' dir='ltr'>θαυμάσαι,</span> <span class='ocrx_word' id='word_1_722' title='bbox 1790 2171 1850 2210; x_wconf 78' lang='grc' dir='ltr'><strong>καὶ</strong></span> <span class='ocrx_word' id='word_1_723' title='bbox 1877 2174 1983 2210; x_wconf 76' lang='grc' dir='ltr'>εἰπεῖν</span> <span class='ocrx_word' id='word_1_724' title='bbox 2008 2187 2165 2225; x_wconf 77' lang='grc' dir='ltr'>καταφυ-</span> 
     </span>
     <span class='ocr_line' id='line_1_92' title="bbox 1132 2224 2166 2285; baseline 0.001 -18"><span class='ocrx_word' id='word_1_725' title='bbox 1132 2232 1254 2267; x_wconf 87' lang='grc' dir='ltr'>τεῦσαι</span> <span class='ocrx_word' id='word_1_726' title='bbox 1271 2230 1318 2273; x_wconf 88' lang='grc' dir='ltr'><strong>εἷς</strong></span> <span class='ocrx_word' id='word_1_727' title='bbox 1334 2229 1392 2268; x_wconf 86' lang='grc' dir='ltr'><strong>τὸν</strong></span> <span class='ocrx_word' id='word_1_728' title='bbox 1409 2231 1479 2268; x_wconf 75' lang='grc' dir='ltr'><strong>τῶν</strong></span> <span class='ocrx_word' id='word_1_729' title='bbox 1491 2231 1576 2268; x_wconf 80' lang='grc' dir='ltr'>θεῶν</span> <span class='ocrx_word' id='word_1_730' title='bbox 1589 2232 1713 2279; x_wconf 85' lang='grc' dir='ltr'>κῆπον,</span> <span class='ocrx_word' id='word_1_731' title='bbox 1729 2229 1765 2273; x_wconf 88' lang='grc' dir='ltr'><strong>ὃς</strong></span> <span class='ocrx_word' id='word_1_732' title='bbox 1782 2224 1824 2278; x_wconf 74' lang='grc' dir='ltr'><strong>ῆν</strong></span> <span class='ocrx_word' id='word_1_733' title='bbox 1843 2230 1939 2285; x_wconf 83' lang='grc' dir='ltr'>παρὰ</span> <span class='ocrx_word' id='word_1_734' title='bbox 1955 2230 2004 2284; x_wconf 77' lang='grc' dir='ltr'><strong>τῷ</strong></span> <span class='ocrx_word' id='word_1_735' title='bbox 2015 2229 2166 2269; x_wconf 84' lang='grc' dir='ltr'>Ἄτλαν-</span> 
     </span>
     <span class='ocr_line' id='line_1_93' title="bbox 1132 2288 2163 2343; baseline 0 -17"><span class='ocrx_word' id='word_1_736' title='bbox 1132 2304 1178 2327; x_wconf 87' lang='grc' dir='ltr'><strong>τι.</strong></span> <span class='ocrx_word' id='word_1_737' title='bbox 1203 2288 1294 2328; x_wconf 66' lang='grc' dir='ltr'><strong>εΥπὸ</strong></span> <span class='ocrx_word' id='word_1_738' title='bbox 1316 2288 1352 2327; x_wconf 81' lang='grc' dir='ltr'>δὲ</span> <span class='ocrx_word' id='word_1_739' title='bbox 1370 2290 1441 2327; x_wconf 79' lang='grc' dir='ltr'><strong>τῶν</strong></span> <span class='ocrx_word' id='word_1_740' title='bbox 1461 2288 1594 2328; x_wconf 78' lang='grc' dir='ltr'>ἐκείνου</span> <span class='ocrx_word' id='word_1_741' title='bbox 1613 2288 1795 2343; x_wconf 88' lang='grc' dir='ltr'>παρθένων</span> <span class='ocrx_word' id='word_1_742' title='bbox 1819 2289 1872 2328; x_wconf 80' lang='grc' dir='ltr'><strong>ἀεὶ</strong></span> <span class='ocrx_word' id='word_1_743' title='bbox 1900 2290 2163 2343; x_wconf 77' lang='grc' dir='ltr'>ὑφαιρουμένων</span> 
     </span>
     <span class='ocr_line' id='line_1_94' title="bbox 1133 2346 2162 2403; baseline -0.001 -17"><span class='ocrx_word' id='word_1_744' title='bbox 1133 2349 1202 2386; x_wconf 83' lang='grc' dir='ltr'><strong>τῶν</strong></span> <span class='ocrx_word' id='word_1_745' title='bbox 1222 2347 1358 2399; x_wconf 81' lang='grc' dir='ltr'>μήλων,</span> <span class='ocrx_word' id='word_1_746' title='bbox 1378 2347 1574 2396; x_wconf 88' lang='grc' dir='ltr'>κατέστησε</span> <span class='ocrx_word' id='word_1_747' title='bbox 1594 2347 1733 2401; x_wconf 81' lang='grc' dir='ltr'>φύλακα</span> <span class='ocrx_word' id='word_1_748' title='bbox 1753 2348 1811 2387; x_wconf 84' lang='grc' dir='ltr'><strong>τὸν</strong></span> <span class='ocrx_word' id='word_1_749' title='bbox 1830 2347 1919 2403; x_wconf 80' lang='grc' dir='ltr'>ὅφιν,</span> <span class='ocrx_word' id='word_1_750' title='bbox 1945 2346 2162 2402; x_wconf 79' lang='grc' dir='ltr'>ὑπερμεγέθη</span> 
     </span>
     <span class='ocr_line' id='line_1_95' title="bbox 1134 2406 1229 2445; baseline 0 0"><span class='ocrx_word' id='word_1_751' title='bbox 1134 2406 1229 2445; x_wconf 85' lang='grc' dir='ltr'>ὄντα.</span> 
     </span>
    </p>
   </div>
   <div class='ocr_carea' id='block_1_10' title="bbox 1138 2547 2165 3285">
    <p class='ocr_par' dir='ltr' id='par_1_12' title="bbox 1138 2547 2165 3093">
     <span class='ocr_line' id='line_1_96' title="bbox 1138 2547 2162 2589; baseline 0 -10"><span class='ocrx_word' id='word_1_752' title='bbox 1138 2547 1200 2579; x_wconf 89' lang='lat' dir='ltr'><strong>Hic</strong></span> <span class='ocrx_word' id='word_1_753' title='bbox 1214 2547 1323 2588; x_wconf 84' lang='lat' dir='ltr'><strong>igitur,</strong></span> <span class='ocrx_word' id='word_1_754' title='bbox 1344 2547 1426 2579; x_wconf 90' lang='lat' dir='ltr'><strong>coelo</strong></span> <span class='ocrx_word' id='word_1_755' title='bbox 1441 2548 1591 2580; x_wconf 87' lang='lat' dir='ltr'><strong>Herculis</strong></span> <span class='ocrx_word' id='word_1_756' title='bbox 1607 2548 1641 2580; x_wconf 92' lang='lat' dir='ltr'><strong>in</strong></span> <span class='ocrx_word' id='word_1_757' title='bbox 1658 2548 1810 2581; x_wconf 91' lang='lat' dir='ltr'><strong>humeros</strong></span> <span class='ocrx_word' id='word_1_758' title='bbox 1827 2549 1979 2589; x_wconf 87' lang='lat' dir='ltr'><strong>imposito</strong></span> <span class='ocrx_word' id='word_1_759' title='bbox 1990 2571 1999 2587; x_wconf 91' lang='lat'><strong><em>‚</em></strong></span> <span class='ocrx_word' id='word_1_760' title='bbox 2032 2548 2073 2579; x_wconf 89' lang='lat' dir='ltr'><strong>ad</strong></span> <span class='ocrx_word' id='word_1_761' title='bbox 2103 2549 2162 2580; x_wconf 87' lang='lat' dir='ltr'><strong>He·</strong></span> 
     </span>
     <span class='ocr_line' id='line_1_97' title="bbox 1142 2594 2159 2636; baseline 0 -11"><span class='ocrx_word' id='word_1_762' title='bbox 1142 2594 1284 2635; x_wconf 88' lang='lat' dir='ltr'><strong>speridas</strong></span> <span class='ocrx_word' id='word_1_763' title='bbox 1300 2594 1464 2635; x_wconf 81' lang='lat' dir='ltr'><strong>profectus</strong></span> <span class='ocrx_word' id='word_1_764' title='bbox 1478 2595 1563 2626; x_wconf 88' lang='lat' dir='ltr'><strong>mala</strong></span> <span class='ocrx_word' id='word_1_765' title='bbox 1576 2595 1616 2627; x_wconf 90' lang='lat' dir='ltr'><strong>ab</strong></span> <span class='ocrx_word' id='word_1_766' title='bbox 1633 2595 1673 2627; x_wconf 91' lang='lat' dir='ltr'><strong>iis</strong></span> <span class='ocrx_word' id='word_1_767' title='bbox 1689 2596 1811 2636; x_wconf 71' lang='lat' dir='ltr'><strong>accepit</strong></span> <span class='ocrx_word' id='word_1_768' title='bbox 1823 2618 1832 2634; x_wconf 94' lang='lat'><strong>,</strong></span> <span class='ocrx_word' id='word_1_769' title='bbox 1852 2595 1908 2626; x_wconf 92' lang='lat' dir='ltr'><strong>sed</strong></span> <span class='ocrx_word' id='word_1_770' title='bbox 1924 2594 1963 2626; x_wconf 88' lang='lat' dir='ltr'><strong>ad</strong></span> <span class='ocrx_word' id='word_1_771' title='bbox 1989 2594 2159 2626; x_wconf 84' lang='lat' dir='ltr'><strong>Herculem</strong></span> 
     </span>
     <span class='ocr_line' id='line_1_98' title="bbox 1139 2641 2162 2683; baseline -0.002 -10"><span class='ocrx_word' id='word_1_772' title='bbox 1139 2650 1287 2674; x_wconf 90' lang='lat' dir='ltr'><strong>reversus</strong></span> <span class='ocrx_word' id='word_1_773' title='bbox 1309 2651 1344 2673; x_wconf 91' lang='lat' dir='ltr'><strong>se</strong></span> <span class='ocrx_word' id='word_1_774' title='bbox 1366 2642 1472 2683; x_wconf 89' lang='lat' dir='ltr'><strong>ipsum</strong></span> <span class='ocrx_word' id='word_1_775' title='bbox 1498 2642 1577 2674; x_wconf 86' lang='lat' dir='ltr'><strong>dicit</strong></span> <span class='ocrx_word' id='word_1_776' title='bbox 1610 2651 1647 2674; x_wconf 86' lang='lat' dir='ltr'><strong>ea</strong></span> <span class='ocrx_word' id='word_1_777' title='bbox 1667 2642 1861 2674; x_wconf 83' lang='lat' dir='ltr'><strong>traditurum</strong></span> <span class='ocrx_word' id='word_1_778' title='bbox 1879 2650 1948 2673; x_wconf 88' lang='lat' dir='ltr'><strong>esse</strong></span> <span class='ocrx_word' id='word_1_779' title='bbox 1969 2641 2162 2680; x_wconf 84' lang='lat' dir='ltr'><strong>Eurystheo,</strong></span> 
     </span>
     <span class='ocr_line' id='line_1_99' title="bbox 1139 2687 2164 2729; baseline 0 -10"><span class='ocrx_word' id='word_1_780' title='bbox 1139 2689 1236 2729; x_wconf 87' lang='lat' dir='ltr'><strong>atque</strong></span> <span class='ocrx_word' id='word_1_781' title='bbox 1250 2687 1422 2720; x_wconf 87' lang='lat' dir='ltr'><strong>Herculem</strong></span> <span class='ocrx_word' id='word_1_782' title='bbox 1437 2697 1496 2728; x_wconf 89' lang='lat' dir='ltr'><strong>pro</strong></span> <span class='ocrx_word' id='word_1_783' title='bbox 1509 2696 1544 2720; x_wconf 88' lang='lat' dir='ltr'><strong>se</strong></span> <span class='ocrx_word' id='word_1_784' title='bbox 1559 2688 1677 2720; x_wconf 87' lang='lat' dir='ltr'><strong>coelum</strong></span> <span class='ocrx_word' id='word_1_785' title='bbox 1693 2690 1820 2729; x_wconf 86' lang='lat' dir='ltr'><strong>portare</strong></span> <span class='ocrx_word' id='word_1_786' title='bbox 1836 2687 1937 2728; x_wconf 86' lang='lat' dir='ltr'><strong>jubet.</strong></span> <span class='ocrx_word' id='word_1_787' title='bbox 1962 2687 2055 2724; x_wconf 90' lang='lat' dir='ltr'><strong>Quod</strong></span> <span class='ocrx_word' id='word_1_788' title='bbox 2073 2687 2164 2728; x_wconf 91' lang='lat' dir='ltr'><strong>polli-</strong></span> 
     </span>
     <span class='ocr_line' id='line_1_100' title="bbox 1139 2734 2163 2773; baseline 0 -7"><span class='ocrx_word' id='word_1_789' title='bbox 1139 2735 1223 2766; x_wconf 81' lang='lat' dir='ltr'><strong>citus</strong></span> <span class='ocrx_word' id='word_1_790' title='bbox 1242 2735 1295 2766; x_wconf 90' lang='lat' dir='ltr'><strong>ille</strong></span> <span class='ocrx_word' id='word_1_791' title='bbox 1310 2744 1350 2766; x_wconf 89' lang='lat' dir='ltr'><strong>ex</strong></span> <span class='ocrx_word' id='word_1_792' title='bbox 1368 2735 1551 2767; x_wconf 88' lang='lat' dir='ltr'><strong>Promethei</strong></span> <span class='ocrx_word' id='word_1_793' title='bbox 1567 2735 1702 2767; x_wconf 88' lang='lat' dir='ltr'><strong>consilio</strong></span> <span class='ocrx_word' id='word_1_794' title='bbox 1717 2734 1789 2766; x_wconf 91' lang='lat' dir='ltr'><strong>dolo</strong></span> <span class='ocrx_word' id='word_1_795' title='bbox 1802 2734 1917 2773; x_wconf 82' lang='lat' dir='ltr'><strong>effecit,</strong></span> <span class='ocrx_word' id='word_1_796' title='bbox 1936 2736 1972 2765; x_wconf 86' lang='lat' dir='ltr'><strong>ut</strong></span> <span class='ocrx_word' id='word_1_797' title='bbox 1987 2734 2105 2765; x_wconf 83' lang='lat' dir='ltr'><strong>coelum</strong></span> <span class='ocrx_word' id='word_1_798' title='bbox 2129 2735 2163 2766; x_wconf 92' lang='lat' dir='ltr'><strong>in</strong></span> 
     </span>
     <span class='ocr_line' id='line_1_101' title="bbox 1140 2780 2163 2822; baseline 0 -8"><span class='ocrx_word' id='word_1_799' title='bbox 1140 2782 1279 2814; x_wconf 83' lang='lat' dir='ltr'><strong>Atlantis</strong></span> <span class='ocrx_word' id='word_1_800' title='bbox 1299 2782 1452 2813; x_wconf 91' lang='lat' dir='ltr'><strong>humeros</strong></span> <span class='ocrx_word' id='word_1_801' title='bbox 1474 2783 1690 2822; x_wconf 87' lang='lat' dir='ltr'><strong>reponeretur.</strong></span> <span class='ocrx_word' id='word_1_802' title='bbox 1716 2781 1811 2813; x_wconf 86' lang='lat' dir='ltr'><strong>Petiit</strong></span> <span class='ocrx_word' id='word_1_803' title='bbox 1838 2780 1922 2812; x_wconf 81' lang='lat' dir='ltr'><strong>enirn</strong></span> <span class='ocrx_word' id='word_1_804' title='bbox 1945 2789 1985 2812; x_wconf 77' lang='lat' dir='ltr'><strong>ex</strong></span> <span class='ocrx_word' id='word_1_805' title='bbox 2012 2781 2163 2821; x_wconf 84' lang='lat' dir='ltr'><strong>Atlante,</strong></span> 
     </span>
     <span class='ocr_line' id='line_1_102' title="bbox 1139 2826 2165 2869; baseline 0.001 -9"><span class='ocrx_word' id='word_1_806' title='bbox 1139 2829 1228 2869; x_wconf 87' lang='lat' dir='ltr'><strong>quod</strong></span> <span class='ocrx_word' id='word_1_807' title='bbox 1242 2831 1386 2860; x_wconf 87' lang='lat' dir='ltr'><strong>suaserat</strong></span> <span class='ocrx_word' id='word_1_808' title='bbox 1398 2829 1620 2865; x_wconf 88' lang='lat' dir='ltr'><strong>Prometheus,</strong></span> <span class='ocrx_word' id='word_1_809' title='bbox 1637 2830 1671 2859; x_wconf 91' lang='lat' dir='ltr'><strong>ut</strong></span> <span class='ocrx_word' id='word_1_810' title='bbox 1684 2827 1800 2859; x_wconf 88' lang='lat' dir='ltr'><strong>coelum</strong></span> <span class='ocrx_word' id='word_1_811' title='bbox 1816 2826 1976 2867; x_wconf 83' lang='lat' dir='ltr'><strong>paulisper</strong></span> <span class='ocrx_word' id='word_1_812' title='bbox 1988 2826 2022 2858; x_wconf 90' lang='lat' dir='ltr'><strong>in</strong></span> <span class='ocrx_word' id='word_1_813' title='bbox 2037 2836 2072 2859; x_wconf 88' lang='lat' dir='ltr'><strong>se</strong></span> <span class='ocrx_word' id='word_1_814' title='bbox 2086 2829 2165 2861; x_wconf 86' lang='lat' dir='ltr'><strong>reci-</strong></span> 
     </span>
     <span class='ocr_line' id='line_1_103' title="bbox 1139 2873 2164 2917; baseline 0 -10"><span class='ocrx_word' id='word_1_815' title='bbox 1139 2877 1240 2917; x_wconf 87' lang='lat' dir='ltr'><strong>peret,</strong></span> <span class='ocrx_word' id='word_1_816' title='bbox 1265 2876 1344 2908; x_wconf 89' lang='lat' dir='ltr'><strong>dum</strong></span> <span class='ocrx_word' id='word_1_817' title='bbox 1377 2875 1446 2915; x_wconf 90' lang='lat' dir='ltr'><strong>ipse</strong></span> <span class='ocrx_word' id='word_1_818' title='bbox 1470 2875 1619 2906; x_wconf 83' lang='lat' dir='ltr'><strong>culcitam</strong></span> <span class='ocrx_word' id='word_1_819' title='bbox 1649 2874 1746 2914; x_wconf 87' lang='lat' dir='ltr'><strong>capiti</strong></span> <span class='ocrx_word' id='word_1_820' title='bbox 1772 2873 1959 2913; x_wconf 87' lang='lat' dir='ltr'><strong>imponeret.</strong></span> <span class='ocrx_word' id='word_1_821' title='bbox 1974 2873 2032 2906; x_wconf 88' lang='lat' dir='ltr'><strong>Ille</strong></span> <span class='ocrx_word' id='word_1_822' title='bbox 2045 2897 2054 2913; x_wconf 92' lang='lat'><em>‚</em></span> <span class='ocrx_word' id='word_1_823' title='bbox 2070 2874 2164 2907; x_wconf 87' lang='lat' dir='ltr'><strong>malis</strong></span> 
     </span>
     <span class='ocr_line' id='line_1_104' title="bbox 1140 2918 2163 2962; baseline 0 -8"><span class='ocrx_word' id='word_1_824' title='bbox 1140 2922 1173 2953; x_wconf 91' lang='lat' dir='ltr'><strong>in</strong></span> <span class='ocrx_word' id='word_1_825' title='bbox 1190 2924 1307 2954; x_wconf 86' lang='lat' dir='ltr'><strong>terram</strong></span> <span class='ocrx_word' id='word_1_826' title='bbox 1322 2921 1472 2962; x_wconf 82' lang='lat' dir='ltr'><strong>abjectis,</strong></span> <span class='ocrx_word' id='word_1_827' title='bbox 1497 2921 1614 2952; x_wconf 82' lang='lat' dir='ltr'><strong>coelum</strong></span> <span class='ocrx_word' id='word_1_828' title='bbox 1635 2920 1667 2951; x_wconf 91' lang='lat' dir='ltr'><strong>in</strong></span> <span class='ocrx_word' id='word_1_829' title='bbox 1689 2920 1840 2951; x_wconf 90' lang='lat' dir='ltr'><strong>humeros</strong></span> <span class='ocrx_word' id='word_1_830' title='bbox 1856 2918 1987 2960; x_wconf 73' lang='lat' dir='ltr'><strong>recip113</strong></span> <span class='ocrx_word' id='word_1_831' title='bbox 2006 2921 2163 2954; x_wconf 83' lang='lat' dir='ltr'><strong>Hercules</strong></span> 
     </span>
     <span class='ocr_line' id='line_1_105' title="bbox 1140 2966 2164 3007; baseline 0.001 -7"><span class='ocrx_word' id='word_1_832' title='bbox 1140 2972 1247 3000; x_wconf 86' lang='lat' dir='ltr'><strong>autem</strong></span> <span class='ocrx_word' id='word_1_833' title='bbox 1270 2978 1345 3000; x_wconf 85' lang='lat' dir='ltr'><strong>eum</strong></span> <span class='ocrx_word' id='word_1_834' title='bbox 1361 2968 1466 2999; x_wconf 87' lang='lat' dir='ltr'><strong>valere</strong></span> <span class='ocrx_word' id='word_1_835' title='bbox 1479 2967 1571 3007; x_wconf 88' lang='lat' dir='ltr'><strong>jubet</strong></span> <span class='ocrx_word' id='word_1_836' title='bbox 1585 2970 1616 2998; x_wconf 91' lang='lat' dir='ltr'><strong>et</strong></span> <span class='ocrx_word' id='word_1_837' title='bbox 1632 2974 1707 2998; x_wconf 91' lang='lat' dir='ltr'><strong>cum</strong></span> <span class='ocrx_word' id='word_1_838' title='bbox 1725 2966 1819 2998; x_wconf 87' lang='lat' dir='ltr'><strong>malis</strong></span> <span class='ocrx_word' id='word_1_839' title='bbox 1831 2966 1997 3007; x_wconf 83' lang='lat' dir='ltr'><strong>profectus</strong></span> <span class='ocrx_word' id='word_1_840' title='bbox 2012 2968 2111 3000; x_wconf 89' lang='lat' dir='ltr'><strong>tradit</strong></span> <span class='ocrx_word' id='word_1_841' title='bbox 2125 2977 2164 3001; x_wconf 82' lang='lat' dir='ltr'><strong>ea</strong></span> 
     </span>
     <span class='ocr_line' id='line_1_106' title="bbox 1140 3016 1331 3056; baseline -0.01 -10"><span class='ocrx_word' id='word_1_842' title='bbox 1140 3016 1331 3056; x_wconf 88' lang='lat' dir='ltr'><strong>Eurystheo.</strong></span> 
     </span>
     <span class='ocr_line' id='line_1_107' title="bbox 1595 3061 1706 3093; baseline 0 0"><span class='ocrx_word' id='word_1_843' title='bbox 1595 3061 1641 3093; x_wconf 86' lang='lat'><strong>33</strong></span> <span class='ocrx_word' id='word_1_844' title='bbox 1671 3066 1706 3093; x_wconf 83' lang='lat' dir='ltr'><strong>a.</strong></span> 
     </span>
    </p>

    <p class='ocr_par' dir='ltr' id='par_1_13' title="bbox 1140 3106 2162 3285">
     <span class='ocr_line' id='line_1_108' title="bbox 1182 3106 2162 3148; baseline 0.001 -8"><span class='ocrx_word' id='word_1_845' title='bbox 1182 3108 1235 3141; x_wconf 89' lang='lat' dir='ltr'><strong>Ait</strong></span> <span class='ocrx_word' id='word_1_846' title='bbox 1249 3106 2162 3148; x_wconf 85' lang='lat' dir='ltr'><strong>PherecydesquumJunoJovinuberet,Terramvenisse</strong></span> 
     </span>
     <span class='ocr_line' id='line_1_109' title="bbox 1140 3154 2161 3196; baseline 0.001 -9"><span class='ocrx_word' id='word_1_847' title='bbox 1140 3156 1294 3187; x_wconf 85' lang='lat' dir='ltr'><strong>ferentem</strong></span> <span class='ocrx_word' id='word_1_848' title='bbox 1309 3163 1404 3186; x_wconf 86' lang='lat' dir='ltr'><strong>aurea</strong></span> <span class='ocrx_word' id='word_1_849' title='bbox 1418 3154 1513 3193; x_wconf 82' lang='lat' dir='ltr'><strong>mala,</strong></span> <span class='ocrx_word' id='word_1_850' title='bbox 1531 3162 1604 3193; x_wconf 83' lang='lat' dir='ltr'><strong>quae</strong></span> <span class='ocrx_word' id='word_1_851' title='bbox 1619 3155 1638 3184; x_wconf 89' lang='lat' dir='ltr'>J</span> <span class='ocrx_word' id='word_1_852' title='bbox 1643 3162 1706 3185; x_wconf 93' lang='lat' dir='ltr'><strong>uno</strong></span> <span class='ocrx_word' id='word_1_853' title='bbox 1716 3155 1881 3195; x_wconf 85' lang='lat' dir='ltr'><strong>tantopere</strong></span> <span class='ocrx_word' id='word_1_854' title='bbox 1896 3154 2054 3186; x_wconf 84' lang='lat' dir='ltr'><strong>admirata</strong></span> <span class='ocrx_word' id='word_1_855' title='bbox 2066 3158 2161 3196; x_wconf 90' lang='lat' dir='ltr'><strong>esset,</strong></span> 
     </span>
     <span class='ocr_line' id='line_1_110' title="bbox 1142 3200 2162 3243; baseline 0.002 -10"><span class='ocrx_word' id='word_1_856' title='bbox 1142 3205 1177 3233; x_wconf 84' lang='lat' dir='ltr'><strong>ut</strong></span> <span class='ocrx_word' id='word_1_857' title='bbox 1198 3211 1236 3234; x_wconf 87' lang='lat' dir='ltr'><strong>ea</strong></span> <span class='ocrx_word' id='word_1_858' title='bbox 1257 3201 1394 3242; x_wconf 84' lang='lat' dir='ltr'><strong>plantari</strong></span> <span class='ocrx_word' id='word_1_859' title='bbox 1413 3201 1564 3242; x_wconf 89' lang='lat' dir='ltr'><strong>jussisset</strong></span> <span class='ocrx_word' id='word_1_860' title='bbox 1585 3200 1618 3232; x_wconf 89' lang='lat' dir='ltr'><strong>in</strong></span> <span class='ocrx_word' id='word_1_861' title='bbox 1638 3200 1769 3232; x_wconf 88' lang='lat' dir='ltr'><strong>hortum</strong></span> <span class='ocrx_word' id='word_1_862' title='bbox 1790 3200 1938 3241; x_wconf 90' lang='lat' dir='ltr'><strong>deorum,</strong></span> <span class='ocrx_word' id='word_1_863' title='bbox 1953 3202 2011 3243; x_wconf 88' lang='lat' dir='ltr'><strong>qui</strong></span> <span class='ocrx_word' id='word_1_864' title='bbox 2032 3205 2100 3234; x_wconf 83' lang='lat' dir='ltr'><strong>erat</strong></span> <span class='ocrx_word' id='word_1_865' title='bbox 2122 3203 2162 3236; x_wconf 84' lang='lat' dir='ltr'><strong>ad</strong></span> 
     </span>
     <span class='ocr_line' id='line_1_111' title="bbox 1141 3248 2162 3285; baseline 0 -4"><span class='ocrx_word' id='word_1_866' title='bbox 1141 3249 1302 3281; x_wconf 85' lang='lat' dir='ltr'><strong>Atlantem</strong></span> <span class='ocrx_word' id='word_1_867' title='bbox 1322 3250 1476 3279; x_wconf 88' lang='lat' dir='ltr'><strong>montem.</strong></span> <span class='ocrx_word' id='word_1_868' title='bbox 1500 3249 1608 3285; x_wconf 89' lang='lat' dir='ltr'><strong>Quum</strong></span> <span class='ocrx_word' id='word_1_869' title='bbox 1624 3256 1703 3280; x_wconf 87' lang='lat' dir='ltr'><strong>vero</strong></span> <span class='ocrx_word' id='word_1_870' title='bbox 1723 3248 1807 3279; x_wconf 86' lang='lat' dir='ltr'><strong>mala</strong></span> <span class='ocrx_word' id='word_1_871' title='bbox 1822 3248 1863 3280; x_wconf 85' lang='lat' dir='ltr'><strong>ab</strong></span> <span class='ocrx_word' id='word_1_872' title='bbox 1881 3248 2020 3280; x_wconf 86' lang='lat' dir='ltr'><strong>Atlantis</strong></span> <span class='ocrx_word' id='word_1_873' title='bbox 2035 3248 2162 3281; x_wconf 85' lang='lat' dir='ltr'><strong>filiabus</strong></span> 
     </span>
    </p>
   </div>
   <div class='ocr_carea' id='block_1_11' title="bbox 1141 3294 2164 3373">
    <p class='ocr_par' dir='ltr' id='par_1_14' title="bbox 1141 3294 2164 3373">
     <span class='ocr_line' id='line_1_112' title="bbox 1142 3294 2164 3337; baseline 0.001 -10"><span class='ocrx_word' id='word_1_874' title='bbox 1142 3304 1266 3335; x_wconf 78' lang='lat' dir='ltr'><strong>semper</strong></span> <span class='ocrx_word' id='word_1_875' title='bbox 1289 3294 1546 3335; x_wconf 86' lang='lat' dir='ltr'><strong>subriperentur,</strong></span> <span class='ocrx_word' id='word_1_876' title='bbox 1570 3294 1731 3335; x_wconf 83' lang='lat' dir='ltr'><strong>ingentem</strong></span> <span class='ocrx_word' id='word_1_877' title='bbox 1751 3294 1924 3327; x_wconf 88' lang='lat' dir='ltr'><strong>draconem</strong></span> <span class='ocrx_word' id='word_1_878' title='bbox 1946 3296 2055 3337; x_wconf 90' lang='lat' dir='ltr'><strong>posuit</strong></span> <span class='ocrx_word' id='word_1_879' title='bbox 2077 3296 2164 3329; x_wconf 89' lang='lat' dir='ltr'><strong>horti</strong></span> 
     </span>
     <span class='ocr_line' id='line_1_113' title="bbox 1141 3342 1319 3373; baseline -0.006 0"><span class='ocrx_word' id='word_1_880' title='bbox 1141 3342 1319 3373; x_wconf 86' lang='lat' dir='ltr'><strong>custodem.</strong></span> 
     </span>
    </p>
   </div>
  </div>
 </body>
</html>
