2294 3704
96 147 150 175 XC

767 130 835 170 DE
862 129 1140 170 ATTHIDUM
1168 129 1550 175 SCRIPTORIBUS.

98 222 261 262 Lenzius
279 229 382 260 recte
401 229 569 260 statuere
587 220 757 268 videtur,
781 219 829 257 de
847 219 894 257 iis
913 232 1070 271 quoque
1093 220 1134 258 in
1190 219 1239 258 ad
1255 221 1459 273 Aristoph.
1485 223 1579 273 (69),
1603 235 1680 260 non
1708 223 1988 274 callimachius‚
2008 227 2074 265 sed
2105 228 2217 267 Cala-

98 294 216 334 opere
239 281 288 319 de
309 281 545 319 divinatione
573 280 795 331 expositum
814 291 918 328 esse,
936 287 1051 330 atque
1070 292 1135 318 er—
1187 279 1313 318 tianus
1327 280 1442 319 nobis
1459 294 1541 319 esse
1559 282 1727 320 videtur.

97 354 184 379 rare
217 340 390 390 Suidam,
413 340 481 391 qui
496 352 594 390 opus
617 337 812 391 peculiare
837 337 930 392 Περὶ
946 337 1133 429 συμὸόλων

102 409 301 439 memorat.

155 459 219 512 15)
240 458 332 512 Περὶ
365 459 569 511 καθαρμῶν.
589 457 663 495 Η10
679 457 800 503 liber
819 471 868 496 ex
893 471 973 509 quo
996 459 1133 526 fragm·

99 533 175 558 200
193 527 389 569 sumptum
410 531 490 555 esse
507 516 712 569 probabile
724 526 801 567 est,
820 519 1057 557 continuisse
1072 519 1134 557 vi-

99 579 213 616 detur
228 577 496 615 collectionem
509 577 716 629 καθαρμων,
730 579 998 627 Expiatiomcm
1013 607 1024 626 ‚
1039 591 1136 628 qua-

97 651 184 676 rum
209 640 372 675 Musaeus
397 645 435 673 et
454 636 638 687 Orpheus
662 637 884 675 inventores
907 650 990 675 esse
1018 646 1135 688 puta-

97 695 251 734 bantur.
272 695 329 732 Cf.
349 694 496 732 Platon.
518 698 577 733 De
589 709 672 746 rep.
688 699 739 743 11,
757 709 797 747 p.
819 709 891 734 221
910 696 995 747 Bip.

157 754 220 806 16)
250 751 339 806 Περὶ
357 753 561 807 μυστηρίων
578 755 648 792 τῶν
662 753 838 802 Ἀθήνησι.
853 755 956 794 Nihil
985 768 1034 793 ex
1062 754 1136 793 hoc

98 823 216 863 opere
235 819 433 849 servatum
455 820 526 850 est.

156 869 219 922 17)
239 870 330 923 Περὶ
359 870 565 923 Ἀλκμᾶνος.
595 872 814 911 Admodum
835 873 1044 911 verisimile
1064 879 1133 917 est,

98 929 370 981 fragmentum,
400 943 480 981 quo
504 931 553 968 de
567 932 789 970 Stesichoro
807 940 932 983 agitur
945 931 1065 983 (205),
1089 930 1136 968 ad

98 989 201 1026 hunc
214 988 360 1027 librum
375 990 585 1040 pertinere.

158 1048 221 1095 18)
242 1047 332 1101 Περὶ
351 1050 421 1086 τῶν
438 1047 658 1102 Σοφοκλέους
678 1049 799 1101 μύθων
825 1047 988 1102 βιὸλία’
958 1064 973 1086 ε
996 1078 1003 1086 .
1020 1048 1136 1086 Plane

98 1107 272 1158 perditus
290 1116 348 1145 est
361 1107 423 1146 hic
438 1108 548 1146 liber.

157 1166 220 1218 19)
244 1165 336 1220 Περὶ
366 1166 573 1220 Εὐριπίδου.
601 1167 859 1206 Philochorus
887 1166 1136 1217 descripsisse

98 1225 254 1263 videtur
286 1226 483 1278 Euripidis
515 1227 655 1274 vitam,
686 1235 918 1278 poetamque
944 1239 966 1263 a
994 1233 1135 1262 contu-

98 1284 221 1323 meliis
236 1284 452 1323 vindicasse
466 1285 560 1337 (vid.
575 1286 670 1337 frag.
690 1286 802 1336 165):
821 1299 908 1323 eum
922 1298 1017 1323 vero
1034 1297 1138 1321 com-

98 1344 327 1382 mentarium
355 1344 396 1382 in
419 1345 617 1396 Euripidis
650 1344 850 1396 tragoedias
879 1344 1031 1390 fecisse,
1058 1357 1135 1380 non

100 1411 204 1440 recte
222 1402 387 1441 Lenzius
404 1416 452 1440 ex
476 1404 612 1455 fragm.
644 1404 713 1450 167
738 1403 913 1453 collegit,
935 1417 982 1440 ex
999 1415 1077 1453 quo
1098 1401 1138 1439 id

100 1470 249 1500 tantum
265 1462 366 1500 effici
385 1471 534 1512 potest,
554 1462 831 1500 Philochorum
852 1463 892 1499 in
914 1462 1136 1499 universum

101 1519 149 1557 de
163 1519 361 1570 Euripidis
381 1528 463 1557 arte
479 1521 520 1557 in
537 1519 678 1558 fabulis
694 1520 973 1571 componendis
985 1550 995 1568 ‚
1011 1520 1138 1571 deque

101 1578 183 1628 ejus
217 1592 357 1629 genere
391 1579 545 1617 dicendi
578 1579 804 1630 disputasse.
840 1579 929 1617 Vid.
961 1579 1135 1631 fragmm.

108 1636 299 1687 165-169.

157 1696 220 1747 20)
243 1695 440 1748 Συναγωγὴ
476 1694 661 1748 ἡρωΐδων,
690 1696 768 1744 ἤτοι
801 1696 1051 1750 Πυθαγορείων
1070 1711 1137 1748 γυ-

104 1757 247 1794 ναικῶν.
276 1759 322 1793 In
352 1755 424 1793 hoc
444 1769 564 1806 opere
582 1756 673 1794 vitae
699 1756 1025 1807 Pythagorearum
1047 1756 1137 1793 illu-

100 1814 256 1862 strium,
276 1815 406 1865 quales
423 1815 579 1853 suerunt
599 1816 775 1864 Theano,
791 1815 956 1863 Melissa,
973 1823 1138 1852 narratae

102 1886 185 1911 esse
199 1874 394 1912 videntur.
411 1878 590 1913 Fortasse
609 1874 649 1912 in
662 1887 708 1912 eo
723 1875 837 1912 etiam
851 1878 973 1921 Boeus,
993 1883 1036 1911 ut
1053 1887 1137 1911 mu-

100 1933 202 1971 lieris
221 1933 404 1981 illustris,
426 1934 570 1972 mentio
587 1934 687 1972 facta
703 1942 775 1974 est.
795 1934 880 1975 Vid.
896 1935 1029 1985 fragm.
1049 1948 1135 1981 207.

154 1991 221 2043 21)
240 1990 286 2031 Ἡ
300 1990 385 2045 πρὸς
404 1989 555 2032 Ἄλυπον
582 1992 764 2040 ἐπιστολή.
797 1997 842 2032 111
874 1995 946 2033 hac
975 1995 1137 2046 epistola

100 2051 148 2089 de
173 2052 291 2090 rebus
319 2053 367 2090 ad
391 2053 539 2091 cultum
568 2054 855 2104 pertinentibus
881 2055 1137 2106 disceptatum

101 2124 203 2161 esse,
222 2110 425 2162 probabile
445 2113 487 2149 fit
504 2125 553 2150 ex
569 2113 705 2164 fragm.
725 2119 814 2158 204.

156 2169 224 2220 22)
261 2170 438 2221 Ἐπιτομὴ
475 2174 539 2219 τ’ῆς
563 2172 747 2211 Διονυσίου
780 2172 1023 2225 πραγματείας
1059 2173 1138 2228 περὶ

106 2229 219 2281 ἱερῶν.
247 2233 303 2266 De.
329 2231 538 2281 Dionysio,
559 2231 668 2282 cujus
687 2245 786 2282 opus
815 2232 1071 2271 Philochorus
1100 2235 1139 2271 in

104 2290 379 2341 compendium
397 2291 558 2342 redegit,
569 2293 665 2330 nihil
681 2292 865 2331 habemus
882 2303 1138 2344 compertum.

159 2349 226 2399 23)
247 2349 449 2400 Σαλαμῖνος
463 2349 586 2394 κτίσις.
607 2352 712 2389 Nihil
731 2365 779 2389 ex
793 2352 866 2390 hoc
888 2352 989 2390 libro
1008 2361 1137 2391 restat.

539 2527 701 2566 ISTER.

159 2629 278 2675 Ister,
299 2625 586 2676 grammaticuS‚
608 2633 722 2676 poeta
753 2634 791 2663 et
819 2626 1025 2666 historicus
1056 2629 1141 2676 fuit,

108 2685 175 2724 sed
202 2685 242 2723 in
273 2684 474 2723 scribenda
507 2684 669 2722 historia
689 2697 767 2722 non
795 2685 985 2724 excelluit.
1019 2690 1063 2724 In
1093 2701 1140 2725 eo

108 2744 211 2782 enim
227 2757 386 2796 operam
404 2757 511 2782 suam
530 2743 705 2794 posuisse
721 2743 893 2792 videtur,
922 2753 964 2782 ut
979 2759 1139 2784 coacer-

108 2811 218 2840 varet
247 2816 334 2853 quae
359 2803 407 2842 ab
436 2803 519 2841 aliis
550 2802 806 2853 scriptoribus
834 2803 974 2841 tradita
1000 2814 1138 2845 essent.

109 2862 155 2899 Id
177 2862 314 2912 saepius
340 2862 380 2900 in
405 2862 499 2914 ipsis
525 2861 746 2913 fragmentis
770 2861 980 2900 indicatum
1000 2871 1075 2911 est,
1098 2873 1141 2901 ut

112 2921 246 2970 fragm.
271 2934 313 2958 11
341 2936 350 2958 :
379 2919 515 2974 Ἴστρος
599 2918 645 2958 τὰ
668 2919 766 2973 παρὰ
791 2925 861 2964 τοῖς
886 2925 1139 2974 συγγραφεῦσιν

112 2977 363 3029 ἀναλεγόμενος
376 2995 384 3003 ·
401 2981 447 3017 cf.
472 2995 484 3017 ι
495 2994 531 3030 2,
553 2993 613 3030 19,
631 2980 678 3017 al.
693 2979 863 3017 Eandem
877 2993 958 3018 rem
973 2980 1142 3031 probant

113 3037 257 3074 diversi
283 3038 445 3076 Atthidis
466 3039 590 3087 tituli,
616 3047 658 3076 ut
683 3037 897 3089 Σύμμικτα,
917 3039 1140 3090 Συναγωγαὶ,

111 3094 280 3135 Ἄτακτα.
292 3099 424 3146 Neque
439 3099 596 3136 Polemo
610 3099 737 3148 magni
752 3098 841 3136 fecit
855 3102 1010 3147 Istrum,
1028 3113 1141 3150 quem

113 3157 155 3194 in
183 3158 322 3193 Istrum
348 3156 490 3194 flumen
516 3157 815 3207 demergendum
840 3171 921 3196 esse
949 3159 1066 3207 dixit,
1100 3168 1143 3197 ut

115 3213 232 3252 refert
244 3214 450 3252 Athenaeus
463 3216 535 3262 IX,
552 3229 589 3264 9,
605 3230 643 3266 p.
659 3218 746 3263 387.
762 3217 817 3255 Cf.
831 3218 985 3255 Preller.
997 3219 1142 3257 Polem.

116 3273 286 3323 fragmm.
301 3286 339 3324 p.
353 3273 415 3323 96.
426 3277 521 3310 Ister
534 3287 640 3321 ver0,
656 3276 722 3324 qui
735 3288 820 3325 quae
834 3275 880 3313 de
896 3276 1093 3326 Phrynide
1103 3278 1142 3315 in

115 3331 326 3375 Μελοποιοῖς
343 3331 513 3382 scripsit,
535 3332 719 3384 σχεδιάσαι
737 3334 878 3372 dicitur
893 3347 915 3372 a
931 3335 1140 3374 Scholiaste

1239 339 1329 376 Istri
1343 352 1462 390 opera
1479 340 1562 378 haec
1581 349 1670 379 sunt
1686 355 1695 377 :

1245 395 1282 448 1)
1298 396 1458 447 Ἀττικά,
1490 399 1658 438 sedecim
1690 398 1739 436 ad
1775 400 1977 439 minimum
1997 400 2215 447 librorum:

1188 456 1262 494 hoc
1284 457 1438 508 quidem
1463 459 1621 497 nomine
1649 459 1778 498 Atthis
1806 460 2015 511 saepissime
2041 461 2221 501 laudatur

1187 516 1251 567 (fr.
1278 530 1294 553 1
1311 545 1322 564 ‚
1350 530 1397 564 2,
1422 530 1491 566 12,
1525 523 1592 569 14,
1614 518 1690 570 32).
1725 518 1800 556 Alii
1829 518 1944 570 hujus
1965 520 2095 570 operis
2121 521 2220 559 tituli

1188 583 1278 612 sunt
1293 589 1301 612 ε
1317 574 1469 620 Ἀτθίδες
1490 576 1555 628 (3),
1570 579 1593 623 ἡ
1615 576 1800 629 συναγωγὴ
1813 580 1876 625 τῆς
1891 577 2043 622 Ἀτθίδος
2061 576 2141 618 sive
2150 581 2220 617 τῶν

1189 632 1352 673 Ἀτθίδων
1374 635 1452 686 (19,
1471 634 1556 686 29),
1571 634 1616 673 τὰ
1627 637 1690 682 τῆς
1703 639 1908 688 συναγωγῆς
1922 638 1962 688 (5
1975 667 1986 685 ,
2002 637 2087 688 28),
2105 637 2221 677 Ἀττι-

1188 692 1247 730 καὶ
1269 691 1470 744 συναγωγαί
1492 693 1572 745 (17)
1585 723 1595 743 ,
1616 694 1803 747 συναγωγή
1820 695 1924 747 (20),
1941 696 2077 734 ἄτακτα
2094 697 2146 747 (6,
2167 697 2220 748 8),

1188 750 1268 805 περὶ
1297 753 1366 790 τῶν
1397 751 1555 790 ἀτάκτων
1587 753 1691 805 (21),
1721 753 1871 792 ἄτακτον
1898 754 2004 807 (31),
2038 754 2222 807 σύμμικτοι

1190 811 1227 861 (2
1235 810 1285 862 2).
1325 811 1503 849 Dubitari
1528 812 1630 849 enim
1661 814 1795 863 nequit
1831 814 1925 864 quin
1956 814 2136 853 omnibus
2162 815 2222 852 his

1189 869 1312 908 titulis
1355 869 1456 907 idem
1501 869 1599 908 liber
1644 871 1879 922 significetur
1894 901 1903 918 ,
1954 886 2074 923 quum
2121 887 2222 911 συνα-

1188 927 1286 980 γωγή
1303 929 1397 966 nihil
1419 929 1522 966 aliud
1544 930 1594 967 sit
1615 943 1730 980 quam
1749 930 1934 982 συναγωγὴ
1954 933 2024 970 τῶν
2041 931 2220 982 Ἀτθίδων,

1189 986 1370 1038 idemque
1385 987 1603 1039 significent
1619 987 1664 1026 τὰ
1683 991 1745 1035 τ’ῆς
1764 992 1981 1041 συναγωγῆς.
2008 990 2068 1030 Τὰ
2087 990 2223 1030 ἄτακτα

1189 1054 1317 1083 autem
1334 1059 1413 1083 non
1435 1046 1585 1084 diversa
1601 1060 1683 1084 esse
1699 1047 1747 1085 ab
1762 1048 1827 1086 illa
1844 1051 2045 1102 συναγωγῇ,
2061 1059 2224 1102 apparet

1190 1117 1237 1142 ex
1253 1105 1468 1156 fragmento
1480 1105 1586 1156 apud
1597 1107 1726 1146 Schol.
1739 1108 1858 1158 Soph.
1868 1107 1965 1146 OEd.
1977 1110 2017 1146 C.
2033 1112 2130 1155 1046
2141 1109 2223 1161 (21)

1190 1172 1413 1214 comparato
1437 1178 1522 1202 cum
1551 1168 1679 1202 Tzetz.
1701 1165 1749 1203 ad
1769 1167 1963 1218 Lycophr.
1994 1169 2094 1206 1328
2119 1169 2223 1220 (20);

1189 1222 1252 1260 ille
1267 1223 1369 1260 enim
1385 1236 1431 1260 ex
1448 1221 1626 1267 Ἀτάκτοις
1638 1223 1750 1261 affert
1767 1225 1872 1275 quod
1883 1225 1944 1263 hic
1960 1239 2006 1263 ex
2025 1227 2222 1278 Συναγωγῇ

1189 1280 1319 1320 habet.
1336 1282 1406 1320 His
1425 1282 1545 1319 titulis
1571 1283 1720 1333 optime
1739 1283 1901 1322 indicari
1925 1293 2106 1336 putamus
2125 1299 2223 1324 con-

1190 1339 1314 1377 fusam
1325 1353 1456 1378 rerum
1469 1341 1752 1389 tractationem,
1770 1355 1886 1393 quam
1902 1347 1999 1381 Ister
2018 1345 2056 1382 in
2068 1345 2223 1383 Atthide

1190 1398 1378 1437 adhibuit.

1245 1458 1281 1508 2)
1300 1456 1515 1502 ’Λπόλλωνος
1548 1457 1760 1511 ἐπιφάνειαι.
1790 1459 1951 1499 Siebelis
1973 1461 2224 1510 demonstrat,

1191 1517 1266 1555 hoc
1282 1516 1383 1554 libro
1403 1530 1464 1555 res
1482 1525 1653 1556 narratas
1676 1531 1776 1566 esse,
1799 1520 1940 1570 quibus
1955 1520 2097 1571 Apollo
2116 1534 2223 1559 suam

1191 1575 1404 1626 potentiam
1430 1575 1666 1614 declaravit:
1688 1577 1859 1630 ἐπιφανής
1884 1579 1985 1616 enirn
2014 1587 2072 1617 est
2097 1581 2222 1618 mani-

1191 1635 1330 1682 festus,
1350 1634 1375 1671 i.
1396 1648 1428 1671 e.
1445 1647 1614 1686 praesens
1635 1635 1759 1673 ferens
1782 1637 1967 1675 auxilium
1986 1638 2157 1688 (Wessel.
2175 1640 2224 1678 ad

1191 1693 1342 1732 Diodor
1356 1696 1407 1742 ΙΙ,
1424 1693 1462 1744 4)
1478 1702 1517 1730 et
1532 1702 1760 1744 praesentem
1774 1709 1929 1734 sumens
1950 1710 2122 1747 poenam;
2147 1698 2225 1736 ἐπι-

1191 1751 1317 1805 φάνεια
1326 1760 1455 1790 autem
1471 1759 1528 1790 est
1541 1754 1743 1803 praesentia
1759 1753 1833 1791 dei.
1846 1755 2033 1794 Errarunt
2045 1759 2150 1795 Jons.
2165 1760 2223 1795 De

1191 1814 1271 1850 Scr.
1295 1810 1394 1848 Hist.
1413 1810 1480 1849 Ph.
1497 1813 1555 1859 II,
1577 1812 1600 1847 6
1616 1819 1653 1848 et
1670 1816 1895 1851 Maussacus
1916 1813 1964 1851 ad
1981 1816 2169 1866 Harpocr.
2186 1830 2220 1854 v.

1191 1867 1401 1922 Φαρμακός.
1422 1869 1509 1908 Vid.
1533 1870 1709 1920 fragmm.
1732 1871 1871 1919 33-37.

1247 1930 1284 1980 3)
1304 1927 1501 1982 Ἀργολικά.
1525 1929 1613 1967 Vid.
1632 1930 1806 1980 fragmm.
1824 1932 1964 1976 43-44.

1247 1987 1285 2038 4)
1303 1987 1469 2026 Ἠλιακά.
1491 1987 1580 2026 Vid.
1595 1988 1770 2039 fragmm.
1792 1990 1930 2035 45-46.

1247 2047 1285 2098 5)
1322 2046 1538 2085 Ἀποικίαι
1583 2049 1658 2094 τῆς
1718 2047 1938 2098 Αἰγύπτου
1982 2049 2062 2086 sive
2096 2050 2223 2102 Αἷγυ-

1192 2105 1343 2144 πτίων.
1367 2109 1410 2144 In
1437 2106 1511 2144 hoc
1537 2120 1655 2157 opere
1679 2110 1776 2144 Ister
1799 2108 1840 2145 id
1857 2110 2023 2146 maxime
2038 2118 2224 2159 sequutus

1194 2179 1276 2203 esse
1297 2165 1464 2213 videtur,
1487 2175 1531 2203 ut
1555 2166 1602 2204 ad
1624 2167 1893 2205 celebrandam
1914 2170 2125 2219 AEgyptum
2151 2183 2222 2207 ur-

1193 2224 1260 2262 bes
1278 2237 1392 2274 quam
1407 2225 1593 2275 plurimas
1605 2255 1616 2274 ,
1637 2226 1826 2276 imprimis
1845 2229 2018 2274 Graecas,
2042 2227 2132 2266 inde
2149 2228 2220 2266 de-

1194 2283 1331 2321 ductas
1350 2296 1431 2321 esse
1452 2282 1746 2321 demonstraret.
1758 2284 1846 2322 Vid.
1865 2285 2038 2335 fragmm.
2053 2286 2220 2336 39-42,

1250 2341 1296 2388 6)
1322 2340 1428 2379 Ὑπο
1440 2340 1652 2392 μνήματα
1685 2351 1795 2380 erant
1814 2342 2070 2393 probabiliter
2101 2346 2223 2383 histo-

1195 2399 1262 2436 riae
1290 2399 1338 2436 ad
1371 2412 1525 2438 omnem
1561 2401 1749 2438 Graeciam
1777 2402 2036 2451 pertinentes,
2063 2417 2141 2441 non
2175 2404 2222 2442 ad

1195 2471 1310 2496 unam
1332 2459 1527 2496 civitatem
1547 2474 1555 2496 :
1583 2473 1631 2497 ex
1653 2460 1699 2498 iis
1720 2468 1860 2510 praeter
1872 2461 1917 2498 fr.
1949 2461 1998 2498 52
2025 2471 2222 2513 sumptum

1196 2529 1277 2554 esse
1302 2517 1455 2555 videtur
1470 2518 1515 2555 fr.
1542 2519 1610 2564 54,
1628 2517 1674 2556 de
1690 2518 1911 2556 Alexandro
1933 2522 2084 2570 Magno.

1252 2575 1287 2625 7)
1325 2574 1436 2628 Πρὸς
1465 2575 1648 2627 Τίμαιον
1683 2578 1961 2631 ἀντιγραφαί.
1995 2582 2041 2616 In
2071 2579 2118 2616 iis
2153 2593 2218 2618 se-

1196 2632 1365 2670 cundum
1381 2633 1609 2673 Athenaeum
1623 2638 1694 2681 VI,
1719 2648 1768 2672 20
1780 2649 1847 2686 ‚.p
1871 2649 1965 2685 272,
1983 2635 2150 2676 Timaeus
2169 2639 2218 2676 ab

1193 2694 1292 2728 Istro
1325 2690 1607 2743 Ἐπίτιμαιος
1632 2695 1845 2746 appellatus
1878 2704 1948 2735 est.
1980 2696 2035 2734 Cf.
2064 2698 2217 2736 Preller.

1196 2749 1241 2787 fr.
1257 2750 1339 2789 Pol.
1363 2764 1400 2801 p.
1422 2753 1485 2800 69.

1250 2811 1290 2858 8)
1320 2810 1564 2862 Συναγωγὴ
1606 2813 1686 2849 τῶν
1719 2813 1953 2864 Κρητικῶν
1987 2815 2162 2854 θυσιῶν.

1248 2867 1292 2917 9)
1327 2869 1443 2921 Περὶ
1484 2869 1709 2918 ἰδιότητος
1747 2870 1896 2908 ἄθλων.

1253 2925 1313 2977 10)
1338 2926 1445 2978 Περὶ
1472 2926 1619 2966 Ἡλίου
1647 2927 1842 2980 ἀγώνων.
1861 2930 1947 2968 Vid.
1972 2931 2018 2968 fr.
2042 2931 2215 2982 60‚b,et

1197 2985 1356 3022 fortasse
1371 2999 1417 3022 ex
1442 2985 1516 3023 hoc
1537 2986 1638 3024 libro
1655 2995 1851 3037 sumptum
1872 2996 1929 3025 est
1949 2990 2012 3035 60,
2032 3003 2067 3027 a.

1253 3057 1267 3079 1
1280 3045 1314 3092 1)
1361 3040 1622 3094 Πτολεμαῒς.
1649 3044 1796 3089 Verba,
1818 3058 1900 3094 quae
1918 3059 1965 3083 ex
1979 3048 2215 3088 Ptolemaide

1195 3101 1234 3139 in
1249 3101 1295 3138 fr.
1316 3101 1364 3137 38
1383 3110 1611 3151 supersunt,
1626 3102 1778 3153 poetica
1799 3111 1886 3140 sunt
1905 3119 1914 3141 :
1930 3104 2029 3143 unde
2055 3107 2213 3146 Siebelis

1196 3167 1299 3198 recte
1322 3159 1496 3210 collegit,
1519 3161 1592 3198 hoc
1609 3174 1706 3211 opus
1728 3160 1844 3198 fuisse
1867 3175 2032 3201 carmen.

1255 3220 1314 3270 12)
1343 3218 1545 3258 Ἀττικαὶ
1572 3219 1725 3265 λέξεις.
1746 3219 2024 3273 Vid.fragmm.
2057 3224 2119 3270 53,
2147 3224 2209 3272 54,

1198 3277 1259 3315 55.
1280 3278 1425 3317 Natalis
1444 3281 1579 3316 Comes
1597 3273 1651 3326 V,
1681 3293 1717 3328 2,
1740 3281 1868 3319 laudat
1886 3282 1972 3319 Istri
2004 3282 2144 3320 librum
2164 3284 2210 3322 de

1201 3341 1338 3374 coronis
1358 3351 1369 3373 :
1400 3337 1466 3375 sed
1487 3351 1603 3387 quum
1634 3338 1746 3389 hujus
1774 3341 1940 3377 auctoris
1972 3343 2210 3381 consuetudo
