2320 3684
156 181 205 212 (58
334 152 336 154 ’
931 186 1210 228 HELLANICI
1237 190 1568 233 FRAGMENTA.

645 273 729 311 161.

211 331 394 382 stephan.
418 335 505 381 Byz.
523 346 531 367 :
553 329 740 383 Τυρέδιζα,
762 329 863 374 πόλις
879 330 1037 384 Θρᾴκης,
1103 332 1186 372 Ἓλ-

154 388 295 434 λάνικος
327 390 362 427 δὲ
403 388 596 442 Τυρόδιζαν
632 387 741 436 αὐτήν
778 404 898 443 φησιν,
935 391 970 428 ἐν
1000 392 1184 446 Περσικῶν

155 447 318 501 δευτέρῳ.

632 506 719 546 162.

208 564 515 615 Harpocration:
533 562 695 618 Στρέψα,
778 563 881 609 πόλις
904 566 978 605 ἐστι
999 569 1062 614 τῆς
1078 566 1183 621 Θρᾴ-

153 638 234 669 κης,
252 624 298 666 ὡς
315 621 521 665 Ἑλλάνικος
541 623 576 659 ἐν
601 621 750 677 δευτέρῳ
768 624 952 677 Περσικῶν
974 625 1178 676 ὖποσημαί-

152 696 213 719 νει.

614 740 688 780 163
704 754 737 779 a.

205 799 381 837 Clemens
409 800 520 837 Alex.
540 802 682 839 Strom.
710 814 723 838 1
741 829 752 848 ,
773 813 811 851 p.
839 802 928 848 307,
948 804 1007 839 D:
1027 801 1180 855 Πρώτην

151 856 339 901 ἐπιστολὰς
359 857 525 903 συντάξαι
541 855 726 906 Ἄτοσσαν,
745 857 809 906 τὴν
828 861 977 912 Περσῶν
1009 859 1179 912 βασιλεύ-

151 932 278 966 σασαν,
300 916 404 970 φησὶν
424 916 645 963 Ἑλλάνικος.

599 976 670 1013 163
700 976 740 1014 1).

203 1038 431 1084 Anonymus
449 1034 497 1071 de
516 1035 742 1078 mulieribus
762 1049 848 1086 quae
865 1035 967 1074 bello
986 1035 1177 1074 inclarue—

150 1103 240 1132 runt
256 1094 311 1146 (in
334 1096 551 1132 Bibliotlaek
562 1097 632 1132 der
642 1099 745 1132 alten
762 1098 956 1133 Literatur
964 1099 1181 1133 undszst

148 1162 248 1203 part.
267 1155 497 1199 Vl,1nedita
517 1168 557 1205 p.
574 1155 620 1192 18
635 1154 721 1206 sq.):
738 1153 902 1194 Ἄτοσσα.
911 1154 1055 1202 Ταύτην
1072 1155 1177 1209 φησὶν

148 1211 356 1258 Ἑλλάνικος
388 1212 455 1252 ὑπὸ
490 1218 550 1252 τοῦ
574 1213 705 1267 πατρὸς
734 1213 924 1268 Ἀριάσπου
960 1216 1007 1258 ὡς
1052 1213 1178 1267 ἄῤῥενα

147 1277 338 1324 τραφεῖσαν
358 1271 580 1317 διαδέξασθαι
598 1271 661 1319 τὴν
685 1272 875 1324 βασιλείαν.
905 1271 1114 1325 Κρυὸοῧσαν
1141 1271 1178 1310 δὲ

146 1329 212 1377 τὴν
233 1332 302 1368 τῶν
327 1330 478 1382 γυναίων
499 1330 671 1377 ἐπίνοιαν,
694 1330 819 1384 τιάραν
839 1330 983 1385 πρώτην
1011 1330 1176 1384 φορέσαι·

146 1388 291 1442 πρώτην
322 1387 357 1427 δὲ
392 1388 452 1427 καὶ
485 1387 709 1443 ἀναξυρίδας,
733 1388 793 1428 καὶ
817 1388 882 1436 τὴν
910 1391 979 1427 τῶν
1003 1388 1176 1441 εὐνούχων

147 1447 338 1501 ὑπουργίαν
376 1450 500 1501 εὑρεῖν,
531 1447 592 1486 καὶ
624 1446 682 1485 διὰ
711 1447 840 1500 βίὸλων
876 1446 940 1492 τὰς
976 1447 1178 1501 ἀποκρίσεις

145 1509 330 1545 ποιεῖσθαι.
351 1506 473 1544 Πολλὰ
496 1505 532 1544 δὲ
550 1506 754 1551 ὑποτάξασα
777 1505 856 1553 ἔθνη
869 1537 879 1554 ,
901 1506 1176 1557 πολεμικωτάτη

146 1565 205 1604 καὶ
225 1564 452 1619 ἀνδρειοτάτη
471 1567 506 1603 ἐν
524 1565 630 1605 παντὶ
649 1564 742 1619 ἔργῳ
770 1564 917 1617 ἐγένετο.

622 1625 707 1663 164.

198 1683 326 1720 Schol.
349 1683 516 1732 AEschyl.
530 1686 631 1720 Pers.
650 1683 743 1730 775:
765 1682 883 1735 Κύρου
898 1681 934 1720 δὲ
948 1681 1018 1725 υἱὸς
1034 1685 1053 1720 ὁ
1066 1684 1177 1732 Καμ-

145 1739 275 1789 ὅύσης,
296 1741 441 1795 ἀδελφὸς
469 1740 527 1790 δὲ,
557 1741 648 1780 κατὰ
672 1740 900 1788 Ἑλλάνικον,
922 1740 1088 1795 Μαρφίου
1117 1740 1176 1778 καὶ

145 1799 339 1853 Μέμφιδος.

618 1861 704 1898 165.

201 1918 362 1955 Photius
386 1918 483 1957 Cod.
508 1931 570 1965 72,
588 1931 627 1968 p.
658 1919 722 1964 64,
751 1918 793 1955 18
817 1917 871 1969 (p.
904 1918 952 1962 43
980 1916 1111 1968 Bekk.)
1135 1918 1174 1954 in

143 1977 305 2014 Persicis
325 1977 481 2015 Ctesiae:
501 1974 572 2015 Καὶ
589 1975 746 2028 περὶτοῦ
766 1975 940 2028 θάψαντος
963 1975 1021 2013 τὸν
1039 1974 1176 2028 πατέρα

143 2034 201 2073 διὰ
229 2039 291 2073 τοῦ
307 2035 413 2089 πυρὸς
427 2034 524 2088 παρὰ
546 2034 605 2073 τὸν
618 2034 738 2086 νόμον,
755 2034 790 2080 ἐξ
804 2029 844 2073 οὗ
857 2034 917 2074 καὶ
931 2034 1075 2087 ἔλεγχος
1090 2034 1177 2074 Ἓλ-

142 2093 287 2132 λανίκου
315 2093 374 2132 καὶ
391 2093 598 2148 Ἡροδότου,
617 2095 664 2137 ὡς
679 2092 874 2146 ψεύδονται.

625 2153 712 2191 166.

197 2212 326 2250 Schol.
356 2212 526 2262 AEschyl.
554 2215 660 2250 Pers.
698 2225 800 2261 719:
825 2209 1011 2261 Ἡρόδοτος
1041 2208 1071 2255 ζ’
1089 2209 1175 2264 φησὶ

142 2269 290 2323 Δαρείου
308 2271 436 2314 παῖδας
464 2264 564 2309 εἶναι·
586 2269 794 2314 Ἑλλάνικος
814 2269 850 2308 δὲ
875 2268 934 2307 ια’.

185 2438 351 2480 Tyrodiza,
372 2438 450 2471 urbs
464 2388 629 2471 Thraciae.¹
638 2388 682 2462 ΕΙ
692 2438 877 2471 Hellanicus
892 2447 969 2470 vero
981 2437 1171 2479 Tyrodizam

141 2495 213 2518 eam
226 2488 321 2517 vocat
339 2486 370 2517 in
387 2486 590 2518 Persicorum
609 2486 763 2518 secundo.

669 2553 705 2585 2.

185 2606 313 2645 Strepsa
324 2606 373 2636 cst
385 2604 499 2637 civitas
509 2553 666 2643 Thracia?
678 2605 716 2636 ut
731 2603 917 2636 Hellanicus
929 2603 1012 2635 libro
1028 2602 1171 2634 secundo

143 2652 344 2683 Persicorum
361 2651 475 2683 innuit.

602 2706 674 2738 163
691 2713 724 2736 a.

183 2759 326 2790 Primam
357 2758 524 2800 scripsisse
545 2757 696 2799 epistolas
731 2758 880 2789 Atossam
917 2757 1089 2788 Persarum
1126 2763 1172 2786 re·

141 2804 260 2845 ginam,
277 2805 356 2837 dicit
377 2804 572 2837 Hellanicus.

593 2862 665 2897 163
687 2856 725 2895 b.

185 2917 335 2947 Atossam
363 2915 513 2954 (Belochi
527 2937 538 2953 ‚
563 2917 655 2956 reqis
677 2915 896 2955 Assyriorum
910 2933 921 2948 ,
945 2914 988 2944 ut
1009 2911 1148 2944 videtur
1161 2936 1170 2952 ,

135 2961 271 3001 filiam)
292 2962 477 2995 Hellanicus
493 2963 574 2995 dicit
591 2962 633 2994 ab
649 2962 784 3002 Ariaspa
805 2962 894 3002 patre
916 2961 1070 3000 tanquam
1095 2968 1171 2999 pue-

145 3017 218 3039 rum
247 3009 416 3041 educatam
438 3010 557 3051 regiam
578 3009 760 3050 suscepisse
781 3007 980 3048 dignitatem.
1004 3004 1171 3037 occultan-

145 3055 210 3084 tem
233 3063 310 3086 vero
332 3056 450 3096 quibus
473 3057 594 3089 semina
609 3055 739 3097 agnosci
762 3054 890 3096 posset,
913 3052 1051 3094 primam
1075 3054 1172 3092 caput

145 3100 265 3130 texisse
283 3102 379 3140 tiara,
403 3102 535 3135 braccas
551 3103 712 3135 invenisse
735 3104 768 3134 et
788 3100 1009 3133 eunuchorum
1032 3098 1171 3130 ministe-

146 3154 231 3176 rium
255 3149 286 3178 et
308 3157 363 3187 per
381 3149 535 3188 epistolas
557 3149 685 3181 dedisse
707 3156 872 3189 responsa.
896 3146 1017 3179 Multos
1045 3145 1171 3185 subegit

147 3192 294 3232 populos,
319 3194 454 3234 ideoque
475 3195 720 3227 bellicosissima
733 3197 766 3227 et
781 3193 956 3226 fortissima
971 3193 1004 3224 in
1019 3191 1171 3224 omnibus

147 3238 242 3270 rebus
255 3240 410 3279 apparuit.

617 3294 702 3327 164.

187 3343 264 3384 Cyri
277 3343 361 3375 filius
374 3344 562 3385 Cambyses,
580 3348 611 3376 et
626 3346 779 3378 referente
792 3345 966 3386 Hellanico‚
983 3345 1079 3376 frater
1091 3346 1170 3376 Mar-

146 3389 215 3430 phii
226 3391 259 3422 et
275 3389 477 3430 Memphidis.

1715 283 1799 322 167.

1296 346 1426 386 801101.
1445 348 1612 398 AEschyl.
1639 351 1741 386 Pers.
1762 350 1857 399 778:
1881 349 2125 406 Ἀρταφρένης]
2148 355 2267 397 τοῦτον

1243 401 1449 449 Ἑλλάνικος
1467 405 1650 459 Δαφέρνην
1665 408 1775 446 καλεῖ.

1720 477 1805 516 168.

1294 545 1425 596 Steph.
1447 549 1557 596 Byz.:
1576 546 1689 600 Ἄρια,
1709 549 1867 594 θηλυκῶς
1879 548 1939 586 καὶ
1951 549 2155 604 οὐδετέρως,
2171 553 2266 606 Περ-

1240 601 1321 649 σικὴ
1335 602 1451 657 χώρα,
1470 606 1516 647 ὡς
1529 603 1744 650 Ἑλλάνικος.
1762 605 1815 645 Τὸ
1828 606 1959 645 ἐθνικὸν
1970 606 2007 646 Ἄ
2014 623 2094 652 οιοι,
2107 611 2155 653 ὣς
2166 609 2266 653 αὐτός

1240 675 1340 713 φησι,
1358 662 1417 701 καὶ
1439 662 1576 716 Ἀριεύς.

1721 727 1806 766 169.

1294 799 1471 833 Donatus
1491 796 1538 834 ad
1555 800 1712 837 Terent.
1737 802 1833 836 Eun.
1858 812 1891 847 1,
1908 813 1945 847 2,
1967 800 2015 847 87
2033 814 2042 836 ε
2061 802 2267 839 Eunuchos

1238 867 1263 890 a
1281 855 1409 891 Persis
1425 857 1615 893 institutos
1631 865 1776 905 putant
1788 871 1838 894 ex
1853 859 2024 907 captivis,
2042 862 2078 895 A
2102 859 2265 909 Babylo-

1238 914 1316 950 niis
1331 915 1430 950 em'm
1452 915 1676 952 Hellanicus
1687 925 1823 952 auctor
1837 924 1894 952 est
1909 918 1951 953 id
1963 916 2150 956 habuisse.

1638 1050 1876 1089 ΣΚΥΘΙΚΑ.

1715 1124 1801 1162 170.

1291 1193 1426 1244 Steph.
1452 1195 1541 1244 Byz.
1561 1209 1569 1231 ε
1589 1193 1789 1246 Ἀμάδοκοι,
1808 1195 1980 1235 Σκυθικὸν
2000 1195 2093 1241 ἔθνος
2106 1213 2113 1221 ·
2135 1196 2266 1236 Ἑλλά-

1237 1266 1332 1294 νικος
1349 1253 1384 1289 ἐν
1403 1253 1597 1296 Σκυθικοῖς.

1707 1318 1793 1358 171.

1291 1385 1424 1436 Steph.
1451 1388 1540 1435 Byz.
1555 1399 1563 1422 ε
1577 1384 1775 1438 Ἀμύργιον,
1798 1386 1914 1425 πεδίον
1936 1389 2080 1428 Σακῶν·
2098 1388 2266 1429 Ἑλλάνι-

1236 1458 1293 1487 κος
1318 1443 1480 1487 Σκύθαις.
1510 1443 1564 1483 Τὸ
1586 1442 1718 1482 ἓθνικὸν
1745 1444 1941 1499 Ἀμόργιος,
1959 1448 2007 1491 ὥς
2025 1446 2126 1492 αὐτός
2147 1464 2265 1503 φησιν.

1236 1520 1251 1537 «
1269 1507 1379 1542 Η11110
1411 1503 1538 1541 10011111
1578 1504 1654 1542 11110
1688 1505 1832 1542 referre
1863 1519 1941 1543 non
1967 1506 2155 1546 dubitavi.
2183 1509 2265 1546 Etsi

1235 1563 1336 1600 enim
1384 1563 1498 1600 lectio
1537 1562 1711 1600 nondum
1751 1564 1842 1601 satis
1888 1573 1993 1603 certa
2029 1574 2108 1614 est,
2143 1579 2263 1617 quum

1236 1621 1441 1671 Xylander
1464 1622 1558 1659 velit
1578 1623 1764 1665 Σκυθικοῖς
1784 1622 1922 1674 legere,
1942 1625 2099 1663 Salmas.
2115 1638 2210 1663 vero
2226 1635 2264 1664 et

1236 1681 1300 1718 alii
1321 1682 1466 1719 Σκυθῶν
1483 1695 1492 1717 :
1511 1689 1637 1718 tamen
1660 1681 1739 1718 sive
1770 1681 1884 1729 hanc,
1905 1682 1986 1721 sive
2008 1684 2112 1721 illam
2135 1698 2263 1723 emen-

1235 1739 1429 1776 dationem
1448 1739 1652 1790 receperis,
1668 1739 1749 1777 sive
1773 1740 1938 1791 denique
1957 1741 2129 1780 dativum
2155 1744 2263 1782 illum

1235 1797 1387 1841 Σκύθαις
1415 1798 1585 1849 pendere
1602 1798 1747 1836 dixeris
1768 1812 1803 1837 v.
1829 1812 1861 1837 c.
1894 1813 1915 1837 a
1935 1799 2058 1838 verbo
2079 1801 2264 1849 ἀνατίθησι

1235 1871 1264 1895 s.
1286 1856 1508 1910 προστίθησι,
1530 1857 1590 1894 vel
1608 1870 1680 1907 pro
1700 1858 1735 1895 ἐν
1759 1856 1914 1901 Σκύθαις
1932 1860 2139 1910 acceperis,
2163 1860 2200 1898 h.
2229 1874 2263 1900 e.

1235 1929 1282 1954 eo
1310 1915 1500 1954 librorum
1523 1929 1683 1954 suorum
1702 1916 1803 1964 loco,
1831 1916 1898 1954 ubi
1928 1917 1976 1955 de
1994 1919 2147 1969 Scythis
2166 1920 2262 1970 egit:

1234 1984 1363 2013 manet
1397 1975 1485 2022 hoc,
1522 1975 1762 2013 Hellanicum
1794 1975 2009 2026 putandum
2043 1990 2125 2015 esse
2154 1978 2263 2015 illum

1233 2046 1415 2085 campum
1434 2045 1753 2072 commemorasse
1762 2034 1802 2071 in
1818 2034 2018 2084 Scythicis.
2033 2039 2132 2075 Nam
2147 2037 2263 2074 etiam

1234 2092 1339 2145 apud
1354 2091 1539 2130 Herodot.
1552 2096 1638 2141 VII,
1651 2094 1716 2140 64,
1731 2093 1915 2131 dicuntur
1932 2092 2067 2134 Σκύθαι
2083 2093 2263 2148 Ἀμύργιοι

1234 2153 1360 2190 vocati
1381 2165 1462 2190 esse
1486 2151 1617 2191 Σάκαι.
1650 2153 1754 2200 Quin
1786 2155 1911 2191 Persae
1939 2154 2101 2204 Scythas
2129 2169 2263 2195 omnes

1233 2209 1426 2248 vocabant
1445 2213 1573 2257 Sacas,
1594 2219 1637 2248 ut
1649 2210 1748 2249 bene
1763 2219 1800 2249 et
1820 2219 1910 2262 apte
1927 2211 1976 2249 ad
1993 2225 2073 2250 rem
2090 2221 2260 2251 nostram

1234 2269 1352 2307 tradit
1373 2269 1518 2308 ibidem
1538 2270 1801 2309 Herodotus.»
1830 2271 1949 2308 Sturz.

1275 2437 1396 2470 Mentio
1422 2436 1458 2469 fit
1479 2437 1577 2469 etiam
1601 2380 1794 2478 Cambgrgisr),
1814 2437 1914 2478 patris
1933 2438 2070 2471 cadaver
2090 2441 2202 2471 contra
2219 2439 2261 2471 le-

1233 2493 1304 2525 gem
1318 2484 1450 2515 cremari
1467 2483 1629 2524 Jubentis;
1652 2484 1740 2516 unde
1758 2483 1855 2515 etiam
1871 2484 2056 2517 Hellanicus
2069 2486 2102 2518 et
2117 2486 2259 2518 Herodo-

1231 2533 1284 2563 tus
1297 2530 1453 2562 mendacii
1469 2533 1656 2571 arguuntur.

1708 2583 1723 2616 1
1733 2584 1798 2617 66.

1231 2635 1458 2711 ΠἨει-οᾱοωε.
1488 2635 1567 2667 dicit
1601 2637 1740 2677 septem,
1776 2635 1962 2668 Hellanicus
1993 2635 2142 2668 undecim
2172 2636 2259 2668 Darii

1243 2689 1313 2712 iios
1328 2689 1409 2713 esse.

1274 2779 1495 2820 Artaphrenen
1530 2783 1644 2818 (unum
1660 2790 1678 2812 e
1707 2731 1829 2822 giem
1845 2781 1942 2822 viris,
1959 2781 2016 2823 qui
2028 2782 2257 2815 Pseudosmer-

1231 2827 1286 2858 din
1299 2826 1536 2868 interfecerunt)
1553 2827 1736 2860 Hellanicus
1757 2829 1950 2870 Daphernen
1965 2831 2069 2861 vocat.

1704 2881 1750 2913 16
1783 2906 1791 2914 .

1273 2930 1369 2969 Aria,
1385 2930 1531 2963 seminini
1545 2931 1597 2964 vel
1614 2883 1922 2972 neutriusggeneris,
1947 2932 2032 2973 regio
2056 2935 2203 2973 Persica,
2220 2935 2256 2964 ut

1231 2978 1275 3008 ait
1287 2976 1483 3009 Hellanicus.
1506 2977 1633 3010 Gentile
1642 2977 1710 3009 Arii
1721 3001 1730 3017 ‚
1747 2981 1784 3009 nt
1798 2978 1885 3010 idem
1901 2978 1980 3010 dicit
1991 3002 2000 3017 ,
2018 2982 2050 3010 et
2066 2978 2191 3010 Arieus.

1691 3040 1815 3051 ψ-

1607 3044 1873 3116 ὃΟΫΤΗΙΟΑ.

1271 3193 1424 3225 Amadoci
1435 3216 1444 3233 ,
1466 3202 1543 3234 gens
1559 3192 1707 3233 Scythica
1718 3217 1728 3233 ,
1745 3193 1837 3232 cujus
1859 3191 2005 3224 meminit
2019 3191 2204 3225 Hellanicus
2217 3193 2249 3225 in

1229 3240 1396 3281 Scythicis.

1700 3288 1715 3319 1
1725 3288 1744 3319 7
1754 3288 1768 3320 1
1778 3310 1786 3318 .

1268 3339 1472 3380 Amyigium,
1491 3341 1641 3371 Sacarum
1670 3347 1814 3379 campus.
1833 3338 2020 3371 Hellanicus
2035 3338 2068 3370 in
2081 3336 2247 3381 scythicis.

1230 3387 1355 3420 Gentile
1372 3386 1549 3427 Amyrgius,
1571 3388 1607 3416 ut
1625 3385 1720 3417 idem.
