2320 3684
134 227 208 264 360

137 308 246 347 δάλου
269 306 305 344 δὲ
326 305 438 358 πλοίῳ
455 303 620 358 φυγόντος
645 304 691 346 εἷς
717 301 877 349 Ἀθήνας,
901 301 1042 351 Μίνως,
1070 302 1168 358 παρὰ

135 365 180 406 τὰ
198 357 358 417 δόγματα
383 368 533 417 μακραῖς
551 361 653 400 ναυσὶ
673 358 855 409 διώκων,ε
842 360 910 399 υπὸ
928 363 1102 414 χειμῶνος
1121 364 1168 406 εἷς

138 424 302 465 Σικελίαν
320 421 502 474 ἀπηνέχθη
514 451 524 469 ,
535 417 861 472 κάκεῖκατέστρεψε
877 418 936 457 τὸν
959 419 1045 471 βίον.
1064 420 1167 460 Ἐπεὶ

137 484 174 523 83
193 482 395 523 Δευκαλίων
410 484 428 519 ὃ
441 480 511 524 υἱὸς
528 480 651 527 αὐτοῦ,
672 476 902 529 πολεμικῶς”
883 493 974 530 εχων
968 479 1077 549 w·ttpbs
1089 480 1168 525 τους

137 539 382 589 Ἀθηναίους,”
364 541 516 592 επεμψεν
529 536 701 575 ἐκδιδόναι
712 537 885 576 Δαίδαλον
898 538 994 592 αὔτῷ
1004 538 1167 589 κελεύων,

135 601 158 648 ἢ
175 617 253 644 τους
280 600 407 641 παῖδας
434 599 635 635 ἀποκτενεῖν
657 597 824 645 ἀπειλῶν,
854 597 912 642 οὓς
928 596 1052 636 ἔλαὸεν
1074 598 1168 650 δμή-

137 675 214 713 ρους
231 661 249 697 ὃ
264 657 400 699 Μίνως·
411 654 524 707 τούτῳ
539 653 583 706 μὲ
568 670 602 693 ν
618 654 830 708 ἀπεκρίνατο
839 655 960 710 πράως
979 659 997 694 ὁ
1015 656 1167 706 Θησευς,

135 714 410 770 παραιτούμενος
430 713 568 766 ἀνεψιὸν
594 712 678 752 ὄντα
697 713 885 763 Δαίδαλον,
905 714 1056 768 κάκείνῳ
1078 715 1169 754 κατὰ

135 775 233 827 γένος
253 772 497 828 προσήκοντα,
523 771 654 826 μητρὸς
673 771 758 811 ὄντα
782 772 951 827 Μερόπης
974 789 1038 820 της
1065 774 1169 827 Ἐρε-

134 832 247 887 χθέως
259 863 269 881 ,
301 831 402 874 αὐτὸς
439 830 475 869 δὲ
503 831 684 884 ναυπηγία
709 831 921 881 ἐπεὸάλετο,
955 834 998 884 τῇ
1034 831 1114 903 μὲνΝ
1132 834 1168 871 ἐν

135 891 375 942 Θυμαιταδῶν
398 887 539 938 αὐτόθι,
561 889 699 944 μακρὰν
719 893 782 938 τῆς
800 889 933 938 ξενικῆς
952 891 1031 929 ὁδοῦ
1043 920 1053 938 ,
1069 893 1114 944 τῇ
1133 890 1169 930 δὲ

137 949 194 988 διὰ
247 948 407 993 Πιτθέως
445 950 480 987 ἐν
500 950 533 988 T
538 950 668 1002 ροιζηνι
682 979 693 998 ,
734 948 940 1001 βουλόμενος
973 950 1168 989 λανθάνειν.

136 1008 340 1060 Γενομένων
359 1007 395 1046 83
414 1006 579 1059 ἑτοίμων,
607 1006 810 1055 ἐξέπλευσε,
834 1006 893 1047 τόν
927 1024 966 1046 τε
993 1008 1168 1048 Δαίδαλον

138 1068 229 1121 ἔχων
248 1067 308 1106 καὶ
329 1067 518 1121 φυγάδας’
503 1082 544 1105 εκ
568 1066 711 1120 Κρήτης
743 1066 1004 1141 καθηγεμόνας,
1037 1067 1171 1112 οὐδενὸς

136 1128 172 1165 δε
159 1124 407 1182 προειδότος,
424 1125 516 1165 ἀλλὰ
527 1140 610 1169 ναυς
622 1125 737 1180 φιλίας
750 1125 918 1177 οἰομένων
934 1128 1004 1165 τῶν
1019 1128 1169 1179 Κρητῶν

135 1185 408 1239 προσφέρεσθαι,
441 1199 502 1223 του
533 1182 674 1235 λιμένος
707 1183 909 1238 κρατήσας,
942 1183 1002 1223 καὶ
1033 1184 1171 1230 ἄποδας

137 1243 284 1295 ἔφθασεν
312 1243 359 1286 εἰς
388 1241 451 1289 τὴν
481 1241 650 1280 Κνωσσὸν
674 1241 871 1295 παρελθὼν,
893 1242 954 1280 καὶ
985 1242 1105 1294 μάχην
1134 1245 1170 1282 ἐν

137 1301 264 1345 πύλαις
281 1305 343 1339 τοῦ
362 1299 581 1354 Λαὸυρίνθου
602 1300 779 1354 συνάψας,
809 1300 991 1339 ἀπεκτεινε
1009 1301 1067 1339 τὸν
1085 1304 1173 1340 Δευ-

137 1359 295 1399 καλίωνα
314 1359 373 1398 καὶ
390 1358 469 1403 τους
497 1357 715 1413 δορυφόρους.
738 1359 802 1398 Ἔν
821 1358 857 1397 83
882 1365 953 1403 τοῖς
983 1359 1170 1414 πράγμασι

135 1421 199 1465 τῆς
228 1417 410 1472 Ἀριάδνης
436 1416 647 1469 γενομένης,
665 1417 897 1467 σπεισάμενος
931 1417 1017 1471 πρὸς
1048 1417 1171 1467 αὐτὴν,

135 1476 216 1520 τούς
231 1492 269 1516 τε
293 1475 430 1524 ἠϊθέους
450 1475 623 1524 ἀνέλαὸε,
650 1475 710 1514 καὶ
741 1475 857 1529 φιλίαν
885 1475 1076 1523 ἐποιήσατο
1099 1483 1170 1520 τοῖς

138 1535 332 1583 Ἀθηναίοις
358 1535 444 1588 πρὸς
467 1534 547 1578 τους
575 1536 738 1587 Κρῆτας,
771 1532 969 1586 ὀμόσαντας
996 1535 1173 1586 μηδέποτε

135 1593 292 1646 πολέμου
311 1592 532 1648 κατάρξειν.»

189 1654 379 1698 Reisffius,
398 1653 618 1704 Leopoldus
635 1661 673 1690 et
688 1655 880 1691 Huttenus
898 1667 971 1705 pro
988 1653 1062 1692 ὄντι
1084 1664 1173 1694 ante

139 1712 307 1766 Μερόπης
325 1712 443 1750 scribi
458 1710 703 1750 voluerunt*
682 1727 783 1750 οντα;
801 1712 868 1750 sed
891 1726 1009 1763 quum
1023 1713 1173 1768 κάκείνῳ

138 1771 187 1809 ad
203 1771 394 1808 Theseum
408 1769 542 1807 referri
561 1770 693 1820 possit,
711 1778 754 1806 ut
768 1779 898 1808 monet
913 1770 1174 1823 siebelis,1sta

138 1829 353 1867 emendatio
367 1842 446 1866 non
457 1836 515 1866 est
527 1828 748 1866 necessaria.

192 1934 419 1974 Plutarchus
450 1934 563 1972 Thes.
598 1947 628 1971 c.
639 1881 714 1970 626
749 1937 864 1986 Leop.
856 1964 880 1983 .,
913 1948 946 1973 c
979 1949 1025 1984 27
1062 1939 1172 1975 Hutt.

142 1994 292 2046 pergit:
311 1991 457 2046 Ἱστορεῖ
478 1991 514 2030 83
541 1992 765 2043 Κλείδημος,
790 1991 993 2046 εξακριὸοῧν
1019 1993 1064 2033 τὰ
1094 1996 1171 2033 καθ’

141 2053 275 2091 ἕκαστα
293 2050 518 2103 βουλόμενος,
537 2049 578 2089 τὸ
598 2050 662 2102 μὲν
682 2050 857 2102 εὐώνυμον
885 2054 954 2090 τῶν
972 2052 1170 2104 Ἀμαζόνων

141 2111 246 2164 κέρας
264 2109 481 2164 ἐπιστρέφειν
505 2109 590 2163 πρὸς
621 2109 661 2147 τὸ
686 2113 746 2148 νῦν
773 2109 988 2162 καλούμενον
1015 2111 1170 2163 Ἀμαζό-

140 2186 244 2218 νειον,
266 2171 317 2223 τῷ
335 2168 371 2207 δὲ
389 2168 487 2222 δεξιῶ
505 2169 590 2223 πρὸς
609 2167 672 2216 τὴν
693 2168 818 2208 Πνύκα
837 2168 928 2208 κατὰ
947 2169 1017 2218 τὴν
1026 2171 1172 2225 Χρύσαν

140 2229 252 2277 ἥκειν.
273 2208 463 2282 Μάχεσθαι
493 2228 530 2267 δὲ
555 2228 640 2283 πρὸς
663 2232 765 2267 τοῦτο
783 2228 863 2273 τους
883 2229 1082 2278 Ἀθηναίους
1105 2233 1174 2271 ἀπὸ

142 2347 206 2371 noa
219 2361 228 2377 ‚
246 2337 301 2378 qui
322 2339 440 2379 praeter
455 2337 582 2369 decreta
597 2340 842 2378 persequeretur
865 2346 941 2370 eum
966 2338 1071 2380 longis
1087 2341 1176 2373 navi-

143 2385 218 2423 bus,
233 2385 266 2416 in
279 2384 419 2416 Siciliam
433 2386 622 2424 tempestate
634 2387 772 2424 ejectum
785 2384 862 2416 vitae
876 2385 921 2416 ibi
935 2385 1031 2418 finem
1048 2387 1175 2420 fecisse.

143 2434 320 2472 Postquam
343 2440 419 2463 vero
445 2431 530 2463 filius
555 2432 625 2471 eJ'us
663 2431 860 2471 Deucalion,
899 2432 1045 2465 infensus
1084 2435 1178 2466 Athe·

143 2478 323 2518 niensibus,
338 2487 394 2519 per
415 2478 534 2518 legatos
550 2477 622 2509 dedi
637 2477 698 2508 sibi
727 2477 969 2518 depoposcisset
988 2479 1176 2520 Daedalum,

143 2526 272 2566 alioqui,
283 2534 365 2566 quos
375 2525 552 2566 accepisset
567 2524 696 2563 obsides
713 2524 838 2564 Minos,
856 2534 973 2565 pue10s
995 2526 1178 2559 inter-fectu

143 2581 263 2604 runise
288 2572 504 2610 denuntians,
532 2570 645 2603 len-iter
669 2571 698 2602 ei
726 2571 931 2611 respondisse
946 2571 1086 2612 Thesea,
1107 2581 1177 2604 eam

143 2620 333 2651 afferentem
355 2594 600 2650 excusationem
628 2617 714 2657 quod
745 2617 961 2649 consobrinus
990 2627 1069 2650 suus
1094 2624 1179 2651 esset

144 2666 296 2698 Daedalus
309 2667 341 2697 et
353 2665 509 2706 sanguine
521 2666 667 2705 junctus,
684 2664 776 2704 qu‘us
790 2665 875 2696 esset
887 2667 990 2696 mater
1003 2665 1178 2697 Erechthei

144 2713 210 2745 filia
250 2715 392 2753 Mer30pe
413 2711 470 2744 sed
494 2711 654 2743 aedificare
675 2711 856 2743 instituisse
880 2711 1022 2751 classes,
1043 2712 1176 2744 alteram

144 2761 177 2792 in
205 2759 491 2801 Thymaetadarum
537 2758 632 2790 demo
662 2757 783 2789 ibidem
810 2758 922 2798 procul
949 2758 1003 2790 via
1029 2758 1176 2799 publica,

145 2808 277 2839 alteram
301 2815 359 2847 per
382 2806 511 2838 Pitthea
537 2807 708 2845 Troezeue‚
724 2813 790 2846 quo
809 2813 876 2837 rem
897 2805 1057 2838 occultam
1073 2805 1176 2838 habe—

146 2854 205 2885 ret.
245 2852 406 2884 Omnibus
431 2851 627 2892 comparatis
648 2860 723 2883 eum
755 2851 910 2890 solvisse,
944 2851 1178 2893 Daedalumque

147 2901 181 2931 et
196 2900 306 2931 exules
323 2901 494 2931 Cretenses
513 2907 625 2931 secum
648 2897 789 2931 traxisse
813 2898 931 2938 duces,
951 2899 1050 2939 atque
1068 2907 1177 2939 exspe-

148 2947 258 2977 ctante
274 2947 413 2986 nemine,
430 2946 489 2978 sed
507 2954 607 2978 naves
625 2946 756 2987 pacatas
777 2945 1009 2977 arbitrantibus
1027 2945 1177 2977 advenire

147 2993 357 3024 Cretensibus
376 3017 385 3033 ,
405 2996 535 3034 portum
558 2993 798 3034 occupavisse,
823 2994 856 3025 et
871 2992 1078 3024 descensione
1093 2992 1177 3024 sacta

149 3039 353 3071 contendisse
366 3048 465 3071 cursu
482 3042 661 3079 Gnossum,
677 3039 875 3081 praelioque
866 3048 899 3070 ιιι
912 3041 1006 3080 porta
1020 3038 1176 3079 Labyrin-

149 3084 195 3114 thi
221 3087 390 3125 conserto,
418 3087 646 3119 Deucalionem
670 3095 746 3118 cum
770 3085 962 3118 satellitibus
987 3086 1174 3118 confecisse.

150 3131 259 3167 Quum
284 3140 363 3164 vero
382 3133 470 3173 regni
498 3133 762 3174 procurationem
791 3133 986 3174 suscepisset
1013 3132 1174 3172 Ariadna,

151 3177 270 3209 foedere
285 3186 359 3209 cum
376 3188 413 3211 ea
431 3180 508 3219 icto,
523 3181 706 3221 impuberes
719 3189 794 3213 eum
809 3180 978 3234 recepisse,
990 3179 1177 3212 amicitiam-

150 3232 215 3264 que
231 3232 306 3256 cum
323 3204 572 3259 Atheniensibus
591 3230 760 3260 Cretenses
773 3227 931 3268 Junxisse,
944 3227 1080 3268 juratos,
1094 3235 1176 3259 nun-

151 3278 248 3311 quam
262 3274 298 3303 se
311 3270 430 3303 bellum
450 3281 524 3304 cum
540 3273 578 3305 iis
599 3274 830 3306 commissuros
844 3282 925 3306 esse.

645 3327 682 3359 6.

193 3377 311 3410 Scribit
327 3377 502 3417 Clidemus,
517 3379 640 3420 singula
652 3381 786 3420 exsequi
800 3381 838 3412 ad
854 3389 994 3421 unguem
1009 3379 1172 3415 laborans,

154 3425 322 3458 sinistrum
342 3427 541 3457 Amazonum
562 3434 663 3458 cornu
679 3427 720 3458 ad
736 3428 933 3460 Amazonion
954 3427 1005 3468 (ut
1018 3435 1106 3459 nunc
1119 3434 1175 3458 vo·

864 217 1148 260 CLITODEMI
1176 219 1507 260 FRAGMENTA.

1219 308 1281 343 τοῦ
1298 306 1473 345 Μουσείου
1485 311 1563 350 ταῖς
1579 305 1747 357 Ἀμαζόσι
1764 305 2026 380 συμπεσόντας·
2043 308 2103 347 καὶ
2119 309 2248 364 τάφους

1221 365 1293 402 τῶν
1306 364 1484 404 πεσόντων
1501 365 1581 419 περὶ
1603 364 1667 412 τὴν
1685 365 1855 404 πλατεῖαν
1885 358 1973 404 ειναι
1989 365 2053 414 τὴν
2073 367 2244 422 φέρουσαν

1220 421 1278 460 ἐπὶ
1295 422 1357 467 τὰς
1376 422 1489 467 πύλας
1509 421 1606 477 παρὰ
1632 422 1672 462 τὸ
1700 422 1951 467 Χαλκώδοντος
1974 427 2103 478 ἡρῷον,
2123 426 2163 471 ἃς
2185 443 2246 466 νυν

1222 482 1411 534 Πειραϊκὰς
1428 481 1648 533 ὀνομάζουσι.
1678 481 1751 521 Καὶ
1779 480 1890 535 ταύτῃ
1924 482 1987 533 μὲν
2021 483 2250 532 ἐκδιασθῆναι

1221 537 1327 593 μέχρι
1342 542 1412 578 τῶν
1433 541 1648 591 Εὐμενίδων,
1669 540 1759 579 καὶ“
1746 543 1977 595 υποχωρῆσαι
1992 547 2068 586 ταῖς
2080 542 2247 594 γυναιξίν·

1222 597 1291 636 ἀπὸ
1317 597 1353 636 δὲ
1373 598 1578 637 Παλλαδίου
1596 598 1658 638 καὶ
1679 599 1864 652 Ἀρδηττοῦ
1878 615 1939 638 και
1962 600 2112 639 Λυκείου
2135 616 2250 655 προσ-

1222 655 1394 702 ὅαλόντας
1413 656 1573 695 ὤσασθαι
1589 657 1629 697 τὸ
1648 656 1754 702 δεξιὸν
1783 659 1895 696 αὐτῶν
1917 656 2001 711 ἄχρι
2021 674 2082 697 του
2099 674 2251 714 στρατο·

1221 714 1327 753 πέδου
1341 746 1351 764 ,
1383 715 1443 754 καὶ
1477 715 1610 760 πολλὰς
1641 715 1867 756 καταὸαλεῖν.
1898 716 2069 770 Ἰετάρτῳ
2102 716 2140 756 δὲ
2166 718 2251 769 μηνὶ

1223 772 1394 820 συνθήκας
1419 773 1579 825 γενέσθαι
1608 775 1665 813 διὰ
1689 777 1751 821 τῆς
1773 773 2004 822 Ἱππολύτης·
2038 774 2252 823 Ἱππολύτην

1222 830 1290 886 γὰρ
1309 836 1406 876 οὗτος
1427 833 1590 884 ὀνομάζει
1617 832 1682 881 τὴν
1706 835 1756 886 τῷ
1784 834 1901 881 Θησεῖ
1929 837 2171 884 συνοικοῦσαν,
2190 836 2254 872 οὐκ

1224 889 1423 938 Ἀντιόπην.

1276 952 1364 987 Νοιι
1379 958 1436 987 est
1449 963 1518 987 cur
1531 949 1676 988 Reiskii
1688 949 1993 989 emendationem
2008 951 2254 1003 recipiamus,

1223 1007 1290 1058 qui
1312 1013 1447 1061 χρυσᾶν
1465 1007 1580 1056 Νίκην
1602 1022 1675 1059 pro
1689 1007 1874 1062 Xp6cczv⁰'
1851 1024 1947 1056 ηκειν
1977 1018 2016 1048 et
2040 1009 2199 1048 ὤσασθαι
2213 1008 2255 1048 τὸ

1224 1064 1331 1110 δεξιὸν
1350 1079 1422 1117 pro
1438 1067 1503 1104 ὠσ.
1520 1066 1592 1105 τὸε
1577 1065 1778 1118 εὖώνυμον;
1797 1067 1863 1105 sed
1893 1076 1996 1106 rec-te
2014 1068 2117 1106 idem
2139 1068 2254 1106 resti-

1226 1124 1343 1162 tuisse
1365 1124 1520 1163 videtur
1540 1125 1743 1162 articulum
1768 1124 1830 1169 τάς
1857 1135 1945 1177 post
1963 1126 2021 1165 ἐπὶ
2038 1125 2101 1170 τὰς
2130 1125 2257 1170 πύλας.

1278 1236 1514 1274 Constantin.
1549 1236 1795 1288 Porphyrog.
1834 1240 1892 1275 De
1922 1238 2077 1276 themat.
2115 1237 2184 1276 lib.
2217 1250 2257 1290 2,

1226 1294 1341 1333 them.
1361 1307 1397 1342 2,
1416 1294 1455 1331 in
1471 1295 1655 1344 Scriptor.
1670 1298 1760 1344 Byz.
1798 1297 1877 1334 vol.
1898 1296 1933 1344 5,
1956 1310 1994 1347 p.
2031 1310 2076 1344 17
2096 1297 2156 1334 ed.
2177 1299 2257 1335 Ve-

1227 1359 1339 1389 net.1
1351 1366 1449 1402 7:29
1464 1354 1615 1403 Λέγεται
1634 1352 1671 1390 δὲ
1689 1353 1748 1391 καὶ
1768 1353 1988 1398 Μακεδονίας
2006 1360 2111 1409 μοῖρα
2130 1356 2258 1394 Μακε-

1226 1408 1306 1457 τία,
1326 1410 1373 1452 ὡς
1394 1408 1566 1463 Μαρσύας
1593 1411 1628 1448 ἐν
1651 1409 1782 1464 πρώτῳ
1810 1413 2081 1452 Μακεδονικῶν·
2101 1443 2139 1455 ..,
2166 1412 2258 1452 ἀλλὰ

1226 1467 1286 1505 καὶ
1305 1466 1369 1514 τὴν
1386 1466 1470 1515 δ’λην
1493 1469 1715 1507 Μακεδονίαν
1734 1469 1916 1509 Μακετίαν
1938 1464 2027 1510 οιδεν
2044 1469 2259 1523 ὀνομαζομέ-

1226 1542 1290 1573 νην
1304 1525 1535 1578 Κλείδημος’
1520 1543 1555 1565 εν
1569 1526 1718 1581 πρώτοις
1746 1527 1915 1572 Ἀτθίδος·
1947 1546 1963 1564 α
1977 1529 2046 1568 Καὶ
2062 1529 2258 1583 ἐξῳκίσθη-

1227 1599 1291 1623 σαν
1309 1583 1373 1623 ὃπὲ
1358 1600 1396 1638 ρ
1423 1584 1482 1624 τὸν
1511 1585 1678 1638 Αἰγιαλὸν
1701 1584 1775 1624 ἄνω
1804 1589 1867 1634 τῆς
1889 1587 2109 1640 καλουμένης
2133 1591 2259 1628 Μακε-

1226 1643 1314 1687 τίας.
1327 1661 1343 1678 »
2027 1677 2035 1689 .

1281 1705 1484 1741 «Fortasse
1498 1703 1693 1742 Clidemus
1708 1705 1914 1756 scripserat
1931 1704 2007 1750 ἐξ.
1993 1722 2026 1744 υ.
2042 1722 2078 1744 τ.
2098 1707 2141 1744 A.
2159 1703 2262 1749 εἶςτὰ

1226 1761 1298 1799 ἄνω
1313 1770 1386 1799 etc.
1407 1769 1445 1798 et
1462 1760 1610 1799 dixerat
1628 1762 1676 1800 de
1692 1763 1757 1801 illa
1770 1764 1920 1801 colonia
1930 1777 2075 1814 ,quam
2097 1769 2259 1803 Pausan.

1226 1823 1274 1868 V,
1299 1834 1332 1868 ι,
1354 1821 1390 1868 3,
1413 1823 1588 1858 Paeonem
1607 1829 1738 1859 narrat
1747 1835 1794 1859 ex
1812 1822 1949 1860 Elide·
1939 1836 1979 1860 ιιι
1999 1823 2262 1862 Macedoniam

1227 1877 1407 1925 duxisse,
1424 1879 1486 1916 vel
1506 1879 1586 1917 de
1575 1879 1621 1916 1is
1636 1908 1646 1927 ‚
1665 1880 1733 1930 qui
1757 1893 1803 1918 ex
1822 1881 2011 1932 Argolide
2030 1895 2117 1919 cum
2141 1885 2262 1921 Cara-

1228 1950 1280 1974 no
1299 1937 1340 1974 in
1356 1937 1621 1976 Macedoniam
1639 1939 1890 1989 migrarunt.»
1909 1939 2074 1978 Siebelis.

1534 2056 1688 2095 LIBER
1725 2055 1959 2096 TERTIUS.

1281 2177 1410 2215 Photii
1423 2181 1537 2216 Lex..
1529 2120 1834 2232 ·Ναυκραρίῗι.·
1801 2177 1841 2216 τὸ
1859 2176 2026 2231 πρότερον
2046 2177 2155 2222 οὕτως
2176 2177 2263 2218 ἐκά-

1228 2235 1327 2284 λουν,
1359 2236 1567 2290 Ναυκραρία
1601 2236 1662 2275 και
1698 2235 1917 2290 Ναύκραρος.
1954 2236 2163 2290 Ναυκραρία
2197 2235 2262 2289 μὲν

1237 2344 1341 2384 catur)
1357 2344 1553 2386 declinasse,
1572 2345 1723 2377 dextrum
1743 2345 1923 2378 secundum
1938 2345 2097 2386 Chrysam
2118 2344 2160 2377 ad
2179 2346 2263 2387 Pny-

1234 2399 1303 2422 cem
1338 2392 1547 2432 pertinuisse.
1571 2393 1765 2426 conflixisse
1794 2401 1869 2424 cum
1897 2393 1959 2424 hoc
1985 2391 2217 2432 Athenifflises,
2243 2399 2264 2424 a

1235 2439 1350 2471 Museo
1377 2441 1607 2472 concurrentes
1630 2449 1706 2472 cum
1727 2439 1959 2472 Amazonibus.
1989 2439 2165 2480 Sepulchra
2192 2447 2264 2471 esse

1234 2493 1393 2518 caesorum
1409 2486 1443 2517 in
1457 2486 1562 2528 platea
1574 2511 1583 2527 ,
1601 2495 1675 2528 quae
1690 2487 1752 2519 l‘ert
1767 2487 1806 2518 ad
1828 2490 1955 2528 portam
1971 2486 2151 2519 secundum
2169 2485 2263 2519 Chal-

1234 2533 1383 2566 codontis
1406 2535 1543 2573 lanum,
1569 2543 1668 2575 quam
1696 2533 1852 2565 Piraicam
1880 2541 1968 2564 nunc
2010 2531 2190 2563 nominant.
2213 2529 2263 2564 Ibi

1234 2581 1444 2614 Athenienses
1455 2582 1566 2622 pulsos
1579 2582 1679 2614 fuisse
1691 2590 1795 2622 usque
1807 2581 1846 2612 ad
1862 2580 2079 2613 Eumenidum
2092 2580 2262 2621 templum,

1233 2630 1266 2660 et
1281 2631 1368 2669 terga
1398 2629 1526 2661 feminis
1547 2629 1686 2661 dedisse.
1711 2631 1737 2660 A
1753 2627 1895 2660 Palladio
1918 2636 1995 2660 vero
2024 2630 2057 2659 et
2077 2627 2211 2659 Ardetto
2231 2628 2264 2660 et

1233 2678 1340 2717 Lyceo
1359 2677 1504 2709 invectos
1520 2677 1682 2718 pepulisse
1698 2677 1848 2708 dextrum
1862 2684 1973 2708 earum
1988 2683 2087 2707 cornu
2103 2683 2207 2715 usque
2221 2674 2262 2707 ad

1233 2727 1338 2756 castra
1359 2724 1542 2764 multasque
1564 2724 1730 2756 stravisse.
1754 2723 1877 2760 Quarto
1893 2729 2005 2753 mense
2023 2721 2125 2753 ictum
2146 2721 2264 2763 Hippo-

1233 2770 1299 2811 lyta
1323 2771 1496 2811 interprete
1525 2770 1644 2802 soedus.
1670 2770 1880 2811 Hippolytam
1910 2767 1997 2800 enim
2013 2767 2066 2799 hic
2081 2776 2172 2808 eam,
2188 2776 2262 2809 quoe

1233 2826 1308 2849 cum
1328 2818 1452 2850 Theseo
1469 2817 1686 2857 consueverit,
1703 2825 1770 2848 non
1785 2815 1961 2856 Antiopam
1975 2814 2128 2855 appellat.

1729 2876 1766 2908 7.

1273 2935 1459 2977 Appellatur
1473 2934 1569 2966 etiam
1589 2933 1787 2966 Macedoniae
1802 2940 1877 2973 pars
1893 2930 2041 2969 Mac-etia,
2060 2931 2097 2961 ut
2111 2931 2256 2970 Marsyas

1231 2983 1314 3015 libro
1329 2982 1433 3023 primo
1448 2980 1742 3013 Μειοοᾶοιιίοοιιιιιιι
1764 2979 1827 3011 Sed
1842 2979 1940 3010 etiam
1961 2985 2090 3009 omnem
2109 2975 2259 3009 Macedo-

1231 3030 1319 3061 niam
1345 3027 1503 3069 appellare
1523 3026 1694 3059 Macetiam
1718 3024 1889 3058 consuevit
1913 3023 2103 3057 Clidemus
2094 3032 2127 3055 ιιι
2149 3022 2258 3064 priori·
2304 3050 2306 3052 .

1231 3077 1294 3110 hus
1320 3075 1412 3108 libris
1427 3074 1593 3107 Atthidis:
1610 3087 1626 3102 κ
1642 3076 1748 3114 Atque
1762 3073 1943 3113 migrarunt
1971 3080 2070 3113 supra
2097 3070 2257 3112 AEgialum

1231 3125 1265 3157 in
1281 3123 1479 3165 superiorem
1494 3123 1618 3163 partem
1632 3121 1813 3154 Macetiaea

1639 3193 1835 3208 -mQ—

1531 3243 1687 3284 LIBER
1715 3239 1949 3281 TERTIUS·

1723 3314 1760 3347 8.

1271 3377 1434 3409 Naucrar
1435 3374 1482 3406 ia.
1497 3372 1591 3405 Prius
1605 3370 1738 3403 nomina
1753 3369 1950 3401 naucraria
1962 3368 1995 3399 et
2009 3371 2208 3399 naucrarus
2219 3362 2253 3395 in
2291 3371 2297 3375 ·

1232 3433 1292 3456 usu
1308 3423 1410 3455 erant.
1434 3419 1608 3454 Naucraria
1630 3418 1716 3450 idem
1743 3416 1807 3449 tere
1831 3415 1917 3457 quod
1940 3411 2118 3455 symmoria
2137 3411 2172 3444 et
2199 3410 2252 3442 de-
