2320 3684
150 171 196 204 3⁷
201 171 224 203 0
867 159 1171 200 PHANODEMI
1199 159 1526 199 FRAGMENTA.

622 247 684 284 26,
1223 245 1377 297 scripsit
1395 245 1657 298 Ψαμμηδύχη;
1689 247 1826 284 Suidas
1853 249 1920 298 qui
1957 248 2243 287 Phanodemum

198 311 425 359 Harpocrat.
443 322 451 344 :
467 306 620 353 Ἑκάτης
635 308 755 353 ν’ῆσος,
770 306 968 358 Λυκοῦργος
985 303 1078 342 κατὰ
1097 304 1166 341 Με-
1223 317 1300 342 non
1319 306 1503 350 nominat,
1516 304 1700 356 Ψαμμίτη
1719 306 1890 354 exhibet,
1908 320 1979 357 pro
1995 307 2245 362 Ψαμμηδίχη,

147 367 351 419 νεσαίχμου.
373 365 446 419 Πρὸ
468 367 531 412 τῆς
545 363 663 411 Δήλου
692 362 804 401 κεῖταί
818 378 853 400 τι
869 360 1064 415 νησύδριον,
1079 360 1165 415 ὅπερ
1224 371 1262 400 et
1280 363 1464 414 Ψάμμιτα
1485 377 1556 415 pro
1570 363 1777 415 Ψάμμητα,
1793 386 1846 393 -
1861 365 2080 404 Monuimus
2100 367 2142 404 in
2163 364 2246 404 disss-

146 426 205 463 ὑπ’
223 425 321 463 ἐνίων
353 426 510 462 καλεῖται
530 420 785 473 Ψαμμητίχη,
819 423 866 464 ὡς
899 420 1112 472 Φανόδημος
1129 421 1165 459 ἐν
1224 429 1312 459 sert.
1329 422 1376 459 de
1389 422 1626 460 Phanodemi
1644 423 1808 473 scriptis,
1823 436 1901 460 non
1920 437 2013 473 esse,
2043 438 2112 462 cur
2144 425 2247 462 Pha—

146 483 268 536 πρώτῃ
289 484 487 530 Δηλιακῶν.
511 479 765 532 Ψαμμητίχην
796 478 832 518 δὲ
854 479 1045 526 κεκλῆσθαί
1061 495 1164 533 φησιν
1224 481 1406 519 nodicum
1424 494 1495 532 pro
1513 481 1762 519 Phanodemo
1777 482 1816 518 in
1835 482 1910 519 hoc
1931 483 2017 520 loco
2043 483 2248 521 suh‘stitua-

146 545 164 580 ὃ
184 541 305 591 Σημὸς
339 542 373 579 ἐν
398 543 441 592 τῇ
471 538 593 593 πρώτῃ
610 569 620 587 ,
643 538 699 577 διὰ
718 538 758 577 τὸ
776 545 845 582 τοῖς
864 538 1086 590 Ψαμμήτοις
1112 555 1166 577 τι-
1224 554 1308 578 mus
1321 548 1386 578 aut
1395 553 1479 578 cum
1495 539 1632 578 Siebeli
1646 540 1874 578 scribamus:
1946 539 2012 584 Ὡς
2024 539 2246 592 Φανόδημος·

147 604 278 653 μᾶσθαι
297 600 359 648 τὴν
377 599 463 638 θεόν.
475 599 671 651 Ψάμμητα
685 599 714 637 δ’
729 598 801 638 ἐστὶ
818 601 975 653 ψαιστῶν
991 615 1043 643 τις
1059 598 1146 637 ἰδέα.
1225 599 1260 636 ἐν
1280 598 1314 636 δὲ
1348 597 1471 651 πρώτῃ
1504 599 1592 645 Δηλ.
1613 600 1751 650 Ψαμμ.
1772 600 1869 637 κεκλ.
1886 599 1990 653 φησὶν
2007 602 2025 638 ὁ
2039 601 2161 651 Σῆμος
2191 597 2248 637 διὰ

199 661 438 700 Phavorinus
461 660 590 697 omisit
618 660 653 697 ἐν
676 658 799 711 πρώτῃ
819 666 907 697 ante
919 660 1104 706 Δηλιακῶν
1125 667 1164 696 et
1224 656 1264 696 τὸ
1281 663 1351 700 τοῖς
1368 656 1590 708 Ψαμμήτοις
1605 660 1772 708 τιμᾶσθαι
1785 656 1847 704 τὴν
1865 657 1954 696 θεόν.

625 769 688 802 23,
1229 763 1311 793 teste
1325 759 1531 803 Phanodemo
1546 760 1580 791 in
1601 760 1705 801 primo
1723 760 1948 792 Deliacorum:
1966 761 2127 802 huiusque
2148 761 2250 794 nomi·

190 819 326 850 mentes
338 816 453 848 insula.
466 818 634 857 Lycurgus
648 818 760 848 eontra
769 814 1052 848 Menesaechmum.
1068 814 1171 846 Parva
1229 807 1280 839 nis
1307 806 1461 839 rationem
1489 808 1603 838 semus
1629 806 1711 839 libro
1737 807 1842 848 primo
1867 808 1982 846 tradit,
2009 807 2097 849 quod
2129 809 2249 842 neom

149 868 222 898 ante
235 864 350 897 Delum
362 863 480 896 sitaoet
494 863 610 903 insula,
622 862 812 896 anounullis
825 862 1059 896 Psammetiche
1072 862 1169 902 dicta,
1229 853 1423 886 Psammetis
1438 852 1582 894 ⁶⁰l³²¹113
1602 854 1785 886 Psammeta
1799 853 1887 887 enim
1896 855 1974 887 sunt
1985 853 2041 887 151>i
2059 853 2192 895 ⁸905&-
