2320 3684
134 183 208 215 276

925 171 1115 211 EPHORI
1143 170 1470 210 FRAGMENTA.

135 264 331 317 Σιμωνίδου
343 267 402 302 τοῦ
420 266 564 310 ποιητοῦ
577 294 585 310 ,
603 261 650 306 ὥς
665 277 768 314 φησιν
789 259 861 313 ”cha
870 274 940 313 )ρος
961 260 994 297 ἐν
1013 258 1161 312 δευτέρῳ
1217 261 1356 296 inducit
1382 268 1534 308 septem,
1563 267 1638 295 octo
1665 266 1852 293 asseverat
1866 257 2010 302 Crates,
2041 259 2096 293 ad
2117 267 2243 295 emcre-

135 323 210 377 m-:pi
233 323 467 377 Εὑρημάτων,
494 320 638 375 φάσκων
661 319 721 358 καὶ
742 317 932 363 Φιλόξενον
961 317 1019 355 τὸν
1039 317 1162 364 Κυθή-
1216 330 1315 353 mum
1330 318 1510 353 Hesiodus
1527 328 1651 352 novem
1666 328 1747 351 cum
1765 313 1970 350 nominibus
1989 317 2111 353 tradit.

135 397 205 436 ριον
225 382 302 436 περὶ
319 381 364 420 τὰ
378 380 481 432 ὅμοια
500 378 760 418 ἐσπουδακέναι.

608 445 696 482 159.

187 511 326 549 Athen.
345 513 448 555 XIV,
467 523 504 560 p.
526 509 618 556 637,
639 512 690 547 B:
709 507 862 547 Φοίνικα
897 506 934 546 δὲ
958 507 997 546 τὸ
1019 507 1163 561 ὄργανον

135 567 286 623 Ἔφορος
315 568 376 607 καὶ
420 566 577 618 Σκάμων
617 569 652 607 ἐν
689 573 760 610 τοῖς
795 566 876 620 περὶ
925 565 1164 621 Εὑρημάτων,

136 628 202 666 ὑπὸ
222 628 399 668 Φοινίκων
419 626 606 680 εὓρηθέντα
622 626 752 675 ταύτης
770 632 887 680 τυχεῖν
909 629 972 674 τῆς
989 642 1167 680 προσηγο-

137 687 224 741 ρίας.

609 745 696 783 160.

191 805 399 842 Athenaeus
433 807 497 850 lv,
533 819 571 856 p.
611 806 698 852 182,
731 798 894 844 0:056oe
926 804 962 844 δὲ
993 805 1053 844 καὶ
1077 805 1168 843 ἄλλα

135 861 218 913 γένη
243 864 358 901 αὐλῶν
378 865 553 917 τραγικῶν
583 879 621 902 τε
648 863 708 903 καὶ
737 865 917 917 λυσιῳδῶν
950 864 1009 902 καὶ
1029 867 1167 917 κιθαρι-

137 921 302 975 στηρίων,
323 915 371 959 ὧν
394 922 668 974 μνημονεύουσιν
695 921 849 976 Ἔφορός
878 922 909 960 τ’
936 924 970 961 ἓν
992 929 1063 966 τοῖς
1094 925 1170 961 Εὖ·-

137 980 290 1034 ρήμασι,
326 982 387 1020 καὶ
414 981 610 1036 Εὐφράνωρ
638 984 657 1020 ὁ
686 982 927 1035 Πυθαγορικὸς
956 983 991 1021 ἐν
1015 984 1064 1035 τῷ
1089 982 1171 1023 περὶ

137 1041 264 1078 αὐλῶν.

619 1100 705 1138 161.

190 1159 328 1198 Suidas
346 1174 354 1197 :
376 1158 461 1198 Ἐπὶ
477 1156 520 1197 τὰ
550 1158 844 1212 Μανδροὸούλου·
863 1160 921 1198 ἐπὶ
947 1160 1017 1199 τῶν
1051 1160 1099 1202 εἷς
1128 1157 1172 1196 τὰ

136 1217 278 1271 χείρονα
296 1217 532 1271 τρεπομένων,
559 1218 628 1256 ἀπὸ
652 1218 925 1272 Μανδροὸούλου
950 1217 1041 1262 τινὸς
1066 1217 1106 1256 τὸ
1136 1218 1171 1254 ἐν

139 1276 255 1330 Σάμῳ
270 1277 462 1330 γεωφάνιον
479 1276 647 1330 εὑρόντος,
662 1278 722 1316 καὶ
740 1281 879 1331 πρῶτον
892 1277 954 1330 μὲν
973 1277 1068 1331 κριὸν
1082 1292 1172 1330 χρυ-

136 1339 217 1374 σοῦν
246 1334 453 1383 ἀναθέντος,
487 1334 608 1374 ἔπειτα
645 1338 832 1389 ἀργυροῦν,
864 1336 987 1374 ἔπειτα
1018 1336 1172 1387 χαλκοῦν

138 1393 307 1432 ἐλάττονα
317 1424 327 1442 ,
347 1387 423 1431 εἶτα
437 1393 553 1432 οὐκέτι
565 1424 575 1442 ,
593 1395 639 1437 ὡς
654 1393 817 1447 Ἔφορος.

191 1453 334 1491 Eadem
357 1453 501 1490 habent
517 1454 692 1503 Apostol.
717 1456 825 1491 Cent.
840 1456 948 1502 VIII,
967 1452 1016 1502 95
1041 1460 1078 1489 et
1101 1455 1174 1490 Ze—

138 1511 278 1549 n'obius
291 1512 331 1549 in
350 1525 386 1550 v.
408 1511 494 1550 Ἐπὶ
512 1515 572 1549 τοῦ
594 1510 878 1564 Μανδροὸούλου,

191 1574 423 1621 Harpocrat.
441 1585 449 1607 :
476 1569 691 1622 Γεωφάνιον,
710 1570 839 1624 χωρίον
860 1571 895 1608 ἐν
915 1564 944 1624 ᾧ
961 1571 1025 1622 γ’ἧς
1042 1569 1175 1622 μέταλ-

138 1631 210 1667 λον.
233 1629 322 1683 Περὶ
337 1628 373 1667 δὲ
393 1632 453 1667 τοῦ
475 1630 508 1667 ἐν
527 1627 640 1682 Σάμῳ
660 1629 855 1682 γεωφανίου
878 1629 915 1668 ὃν
935 1628 1063 1683 τρόπον
1084 1629 1175 1674 ἐξευ-

141 1687 223 1740 ρέθη
241 1685 394 1742 Ἔφορος
410 1687 490 1740 περὶ
506 1687 666 1741 Χωρίων.
687 1689 793 1740 (Cod.
806 1689 981 1726 Vatican.
997 1690 1032 1727 ἐν
1054 1686 1081 1726 ε’
1100 1703 1175 1740 χω-

141 1747 236 1800 ρίων,
255 1747 342 1787 cod.
363 1748 515 1785 Morell.
535 1748 570 1785 ἐν
593 1746 622 1784 θ’
635 1747 716 1800 περὶ
733 1747 888 1800 χωρίων,
910 1748 1050 1786 Medic.
1076 1756 1113 1785 et
1128 1747 1174 1784 al.

139 1807 364 1857 simpliciter
386 1802 540 1860 ’Ἔφορος
568 1805 763 1852 δεδήλωκεν
781 1807 816 1844 ἐν
834 1808 877 1858 τῇ
898 1810 916 1844 θ
933 1805 1004 1858 (θ’).
1026 1806 1174 1860 Χωρίων

140 1869 254 1903 Marx
281 1865 512 1903 mutandum
541 1873 672 1903 censet
690 1865 731 1902 in
756 1865 992 1918 Εὑρημάτων.
1019 1866 1177 1903 Violen-

141 1924 227 1962 tius.
263 1928 388 1962 Locus
416 1925 558 1975 petitus
589 1924 742 1962 videtur
761 1938 782 1962 e
801 1924 902 1962 libro
921 1933 1057 1975 quarto
1082 1924 1127 1976 (si
1147 1923 1177 1962 θ’

141 1997 229 2020 curn
244 1978 279 2020 δ’
297 1991 559 2034 permutatum
588 1983 762 2031 statuas),
778 1984 836 2021 vel
873 1982 1111 2034 probabilius
1130 1997 1178 2021 ex

141 2041 247 2079 libro
277 2042 426 2092 quinto,
443 2041 511 2079 uhi
529 2042 628 2079 Asiae
647 2043 823 2092 regiones
850 2050 888 2079 et
905 2043 1047 2080 insulas
1065 2042 1174 2093 adja-

143 2108 275 2138 centes
297 2100 480 2152 Ephorus
514 2101 730 2151 descripsit.
754 2101 861 2139 Sicut
894 2101 999 2139 idem
1017 2104 1174 2152 Harpo-·

141 2160 289 2197 cration
309 2173 348 2197 v.
366 2153 471 2202 Αἶνος
495 2159 540 2197 fr.
567 2161 615 2207 73
637 2160 767 2197 laudat
783 2160 981 2211 Ephorum
1002 2161 1036 2197 ἐν
1056 2162 1099 2211 τῇ
1119 2175 1178 2197 τε-

139 2217 249 2272 τάρτῃ
286 2218 365 2272 περὶ
385 2218 551 2272 Θρᾳκίων
576 2218 820 2270 πολισμάτων,
840 2220 908 2268 sie,
931 2233 1016 2270 quae
1039 2229 1096 2257 est
1115 2233 1180 2257 ve-

142 2286 267 2315 terum
301 2278 342 2314 in
370 2278 442 2315 hac
477 2291 518 2314 rc
544 2277 799 2330 negligentia,
834 2278 949 2316 etiam
977 2279 1012 2316 ἐν
1046 2278 1071 2316 ε’
1098 2277 1178 2331 περὶ

140 2335 280 2389 χωρίων
302 2337 420 2374 citare
450 2337 590 2386 potuit.

621 2395 706 2433 162.

195 2452 393 2491 Arnobius
409 2454 607 2491 Adversus
633 2458 777 2492 Gentes
804 2457 873 2503 III,
898 2468 936 2505 p.
967 2469 1033 2492 121
1053 2455 1176 2506 Lugd.

142 2511 193 2550 de
217 2513 362 2550 Musis:
391 2514 564 2562 Ephorus
599 2515 669 2550 has
698 2517 811 2563 igitur
834 2528 986 2550 numero
1017 2524 1090 2550 tres
1120 2527 1180 2549 re-

141 2569 229 2618 fert,
251 2574 436 2609 Mnaseas
466 2586 573 2621 quem
599 2573 762 2608 diximus
780 2582 966 2621 quattuor,
997 2575 1178 2619 ,Myrtilus

1545 431 1666 470 ΠΕΡΙ
1702 427 1916 468 ΛΕΞΕΩΣ.

1689 498 1774 536 163.

1242 557 1381 611 „Theo
1398 561 1604 609 Progymn.
1623 561 1769 609 cap.11‚
1791 570 1828 607 p.
1855 569 1901 604 ¹9
1919 555 1978 592 ed.
2000 555 2110 593 Basil.
2133 570 2142 592 :
2162 558 2245 593 Nu-

1221 630 1368 654 merum
1388 619 1603 667 poeticum,
1621 616 1788 655 orationi
1811 614 1982 665 pedestri
2006 614 2247 663 immixtum,

1221 675 1418 725 elegantiae
1446 676 1657 713 adversari.
1681 672 1901 726 Συγγνώμης
1927 673 1956 710 δ’
1987 671 2079 717 ἄξιον
2098 671 2180 711 ὅταν
2201 675 2248 717 εἷς

1222 731 1336 771 ἐκεῖνά
1356 748 1409 776 τις
1427 733 1564 786 ἐμπέσῃ
1584 749 1669 772 ποτε
1689 732 1733 771 τὰ
1757 731 1869 785 μέτρα
1887 731 1975 784 ἅπερ
1995 729 2069 782 ἔχει
2088 729 2249 782 ὁμοιότη-

1225 808 1266 830 τα
1301 790 1387 844 πρὸς
1407 791 1447 830 τὸ
1472 791 1589 841 πεζὸν,
1621 787 1691 830 οἶόν
1718 793 1793 830 ἐστι
1816 790 1857 828 τὸ
1882 788 2057 840 ἷαμὸικόν.
2095 788 2159 828 Διὸ
2188 789 2251 828 καὶ

1222 850 1349 893 πάντες
1366 852 1397 888 οἱ
1412 857 1620 905 συγγραφεῖς
1631 850 1770 893 ἄκοντες
1789 848 2020 901 ἐμπίπτουσιν
2034 850 2082 891 εἷς
2097 847 2137 886 τὸ
2153 846 2251 900 γένος

1223 913 1336 948 τοῦτο.
1358 908 1404 948 Ὁ
1421 914 1501 962 γοῦν
1527 909 1681 964 Ἔφορος
1698 911 1732 948 ἐν
1758 912 1808 962 τῷ
1828 908 1908 962 περὶ
1929 907 2054 952 λέξεως
2075 908 2120 946 δι’
2147 909 2251 946 αὐτοῦ

1224 972 1284 1006 τοῦ
1311 968 1588 1022 ἀπαγορεύοντος
1608 967 1734 1020 λόγου,
1766 966 1815 1019 μὴ
1835 969 1879 1019 τῇ
1907 965 2068 1020 εὐρύθμῳ
2097 968 2252 1019 χρῆσθαι

1225 1028 1397 1081 διαλέκτῳ
1409 1057 1419 1075 ,
1438 1026 1535 1070 εὐθὺς
1554 1028 1588 1065 ἐν
1604 1029 1696 1079 ἀρχῇ
1711 1026 1831 1078 στίχον
1851 1024 2001 1079 εἴρηκεν,
2021 1023 2145 1063 εἰπών·

1348 1096 1446 1128 Πάλιν
1462 1096 1495 1127 δὲ
1508 1096 1576 1138 περὶ
1598 1099 1652 1134 τῆς
1667 1095 1816 1137 εὐρύθμου
1830 1094 1963 1134 διέξειμι.

1279 1157 1412 1194 Cicero
1432 1158 1539 1195 Orat.
1559 1156 1621 1203 57,
1638 1155 1705 1205 qui
1723 1156 1873 1193 numeri
1885 1155 2046 1192 orationi
2068 1155 2142 1193 sint
2158 1155 2255 1205 apti:

1225 1217 1322 1252 Sunt
1349 1219 1446 1252 enim
1475 1219 1541 1264 qui
1571 1214 1766 1251 iambicum
1795 1224 1940 1263 putent,
1975 1216 2075 1263 quod
2095 1218 2144 1251 sit
2168 1227 2253 1250 ora-

1227 1277 1316 1310 tioni
1353 1277 1574 1312 simillimus.
1674 1274 1844 1322 Ephorus
1877 1283 2015 1319 autem,
2058 1276 2143 1310 levis
2179 1277 2253 1322 ipse

1227 1341 1363 1377 orator,
1386 1334 1454 1368 sed
1461 1331 1653 1381 profectus
1668 1345 1718 1368 ex
1736 1336 1874 1381 optima
1893 1334 2103 1381 disciplina,
2112 1345 2255 1381 poeona

1227 1395 1393 1440 sequitur
1409 1401 1477 1427 aut
1492 1393 1697 1438 dactylium
1717 1390 1830 1440 fugit
1851 1400 1973 1427 autem
2002 1392 2202 1440 spondeum
2220 1401 2257 1428 et

1229 1452 1440 1489 trochoeum.
1472 1453 1580 1498 Quod
1593 1455 1690 1487 enim
1709 1464 1825 1500 poeon
1854 1450 1995 1488 habeat
2019 1460 2091 1488 tres
2118 1451 2250 1496 breves,

1228 1513 1396 1559 dactylus
1413 1520 1535 1548 autem
1551 1513 1658 1556 duas,
1680 1519 1884 1560 temperata
1911 1515 2091 1560 gravitate
2106 1520 2144 1548 et
2157 1513 2254 1547 cele—

1229 1574 1336 1607 ritate
1362 1570 1594 1619 syllabarum
1610 1599 1622 1616 ,
1655 1569 1732 1606 labi
1751 1578 1866 1619 putat
1887 1570 2005 1607 verba
2028 1573 2229 1620 proclivius
2240 1585 2255 1616 ,·

1229 1639 1428 1678 contraque
1479 1631 1644 1666 accidere
1673 1633 1709 1665 in
1735 1630 1894 1678 spondeo
1919 1639 1957 1666 et
1979 1630 2134 1666 trochaeo
2161 1634 2258 1678 quod

1229 1691 1327 1725 alter
1339 1691 1456 1737 longis
1470 1697 1662 1733 constaret,
1681 1690 1810 1723 altere
1830 1687 1993 1724 brevibus
1999 1689 2119 1737 fieret
2128 1702 2143 1733 ;
2161 1690 2254 1724 alte—

1230 1761 1311 1783 ram
1331 1750 1440 1783 nimis
1466 1750 1670 1790 incitatam,
1687 1749 1846 1782 alteram
1873 1750 1981 1783 nimis
2009 1749 2156 1783 tardam
2171 1761 2252 1783 ora-

1230 1809 1376 1850 tionem,
1393 1814 1561 1841 neutram
1583 1814 1838 1853 temperatam.
1870 1806 1948 1841 Sed
1975 1814 2012 1842 et
2038 1808 2094 1841 illi
2113 1810 2256 1855 priores

1229 1873 1368 1909 errant,
1386 1872 1425 1900 ct
1446 1864 1616 1913 Ephorus
1648 1868 1684 1900 in
1711 1866 1821 1912 culpa
1840 1872 1905 1908 est,
1923 1872 1991 1900 etc.
2010 1863 2116 1901 Idem
2134 1863 2256 1901 infra:

1231 1924 1402 1972 Ephorus
1434 1937 1524 1959 vero
1553 1937 1600 1959 ne
1647 1925 1847 1972 spondeum
1878 1925 2039 1972 quidem,
2074 1937 2181 1972 quem
2188 1924 2253 1971 fu—

1229 1986 1295 2031 git,
1326 1985 1497 2031 intelligit
1521 1995 1599 2018 esse
1623 1985 1809 2030 aequalem
1828 1983 1975 2029 dactylo
1988 1995 2095 2031 quem
2111 1981 2257 2031 probat.

1232 2041 1290 2078 Cf.
1309 2049 1347 2077 et
1366 2053 1446 2090 seq.
1470 2048 1507 2077 et
1537 2054 1620 2091 cap.
1648 2041 1696 2078 58
1730 2048 1768 2078 et
1800 2041 1863 2085 64.
1885 2041 2142 2089 Quintilianus
2164 2044 2258 2079 Inst.

1233 2102 1341 2137 Orat.
1378 2102 1448 2147 IX,
1476 2105 1512 2145 4,
1537 2099 1612 2146 87:
1633 2100 1758 2135 Miror
1774 2109 1897 2136 autem
1931 2103 1967 2136 in
1993 2100 2066 2136 hac
2092 2105 2258 2150 opinione

1231 2160 1453 2194 doctissimos
1483 2158 1648 2194 homines
1665 2157 1791 2205 fuisse
1804 2186 1816 2203 ,
1859 2167 1900 2195 ut
1939 2161 2033 2196 alios
2058 2161 2177 2208 pedes
2208 2163 2258 2197 ita

1232 2220 1414 2267 eligerent
1447 2220 1612 2266 aliosque
1640 2219 1879 2262 damnarent,
1907 2222 2018 2266 quasi
2046 2221 2144 2255 ullus
2168 2231 2258 2256 esset

1232 2290 1339 2325 quem
1360 2289 1432 2312 non
1445 2280 1493 2313 sit
1503 2290 1649 2312 necesse
1663 2281 1700 2312 in
1719 2280 1883 2313 oratione
1901 2277 2140 2326 deprehendi.
2161 2280 2257 2316 Licet
2275 2279 2277 2281 ’

1234 2339 1345 2385 igitur
1353 2349 1497 2385 poeona
1511 2345 1689 2384 sequatur
1705 2336 1888 2384 Ephorus,
1907 2340 2087 2373 inventum
2101 2350 2127 2373 a
2145 2337 2256 2374 Thra-

1232 2395 1420 2441 symaclm,
1430 2393 1630 2443 probatum
1645 2393 1695 2430 ab
1707 2397 1900 2431 Aristotele
1916 2394 2043 2444 (Rhet.
2058 2398 2127 2442 III,
2140 2396 2177 2442 8;
2192 2398 2257 2442 IV,

1235 2454 1286 2504 5)
1316 2457 1578 2503 dactylumque
1593 2483 1605 2500 ,
1635 2464 1677 2491 ut
1717 2459 1991 2503 temperatiores
2023 2453 2187 2492 brevibus
2215 2463 2259 2492 ac

1235 2516 1365 2562 longis,
1371 2513 1505 2563 fugiat
1531 2515 1730 2562 spondeum
1743 2523 1780 2550 et
1790 2514 2001 2559 trochaeum,
2018 2516 2170 2550 alterius
2182 2522 2255 2550 tar-

1235 2574 1362 2618 ditate,
1391 2575 1544 2609 alterius
1574 2576 1758 2610 celeritate
1783 2575 1964 2610 damnata
2031 2587 2043 2609 .-
2059 2577 2258 2622 irrumpent

143 2681 321 2716 Simonidis
333 2684 450 2724 poetae,
468 2684 503 2714 ut
523 2681 634 2714 scribit
648 2682 800 2723 Ephorus
817 2682 960 2714 secundo
973 2682 1056 2714 libro
1070 2682 1110 2714 de
1122 2685 1172 2714 In·
1227 2682 1331 2723 primo
1346 2691 1431 2714 anno
1444 2691 1573 2714 auream
1588 2691 1682 2714 ovem
1699 2684 1718 2714 J
1722 2683 1820 2714 unoni
1837 2682 1974 2723 dicavit;
1993 2682 2136 2714 secundo
2151 2691 2256 2723 argen-

142 2729 375 2769 ventionihus;
401 2730 459 2762 ubi
485 2729 701 2763 Philoxenum
726 2730 825 2762 etiam
848 2730 1039 2771 cytherium
1067 2730 1173 2762 eidem
1226 2728 1311 2758 team
1323 2749 1332 2765 ,
1348 2728 1380 2758 et
1400 2728 1493 2760 tertio
1509 2738 1624 2761 aeream
1639 2729 1808 2770 minorem,
1828 2729 1943 2762 deinde
1958 2738 1998 2762 ne
2013 2729 2097 2762 hanc
2108 2729 2258 2771 quidem,

144 2777 250 2816 generi
266 2778 312 2809 ait
331 2777 506 2810 studuisse.

619 2831 634 2864 1
643 2832 664 2865 5
670 2832 692 2865 9
697 2854 705 2862 .

187 2888 374 2921 Phoenicem
389 2898 466 2921 vero
491 2889 745 2921 instrumentum
767 2889 918 2930 Ephorus
932 2890 964 2920 et
987 2889 1123 2920 Scamon
1142 2887 1175 2918 in

145 2934 229 2966 libro
245 2935 286 2967 de
306 2937 555 2969 Inventionibus
572 2937 685 2976 aiunt,
710 2945 752 2969 ex
771 2945 810 2968 eo
826 2936 914 2977 quod
933 2945 952 2968 a
967 2934 1175 2968 Phoenicibus

146 2981 315 3014 inventum
330 2986 426 3024 esset,
446 2992 565 3016 nomen
584 2984 645 3016 hoc
657 2985 791 3017 nactum
807 2992 888 3016 esse.

188 3093 271 3124 Novi
287 3102 365 3125 vero
380 3094 477 3126 etiam
500 3095 560 3126 alia
576 3104 692 3135 genera
713 3095 889 3135 tibiarum;
905 3094 1062 3136 tragicas,
1077 3095 1171 3136 lysio-

148 3138 208 3170 das
238 3142 270 3171 et
294 3140 526 3174 citharisterias
545 3151 552 3173 :
571 3151 709 3183 quarum
732 3144 881 3175 meminit
906 3144 1055 3184 Ephoms
1078 3141 1178 3175 in‘In-

148 3186 360 3263 vegtionibus
373 3211 383 3227 ,
406 3190 440 3220 et
466 3189 659 3229 Euphranor
681 3190 915 3231 Pythagoricus
932 3215 942 3231 ‚
978 3191 1012 3222 in
1033 3190 1116 3222 libro
1138 3191 1178 3223 de

149 3231 185 3262 Ti
210 3232 267 3264 iis.

627 3291 714 3324 161.

191 3339 283 3371 More
304 3339 523 3372 Mandrohuli.
540 3342 667 3375 Dicitur
683 3343 724 3375 de
741 3353 780 3376 eo
802 3344 858 3384 qui
874 3345 908 3376 in
925 3345 1016 3385 peJus
1039 3344 1177 3385 proiicit.

149 3385 380 3418 Mendrobuins
393 3387 478 3418 enim
490 3412 499 3427 ,
523 3397 622 3429 quum
637 3391 869 3431 qeophanium
888 3393 974 3423 Sami
991 3391 1180 3432 invenisset,

1229 2775 1264 2804 ut
1279 2773 1357 2804 dicit
1370 2774 1531 2815 Ephorus.

1280 2820 1535 2862 Geopham'um‚
1554 2822 1643 2855 locus
1656 2823 1690 2855 in
1705 2833 1770 2864 quo
1787 2824 1952 2856 metallum
1968 2825 2121 2856 nascitur.
2140 2824 2203 2857 Sed
2219 2823 2259 2857 do

1228 2866 1418 2900 inventione
1432 2870 1612 2911 Geophanii
1627 2870 1659 2902 in
1675 2873 1772 2903 Samo
1785 2871 1902 2912 insula,
1916 2871 2068 2912 Ephorus
2083 2871 2224 2914 scripsit.

1566 2982 1634 3021 DE
1663 2983 1921 3022 DICTIONE.

1275 3099 1377 3130 Venia
1393 3099 1501 3130 tamen
1517 3098 1585 3130 dari
1603 3099 1702 3131 debet
1714 3099 1754 3131 iis
1770 3101 1826 3139 qui
1849 3099 1932 3132 sorte
1946 3099 1980 3131 in
2002 3107 2118 3132 versus
2131 3098 2201 3140 qui,
2220 3099 2257 3130 ut

1234 3144 1376 3184 iambici,
1393 3153 1491 3185 quam
1506 3146 1653 3186 proxime
1667 3146 1706 3177 ad
1731 3146 1870 3178 solutam
1888 3147 2051 3179 accedunt*
2066 3146 2256 3185 orationem,

1233 3191 1397 3231 incidunt;
1415 3191 1504 3232 quod
1520 3192 1673 3224 omnibus
1696 3192 1761 3224 sere
1775 3193 1990 3234 scriptoribus
2005 3193 2116 3225 invitis
2129 3192 2293 3225 evenire-⁴

1234 3238 1325 3270 solet.
1343 3238 1492 3278 Ephorus
1508 3242 1594 3271 certe
1611 3239 1644 3270 in
1668 3239 1750 3271 libro
1775 3239 1816 3272 de
1832 3248 1982 3272 sermone
1993 3264 2002 3279 ‚
2018 3248 2057 3272 eo
2073 3239 2144 3281 ipso
2162 3238 2233 3271 Ιοοο
2244 3261 2256 3279 ,

1234 3285 1291 3316 ubi
1316 3284 1414 3316 nimis
1433 3294 1640 3318 numerosam
1668 3295 1825 3327 usurpare
1837 3287 2059 3319 elocutionem
2078 3289 2176 3326 vetat,-
2196 3287 2256 3317 stn-

1234 3334 1297 3364 tim
1311 3332 1402 3364 initio
1421 3341 1550 3364 versum
1566 3333 1635 3374 ipse
1648 3333 1777 3373 extulit,
1795 3334 1856 3366 hoc
1875 3335 1973 3366 modo
1991 3344 1998 3366 :

1402 3392 1531 3422 Posthac
1548 3393 1656 3422 modos
1671 3394 1816 3423 orationis
1831 3395 1995 3433 inquiram.
