2320 3684
133 215 2231 320 ieeeeeeeeffieeeeeeeeffleeeeeeeeeeffieeeeeffi

479 432 1904 612 THEOPOMPI

818 750 1562 834 FRAGMENTA.

1070 922 1323 940 ,ψ-

168 1034 402 1072 ΕῘΙΙΤΟΜΗ
433 1033 539 1071 ΤΩΝ
569 1033 841 1071 ΗΡΟΔΟΤΟΥ
868 1033 1123 1072 ΙΣΤΟΡΙΩΝ,
1576 1047 1610 1087 E
1614 1047 1651 1087 Λ
1655 1045 1840 1088 AHNIK
1847 1048 1899 1088 A·

636 1104 667 1138 l·
1628 1117 1783 1156 LIBER
1808 1119 1840 1156 Ι.

185 1168 323 1206 Suidas
347 1168 387 1204 in
413 1165 607 1211 Σπουδάζω
611 1195 724 1205 .....
747 1165 804 1203 ἐπὶ
823 1164 859 1204 δὲ
878 1169 939 1204 τοῦ
956 1166 1164 1218 κατεπείγο-
1715 1176 1751 1212 6,

134 1241 209 1277 μαι.
230 1225 443 1277 Θεόπομπος
463 1224 642 1277 Ἐπιτομῇ
661 1227 730 1263 τῶν
748 1223 956 1278 Ἡροδότου·
976 1225 1034 1263 ἐπὶ
1052 1223 1088 1263 δὲ
1103 1228 1165 1263 τοῦ
1273 1232 1413 1269 strabo
1439 1235 1550 1279 XIII
1571 1246 1610 1283 p
1626 1233 1726 1278 8842
1748 1234 1848 1280 Φησὶ
1869 1232 1906 1272 δὲ
1925 1233 1988 1281 τὴν
2008 1234 2140 1274 Σεστὸν
2158 1235 2253 1275 Θεό-

136 1283 327 1336 βούλομαι,
347 1287 365 1322 ὁ
385 1283 486 1328 αὐτὸς
503 1285 538 1323 ἐν
557 1287 600 1336 τῇ
618 1286 706 1336 αὐτῇ
731 1284 892 1336 ἐπιτομῇ.
1220 1304 1359 1340 πομπος
1384 1292 1551 1343 βραχεῖαν
1572 1288 1634 1341 μὲν
1656 1293 1779 1363 εὐερκῆ
1798 1291 1851 1331 δὲ·
1871 1292 1931 1331 καὶ
1942 1291 2060 1332 σκέλει
2077 1293 2250 1368 διπλέθρῳ

187 1345 329 1382 Eadem
341 1343 458 1382 habet
471 1343 631 1382 Photius
644 1345 683 1381 in
697 1349 789 1383 Lex.
809 1343 844 1379 h.
868 1358 904 1383 v.
1221 1347 1407 1386 συνάπτειν
1429 1348 1514 1401 πρὸς
1544 1348 1609 1396 τὴν
1641 1349 1786 1400 λιμένα·
1820 1366 1879 1389 και
1905 1349 1962 1389 διὰ
1982 1352 2081 1390 ταῦτ’
2109 1346 2169 1391 ουν
2193 1352 2254 1392 καὶ

633 1403 665 1439 2.
1222 1405 1279 1444 διὰ
1300 1409 1379 1460 ῥούν
1396 1407 1518 1460 κυρίαν
1536 1411 1625 1446 εἶναι
1643 1424 1713 1447 των
1731 1409 1906 1463 παρόδων.

187 1463 468 1499 Grammaticus
493 1464 749 1512 Seguet·ianus
774 1463 912 1501 Allecd.
937 1462 1099 1499 Bekkeri
1125 1474 1166 1511 p
1275 1466 1398 1504 Petita
1421 1467 1500 1504 haec
1525 1467 1704 1505 videntur
1736 1483 1783 1506 ex
1819 1470 1930 1507 initio
1962 1470 2080 1508 totius
2104 1471 2254 1522 operis,

133 1522 193 1557 80.
216 1534 225 1557 :
250 1519 438 1566 Ἀναὸἧναι
462 1519 521 1557 τὸν
544 1520 651 1558 ἵππον
673 1521 731 1560 ἐπὶ
767 1525 828 1560 τοῦ
866 1519 1051 1566 ἕπιὸἧναι·
1072 1517 1167 1559 Θεό-
1221 1525 1289 1563 ubi
1314 1526 1504 1564 narranda
1528 1535 1609 1564 erat
1634 1541 1764 1579 pugna
1782 1529 1870 1578 illa,
1896 1542 1972 1580 qua
1997 1530 2252 1569 Athenienses

134 1594 274 1630 πομπος
292 1580 328 1617 ἐν
349 1580 499 1631 ἐπιτομῇ
523 1578 725 1632 Ἡροδότου.
1217 1584 1330 1635 juxta
1343 1589 1496 1623 Sestum
1509 1595 1791 1625 commorantes
1814 1588 1992 1625 vicerunt
2006 1587 2251 1626 Lacedaemo-

628 1639 663 1678 3.
1221 1643 1306 1682 nios
1331 1652 1369 1682 et
1391 1644 1692 1682 Pharnabazum.
1718 1646 1779 1683 Ol.
1798 1659 1863 1696 92,
1891 1659 1925 1683 2.
1943 1645 2000 1684 Cf.
2026 1649 2127 1684 Xen.
2154 1647 2252 1685 Heli.

185 1697 293 1735 Idem
317 1698 410 1735 ibid.
426 1712 464 1749 p.
497 1705 594 1743 104:
615 1698 806 1743 Kaxdewq·
825 1698 1038 1749 Θεόπομπος
1058 1699 1093 1736 ἐν
1122 1700 1166 1750 τῇ
1227 1716 1260 1749 ι,
1287 1715 1324 1750 2,
1355 1716 1400 1739 1-
1378 1703 1468 1750 -13‚
1496 1703 1656 1740 Diodor.
1692 1706 1809 1751 XIII,
1837 1705 1902 1752 45,
1928 1705 1991 1750 46,
2017 1705 2106 1755 qui,
2131 1718 2254 1755 quum

131 1758 282 1809 ἐπιτομῇ
296 1755 498 1810 Ηροδότου.
1221 1774 1301 1798 rem
1335 1762 1598 1812 Xenophonte
1629 1763 1844 1800 accuratius
1869 1771 2056 1813 exponat,
2083 1764 2123 1800 in
2149 1765 2252 1801 mui-
2291 1809 2295 1812 ¹

626 1819 663 1859 4.
1223 1820 1348 1870 tisque
1371 1820 1420 1858 ab
1434 1834 1480 1858 eo
1495 1821 1663 1869 recedat,
1677 1821 1814 1859 ducem
1829 1821 2008 1860 habuerit
2032 1822 2250 1873 Theopom-

186 1877 314 1924 Idem,
351 1877 446 1914 ibid.
480 1891 518 1928 p.
559 1878 632 1915 115
653 1893 660 1914 :
680 1878 928 1928 Φυγαδεῦσαι·
957 1877 997 1915 τὸ
1031 1876 1168 1930 φυγάδα
1222 1892 1328 1929 pum.

134 1935 270 1975 ἐλάσαι.
290 1934 503 1987 Θεόπομπος
527 1938 678 1990 ἐπιτομῇ
698 1935 899 1990 Ἡροδότου.
1722 1937 1757 1977 7.

630 1997 667 2036 5.
1275 1996 1510 2046 Stephanus:
1534 1995 1754 2050 Χρυσόπολις
1829 1995 2040 2047 Θεόπομπος
2066 1997 2100 2034 ἐν
2123 1995 2253 2049 πρώτῳ

187 2054 403 2105 Hesychius
425 2070 433 2092 z
461 2054 569 2108 Ζειρά
582 2070 590 2078 ·
611 2056 642 2092 οἱ
664 2052 726 2106 μὲν
761 2047 848 2098 εἶδος
879 2055 1038 2107 χιτῶνος,
1069 2057 1100 2092 οἳ
1133 2053 1168 2093 δὲ
1223 2052 1455 2100 Ἑλληνικῶν·
1475 2072 1490 2088 «
1503 2054 1723 2106 Ἀνήχθησαν
1742 2056 1788 2098 εἰς
1805 2053 2103 2102 Χαλκηδόνα,καὶ
2120 2055 2253 2100 Βυζάν-

133 2112 263 2160 ζώνην·
285 2112 418 2163 βέλτιον
436 2111 472 2150 δὲ
491 2111 577 2150 ἄλλο
596 2128 629 2150 τι
647 2111 845 2151 ἐπιὸόλαιον
862 2113 953 2151 κατὰ
971 2115 1040 2151 τῶν
1060 2112 1167 2164 ὤμων
1223 2127 1295 2150 τιον
1316 2112 1406 2163 μετὰ
1424 2116 1485 2150 τοῦ
1514 2114 1637 2151 λοιποῦ
1660 2112 1910 2164 στατεύματος,
1930 2113 2134 2165 βουλόμενοι
2153 2115 2252 2167 Χρυ-

133 2170 359 2225 φορούμενον,
380 2171 490 2215 ἐοικὸς
512 2171 692 2225 ἓφαπτίδι·
716 2171 776 2209 καὶ
799 2171 984 2225 Ἡρόδοτος
1001 2178 1170 2226 μαρτυρεῖ
1223 2169 1364 2209 σόπολιν
1398 2177 1628 2224 κατασχεῖν»
1647 2175 1691 2210 V.
1727 2173 1910 2223 Xenoph.
1943 2173 2041 2210 Heli.
2073 2177 2111 2220 I,
2143 2187 2175 2221 1,
2202 2186 2251 2210 22

133 2229 192 2268 καὶ
213 2229 426 2282 Θεόπομτως
450 2233 468 2268 ὁ
488 2233 583 2274 Χῖος.
603 2234 647 2269 V.
661 2231 847 2269 Herodot.
868 2234 957 2280 VII,
982 2233 1031 2281 69
1054 2240 1093 2269 et
1120 2234 1168 2278 76
1223 2244 1328 2280 sqq.;
1358 2231 1519 2269 Diodor.
1548 2234 1671 2280 XIII,
1697 2233 1762 2276 64.
1789 2231 1868 2284 (01.
1896 2244 1961 2282 92,
1987 2231 2038 2283 4.)

134 2289 268 2340 ibique
307 2290 549 2341 interpretes.
598 2307 613 2323 «
637 2291 827 2338 Quoniam
893 2291 1169 2341 Theopompus
1721 2291 1757 2327 8.

134 2361 212 2386 una
236 2360 323 2386 cum
347 2349 549 2386 Herodoto
573 2349 622 2386 ab
641 2349 835 2399 Hesychio
864 2350 1018 2397 citatur,
1038 2350 1167 2400 suspi—
1276 2348 1437 2386 Diodor.
1463 2350 1537 2387 Sic.
1564 2353 1672 2398 XIII,
1703 2350 1775 2387 105
1791 2364 1800 2387 ε
1816 2351 1862 2389 Οἱ
1899 2347 1935 2387 δὲ
1963 2351 2032 2387 τῶν
2061 2347 2252 2395 Ἀθηναίων

134 2419 203 2443 cor
220 2407 327 2444 illum
353 2407 393 2444 in
417 2406 531 2457 hujus
551 2408 720 2458 epitome
738 2406 973 2444 conficienda
990 2407 1061 2444 hac
1073 2420 1169 2444 voce
1224 2407 1412 2460 στρατηγοὶ
1437 2406 1627 2458 πυθόμενοι
1644 2407 1723 2452 τοὺς
1757 2407 2052 2459 Λακεδαιμονίους
2078 2407 2175 2459 πάσῃ
2207 2408 2251 2459 τῇ

134 2478 247 2503 usum
258 2479 352 2514 esse,
366 2466 484 2503 immo
495 2479 587 2503 vero
597 2479 717 2516 quum
730 2466 832 2502 hunc
845 2465 1169 2516 ipsumHerodoti
1224 2465 1368 2516 δυνάμει
1384 2467 1580 2520 πολιορκεῖν
1601 2466 1813 2519 Λάμψακον,
1834 2465 2027 2517 συνήγαγόν
2046 2481 2084 2504 τε
2111 2480 2251 2503 παντα-

135 2524 264 2562 locum
277 2525 316 2561 in
330 2525 528 2576 epitomen
540 2524 744 2575 redigeret.
762 2542 777 2558 »
793 2527 848 2563 W
848 2526 973 2561 iclzers.
1223 2523 1325 2577 χόθεν
1344 2524 1507 2578 τριήρεις,
1533 2526 1591 2564 καὶ
1609 2524 1700 2564 κατὰ
1716 2524 1869 2572 σπουδὴν
1885 2525 2089 2577 ἀνήχθησαν
2109 2523 2164 2562 ἐπ’
2183 2523 2250 2561 αὗ·-

180 2633 412 2671 ΕΡΙΤΟΜΕ
441 2632 807 2671 HISTORIARUM
837 2631 1120 2670 HERODOTI,
1189 2634 1194 2672 Ι
1224 2632 1325 2709 efflui),
1342 2631 1440 2671 pallio
1456 2631 1678 2711 Simgf·fibum
1692 2631 1837 2671 astricto,
1853 2631 1900 2663 uti
1913 2631 2095 2664 Herodotus
2112 2631 2250 2663 testatur

1222 2685 1240 2708 e
1309 2686 1498 2718 neopompus
1554 2687 1627 2710 uus.
2247 2710 2257 2716 .

178 2760 200 2789 Σ
210 2758 388 2797 πουδάζω
400 2777 441 2784 -—
456 2768 515 2800 pro
538 2708 752 2799 κατεξτείγο
761 2770 827 2799 μαι
852 2758 997 2799 (festino)
1025 2769 1032 2789 :
1060 2759 1162 2790 Theo·
1581 2741 1888 2811 HELLENI-CA.

136 2813 276 2846 pompus
291 2805 323 2836 in
341 2807 480 2846 epitome
498 2806 654 2839 Herodoti
669 2806 887 2838 Historiarum
898 2817 907 2846 ;
935 2815 993 2846 pro
1015 2806 1165 2846 βούλομαι
1735 2832 1743 2843 ,

136 2853 239 2893 (volo)
255 2863 261 2883 :
277 2853 364 2885 idem
380 2853 412 2884 in
429 2854 542 2886 eadem
561 2854 714 2895 epitome.
1629 2832 1780 2928 LIBIgR
1809 2832 1841 2870 I.

635 2909 671 2940 2.
1749 2920 1758 2929 ·

1263 2946 1491 2987 Theopompus
1516 2948 1646 2979 Sestum
1667 2948 1712 2978 ait
1732 2948 1881 2988 exiguam
1903 2948 2047 2988 quidem,
2074 2948 2130 2980 sed
2151 2947 2250 2988 probe

1223 2992 1382 3023 munitam
1400 3001 1483 3031 esse,
1501 2996 1533 3024 et
1549 2993 1687 3025 duorum
1699 2994 1848 3034 jugerum
1863 3002 1956 3025 muro
1973 3003 2047 3026 cum
2069 2996 2164 3035 portu
2177 3003 2249 3026 con·

1222 3047 1339 3070 nexam
1357 3048 1364 3069 :
1386 3039 1496 3079 itaque
1518 3049 1595 3071 cum
1611 3049 1649 3071 ea
1670 3040 1710 3071 de
1725 3049 1842 3079 causa,
1867 3042 1938 3072 tum
1960 3040 2003 3072 ob
2021 3040 2147 3072 ssuxum
2171 3049 2248 3082 prae-

180 2957 382 2996 Ἀναὸἠναι
427 2960 547 2991 ἵππον
584 2968 643 3000 pro
690 2959 879 2998 ἐπιὸἥναι
926 2957 1167 2997 (conscendere

139 3013 264 3046 equum
276 3005 286 3045 )
307 3015 313 3035 :
331 3007 559 3047 Theopompus
572 3007 605 3038 in
622 3005 778 3039 Herodoti
793 3006 945 3046 epitome.

182 3110 315 3141 Κακὸὃ
327 3122 362 3142 ιο
374 3123 386 3147 ς
412 3111 512 3151 (dure
536 3061 693 3153 viveng:
711 3113 940 3154 Theopompus
962 3113 996 3144 in
1014 3112 1169 3145 Herodoti
1222 3086 1511 3126 mruassgationem
1525 3087 1557 3118 in
1574 3095 1632 3118 ⁵¹¹³
1646 3086 1762 3167 hab‘sse
1778 3089 1948 3128 potesmte'

140 3154 289 3195 epimme'
1265 3180 1475 3220 Chrysopolis
1563 3158 1791 3221 Theopompus
1812 3181 1842 3212 in
1865 3182 1984 3212 Rerum
2012 3180 2275 3223 Hellenicaruni⁷

183 3260 234 3291 Φυ
256 3261 400 3298 aiis-ocra:
432 3262 465 3293 su
489 3262 522 3295 t
637 3214 673 3245 4·
743 3263 764 3295 Π
903 3265 923 3296 h
1225 3227 1329 3303 primo
1347 3236 1354 3257 :
1377 3239 1391 3253 ιι
1406 3227 1536 3280 Reveeti
1557 3229 1634 3259 sunt
1654 3227 1892 3259 chalcedonem
1917 3230 1949 3279 et
1964 3227 2155 3280 Byzentium
2171 3235 2245 3261 culn

143 3270 297 3337 Ηθιοέοῇ
315 3307 464 3347 epitome
468 3271 498 3302 ἐι
515 3272 605 3294 ¹V¹¹m
642 3273 741 3305 ΡΓΟΡΘ
765 3273 818 3296 θΓθ
843 3288 851 3295 ·
844 3266 900 3297 ’Τ
926 3273 1104 3306 e⁰1¹⁰¹¹¹P¹¹S
1137 3273 1169 3295 ¹¹¹
1234 3274 1382 3315 ‹rehquo
1399 3277 1554 3314 exercitu,
1575 3274 1953 3354 volentesgchrysopohn
1975 3274 2130 3306 obtinere.
2150 3287 2164 3301 υ

637 3364 673 3396 5.
1265 3367 1509 3401 Atheniensium
1538 3368 1679 3408 praefecti
1713 3368 1864 3399 certiores
1893 3368 1968 3399 sacti
1989 3366 2246 3400 Lacedaemonios

185 3411 293 3452 Ζειρα;
318 3411 372 3442 alii
401 3412 564 3452 explicant
590 3415 716 3446 tanicae
733 3424 840 3455 penus
859 3438 867 3450 ,
898 3416 949 3447 alii
970 3417 1169 3457 cinqulum;
1224 3415 1374 3447 omnihus
1397 3416 1611 3455 Lampsacum
1638 3414 1763 3446 viribus
1790 3423 1986 3454 oppugnare,
2012 3414 2158 3445 triremes
2189 3421 2243 3445 un-

143 3458 259 3490 melius
284 3467 358 3489 vern
377 3458 461 3489 aliud
477 3460 641 3498 quoddam
662 3461 890 3495 indumentum
924 3463 1066 3495 humeris
1093 3464 1170 3503 inje·
1226 3463 1395 3503 docunque
1428 3465 1557 3502 cogunt,
1585 3465 1616 3494 et
1646 3461 1827 3502 raptoilluc
1839 3470 2023 3493 cursurum
2042 3460 2202 3500 octoginta
2214 3461 2245 3491 et
