2320 3684
867 151 1063 191 EPHORI
1092 150 1426 192 FRAGMENTA.

2130 159 2203 192 263

27 266 30 268 >
88 242 193 282 Ἀλλὰ
236 241 296 280 καὶ
331 239 482 294 Ἔφορος
517 242 646 293 ἱστορεῖ
683 239 731 281 ὡς
769 236 904 282 εὔξαιτο
944 238 973 275 εἰ
1016 237 1116 285 νική-
1174 252 1262 275 curn
1287 238 1420 286 editis,
1447 245 1473 275 t.
1500 239 1552 285 ΙΙ,
1579 249 1617 287 p.
1649 249 1717 284 177
1735 244 1775 273 et
1800 237 1875 280 243
1901 236 2030 283 Jebb.‚
2053 237 2144 275 item
2160 252 2207 277 ex

87 317 177 339 σειεν
198 299 382 352 Ὀλύμπια
397 298 575 352 τεθρίππῳ
596 300 746 351 χρυσοῦν
768 295 958 350 ἀνδριάντα
975 298 1117 334 ἀναθεῖ-

86 376 156 400 ναι.
174 359 333 406 Νικήσας
347 357 383 396 δὲ
394 357 454 396 καὶ
472 358 612 409 ἀπορῶν
630 355 789 409 χρυσίου,
798 355 890 393 κατά
900 370 979 393 τινα
995 354 1116 408 ἑορτὴν

86 417 274 472 ἐπιχώριον
306 414 574 468 κεκοσμημένας
601 413 682 453 ἰδὼν
708 413 770 458 τὰς
787 419 968 466 γυναῖκας,
1000 413 1118 451 πάντα

87 478 249 532 ἀφείλετο
268 476 326 514 τὸν
347 474 494 527 κόσμον,
513 473 573 512 καὶ
593 472 749 535 ἔπεμψε
747 473 786 512 τὸ
806 473 982 524 ἀνάθημα.

139 536 352 585 Ibidem,1,
372 536 436 585 98,
451 534 499 571 de
528 532 685 572 eodem:
696 527 807 576 Οῧτος
820 534 956 586 πρῶτος
969 530 1119 585 δορυφό-

87 610 165 649 ρους
181 593 277 647 ἔσχε,
293 593 354 632 καὶ
366 592 430 640 τὴν
446 590 559 646 ἀρχὴν
576 593 623 635 εἷς
635 590 823 645 τυραννίδα
839 589 1045 643 μετέστησε,
1058 588 1118 627 καὶ

86 655 149 693 οὐκ
166 652 221 692 εἴα
244 653 279 691 ἐν
308 650 406 690 ἄστει
426 653 487 703 ζῇν
517 649 596 694 τους
617 649 859 702 βουλομένους,
890 647 983 688 καθά
1013 662 1118 701 φησιν

85 711 239 766 Ἐφορος
250 710 309 749 καὶ
326 708 566 763 Ἀριστοτέλης
580 710 745 762 (Politic.
759 712 805 758 V,
821 709 872 760 8).
899 706 1117 746 «Heraclid.

86 787 124 824 p.
152 786 229 822 2⁰9
255 774 342 810 Cor.
369 770 447 808 fere
470 769 609 807 iisdem
641 769 786 817 verbis,
815 767 958 819 quibus
982 766 1118 818 Epho—

84 844 165 879 ruS,
189 830 369 875 utitur3a
382 842 460 880 quo
485 828 601 866 etiam
616 828 766 866 Nicolai
793 828 997 879 (Fragmm.
1015 838 1053 876 p.
1071 825 1120 862 50

86 890 171 935 Or.)
195 889 242 927 de
266 888 474 926 Periandro
498 885 654 924 fluxisse
678 886 802 925 videri
828 893 958 937 potest
982 896 1119 922 narra-

89 949 155 986 tio.
172 966 187 983 »
211 949 345 985 Marx.

562 1015 649 1054 107.

144 1082 363 1134 Stephanus
388 1095 397 1119 :
423 1080 568 1135 Πάρος,
602 1083 707 1128 νῆσος
710 1109 822 1119 .....
860 1080 944 1119 Ἀπὸ
992 1082 1128 1130 ταύτης

86 1140 227 1193 λέγεται
255 1139 427 1195 παροιμία
456 1139 496 1178 τὸ
531 1138 795 1193 ἀναπαριάζειν,
831 1140 878 1182 ὡς
902 1138 1057 1195 Ἔφορος
1085 1143 1120 1180 ἐν

88 1199 235 1253 δεκάτῳ·
245 1218 260 1233 υ
276 1199 320 1239 Ὁ
337 1198 374 1237 δὲ
394 1199 592 1246 Μιλτιάδης
607 1201 676 1237 τῶν
699 1197 762 1250 μὲν
783 1197 899 1236 ἄλλων
925 1200 1041 1247 νήσων
1064 1216 1119 1239 τι-

88 1259 149 1303 νὰς
168 1258 358 1302 ἀποδάσεις
374 1258 614 1310 ποιησάμενος
639 1257 829 1311 ἐπόρθησε·
850 1257 972 1312 Πάρον
993 1258 1042 1309 δὲ,
1062 1262 1122 1298 εὖ-

89 1317 364 1369 δαιμονεστάτην
387 1317 445 1356 καὶ
474 1316 643 1369 μεγίστην
666 1310 772 1355 οῧσαν
790 1315 869 1355 τότε
887 1320 957 1355 τῶν
975 1319 1122 1358 Κυκλά-

89 1378 172 1426 δων,
195 1375 422 1428 καθεζόμενος
454 1374 651 1430 ἐπολιόρκει
679 1373 788 1414 πολὺν
815 1374 940 1428 χρόνον
965 1379 1027 1424 τ’ῆς
1054 1381 1121 1416 θα-

88 1435 220 1483 λάττης
239 1434 376 1488 εἴργων,
397 1434 458 1473 καὶ
474 1433 565 1472 κατὰ
580 1436 645 1485 γῆν
661 1432 906 1485 μηχανήματα
923 1433 1036 1486 ἄγων·
1053 1436 1121 1484 ἤδη

88 1497 158 1534 τῶν
178 1496 305 1547 τειχῶν
327 1492 540 1542 πιπτόντων,
568 1493 629 1531 καὶ
658 1492 716 1531 ἐπὶ
744 1492 783 1530 τὸ
807 1493 1039 1546 παραδιδόναι
1058 1494 1122 1543 τὴν

88 1553 189 1593 πόλιν
209 1551 540 1604 διωμολογημένων,
561 1550 645 1599 ὕλης
661 1550 751 1595 τινὸς
771 1550 806 1596 ἐξ
827 1552 1026 1604 αὐτομάτου
1042 1554 1123 1608 περὶ

88 1612 153 1661 τὴν
185 1610 344 1650 Μύκονον
376 1610 590 1664 ἐξαφθείσης,
616 1612 648 1648 οἱ
677 1609 741 1662 μὲν
767 1610 899 1664 Πάριοι
927 1611 986 1650 τὸν
1010 1615 1120 1652 Δᾶτιν

92 1673 208 1714 αὐτοῖς
226 1668 409 1724 πυρσεύειν
430 1668 676 1718 ὑπολαὸόντες,
699 1668 890 1723 ἐψεύσαντο
912 1670 974 1714 τὰς
992 1673 1123 1722 ὁμολο-

89 1730 178 1782 γίας,
198 1729 259 1768 καὶ
279 1727 342 1777 τὴν
361 1728 463 1768 πόλιν
488 1727 605 1767 οὐκέτι
631 1730 683 1782 τῷ
711 1727 889 1781 Μιλτιάδῃ
910 1729 1122 1783 παρέδοσαν.

88 1789 198 1830 Ὅθεν
215 1788 319 1843 φασὶν
337 1791 431 1840 ἡμᾶς
456 1788 508 1828 ἔτι
526 1788 585 1827 καὶ
604 1792 663 1828 νῦν
683 1790 837 1843 χρῆσθαι
862 1791 907 1842 τῇ
925 1790 1100 1845 παροιμία
1113 1822 1123 1840 ,

91 1847 171 1893 τοὺς
206 1848 437 1903 ψευδομένους
466 1848 528 1892 τὰς
557 1848 746 1900 ὁμολογίας
774 1848 1022 1903 ἀναπαριάζειν
1053 1850 1124 1904 φά-

91 1923 247 1952 σκοντας.
279 1926 294 1942 «

143 1968 344 2020 Ephorum
381 1967 554 2019 sequitur
583 1968 736 2006 Cornel.
764 1970 863 2019 Nep.
897 1968 1062 2006 Miltiad.
1090 1983 1123 2007 c.

95 2041 114 2075 7
131 2041 192 2075 ;v.
217 2027 462 2064 Valckenaer.
487 2025 536 2063 ad
559 2025 747 2064 Herodot.
773 2029 853 2074 VI,
885 2027 955 2063 126
981 2028 1159 2112 et137,¹'

94 2097 131 2126 et
156 2087 262 2139 quod
285 2087 338 2125 ihi
363 2088 402 2125 in
428 2087 597 2124 medium
624 2086 775 2138 profert
801 2087 990 2124 scholium
1003 2087 1127 2125 inedi

95 2158 176 2187 tum
211 2148 259 2187 ad
282 2148 439 2187 Aristid.
467 2156 491 2185 t.
517 2151 587 2196 III,
614 2162 653 2199 p.
673 2161 763 2198 292,
793 2148 900 2199 quod
941 2149 1126 2186 collatum

93 2294 203 2333 tradit,
217 2293 244 2326 si
261 2293 413 2334 Olympia
428 2292 582 2334 quadriga
597 2292 742 2334 vicisset,
761 2302 891 2326 auream
905 2294 1047 2327 statuam
1061 2295 1122 2328 deo

93 2344 296 2374 sacraturum
313 2350 320 2371 ε
340 2340 473 2372 victoria
487 2349 563 2372 vero
580 2340 722 2381 potitum
735 2343 766 2373 et
779 2349 858 2373 auro
874 2345 1034 2382 egentem,
1045 2352 1122 2384 qua-

94 2389 168 2421 dam
185 2387 370 2420 celebritate
385 2387 543 2428 populari,
561 2387 755 2420 mulieribus
768 2388 1018 2429 procedentibus
1031 2399 1122 2422 orna-

95 2436 138 2468 tis
152 2460 162 2476 ‚
179 2435 340 2467 mundum
355 2433 516 2466 ademisse
539 2434 729 2466 muliebrem
743 2459 752 2474 ,
771 2438 868 2476 atque
889 2436 935 2468 ita
951 2436 1121 2469 donarium

94 2483 233 2515 misisse.
311 2480 402 2513 Idem
416 2481 600 2518 Periander,
625 2482 805 2514 secundum
831 2483 997 2524 Ephorum
1013 2486 1045 2516 et
1056 2484 1122 2516 Ari-

94 2529 252 2564 stotelem,
275 2527 400 2570 primus
416 2528 531 2560 habuit
545 2528 710 2568 satellites,
730 2529 903 2571 imperium
917 2531 1122 2571 tyrannicum

95 2575 244 2616 instituit,
266 2576 328 2608 'nec
344 2574 471 2607 sinebat
487 2575 522 2607 in
538 2574 619 2607 urbe
634 2583 764 2608 manere
783 2576 838 2617 qui
854 2576 1018 2609 volebant.

565 2664 653 2697 107.

136 2760 235 2791 Paros
247 2757 365 2790 insula.
432 2757 481 2790 Ab
490 2758 550 2790 hac
565 2757 684 2790 dicitur
691 2758 900 2799 proverbium
914 2759 949 2791 τὸ
957 2759 1122 2802 ἀναπαριά-

96 2807 171 2845 ζειν,
186 2805 208 2837 i.
222 2814 251 2838 e.
269 2818 285 2832 «ι
299 2814 389 2837 more
406 2805 571 2837 Pariorum
588 2806 683 2846 pacta
704 2804 864 2846 frangere,
876 2819 893 2834 n
912 2808 949 2838 ut
973 2807 1124 2847 Ephorus

96 2850 177 2882 libro
190 2851 335 2883 decimo:
353 2863 367 2878 α
384 2851 543 2883 Miltiades
557 2860 635 2883 vero
645 2851 724 2883 alias
737 2851 867 2892 quidem
880 2852 1013 2892 insulas,
1021 2862 1123 2894 quum

96 2898 319 2930 exscensiones
347 2898 388 2930 ad
423 2907 477 2930 eas
498 2899 638 2937 fecisset,
653 2899 807 2939 vastavit,
823 2901 942 2931 Parum
958 2908 1047 2939 vero,
1062 2900 1125 2931 feli-

96 2944 257 2977 cissimam
291 2954 328 2977 ac
354 2945 526 2977 maximam
552 2954 590 2977 eo
610 2947 755 2986 tempore
776 2946 968 2987 Cycladum,
988 2947 1044 2979 diu
1072 2947 1125 2979 ob-

96 2990 220 3024 sidione
252 2991 392 3024 cinctam
416 2992 641 3034 oppugnabat3
659 2995 876 3028 commeatus,
894 2993 950 3034 qui
982 2993 1012 3026 ei
1044 2994 1124 3025 mari

97 3039 244 3079 poterant
275 3039 396 3079 inferri,
413 3039 553 3079 arcebat,
581 3048 618 3071 ac
640 3042 725 3072 terra
755 3040 926 3073 tormentis
943 3041 1123 3081 premebat.

97 3086 168 3117 Jam
203 3094 280 3117 vero
304 3085 495 3119 cadentibus
520 3086 622 3118 muris
638 3111 647 3127 ‚
677 3095 715 3118 ac
749 3087 988 3127 paciscentibus
1012 3088 1124 3119 urbem

99 3131 233 3172 tradere,
251 3132 333 3165 silva
345 3134 485 3174 quadam
500 3133 633 3165 fortuito
672 3134 756 3165 circa
792 3136 966 3175 Myconum
981 3135 1123 3174 incensa,

104 3179 187 3210 Parii
205 3179 427 3213 existimantes
448 3181 556 3213 Datim
593 3181 672 3222 ipsis
695 3181 767 3222 igne
793 3182 923 3222 signum
948 3182 1024 3214 dare
1039 3205 1047 3221 ,
1084 3190 1125 3213 ne

98 3224 210 3258 urbem
235 3227 407 3266 traderent,
422 3231 515 3269 pacta
530 3228 620 3260 irrita
641 3228 798 3267 recerunt,
809 3237 847 3260 ac
860 3228 972 3261 urbem
988 3228 1125 3261 Miltiadi

70 3307 73 3309 μ
97 3281 162 3305 non
178 3274 354 3306 tradidere:
372 3275 457 3307 unde
479 3276 571 3308 aiunt
609 3284 670 3307 nos
708 3275 815 3308 adhuc
836 3276 992 3316 paroemia
1018 3276 1064 3307 uti
1081 3275 1126 3307 di-

98 3322 205 3354 centes
232 3322 272 3354 de
307 3322 372 3361 eis,
392 3322 446 3363 qui
464 3326 557 3364 pacta
596 3323 723 3363 fallunt,
742 3323 971 3365 ἀναπαριάζειν,
991 3336 1006 3351 ι»
1031 3323 1125 3363 quasi

100 3365 200 3407 dicas,
215 3369 406 3408 repatriare,
428 3372 581 3409 tanquam
597 3370 757 3402 resolvere
780 3370 873 3402 Pario
887 3378 987 3401 more.

1175 297 1333 347 Ephoro
1358 297 1606 348 depromtum
1632 295 1753 335 videri
1776 294 1868 333 dicit
1892 299 2014 333 Marx.

1450 375 1943 492 Llssssafffffflfisfflaaus

1228 510 1395 544 Joannes
1416 507 1552 557 Lydus
1575 511 1636 545 De
1659 507 1855 546 mensibus
1880 522 1918 580 p.
1950 509 2021 545 113
2047 508 2206 548 Schow:

1174 561 1325 618 Ἔφορός
1341 579 1382 616 γε
1402 562 1470 615 μὴν
1488 568 1506 603 ὁ
1524 567 1718 617 Κυμαῖος’
1703 581 1738 604 εν
1758 568 1802 619 τῇ
1819 566 1942 619 πρώτῃ
1965 567 2146 620 (ἑνδεκάτῃ
2160 582 2208 606 cx

1174 622 1392 718 Theone{v.
1408 623 1454 660 fr.
1473 623 1560 674 109]
1574 625 1647 676 leg
1662 628 1784 663 Marx.
1787 625 1882 677 )τῶν
1894 624 2071 679 Ἱστοριων
2092 642 2210 680 φησιν,

1176 679 1301 747 αραιὰν
1319 696 1335 718 ε
1351 696 1407 718 ναι
1437 680 1529 719 κατὰ
1551 681 1652 747 φύσιν
1675 682 1739 730 τὴν
1760 682 1939 735 Αἴγυπτον
1959 684 2020 723 καὶ
2038 686 2115 724 κατ’
2136 685 2211 729 ἔτος

1176 732 1398 784 ἐπαγομένης
1412 734 1538 777 ἷλυος“
1525 734 1592 772 υπὸ
1605 751 1665 773 του
1677 735 1804 775 Νείλου
1817 740 2079 788 στεγανοῧσθαι,
2090 738 2148 777 τὸν
2174 738 2210 776 δὲ

1175 791 1335 842 ποταμὸν
1351 791 1450 839 δίκην
1470 792 1614 845 ἱδρῶτος
1629 793 1722 832 κατὰ
1735 795 1793 834 τὸν
1812 795 1931 848 καιρὸν
1950 799 2011 834 τοῦ
2031 795 2212 848 καύματος

1177 850 1234 890 ἐπὶ
1248 850 1293 889 τὰ
1312 850 1505 904 κουφότερα
1522 867 1582 889 και
1596 852 1781 907 ἀραιότερα
1801 856 1997 908 καταῤῥειν.

1230 910 1458 948 Plutarchus
1482 914 1540 948 De
1558 911 1687 962 placit.
1714 913 1851 962 philos.
1864 917 1927 961 IV,
1945 929 1958 951 1
1986 930 1994 951 ε
2014 913 2061 953 Γ
2046 918 2212 969 φορο,

1177 967 1442 1022 ἱστοριογράφος
1471 967 1563 1006 κατα
1602 969 1696 1023 θέρος
1729 970 1833 1023 φησὶν
1873 973 2117 1024 ἀναχαλᾶσθαι
2147 972 2210 1020 τὴν

1178 1026 1263 1075 ὅλην
1301 1026 1495 1079 Αιγυπτον,
1522 1026 1582 1065 καὶ
1608 1027 1711 1066 οἱονεὶ
1744 1028 1894 1083 ἐξιδρουν
1926 1030 1966 1069 τὸ
1989 1030 2078 1069 πολυ
2097 1037 2212 1083 νᾶμα,

1179 1086 1366 1125 συνδίδωσι
1393 1086 1422 1124 δ’
1452 1088 1539 1138 αὐτῇ
1563 1086 1624 1125 καὶ
1645 1089 1667 1133 ἡ
1692 1086 1837 1141 Ἀραὸία
1854 1088 1914 1127 καὶ
1932 1092 1954 1136 ἡ
1979 1089 2096 1137 Λιὸύη
2115 1090 2212 1144 παρὰ

1177 1144 1218 1183 τὸ
1235 1144 1355 1199 ἀραιον
1370 1143 1431 1183 καὶ
1444 1144 1484 1183 τὸ
1501 1144 1732 1198 ὑπόψαμμον.

1233 1204 1360 1243 Schol.
1375 1204 1558 1255 Apollon.
1577 1204 1651 1242 Rh.
1666 1207 1729 1253 IV,
1746 1205 1855 1254 269:
1872 1201 2022 1260 Ἔφορος
2042 1206 2078 1245 δὲ
2098 1223 2211 1246 ποτα-

1182 1261 1366 1314 μόχωστον
1396 1256 1486 1300 εἶναι
1514 1261 1599 1316 φησὶ
1619 1261 1684 1310 τὴν
1714 1262 1912 1314 Αἴγυπτον·
1942 1265 2157 1317 ῥηγνυμένης
2178 1265 2214 1304 δὲ

1178 1323 1242 1367 τῆς
1257 1323 1320 1372 γῆς
1339 1320 1406 1359 υπὸ
1432 1336 1491 1359 του
1519 1321 1620 1368 ἡλίου
1649 1323 1699 1375 τῷ
1726 1321 1803 1375 ἔαρι
1827 1323 2010 1376 ἀναπηδᾶν
2038 1323 2077 1361 τὸ
2108 1323 2213 1377 ὕδωρ,

1179 1378 1240 1417 καὶ
1266 1378 1478 1424 επαύξεσθαι
1493 1379 1533 1418 τὸ
1551 1381 1676 1433 ῥεῦμα.

1235 1438 1432 1476 Diodorus
1457 1439 1608 1477 Siculus
1631 1443 1669 1487 Ι,
1692 1440 1742 1490 39
1757 1455 1766 1478 :
1782 1438 1934 1494 Ἔφορος
1955 1439 1991 1478 δὲ
2007 1441 2215 1490 καινοτάτην

1186 1495 1300 1534 αἰτίαν
1330 1497 1514 1551 εἰσφέρων,
1544 1498 1784 1571 πιθανολογεῖν
1808 1498 1872 1550 μὲν
1895 1505 2076 1553 πειρᾶται,
2103 1502 2165 1547 τῆς
2187 1501 2216 1538 δ’

1182 1554 1345 1602 ἀληθείας
1366 1556 1529 1607 οὐδαμῶς
1554 1556 1795 1609 ἐπιτυγχάνων
1819 1561 2010 1610 θεωρεῖται.
2031 1558 2131 1606 Φησὶ
2149 1557 2217 1612 γὰρ

1181 1614 1324 1653 ἅπασαν
1356 1613 1420 1662 τὴν
1456 1614 1661 1667 Αἴγυπτον,
1695 1615 1974 1668 ποταμόχωστον
2013 1611 2119 1656 οὖσαν
2156 1619 2216 1656 καὶ

1180 1672 1330 1726 χαύνην,
1363 1672 1415 1712 ἔτι
1444 1673 1480 1712 δὲ
1511 1674 1716 1727 κισσηρώδη
1747 1674 1811 1723 τὴν
1841 1674 1957 1729 φύσιν,
1995 1677 2148 1729 ῥαγάδας
2178 1693 2217 1715 τε

1182 1738 1336 1790 μεγάλας
1353 1738 1414 1777 καὶ
1431 1739 1597 1786 διηνεκεῖς
1614 1739 1708 1792 ἔχειν
1720 1755 1728 1764 ·
1743 1738 1800 1778 διὰ
1819 1738 1855 1777 δὲ
1875 1738 2006 1779 τούτων
2025 1742 2072 1784 εἷς
2090 1740 2215 1788 ἑαυτὴν

1181 1796 1445 1847 ἀναλαμὸάνειν
1470 1798 1575 1850 ὓγροῦ
1593 1799 1742 1845 πλῆθος·
1759 1797 1819 1836 καὶ
1841 1796 1933 1836 κατὰ
1957 1797 2020 1849 μὲν
2048 1797 2113 1846 τὴν
2138 1814 2195 1851 χει

1183 1854 1325 1908 μερινὴν
1337 1854 1431 1909 ὥραν
1443 1855 1599 1908 συνέχειν
1610 1858 1644 1895 ἐν
1659 1859 1765 1909 ἑαυτῇ
1779 1861 1890 1903 τοῦτο,
1899 1855 1991 1895 κατὰ
2006 1855 2118 1906 δὲτὴν
2132 1860 2218 1911 θερι-

1182 1912 1288 1961 νὴν“’
1263 1929 1383 1968 ωσπερ
1395 1915 1543 1967 ἱδρῶτας
1557 1915 1650 1958 τινὰς
1665 1914 1699 1961 ἐξ
1716 1917 1822 1962 αὖτης
1840 1914 2058 1968 πανταχόθεν
2071 1915 2217 1965 ἀνιέναι,

1182 1971 1241 2010 καὶ
1259 1971 1316 2010 διὰ
1319 1971 1466 2046 Ω,τούτων
1492 1974 1648 2027 πληροῦν
1674 1974 1733 2012 τὸν
1760 1974 1931 2025 ποταμόν.
1956 1973 2048 2013 Οδὲ
2068 1990 2109 2013 συ
2112 1990 2217 2028 γγρα-

1182 2029 1263 2084 φευς
1301 2025 1398 2075 ουτος
1424 2035 1463 2069 οὐ
1502 2032 1581 2086 μόν
1574 2050 1605 2071 ν
1632 2036 1717 2085 ἡμῖν
1745 2032 1904 2087 φαίνεται
1930 2032 1979 2084 μὴ
2015 2033 2221 2084 τεθεαμένος

1152 2039 1246 2137 Ῑτὴν
1265 2089 1367 2143 φύσιν
1385 2106 1454 2128 των
1471 2090 1562 2130 κατὰ
1581 2091 1644 2139 τὴν
1666 2091 1844 2143 Αἴγυπτον
1865 2091 1995 2141 τόπων,
2017 2091 2108 2130 ἀλλὰ
2128 2090 2218 2143 μηδὲ

1182 2149 1280 2203 παρὰ
1292 2152 1361 2188 τῶν
1374 2149 1515 2188 εἰδότων
1527 2149 1571 2189 τὰ
1584 2150 1674 2189 κατὰ
1689 2150 1752 2198 τὴν
1769 2150 1888 2204 χώραν
1902 2151 2033 2199 ταύτην
2046 2153 2218 2202 ἐπιμελῶς

1450 2298 1606 2338 LIBER
1634 2299 1706 2338 UN
1709 2299 1950 2339 DECIMUS.

1659 2373 1746 2406 108.

1225 2428 1376 2469 Ephorus
1391 2429 1560 2461 Cumanus
1572 2428 1656 2461 libro
1673 2429 1778 2470 primo
1793 2430 1849 2470 (XI
1861 2430 1884 2470 9)
1899 2430 2020 2461 Histor‘
2043 2438 2115 2461 rum
2125 2431 2216 2469 AEgy-

1184 2476 1278 2515 ptum
1294 2475 1375 2507 dicit
1392 2478 1506 2507 natura
1520 2475 1644 2507 aridam
1660 2477 1837 2517 quotannis
1851 2476 1929 2508 limo
1945 2486 1982 2508 ex
2030 2477 2072 2508 ilo
2085 2478 2216 2516 aggesto

1183 2522 1314 2561 obduci,
1328 2525 1426 2563 atque
1439 2523 1526 2555 hunc
1539 2523 1689 2562 fluvium,
1700 2523 1792 2564 quasi
1802 2523 1964 2562 sudorem,
1976 2524 2078 2554 calida
2094 2523 2216 2554 aestatis

1183 2570 1378 2610 tempestate
1393 2569 1428 2601 in
1446 2569 1602 2602 leviorem
1615 2572 1649 2602 et
1667 2570 1840 2602 aridiorem
1856 2571 1974 2601 terram
1990 2569 2138 2601 defluere.

1225 2616 1375 2657 Ephorus
1387 2640 1396 2657 ,
1415 2617 1608 2657 historicus,
1634 2620 1746 2649 aestate
1765 2617 1810 2648 ait
1825 2616 1958 2648 relaxari
1991 2618 2092 2647 totam
2124 2617 2215 2655 AEgy-

1183 2663 1289 2704 ptum,
1305 2672 1344 2695 ac
1358 2663 1452 2704 quasi
1476 2663 1635 2695 exsudare
1652 2663 1815 2704 copiosam
1842 2671 1981 2702 aquam3
2006 2670 2044 2697 ac
2073 2660 2217 2693 conferre

1184 2708 1225 2741 ad
1245 2709 1307 2742 hoc
1315 2710 1413 2742 etiam
1426 2710 1577 2743 Arabiam
1593 2712 1626 2742 et
1644 2709 1783 2742 Africam
1798 2709 1840 2740 ob
1855 2717 1963 2740 rarum
1979 2710 2012 2739 et
2026 2707 2215 2739 sabulosum

1184 2756 1302 2788 solum.

1228 2805 1381 2845 Ephorus
1402 2806 1575 2846 AEgyptum
1593 2804 1672 2836 dicit
1690 2813 1709 2835 a
1727 2803 1828 2835 ssuvio
1845 2804 2018 2843 aggestam.
2035 2804 2144 2834 Vei-no
2163 2810 2215 2833 au-

1187 2852 1253 2882 tem
1281 2854 1424 2892 tempore
1441 2853 1569 2892 ruptam
1597 2850 1675 2882 solis
1705 2849 1802 2881 radiis
1828 2852 1945 2881 terram
1964 2857 2082 2890 aquam
2109 2857 2150 2881 ex
2180 2858 2215 2881 se

1184 2898 1340 2937 emittere,
1360 2898 1498 2938 ideoque
1515 2898 1587 2929 Nilo
1600 2897 1699 2928 fluvio
1715 2895 1857 2937 praebere
1873 2895 2120 2928 incrementum.

1225 2945 1389 2986 Ephorus,
1401 2953 1549 2975 caussam
1560 2944 1697 2975 afferens
1713 2942 1966 2974 recentissimam
1979 2942 2214 2982 (inundationis

1184 2992 1274 3031 Nili),
1291 2991 1483 3032 persuadere
1506 2990 1636 3030 quidem
1649 2991 1796 3023 conatur,
1815 2989 1870 3021 sed
1890 2989 2058 3021 veritatem
2081 2989 2214 3020 minime

1184 3038 1312 3078 assequi
1328 3037 1481 3070 cernitur.
1491 3039 1572 3069 Tota
1583 3036 1814 3077 AEgyptus,ait‚
1828 3045 1847 3067 a
1856 3035 1989 3068 flumine
2004 3038 2155 3076 congesta
2166 3039 2215 3067 est

1184 3088 1217 3117 et
1234 3085 1307 3116 laxa
1319 3085 1497 3125 naturaque
1511 3083 1689 3125 pumicosa,
1704 3083 1803 3115 rimas
1817 3083 1851 3115 in
1868 3091 1903 3115 se
1922 3083 2019 3116 habet
2035 3091 2168 3123 magnas
2184 3087 2216 3115 et

1184 3132 1365 3170 continuaS,
1382 3140 1437 3171 per
1452 3139 1534 3171 quas
1552 3130 1697 3162 humoris
1713 3130 1838 3171 copiam
1855 3129 1888 3162 in
1906 3138 1941 3162 se
1953 3130 2084 3171 recipit,
2099 3131 2132 3162 et
2154 3129 2206 3160 hie

1185 3179 1260 3210 mali
1268 3178 1453 3218 temporein
1467 3186 1501 3210 se
1513 3178 1784 3216 continet,aestate
1790 3180 1898 3210 autem
1908 3179 2062 3219 tanquam
2075 3176 2210 3209 sudores

1185 3235 1224 3258 ex
1238 3235 1272 3258 se
1283 3226 1498 3266 undequaque
1522 3225 1662 3266 emittit;
1682 3225 1770 3258 unde
1788 3226 2027 3264 incrementum,
2042 3225 2115 3258 Nilo
2138 3233 2211 3265 prac-

1185 3273 1290 3305 betur.
1309 3272 1455 3313 Scriptor
1470 3272 1524 3304 hic
1543 3281 1609 3304 non
1633 3272 1740 3304 solum
1757 3272 1826 3314 ipse
1847 3272 1994 3305 locorum
2013 3270 2144 3313 AEgypti
2162 3279 2214 3302 na-

1187 3323 1292 3352 turam
1309 3328 1375 3351 non
1391 3320 1522 3360 vidisse,
1539 3319 1596 3352 sed
1612 3329 1672 3353 nec
1693 3320 1734 3352 ab
1750 3319 1811 3361 iis,
1827 3320 1948 3362 quibus
1968 3319 2108 3360 regionis
2126 3318 2212 3350 illius

1195 3369 1275 3399 ratio
1288 3368 1416 3406 cognita
1431 3371 1492 3403 est.
1509 3368 1676 3408 diligenter
1690 3369 1920 3406 percunctatus
1945 3367 2039 3400 nobis
2070 3366 2209 3398 vidwur.
