2320 3684
859 131 912 170 IN
942 130 1168 171 MARMOR
1198 131 1410 193 PARIUM.

87 233 180 259 num
203 221 342 259 Noster
362 219 498 258 eodem
522 218 636 256 modo
664 230 743 269 quo
764 219 1013 257 Alexandrini
1037 227 1115 257 sta—

89 280 202 318 tuerit
225 279 377 329 Olymp.
406 293 439 325 1,
466 291 479 315 1
512 277 650 316 cadere
667 277 707 315 in
725 290 868 315 annum
886 291 906 315 2
926 278 1110 328 AEschyli.

85 338 181 377 Mihi
211 337 368 388 quidem
397 337 517 375 multo
555 335 797 387 probabilius
838 345 897 374 est
931 350 1033 375 anno
1062 351 1107 374 21

86 396 257 446 AEschyli
283 410 305 434 a
331 396 540 435 Marmoris
563 404 720 433 auctore
750 395 853 433 idem
887 404 1036 446 tempus
1058 396 1112 433 si-

83 454 269 506 gnificari,
282 454 387 505 quod
398 454 587 493 Eusebius
598 454 748 492 notavit
758 453 928 504 ejusdem
939 453 1112 502 AEschyli

84 526 186 551 anno
211 512 404 560 secundo,
420 512 590 563 ideoque
614 515 886 563 Syracusarum
925 512 1112 563 epocham

82 574 226 610 Nostro
258 571 428 609 incidere
448 572 487 608 in
509 573 678 623 primum
707 585 850 609 annum
872 570 1112 621 Olympiadis

83 630 217 681 primae
228 659 239 679 ‚
261 638 301 668 et
317 630 457 680 viginti
474 631 584 668 annis
604 632 844 681 superiorem
860 643 942 668 esse
959 630 1111 668 Diodo-

82 701 170 737 rea,
192 687 443 739 quadraginta
460 688 611 726 duobus
629 689 740 726 annis
758 688 973 740 praecedere
989 690 1111 725 Euse-

81 745 250 785 bianam.
269 747 366 787 Nam
391 747 509 786 fuisse
532 751 681 786 Nostro
699 749 797 786 hanc
812 747 1003 798 epocham
1025 760 1109 784 ma-

82 817 202 856 gnum
237 813 458 857 temporum
493 805 747 859 παράπηγμα,
782 806 873 844 inde
900 805 1108 855 colligitur,

80 864 188 916 quod
219 865 394 903 similiter
428 873 545 916 atque
582 866 623 903 in
653 866 720 903 illa
755 864 848 902 belli
877 863 1036 914 Trojani
1071 871 1110 901 et

82 923 327 961 coloniarum
348 924 572 962 Ionicarum
601 935 782 975 expresse
799 923 948 961 addidit
966 935 1108 960 annum

79 981 290 1029 archontis.

133 1041 296 1081 Accedit
319 1041 426 1092 quod
452 1041 525 1079 hac
544 1041 696 1079 ratione
715 1040 936 1079 differentia
959 1041 1025 1078 illa
1048 1040 1108 1077 vi-

78 1102 178 1155 ginti
191 1114 403 1150 annorum,
425 1114 510 1152 quae
524 1101 563 1138 in
578 1109 857 1152 perpetuorum
879 1100 1108 1137 archontum

79 1161 209 1211 regnis
239 1160 412 1199 Eusebio
443 1173 532 1198 cum
551 1163 750 1198 Marmore
781 1158 998 1206 intercedit,
1018 1159 1107 1196 sim-

78 1219 230 1271 pliciter
271 1219 313 1256 in
347 1232 395 1256 eo
436 1218 643 1271 quaerenda
666 1218 796 1265 foret,
820 1217 925 1268 quod
962 1220 1107 1255 Nostro

79 1278 252 1329 AEschyli
261 1291 384 1316 annus
402 1291 447 1315 21
464 1286 560 1325 erat,
574 1277 641 1329 qui
649 1277 821 1316 Eusebio
838 1285 920 1315 erat
937 1277 1108 1327 AEschyli

78 1351 201 1376 annus
232 1350 268 1375 2.
299 1340 345 1375 In
381 1337 557 1388 priorum
579 1337 809 1375 archontum
835 1337 961 1387 regnis
988 1337 1108 1388 igitur

78 1409 226 1435 summa
237 1408 427 1433 annorum
445 1396 559 1433 fuerit
571 1395 718 1443 eadem,
730 1404 864 1434 contra
878 1396 926 1432 de
937 1395 1106 1444 AEschyli

78 1463 117 1493 et
134 1455 365 1493 Alcmaeonis
389 1455 517 1506 regnis
541 1458 683 1494 Noster
713 1455 824 1492 aliter
854 1455 1032 1492 statuerit
1063 1468 1105 1492 ac

81 1513 282 1552 Eusebius.

130 1572 205 1611 Sed
225 1571 426 1610 videamus
446 1573 644 1623 quomodo
665 1582 751 1611 orta
771 1573 819 1611 sit
835 1573 897 1610 illa
916 1572 1103 1610 differen—

78 1633 141 1670 tia.
179 1653 230 1660 —
264 1632 470 1682 Catalogus
505 1633 831 1681 Bacchiadarum,
871 1632 1022 1683 qualem
1058 1644 1105 1669 ex

76 1690 427 1728 Alexandrinorum
458 1690 567 1728 libris
590 1690 698 1728 dedit
725 1691 922 1729 Diodorus
950 1699 989 1728 et
1014 1690 1105 1727 inde

75 1748 217 1787 Euseb.
241 1754 343 1787 Arm.
369 1763 408 1801 p.
434 1750 506 1794 164
525 1757 564 1787 et
582 1750 748 1800 Syncell.
767 1763 806 1801 p.
831 1763 918 1800 179,
939 1750 1002 1787 hic
1022 1757 1078 1787 est
1097 1765 1104 1786 ε

161 1821 196 1856 1,
226 1808 354 1846 Aletes
516 1822 549 1847 a.
571 1809 620 1846 38
650 1812 764 1859 Sync.
786 1809 853 1860 (35
882 1807 1039 1858 Euseb.)

157 1880 194 1913 α,
225 1868 338 1904 Ixion
527 1886 542 1901 »
575 1869 623 1906 38
679 1888 731 1898 ..-

158 1927 195 1973 3,
225 1927 363 1976 Agelas
526 1945 541 1960 »
574 1928 623 1965 35
679 1951 731 1956 -

157 1991 193 2031 1.,
225 1987 402 2034 Prymnis
527 2004 542 2019 »
571 1986 620 2023 35

155 2043 193 2093 5,
223 2043 381 2082 Bacchis
525 2063 540 2078 n
570 2046 619 2083 35

155 2104 192 2150 6,
221 2103 355 2153 Agelas
518 2121 534 2137 ι»
565 2106 615 2141 3ο
646 2139 647 2142 ,

155 2175 192 2209 7,
223 2161 429 2200 Eudemon
523 2180 539 2196 ι»
570 2164 618 2200 25

156 2221 194 2267 8,
223 2220 488 2259 Aristodemus
518 2239 533 2255 »
565 2223 613 2260 35

787 1869 850 1920 (37
883 1867 987 1918 Eus.)

789 1929 850 1978 (37
881 1928 986 1965 Eus.l

155 2293 194 2328 9,
224 2282 380 2329 Agenor
522 2298 537 2313 u
571 2282 617 2318 16

159 2351 198 2384 o,
226 2338 448 2376 Alexander
523 2357 539 2373 »
571 2340 619 2376 25

132 2409 191 2442 ιι,
219 2397 388 2434 Telestes
525 2415 539 2430 »
573 2411 618 2434 η

599 2471 671 2494 1:
686 2470 759 2495 sec.
772 2457 911 2495 Euseb.
929 2472 1002 2505 777
1022 2468 1100 2496 ant.

711 2516 814 2562 Chr.,
835 2518 1000 2568 AEschyli
1015 2531 1047 2555 a.
1069 2533 1098 2555 1.

132 2469 144 2492 1
155 2469 193 2500 α,
222 2459 459 2494 Automenes
521 2475 537 2490 »ι

536 2538 641 2545 --——.

544 2569 620 2606 325

127 2625 294 2677 subjicit
311 2628 535 2677 Syncellus:
556 2629 602 2666 Οἱ
622 2627 813 2680 Κορινθίων
834 2628 1017 2681 (βασιλεῖς)
1037 2628 1100 2673 ἕως

74 2685 173 2723 τοῦδε
195 2689 254 2723 τοῦ
272 2684 399 2738 χρόνου
420 2685 605 2739 διήρκεσαν
621 2714 631 2732 ,
655 2687 731 2736 μεθ’
750 2685 806 2730 οὓς
828 2686 994 2726 ἐνιαύσιοι
1013 2705 1100 2741 πρυ-

74 2742 205 2792 τάνεις,
227 2745 274 2786 ὥς
293 2743 356 2795 μέν
377 2760 467 2788 τινες
492 2744 550 2783 ἐπὶ
572 2744 750 2797 Αἰσχύλου
770 2745 935 2799 ἄρχοντος
949 2747 1015 2785 ’καὶ
1038 2751 1100 2795 τῆς

73 2800 213 2855 πρώτης
230 2802 490 2854 Ὀλυμπιάδος,
508 2806 555 2849 ὣς
578 2803 615 2842 δὲ
635 2803 770 2857 ἕτεροι,
791 2806 880 2856 μετὰ
903 2810 1032 2854 ταῦτα,
1051 2809 1098 2852 ὡς

72 2860 266 2914 πρόκειται.

126 2923 186 2959 Ex
203 2920 344 2971 quibus
361 2921 590 2972 intelligitur
613 2936 692 2960 non
712 2923 834 2962 solum
866 2925 1096 2973 Eusebium,

73 2978 140 3016 sed
169 2979 285 3017 etiam
320 2979 414 3017 alios
449 2982 603 3018 remita
626 2981 855 3029 adornasse,
892 2992 936 3020 ut
965 2998 1097 3035 regum

74 3037 367 3075 Corinthiorum
409 3039 495 3077 finis
536 3040 783 3091 exciperetur
826 3042 1096 3092 olympiadum

73 3104 194 3134 mmo.

125 3155 250 3219 Igitur
268 3167 318 3192 ex
334 3155 499 3194 Diodori
516 3170 676 3195 recensu
693 3158 913 3197 Bacchiadis
933 3161 1094 3200 totidem

4 3235 15 3259 λ.
73 3213 163 3249 anni
185 3212 409 3251 tribuuntur
425 3222 522 3264 quot
541 3215 697 3267 regibus
719 3217 1093 3258 Lacedaemoniorum

3 3263 21 3337 f}
73 3283 195 3321 usque
214 3272 262 3309 ad
290 3273 403 3310 linem
429 3275 666 3323 Alcamenis,
693 3277 755 3314 cui
777 3277 1010 3316 adscribitur
1029 3292 1113 3330 app

2130 134 2203 171 579

1175 231 1235 270 ep.
1261 224 1310 263 24
1340 218 1607 255 contendimus
1633 231 1680 256 ex
1704 226 1877 256 veterum
1903 218 2111 272 ἀναγραφῶν
2138 235 2202 257 ra-

1176 276 1346 314 tionibus
1369 277 1444 314 315
1471 285 1617 314 tantum
1636 290 1758 314 annos
1778 276 1935 327 regibus
1956 277 2200 316 Lacedaemo—

1173 334 1329 372 niorum
1353 334 1519 372 tributos
1539 348 1639 382 esse,
1664 336 1717 373 sic
1743 336 1857 373 etiam
1881 335 2103 374 Bacchiadis
2123 339 2201 388 pri-

1174 393 1289 430 mitus
1312 394 1386 431 315
1409 393 1622 445 (z5x63)
1642 394 1731 432 anni
1754 395 1935 446 assignati
1959 394 2125 433 fuerunt.

1224 455 1360 503 Itaque
1381 454 1497 491 Aletae
1512 467 1634 491 annus
1654 454 1801 505 primus
1820 462 1920 492 esset
1945 467 2055 504 1091,
2083 468 2198 505 quem

1172 523 1315 548 annum
1340 512 1597 562 antiquiores,
1623 513 1678 550 uti
1706 513 1910 564 Ephorus,
1932 527 2005 564 pro
2028 515 2197 552 Heracli-

1172 568 1309 606 darum
1328 570 1475 607 reditus
1495 571 1644 621 epocha
1661 571 1893 609 habuerunt.

1224 632 1309 667 Jam
1335 643 1427 667 vero
1457 630 1520 667 alii
1547 631 1861 682 chronographi,
1885 631 1952 682 qui
1984 632 2199 669 accuratius

1171 687 1301 724 omnia
1336 686 1384 724 ad
1428 687 1598 725 historiae
1635 689 1748 726 fidem
1779 698 1966 740 exputare
1994 690 2199 733 volebant,

1169 745 1314 783 Aletem
1336 745 1519 783 dixerunt
1548 744 1596 797 μὴ
1625 746 1781 793 οἰκιστὴν
1814 750 1874 794 τῆς
1896 747 2066 800 Κορίνθου
2093 764 2196 800 γεγο-

1169 802 1289 850 νέναι,
1316 802 1407 842 ἀλλὰ
1431 803 1597 855 βασιλέα,
1624 803 1693 843 ἔτει
1718 810 1972 859 τριακοστῷ
1993 805 2100 858 μετὰ
2119 807 2196 854 τὴν

1169 862 1377 915 Δωριέων
1413 861 1524 915 ἄφιξιν
1551 863 1755 914 (Didymus
1775 878 1835 915 ap.
1863 866 1988 903 Schol.
2011 867 2056 904 ad
2085 868 2195 905 Pind.

1170 921 1325 973 Olymp.
1341 925 1452 960 XIII.
1467 922 1523 960 Cf.
1541 923 1767 974 Wesseling.
1782 923 1828 961 ad
1841 924 2001 962 Diodor.
2023 933 2118 963 tom.
2133 929 2195 971 IV,

1169 993 1207 1031 p.
1229 981 1333 1030 289).
1349 981 1426 1028 Qui
1438 981 1470 1018 si
1488 994 1560 1031 pro
1575 981 1721 1018 reditus
1736 983 2029 1020 Heraclidarum
2047 985 2196 1037 epocha

1170 1039 1415 1077 retinuerunt
1443 1053 1476 1076 a.
1511 1052 1623 1090 1091,
1655 1041 1775 1077 Aletae
1803 1055 1924 1079 annus
1958 1043 2103 1092 primus
2127 1043 2198 1080 fuit

1173 1097 1285 1143 1061,
1300 1106 1415 1148 atque
1434 1102 1672 1136 Automenes
1689 1099 1934 1136 collocandus
1954 1109 2036 1138 erat
2057 1115 2088 1138 a.
2106 1103 2197 1148 746,

1170 1156 1219 1193 30
1244 1156 1356 1194 annis
1383 1165 1472 1208 post
1489 1157 1647 1208 Olymp.
1674 1171 1704 1204 ¹3
1724 1159 1782 1195 vel
1797 1187 1806 1203 ‚
1824 1158 1856 1195 si
1875 1159 2098 1197 Bacchiadis
2122 1161 2196 1197 325

1167 1227 1289 1253 annos
1319 1215 1520 1261 tribueris,
1547 1229 1580 1253 a.
1607 1217 1682 1262 736
1709 1228 1742 1253 a.
1771 1217 1863 1254 Chr.
1893 1231 1921 1254 s,
1948 1223 1996 1261 4ο
2025 1231 2083 1255 an.
2110 1228 2198 1269 post

1168 1275 1324 1325 Olymp.
1343 1289 1376 1321 1,
1395 1289 1426 1320 13
1447 1275 1538 1312 huic
1562 1275 1641 1312 fere
1661 1288 1762 1313 anno
1783 1276 1972 1313 Eusebius
1993 1279 2196 1326 Syracusas

1167 1332 1350 1371 deductas
1368 1334 1439 1382 ait,
1455 1347 1570 1384 quam
1588 1347 1668 1371 rem
1684 1335 1861 1385 equidem
1878 1344 1982 1372 arcte
2003 1336 2196 1374 cohaerere

1167 1399 1264 1441 puto
1289 1405 1374 1429 cum
1390 1393 1615 1430 Automenis
1633 1406 1752 1438 anno,
1770 1407 1856 1431 cum
1876 1395 1943 1431 illo
1958 1395 2075 1445 igitur
2095 1403 2195 1432 tem—

1168 1462 1263 1500 pore
1284 1459 1456 1487 motuum
1478 1451 1768 1497 intestinorum,
1787 1465 1864 1502 quo
1885 1453 2040 1503 antiqua
2064 1467 2195 1503 regum

1167 1509 1380 1546 dominatio
1403 1518 1617 1547 mutaretur
1634 1511 1673 1548 in
1691 1512 1807 1548 annui
1828 1512 2075 1562 magistratus
2100 1526 2195 1562 pro-

1166 1568 1418 1605 curationem.
1437 1569 1440 1570 ’
1461 1572 1594 1619 Itaque
1629 1569 1790 1607 diversae
1829 1570 1877 1606 de
1920 1572 2194 1619 Syracusarum

1167 1639 1270 1664 anno
1290 1628 1597 1679 computationes
1618 1628 1843 1679 pendebunt
1868 1643 1914 1665 ex
1935 1642 2036 1668 anno
2054 1630 2120 1680 qui
2147 1644 2193 1667 ex

1166 1685 1330 1724 diversis
1370 1688 1564 1738 computis
1598 1687 1863 1739 assignabatur
1894 1689 2114 1726 Automeni.
2145 1711 2194 1717 -—

1165 1746 1240 1784 Alii
1255 1746 1305 1783 ita
1321 1755 1564 1796 computasse
1582 1747 1779 1793 videntur,
1796 1755 1838 1783 ut
1854 1747 1928 1784 325
1942 1761 2064 1784 annos
2080 1747 2195 1784 addc-

1166 1814 1251 1842 rent
1268 1819 1370 1842 anno
1403 1807 1492 1853 776,
1514 1807 1681 1856 ideoque
1702 1819 1773 1856 pro
1804 1807 1930 1855 primo
1951 1807 2070 1843 Aletae
2091 1820 2192 1843 anno

1164 1876 1202 1905 et
1223 1881 1296 1918 pro
1319 1868 1483 1906 Reditus
1504 1869 1654 1919 epocha
1680 1869 1995 1906 nanciscerentur
2017 1881 2049 1906 a.
2083 1884 2096 1906 1
2110 1883 2191 1907 101.

1163 1930 1246 1965 Jam
1267 1940 1359 1964 vero
1380 1941 1426 1965 ex
1446 1940 1580 1965 corum
1600 1927 1769 1974 ratione,
1786 1928 1853 1978 qui
1867 1928 2015 1965 Aletam
2036 1928 2193 1979 triginta

1164 1986 1274 2023 annis
1298 1994 1386 2036 post
1409 1986 1575 2023 reditum
1608 1986 1898 2023 Heraclidarum
1923 1986 2094 2024 Corinthi
2124 2001 2190 2024 re-

1162 2058 1248 2094 gem
1270 2045 1411 2082 factum
1433 2059 1514 2083 esse
1530 2053 1759 2091 statuerunt,
1773 2045 1890 2082 Aletae
1905 2059 2028 2082 annus
2045 2047 2192 2096 primus

1163 2103 1236 2140 fuit
1272 2117 1391 2151 1071,
1427 2112 1465 2141 et
1494 2112 1779 2154 consequenter
1809 2104 2037 2141 Automenis
2069 2118 2192 2142 annus

1164 2162 1239 2207 746
1261 2175 1293 2198 a.
1311 2162 1402 2199 Chr.
1419 2163 1568 2200 Primus
1588 2176 1711 2200 annus
1729 2163 1885 2213 Olymp.
1908 2177 1921 2199 1
1942 2163 2193 2213 assignandus

1161 2229 1243 2258 erat
1266 2235 1367 2258 anno
1382 2223 1404 2258 8
1421 2222 1638 2259 Alexandri.
1658 2222 1730 2258 Alii
1745 2221 1859 2271 deniq
1867 2235 1912 2257 ue
1926 2222 2192 2272 Olympiadem

1163 2280 1327 2329 primam
1355 2279 1481 2317 eidem
1512 2293 1544 2316 a.
1577 2281 1599 2316 8
1635 2280 1847 2318 Alexandri
1879 2280 2191 2331 adscripserunt,

1164 2339 1228 2375 sed
1253 2339 1345 2375 huic
1365 2339 1445 2389 regi
1464 2351 1541 2376 non
1563 2338 1626 2385 25,
1643 2339 1709 2376 sed
1735 2339 1780 2375 15
1809 2347 1957 2376 tantum
1985 2349 2106 2376 anno‘s
2125 2340 2192 2376 de-

1164 2398 1323 2444 derunt,
1342 2398 1392 2435 ita
1408 2406 1450 2434 ut
1463 2398 1691 2436 Bacchiadae
1710 2399 1953 2448 regnaverint
1972 2401 2014 2436 31
2027 2399 2047 2435 5
2069 2400 2189 2436 annis.

1162 2458 1222 2496 Sic
1242 2458 1360 2508 igitur
1379 2458 1428 2495 ab
1449 2458 1678 2509 Olympiade
1710 2458 1835 2508 prima
1857 2471 1976 2508 usque
1997 2457 2043 2494 ad
2075 2465 2190 2494 Auto-

1161 2530 1309 2554 menem
1346 2530 1395 2553 20
1415 2517 1503 2553 anni
1525 2525 1645 2554 erant.
1673 2519 1755 2553 Jam
1784 2517 1814 2553 si
1838 2530 1963 2554 sumas
1986 2517 2189 2554 Mai-moris

1161 2583 1357 2613 auctorem
1387 2576 1641 2612 Automenem
1674 2574 1935 2625 composuisse
1965 2587 2050 2611 cum
2086 2587 2189 2610 anno

1163 2645 1208 2669 21
1239 2633 1411 2683 AEschyli
1439 2642 1475 2671 et
1501 2647 1587 2670 cum
1629 2633 1901 2683 Olympiadum
1923 2633 2055 2676 initio;
2079 2633 2188 2670 facilc

1160 2691 1243 2729 fieri
1281 2693 1408 2743 potuit
1437 2701 1479 2730 ut
1514 2693 1591 2739 alii,
1630 2693 1696 2743 qui
1727 2695 1982 2730 Automenem
2006 2705 2054 2728 20
2075 2694 2186 2730 annis

1160 2759 1246 2801 post
1267 2759 1491 2801 posuerunt,
1517 2749 1680 2801 primam
1698 2751 1967 2801 Olympiadem
1991 2751 2186 2789 adscribe—

1159 2817 1245 2845 rent
1267 2823 1370 2847 anno
1390 2810 1558 2858 AEschyli
1588 2810 1734 2859 prime.

1212 2869 1429 2906 Secundum
1444 2869 1671 2918 Apollodori
1689 2868 1854 2904 calculos
1870 2872 2100 2907 Automenes
2119 2883 2170 2921 po

1158 2926 1263 2963 nitur
1281 2939 1318 2964 a.
1342 2927 1492 2977 749(cf.
1507 2927 1654 2964 Miiller.
1674 2930 1765 2964 Dor.
1791 2930 1849 2973 II,
1875 2941 1912 2977 p.
1935 2928 2053 2980 487);
2080 2931 2183 2980 quod

1158 2985 1249 3022 satis
1263 2985 1363 3023 bene
1380 2986 1544 3036 quadrat
1573 2999 1659 3022 cum
1680 2986 1754 3022 illis
1780 2986 1936 3023 calculis
1949 3015 1958 3033 ,
1975 3000 2022 3024 ex
2040 2988 2183 3038 quibus

1158 3044 1369 3094 Diodorus,
1396 3044 1748 3081 Alexandrinorum
1772 3053 1938 3082 sectator
1952 3075 1962 3092 ‚
1977 3048 2181 3096 Syracusas

1157 3103 1332 3140 conditas
1352 3104 1529 3140 statuisse
1554 3103 1709 3140 videtur
1727 3116 1759 3140 a.
1784 3103 1859 3150 750
1883 3117 1915 3141 a.
1938 3106 2047 3152 Chr.;
2067 3120 2179 3157 quem

1155 3174 1356 3198 numerum
1378 3162 1466 3198 ideo
1489 3162 1651 3211 praefero
1667 3162 1789 3209 alteri,
1806 3163 1967 3210 756-57.
1988 3168 2034 3202 V.
2053 3178 2179 3216 supra.

1483 3225 1621 3272 Epoclz.
1641 3225 1701 3262 32.
1722 3238 1775 3262 vs.
1798 3226 1859 3270 48.

1206 3282 1358 3319 Selden
1385 3282 1577 3332 supplevit
1577 3281 1699 3352 ᾑρέθη
1716 3286 1734 3321 ὁ
1760 3282 1890 3336 ἅρχων,
1906 3286 2065 3325 Palmei.
2077 3282 2177 3340 ἠρξεν

4 3325 21 3399 Ξ
73 3305 669 3382 Euseb.Olymp.1,1.Veruni
688 3336 1013 3385 quemadmodum
1042 3339 1089 3376 ad
1152 3342 1225 3393 Κρε
1217 3339 1509 3386 '0›v,Prideaux.
1529 3336 1610 3393 ἠρξε
1612 3357 1629 3378 ν
1648 3344 1668 3379 ὁ
1687 3342 1821 3397 Κρέων

1909 3432 1952 3460 37.
