2294 3704
911 147 978 185 DE
1007 147 1339 190 THEOPOMPO.
1384 146 1389 152 ’

2038 167 2174 194 Lxxlll

114 240 224 279 Libro
249 241 535 290 quadragesimo
553 240 658 274 tertio
677 248 699 274 a
712 235 894 286 Philippo
911 246 1085 281 exorsu5‚
1145 236 1225 288 περὶ
1254 236 1342 276 Χίου
1371 239 1573 284 ἐπιστολαῖς
1588 269 1598 287 ,
1623 247 1667 277 ut
1684 240 1750 277 vix
1767 239 1930 278 dubium
1955 254 2036 279 esse
2053 244 2177 293 possit

60 301 127 351 qui
148 300 209 338 Ol.
231 313 316 348 109,
331 311 353 335 a
382 311 454 349 per
468 296 639 346 Illyriam
663 303 702 332 et
726 293 888 344 Epirum
914 293 956 330 in
973 297 1086 330 Grae—

61 360 157 397 ciam
178 365 382 408 penetrare
411 353 583 400 studuit,
617 353 894 403 digressionem
920 351 1010 389 fecit
1041 350 1088 388 de

62 419 170 469 Epiri
191 414 413 467 regionibus
432 426 641 462 earumque
659 420 799 449 natura
814 410 939 461 deque
960 422 1088 460 popu-

63 477 189 515 lorum
215 475 282 526 qui
301 474 368 511 has
391 481 510 510 terras
536 472 711 509 incolunt
730 469 961 522 originibus.
993 473 1089 516 Quae

62 536 351 585 subsequuntur
370 546 431 570 res
451 531 621 582 Philippi
643 543 763 581 usque
788 530 836 567 ad
856 541 1022 581 pugnam
1043 527 1091 564 ad

62 595 310 634 Chaeroneam
348 599 463 642 gestae
495 598 661 627 narratae
691 589 851 626 fuerunt
886 600 1009 638 usque
1043 586 1091 623 ad

63 653 196 691 librum
227 653 572 700 quinquagesimum
586 643 593 652 ’
606 652 787 698 primum.
817 650 862 685 In
885 646 1092 697 digressio-

61 711 176 750 nibus
195 710 297 748 inter
316 709 390 747 alia
403 708 482 759 egit
501 707 547 745 de
561 706 684 747 Sicilia
702 706 762 756 (fr.
779 705 870 754 250,
887 703 993 754 251),
1011 703 1093 741 sine

63 770 184 808 dubio
204 769 252 807 de
275 768 521 807 Timoleonte
541 779 740 817 exponens
761 764 1094 815 Carthaginienses

65 829 292 868 debellante.
325 827 441 865 L1'ber
457 829 787 876 quinquagesimus
805 826 990 862 secundus
1012 831 1094 861 erat

65 888 113 927 de
132 887 380 939 expeditione
401 883 623 923 Archidami
650 883 871 922 Tarentinis
889 887 1008 933 opem·
1033 882 1094 919 fe·-

65 954 174 986 rente
203 953 340 983 contra
366 948 556 983 Lucanos.
587 943 663 990 Qui
690 955 809 993 quum
829 941 870 979 in
893 942 1004 978 Italia
1030 954 1096 978 ea-

66 1007 151 1045 dem
173 1006 236 1044 die
255 1005 525 1052 occumberet,
547 1017 624 1055 qua
645 1003 687 1041 in
704 1003 855 1041 Graecia
876 1001 924 1039 ad
942 1001 1097 1040 Chaero-

66 1080 176 1105 neam
199 1074 414 1117 pugnatum
431 1072 488 1102 est
510 1063 688 1116 (Diodor.
708 1066 836 1109 XVII,
858 1061 946 1112 88),
976 1060 1026 1099 ab
1050 1074 1096 1098 eo

67 1125 114 1163 ad
130 1125 349 1176 Philippum
367 1136 544 1161 reversus
574 1121 665 1159 llbro
693 1124 995 1171 quiuquagesimo
1027 1129 1100 1157 ter-

69 1189 116 1222 tio
141 1184 266 1235 ipsam
287 1183 436 1220 hancce
455 1194 625 1233 pugnam
655 1180 884 1232 descripsit,
917 1192 1024 1230 qnae,
1055 1187 1099 1216 ut

69 1244 244 1283 Justinus
261 1243 328 1291 ait,
346 1241 538 1279 universae
557 1240 716 1278 Graeciae
733 1248 770 1277 et
785 1240 947 1290 gloriam
971 1239 1098 1277 domi-

70 1302 238 1340 nationis
257 1309 296 1340 et
310 1300 611 1339 vetustissimam
631 1299 848 1337 libertatem
865 1298 1003 1336 finivit.
1023 1298 1100 1345 Qui

75 1370 218 1400 restant
237 1360 326 1399 libri
346 1361 533 1411 reliquam
550 1359 721 1410 Philippi
741 1372 785 1395 ac
805 1359 963 1395 Graeciae
977 1358 1101 1396 histo-

72 1422 170 1459 riam
191 1434 312 1472 usque
333 1421 381 1458 ad
405 1427 568 1457 mortem
593 1419 692 1468 regis
710 1417 975 1456 continebant.
1009 1418 1099 1455 Sin-

72 1482 248 1532 gulorum
279 1486 505 1530 argumenta
533 1478 674 1516 certius
698 1477 881 1514 constitui
908 1477 975 1514 vix
1003 1489 1100 1527 pos-

74 1547 176 1578 sunt.

127 1597 282 1637 Accedo
300 1597 349 1635 ad
369 1596 520 1634 minora
539 1594 712 1646 quaedam
728 1594 873 1645 scripta
887 1594 1104 1644 Theopom-

75 1658 129 1710 pi.
157 1661 256 1696 Nam
278 1670 355 1694 non
374 1656 497 1693 solum
518 1662 683 1705 propter
716 1667 761 1691 ea
793 1667 879 1703 quae
899 1653 1102 1704 hucusque

76 1716 285 1754 memoravi
310 1727 453 1766 opera,
485 1713 553 1751 sed
580 1713 694 1750 etiam
711 1742 721 1761 ,
748 1719 792 1749 ut
814 1712 1026 1761 Dionysius
1051 1712 1104 1749 ait

77 1777 162 1826 (Ep.
185 1775 230 1812 ad
253 1777 320 1812 Cn.
338 1777 474 1823 Pomp.
492 1781 583 1810 tom.
601 1775 663 1818 VI,
686 1785 726 1822 p.
745 1770 850 1822 782),
871 1768 1022 1814 πολλοὺς
1040 1768 1103 1820 μὲν

75 1830 354 1886 πανηγυρικοὺς,
373 1829 519 1875 πολλοὺς
541 1828 576 1867 δὲ
596 1827 910 1880 συμὸουλευτικοὺς
928 1828 1103 1873 συνταξά-

79 1908 178 1944 μενος
198 1892 335 1943 λόγους,
355 1888 538 1932 ἐπιστολὰς
560 1888 595 1927 δὲ
611 1889 671 1931 τὰς
687 1887 857 1942 ἀρχαῖκὰς
870 1888 1104 1941 γραφομένας,

78 1953 137 1992 καὶ
158 1951 335 1999 ὑποθήκας
354 1950 461 1993 ἄλλας
477 1949 582 2000 λόγου
602 1948 698 1994 ἀξίαν
719 1949 874 2003 ἱστορίαν
892 1964 1107 2003 πεπραγμα-

78 2011 254 2062 τευμένος,
272 2010 364 2056 ἄξιος
381 2011 609 2048 ἐπαινεῖσθαι.

133 2072 329 2112 Orationis
346 2069 585 2122 panegyricae
594 2068 813 2119 exemplum
821 2067 987 2105 vidimus
1007 2071 1108 2105 Lau-

82 2133 279 2170 dationem
295 2130 473 2167 Mausoli.
503 2128 764 2166 Laudationes
782 2127 951 2178 Philippi
965 2135 1002 2164 et
1019 2128 1107 2165 Ale-

80 2191 219 2230 xandri
244 2196 458 2227 memorant
473 2187 610 2225 Theon
627 2191 834 2237 Progymn.
853 2200 890 2237 p.
916 2200 960 2236 ¹9
977 2195 1015 2224 et
1036 2190 1106 2225 103

82 2258 120 2288 et
157 2249 294 2287 Suidas
328 2262 366 2286 v.
399 2244 552 2300 Ἔφορος
570 2276 582 2297 ,
613 2246 681 2297 qui
716 2246 832 2283 etiam
863 2245 1107 2296 Vituperium

82 2307 291 2347 Alexandri
321 2319 342 2343 a
372 2306 626 2356 Theopompo
661 2305 848 2355 scriptum
882 2318 964 2342 esse
1000 2305 1108 2343 dicit.

38 2410 42 2413 .
81 2367 187 2404 Alias
207 2365 347 2402 multas
364 2365 438 2402 hoc
462 2378 580 2415 genus
603 2364 796 2401 orationes
820 2377 842 2400 a
858 2364 1110 2415 Theopompo

23 2462 30 2469 ,
84 2425 319 2476 compositas
339 2437 420 2462 esse
438 2424 521 2475 ipse
540 2432 701 2462 testatur
723 2423 828 2474 apud
843 2423 1024 2460 Photium
1042 2425 1066 2461 l.
1085 2425 1108 2461 l.

138 2491 247 2526 Inter
276 2486 470 2524 orationes
497 2485 686 2524 suasorias
709 2485 876 2522 citantur
903 2484 1111 2536 Συμὸουλαὶ

84 2545 169 2599 πρὸς
192 2543 415 2599 Ἀλέξανδρον
447 2543 601 2597 (Athen.
623 2548 693 2589 VI,
721 2546 815 2589 230,
850 2545 896 2582 fr.
926 2545 1017 2596 276)
1051 2546 1110 2583 vel

85 2603 390 2655 Συμὸουλευτικὸν
419 2602 504 2657 πρὸς
535 2602 758 2656 Ἀλέξανδρον
792 2603 883 2653 (Cic.
913 2603 960 2640 ad
993 2604 1109 2642 Attic.

85 2666 177 2710 XII,
203 2664 284 2713 40),
310 2663 367 2700 vel
385 2663 554 2713 denique
570 2661 765 2708 Ἐπιστολὴ
784 2661 869 2716 πρὸς
888 2661 1111 2715 Ἀλέξανδρον

86 2721 138 2774 (v.
153 2722 356 2760 Ruhnken.
375 2722 473 2760 Hist.
490 2721 575 2759 crit.
597 2730 708 2758 oratt.
730 2723 796 2759 Gr.
820 2734 855 2771 p.
881 2722 951 2758 162
971 2722 1046 2772 lt).
1068 2723 1110 2760 In

86 2781 159 2818 hac
170 2780 331 2830 epistola
344 2779 620 2830 Theopompus
634 2781 712 2830 egit
734 2780 781 2826 de
802 2787 903 2817 statu
927 2780 1112 2819 Chiorum

89 2839 266 2886 civitatis,
283 2839 588 2890 perstrinxitque
604 2839 804 2877 hominum
820 2839 886 2890 qui
903 2847 993 2876 tunc
1007 2854 1111 2878 rem-

87 2899 279 2950 publicam
295 2897 614 2936 administrabant
634 2899 927 2949 perversitatem
943 2912 1108 2936 morum-

87 2971 162 3008 que
185 2958 414 3008 pravitatem
432 2956 498 3008 (6).
531 2957 716 3008 Princeps
736 2971 872 2996 eorum
889 2957 963 2995 fuit
980 2958 1112 2995 Theo-

90 3011 209 3048 critus
234 3011 322 3054 ille,
351 3023 469 3060 supra
490 3009 569 3060 jam
596 3011 794 3058 laudatus,
827 3024 942 3062 quem
973 3014 1113 3048 Noster

89 3078 281 3120 tamquam
305 3070 499 3107 hominem
524 3071 718 3121 corruptis
739 3070 913 3108 moribus
936 3078 974 3107 et
998 3071 1112 3108 luxu-

87 3128 145 3165 ria
171 3141 239 3166 sua
265 3128 455 3178 insignem
475 3141 561 3165 cum
580 3129 750 3178 Harpalo
769 3129 1030 3179 composuisse
1049 3130 1111 3166 vi-

89 3186 201 3224 detur
226 3188 271 3224 sr.
294 3201 382 3235 277.
419 3191 477 3226 De
505 3187 638 3225 eodem
660 3189 830 3238 Harpalo
858 3189 954 3225 dixit
978 3189 1012 3225 ἐν
1038 3194 1113 3230 ταῖς

131 3266 176 3307 (6)
199 3267 399 3309 Theopompi
427 3268 582 3301 adversus
613 3269 708 3301 Chios
742 3269 981 3302 criminationes
1010 3278 1114 3310 respe-

88 3313 138 3345 xit
146 3313 260 3346 suidas
269 3313 313 3355 (v.
322 3314 466 3357 Ἔφορος)
479 3324 486 3346 :
501 3316 686 3349 Ἐπέστελλε
699 3316 730 3348 δὲ
739 3316 838 3348 πολλὰ
847 3317 927 3348 κατὰ
939 3316 1025 3348 Χίων
1038 3317 1114 3348 Ἀλε-

88 3359 214 3403 ξάνδρῳ.

1148 295 1185 332 h.
1210 297 1234 334 l.
1257 298 1407 335 easdem
1439 299 1571 337 literas
1599 300 1741 350 respici
1767 313 1862 351 quas
1890 309 2001 338 antea
2027 301 2177 340 dixerat

1148 352 1233 406 πρὸς
1255 354 1488 410 Ἀλέξανδρον.
1524 357 1599 396 Sed
1618 371 1666 396 ne
1686 358 1780 409 quid
1794 359 2027 397 dissimulem
2041 389 2051 406 ,
2082 361 2178 398 titu-

1149 412 1210 449 lus
1244 415 1359 451 modo
1401 417 1601 466 appositus
1634 417 1976 469 Schweighaeuseri
2016 418 2180 456 debetur

1150 469 1380 520 conjecturae
1392 503 1401 520 ,
1423 488 1539 524 quam
1557 477 1736 526 equidem
1754 478 1992 515 verissimam
2012 491 2093 516 esse
2111 491 2181 528 pu-

1151 537 1203 567 to,
1231 531 1355 581 Vulgo
1374 533 1515 582 legitur
1526 536 1560 571 ἐν
1577 540 1647 578 τοῖς
1660 535 1740 589 περὶ
1755 535 1843 580 Χίας
1859 537 2057 584 ἐπιστολῆς,
2073 537 2180 587 quod

1150 589 1388 628 Wichersius
1413 594 1536 643 accipi
1557 596 1638 632 vult
1660 610 1759 647 proz
1783 597 1816 635 ἐν
1841 602 1914 640 τοῖς
1940 601 2181 650 συγγράμμα·

1152 663 1205 686 σῑν
1223 649 1283 685 vel
1308 650 1342 686 ἕν
1363 655 1435 694 τοῖς
1463 651 1575 704 λόγοις
1602 654 1681 707 περὶ
1703 658 1765 701 τῆς
1784 654 1873 698 Χίας
1902 657 2109 703 ἐπιστολῆς,
2139 663 2182 692 ut

1153 709 1454 746 commentarius
1488 711 1548 747 vel
1585 713 1744 763 scriptio
1773 714 2022 765 intelligenda
2051 714 2102 752 sit
2134 714 2183 751 ad

1153 767 1415 805 Alexandrum
1433 768 1480 806 de
1500 770 1672 820 Epistola
1692 785 1806 821 quam
1825 773 1873 810 ad
1891 774 2007 812 Chios
2023 773 2181 810 miserit.

1153 830 1299 864 Verum
1319 827 1400 864 haec
1421 827 1554 878 graecis
1575 829 1699 867 inesse
1724 831 1788 868 vix
1812 841 1984 882 possunt.
2006 832 2183 883 Sylburg.

1154 885 1202 923 ad
1222 886 1385 935 Dionys.
1406 887 1430 923 l.
1448 886 1472 923 l.
1490 887 1580 937 legit
1608 902 1615 925 :
1638 890 1673 926 ἐν
1693 891 1737 939 τῇ
1757 890 1841 943 πρὸς
1869 890 1975 934 Χίους
2003 891 2184 943 ἐπιστολῇ,

1156 944 1262 995 quod
1280 944 1332 982 ob
1345 945 1517 983 rationes
1532 960 1554 983 a
1571 947 1921 998 Schweigliaensero
1937 951 2065 987 allatas
2086 958 2186 987 stare

1156 1003 1306 1053 nequit.
1341 1003 1618 1053 Casaubonus,
1652 1006 1714 1043 cui
1732 1006 1990 1057 adstipulatur
2023 1007 2186 1058 Pssugk.,

1157 1061 1273 1099 scribi
1302 1063 1386 1100 vult
1410 1064 1444 1100 ἐν
1472 1068 1549 1105 ταῖς
1577 1064 1767 1115 ἀρχαϊκαῖς
1798 1066 2010 1110 ἐπιστολαῖς.
2044 1071 2187 1106 Verum

1158 1122 1212 1159 sic
1229 1121 1277 1159 ab
1295 1122 1445 1160 incerto
1460 1123 1499 1159 in
1516 1122 1701 1162 incertius
1719 1124 1976 1162 detrudimur.
2004 1129 2102 1163 Nam
2123 1126 2188 1163 ad-

1159 1182 1318 1219 modum
1348 1182 1558 1220 verisimile
1592 1191 1648 1220 est
1676 1183 1780 1234 ipsas
1808 1184 1892 1221 illas
1922 1184 2103 1234 epistolas
2128 1183 2189 1227 τὰς

1158 1241 1330 1296 ἀρχαϊκὰς
1344 1240 1512 1294 (ἀχαϊκὰς
1527 1255 1611 1280 var.
1629 1243 1728 1294 lect.)
1747 1241 1971 1297 γραφομένας
1985 1244 2087 1293 apud
2100 1244 2190 1282 Dio-

1159 1302 1312 1352 nysium
1337 1303 1394 1352 (7)
1419 1315 1467 1339 ex
1486 1315 1617 1340 errore
1638 1311 1745 1340 natas
1761 1316 1854 1341 esse.
1885 1305 1998 1341 Certe
2017 1303 2118 1340 inter
2132 1316 2189 1340 vv.

1161 1361 1367 1398 doctorum
1385 1361 1626 1411 conjecturas
1646 1362 1752 1398 nulla
1772 1361 1888 1399 habet
1905 1362 2071 1412 speciem
2090 1362 2191 1399 veri-

1161 1421 1437 1458 similitudinis.
1450 1421 1610 1458 Vossius
1624 1421 1669 1470 (1,
1689 1421 1726 1468 5,
1747 1424 1782 1467 7)
1799 1420 1846 1457 de
1863 1420 1983 1458 literis
2001 1420 2048 1457 ad
2070 1420 2190 1457 Achi-

1161 1493 1228 1517 vos
1249 1479 1372 1516 missis
1393 1479 1550 1529 cogitat.
1570 1479 1822 1517 Ruhnkenius
1837 1492 1925 1516 cum
1942 1479 2193 1516 Valckenario

1162 1539 1255 1589 legit
1286 1540 1339 1576 ἐπ.
1357 1537 1420 1581 τὰς
1452 1539 1633 1591 ἀρχαϊκῶς
1653 1537 1896 1592 γραφομένας,
1926 1538 1950 1575 i.
1980 1551 2012 1575 e.
2042 1542 2193 1586 antiquo

1161 1601 1255 1646 stylo
1270 1602 1438 1648 scriptas.
1475 1597 1704 1647 Sylburgius
1721 1597 1894 1649 ἀρχαϊκὰς
1913 1596 2194 1650 ἐπιγραφομένας

1162 1658 1289 1707 legens
1300 1685 1309 1701 ,
1327 1657 1366 1694 in
1384 1657 1430 1694 iis
1443 1656 1739 1707 Theopompum
1756 1656 1803 1694 de
1818 1657 1936 1706 prisci
1951 1657 2022 1694 aevi
2037 1656 2192 1693 virtuti-

1163 1715 1235 1752 bus
1254 1716 1376 1766 egisse
1399 1715 1529 1752 credit.
1559 1718 1738 1752 Ceterum
1756 1723 1882 1762 recte,
1909 1723 2029 1765 puto,
2056 1715 2195 1752 Ruhn-

1164 1774 1314 1821 kenins,
1328 1774 1547 1811 W‘ichersio
1564 1773 1812 1824 suffragante,
1830 1788 1879 1812 ex
1894 1773 2104 1811 acerbitate
2116 1787 2196 1811 ora-

1166 1832 1280 1869 tionis
1308 1840 1346 1868 et
1375 1832 1639 1877 vehementia,
1679 1846 1795 1883 quam
1823 1832 1936 1870 effert
1969 1833 2194 1883 Dionysius,

1166 1891 1397 1928 concludere
1430 1891 1523 1928 mihi
1560 1891 1739 1938 videtur,
1773 1893 1978 1942 epistolam
2010 1891 2113 1928 illam
2148 1891 2196 1928 ad

1166 1952 1428 1988 Alexandrum
1453 1950 1515 1988 vel
1533 1950 1580 1988 de
1597 1951 1695 1988 Chio
1717 1951 1842 1989 insula
1860 1965 1974 1988 unam
2007 1950 2123 1988 fuisse
2149 1964 2195 1987 ex

1166 2010 1241 2047 illis
1258 2012 1458 2063 ἀρχαικαῖς.
1493 2013 1589 2057 Quae
1606 2023 1724 2060 quum
1740 2011 1790 2047 ita
1811 2011 1903 2059 sint,
1926 2024 1973 2047 ne
1994 2007 2191 2060 ἀσύμὸολος

1168 2069 1381 2116 discedam,
1412 2069 1593 2119 equidem
1615 2069 1860 2106 scribendum
1887 2077 1983 2120 puto
2008 2068 2194 2110 ἐπιστολὰς

1168 2127 1227 2171 τὰς
1243 2127 1323 2181 περὶ
1345 2129 1414 2165 τῶν
1434 2129 1553 2180 ἀρχῶν
1574 2126 1671 2166 Χίων
1692 2127 1913 2181 γραφομένας
1934 2127 1995 2164 vel
2013 2125 2074 2169 τὰς
2096 2143 2110 2159 «
2124 2126 2197 2179 Ἀρ-

1168 2186 1231 2239 χαὶ
1257 2189 1374 2226 Χῖαι»
1397 2186 1696 2239 ἐπιγραφομένας,
1715 2188 1767 2224 ita
1784 2196 1826 2224 ut
1844 2188 1965 2224 literae
1986 2186 2199 2237 intelligan-

1171 2254 1232 2283 tur
1251 2245 1300 2283 de
1320 2245 1606 2296 magistratibus
1627 2245 1828 2282 Chiorum.

1224 2308 1414 2342 Praeterea
1425 2303 1703 2354 Theopompus
1720 2303 1863 2340 citatur
1883 2303 1918 2340 ἐν
1935 2304 1986 2355 τῷ
1997 2298 2088 2339 κατὰ
2100 2301 2198 2340 Πλά-

1169 2378 1278 2406 τωνος
1298 2361 1479 2415 διατριὸἧς
1494 2363 1554 2409 (fr.
1579 2362 1691 2413 279),
1703 2376 1788 2413 quae
1806 2362 1991 2413 digressio
2009 2362 2125 2399 fuisse
2142 2362 2199 2398 vi-

1171 2428 1284 2465 detur
1298 2428 1336 2465 in
1354 2428 1596 2478 Philippicis.
1632 2427 1739 2465 Idem
1765 2427 1904 2464 cadere
1928 2435 2054 2477 potest
2080 2426 2115 2462 in
2139 2426 2199 2462 lo-

1172 2501 1258 2524 cum
1285 2487 1410 2526 Schol.
1439 2486 1712 2538 Aristophanis
1741 2486 1802 2536 (fr.
1821 2485 1939 2537 252),
1974 2484 2041 2522 nbi
2068 2484 2199 2521 Theo—

1172 2560 1341 2597 pompus
1371 2547 1406 2583 ἐν
1438 2548 1488 2598 τῷ
1521 2545 1601 2599 περὶ
1635 2544 1811 2588 εὖσεὸείας
1839 2544 2030 2582 laudatur.
2068 2545 2200 2592 Neque

1173 2614 1299 2643 tamen
1332 2605 1473 2643 certius
1506 2604 1690 2655 quiddam
1730 2604 1778 2641 de
1810 2604 1881 2640 hac
1913 2615 1953 2639 re
1989 2601 2197 2638 statuerim.

1172 2665 1360 2712 Quamvis
1398 2665 1499 2703 enim
1531 2676 1754 2714 persuasum
1788 2663 1864 2699 fere
1903 2659 1997 2697 mihi
2036 2659 2083 2695 sit
2117 2672 2196 2696 non

1173 2724 1371 2774 scripsisse
1413 2723 1709 2773 Theopompum
1737 2720 1927 2770 singulare
1967 2721 2025 2755 De
2052 2718 2200 2755 Pietate

1172 2796 1271 2833 opus
1288 2811 1297 2828 ,
1335 2791 1462 2820 tamen
1491 2782 1661 2819 historiae
1689 2780 1793 2830 ejus,
1826 2779 1863 2814 in
1890 2775 2030 2827 quibus
2057 2775 2200 2826 ubique

1173 2842 1358 2878 vitiorum
1379 2842 1571 2878 sincerum
1593 2851 1744 2876 osorem
1774 2849 1853 2874 sese
1880 2834 2055 2886 praebet,
2080 2835 2200 2871 multa

1174 2900 1310 2951 procul
1329 2899 1448 2937 dubio
1467 2898 1619 2950 pietatis
1635 2897 1852 2934 habuerunt
1867 2894 2104 2944 aliarumque
2119 2893 2201 2930 vir-

1174 2967 1300 2996 tutum
1333 2956 1599 3008 exemplaffl),
1619 2969 1704 3006 quae
1733 2968 1754 2991 a
1781 2952 1989 2991 serioribus
2014 2953 2052 2989 in
2080 2965 2199 2989 unum

1217 3034 1262 3074 (7)
1291 3038 1324 3065 L.
1338 3034 1359 3064 l.
1378 3035 1410 3065 et
1423 3042 1454 3073 p.
1470 3031 1800 3071 767,ubi,postquam
1814 3029 1938 3061 dixerat
1954 3028 2085 3060 differre
2095 3028 2200 3059 Theo-

1172 3081 1358 3122 pompinam
1372 3080 1548 3111 orationem
1564 3077 1604 3109 ab
1621 3079 1779 3109 Isocratea
1794 3076 1866 3108 ὅταν
1891 3076 2019 3117 ὀνειδίζῃ
2036 3075 2162 3107 πόλεσιν
2178 3075 2197 3113 ἢ

1173 3130 1353 3170 στρατηγοῖς
1369 3126 1487 3168 πονηρὰ
1504 3125 1700 3166 βουλεύματα
1715 3125 1768 3155 καὶ
1784 3123 1904 3166 πράξεις
1920 3122 2061 3162 ἀδίκους,
2077 3121 2197 3162 pergit:

1172 3175 1266 3211 πολὺς
1279 3174 1335 3215 γὰρ
1358 3173 1388 3203 ἐν
1407 3173 1526 3208 τούτοις
1554 3173 1607 3203 καὶ
1631 3175 1685 3209 τῆς
1702 3171 1916 3212 Δημοσθένους
1945 3169 2112 3214 δεινότητος
2132 3168 2202 3199 οὐδὲ

1172 3221 1253 3252 κατὰ
1271 3220 1377 3260 μικρὸν
1393 3219 1536 3261 διαφέρει,
1563 3220 1604 3255 ὡς
1625 3218 1662 3249 ἄν
1677 3229 1722 3255 τις
1736 3218 1797 3250 ἴδοι
1817 3217 1851 3249 ἐκ
1872 3219 1934 3248 τῶν
1957 3216 2115 3259 ἀρχαῐκῶν
2139 3214 2202 3246 ἐπι·

1174 3268 1305 3305 στολῶν,
1322 3265 1357 3301 ἃς
1380 3267 1424 3305 τῷ
1441 3265 1592 3306 πνεύματι
1609 3265 1771 3307 ἐπιτρέψας
1789 3264 1947 3306 γέγραφεν.

1215 3313 1259 3353 (8)
1277 3312 1410 3352 Dionys.
1425 3311 1495 3343 Hal.
1508 3311 1548 3343 ad
1561 3315 1618 3343 Cn.
1630 3315 1740 3352 Pomp.
1751 3320 1783 3351 p.
1803 3314 1874 3350 132,
1886 3311 2057 3351 postquam
2069 3308 2148 3340 alias
2156 3306 2201 3337 hi-

1176 3359 1348 3393 storiarum
1373 3359 1493 3399 Theop.
1526 3358 1662 3391 virtutes
1687 3358 1838 3390 laudibus
1872 3358 2053 3395 ornaverat,
2083 3354 2198 3387 addit:
