2320 3684
165 203 212 235 30

627 279 714 316 364.

213 342 266 379 St.
295 343 334 378 Β.
363 338 523 392 Τρεμίλη
543 365 596 371 -
620 341 642 384 ἡ
669 335 785 375 Λυκία
812 335 968 374 ἐκαλεῖτο
991 336 1099 379 οὕτως
1118 358 1170 367 —-

162 400 347 453 Τρεμιλεῖς
361 421 412 426 -
426 397 612 439 Ἑκαταῖος
628 396 662 434 T
666 394 808 448 ρεμίλας
825 393 948 438 αὐτοὺς
963 396 1064 434 καλεῖ
1081 396 1117 434 ἐν
1133 411 1183 434 τε-

160 457 268 510 τάρτῃ
286 457 525 508 γενεαλογιῶν.

311 621 632 663 FRAGMENTA
659 622 866 662 INCERTI
895 622 1026 661 LOCI.

210 762 368 812 Joseph.
392 708 751 812 Antiq.Jud.3(13,54.
765 759 926 804 Ησίοδός
940 776 978 798 τε
996 760 1056 799 καὶ
1074 760 1182 800 Ἑκα-

155 827 250 864 ταῖος
268 836 326 859 και
344 818 552 864 Ἑλλάνικος
564 819 624 858 καὶ
638 819 858 862 Ἀκουσίλαος
875 819 936 858 καὶ
950 819 1035 873 πρὸς
1049 819 1182 865 τούτοις

156 879 308 933 Ἔφορος
325 895 385 917 και
402 877 575 922 Νικόλαος
591 880 767 931 ἱστορουσι
781 877 860 922 τους
874 878 1039 932 ἀρχαίους
1056 878 1182 926 ζήσαν-

154 954 216 981 τας
235 937 295 984 ἔτη
313 938 424 990 χίλια.
445 941 620 977 Fortasse
637 938 711 975 hoc
734 951 782 975 ex
807 937 994 975 Abderita
1022 938 1179 976 desum-

155 1006 249 1042 tum‚
272 1011 349 1047 quo
375 997 513 1047 saepius
538 995 717 1034 utebatur
740 995 1034 1046 Josephus.H1c
1056 1006 1181 1034 tamen

153 1056 313 1106 intelligi
337 1055 487 1093 videtur
517 1055 702 1101 Milesius,
722 1067 810 1092 eum
833 1054 934 1091 inter
963 1055 1184 1105 antiquissi-

154 1127 237 1152 mos
270 1114 479 1165 sciiptores
507 1122 752 1152 recenseatur
772 1115 984 1150 Hecataeus.

206 1226 373 1275 Etymol.
398 1229 447 1262 M.
480 1239 518 1276 p.
551 1173 828 1276 2033ε6Εέγειος,
859 1226 878 1263 ὃ
904 1225 1065 1278 ἀρχαῖος·
1097 1229 1182 1276 παρ’

151 1282 344 1337 Ἑκαταίῳ.
371 1285 578 1334 Sequentia
595 1283 642 1321 ad
659 1283 934 1321 Callimachum
961 1282 1182 1332 pertinent:

154 1356 188 1380 v.
215 1344 261 1382 G.
286 1343 464 1381 Diudorfi
479 1343 528 1381 ad
549 1345 641 1381 HSt.
666 1342 775 1380 Thes.
795 1356 829 1380 v.
844 1340 994 1392 Γέγειος.

202 1458 328 1505 Etym.
350 1458 399 1492 M.
420 1468 456 1504 p.
483 1455 583 1504 596:
606 1400 806 1499 1ΎέΙεὸτἸασσαι,
827 1451 1049 1503 μεσαίταται.
1065 1450 1182 1490 Δύνα-

149 1529 207 1551 ται
230 1512 267 1551 δὲ
294 1528 353 1550 και
384 1511 492 1556 ουτως
515 1511 662 1555 ἐπίσσας
685 1510 849 1563 λέγεσθαι
882 1511 1065 1554 Ἰωνικῶς·
1097 1525 1170 1563 παρ

149 1570 332 1626 Εκαταίῳ
353 1570 446 1610 ἔστιν
475 1571 631 1618 επίσσαι,
658 1572 693 1609 αἱ
717 1568 977 1622 ἐπιγιγνόμεναι
1004 1575 1075 1614 τοῖς
1098 1584 1181 1623 προ-

149 1629 271 1682 γόνοις.

616 1683 705 1721 368.

202 1738 250 1773 S(
244 1736 330 1774 ·.hol
346 1739 458 1774 Hom.
477 1736 521 1774 ll.
541 1736 588 1784 Ω,
605 1737 702 1773 228:
718 1735 943 1788 Ἀρίσταρχος
959 1733 996 1772 δέ
1015 1749 1100 1787 φησι
1115 1733 1178 1781 τὴν

147 1795 295 1833 κιὸωτὸν
315 1794 405 1839 λέξιν
419 1810 525 1832 νεωτε
509 1810 590 1848 ..ραν
608 1787 707 1833 εἶναι·
723 1796 839 1846 ἀγνοεῖ
857 1792 932 1831 δὲ“
910 1808 963 1831 οτι
982 1791 1042 1831 καὶ
1061 1794 1180 1844 Σιμω-

151 1853 243 1900 νίδης
260 1870 319 1892 και
340 1853 528 1896 Ἑκαταῖος
548 1869 725 1905 μεμνηται
745 1854 863 1900 αὔτης.

199 1964 270 2001 AEl.
296 1963 503 2002 Herodian
536 1980 574 2002 π.
610 1912 703 2015 33⁴9
716 1962 789 2008 λέξ.
811 1967 862 2012 11,
888 1977 924 2014 p.
960 1964 1032 2012 39:
1049 1962 1123 2016 Κρέ
1127 1978 1176 2006 ας·

146 2021 228 2075 παρ’
247 2021 467 2076 ‘Em-cotio*
448 2038 533 2061 εστι·
555 2021 624 2061 «τὰ
642 2022 749 2062 δέατα
759 2021 1064 2077 περιτετημένοι.»
1056 2021 1177 2060 >Αλλ’

146 2081 184 2118 οὒ
204 2079 382 2128 συνηθές’
366 2097 441 2120 εστι
458 2081 499 2120 λέ
484 2097 538 2134 σγε
523 2098 571 2121 ειν
593 2081 683 2126 δέας.

197 2198 304 2236 Suid.
328 2198 526 2251 Μοιχίδιον,
549 2145 702 2236 τὸν3ἔιξ)
705 2213 830 2250 μοιχου
850 2196 1090 2249 γεγενημένον·
1111 2198 1177 2248 οὐχ

144 2254 197 2293 ὅτι
216 2254 418 2308 Ἑκαταῖος,
442 2256 533 2295 ἀλλὰ
549 2256 827 2354 καὶ3ξ1περίδης.

196 2368 403 2417 Phrynich.
430 2382 467 2419 p.
507 2370 581 2406 218
615 2369 678 2407 ed.
710 2368 903 2407 Lobeck:
919 2366 1171 2420 Σκορπίζεται·

142 2418 331 2464 εΕκατοιῖος
346 2419 408 2471 μὲν
423 2436 525 2459 τουτο
537 2421 631 2472 λέγει
647 2420 770 2460 ΗΙων
747 2437 806 2459 ων·
830 2421 905 2459 οἷδ’
923 2419 1071 2459 Ἀττικοὶ
1091 2434 1175 2457 σκε-

147 2477 330 2518 δάννυνται
351 2479 446 2533 φασί.

183 2649 321 2682 Tremile
333 2667 373 2673 -
386 2650 434 2682 sic
448 2598 746 2691 vocabatuffiiiicia.
760 2667 801 2672 —
816 2649 1028 2682 Tremilenses
1040 2665 1082 2672 -
1096 2649 1169 2679 Tre-

142 2695 233 2728 milas
248 2705 304 2729 eos
320 2698 415 2728 vocat
432 2698 612 2729 Hecataeus.

527 2768 785 2786 -οοῡ-

287 2839 612 2880 FRAGMENTA
639 2839 851 2879 INCERTI
879 2839 1010 2878 LOCI.

607 2934 696 2967 365.

181 2986 339 3018 Hesiodus
350 3009 358 3024 ,
381 2987 551 3019 Hecataeus
564 3010 573 3026 ‚
602 2986 804 3025 Hellanicus,
821 2985 992 3018 Acusilaus
1004 2987 1036 3017 et
1051 2986 1166 3026 praeter

143 3032 201 3063 lios
218 3033 365 3072 Ephorus
380 3034 413 3066 et
427 3033 577 3066 Nicolaus
592 3034 725 3065 narrant
741 3034 865 3065 veteres
879 3031 1000 3065 vixisse
1022 3032 1061 3064 ad
1078 3032 1165 3065 mille

141 3087 253 3110 annos.

181 3172 315 3211 γέγειος,
332 3173 496 3213 antiquus,
516 3173 602 3214 apud
614 3128 814 3206 iniciatam.

182 3264 306 3296 ἐπίσσαι
323 3263 408 3305 apud
423 3223 707 3299 Hecataeum31i5a7ti1
730 3269 932 3309 posteriores.

607 3326 626 3357 3
688 3351 696 3359 .

180 3376 266 3407 Voce
287 3376 416 3412 κιὸωτὸς
432 3377 533 3414 (cista)
551 3326 695 3409 usussseit
710 3380 785 3410 Hec.

911 191 1149 232 HECATAEI
1176 191 1505 234 FRAGMENTA.

1240 281 1558 321 FRAGMENTA
1585 281 1887 378 0111]ἃῖἒὲὃέ
1925 281 2259 323 TRIBUUNTUR

1695 447 1783 486 372.

1291 516 1444 554 Judaeos
1458 516 1590 566 pulsos
1612 529 1660 554 ex
1686 519 1852 568 AEgypto
1870 518 2169 556 averruncandae
2190 531 2261 570 pe-

1239 575 1426 621 stilentiae,
1447 588 1562 625 quam
1583 575 1636 612 dii
1655 574 1706 612 ob
1721 589 1827 613 sacra
1847 577 2016 627 neglecta
2037 585 2074 613 et
2093 577 2264 628 peregri-

1240 647 1379 671 norum
1399 633 1677 671 consuetudine
1696 635 1831 672 vitiata
1851 643 1960 672 terrae
1973 635 2213 683 immiserint,
2240 650 2263 675 a

1239 697 1348 731 Mose
1362 694 1499 731 ductos
1518 706 1600 731 esse
1622 694 1663 730 in
1683 698 1704 732 J
1708 694 1869 746 udaedm
1887 695 2104 733 condidisse
2119 697 2264 735 Hiero-

1239 751 1399 801 solyma,
1414 751 1556 789 divisos
1574 765 1655 789 esse
1679 752 1719 789 in
1740 752 1942 790 duodecim
1966 753 2105 800 tubus
2123 767 2145 792 a
2164 767 2264 805 pon-

1241 809 1340 847 tifice
1364 809 1598 860 gubernatos
1618 809 1865 861 moribusque
1884 820 1922 849 et
1938 812 2120 850 institutis
2136 813 2264 864 singu-

1239 867 1382 906 laribus
1404 882 1426 906 a
1455 868 1612 919 reliquis
1641 868 1862 906 nationibus
1888 878 2083 920 separatos
2122 871 2263 909 vixisse

1239 926 1397 964 tradidit
1413 926 1608 964 Diodorus
1623 927 1797 965 Siculus
1788 941 1825 964 m
1842 928 1969 966 medio
1984 927 2086 966 libro
2099 929 2264 979 quadra-

1238 997 1395 1034 gesimo,
1410 984 1626 1035 harumque
1654 986 1918 1023 narrationum
1945 994 2076 1024 testem
2103 986 2266 1038 protulit

1241 1046 1485 1080 Hecataeum:
1506 1042 1585 1096 περὶ
1601 1042 1663 1094 μὲν
1680 1045 1748 1082 τῶν
1766 1043 1942 1082 Ἰουδαίων
1959 1042 2146 1088 Ἑκαταῖος
2161 1047 2180 1083 δ
2197 1046 2266 1084 Μι-

1238 1100 1358 1148 λήσιος
1372 1105 1484 1139 ταῦτα
1513 1101 1707 1155 ἱστόρηκεν.
1728 1103 1838 1141 Phot.
1860 1102 2044 1141 Biblioth.
2069 1117 2110 1170 Ρ.
2134 1105 2211 1142 380
2226 1111 2265 1144 et

1241 1161 1332 1208 381,
1345 1174 1366 1197 a
1383 1160 1457 1211 (ed.
1481 1161 1649 1199 Bekker.
1641 1174 1666 1212 ).
1681 1164 1813 1212 Neque
1831 1171 1957 1200 tamen
1975 1163 2103 1200 omnia
2132 1176 2177 1201 ea
2198 1162 2267 1201 de-

1240 1227 1365 1256 sumta
1395 1232 1476 1256 esse
1510 1232 1558 1256 ex
1604 1222 1797 1268 Hecataeo,
1833 1221 1899 1259 sed
1935 1234 1956 1258 e
1987 1220 2266 1260 recentioribus

1240 1276 1393 1327 scriptis
1425 1278 1615 1327 permulta
1650 1278 1793 1324 addita,
1829 1280 1918 1317 inde
1952 1288 2125 1331 apparet,
2159 1279 2266 1330 quod

1240 1334 1482 1372 Macedonici
1514 1337 1628 1373 etiam
1648 1337 1801 1387 imperii
1827 1338 2060 1376 mentionem
2085 1337 2236 1376 habet
2224 1352 2265 1379 ln

1240 1394 1314 1431 fine
1330 1393 1443 1444 hujus
1463 1393 1746 1445 descriptionis.
1771 1397 1983 1435 Confirmat
2002 1397 2084 1435 haec
2115 1410 2176 1435 res
2204 1410 2266 1435 su-

1239 1452 1464 1502 spicionem,
1482 1453 1700 1491 Diodorum
1725 1454 1944 1492 confudisse
1959 1469 2099 1493 nomen
2126 1455 2267 1494 Milesii

1237 1511 1404 1549 Hecataei
1424 1525 1510 1549 eum
1526 1511 1747 1550 Abderita
1723 1514 1976 1563 grammatico
1990 1513 2267 1579 Alexandrino,

1238 1583 1352 1619 quem
1373 1570 1419 1606 de
1439 1573 1460 1607 J
1466 1569 1582 1607 udaels
1614 1569 1758 1608 librum
1792 1572 1989 1622 scripsisse
2015 1571 2193 1610 novimus
2217 1585 2265 1610 ex

1236 1627 1416 1676 Eusebio,
1432 1631 1598 1679 Praepar.
1620 1632 1761 1680 Evang.
1777 1632 1847 1676 IX,
1865 1637 1900 1676 4,
1924 1644 1961 1682 p.
1977 1632 2067 1676 408.

1693 1698 1785 1738 373.

1289 1768 1450 1806 Diodor.
1470 1771 1522 1814 ΙΙ,
1542 1775 1602 1816 47.
1618 1768 1763 1807 Fabula
1777 1769 1825 1807 de
1840 1770 1962 1807 insul-i
1979 1770 2263 1821 Hyperboreo-

1236 1841 1335 1865 rum.
1354 1830 1463 1865 Hanc
1482 1826 1681 1865 Abderitae
1705 1827 1951 1866 tribuendam
1969 1841 2050 1867 esse
2063 1837 2170 1867 recte
2188 1842 2267 1867 mo·

1235 1887 1320 1924 nuit
1344 1886 1523 1924 Dindorf.
1564 1885 1616 1924 ib.
1644 1887 1789 1924 Eodem
1812 1887 2015 1925 referenda
2057 1901 2142 1938 quae
2175 1896 2266 1926 sunt

1235 1959 1297 1995 ap.
1329 1945 1460 1983 Scliol.
1478 1945 1590 1982 Pind.
1620 1946 1681 1983 Ol.
1706 1949 1773 1990 III,
1791 1947 1864 1983 28:
1882 1948 1900 1984 ὁ
1920 1945 1957 1984 δὲ
1980 1945 2170 2000 Φερένικος
2187 1945 2265 1990 τους

1235 2002 1528 2073 “Υπερὸορέους’
1510 2002 1580 2042 απὸ
1604 2019 1664 2042 του
1681 2006 1870 2043 Τιτανικοῦ
1889 2003 2007 2056 γένους
2026 2005 2131 2059 φησὶν
2161 1998 2264 2054 εἶναι,

1235 2065 1253 2100 ὁ
1273 2061 1310 2101 δὲ
1329 2061 1520 2105 Ἑκαταῖος
1538 2061 1652 2105 ἄλλως
1671 2064 1812 2114 ἱστορεῖ·
1847 2072 1913 2101 et
1902 2077 1965 2114 ap.
1986 2064 2116 2103 Schol.
2132 2064 2262 2115 Apoll.

1235 2123 1310 2161 Rh.
1328 2126 1378 2170 ΙΙ,
1393 2122 1489 2170 675;
1503 2121 1691 2165 Ἑκαταῖος
1708 2121 1745 2160 δὲ
1774 2122 1878 2177 μέχρι
1906 2126 1967 2162 τοῦ
2000 2126 2106 2162 αυτοῦ
2137 2123 2264 2179 χρόνου

1234 2175 1323 2220 εἶναί
1349 2196 1434 2235 φησι
1461 2180 1501 2220 τὸ
1523 2183 1592 2219 τῶν
1610 2180 1869 2234 Ὑπερὸορείων
1887 2181 2002 2226 ἔθνος·
2020 2181 2095 2222 ἔστι
2114 2182 2150 2221 δὲ
2170 2184 2265 2236 αὐτῷ

1236 2239 1356 2293 βιὸλία
1387 2238 1662 2294 ἐπιγραφόμενα·
1696 2241 1787 2294 Περι
1817 2243 1886 2280 τῶν
1905 2240 2174 2295 Ὑπερὸορείων.
2204 2245 2264 2280 De

1234 2300 1354 2338 insula
1369 2298 1713 2350 Hyperboreorum
1728 2300 1826 2338 dixit
1840 2301 1955 2338 etiam
1968 2301 2113 2339 Natalis
2126 2304 2264 2340 Comes

1233 2362 1304 2406 IX,
1312 2360 1335 2396 6
1339 2358 1930 2409 ,quasiHecataeoMilesiousus
1945 2360 2003 2398 Cf.
2021 2359 2260 2410 Scriptorum

1233 2418 1472 2468 Catalogum,
1504 2431 1618 2468 quem
1644 2418 1755 2468 operi
1782 2431 1852 2456 suo
1883 2418 2059 2468 praelixit.
2078 2416 2259 2468 Ejusdem

1231 2476 1322 2515 libri
1339 2476 1513 2514 meminit
1526 2479 1597 2524 IX,
1616 2477 1675 2514 15.

1702 2593 1791 2626 369.

1272 2646 1420 2681 Quorum
1448 2652 1561 2676 carnes
1585 2644 1750 2677 emaciatae
1776 2646 1809 2676 et
1831 2643 1999 2677 tabefactae
2022 2643 2181 2685 incipiunt
2203 2650 2259 2684 pu-

1231 2693 1370 2723 trescere
1385 2692 1417 2722 et
1430 2690 1588 2723 diffluere.

1269 2797 1319 2827 Ex
1335 2794 1491 2827 adulterio
1506 2744 1883 2837 procreatuiinzgzxzswv
1897 2795 1979 2828 dicit
1995 2796 2072 2828 Hec.

1267 2900 1463 2942 σκορπίζεται
1490 2850 1911 2941 (άὶεεὶραίανῗτῐίῐὲοαιωυε
1931 2900 2009 2933 dicit
2022 2899 2140 2941 Imilce,
2156 2899 2254 2934 Attici

1233 2956 1311 2980 vero
1325 2947 1437 2980 dicunt
1453 2947 1681 2980 σκεδάννυνται.

1629 3023 1849 3038 -οθθοῡμ-

1635 3099 1818 3138 SPURIA
1828 3128 1835 3136 .

1265 3242 1458 3274 Pherenieus
1475 3190 1846 3282 Hyperb01·eos3‘r⁷iianici
1863 3242 1985 3282 generis
2000 3250 2071 3275 esse
2086 3242 2175 3282 dicit,
2185 3243 2246 3276 He·

1222 3291 1342 3321 cataeus
1359 3297 1436 3320 vero
1452 3287 1543 3320 aliter
1556 3289 1677 3320 narrat.

1262 3336 1429 3366 Hecataeus
1444 3342 1548 3375 usque
1563 3335 1602 3366 ad
1621 3343 1680 3366 sua
1695 3337 1836 3375 tempora
1852 3334 2131 3375 Hyperboreorum
2147 3343 2246 3376 popu·

1220 3381 1288 3413 lum
1304 3380 1404 3413 fuisse
1419 3380 1505 3413 dicit.
1517 3383 1576 3413 Est
1588 3381 1668 3413 liber
1684 3381 1753 3422 eius
1771 3380 1811 3414 de
1819 3381 2045 3422 Hyperboreis
2057 3381 2240 3422 inscriptus.
