<?xml version="1.0" encoding="UTF-8"?>
<!DOCTYPE html PUBLIC "-//W3C//DTD XHTML 1.0 Transitional//EN"
    "http://www.w3.org/TR/xhtml1/DTD/xhtml1-transitional.dtd">
<html xmlns="http://www.w3.org/1999/xhtml" xml:lang="en" lang="en">
 <head>
  <title>
</title>
<meta http-equiv="Content-Type" content="text/html;charset=utf-8" />
  <meta name='ocr-system' content='tesseract 3.04.00' />
  <meta name='ocr-capabilities' content='ocr_page ocr_carea ocr_par ocr_line ocrx_word'/>
</head>
<body>
  <div class='ocr_page' id='page_1' title='image "./fragmentahistori01mueluoft_0390.png"; bbox 0 0 2320 3684; ppageno 0'>
   <div class='ocr_carea' id='block_1_1' title="bbox 138 194 214 228">
    <p class='ocr_par' dir='ltr' id='par_1_1' title="bbox 138 194 214 228">
     <span class='ocr_line' id='line_1_1' title="bbox 138 194 214 228; baseline -0.026 0"><span class='ocrx_word' id='word_1_1' title='bbox 138 194 214 228; x_wconf 82' lang='lat'><strong>288</strong></span> 
     </span>
    </p>
   </div>
   <div class='ocr_carea' id='block_1_2' title="bbox 138 264 1167 386">
    <p class='ocr_par' dir='ltr' id='par_1_2' title="bbox 138 264 1167 386">
     <span class='ocr_line' id='line_1_2' title="bbox 139 264 1167 339; baseline -0.01 -26.882"><span class='ocrx_word' id='word_1_2' title='bbox 139 271 361 316; x_wconf 75' lang='grc' dir='ltr'>Ἱππόὸοτος·</span> <span class='ocrx_word' id='word_1_3' title='bbox 382 271 474 315; x_wconf 84' lang='grc' dir='ltr'>ὡςδ’</span> <span class='ocrx_word' id='word_1_4' title='bbox 495 268 724 324; x_wconf 84' lang='grc' dir='ltr'>Ἀριστόξενος</span> <span class='ocrx_word' id='word_1_5' title='bbox 743 269 778 306; x_wconf 87' lang='grc' dir='ltr'>ἐν</span> <span class='ocrx_word' id='word_1_6' title='bbox 797 270 848 320; x_wconf 82' lang='grc' dir='ltr'><strong>τῷ</strong></span> <span class='ocrx_word' id='word_1_7' title='bbox 869 266 1077 339; x_wconf 72' lang='grc' dir='ltr'>Πυθαγόρου</span> <span class='ocrx_word' id='word_1_8' title='bbox 1103 264 1167 318; x_wconf 81' lang='grc' dir='ltr'><strong>βίῳ</strong></span> 
     </span>
     <span class='ocr_line' id='line_1_3' title="bbox 138 324 1033 386; baseline -0.009 -16"><span class='ocrx_word' id='word_1_9' title='bbox 138 331 197 370; x_wconf 79' lang='grc' dir='ltr'><strong>καὶ</strong></span> <span class='ocrx_word' id='word_1_10' title='bbox 218 331 444 386; x_wconf 84' lang='grc' dir='ltr'>Ἀρίσταρχος</span> <span class='ocrx_word' id='word_1_11' title='bbox 462 329 522 368; x_wconf 79' lang='grc' dir='ltr'><strong>καὶ</strong></span> <span class='ocrx_word' id='word_1_12' title='bbox 539 327 763 378; x_wconf 85' lang='grc' dir='ltr'>Θεόπομπος,</span> <span class='ocrx_word' id='word_1_13' title='bbox 784 324 998 378; x_wconf 78' lang='grc' dir='ltr'>Τυῤῥηνὸς’</span> <span class='ocrx_word' id='word_1_14' title='bbox 979 341 1033 372; x_wconf 92' lang='grc' dir='ltr'>ην.</span> 
     </span>
    </p>
   </div>
   <div class='ocr_carea' id='block_1_3' title="bbox 621 402 683 439">
    <p class='ocr_par' dir='ltr' id='par_1_3' title="bbox 621 402 683 439">
     <span class='ocr_line' id='line_1_4' title="bbox 621 402 683 439; baseline -0.02 0"><span class='ocrx_word' id='word_1_15' title='bbox 621 402 683 439; x_wconf 86' lang='lat'><strong>68.</strong></span> 
     </span>
    </p>
   </div>
   <div class='ocr_carea' id='block_1_4' title="bbox 137 471 1175 1939">
    <p class='ocr_par' dir='ltr' id='par_1_4' title="bbox 137 471 1172 1293">
     <span class='ocr_line' id='line_1_5' title="bbox 193 471 1170 550; baseline -0.006 -32"><span class='ocrx_word' id='word_1_16' title='bbox 193 481 397 518; x_wconf 67' lang='lat' dir='ltr'><strong>Athenaeus</strong></span> <span class='ocrx_word' id='word_1_17' title='bbox 430 481 476 524; x_wconf 90' lang='lat' dir='ltr'><strong>V,</strong></span> <span class='ocrx_word' id='word_1_18' title='bbox 506 491 545 550; x_wconf 92' lang='lat' dir='ltr'><strong>p.</strong></span> <span class='ocrx_word' id='word_1_19' title='bbox 578 477 667 521; x_wconf 83' lang='lat'><strong>213,</strong></span> <span class='ocrx_word' id='word_1_20' title='bbox 693 478 745 513; x_wconf 86' lang='lat' dir='ltr'><strong>F:</strong></span> <span class='ocrx_word' id='word_1_21' title='bbox 765 473 836 513; x_wconf 77' lang='grc' dir='ltr'><strong>Καὶ</strong></span> <span class='ocrx_word' id='word_1_22' title='bbox 858 473 933 525; x_wconf 84' lang='grc' dir='ltr'>μετ’</span> <span class='ocrx_word' id='word_1_23' title='bbox 962 474 1001 510; x_wconf 86' lang='grc' dir='ltr'>οὐ</span> <span class='ocrx_word' id='word_1_24' title='bbox 1037 471 1170 516; x_wconf 79' lang='grc' dir='ltr'>πολλὰς</span> 
     </span>
     <span class='ocr_line' id='line_1_6' title="bbox 138 530 1172 606; baseline -0.007 -29"><span class='ocrx_word' id='word_1_25' title='bbox 138 537 272 606; x_wconf 80' lang='grc' dir='ltr'>ἡμέρας</span> <span class='ocrx_word' id='word_1_26' title='bbox 291 536 457 590; x_wconf 89' lang='grc' dir='ltr'>τύραννον</span> <span class='ocrx_word' id='word_1_27' title='bbox 483 533 586 572; x_wconf 79' lang='grc' dir='ltr'>αὓτον</span> <span class='ocrx_word' id='word_1_28' title='bbox 609 531 788 577; x_wconf 82' lang='grc' dir='ltr'>ἀναδείξας</span> <span class='ocrx_word' id='word_1_29' title='bbox 803 535 821 571; x_wconf 86' lang='lat'>6</span> <span class='ocrx_word' id='word_1_30' title='bbox 841 530 1024 586; x_wconf 83' lang='grc' dir='ltr'>φιλόσοφος</span> <span class='ocrx_word' id='word_1_31' title='bbox 1038 531 1172 582; x_wconf 88' lang='lat' dir='ltr'><strong>(Athe-</strong></span> 
     </span>
     <span class='ocr_line' id='line_1_7' title="bbox 139 589 1171 648; baseline -0.009 -12"><span class='ocrx_word' id='word_1_32' title='bbox 139 598 204 636; x_wconf 86' lang='lat' dir='ltr'><strong>nio</strong></span> <span class='ocrx_word' id='word_1_33' title='bbox 218 610 288 648; x_wconf 80' lang='lat' dir='ltr'><strong>pei</strong></span> <span class='ocrx_word' id='word_1_34' title='bbox 289 593 509 647; x_wconf 85' lang='lat' dir='ltr'><strong>ipateticus)</strong></span> <span class='ocrx_word' id='word_1_35' title='bbox 536 591 595 631; x_wconf 71' lang='grc' dir='ltr'><strong>καὶ</strong></span> <span class='ocrx_word' id='word_1_36' title='bbox 617 590 657 630; x_wconf 81' lang='grc' dir='ltr'><strong>τὸ</strong></span> <span class='ocrx_word' id='word_1_37' title='bbox 675 593 746 629; x_wconf 84' lang='grc' dir='ltr'><strong>τῶν</strong></span> <span class='ocrx_word' id='word_1_38' title='bbox 766 592 1020 645; x_wconf 83' lang='grc' dir='ltr'>Πυθαγορικῶν</span> <span class='ocrx_word' id='word_1_39' title='bbox 1034 589 1171 628; x_wconf 86' lang='grc' dir='ltr'>ἀναδεί-</span> 
     </span>
     <span class='ocr_line' id='line_1_8' title="bbox 140 648 1171 706; baseline -0.007 -13"><span class='ocrx_word' id='word_1_40' title='bbox 140 655 198 700; x_wconf 85' lang='grc' dir='ltr'><strong>ξας</strong></span> <span class='ocrx_word' id='word_1_41' title='bbox 217 653 331 706; x_wconf 82' lang='grc' dir='ltr'>δόγμα</span> <span class='ocrx_word' id='word_1_42' title='bbox 347 652 426 706; x_wconf 86' lang='grc' dir='ltr'>περὶ</span> <span class='ocrx_word' id='word_1_43' title='bbox 445 667 508 698; x_wconf 86' lang='grc' dir='ltr'><strong>της</strong></span> <span class='ocrx_word' id='word_1_44' title='bbox 524 650 710 698; x_wconf 69' lang='grc' dir='ltr'>ἐπιὸουλης</span> <span class='ocrx_word' id='word_1_45' title='bbox 732 649 791 689; x_wconf 82' lang='grc' dir='ltr'><strong>καὶ</strong></span> <span class='ocrx_word' id='word_1_46' title='bbox 810 649 845 688; x_wconf 85' lang='grc' dir='ltr'><strong>τί</strong></span> <span class='ocrx_word' id='word_1_47' title='bbox 863 648 1024 688; x_wconf 76' lang='grc' dir='ltr'>ἐὸούλετο</span> <span class='ocrx_word' id='word_1_48' title='bbox 1055 650 1171 692; x_wconf 80' lang='grc' dir='ltr'>αὖτοῖς</span> 
     </span>
     <span class='ocr_line' id='line_1_9' title="bbox 138 707 1169 783; baseline -0.004 -32"><span class='ocrx_word' id='word_1_49' title='bbox 138 716 161 761; x_wconf 85' lang='grc' dir='ltr'>ἡ</span> <span class='ocrx_word' id='word_1_50' title='bbox 203 710 408 783; x_wconf 80' lang='grc' dir='ltr'>φιλοσοφία,</span> <span class='ocrx_word' id='word_1_51' title='bbox 435 709 477 757; x_wconf 83' lang='grc' dir='ltr'>ἣν</span> <span class='ocrx_word' id='word_1_52' title='bbox 507 713 524 748; x_wconf 97' lang='lat'>6</span> <span class='ocrx_word' id='word_1_53' title='bbox 551 709 657 753; x_wconf 82' lang='grc' dir='ltr'>καλὸς</span> <span class='ocrx_word' id='word_1_54' title='bbox 691 708 899 762; x_wconf 84' lang='grc' dir='ltr'>Πυθαγόρας</span> <span class='ocrx_word' id='word_1_55' title='bbox 937 707 1169 759; x_wconf 82' lang='grc' dir='ltr'>εἰσηγήσατο,</span> 
     </span>
     <span class='ocr_line' id='line_1_10' title="bbox 140 766 1170 825; baseline -0.006 -15"><span class='ocrx_word' id='word_1_56' title='bbox 140 771 297 825; x_wconf 81' lang='grc' dir='ltr'>καθάπερ</span> <span class='ocrx_word' id='word_1_57' title='bbox 328 768 494 824; x_wconf 83' lang='grc' dir='ltr'>ἱστόρησε</span> <span class='ocrx_word' id='word_1_58' title='bbox 533 768 747 819; x_wconf 89' lang='grc' dir='ltr'>Θεόπομπος</span> <span class='ocrx_word' id='word_1_59' title='bbox 783 768 819 806; x_wconf 80' lang='grc' dir='ltr'>ἓν</span> <span class='ocrx_word' id='word_1_60' title='bbox 851 766 955 819; x_wconf 83' lang='grc' dir='ltr'>ὀγδόῃ</span> <span class='ocrx_word' id='word_1_61' title='bbox 989 768 1170 806; x_wconf 90' lang='grc' dir='ltr'>Φιλιππι-</span> 
     </span>
     <span class='ocr_line' id='line_1_11' title="bbox 139 819 1171 890; baseline -0.006 -22"><span class='ocrx_word' id='word_1_62' title='bbox 139 832 209 868; x_wconf 87' lang='grc' dir='ltr'>κῶν</span> <span class='ocrx_word' id='word_1_63' title='bbox 226 829 285 868; x_wconf 87' lang='grc' dir='ltr'><strong>καὶ</strong></span> <span class='ocrx_word' id='word_1_64' title='bbox 302 828 508 890; x_wconf 78' lang='grc' dir='ltr'>ἽΞρμιππος</span> <span class='ocrx_word' id='word_1_65' title='bbox 525 830 542 866; x_wconf 87' lang='lat'>6</span> <span class='ocrx_word' id='word_1_66' title='bbox 561 826 840 879; x_wconf 75' lang='grc' dir='ltr'>Καλλιμάχειος·</span> <span class='ocrx_word' id='word_1_67' title='bbox 859 824 982 869; x_wconf 78' lang='grc' dir='ltr'>εὐθέως</span> <span class='ocrx_word' id='word_1_68' title='bbox 997 824 1056 863; x_wconf 82' lang='grc' dir='ltr'><strong>καὶ</strong></span> <span class='ocrx_word' id='word_1_69' title='bbox 1074 819 1171 868; x_wconf 62' lang='grc' dir='ltr'>οὗτος</span> 
     </span>
     <span class='ocr_line' id='line_1_12' title="bbox 137 882 1171 944; baseline -0.006 -17"><span class='ocrx_word' id='word_1_70' title='bbox 137 887 217 933; x_wconf 88' lang='grc' dir='ltr'>τους</span> <span class='ocrx_word' id='word_1_71' title='bbox 237 886 280 940; x_wconf 83' lang='grc' dir='ltr'><strong>μὲ</strong></span> <span class='ocrx_word' id='word_1_72' title='bbox 282 904 300 927; x_wconf 88' lang='grc' dir='ltr'>ν</span> <span class='ocrx_word' id='word_1_73' title='bbox 317 891 353 926; x_wconf 90' lang='grc' dir='ltr'><strong>ευ</strong></span> <span class='ocrx_word' id='word_1_74' title='bbox 369 901 577 942; x_wconf 85' lang='grc' dir='ltr'>φρονουντας</span> <span class='ocrx_word' id='word_1_75' title='bbox 589 887 658 924; x_wconf 77' lang='grc' dir='ltr'><strong>τῶν</strong></span> <span class='ocrx_word' id='word_1_76' title='bbox 676 886 886 924; x_wconf 70' lang='grc' dir='ltr'>πολιτῶν-</span> <span class='ocrx_word' id='word_1_77' title='bbox 902 882 1000 937; x_wconf 83' lang='grc' dir='ltr'>παρὰ</span> <span class='ocrx_word' id='word_1_78' title='bbox 1015 883 1060 922; x_wconf 84' lang='grc' dir='ltr'><strong>τὰ</strong></span> <span class='ocrx_word' id='word_1_79' title='bbox 1080 883 1171 944; x_wconf 78' lang='grc' dir='ltr'>Ἀρι-</span> 
     </span>
     <span class='ocr_line' id='line_1_13' title="bbox 139 943 1170 999; baseline -0.005 -14"><span class='ocrx_word' id='word_1_80' title='bbox 139 946 323 990; x_wconf 83' lang='grc' dir='ltr'>στοτέλους</span> <span class='ocrx_word' id='word_1_81' title='bbox 336 946 397 985; x_wconf 83' lang='grc' dir='ltr'><strong>καὶ</strong></span> <span class='ocrx_word' id='word_1_82' title='bbox 414 943 645 999; x_wconf 82' lang='grc' dir='ltr'>Θεοφράστου</span> <span class='ocrx_word' id='word_1_83' title='bbox 672 943 854 996; x_wconf 84' lang='grc' dir='ltr'>δόγματα·</span> <span class='ocrx_word' id='word_1_84' title='bbox 876 944 922 986; x_wconf 84' lang='grc' dir='ltr'>ὥς</span> <span class='ocrx_word' id='word_1_85' title='bbox 946 944 1058 990; x_wconf 85' lang='grc' dir='ltr'>ἄληθη</span> <span class='ocrx_word' id='word_1_86' title='bbox 1082 945 1170 980; x_wconf 84' lang='grc' dir='ltr'>εἰναι</span> 
     </span>
     <span class='ocr_line' id='line_1_14' title="bbox 139 1001 1170 1075; baseline -0.007 -30"><span class='ocrx_word' id='word_1_87' title='bbox 139 1005 203 1054; x_wconf 84' lang='grc' dir='ltr'><strong>τὴν</strong></span> <span class='ocrx_word' id='word_1_88' title='bbox 219 1005 413 1059; x_wconf 87' lang='grc' dir='ltr'>παροιμίαν</span> <span class='ocrx_word' id='word_1_89' title='bbox 431 1003 495 1052; x_wconf 89' lang='grc' dir='ltr'><strong>τὴν</strong></span> <span class='ocrx_word' id='word_1_90' title='bbox 519 1003 704 1056; x_wconf 81' lang='grc' dir='ltr'>λέγουσαν,</span> <span class='ocrx_word' id='word_1_91' title='bbox 732 1001 781 1054; x_wconf 79' lang='grc' dir='ltr'><strong>μὴ</strong></span> <span class='ocrx_word' id='word_1_92' title='bbox 805 1002 906 1040; x_wconf 84' lang='grc' dir='ltr'>παιδὶ</span> <span class='ocrx_word' id='word_1_93' title='bbox 931 1001 1110 1075; x_wconf 82' lang='grc' dir='ltr'>μάχριιραν</span> <span class='ocrx_word' id='word_1_94' title='bbox 1125 1024 1170 1030; x_wconf 89' lang='lat'><strong>-—</strong></span> 
     </span>
     <span class='ocr_line' id='line_1_15' title="bbox 139 1058 1171 1115; baseline -0.006 -12"><span class='ocrx_word' id='word_1_95' title='bbox 139 1062 296 1103; x_wconf 81' lang='grc' dir='ltr'>ἐκποδὼν</span> <span class='ocrx_word' id='word_1_96' title='bbox 318 1061 448 1107; x_wconf 76' lang='grc' dir='ltr'>εὖθυς’</span> <span class='ocrx_word' id='word_1_97' title='bbox 433 1061 643 1109; x_wconf 78' lang='grc' dir='ltr'>εποιήσατο,</span> <span class='ocrx_word' id='word_1_98' title='bbox 671 1059 829 1115; x_wconf 86' lang='grc' dir='ltr'>φύλακας</span> <span class='ocrx_word' id='word_1_99' title='bbox 852 1059 881 1098; x_wconf 88' lang='grc' dir='ltr'><strong>δ’</strong></span> <span class='ocrx_word' id='word_1_100' title='bbox 905 1059 962 1098; x_wconf 80' lang='grc' dir='ltr'>ἐπὶ</span> <span class='ocrx_word' id='word_1_101' title='bbox 982 1059 1042 1103; x_wconf 87' lang='grc' dir='ltr'><strong>τὰς</strong></span> <span class='ocrx_word' id='word_1_102' title='bbox 1058 1058 1171 1103; x_wconf 84' lang='grc' dir='ltr'>πύλας</span> 
     </span>
     <span class='ocr_line' id='line_1_16' title="bbox 139 1117 1172 1174; baseline -0.006 -13"><span class='ocrx_word' id='word_1_103' title='bbox 139 1122 368 1171; x_wconf 81' lang='grc' dir='ltr'>κατέστησεν,</span> <span class='ocrx_word' id='word_1_104' title='bbox 392 1123 438 1166; x_wconf 84' lang='grc' dir='ltr'>ὥς</span> <span class='ocrx_word' id='word_1_105' title='bbox 451 1119 588 1174; x_wconf 86' lang='grc' dir='ltr'>νύκτωρ</span> <span class='ocrx_word' id='word_1_106' title='bbox 607 1118 756 1162; x_wconf 86' lang='grc' dir='ltr'>πολλους</span> <span class='ocrx_word' id='word_1_107' title='bbox 774 1135 843 1157; x_wconf 85' lang='grc' dir='ltr'><strong>των</strong></span> <span class='ocrx_word' id='word_1_108' title='bbox 861 1117 1049 1166; x_wconf 87' lang='grc' dir='ltr'>Ἀθηναίων</span> <span class='ocrx_word' id='word_1_109' title='bbox 1070 1119 1172 1156; x_wconf 89' lang='grc' dir='ltr'>ευλα-</span> 
     </span>
     <span class='ocr_line' id='line_1_17' title="bbox 141 1176 1170 1233; baseline -0.005 -14"><span class='ocrx_word' id='word_1_110' title='bbox 141 1179 329 1233; x_wconf 74' lang='grc' dir='ltr'>ὅουμένους</span> <span class='ocrx_word' id='word_1_111' title='bbox 347 1178 387 1219; x_wconf 82' lang='grc' dir='ltr'><strong>τὸ</strong></span> <span class='ocrx_word' id='word_1_112' title='bbox 413 1179 539 1231; x_wconf 83' lang='grc' dir='ltr'>μέλλον</span> <span class='ocrx_word' id='word_1_113' title='bbox 561 1177 618 1217; x_wconf 85' lang='grc' dir='ltr'><strong>διὰ</strong></span> <span class='ocrx_word' id='word_1_114' title='bbox 633 1180 702 1217; x_wconf 85' lang='grc' dir='ltr'><strong>τῶν</strong></span> <span class='ocrx_word' id='word_1_115' title='bbox 718 1179 846 1230; x_wconf 85' lang='grc' dir='ltr'>τειχῶν</span> <span class='ocrx_word' id='word_1_116' title='bbox 868 1176 993 1220; x_wconf 81' lang='grc' dir='ltr'>αὓτους</span> <span class='ocrx_word' id='word_1_117' title='bbox 1012 1176 1170 1228; x_wconf 82' lang='grc' dir='ltr'>καθιμή-</span> 
     </span>
     <span class='ocr_line' id='line_1_18' title="bbox 142 1239 435 1293; baseline -0.003 -15"><span class='ocrx_word' id='word_1_118' title='bbox 142 1256 272 1284; x_wconf 89' lang='grc' dir='ltr'>σαντας</span> <span class='ocrx_word' id='word_1_119' title='bbox 286 1239 435 1293; x_wconf 76' lang='grc' dir='ltr'>φεύγειν.</span> 
     </span>
    </p>

    <p class='ocr_par' dir='ltr' id='par_1_5' title="bbox 141 1295 1175 1939">
     <span class='ocr_line' id='line_1_19' title="bbox 195 1295 1172 1347; baseline -0.006 -10"><span class='ocrx_word' id='word_1_120' title='bbox 195 1303 327 1347; x_wconf 90' lang='lat' dir='ltr'><strong>Quum</strong></span> <span class='ocrx_word' id='word_1_121' title='bbox 344 1299 457 1336; x_wconf 86' lang='lat' dir='ltr'><strong>talem</strong></span> <span class='ocrx_word' id='word_1_122' title='bbox 477 1306 611 1335; x_wconf 87' lang='lat' dir='ltr'><strong>contra</strong></span> <span class='ocrx_word' id='word_1_123' title='bbox 632 1297 962 1346; x_wconf 82' lang='lat' dir='ltr'>Pythagoreorum</span> <span class='ocrx_word' id='word_1_124' title='bbox 995 1295 1172 1346; x_wconf 88' lang='lat' dir='ltr'><strong>philoso-</strong></span> 
     </span>
     <span class='ocr_line' id='line_1_20' title="bbox 142 1352 1169 1410; baseline -0.006 -14"><span class='ocrx_word' id='word_1_125' title='bbox 142 1358 273 1410; x_wconf 85' lang='lat' dir='ltr'><strong>phiam</strong></span> <span class='ocrx_word' id='word_1_126' title='bbox 293 1357 570 1408; x_wconf 85' lang='lat' dir='ltr'><strong>Theopompus</strong></span> <span class='ocrx_word' id='word_1_127' title='bbox 590 1354 758 1393; x_wconf 85' lang='lat' dir='ltr'><strong>animum</strong></span> <span class='ocrx_word' id='word_1_128' title='bbox 783 1354 942 1405; x_wconf 87' lang='lat' dir='ltr'><strong>prodat,</strong></span> <span class='ocrx_word' id='word_1_129' title='bbox 967 1352 1169 1391; x_wconf 86' lang='lat' dir='ltr'><strong>dubitave-</strong></span> 
     </span>
     <span class='ocr_line' id='line_1_21' title="bbox 141 1412 1174 1465; baseline -0.006 -11"><span class='ocrx_word' id='word_1_130' title='bbox 141 1418 195 1455; x_wconf 86' lang='lat' dir='ltr'><strong>ris</strong></span> <span class='ocrx_word' id='word_1_131' title='bbox 218 1430 308 1454; x_wconf 92' lang='lat' dir='ltr'><strong>num</strong></span> <span class='ocrx_word' id='word_1_132' title='bbox 325 1424 427 1453; x_wconf 88' lang='lat' dir='ltr'><strong>recte</strong></span> <span class='ocrx_word' id='word_1_133' title='bbox 441 1415 651 1454; x_wconf 88' lang='lat' dir='ltr'><strong>Heerenius</strong></span> <span class='ocrx_word' id='word_1_134' title='bbox 668 1413 782 1465; x_wconf 88' lang='lat' dir='ltr'><strong>(Novi</strong></span> <span class='ocrx_word' id='word_1_135' title='bbox 804 1416 950 1451; x_wconf 91' lang='lat' dir='ltr'><strong>Comm.</strong></span> <span class='ocrx_word' id='word_1_136' title='bbox 967 1415 1051 1450; x_wconf 87' lang='lat' dir='ltr'><strong>Soc.</strong></span> <span class='ocrx_word' id='word_1_137' title='bbox 1073 1412 1174 1449; x_wconf 88' lang='lat' dir='ltr'><strong>Goet-</strong></span> 
     </span>
     <span class='ocr_line' id='line_1_22' title="bbox 143 1471 1172 1527; baseline -0.006 -13"><span class='ocrx_word' id='word_1_138' title='bbox 143 1477 236 1527; x_wconf 87' lang='lat' dir='ltr'><strong>ting.</strong></span> <span class='ocrx_word' id='word_1_139' title='bbox 257 1479 343 1523; x_wconf 86' lang='lat' dir='ltr'><strong>XV,</strong></span> <span class='ocrx_word' id='word_1_140' title='bbox 364 1489 402 1527; x_wconf 88' lang='lat' dir='ltr'><strong>p.</strong></span> <span class='ocrx_word' id='word_1_141' title='bbox 426 1474 514 1521; x_wconf 72' lang='grc'>228)</span> <span class='ocrx_word' id='word_1_142' title='bbox 536 1488 592 1522; x_wconf 86' lang='lat' dir='ltr'><strong>ea,</strong></span> <span class='ocrx_word' id='word_1_143' title='bbox 618 1487 703 1524; x_wconf 87' lang='lat' dir='ltr'><strong>quae</strong></span> <span class='ocrx_word' id='word_1_144' title='bbox 721 1473 759 1510; x_wconf 90' lang='lat' dir='ltr'><strong>in</strong></span> <span class='ocrx_word' id='word_1_145' title='bbox 790 1472 870 1522; x_wconf 88' lang='lat' dir='ltr'><strong>ejus</strong></span> <span class='ocrx_word' id='word_1_146' title='bbox 896 1471 1048 1509; x_wconf 85' lang='lat' dir='ltr'><strong>laudem</strong></span> <span class='ocrx_word' id='word_1_147' title='bbox 1064 1484 1086 1508; x_wconf 89' lang='lat' dir='ltr'><strong>a</strong></span> <span class='ocrx_word' id='word_1_148' title='bbox 1102 1474 1172 1508; x_wconf 91' lang='lat' dir='ltr'><strong>Ju—</strong></span> 
     </span>
     <span class='ocr_line' id='line_1_23' title="bbox 143 1532 1174 1585; baseline -0.008 -11"><span class='ocrx_word' id='word_1_149' title='bbox 143 1536 243 1574; x_wconf 87' lang='lat' dir='ltr'><strong>stino</strong></span> <span class='ocrx_word' id='word_1_150' title='bbox 259 1537 356 1583; x_wconf 88' lang='lat' dir='ltr'><strong>XX,</strong></span> <span class='ocrx_word' id='word_1_151' title='bbox 374 1541 393 1579; x_wconf 78' lang='grc'>4</span> <span class='ocrx_word' id='word_1_152' title='bbox 411 1534 673 1585; x_wconf 88' lang='lat' dir='ltr'><strong>proferuntur,</strong></span> <span class='ocrx_word' id='word_1_153' title='bbox 691 1545 711 1569; x_wconf 87' lang='lat' dir='ltr'><strong>a</strong></span> <span class='ocrx_word' id='word_1_154' title='bbox 731 1532 987 1583; x_wconf 86' lang='lat' dir='ltr'><strong>Theopompo</strong></span> <span class='ocrx_word' id='word_1_155' title='bbox 1003 1538 1174 1567; x_wconf 83' lang='lat' dir='ltr'><strong>mutuata</strong></span> 
     </span>
     <span class='ocr_line' id='line_1_24' title="bbox 143 1589 1175 1632; baseline -0.006 0"><span class='ocrx_word' id='word_1_156' title='bbox 143 1608 224 1632; x_wconf 91' lang='lat' dir='ltr'><strong>esse</strong></span> <span class='ocrx_word' id='word_1_157' title='bbox 245 1594 355 1631; x_wconf 84' lang='lat' dir='ltr'><strong>dicat.</strong></span> <span class='ocrx_word' id='word_1_158' title='bbox 377 1596 522 1632; x_wconf 83' lang='lat' dir='ltr'><strong>Contra</strong></span> <span class='ocrx_word' id='word_1_159' title='bbox 549 1605 642 1630; x_wconf 89' lang='lat' dir='ltr'><strong>vero</strong></span> <span class='ocrx_word' id='word_1_160' title='bbox 661 1591 835 1630; x_wconf 86' lang='lat' dir='ltr'><strong>similiter</strong></span> <span class='ocrx_word' id='word_1_161' title='bbox 854 1590 986 1628; x_wconf 84' lang='lat' dir='ltr'><strong>statuit</strong></span> <span class='ocrx_word' id='word_1_162' title='bbox 1000 1589 1175 1627; x_wconf 87' lang='lat' dir='ltr'><strong>Wicher-</strong></span> 
     </span>
     <span class='ocr_line' id='line_1_25' title="bbox 144 1649 1174 1703; baseline -0.006 -12"><span class='ocrx_word' id='word_1_163' title='bbox 144 1654 222 1691; x_wconf 89' lang='lat' dir='ltr'><strong>sius</strong></span> <span class='ocrx_word' id='word_1_164' title='bbox 252 1653 552 1703; x_wconf 85' lang='lat' dir='ltr'><strong>Theopompum</strong></span> <span class='ocrx_word' id='word_1_165' title='bbox 582 1651 697 1688; x_wconf 87' lang='lat' dir='ltr'><strong>fuisse</strong></span> <span class='ocrx_word' id='word_1_166' title='bbox 726 1650 826 1688; x_wconf 89' lang='lat' dir='ltr'><strong>inter</strong></span> <span class='ocrx_word' id='word_1_167' title='bbox 853 1662 941 1697; x_wconf 91' lang='lat' dir='ltr'><strong>eos,</strong></span> <span class='ocrx_word' id='word_1_168' title='bbox 981 1649 1047 1698; x_wconf 90' lang='lat' dir='ltr'><strong>qui</strong></span> <span class='ocrx_word' id='word_1_169' title='bbox 1080 1655 1174 1685; x_wconf 90' lang='lat' dir='ltr'><strong>teste</strong></span> 
     </span>
     <span class='ocr_line' id='line_1_26' title="bbox 145 1708 1173 1763; baseline -0.006 -13"><span class='ocrx_word' id='word_1_170' title='bbox 145 1713 318 1763; x_wconf 82' lang='lat' dir='ltr'><strong>Diogene</strong></span> <span class='ocrx_word' id='word_1_171' title='bbox 330 1711 486 1749; x_wconf 88' lang='lat' dir='ltr'><strong>Laertio</strong></span> <span class='ocrx_word' id='word_1_172' title='bbox 506 1712 624 1761; x_wconf 86' lang='lat' dir='ltr'><strong>(VIII,</strong></span> <span class='ocrx_word' id='word_1_173' title='bbox 639 1723 677 1761; x_wconf 85' lang='lat' dir='ltr'><strong>p.</strong></span> <span class='ocrx_word' id='word_1_174' title='bbox 700 1708 790 1760; x_wconf 79' lang='lat'>223)</span> <span class='ocrx_word' id='word_1_175' title='bbox 815 1708 1061 1746; x_wconf 82' lang='lat' dir='ltr'><strong>tradidissent</strong></span> <span class='ocrx_word' id='word_1_176' title='bbox 1077 1710 1173 1745; x_wconf 92' lang='lat' dir='ltr'><strong>Cro-</strong></span> 
     </span>
     <span class='ocr_line' id='line_1_27' title="bbox 147 1767 1175 1817; baseline -0.004 -10"><span class='ocrx_word' id='word_1_177' title='bbox 147 1771 310 1808; x_wconf 83' lang='lat' dir='ltr'><strong>toniatas</strong></span> <span class='ocrx_word' id='word_1_178' title='bbox 331 1770 537 1807; x_wconf 88' lang='lat' dir='ltr'><strong>nonnullos</strong></span> <span class='ocrx_word' id='word_1_179' title='bbox 557 1769 717 1806; x_wconf 90' lang='lat' dir='ltr'><strong>domum</strong></span> <span class='ocrx_word' id='word_1_180' title='bbox 741 1767 905 1814; x_wconf 88' lang='lat' dir='ltr'><strong>Milonis,</strong></span> <span class='ocrx_word' id='word_1_181' title='bbox 924 1767 962 1804; x_wconf 95' lang='lat' dir='ltr'><strong>in</strong></span> <span class='ocrx_word' id='word_1_182' title='bbox 996 1779 1072 1817; x_wconf 87' lang='lat' dir='ltr'><strong>qua</strong></span> <span class='ocrx_word' id='word_1_183' title='bbox 1091 1774 1175 1804; x_wconf 84' lang='lat' dir='ltr'><strong>erat</strong></span> 
     </span>
     <span class='ocr_line' id='line_1_28' title="bbox 145 1825 1175 1880; baseline -0.005 -14"><span class='ocrx_word' id='word_1_184' title='bbox 145 1829 385 1880; x_wconf 82' lang='lat' dir='ltr'><strong>Pythagoras</strong></span> <span class='ocrx_word' id='word_1_185' title='bbox 397 1856 407 1875; x_wconf 94' lang='lat'><strong>,</strong></span> <span class='ocrx_word' id='word_1_186' title='bbox 424 1827 659 1876; x_wconf 82' lang='lat' dir='ltr'><strong>incendisse,</strong></span> <span class='ocrx_word' id='word_1_187' title='bbox 677 1834 888 1865; x_wconf 87' lang='lat' dir='ltr'><strong>metuentes</strong></span> <span class='ocrx_word' id='word_1_188' title='bbox 906 1838 954 1863; x_wconf 88' lang='lat' dir='ltr'><strong>ne</strong></span> <span class='ocrx_word' id='word_1_189' title='bbox 975 1825 1175 1875; x_wconf 84' lang='lat' dir='ltr'><strong>tyrannide</strong></span> 
     </span>
     <span class='ocr_line' id='line_1_29' title="bbox 147 1889 476 1939; baseline -0.006 -14"><span class='ocrx_word' id='word_1_190' title='bbox 147 1889 476 1939; x_wconf 86' lang='lat' dir='ltr'><strong>opprimerentur.</strong></span> 
     </span>
    </p>
   </div>
   <div class='ocr_carea' id='block_1_5' title="bbox 627 1957 689 1994">
    <p class='ocr_par' dir='ltr' id='par_1_6' title="bbox 627 1957 689 1994">
     <span class='ocr_line' id='line_1_30' title="bbox 627 1957 689 1994; baseline 0.016 -1"><span class='ocrx_word' id='word_1_191' title='bbox 627 1957 689 1994; x_wconf 84' lang='lat'><strong>69.</strong></span> 
     </span>
    </p>
   </div>
   <div class='ocr_carea' id='block_1_6' title="bbox 147 2029 1177 2494">
    <p class='ocr_par' dir='ltr' id='par_1_7' title="bbox 147 2029 1177 2494">
     <span class='ocr_line' id='line_1_31' title="bbox 200 2029 1174 2084; baseline -0.003 -13"><span class='ocrx_word' id='word_1_192' title='bbox 200 2033 432 2084; x_wconf 79' lang='lat' dir='ltr'><strong>Apollonius</strong></span> <span class='ocrx_word' id='word_1_193' title='bbox 465 2036 577 2082; x_wconf 90' lang='lat' dir='ltr'><strong>Dysc.</strong></span> <span class='ocrx_word' id='word_1_194' title='bbox 616 2032 713 2070; x_wconf 86' lang='lat' dir='ltr'><strong>Hist.</strong></span> <span class='ocrx_word' id='word_1_195' title='bbox 746 2033 892 2069; x_wconf 84' lang='lat' dir='ltr'><strong>Comm.</strong></span> <span class='ocrx_word' id='word_1_196' title='bbox 917 2044 950 2069; x_wconf 87' lang='lat' dir='ltr'><strong>c.</strong></span> <span class='ocrx_word' id='word_1_197' title='bbox 984 2044 997 2066; x_wconf 93' lang='lat'>1</span> <span class='ocrx_word' id='word_1_198' title='bbox 1019 2044 1028 2066; x_wconf 94' lang='lat'><strong>:</strong></span> <span class='ocrx_word' id='word_1_199' title='bbox 1052 2029 1174 2068; x_wconf 87' lang='grc' dir='ltr'>Βώλου</span> 
     </span>
     <span class='ocr_line' id='line_1_32' title="bbox 147 2086 1175 2143; baseline -0.003 -14"><span class='ocrx_word' id='word_1_200' title='bbox 147 2091 381 2142; x_wconf 83' lang='grc' dir='ltr'>Ἐπιμενίδης</span> <span class='ocrx_word' id='word_1_201' title='bbox 394 2093 412 2129; x_wconf 83' lang='lat'>6</span> <span class='ocrx_word' id='word_1_202' title='bbox 432 2089 529 2143; x_wconf 83' lang='grc' dir='ltr'>Κρὴς</span> <span class='ocrx_word' id='word_1_203' title='bbox 547 2089 686 2141; x_wconf 82' lang='grc' dir='ltr'>λέγεται</span> <span class='ocrx_word' id='word_1_204' title='bbox 709 2089 777 2127; x_wconf 80' lang='grc' dir='ltr'>ὑπὸ</span> <span class='ocrx_word' id='word_1_205' title='bbox 793 2093 854 2127; x_wconf 74' lang='grc' dir='ltr'><strong>τοῦ</strong></span> <span class='ocrx_word' id='word_1_206' title='bbox 876 2087 1007 2141; x_wconf 77' lang='grc' dir='ltr'>πατρὸς</span> <span class='ocrx_word' id='word_1_207' title='bbox 1029 2086 1087 2126; x_wconf 73' lang='grc' dir='ltr'><strong>καὶ</strong></span> <span class='ocrx_word' id='word_1_208' title='bbox 1106 2090 1175 2126; x_wconf 82' lang='grc' dir='ltr'><strong>τῶν</strong></span> 
     </span>
     <span class='ocr_line' id='line_1_33' title="bbox 148 2145 1176 2204; baseline -0.003 -17"><span class='ocrx_word' id='word_1_209' title='bbox 148 2150 305 2204; x_wconf 77' lang='grc' dir='ltr'>ἀδελφῶν</span> <span class='ocrx_word' id='word_1_210' title='bbox 328 2152 388 2187; x_wconf 81' lang='grc' dir='ltr'><strong>τοῦ</strong></span> <span class='ocrx_word' id='word_1_211' title='bbox 409 2149 539 2202; x_wconf 84' lang='grc' dir='ltr'>πατρὸς</span> <span class='ocrx_word' id='word_1_212' title='bbox 568 2148 775 2190; x_wconf 83' lang='grc' dir='ltr'>ἀποσταλεὶς</span> <span class='ocrx_word' id='word_1_213' title='bbox 801 2149 848 2191; x_wconf 87' lang='grc' dir='ltr'><strong>εἷς</strong></span> <span class='ocrx_word' id='word_1_214' title='bbox 867 2146 984 2200; x_wconf 83' lang='grc' dir='ltr'>ἀγρὸν,</span> <span class='ocrx_word' id='word_1_215' title='bbox 1001 2145 1176 2200; x_wconf 74' lang='grc' dir='ltr'>πρόὸατον</span> 
     </span>
     <span class='ocr_line' id='line_1_34' title="bbox 149 2204 1175 2260; baseline -0.003 -14"><span class='ocrx_word' id='word_1_216' title='bbox 149 2210 291 2260; x_wconf 82' lang='grc' dir='ltr'>ἀγαγεῖν</span> <span class='ocrx_word' id='word_1_217' title='bbox 313 2209 360 2252; x_wconf 87' lang='grc' dir='ltr'><strong>εἷς</strong></span> <span class='ocrx_word' id='word_1_218' title='bbox 388 2206 452 2255; x_wconf 85' lang='grc' dir='ltr'><strong>τὴν</strong></span> <span class='ocrx_word' id='word_1_219' title='bbox 478 2206 593 2255; x_wconf 88' lang='grc' dir='ltr'>πόλιν,</span> <span class='ocrx_word' id='word_1_220' title='bbox 615 2205 884 2253; x_wconf 71' lang='grc' dir='ltr'>καταλαὸούσης</span> <span class='ocrx_word' id='word_1_221' title='bbox 906 2205 1009 2244; x_wconf 78' lang='grc' dir='ltr'>αὐτὸν</span> <span class='ocrx_word' id='word_1_222' title='bbox 1035 2204 1175 2254; x_wconf 83' lang='grc' dir='ltr'>νυκτὸς,</span> 
     </span>
     <span class='ocr_line' id='line_1_35' title="bbox 147 2263 1177 2321; baseline -0.003 -16"><span class='ocrx_word' id='word_1_223' title='bbox 147 2266 368 2321; x_wconf 81' lang='grc' dir='ltr'>παραλλάξαι</span> <span class='ocrx_word' id='word_1_224' title='bbox 379 2269 440 2313; x_wconf 72' lang='grc' dir='ltr'><strong>τῆς</strong></span> <span class='ocrx_word' id='word_1_225' title='bbox 455 2266 588 2320; x_wconf 69' lang='grc' dir='ltr'>τρίὸοιν</span> <span class='ocrx_word' id='word_1_226' title='bbox 607 2266 666 2304; x_wconf 77' lang='grc' dir='ltr'><strong>καὶ</strong></span> <span class='ocrx_word' id='word_1_227' title='bbox 685 2267 990 2316; x_wconf 72' lang='grc' dir='ltr'>κατακοιμηθῆναι</span> <span class='ocrx_word' id='word_1_228' title='bbox 1007 2263 1067 2311; x_wconf 84' lang='grc' dir='ltr'><strong>ἔτη</strong></span> <span class='ocrx_word' id='word_1_229' title='bbox 1089 2264 1177 2302; x_wconf 81' lang='grc' dir='ltr'>ἑπτὰ</span> 
     </span>
     <span class='ocr_line' id='line_1_36' title="bbox 148 2321 1175 2377; baseline -0.003 -14"><span class='ocrx_word' id='word_1_230' title='bbox 148 2325 207 2363; x_wconf 88' lang='grc' dir='ltr'><strong>καὶ</strong></span> <span class='ocrx_word' id='word_1_231' title='bbox 229 2324 446 2371; x_wconf 83' lang='grc' dir='ltr'>πεντήκοντα</span> <span class='ocrx_word' id='word_1_232' title='bbox 459 2340 466 2347; x_wconf 90' lang='grc'><em>·</em></span> <span class='ocrx_word' id='word_1_233' title='bbox 485 2323 642 2377; x_wconf 86' lang='grc' dir='ltr'>καθάπερ</span> <span class='ocrx_word' id='word_1_234' title='bbox 662 2323 761 2362; x_wconf 80' lang='grc' dir='ltr'>ἄλλοι</span> <span class='ocrx_word' id='word_1_235' title='bbox 779 2339 816 2361; x_wconf 87' lang='grc' dir='ltr'><strong>τε</strong></span> <span class='ocrx_word' id='word_1_236' title='bbox 839 2322 962 2361; x_wconf 82' lang='grc' dir='ltr'>πολλοὶ</span> <span class='ocrx_word' id='word_1_237' title='bbox 984 2321 1175 2376; x_wconf 75' lang='grc' dir='ltr'>εἰρήκασιν,</span> 
     </span>
     <span class='ocr_line' id='line_1_37' title="bbox 149 2380 1176 2437; baseline -0.005 -14"><span class='ocrx_word' id='word_1_238' title='bbox 149 2384 200 2422; x_wconf 85' lang='grc' dir='ltr'><strong>ἔτι</strong></span> <span class='ocrx_word' id='word_1_239' title='bbox 221 2384 281 2422; x_wconf 81' lang='grc' dir='ltr'><strong>καὶ</strong></span> <span class='ocrx_word' id='word_1_240' title='bbox 301 2385 512 2435; x_wconf 81' lang='grc' dir='ltr'>Θεόπομπος</span> <span class='ocrx_word' id='word_1_241' title='bbox 542 2385 577 2421; x_wconf 82' lang='grc' dir='ltr'>ἐν</span> <span class='ocrx_word' id='word_1_242' title='bbox 597 2388 674 2427; x_wconf 84' lang='grc' dir='ltr'>ταῖς</span> <span class='ocrx_word' id='word_1_243' title='bbox 699 2381 882 2437; x_wconf 86' lang='grc' dir='ltr'>Ἱστορίαις</span> <span class='ocrx_word' id='word_1_244' title='bbox 895 2381 1114 2435; x_wconf 81' lang='grc' dir='ltr'>,ἐπιτρέχων</span> <span class='ocrx_word' id='word_1_245' title='bbox 1134 2380 1176 2419; x_wconf 84' lang='grc' dir='ltr'><strong>τὰ</strong></span> 
     </span>
     <span class='ocr_line' id='line_1_38' title="bbox 149 2438 1175 2494; baseline -0.004 -13"><span class='ocrx_word' id='word_1_246' title='bbox 149 2442 241 2481; x_wconf 82' lang='grc' dir='ltr'>κατὰ</span> <span class='ocrx_word' id='word_1_247' title='bbox 261 2441 385 2486; x_wconf 83' lang='grc' dir='ltr'>τόπους</span> <span class='ocrx_word' id='word_1_248' title='bbox 404 2441 596 2493; x_wconf 81' lang='grc' dir='ltr'>θαυμάσια.</span> <span class='ocrx_word' id='word_1_249' title='bbox 615 2438 768 2480; x_wconf 77' lang='grc' dir='ltr'>’Έπειτα</span> <span class='ocrx_word' id='word_1_250' title='bbox 796 2440 974 2491; x_wconf 72' lang='grc' dir='ltr'>συμὸἦναι</span> <span class='ocrx_word' id='word_1_251' title='bbox 994 2442 1029 2479; x_wconf 78' lang='grc' dir='ltr'>ἐν</span> <span class='ocrx_word' id='word_1_252' title='bbox 1046 2443 1096 2494; x_wconf 87' lang='grc' dir='ltr'><strong>τῷ</strong></span> <span class='ocrx_word' id='word_1_253' title='bbox 1114 2456 1175 2491; x_wconf 89' lang='grc' dir='ltr'><strong>με-</strong></span> 
     </span>
    </p>
   </div>
   <div class='ocr_carea' id='block_1_7' title="bbox 151 2584 1185 2715">
    <p class='ocr_par' dir='ltr' id='par_1_8' title="bbox 151 2584 1185 2715">
     <span class='ocr_line' id='line_1_39' title="bbox 154 2584 1182 2628; baseline -0.005 -8"><span class='ocrx_word' id='word_1_254' title='bbox 154 2590 235 2627; x_wconf 86' lang='lat' dir='ltr'><strong>erat,</strong></span> <span class='ocrx_word' id='word_1_255' title='bbox 249 2590 286 2619; x_wconf 89' lang='lat' dir='ltr'><strong>ut</strong></span> <span class='ocrx_word' id='word_1_256' title='bbox 299 2586 379 2619; x_wconf 85' lang='lat' dir='ltr'><strong>dicit</strong></span> <span class='ocrx_word' id='word_1_257' title='bbox 393 2585 600 2628; x_wconf 84' lang='lat' dir='ltr'><strong>Hippobotus</strong></span> <span class='ocrx_word' id='word_1_258' title='bbox 618 2595 626 2617; x_wconf 77' lang='lat' dir='ltr'>z</span> <span class='ocrx_word' id='word_1_259' title='bbox 645 2587 683 2617; x_wconf 89' lang='lat' dir='ltr'><strong>ut</strong></span> <span class='ocrx_word' id='word_1_260' title='bbox 698 2589 806 2617; x_wconf 83' lang='lat' dir='ltr'><strong>autem</strong></span> <span class='ocrx_word' id='word_1_261' title='bbox 822 2585 901 2617; x_wconf 86' lang='lat' dir='ltr'><strong>dicit</strong></span> <span class='ocrx_word' id='word_1_262' title='bbox 916 2585 1130 2617; x_wconf 80' lang='lat' dir='ltr'><strong>Aristoxenus</strong></span> <span class='ocrx_word' id='word_1_263' title='bbox 1149 2584 1182 2617; x_wconf 89' lang='lat' dir='ltr'><strong>in</strong></span> 
     </span>
     <span class='ocr_line' id='line_1_40' title="bbox 151 2632 1185 2676; baseline -0.004 -9"><span class='ocrx_word' id='word_1_264' title='bbox 151 2635 229 2667; x_wconf 83' lang='lat' dir='ltr'><strong>Vita</strong></span> <span class='ocrx_word' id='word_1_265' title='bbox 250 2635 462 2676; x_wconf 71' lang='lat' dir='ltr'><strong>Pythagorae,</strong></span> <span class='ocrx_word' id='word_1_266' title='bbox 487 2634 522 2666; x_wconf 87' lang='lat' dir='ltr'><strong>et</strong></span> <span class='ocrx_word' id='word_1_267' title='bbox 548 2633 755 2666; x_wconf 84' lang='lat' dir='ltr'><strong>Aristarchus</strong></span> <span class='ocrx_word' id='word_1_268' title='bbox 782 2635 814 2664; x_wconf 90' lang='lat' dir='ltr'><strong>et</strong></span> <span class='ocrx_word' id='word_1_269' title='bbox 841 2632 1072 2673; x_wconf 85' lang='lat' dir='ltr'><strong>Theopompus</strong></span> <span class='ocrx_word' id='word_1_270' title='bbox 1086 2655 1094 2671; x_wconf 96' lang='lat'><strong>,</strong></span> <span class='ocrx_word' id='word_1_271' title='bbox 1117 2634 1185 2664; x_wconf 83' lang='lat' dir='ltr'><strong>erat</strong></span> 
     </span>
     <span class='ocr_line' id='line_1_41' title="bbox 153 2685 292 2715; baseline -0.014 0"><span class='ocrx_word' id='word_1_272' title='bbox 153 2685 292 2715; x_wconf 87' lang='lat' dir='ltr'><strong>Tuscus.</strong></span> 
     </span>
    </p>
   </div>
   <div class='ocr_carea' id='block_1_8' title="bbox 637 2757 698 2790">
    <p class='ocr_par' dir='ltr' id='par_1_9' title="bbox 637 2757 698 2790">
     <span class='ocr_line' id='line_1_42' title="bbox 637 2757 698 2790; baseline -0.033 0"><span class='ocrx_word' id='word_1_273' title='bbox 637 2757 698 2790; x_wconf 88' lang='lat'><strong>68.</strong></span> 
     </span>
    </p>
   </div>
   <div class='ocr_carea' id='block_1_9' title="bbox 155 2825 1187 3334">
    <p class='ocr_par' dir='ltr' id='par_1_10' title="bbox 155 2825 1187 3334">
     <span class='ocr_line' id='line_1_43' title="bbox 196 2825 1184 2867; baseline -0.002 -8"><span class='ocrx_word' id='word_1_274' title='bbox 196 2827 317 2860; x_wconf 85' lang='lat' dir='ltr'><strong>Diebus</strong></span> <span class='ocrx_word' id='word_1_275' title='bbox 327 2826 415 2858; x_wconf 87' lang='lat' dir='ltr'><strong>haud</strong></span> <span class='ocrx_word' id='word_1_276' title='bbox 427 2826 539 2858; x_wconf 87' lang='lat' dir='ltr'><strong>multis</strong></span> <span class='ocrx_word' id='word_1_277' title='bbox 555 2828 628 2867; x_wconf 90' lang='lat' dir='ltr'><strong>post</strong></span> <span class='ocrx_word' id='word_1_278' title='bbox 648 2825 851 2867; x_wconf 81' lang='lat' dir='ltr'><strong>tyrannidem</strong></span> <span class='ocrx_word' id='word_1_279' title='bbox 863 2833 1027 2866; x_wconf 83' lang='lat' dir='ltr'><strong>occupans</strong></span> <span class='ocrx_word' id='word_1_280' title='bbox 1046 2825 1184 2867; x_wconf 86' lang='lat' dir='ltr'><strong>philoso-</strong></span> 
     </span>
     <span class='ocr_line' id='line_1_44' title="bbox 159 2872 1185 2915; baseline -0.003 -9"><span class='ocrx_word' id='word_1_281' title='bbox 159 2875 244 2915; x_wconf 86' lang='lat' dir='ltr'><strong>phus</strong></span> <span class='ocrx_word' id='word_1_282' title='bbox 263 2873 416 2914; x_wconf 81' lang='lat' dir='ltr'><strong>(Athenio</strong></span> <span class='ocrx_word' id='word_1_283' title='bbox 437 2873 707 2914; x_wconf 86' lang='lat' dir='ltr'><strong>Peripateticus),</strong></span> <span class='ocrx_word' id='word_1_284' title='bbox 735 2882 773 2905; x_wconf 85' lang='lat' dir='ltr'><strong>ac</strong></span> <span class='ocrx_word' id='word_1_285' title='bbox 792 2873 1064 2913; x_wconf 82' lang='lat' dir='ltr'><strong>Pythagoreorum</strong></span> <span class='ocrx_word' id='word_1_286' title='bbox 1079 2872 1185 2904; x_wconf 87' lang='lat' dir='ltr'><strong>decre-</strong></span> 
     </span>
     <span class='ocr_line' id='line_1_45' title="bbox 155 2919 1185 2961; baseline -0.002 -8"><span class='ocrx_word' id='word_1_287' title='bbox 155 2922 227 2953; x_wconf 85' lang='lat' dir='ltr'><strong>tum</strong></span> <span class='ocrx_word' id='word_1_288' title='bbox 250 2921 290 2953; x_wconf 88' lang='lat' dir='ltr'><strong>de</strong></span> <span class='ocrx_word' id='word_1_289' title='bbox 307 2920 433 2952; x_wconf 81' lang='lat' dir='ltr'><strong>insidiis</strong></span> <span class='ocrx_word' id='word_1_290' title='bbox 447 2929 544 2961; x_wconf 88' lang='lat' dir='ltr'><strong>quam</strong></span> <span class='ocrx_word' id='word_1_291' title='bbox 561 2920 629 2952; x_wconf 90' lang='lat' dir='ltr'><strong>vim</strong></span> <span class='ocrx_word' id='word_1_292' title='bbox 646 2920 762 2953; x_wconf 86' lang='lat' dir='ltr'><strong>habeat</strong></span> <span class='ocrx_word' id='word_1_293' title='bbox 775 2919 959 2959; x_wconf 88' lang='lat' dir='ltr'><strong>ostendens,</strong></span> <span class='ocrx_word' id='word_1_294' title='bbox 978 2920 1011 2951; x_wconf 86' lang='lat' dir='ltr'><strong>et</strong></span> <span class='ocrx_word' id='word_1_295' title='bbox 1029 2928 1185 2960; x_wconf 88' lang='lat' dir='ltr'><strong>quorsum</strong></span> 
     </span>
     <span class='ocr_line' id='line_1_46' title="bbox 156 2966 1187 3009; baseline -0.001 -10"><span class='ocrx_word' id='word_1_296' title='bbox 156 2968 325 3000; x_wconf 80' lang='lat' dir='ltr'><strong>tetenderit</strong></span> <span class='ocrx_word' id='word_1_297' title='bbox 340 2968 400 2999; x_wconf 89' lang='lat' dir='ltr'><strong>illis</strong></span> <span class='ocrx_word' id='word_1_298' title='bbox 408 2967 610 3009; x_wconf 85' lang='lat' dir='ltr'><strong>philosophia</strong></span> <span class='ocrx_word' id='word_1_299' title='bbox 622 2976 670 3008; x_wconf 90' lang='lat' dir='ltr'><strong>ea,</strong></span> <span class='ocrx_word' id='word_1_300' title='bbox 678 2976 776 3009; x_wconf 87' lang='lat' dir='ltr'><strong>quam</strong></span> <span class='ocrx_word' id='word_1_301' title='bbox 786 2967 958 3009; x_wconf 76' lang='lat' dir='ltr'><strong>praeclarus</strong></span> <span class='ocrx_word' id='word_1_302' title='bbox 967 2966 1187 2999; x_wconf 84' lang='lat' dir='ltr'><strong>introduxerat</strong></span> 
     </span>
     <span class='ocr_line' id='line_1_47' title="bbox 158 3014 1186 3056; baseline 0 -10"><span class='ocrx_word' id='word_1_303' title='bbox 158 3015 372 3055; x_wconf 82' lang='lat' dir='ltr'><strong>Pythagoras,</strong></span> <span class='ocrx_word' id='word_1_304' title='bbox 395 3015 670 3055; x_wconf 88' lang='lat' dir='ltr'><strong>quemadmodum</strong></span> <span class='ocrx_word' id='word_1_305' title='bbox 694 3015 921 3056; x_wconf 86' lang='lat' dir='ltr'><strong>Theopompus</strong></span> <span class='ocrx_word' id='word_1_306' title='bbox 941 3014 1051 3046; x_wconf 85' lang='lat' dir='ltr'><strong>docuit</strong></span> <span class='ocrx_word' id='word_1_307' title='bbox 1071 3017 1186 3046; x_wconf 81' lang='lat' dir='ltr'><strong>octavo</strong></span> 
     </span>
     <span class='ocr_line' id='line_1_48' title="bbox 159 3060 1186 3104; baseline 0.001 -12"><span class='ocrx_word' id='word_1_308' title='bbox 159 3061 242 3093; x_wconf 86' lang='lat' dir='ltr'><strong>libro</strong></span> <span class='ocrx_word' id='word_1_309' title='bbox 274 3064 393 3093; x_wconf 84' lang='lat' dir='ltr'><strong>Rerum</strong></span> <span class='ocrx_word' id='word_1_310' title='bbox 423 3061 676 3103; x_wconf 87' lang='lat' dir='ltr'><strong>Philippicarum</strong></span> <span class='ocrx_word' id='word_1_311' title='bbox 687 3086 696 3102; x_wconf 93' lang='lat'>‚</span> <span class='ocrx_word' id='word_1_312' title='bbox 728 3063 761 3094; x_wconf 89' lang='lat' dir='ltr'><strong>et</strong></span> <span class='ocrx_word' id='word_1_313' title='bbox 777 3062 974 3104; x_wconf 85' lang='lat' dir='ltr'><strong>Hermippus</strong></span> <span class='ocrx_word' id='word_1_314' title='bbox 997 3060 1186 3095; x_wconf 78' lang='lat' dir='ltr'><strong>Callimachi</strong></span> 
     </span>
     <span class='ocr_line' id='line_1_49' title="bbox 160 3107 1186 3150; baseline 0.002 -12"><span class='ocrx_word' id='word_1_315' title='bbox 160 3107 340 3148; x_wconf 84' lang='lat' dir='ltr'><strong>discipulus</strong></span> <span class='ocrx_word' id='word_1_316' title='bbox 351 3119 360 3146; x_wconf 81' lang='lat'><em>3</em></span> <span class='ocrx_word' id='word_1_317' title='bbox 371 3107 526 3140; x_wconf 87' lang='lat' dir='ltr'><strong>continuo</strong></span> <span class='ocrx_word' id='word_1_318' title='bbox 536 3109 590 3141; x_wconf 89' lang='lat' dir='ltr'><strong>hic</strong></span> <span class='ocrx_word' id='word_1_319' title='bbox 600 3118 747 3150; x_wconf 88' lang='lat' dir='ltr'><strong>quoque,</strong></span> <span class='ocrx_word' id='word_1_320' title='bbox 761 3109 947 3150; x_wconf 82' lang='lat' dir='ltr'><strong>quicunque</strong></span> <span class='ocrx_word' id='word_1_321' title='bbox 959 3109 1040 3142; x_wconf 86' lang='lat' dir='ltr'><strong>bene</strong></span> <span class='ocrx_word' id='word_1_322' title='bbox 1053 3108 1186 3140; x_wconf 84' lang='lat' dir='ltr'><strong>animati</strong></span> 
     </span>
     <span class='ocr_line' id='line_1_50' title="bbox 161 3154 1185 3197; baseline 0.002 -12"><span class='ocrx_word' id='word_1_323' title='bbox 161 3157 250 3186; x_wconf 87' lang='lat' dir='ltr'><strong>erant</strong></span> <span class='ocrx_word' id='word_1_324' title='bbox 266 3163 306 3186; x_wconf 88' lang='lat' dir='ltr'><strong>ex</strong></span> <span class='ocrx_word' id='word_1_325' title='bbox 322 3154 620 3188; x_wconf 80' lang='lat' dir='ltr'><strong>civibus-contra</strong></span> <span class='ocrx_word' id='word_1_326' title='bbox 637 3156 820 3189; x_wconf 87' lang='lat' dir='ltr'><strong>Aristotelis</strong></span> <span class='ocrx_word' id='word_1_327' title='bbox 835 3157 867 3188; x_wconf 87' lang='lat' dir='ltr'><strong>et</strong></span> <span class='ocrx_word' id='word_1_328' title='bbox 880 3155 1094 3197; x_wconf 83' lang='lat' dir='ltr'><strong>Theophrasti</strong></span> <span class='ocrx_word' id='word_1_329' title='bbox 1107 3164 1185 3196; x_wconf 81' lang='lat' dir='ltr'><strong>prae-</strong></span> 
     </span>
     <span class='ocr_line' id='line_1_51' title="bbox 161 3202 1186 3244; baseline 0.003 -13"><span class='ocrx_word' id='word_1_330' title='bbox 161 3202 269 3241; x_wconf 80' lang='lat' dir='ltr'><strong>cepta;</strong></span> <span class='ocrx_word' id='word_1_331' title='bbox 294 3203 330 3231; x_wconf 86' lang='lat' dir='ltr'><strong>ut</strong></span> <span class='ocrx_word' id='word_1_332' title='bbox 357 3202 524 3234; x_wconf 81' lang='lat' dir='ltr'><strong>veritatem</strong></span> <span class='ocrx_word' id='word_1_333' title='bbox 551 3212 706 3243; x_wconf 83' lang='lat' dir='ltr'><strong>agnoscas</strong></span> <span class='ocrx_word' id='word_1_334' title='bbox 737 3203 919 3244; x_wconf 84' lang='lat' dir='ltr'><strong>proverbii,</strong></span> <span class='ocrx_word' id='word_1_335' title='bbox 949 3206 997 3236; x_wconf 81' lang='lat' dir='ltr'><strong>Ne</strong></span> <span class='ocrx_word' id='word_1_336' title='bbox 1027 3202 1186 3243; x_wconf 73' lang='lat' dir='ltr'><strong>qladium</strong></span> 
     </span>
     <span class='ocr_line' id='line_1_52' title="bbox 161 3249 1186 3291; baseline 0.005 -14"><span class='ocrx_word' id='word_1_337' title='bbox 161 3255 270 3287; x_wconf 82' lang='lat' dir='ltr'><strong>puero</strong></span> <span class='ocrx_word' id='word_1_338' title='bbox 279 3250 290 3278; x_wconf 94' lang='lat'><em>!</em></span> <span class='ocrx_word' id='word_1_339' title='bbox 299 3267 340 3273; x_wconf 88' lang='lat'><strong>—</strong></span> <span class='ocrx_word' id='word_1_340' title='bbox 351 3249 436 3279; x_wconf 88' lang='lat' dir='ltr'><strong>recta</strong></span> <span class='ocrx_word' id='word_1_341' title='bbox 449 3257 466 3280; x_wconf 87' lang='lat' dir='ltr'><strong>e</strong></span> <span class='ocrx_word' id='word_1_342' title='bbox 482 3249 587 3281; x_wconf 89' lang='lat' dir='ltr'><strong>medio</strong></span> <span class='ocrx_word' id='word_1_343' title='bbox 600 3251 752 3290; x_wconf 86' lang='lat' dir='ltr'><strong>sustulit,</strong></span> <span class='ocrx_word' id='word_1_344' title='bbox 770 3250 921 3282; x_wconf 79' lang='lat' dir='ltr'><strong>custodes</strong></span> <span class='ocrx_word' id='word_1_345' title='bbox 937 3259 1014 3282; x_wconf 86' lang='lat' dir='ltr'><strong>vero</strong></span> <span class='ocrx_word' id='word_1_346' title='bbox 1026 3249 1065 3281; x_wconf 88' lang='lat' dir='ltr'><strong>ad</strong></span> <span class='ocrx_word' id='word_1_347' title='bbox 1076 3251 1186 3291; x_wconf 81' lang='lat' dir='ltr'><strong>portas</strong></span> 
     </span>
     <span class='ocr_line' id='line_1_53' title="bbox 162 3292 1186 3334; baseline 0.005 -11"><span class='ocrx_word' id='word_1_348' title='bbox 162 3292 291 3324; x_wconf 80' lang='lat' dir='ltr'><strong>locavit.</strong></span> <span class='ocrx_word' id='word_1_349' title='bbox 310 3294 381 3330; x_wconf 91' lang='lat' dir='ltr'><strong>Quo</strong></span> <span class='ocrx_word' id='word_1_350' title='bbox 398 3294 537 3334; x_wconf 82' lang='lat' dir='ltr'><strong>sactum,</strong></span> <span class='ocrx_word' id='word_1_351' title='bbox 555 3298 591 3327; x_wconf 91' lang='lat' dir='ltr'><strong>ut</strong></span> <span class='ocrx_word' id='word_1_352' title='bbox 614 3297 860 3329; x_wconf 82' lang='lat' dir='ltr'><strong>Atheniensium</strong></span> <span class='ocrx_word' id='word_1_353' title='bbox 888 3297 983 3329; x_wconf 81' lang='lat' dir='ltr'><strong>multi</strong></span> <span class='ocrx_word' id='word_1_354' title='bbox 1012 3296 1186 3328; x_wconf 85' lang='lat' dir='ltr'><strong>imminens</strong></span> 
     </span>
    </p>
   </div>
   <div class='ocr_carea' id='block_1_10' title="bbox 162 3340 1185 3427">
    <p class='ocr_par' dir='ltr' id='par_1_11' title="bbox 162 3340 1185 3427">
     <span class='ocr_line' id='line_1_54' title="bbox 163 3340 1185 3384; baseline 0.005 -13"><span class='ocrx_word' id='word_1_355' title='bbox 163 3341 342 3372; x_wconf 86' lang='lat' dir='ltr'><strong>metuentes</strong></span> <span class='ocrx_word' id='word_1_356' title='bbox 359 3340 538 3381; x_wconf 86' lang='lat' dir='ltr'><strong>periculum</strong></span> <span class='ocrx_word' id='word_1_357' title='bbox 551 3365 559 3379; x_wconf 91' lang='lat'><strong>,</strong></span> <span class='ocrx_word' id='word_1_358' title='bbox 574 3345 672 3375; x_wconf 89' lang='lat' dir='ltr'><strong>noctu</strong></span> <span class='ocrx_word' id='word_1_359' title='bbox 683 3352 738 3384; x_wconf 88' lang='lat' dir='ltr'><strong>per</strong></span> <span class='ocrx_word' id='word_1_360' title='bbox 754 3352 866 3375; x_wconf 87' lang='lat' dir='ltr'><strong>muros</strong></span> <span class='ocrx_word' id='word_1_361' title='bbox 881 3343 957 3375; x_wconf 84' lang='lat' dir='ltr'><strong>ioris</strong></span> <span class='ocrx_word' id='word_1_362' title='bbox 971 3352 1006 3375; x_wconf 89' lang='lat' dir='ltr'><strong>se</strong></span> <span class='ocrx_word' id='word_1_363' title='bbox 1019 3343 1185 3377; x_wconf 84' lang='lat' dir='ltr'><strong>demitten-</strong></span> 
     </span>
     <span class='ocr_line' id='line_1_55' title="bbox 162 3385 439 3427; baseline -0.007 -9"><span class='ocrx_word' id='word_1_364' title='bbox 162 3388 212 3418; x_wconf 85' lang='lat' dir='ltr'><strong>tes</strong></span> <span class='ocrx_word' id='word_1_365' title='bbox 226 3385 439 3427; x_wconf 78' lang='lat' dir='ltr'><strong>profugerent.</strong></span> 
     </span>
    </p>
   </div>
   <div class='ocr_carea' id='block_1_11' title="bbox 867 178 1532 220">
    <p class='ocr_par' dir='ltr' id='par_1_12' title="bbox 867 178 1532 220">
     <span class='ocr_line' id='line_1_56' title="bbox 867 178 1532 220; baseline -0.006 1"><span class='ocrx_word' id='word_1_366' title='bbox 867 179 1169 220; x_wconf 87' lang='lat' dir='ltr'><strong>THEOPOMPI</strong></span> <span class='ocrx_word' id='word_1_367' title='bbox 1196 178 1532 218; x_wconf 83' lang='lat' dir='ltr'><strong>FRAGMENTA.</strong></span> 
     </span>
    </p>
   </div>
   <div class='ocr_carea' id='block_1_12' title="bbox 1227 263 2265 2477">
    <p class='ocr_par' dir='ltr' id='par_1_13' title="bbox 1227 263 2260 967">
     <span class='ocr_line' id='line_1_57' title="bbox 1227 263 2248 318; baseline 0.002 -16"><span class='ocrx_word' id='word_1_368' title='bbox 1227 263 1309 309; x_wconf 74' lang='grc' dir='ltr'>ταξὺ</span> <span class='ocrx_word' id='word_1_369' title='bbox 1328 263 1464 318; x_wconf 86' lang='grc' dir='ltr'>χρόνῳ,</span> <span class='ocrx_word' id='word_1_370' title='bbox 1490 265 1569 309; x_wconf 76' lang='grc' dir='ltr'>τοὺς</span> <span class='ocrx_word' id='word_1_371' title='bbox 1585 263 1647 316; x_wconf 79' lang='grc' dir='ltr'>μὲν</span> <span class='ocrx_word' id='word_1_372' title='bbox 1667 265 1812 308; x_wconf 81' lang='grc' dir='ltr'>οἰκείους</span> <span class='ocrx_word' id='word_1_373' title='bbox 1833 268 1894 303; x_wconf 77' lang='grc' dir='ltr'><strong>τοῦ</strong></span> <span class='ocrx_word' id='word_1_374' title='bbox 1916 265 2143 317; x_wconf 82' lang='grc' dir='ltr'>Ἐπιμενίδου</span> <span class='ocrx_word' id='word_1_375' title='bbox 2162 267 2248 304; x_wconf 85' lang='grc' dir='ltr'>ἀπο-</span> 
     </span>
     <span class='ocr_line' id='line_1_58' title="bbox 1228 322 2255 378; baseline 0.001 -17"><span class='ocrx_word' id='word_1_376' title='bbox 1228 325 1341 362; x_wconf 87' lang='grc' dir='ltr'>θανεῖν</span> <span class='ocrx_word' id='word_1_377' title='bbox 1358 339 1366 348; x_wconf 93' lang='grc'><em>·</em></span> <span class='ocrx_word' id='word_1_378' title='bbox 1385 323 1487 362; x_wconf 76' lang='grc' dir='ltr'>αὐτὸν</span> <span class='ocrx_word' id='word_1_379' title='bbox 1507 323 1543 362; x_wconf 82' lang='grc' dir='ltr'><strong>δὲ</strong></span> <span class='ocrx_word' id='word_1_380' title='bbox 1561 323 1742 377; x_wconf 82' lang='grc' dir='ltr'>ἐγερθέντα</span> <span class='ocrx_word' id='word_1_381' title='bbox 1768 325 1807 362; x_wconf 80' lang='grc' dir='ltr'><strong>ἐκ</strong></span> <span class='ocrx_word' id='word_1_382' title='bbox 1829 327 1890 362; x_wconf 82' lang='grc' dir='ltr'><strong>τοῦ</strong></span> <span class='ocrx_word' id='word_1_383' title='bbox 1910 322 2040 372; x_wconf 75' lang='grc' dir='ltr'>ὕπνου,</span> <span class='ocrx_word' id='word_1_384' title='bbox 2069 326 2182 372; x_wconf 84' lang='grc' dir='ltr'>ζητεῖν</span> <span class='ocrx_word' id='word_1_385' title='bbox 2201 325 2255 378; x_wconf 78' lang='grc' dir='ltr'><strong>ἐφ’</strong></span> 
     </span>
     <span class='ocr_line' id='line_1_59' title="bbox 1228 381 2256 436; baseline 0.001 -16"><span class='ocrx_word' id='word_1_386' title='bbox 1228 381 1247 420; x_wconf 81' lang='grc' dir='ltr'>ὃ</span> <span class='ocrx_word' id='word_1_387' title='bbox 1264 382 1446 430; x_wconf 84' lang='grc' dir='ltr'>ἀπεστάλη</span> <span class='ocrx_word' id='word_1_388' title='bbox 1471 382 1646 436; x_wconf 77' lang='grc' dir='ltr'>πρόὸατον</span> <span class='ocrx_word' id='word_1_389' title='bbox 1659 399 1667 406; x_wconf 91' lang='grc'><strong><em>·</em></strong></span> <span class='ocrx_word' id='word_1_390' title='bbox 1687 382 1735 434; x_wconf 84' lang='grc' dir='ltr'><strong>μὴ</strong></span> <span class='ocrx_word' id='word_1_391' title='bbox 1757 382 1901 435; x_wconf 84' lang='grc' dir='ltr'>εὑρόντα</span> <span class='ocrx_word' id='word_1_392' title='bbox 1924 382 1980 431; x_wconf 84' lang='grc' dir='ltr'><strong>δὲ,</strong></span> <span class='ocrx_word' id='word_1_393' title='bbox 2004 381 2184 436; x_wconf 86' lang='grc' dir='ltr'>πορεύεσθ’</span> <span class='ocrx_word' id='word_1_394' title='bbox 2209 384 2256 427; x_wconf 89' lang='grc' dir='ltr'><strong>εἷς</strong></span> 
     </span>
     <span class='ocr_line' id='line_1_60' title="bbox 1227 441 2256 497; baseline 0.001 -17"><span class='ocrx_word' id='word_1_395' title='bbox 1227 441 1286 480; x_wconf 81' lang='grc' dir='ltr'><strong>τὸν</strong></span> <span class='ocrx_word' id='word_1_396' title='bbox 1306 441 1411 496; x_wconf 86' lang='grc' dir='ltr'>ἀγρόν</span> <span class='ocrx_word' id='word_1_397' title='bbox 1426 458 1434 467; x_wconf 89' lang='grc'><em>·</em></span> <span class='ocrx_word' id='word_1_398' title='bbox 1456 443 1683 495; x_wconf 73' lang='grc' dir='ltr'>ὑπελάμὸανε</span> <span class='ocrx_word' id='word_1_399' title='bbox 1698 442 1734 481; x_wconf 80' lang='grc' dir='ltr'><strong>δὲ</strong></span> <span class='ocrx_word' id='word_1_400' title='bbox 1753 442 1939 496; x_wconf 82' lang='grc' dir='ltr'>ἐγηγέρθαι</span> <span class='ocrx_word' id='word_1_401' title='bbox 1955 445 1999 495; x_wconf 78' lang='grc' dir='ltr'><strong>τῇ</strong></span> <span class='ocrx_word' id='word_1_402' title='bbox 2020 444 2108 496; x_wconf 81' lang='grc' dir='ltr'>αὐτῇ</span> <span class='ocrx_word' id='word_1_403' title='bbox 2125 442 2256 497; x_wconf 74' lang='grc' dir='ltr'>ἡμέρᾳ,</span> 
     </span>
     <span class='ocr_line' id='line_1_61' title="bbox 1229 497 2256 558; baseline 0.001 -17"><span class='ocrx_word' id='word_1_404' title='bbox 1229 497 1320 556; x_wconf 65' lang='grc' dir='ltr'>ᾗπερ</span> <span class='ocrx_word' id='word_1_405' title='bbox 1343 502 1455 548; x_wconf 83' lang='grc' dir='ltr'>ἔδοξεν</span> <span class='ocrx_word' id='word_1_406' title='bbox 1475 506 1724 555; x_wconf 74' lang='grc' dir='ltr'>κεκοιμῆσθαι·</span> <span class='ocrx_word' id='word_1_407' title='bbox 1742 504 1803 542; x_wconf 72' lang='grc' dir='ltr'><strong>καὶ</strong></span> <span class='ocrx_word' id='word_1_408' title='bbox 1824 502 2040 542; x_wconf 76' lang='grc' dir='ltr'>καταλαὸὼν</span> <span class='ocrx_word' id='word_1_409' title='bbox 2070 502 2129 542; x_wconf 80' lang='grc' dir='ltr'><strong>τὸν</strong></span> <span class='ocrx_word' id='word_1_410' title='bbox 2151 503 2256 558; x_wconf 83' lang='grc' dir='ltr'>ἀγρὸν</span> 
     </span>
     <span class='ocr_line' id='line_1_62' title="bbox 1227 560 2259 615; baseline 0 -16"><span class='ocrx_word' id='word_1_411' title='bbox 1227 560 1463 615; x_wconf 84' lang='grc' dir='ltr'>πεπραμένον,</span> <span class='ocrx_word' id='word_1_412' title='bbox 1477 562 1537 600; x_wconf 73' lang='grc' dir='ltr'><strong>καὶ</strong></span> <span class='ocrx_word' id='word_1_413' title='bbox 1556 561 1619 609; x_wconf 86' lang='grc' dir='ltr'><strong>τὴν</strong></span> <span class='ocrx_word' id='word_1_414' title='bbox 1636 561 1762 609; x_wconf 86' lang='grc' dir='ltr'>σκευὴν</span> <span class='ocrx_word' id='word_1_415' title='bbox 1779 561 2020 612; x_wconf 86' lang='grc' dir='ltr'>ἠλλαγμένην,</span> <span class='ocrx_word' id='word_1_416' title='bbox 2035 561 2193 615; x_wconf 84' lang='grc' dir='ltr'>ἀπαίρειν</span> <span class='ocrx_word' id='word_1_417' title='bbox 2210 562 2259 604; x_wconf 84' lang='grc' dir='ltr'><strong>εἰς</strong></span> 
     </span>
     <span class='ocr_line' id='line_1_63' title="bbox 1227 617 2258 667; baseline -0.002 -9"><span class='ocrx_word' id='word_1_418' title='bbox 1227 618 1290 667; x_wconf 71' lang='grc' dir='ltr'><strong>τὴν</strong></span> <span class='ocrx_word' id='word_1_419' title='bbox 1310 619 1411 658; x_wconf 89' lang='grc' dir='ltr'>πόλιν</span> <span class='ocrx_word' id='word_1_420' title='bbox 1424 636 1432 644; x_wconf 91' lang='grc'><em>·</em></span> <span class='ocrx_word' id='word_1_421' title='bbox 1452 620 1512 659; x_wconf 79' lang='grc' dir='ltr'><strong>καὶ</strong></span> <span class='ocrx_word' id='word_1_422' title='bbox 1536 619 1697 659; x_wconf 83' lang='grc' dir='ltr'>εἰσελθὼν</span> <span class='ocrx_word' id='word_1_423' title='bbox 1718 621 1764 664; x_wconf 85' lang='grc' dir='ltr'><strong>εἷς</strong></span> <span class='ocrx_word' id='word_1_424' title='bbox 1782 618 1845 666; x_wconf 83' lang='grc' dir='ltr'><strong>τὴν</strong></span> <span class='ocrx_word' id='word_1_425' title='bbox 1862 618 1973 657; x_wconf 85' lang='grc' dir='ltr'>οἰκίαν</span> <span class='ocrx_word' id='word_1_426' title='bbox 1997 620 2124 658; x_wconf 81' lang='grc' dir='ltr'>ἐκεῖθεν</span> <span class='ocrx_word' id='word_1_427' title='bbox 2140 617 2258 656; x_wconf 85' lang='grc' dir='ltr'>πάντα</span> 
     </span>
     <span class='ocr_line' id='line_1_64' title="bbox 1229 673 2259 732; baseline -0.001 -16"><span class='ocrx_word' id='word_1_428' title='bbox 1229 677 1334 730; x_wconf 86' lang='grc' dir='ltr'>ἔγνω·</span> <span class='ocrx_word' id='word_1_429' title='bbox 1355 680 1390 717; x_wconf 83' lang='grc' dir='ltr'>ἓν</span> <span class='ocrx_word' id='word_1_430' title='bbox 1408 673 1458 722; x_wconf 67' lang='grc' dir='ltr'><strong>οἷς</strong></span> <span class='ocrx_word' id='word_1_431' title='bbox 1480 679 1600 718; x_wconf 77' lang='grc' dir='ltr'>καὶτὰ</span> <span class='ocrx_word' id='word_1_432' title='bbox 1624 679 1704 732; x_wconf 80' lang='grc' dir='ltr'>περὶ</span> <span class='ocrx_word' id='word_1_433' title='bbox 1721 682 1782 717; x_wconf 75' lang='grc' dir='ltr'><strong>τοῦ</strong></span> <span class='ocrx_word' id='word_1_434' title='bbox 1798 677 1944 732; x_wconf 89' lang='grc' dir='ltr'>χρόνου,</span> <span class='ocrx_word' id='word_1_435' title='bbox 1968 678 2045 716; x_wconf 89' lang='grc' dir='ltr'>καθ’</span> <span class='ocrx_word' id='word_1_436' title='bbox 2068 677 2105 717; x_wconf 83' lang='grc' dir='ltr'>ὃν</span> <span class='ocrx_word' id='word_1_437' title='bbox 2125 676 2259 731; x_wconf 83' lang='grc' dir='ltr'>ἀφανὴς</span> 
     </span>
     <span class='ocr_line' id='line_1_65' title="bbox 1232 735 2258 790; baseline -0.002 -14"><span class='ocrx_word' id='word_1_438' title='bbox 1232 737 1385 789; x_wconf 83' lang='grc' dir='ltr'>ἐγένετο·</span> <span class='ocrx_word' id='word_1_439' title='bbox 1407 736 1548 789; x_wconf 84' lang='grc' dir='ltr'>λέγουσι</span> <span class='ocrx_word' id='word_1_440' title='bbox 1569 737 1605 776; x_wconf 81' lang='grc' dir='ltr'><strong>δὲ</strong></span> <span class='ocrx_word' id='word_1_441' title='bbox 1619 737 1650 776; x_wconf 81' lang='grc' dir='ltr'>οἳ</span> <span class='ocrx_word' id='word_1_442' title='bbox 1670 739 1826 790; x_wconf 76' lang='grc' dir='ltr'>Κρῆτες,</span> <span class='ocrx_word' id='word_1_443' title='bbox 1842 735 1888 780; x_wconf 85' lang='grc' dir='ltr'>ὥς</span> <span class='ocrx_word' id='word_1_444' title='bbox 1911 752 1996 790; x_wconf 87' lang='grc' dir='ltr'>φησι</span> <span class='ocrx_word' id='word_1_445' title='bbox 2025 735 2258 787; x_wconf 86' lang='grc' dir='ltr'>Θεόπομπος,</span> 
     </span>
     <span class='ocr_line' id='line_1_66' title="bbox 1230 795 2257 849; baseline -0.001 -16"><span class='ocrx_word' id='word_1_446' title='bbox 1230 795 1290 843; x_wconf 84' lang='grc' dir='ltr'><strong>ἔτη</strong></span> <span class='ocrx_word' id='word_1_447' title='bbox 1315 795 1494 849; x_wconf 85' lang='grc' dir='ltr'>βιώσαντα</span> <span class='ocrx_word' id='word_1_448' title='bbox 1520 796 1622 835; x_wconf 78' lang='grc' dir='ltr'>αὐτὸν</span> <span class='ocrx_word' id='word_1_449' title='bbox 1655 796 1778 835; x_wconf 79' lang='grc' dir='ltr'>ἑκατὸν</span> <span class='ocrx_word' id='word_1_450' title='bbox 1805 795 2024 843; x_wconf 79' lang='grc' dir='ltr'>πεντήκοντα</span> <span class='ocrx_word' id='word_1_451' title='bbox 2054 797 2257 833; x_wconf 82' lang='grc' dir='ltr'>ἀποθανεῖν·</span> 
     </span>
     <span class='ocr_line' id='line_1_67' title="bbox 1228 852 2260 910; baseline -0.001 -17"><span class='ocrx_word' id='word_1_452' title='bbox 1228 855 1366 906; x_wconf 82' lang='grc' dir='ltr'>λέγεται</span> <span class='ocrx_word' id='word_1_453' title='bbox 1381 855 1416 893; x_wconf 79' lang='grc' dir='ltr'><strong>δὲ</strong></span> <span class='ocrx_word' id='word_1_454' title='bbox 1431 855 1511 910; x_wconf 80' lang='grc' dir='ltr'>περὶ</span> <span class='ocrx_word' id='word_1_455' title='bbox 1529 859 1588 894; x_wconf 80' lang='grc' dir='ltr'><strong>τοῦ</strong></span> <span class='ocrx_word' id='word_1_456' title='bbox 1606 854 1727 908; x_wconf 84' lang='grc' dir='ltr'>ἀνδρὸς</span> <span class='ocrx_word' id='word_1_457' title='bbox 1745 853 1868 893; x_wconf 89' lang='grc' dir='ltr'>τούτου</span> <span class='ocrx_word' id='word_1_458' title='bbox 1887 852 1947 893; x_wconf 80' lang='grc' dir='ltr'><strong>καὶ</strong></span> <span class='ocrx_word' id='word_1_459' title='bbox 1967 855 2058 892; x_wconf 88' lang='grc' dir='ltr'>ἄλλα</span> <span class='ocrx_word' id='word_1_460' title='bbox 2076 855 2139 892; x_wconf 80' lang='grc' dir='ltr'>οὐκ</span> <span class='ocrx_word' id='word_1_461' title='bbox 2157 852 2260 904; x_wconf 84' lang='grc' dir='ltr'>ὀλίγα</span> 
     </span>
     <span class='ocr_line' id='line_1_68' title="bbox 1228 912 1418 967; baseline 0.005 -16"><span class='ocrx_word' id='word_1_462' title='bbox 1228 912 1418 967; x_wconf 78' lang='grc' dir='ltr'>παράδοξα.</span> 
     </span>
    </p>

    <p class='ocr_par' dir='ltr' id='par_1_14' title="bbox 1229 969 2265 2477">
     <span class='ocr_line' id='line_1_69' title="bbox 1282 969 2262 1022; baseline -0.003 -12"><span class='ocrx_word' id='word_1_463' title='bbox 1282 973 1427 1010; x_wconf 90' lang='lat' dir='ltr'><strong>Eadem</strong></span> <span class='ocrx_word' id='word_1_464' title='bbox 1449 972 1527 1010; x_wconf 87' lang='lat' dir='ltr'><strong>fere</strong></span> <span class='ocrx_word' id='word_1_465' title='bbox 1543 972 1660 1009; x_wconf 91' lang='lat' dir='ltr'><strong>tradit</strong></span> <span class='ocrx_word' id='word_1_466' title='bbox 1682 973 1790 1022; x_wconf 83' lang='lat' dir='ltr'><strong>Diog.</strong></span> <span class='ocrx_word' id='word_1_467' title='bbox 1809 975 1935 1010; x_wconf 89' lang='lat' dir='ltr'><strong>Laert.</strong></span> <span class='ocrx_word' id='word_1_468' title='bbox 1966 971 2006 1009; x_wconf 91' lang='lat' dir='ltr'><strong>in</strong></span> <span class='ocrx_word' id='word_1_469' title='bbox 2034 969 2262 1022; x_wconf 88' lang='lat' dir='ltr'><strong>Epimenide</strong></span> 
     </span>
     <span class='ocr_line' id='line_1_70' title="bbox 1229 1029 2262 1080; baseline -0.002 -12"><span class='ocrx_word' id='word_1_470' title='bbox 1229 1031 1326 1078; x_wconf 66' lang='lat' dir='ltr'><strong>init„</strong></span> <span class='ocrx_word' id='word_1_471' title='bbox 1365 1031 1541 1069; x_wconf 89' lang='lat' dir='ltr'><strong>dissentit</strong></span> <span class='ocrx_word' id='word_1_472' title='bbox 1569 1039 1697 1068; x_wconf 82' lang='lat' dir='ltr'><strong>autem</strong></span> <span class='ocrx_word' id='word_1_473' title='bbox 1727 1030 1775 1067; x_wconf 88' lang='lat' dir='ltr'><strong>ab</strong></span> <span class='ocrx_word' id='word_1_474' title='bbox 1799 1030 2009 1080; x_wconf 84' lang='lat' dir='ltr'><strong>Apollonio</strong></span> <span class='ocrx_word' id='word_1_475' title='bbox 2038 1030 2078 1067; x_wconf 90' lang='lat' dir='ltr'><strong>in</strong></span> <span class='ocrx_word' id='word_1_476' title='bbox 2106 1029 2262 1066; x_wconf 86' lang='lat' dir='ltr'><strong>nomine</strong></span> 
     </span>
     <span class='ocr_line' id='line_1_71' title="bbox 1231 1085 2262 1141; baseline -0.002 -15"><span class='ocrx_word' id='word_1_477' title='bbox 1231 1090 1363 1140; x_wconf 81' lang='lat' dir='ltr'><strong>patris.</strong></span> <span class='ocrx_word' id='word_1_478' title='bbox 1389 1090 1495 1127; x_wconf 88' lang='lat' dir='ltr'><strong>Dicit</strong></span> <span class='ocrx_word' id='word_1_479' title='bbox 1519 1092 1650 1127; x_wconf 90' lang='lat' dir='ltr'><strong>enim:</strong></span> <span class='ocrx_word' id='word_1_480' title='bbox 1665 1087 1917 1139; x_wconf 82' lang='grc' dir='ltr'>Ἐπιμενίδης,</span> <span class='ocrx_word' id='word_1_481' title='bbox 1942 1086 2032 1125; x_wconf 84' lang='grc' dir='ltr'>καθά</span> <span class='ocrx_word' id='word_1_482' title='bbox 2057 1102 2144 1141; x_wconf 88' lang='grc' dir='ltr'>φησι</span> <span class='ocrx_word' id='word_1_483' title='bbox 2166 1085 2262 1127; x_wconf 78' lang='grc' dir='ltr'>Θεό-</span> 
     </span>
     <span class='ocr_line' id='line_1_72' title="bbox 1231 1144 2260 1199; baseline -0.002 -14"><span class='ocrx_word' id='word_1_484' title='bbox 1231 1162 1372 1198; x_wconf 88' lang='grc' dir='ltr'>πομπος</span> <span class='ocrx_word' id='word_1_485' title='bbox 1390 1147 1450 1185; x_wconf 77' lang='grc' dir='ltr'><strong>καὶ</strong></span> <span class='ocrx_word' id='word_1_486' title='bbox 1465 1146 1564 1185; x_wconf 84' lang='grc' dir='ltr'>ἄλλοι</span> <span class='ocrx_word' id='word_1_487' title='bbox 1581 1146 1715 1199; x_wconf 80' lang='grc' dir='ltr'>συχνοὶ,</span> <span class='ocrx_word' id='word_1_488' title='bbox 1733 1145 1864 1199; x_wconf 84' lang='grc' dir='ltr'>πατρὸς</span> <span class='ocrx_word' id='word_1_489' title='bbox 1880 1144 1943 1197; x_wconf 82' lang='grc' dir='ltr'>μὲν</span> <span class='ocrx_word' id='word_1_490' title='bbox 1957 1149 2000 1193; x_wconf 87' lang='grc' dir='ltr'>ἠν</span> <span class='ocrx_word' id='word_1_491' title='bbox 2017 1145 2213 1194; x_wconf 87' lang='grc' dir='ltr'>Φαιστίου,</span> <span class='ocrx_word' id='word_1_492' title='bbox 2230 1146 2260 1183; x_wconf 77' lang='grc' dir='ltr'>οἱ</span> 
     </span>
     <span class='ocr_line' id='line_1_73' title="bbox 1232 1204 2262 1259; baseline -0.002 -15"><span class='ocrx_word' id='word_1_493' title='bbox 1232 1205 1268 1243; x_wconf 81' lang='grc' dir='ltr'><strong>δὲ</strong></span> <span class='ocrx_word' id='word_1_494' title='bbox 1287 1206 1493 1254; x_wconf 85' lang='grc' dir='ltr'>Δωσιάδου,</span> <span class='ocrx_word' id='word_1_495' title='bbox 1517 1207 1548 1244; x_wconf 81' lang='grc' dir='ltr'>οἱ</span> <span class='ocrx_word' id='word_1_496' title='bbox 1578 1204 1614 1243; x_wconf 83' lang='grc' dir='ltr'><strong>δὲ</strong></span> <span class='ocrx_word' id='word_1_497' title='bbox 1634 1204 1862 1259; x_wconf 84' lang='grc' dir='ltr'>Ἀγησάρκου.</span> <span class='ocrx_word' id='word_1_498' title='bbox 1886 1205 1959 1244; x_wconf 93' lang='lat' dir='ltr'><strong>Sed</strong></span> <span class='ocrx_word' id='word_1_499' title='bbox 1991 1218 2110 1255; x_wconf 91' lang='lat' dir='ltr'><strong>quum</strong></span> <span class='ocrx_word' id='word_1_500' title='bbox 2131 1205 2262 1256; x_wconf 83' lang='lat' dir='ltr'><strong>plures</strong></span> 
     </span>
     <span class='ocr_line' id='line_1_74' title="bbox 1233 1263 2262 1316; baseline -0.002 -14"><span class='ocrx_word' id='word_1_501' title='bbox 1233 1265 1280 1302; x_wconf 89' lang='lat' dir='ltr'><strong>de</strong></span> <span class='ocrx_word' id='word_1_502' title='bbox 1307 1264 1536 1316; x_wconf 85' lang='lat' dir='ltr'><strong>Epimenide</strong></span> <span class='ocrx_word' id='word_1_503' title='bbox 1561 1265 1768 1315; x_wconf 86' lang='lat' dir='ltr'><strong>scriptores</strong></span> <span class='ocrx_word' id='word_1_504' title='bbox 1801 1272 1888 1301; x_wconf 90' lang='lat' dir='ltr'><strong>ante</strong></span> <span class='ocrx_word' id='word_1_505' title='bbox 1908 1263 2040 1302; x_wconf 89' lang='lat' dir='ltr'><strong>oculos</strong></span> <span class='ocrx_word' id='word_1_506' title='bbox 2061 1263 2262 1310; x_wconf 87' lang='lat' dir='ltr'><strong>habuerit,</strong></span> 
     </span>
     <span class='ocr_line' id='line_1_75' title="bbox 1232 1322 2262 1375; baseline -0.002 -14"><span class='ocrx_word' id='word_1_507' title='bbox 1232 1323 1531 1375; x_wconf 89' lang='lat' dir='ltr'><strong>Theopompum</strong></span> <span class='ocrx_word' id='word_1_508' title='bbox 1552 1337 1640 1361; x_wconf 90' lang='lat' dir='ltr'><strong>cum</strong></span> <span class='ocrx_word' id='word_1_509' title='bbox 1656 1323 1732 1360; x_wconf 79' lang='lat' dir='ltr'><strong>alio</strong></span> <span class='ocrx_word' id='word_1_510' title='bbox 1752 1323 1920 1374; x_wconf 88' lang='lat' dir='ltr'><strong>quodam</strong></span> <span class='ocrx_word' id='word_1_511' title='bbox 1946 1331 2102 1360; x_wconf 87' lang='lat' dir='ltr'><strong>auctore</strong></span> <span class='ocrx_word' id='word_1_512' title='bbox 2121 1322 2262 1360; x_wconf 87' lang='lat' dir='ltr'><strong>confu-</strong></span> 
     </span>
     <span class='ocr_line' id='line_1_76' title="bbox 1233 1381 2263 1434; baseline -0.002 -14"><span class='ocrx_word' id='word_1_513' title='bbox 1233 1383 1333 1420; x_wconf 86' lang='lat' dir='ltr'><strong>disse</strong></span> <span class='ocrx_word' id='word_1_514' title='bbox 1349 1382 1516 1420; x_wconf 87' lang='lat' dir='ltr'><strong>videtur.</strong></span> <span class='ocrx_word' id='word_1_515' title='bbox 1541 1385 1598 1419; x_wconf 91' lang='lat' dir='ltr'><strong>De</strong></span> <span class='ocrx_word' id='word_1_516' title='bbox 1615 1383 1738 1419; x_wconf 90' lang='lat' dir='ltr'><strong>somni</strong></span> <span class='ocrx_word' id='word_1_517' title='bbox 1757 1391 1932 1433; x_wconf 88' lang='lat' dir='ltr'><strong>tempore</strong></span> <span class='ocrx_word' id='word_1_518' title='bbox 1945 1395 2031 1419; x_wconf 91' lang='lat' dir='ltr'><strong>cum</strong></span> <span class='ocrx_word' id='word_1_519' title='bbox 2051 1381 2263 1434; x_wconf 85' lang='lat' dir='ltr'><strong>Apollonio</strong></span> 
     </span>
     <span class='ocr_line' id='line_1_77' title="bbox 1234 1439 2262 1493; baseline -0.001 -15"><span class='ocrx_word' id='word_1_520' title='bbox 1234 1450 1372 1493; x_wconf 79' lang='lat' dir='ltr'><strong>praeter</strong></span> <span class='ocrx_word' id='word_1_521' title='bbox 1387 1441 1582 1478; x_wconf 85' lang='lat' dir='ltr'><strong>Laertium</strong></span> <span class='ocrx_word' id='word_1_522' title='bbox 1610 1441 1701 1478; x_wconf 76' lang='lat' dir='ltr'><strong>facit</strong></span> <span class='ocrx_word' id='word_1_523' title='bbox 1719 1441 1864 1478; x_wconf 92' lang='lat' dir='ltr'><strong>Plinius</strong></span> <span class='ocrx_word' id='word_1_524' title='bbox 1883 1443 1968 1488; x_wconf 87' lang='lat' dir='ltr'><strong>VII,</strong></span> <span class='ocrx_word' id='word_1_525' title='bbox 1989 1440 2050 1478; x_wconf 79' lang='lat'><strong>52.</strong></span> <span class='ocrx_word' id='word_1_526' title='bbox 2068 1443 2204 1490; x_wconf 87' lang='lat' dir='ltr'><strong>Itaque</strong></span> <span class='ocrx_word' id='word_1_527' title='bbox 2222 1439 2262 1477; x_wconf 92' lang='lat' dir='ltr'><strong>in</strong></span> 
     </span>
     <span class='ocr_line' id='line_1_78' title="bbox 1231 1499 2263 1550; baseline -0.002 -12"><span class='ocrx_word' id='word_1_528' title='bbox 1231 1499 1385 1539; x_wconf 87' lang='lat' dir='ltr'><strong>Valerio</strong></span> <span class='ocrx_word' id='word_1_529' title='bbox 1409 1503 1513 1537; x_wconf 86' lang='lat' dir='ltr'><strong>Max.</strong></span> <span class='ocrx_word' id='word_1_530' title='bbox 1533 1502 1620 1546; x_wconf 89' lang='lat' dir='ltr'><strong>VII,</strong></span> <span class='ocrx_word' id='word_1_531' title='bbox 1638 1500 1697 1546; x_wconf 83' lang='lat'><strong>13,</strong></span> <span class='ocrx_word' id='word_1_532' title='bbox 1717 1499 1756 1536; x_wconf 89' lang='lat' dir='ltr'><strong>in</strong></span> <span class='ocrx_word' id='word_1_533' title='bbox 1775 1499 1953 1550; x_wconf 87' lang='lat' dir='ltr'><strong>Append.</strong></span> <span class='ocrx_word' id='word_1_534' title='bbox 1970 1502 2055 1538; x_wconf 84' lang='lat' dir='ltr'><strong>Vat.</strong></span> <span class='ocrx_word' id='word_1_535' title='bbox 2069 1501 2177 1538; x_wconf 86' lang='lat' dir='ltr'><strong>Cent.</strong></span> <span class='ocrx_word' id='word_1_536' title='bbox 2188 1501 2263 1543; x_wconf 89' lang='lat'><strong>111,</strong></span> 
     </span>
     <span class='ocr_line' id='line_1_79' title="bbox 1234 1551 2263 1611; baseline 0 -16"><span class='ocrx_word' id='word_1_537' title='bbox 1234 1572 1297 1608; x_wconf 89' lang='lat'><strong>97,</strong></span> <span class='ocrx_word' id='word_1_538' title='bbox 1309 1557 1377 1595; x_wconf 90' lang='lat' dir='ltr'><strong>ubi</strong></span> <span class='ocrx_word' id='word_1_539' title='bbox 1400 1558 1453 1595; x_wconf 90' lang='lat' dir='ltr'><strong>sic</strong></span> <span class='ocrx_word' id='word_1_540' title='bbox 1468 1573 1476 1595; x_wconf 93' lang='lat'><strong>:</strong></span> <span class='ocrx_word' id='word_1_541' title='bbox 1494 1557 1607 1595; x_wconf 72' lang='grc' dir='ltr'><strong>Ἔὸίω</strong></span> <span class='ocrx_word' id='word_1_542' title='bbox 1622 1555 1658 1596; x_wconf 82' lang='grc' dir='ltr'><strong>δὲ</strong></span> <span class='ocrx_word' id='word_1_543' title='bbox 1671 1551 1781 1606; x_wconf 68' lang='grc' dir='ltr'>οἶτος,</span> <span class='ocrx_word' id='word_1_544' title='bbox 1798 1556 1845 1600; x_wconf 83' lang='grc' dir='ltr'>ὥς</span> <span class='ocrx_word' id='word_1_545' title='bbox 1864 1573 1968 1611; x_wconf 84' lang='grc' dir='ltr'>φησιν</span> <span class='ocrx_word' id='word_1_546' title='bbox 1991 1560 2010 1596; x_wconf 86' lang='grc' dir='ltr'>ὁ</span> <span class='ocrx_word' id='word_1_547' title='bbox 2032 1556 2263 1608; x_wconf 85' lang='grc' dir='ltr'>Θεόπομπος,</span> 
     </span>
     <span class='ocr_line' id='line_1_80' title="bbox 1233 1613 2264 1670; baseline 0 -16"><span class='ocrx_word' id='word_1_548' title='bbox 1233 1615 1294 1664; x_wconf 84' lang='grc' dir='ltr'><strong>ἔτη</strong></span> <span class='ocrx_word' id='word_1_549' title='bbox 1313 1615 1434 1654; x_wconf 82' lang='grc' dir='ltr'>ἑκατὸν</span> <span class='ocrx_word' id='word_1_550' title='bbox 1452 1615 1669 1662; x_wconf 81' lang='grc' dir='ltr'>πεντήκοντα</span> <span class='ocrx_word' id='word_1_551' title='bbox 1684 1615 1743 1654; x_wconf 84' lang='grc' dir='ltr'><strong>καὶ</strong></span> <span class='ocrx_word' id='word_1_552' title='bbox 1766 1615 1856 1654; x_wconf 80' lang='grc' dir='ltr'>ἑπτὰ</span> <span class='ocrx_word' id='word_1_553' title='bbox 1868 1646 1878 1664; x_wconf 87' lang='grc'><strong>,</strong></span> <span class='ocrx_word' id='word_1_554' title='bbox 1902 1615 1990 1670; x_wconf 77' lang='grc' dir='ltr'>ἅπερ</span> <span class='ocrx_word' id='word_1_555' title='bbox 2009 1613 2098 1654; x_wconf 77' lang='grc' dir='ltr'>ἑπτὰ</span> <span class='ocrx_word' id='word_1_556' title='bbox 2122 1613 2264 1654; x_wconf 81' lang='grc' dir='ltr'>ἐκαθεύ-</span> 
     </span>
     <span class='ocr_line' id='line_1_81' title="bbox 1235 1673 2262 1727; baseline -0.001 -14"><span class='ocrx_word' id='word_1_557' title='bbox 1235 1675 1351 1722; x_wconf 88' lang='grc' dir='ltr'>δησεν,</span> <span class='ocrx_word' id='word_1_558' title='bbox 1374 1675 1563 1713; x_wconf 88' lang='lat' dir='ltr'><strong>Meursius</strong></span> <span class='ocrx_word' id='word_1_559' title='bbox 1575 1675 1743 1712; x_wconf 88' lang='lat' dir='ltr'><strong>restituit</strong></span> <span class='ocrx_word' id='word_1_560' title='bbox 1759 1674 1848 1727; x_wconf 84' lang='grc' dir='ltr'>ἅπερ</span> <span class='ocrx_word' id='word_1_561' title='bbox 1860 1673 1950 1712; x_wconf 82' lang='grc' dir='ltr'>ἑπτὰ</span> <span class='ocrx_word' id='word_1_562' title='bbox 1965 1673 2024 1712; x_wconf 83' lang='grc' dir='ltr'><strong>καὶ</strong></span> <span class='ocrx_word' id='word_1_563' title='bbox 2034 1673 2262 1721; x_wconf 79' lang='grc' dir='ltr'>πεντήκοντα.</span> 
     </span>
     <span class='ocr_line' id='line_1_82' title="bbox 1235 1732 2263 1785; baseline -0.002 -13"><span class='ocrx_word' id='word_1_564' title='bbox 1235 1734 1360 1772; x_wconf 91' lang='lat' dir='ltr'><strong>Minus</strong></span> <span class='ocrx_word' id='word_1_565' title='bbox 1389 1732 1594 1785; x_wconf 86' lang='lat' dir='ltr'><strong>probanda</strong></span> <span class='ocrx_word' id='word_1_566' title='bbox 1619 1741 1676 1771; x_wconf 89' lang='lat' dir='ltr'><strong>est</strong></span> <span class='ocrx_word' id='word_1_567' title='bbox 1701 1733 1905 1771; x_wconf 87' lang='lat' dir='ltr'><strong>Wichersii</strong></span> <span class='ocrx_word' id='word_1_568' title='bbox 1938 1733 2149 1781; x_wconf 87' lang='lat' dir='ltr'><strong>sententia,</strong></span> <span class='ocrx_word' id='word_1_569' title='bbox 2177 1733 2263 1783; x_wconf 92' lang='lat' dir='ltr'><strong>qui,</strong></span> 
     </span>
     <span class='ocr_line' id='line_1_83' title="bbox 1235 1791 2264 1843; baseline -0.001 -14"><span class='ocrx_word' id='word_1_570' title='bbox 1235 1806 1354 1842; x_wconf 91' lang='lat' dir='ltr'><strong>quum</strong></span> <span class='ocrx_word' id='word_1_571' title='bbox 1368 1793 1558 1842; x_wconf 82' lang='lat' dir='ltr'><strong>Diogenes</strong></span> <span class='ocrx_word' id='word_1_572' title='bbox 1575 1792 1842 1843; x_wconf 88' lang='lat' dir='ltr'><strong>Epimenidem</strong></span> <span class='ocrx_word' id='word_1_573' title='bbox 1857 1805 1905 1829; x_wconf 86' lang='lat' dir='ltr'><strong>ex</strong></span> <span class='ocrx_word' id='word_1_574' title='bbox 1924 1791 2162 1830; x_wconf 87' lang='lat' dir='ltr'><strong>Cretensium</strong></span> <span class='ocrx_word' id='word_1_575' title='bbox 2183 1804 2264 1829; x_wconf 90' lang='lat' dir='ltr'><strong>sen-</strong></span> 
     </span>
     <span class='ocr_line' id='line_1_84' title="bbox 1236 1850 2264 1889; baseline -0.001 -1"><span class='ocrx_word' id='word_1_576' title='bbox 1236 1852 1354 1889; x_wconf 86' lang='lat' dir='ltr'><strong>tentia</strong></span> <span class='ocrx_word' id='word_1_577' title='bbox 1387 1850 1530 1888; x_wconf 89' lang='lat' dir='ltr'><strong>obiisse</strong></span> <span class='ocrx_word' id='word_1_578' title='bbox 1567 1851 1670 1888; x_wconf 82' lang='lat' dir='ltr'><strong>dicat</strong></span> <span class='ocrx_word' id='word_1_579' title='bbox 1701 1851 1823 1888; x_wconf 80' lang='lat' dir='ltr'><strong>aetatis</strong></span> <span class='ocrx_word' id='word_1_580' title='bbox 1860 1864 1963 1888; x_wconf 85' lang='lat' dir='ltr'><strong>anno</strong></span> <span class='ocrx_word' id='word_1_581' title='bbox 2001 1850 2264 1887; x_wconf 88' lang='lat' dir='ltr'><strong>ducentesimo</strong></span> 
     </span>
     <span class='ocr_line' id='line_1_85' title="bbox 1236 1907 2264 1960; baseline -0.001 -14"><span class='ocrx_word' id='word_1_582' title='bbox 1236 1909 1484 1960; x_wconf 84' lang='lat' dir='ltr'><strong>nonagesimo</strong></span> <span class='ocrx_word' id='word_1_583' title='bbox 1517 1923 1621 1946; x_wconf 92' lang='lat' dir='ltr'><strong>nono</strong></span> <span class='ocrx_word' id='word_1_584' title='bbox 1634 1939 1644 1956; x_wconf 98' lang='lat'><strong>,</strong></span> <span class='ocrx_word' id='word_1_585' title='bbox 1688 1909 1727 1946; x_wconf 90' lang='lat' dir='ltr'><strong>in</strong></span> <span class='ocrx_word' id='word_1_586' title='bbox 1768 1909 1977 1960; x_wconf 88' lang='lat' dir='ltr'><strong>Apollonio</strong></span> <span class='ocrx_word' id='word_1_587' title='bbox 2016 1907 2264 1946; x_wconf 77' lang='lat' dir='ltr'><strong>scribendum</strong></span> 
     </span>
     <span class='ocr_line' id='line_1_86' title="bbox 1237 1965 2263 2020; baseline 0 -16"><span class='ocrx_word' id='word_1_588' title='bbox 1237 1976 1373 2019; x_wconf 87' lang='lat' dir='ltr'><strong>putat:</strong></span> <span class='ocrx_word' id='word_1_589' title='bbox 1392 1965 1533 2018; x_wconf 84' lang='grc' dir='ltr'>λέγουσι</span> <span class='ocrx_word' id='word_1_590' title='bbox 1564 1966 1626 2018; x_wconf 80' lang='grc' dir='ltr'>μὲν</span> <span class='ocrx_word' id='word_1_591' title='bbox 1653 1969 1684 2005; x_wconf 81' lang='grc' dir='ltr'>οἱ</span> <span class='ocrx_word' id='word_1_592' title='bbox 1710 1969 1846 2020; x_wconf 71' lang='grc' dir='ltr'>Κρῆτες</span> <span class='ocrx_word' id='word_1_593' title='bbox 1877 1966 1937 2014; x_wconf 86' lang='grc' dir='ltr'><strong>ἔτη</strong></span> <span class='ocrx_word' id='word_1_594' title='bbox 1964 1966 2140 2019; x_wconf 79' lang='grc' dir='ltr'>βιώσαντα</span> <span class='ocrx_word' id='word_1_595' title='bbox 2160 1965 2263 2005; x_wconf 81' lang='grc' dir='ltr'>αὐτὸν</span> 
     </span>
     <span class='ocr_line' id='line_1_87' title="bbox 1237 2025 2263 2079; baseline -0.001 -16"><span class='ocrx_word' id='word_1_596' title='bbox 1237 2026 1309 2069; x_wconf 82' lang='grc' dir='ltr'>ἑνὸς</span> <span class='ocrx_word' id='word_1_597' title='bbox 1326 2025 1459 2069; x_wconf 85' lang='grc' dir='ltr'>δέοντος</span> <span class='ocrx_word' id='word_1_598' title='bbox 1480 2026 1664 2076; x_wconf 86' lang='lat' dir='ltr'><strong>[debebat</strong></span> <span class='ocrx_word' id='word_1_599' title='bbox 1698 2025 1836 2076; x_wconf 84' lang='grc' dir='ltr'>δέοντα]</span> <span class='ocrx_word' id='word_1_600' title='bbox 1854 2025 2038 2079; x_wconf 86' lang='grc' dir='ltr'>τριακόσια</span> <span class='ocrx_word' id='word_1_601' title='bbox 2066 2027 2263 2074; x_wconf 80' lang='grc' dir='ltr'>ἀποθανεῖν,</span> 
     </span>
     <span class='ocr_line' id='line_1_88' title="bbox 1236 2083 2264 2138; baseline -0.001 -15"><span class='ocrx_word' id='word_1_602' title='bbox 1236 2088 1283 2129; x_wconf 86' lang='grc' dir='ltr'>ὡς</span> <span class='ocrx_word' id='word_1_603' title='bbox 1308 2084 1344 2123; x_wconf 85' lang='grc' dir='ltr'><strong>δέ</strong></span> <span class='ocrx_word' id='word_1_604' title='bbox 1368 2100 1454 2138; x_wconf 88' lang='grc' dir='ltr'>φησι</span> <span class='ocrx_word' id='word_1_605' title='bbox 1478 2084 1690 2136; x_wconf 86' lang='grc' dir='ltr'>Θεόπομπος</span> <span class='ocrx_word' id='word_1_606' title='bbox 1703 2116 1712 2134; x_wconf 96' lang='grc'><strong>,</strong></span> <span class='ocrx_word' id='word_1_607' title='bbox 1727 2085 1811 2123; x_wconf 74' lang='grc' dir='ltr'><strong>ἓὸίω</strong></span> <span class='ocrx_word' id='word_1_608' title='bbox 1829 2085 1952 2124; x_wconf 85' lang='grc' dir='ltr'>ἑκατὸν</span> <span class='ocrx_word' id='word_1_609' title='bbox 1967 2084 2184 2132; x_wconf 79' lang='grc' dir='ltr'>πεντήκοντα</span> <span class='ocrx_word' id='word_1_610' title='bbox 2203 2083 2264 2124; x_wconf 84' lang='grc' dir='ltr'><strong>καὶ</strong></span> 
     </span>
     <span class='ocr_line' id='line_1_89' title="bbox 1238 2143 2264 2195; baseline -0.002 -12"><span class='ocrx_word' id='word_1_611' title='bbox 1238 2144 1338 2183; x_wconf 79' lang='grc' dir='ltr'>ἑπτά.</span> <span class='ocrx_word' id='word_1_612' title='bbox 1369 2148 1564 2182; x_wconf 88' lang='lat' dir='ltr'><strong>Postrema</strong></span> <span class='ocrx_word' id='word_1_613' title='bbox 1585 2144 1751 2194; x_wconf 88' lang='lat' dir='ltr'><strong>quidem,</strong></span> <span class='ocrx_word' id='word_1_614' title='bbox 1772 2143 1832 2182; x_wconf 79' lang='grc' dir='ltr'><strong>καὶ</strong></span> <span class='ocrx_word' id='word_1_615' title='bbox 1852 2143 1955 2192; x_wconf 81' lang='grc' dir='ltr'>ἑπτά,</span> <span class='ocrx_word' id='word_1_616' title='bbox 1975 2144 2082 2195; x_wconf 77' lang='lat' dir='ltr'><strong>apud</strong></span> <span class='ocrx_word' id='word_1_617' title='bbox 2100 2143 2264 2195; x_wconf 87' lang='lat' dir='ltr'><strong>Apollo-</strong></span> 
     </span>
     <span class='ocr_line' id='line_1_90' title="bbox 1237 2204 2265 2255; baseline -0.002 -13"><span class='ocrx_word' id='word_1_618' title='bbox 1237 2205 1343 2242; x_wconf 89' lang='lat' dir='ltr'><strong>nium</strong></span> <span class='ocrx_word' id='word_1_619' title='bbox 1363 2204 1472 2241; x_wconf 88' lang='lat' dir='ltr'><strong>facile</strong></span> <span class='ocrx_word' id='word_1_620' title='bbox 1485 2211 1665 2254; x_wconf 83' lang='lat' dir='ltr'><strong>poterant</strong></span> <span class='ocrx_word' id='word_1_621' title='bbox 1678 2204 1919 2242; x_wconf 88' lang='lat' dir='ltr'><strong>intercidere.</strong></span> <span class='ocrx_word' id='word_1_622' title='bbox 1933 2207 1976 2241; x_wconf 94' lang='lat' dir='ltr'><strong>In</strong></span> <span class='ocrx_word' id='word_1_623' title='bbox 1996 2204 2153 2255; x_wconf 88' lang='lat' dir='ltr'><strong>reliquis</strong></span> <span class='ocrx_word' id='word_1_624' title='bbox 2172 2215 2265 2241; x_wconf 89' lang='lat' dir='ltr'><strong>vero</strong></span> 
     </span>
     <span class='ocr_line' id='line_1_91' title="bbox 1237 2262 2264 2312; baseline -0.002 -11"><span class='ocrx_word' id='word_1_625' title='bbox 1237 2265 1290 2301; x_wconf 91' lang='lat' dir='ltr'><strong>nil</strong></span> <span class='ocrx_word' id='word_1_626' title='bbox 1304 2263 1544 2310; x_wconf 86' lang='lat' dir='ltr'><strong>mutaverim,</strong></span> <span class='ocrx_word' id='word_1_627' title='bbox 1562 2276 1681 2312; x_wconf 90' lang='lat' dir='ltr'><strong>quum</strong></span> <span class='ocrx_word' id='word_1_628' title='bbox 1693 2263 1826 2301; x_wconf 87' lang='lat' dir='ltr'><strong>eadem</strong></span> <span class='ocrx_word' id='word_1_629' title='bbox 1842 2262 1982 2300; x_wconf 83' lang='lat' dir='ltr'><strong>habeat</strong></span> <span class='ocrx_word' id='word_1_630' title='bbox 1993 2263 2088 2301; x_wconf 87' lang='lat' dir='ltr'><strong>Plin.</strong></span> <span class='ocrx_word' id='word_1_631' title='bbox 2099 2265 2185 2310; x_wconf 87' lang='lat' dir='ltr'><strong>VII,</strong></span> <span class='ocrx_word' id='word_1_632' title='bbox 2201 2263 2264 2310; x_wconf 78' lang='grc'><strong>48,</strong></span> 
     </span>
     <span class='ocr_line' id='line_1_92' title="bbox 1238 2321 2264 2373; baseline -0.001 -14"><span class='ocrx_word' id='word_1_633' title='bbox 1238 2322 1300 2368; x_wconf 84' lang='grc'>52,</span> <span class='ocrx_word' id='word_1_634' title='bbox 1323 2331 1438 2373; x_wconf 87' lang='lat' dir='ltr'><strong>atque</strong></span> <span class='ocrx_word' id='word_1_635' title='bbox 1473 2325 1646 2360; x_wconf 88' lang='lat' dir='ltr'><strong>Laertius</strong></span> <span class='ocrx_word' id='word_1_636' title='bbox 1684 2335 1763 2359; x_wconf 90' lang='lat' dir='ltr'><strong>non</strong></span> <span class='ocrx_word' id='word_1_637' title='bbox 1802 2335 1848 2359; x_wconf 86' lang='lat' dir='ltr'><strong>ex</strong></span> <span class='ocrx_word' id='word_1_638' title='bbox 1888 2321 1970 2359; x_wconf 93' lang='lat' dir='ltr'><strong>solo</strong></span> <span class='ocrx_word' id='word_1_639' title='bbox 2009 2322 2264 2373; x_wconf 90' lang='lat' dir='ltr'><strong>Theopompo</strong></span> 
     </span>
     <span class='ocr_line' id='line_1_93' title="bbox 1237 2380 2263 2431; baseline -0.001 -12"><span class='ocrx_word' id='word_1_640' title='bbox 1237 2382 1419 2429; x_wconf 82' lang='lat' dir='ltr'><strong>hauserit,</strong></span> <span class='ocrx_word' id='word_1_641' title='bbox 1431 2394 1503 2419; x_wconf 91' lang='lat' dir='ltr'><strong>nec</strong></span> <span class='ocrx_word' id='word_1_642' title='bbox 1515 2381 1672 2420; x_wconf 88' lang='lat' dir='ltr'><strong>omnino</strong></span> <span class='ocrx_word' id='word_1_643' title='bbox 1687 2381 1734 2419; x_wconf 92' lang='lat' dir='ltr'><strong>de</strong></span> <span class='ocrx_word' id='word_1_644' title='bbox 1747 2381 1819 2419; x_wconf 87' lang='lat' dir='ltr'><strong>hac</strong></span> <span class='ocrx_word' id='word_1_645' title='bbox 1834 2394 1875 2418; x_wconf 87' lang='lat' dir='ltr'><strong>re</strong></span> <span class='ocrx_word' id='word_1_646' title='bbox 1892 2381 1992 2418; x_wconf 91' lang='lat' dir='ltr'><strong>inter</strong></span> <span class='ocrx_word' id='word_1_647' title='bbox 2009 2388 2098 2418; x_wconf 90' lang='lat' dir='ltr'><strong>vett.</strong></span> <span class='ocrx_word' id='word_1_648' title='bbox 2115 2393 2176 2418; x_wconf 82' lang='lat' dir='ltr'><strong>sci</strong></span> <span class='ocrx_word' id='word_1_649' title='bbox 2177 2380 2263 2431; x_wconf 82' lang='lat' dir='ltr'><strong>1ptt</strong></span> 
     </span>
     <span class='ocr_line' id='line_1_94' title="bbox 1237 2440 1452 2477; baseline -0.005 0"><span class='ocrx_word' id='word_1_650' title='bbox 1237 2440 1452 2477; x_wconf 81' lang='lat' dir='ltr'><strong>conveniat.</strong></span> 
     </span>
    </p>
   </div>
   <div class='ocr_carea' id='block_1_13' title="bbox 1723 2590 1784 2623">
    <p class='ocr_par' dir='ltr' id='par_1_15' title="bbox 1723 2590 1784 2623">
     <span class='ocr_line' id='line_1_95' title="bbox 1723 2590 1784 2623; baseline 0.016 -1"><span class='ocrx_word' id='word_1_651' title='bbox 1723 2590 1784 2623; x_wconf 82' lang='lat'><strong>69.</strong></span> 
     </span>
    </p>
   </div>
   <div class='ocr_carea' id='block_1_14' title="bbox 1241 2641 2300 3424">
    <p class='ocr_par' dir='ltr' id='par_1_16' title="bbox 1241 2641 2300 3424">
     <span class='ocr_line' id='line_1_96' title="bbox 1281 2641 2265 2683; baseline 0 -9"><span class='ocrx_word' id='word_1_652' title='bbox 1281 2642 1516 2683; x_wconf 88' lang='lat' dir='ltr'><strong>Epimenidem,</strong></span> <span class='ocrx_word' id='word_1_653' title='bbox 1526 2643 1595 2674; x_wconf 87' lang='lat' dir='ltr'><strong>Boii</strong></span> <span class='ocrx_word' id='word_1_654' title='bbox 1610 2642 1724 2682; x_wconf 81' lang='lat' dir='ltr'><strong>silium,</strong></span> <span class='ocrx_word' id='word_1_655' title='bbox 1734 2643 1934 2682; x_wconf 85' lang='lat' dir='ltr'><strong>Cretensem,</strong></span> <span class='ocrx_word' id='word_1_656' title='bbox 1949 2641 2082 2674; x_wconf 85' lang='lat' dir='ltr'><strong>tradunt</strong></span> <span class='ocrx_word' id='word_1_657' title='bbox 2097 2650 2116 2673; x_wconf 81' lang='lat' dir='ltr'><strong>a</strong></span> <span class='ocrx_word' id='word_1_658' title='bbox 2129 2644 2219 2683; x_wconf 80' lang='lat' dir='ltr'><strong>patre</strong></span> <span class='ocrx_word' id='word_1_659' title='bbox 2232 2643 2265 2674; x_wconf 82' lang='lat' dir='ltr'><strong>et</strong></span> 
     </span>
     <span class='ocr_line' id='line_1_97' title="bbox 1243 2688 2264 2730; baseline 0 -9"><span class='ocrx_word' id='word_1_660' title='bbox 1243 2699 1262 2722; x_wconf 86' lang='lat' dir='ltr'><strong>a</strong></span> <span class='ocrx_word' id='word_1_661' title='bbox 1278 2689 1430 2721; x_wconf 80' lang='lat' dir='ltr'><strong>fratribus</strong></span> <span class='ocrx_word' id='word_1_662' title='bbox 1443 2690 1543 2730; x_wconf 85' lang='lat' dir='ltr'><strong>patris</strong></span> <span class='ocrx_word' id='word_1_663' title='bbox 1562 2690 1596 2720; x_wconf 91' lang='lat' dir='ltr'><strong>in</strong></span> <span class='ocrx_word' id='word_1_664' title='bbox 1611 2698 1724 2730; x_wconf 83' lang='lat' dir='ltr'><strong>agrum</strong></span> <span class='ocrx_word' id='word_1_665' title='bbox 1743 2689 1881 2721; x_wconf 88' lang='lat' dir='ltr'><strong>missum</strong></span> <span class='ocrx_word' id='word_1_666' title='bbox 1895 2712 1903 2728; x_wconf 93' lang='lat'>‚</span> <span class='ocrx_word' id='word_1_667' title='bbox 1933 2691 1968 2720; x_wconf 92' lang='lat' dir='ltr'><strong>ut</strong></span> <span class='ocrx_word' id='word_1_668' title='bbox 1983 2697 2078 2720; x_wconf 87' lang='lat' dir='ltr'><strong>ovem</strong></span> <span class='ocrx_word' id='word_1_669' title='bbox 2100 2688 2135 2720; x_wconf 90' lang='lat' dir='ltr'><strong>in</strong></span> <span class='ocrx_word' id='word_1_670' title='bbox 2151 2688 2264 2721; x_wconf 80' lang='lat' dir='ltr'><strong>urbem</strong></span> 
     </span>
     <span class='ocr_line' id='line_1_98' title="bbox 1243 2735 2265 2777; baseline 0.001 -9"><span class='ocrx_word' id='word_1_671' title='bbox 1243 2739 1360 2776; x_wconf 85' lang='lat' dir='ltr'><strong>ageret,</strong></span> <span class='ocrx_word' id='word_1_672' title='bbox 1387 2736 1633 2777; x_wconf 88' lang='lat' dir='ltr'><strong>superveniente</strong></span> <span class='ocrx_word' id='word_1_673' title='bbox 1647 2739 1740 2767; x_wconf 88' lang='lat' dir='ltr'><strong>nocte</strong></span> <span class='ocrx_word' id='word_1_674' title='bbox 1755 2745 1774 2768; x_wconf 87' lang='lat' dir='ltr'><strong>a</strong></span> <span class='ocrx_word' id='word_1_675' title='bbox 1796 2736 1850 2767; x_wconf 80' lang='lat' dir='ltr'><strong>via</strong></span> <span class='ocrx_word' id='word_1_676' title='bbox 1865 2735 2041 2768; x_wconf 88' lang='lat' dir='ltr'><strong>devertisse</strong></span> <span class='ocrx_word' id='word_1_677' title='bbox 2053 2737 2085 2767; x_wconf 91' lang='lat' dir='ltr'><strong>et</strong></span> <span class='ocrx_word' id='word_1_678' title='bbox 2097 2735 2265 2769; x_wconf 81' lang='lat' dir='ltr'><strong>dormiisse</strong></span> 
     </span>
     <span class='ocr_line' id='line_1_99' title="bbox 1242 2781 2265 2823; baseline 0.001 -9"><span class='ocrx_word' id='word_1_679' title='bbox 1242 2783 1474 2823; x_wconf 84' lang='lat' dir='ltr'><strong>quinquaginta</strong></span> <span class='ocrx_word' id='word_1_680' title='bbox 1503 2784 1625 2823; x_wconf 86' lang='lat' dir='ltr'><strong>septem</strong></span> <span class='ocrx_word' id='word_1_681' title='bbox 1644 2791 1745 2814; x_wconf 84' lang='lat' dir='ltr'><strong>annos</strong></span> <span class='ocrx_word' id='word_1_682' title='bbox 1759 2806 1768 2821; x_wconf 93' lang='lat'>‚</span> <span class='ocrx_word' id='word_1_683' title='bbox 1799 2784 1835 2813; x_wconf 89' lang='lat' dir='ltr'><strong>ut</strong></span> <span class='ocrx_word' id='word_1_684' title='bbox 1862 2783 1916 2814; x_wconf 85' lang='lat' dir='ltr'><strong>aiii</strong></span> <span class='ocrx_word' id='word_1_685' title='bbox 1940 2781 2034 2814; x_wconf 90' lang='lat' dir='ltr'><strong>multi</strong></span> <span class='ocrx_word' id='word_1_686' title='bbox 2052 2782 2205 2814; x_wconf 86' lang='lat' dir='ltr'><strong>dixerunt</strong></span> <span class='ocrx_word' id='word_1_687' title='bbox 2233 2785 2265 2815; x_wconf 85' lang='lat' dir='ltr'><strong>et</strong></span> 
     </span>
     <span class='ocr_line' id='line_1_100' title="bbox 1241 2829 2264 2870; baseline 0 -9"><span class='ocrx_word' id='word_1_688' title='bbox 1241 2830 1469 2870; x_wconf 89' lang='lat' dir='ltr'><strong>Theopompus</strong></span> <span class='ocrx_word' id='word_1_689' title='bbox 1484 2829 1516 2860; x_wconf 92' lang='lat' dir='ltr'><strong>in</strong></span> <span class='ocrx_word' id='word_1_690' title='bbox 1537 2829 1701 2868; x_wconf 86' lang='lat' dir='ltr'><strong>Historiis,</strong></span> <span class='ocrx_word' id='word_1_691' title='bbox 1717 2829 1773 2860; x_wconf 88' lang='lat' dir='ltr'><strong>ubi</strong></span> <span class='ocrx_word' id='word_1_692' title='bbox 1787 2829 1988 2870; x_wconf 88' lang='lat' dir='ltr'><strong>singulorum</strong></span> <span class='ocrx_word' id='word_1_693' title='bbox 2004 2829 2150 2861; x_wconf 81' lang='lat' dir='ltr'><strong>locorum</strong></span> <span class='ocrx_word' id='word_1_694' title='bbox 2173 2829 2264 2862; x_wconf 81' lang='lat' dir='ltr'><strong>mira-</strong></span> 
     </span>
     <span class='ocr_line' id='line_1_101' title="bbox 1242 2875 2263 2917; baseline 0.002 -10"><span class='ocrx_word' id='word_1_695' title='bbox 1242 2876 1320 2908; x_wconf 78' lang='lat' dir='ltr'><strong>bilia</strong></span> <span class='ocrx_word' id='word_1_696' title='bbox 1335 2876 1549 2917; x_wconf 84' lang='lat' dir='ltr'><strong>persequitur.</strong></span> <span class='ocrx_word' id='word_1_697' title='bbox 1566 2875 1705 2915; x_wconf 88' lang='lat' dir='ltr'><strong>Deinde,</strong></span> <span class='ocrx_word' id='word_1_698' title='bbox 1729 2876 1790 2907; x_wconf 89' lang='lat' dir='ltr'><strong>hoc</strong></span> <span class='ocrx_word' id='word_1_699' title='bbox 1806 2875 1960 2916; x_wconf 87' lang='lat' dir='ltr'><strong>temporis</strong></span> <span class='ocrx_word' id='word_1_700' title='bbox 1983 2875 2166 2916; x_wconf 74' lang='lat' dir='ltr'><strong>intervallo,</strong></span> <span class='ocrx_word' id='word_1_701' title='bbox 2184 2877 2263 2909; x_wconf 84' lang='lat' dir='ltr'><strong>acci-</strong></span> 
     </span>
     <span class='ocr_line' id='line_1_102' title="bbox 1241 2922 2264 2963; baseline 0.001 -8"><span class='ocrx_word' id='word_1_702' title='bbox 1241 2922 1328 2955; x_wconf 85' lang='lat' dir='ltr'><strong>disse</strong></span> <span class='ocrx_word' id='word_1_703' title='bbox 1354 2925 1390 2954; x_wconf 92' lang='lat' dir='ltr'><strong>ut</strong></span> <span class='ocrx_word' id='word_1_704' title='bbox 1415 2931 1527 2954; x_wconf 88' lang='lat' dir='ltr'><strong>omnes</strong></span> <span class='ocrx_word' id='word_1_705' title='bbox 1547 2922 1617 2962; x_wconf 87' lang='lat' dir='ltr'><strong>ejus</strong></span> <span class='ocrx_word' id='word_1_706' title='bbox 1633 2922 1802 2963; x_wconf 87' lang='lat' dir='ltr'><strong>propinqui</strong></span> <span class='ocrx_word' id='word_1_707' title='bbox 1826 2924 2042 2962; x_wconf 83' lang='lat' dir='ltr'><strong>morerentur3</strong></span> <span class='ocrx_word' id='word_1_708' title='bbox 2067 2922 2174 2963; x_wconf 88' lang='lat' dir='ltr'><strong>ipsum</strong></span> <span class='ocrx_word' id='word_1_709' title='bbox 2187 2932 2264 2956; x_wconf 84' lang='lat' dir='ltr'><strong>vero</strong></span> 
     </span>
     <span class='ocr_line' id='line_1_103' title="bbox 1242 2969 2264 3011; baseline 0.001 -9"><span class='ocrx_word' id='word_1_710' title='bbox 1242 2979 1356 3002; x_wconf 90' lang='lat' dir='ltr'><strong>somno</strong></span> <span class='ocrx_word' id='word_1_711' title='bbox 1364 2970 1632 3010; x_wconf 81' lang='lat' dir='ltr'><strong>expergefactum,</strong></span> <span class='ocrx_word' id='word_1_712' title='bbox 1646 2969 1837 3009; x_wconf 85' lang='lat' dir='ltr'><strong>quaesivisse</strong></span> <span class='ocrx_word' id='word_1_713' title='bbox 1845 2969 1884 3001; x_wconf 86' lang='lat' dir='ltr'><strong>ad</strong></span> <span class='ocrx_word' id='word_1_714' title='bbox 1895 2977 2069 3009; x_wconf 88' lang='lat' dir='ltr'><strong>quamnam</strong></span> <span class='ocrx_word' id='word_1_715' title='bbox 2079 2978 2174 3002; x_wconf 90' lang='lat' dir='ltr'><strong>ovem</strong></span> <span class='ocrx_word' id='word_1_716' title='bbox 2182 2979 2264 3011; x_wconf 78' lang='lat' dir='ltr'><strong>quae-</strong></span> 
     </span>
     <span class='ocr_line' id='line_1_104' title="bbox 1242 3015 2263 3056; baseline 0.001 -7"><span class='ocrx_word' id='word_1_717' title='bbox 1242 3017 1373 3049; x_wconf 82' lang='lat' dir='ltr'><strong>rendam</strong></span> <span class='ocrx_word' id='word_1_718' title='bbox 1385 3016 1502 3048; x_wconf 86' lang='lat' dir='ltr'><strong>missus</strong></span> <span class='ocrx_word' id='word_1_719' title='bbox 1518 3017 1691 3056; x_wconf 77' lang='lat' dir='ltr'><strong>essettqua</strong></span> <span class='ocrx_word' id='word_1_720' title='bbox 1705 3024 1770 3047; x_wconf 90' lang='lat' dir='ltr'><strong>non</strong></span> <span class='ocrx_word' id='word_1_721' title='bbox 1779 3015 1920 3050; x_wconf 78' lang='lat' dir='ltr'><strong>inventa,</strong></span> <span class='ocrx_word' id='word_1_722' title='bbox 1930 3015 1963 3047; x_wconf 91' lang='lat' dir='ltr'><strong>in</strong></span> <span class='ocrx_word' id='word_1_723' title='bbox 1970 3024 2082 3056; x_wconf 85' lang='lat' dir='ltr'><strong>agrum</strong></span> <span class='ocrx_word' id='word_1_724' title='bbox 2100 3025 2263 3050; x_wconf 86' lang='lat' dir='ltr'><strong>reversum</strong></span> 
     </span>
     <span class='ocr_line' id='line_1_105' title="bbox 1241 3062 2261 3104; baseline 0 -8"><span class='ocrx_word' id='word_1_725' title='bbox 1241 3072 1322 3096; x_wconf 85' lang='lat' dir='ltr'><strong>esse.</strong></span> <span class='ocrx_word' id='word_1_726' title='bbox 1338 3062 1538 3104; x_wconf 86' lang='lat' dir='ltr'><strong>opinabatur</strong></span> <span class='ocrx_word' id='word_1_727' title='bbox 1552 3063 1651 3102; x_wconf 75' lang='lat' dir='ltr'><strong>enim,</strong></span> <span class='ocrx_word' id='word_1_728' title='bbox 1664 3071 1699 3094; x_wconf 87' lang='lat' dir='ltr'><strong>se</strong></span> <span class='ocrx_word' id='word_1_729' title='bbox 1714 3062 1826 3095; x_wconf 88' lang='lat' dir='ltr'><strong>eodem</strong></span> <span class='ocrx_word' id='word_1_730' title='bbox 1839 3062 1890 3094; x_wconf 86' lang='lat' dir='ltr'><strong>die</strong></span> <span class='ocrx_word' id='word_1_731' title='bbox 1911 3062 2170 3103; x_wconf 80' lang='lat' dir='ltr'><strong>expergefactum</strong></span> <span class='ocrx_word' id='word_1_732' title='bbox 2179 3071 2261 3103; x_wconf 82' lang='lat' dir='ltr'><strong>esse,</strong></span> 
     </span>
     <span class='ocr_line' id='line_1_106' title="bbox 1242 3109 2263 3152; baseline 0.001 -10"><span class='ocrx_word' id='word_1_733' title='bbox 1242 3119 1308 3152; x_wconf 91' lang='lat' dir='ltr'><strong>quo</strong></span> <span class='ocrx_word' id='word_1_734' title='bbox 1322 3119 1437 3142; x_wconf 92' lang='lat' dir='ltr'><strong>somno</strong></span> <span class='ocrx_word' id='word_1_735' title='bbox 1453 3111 1566 3151; x_wconf 82' lang='lat' dir='ltr'><strong>captus</strong></span> <span class='ocrx_word' id='word_1_736' title='bbox 1580 3117 1651 3141; x_wconf 86' lang='lat' dir='ltr'><strong>esse</strong></span> <span class='ocrx_word' id='word_1_737' title='bbox 1664 3109 1726 3141; x_wconf 89' lang='lat' dir='ltr'><strong>sibi</strong></span> <span class='ocrx_word' id='word_1_738' title='bbox 1738 3109 1828 3141; x_wconf 82' lang='lat' dir='ltr'><strong>visus</strong></span> <span class='ocrx_word' id='word_1_739' title='bbox 1843 3112 1902 3141; x_wconf 88' lang='lat' dir='ltr'><strong>est.</strong></span> <span class='ocrx_word' id='word_1_740' title='bbox 1918 3110 2024 3149; x_wconf 73' lang='lat' dir='ltr'><strong>Atque</strong></span> <span class='ocrx_word' id='word_1_741' title='bbox 2037 3118 2139 3150; x_wconf 91' lang='lat' dir='ltr'><strong>quum</strong></span> <span class='ocrx_word' id='word_1_742' title='bbox 2152 3118 2263 3151; x_wconf 86' lang='lat' dir='ltr'><strong>agrum</strong></span> 
     </span>
     <span class='ocr_line' id='line_1_107' title="bbox 1241 3154 2264 3198; baseline 0.002 -10"><span class='ocrx_word' id='word_1_743' title='bbox 1241 3157 1411 3198; x_wconf 85' lang='lat' dir='ltr'><strong>reperisset</strong></span> <span class='ocrx_word' id='word_1_744' title='bbox 1427 3155 1595 3188; x_wconf 86' lang='lat' dir='ltr'><strong>venditum</strong></span> <span class='ocrx_word' id='word_1_745' title='bbox 1609 3158 1640 3187; x_wconf 89' lang='lat' dir='ltr'><strong>et</strong></span> <span class='ocrx_word' id='word_1_746' title='bbox 1656 3154 1871 3187; x_wconf 75' lang='lat' dir='ltr'><strong>instrumenta</strong></span> <span class='ocrx_word' id='word_1_747' title='bbox 1892 3157 2032 3195; x_wconf 82' lang='lat' dir='ltr'><strong>mutata,</strong></span> <span class='ocrx_word' id='word_1_748' title='bbox 2051 3156 2085 3187; x_wconf 89' lang='lat' dir='ltr'><strong>in</strong></span> <span class='ocrx_word' id='word_1_749' title='bbox 2101 3156 2213 3189; x_wconf 87' lang='lat' dir='ltr'><strong>urbem</strong></span> <span class='ocrx_word' id='word_1_750' title='bbox 2228 3165 2264 3190; x_wconf 75' lang='lat' dir='ltr'><strong>se</strong></span> 
     </span>
     <span class='ocr_line' id='line_1_108' title="bbox 1243 3202 2300 3244; baseline 0.001 -8"><span class='ocrx_word' id='word_1_751' title='bbox 1243 3203 1536 3236; x_wconf 76' lang='lat' dir='ltr'><strong>contulitzdomum</strong></span> <span class='ocrx_word' id='word_1_752' title='bbox 1543 3203 1651 3234; x_wconf 86' lang='lat' dir='ltr'><strong>autem</strong></span> <span class='ocrx_word' id='word_1_753' title='bbox 1662 3202 1825 3242; x_wconf 84' lang='lat' dir='ltr'><strong>ingressus</strong></span> <span class='ocrx_word' id='word_1_754' title='bbox 1844 3203 1945 3233; x_wconf 86' lang='lat' dir='ltr'><strong>totam</strong></span> <span class='ocrx_word' id='word_1_755' title='bbox 1963 3211 2029 3234; x_wconf 88' lang='lat' dir='ltr'><strong>rem</strong></span> <span class='ocrx_word' id='word_1_756' title='bbox 2047 3202 2099 3234; x_wconf 88' lang='lat' dir='ltr'><strong>hic</strong></span> <span class='ocrx_word' id='word_1_757' title='bbox 2114 3202 2263 3244; x_wconf 79' lang='lat' dir='ltr'><strong>cognovit</strong></span> <span class='ocrx_word' id='word_1_758' title='bbox 2281 3204 2300 3227; x_wconf 51' lang='lat'><strong>⁴?</strong></span> 
     </span>
     <span class='ocr_line' id='line_1_109' title="bbox 1242 3248 2262 3291; baseline 0 -9"><span class='ocrx_word' id='word_1_759' title='bbox 1242 3253 1274 3282; x_wconf 89' lang='lat' dir='ltr'><strong>et</strong></span> <span class='ocrx_word' id='word_1_760' title='bbox 1288 3253 1416 3291; x_wconf 82' lang='lat' dir='ltr'><strong>tempus</strong></span> <span class='ocrx_word' id='word_1_761' title='bbox 1430 3258 1571 3290; x_wconf 86' lang='lat' dir='ltr'><strong>quoque,</strong></span> <span class='ocrx_word' id='word_1_762' title='bbox 1584 3257 1648 3289; x_wconf 93' lang='lat' dir='ltr'><strong>quo</strong></span> <span class='ocrx_word' id='word_1_763' title='bbox 1670 3248 1786 3280; x_wconf 85' lang='lat' dir='ltr'><strong>absens</strong></span> <span class='ocrx_word' id='word_1_764' title='bbox 1805 3249 1919 3280; x_wconf 87' lang='lat' dir='ltr'><strong>suerat.</strong></span> <span class='ocrx_word' id='word_1_765' title='bbox 1934 3251 2073 3282; x_wconf 80' lang='lat' dir='ltr'><strong>Auctore</strong></span> <span class='ocrx_word' id='word_1_766' title='bbox 2086 3249 2262 3291; x_wconf 87' lang='lat' dir='ltr'><strong>Theopom-</strong></span> 
     </span>
     <span class='ocr_line' id='line_1_110' title="bbox 1243 3295 2261 3338; baseline -0.001 -9"><span class='ocrx_word' id='word_1_767' title='bbox 1243 3306 1285 3338; x_wconf 91' lang='lat' dir='ltr'><strong>po</strong></span> <span class='ocrx_word' id='word_1_768' title='bbox 1293 3299 1461 3330; x_wconf 87' lang='lat' dir='ltr'><strong>Cretenses</strong></span> <span class='ocrx_word' id='word_1_769' title='bbox 1472 3296 1615 3335; x_wconf 85' lang='lat' dir='ltr'><strong>tradunt,</strong></span> <span class='ocrx_word' id='word_1_770' title='bbox 1625 3304 1712 3335; x_wconf 85' lang='lat' dir='ltr'><strong>eum,</strong></span> <span class='ocrx_word' id='word_1_771' title='bbox 1729 3298 1857 3327; x_wconf 85' lang='lat' dir='ltr'><strong>eentum</strong></span> <span class='ocrx_word' id='word_1_772' title='bbox 1865 3295 2098 3337; x_wconf 83' lang='lat' dir='ltr'><strong>quinquaginta</strong></span> <span class='ocrx_word' id='word_1_773' title='bbox 2113 3295 2261 3338; x_wconf 84' lang='lat' dir='ltr'><strong>(septem)</strong></span> 
     </span>
     <span class='ocr_line' id='line_1_111' title="bbox 1242 3342 2262 3385; baseline 0 -9"><span class='ocrx_word' id='word_1_774' title='bbox 1242 3344 1335 3376; x_wconf 87' lang='lat' dir='ltr'><strong>annis</strong></span> <span class='ocrx_word' id='word_1_775' title='bbox 1349 3343 1499 3385; x_wconf 89' lang='lat' dir='ltr'><strong>peractis,</strong></span> <span class='ocrx_word' id='word_1_776' title='bbox 1525 3344 1691 3375; x_wconf 89' lang='lat' dir='ltr'><strong>mortuum</strong></span> <span class='ocrx_word' id='word_1_777' title='bbox 1719 3351 1802 3375; x_wconf 86' lang='lat' dir='ltr'><strong>esse.</strong></span> <span class='ocrx_word' id='word_1_778' title='bbox 1835 3345 2012 3376; x_wconf 86' lang='lat' dir='ltr'><strong>Narrantur</strong></span> <span class='ocrx_word' id='word_1_779' title='bbox 2039 3342 2080 3375; x_wconf 84' lang='lat' dir='ltr'><strong>de</strong></span> <span class='ocrx_word' id='word_1_780' title='bbox 2106 3343 2167 3375; x_wconf 89' lang='lat' dir='ltr'><strong>hoc</strong></span> <span class='ocrx_word' id='word_1_781' title='bbox 2190 3342 2262 3376; x_wconf 84' lang='lat' dir='ltr'><strong>viro</strong></span> 
     </span>
     <span class='ocr_line' id='line_1_112' title="bbox 1244 3389 1796 3424; baseline -0.005 0"><span class='ocrx_word' id='word_1_782' title='bbox 1244 3391 1340 3424; x_wconf 87' lang='lat' dir='ltr'><strong>etiam</strong></span> <span class='ocrx_word' id='word_1_783' title='bbox 1355 3390 1416 3423; x_wconf 84' lang='lat' dir='ltr'><strong>alia</strong></span> <span class='ocrx_word' id='word_1_784' title='bbox 1431 3399 1495 3422; x_wconf 91' lang='lat' dir='ltr'><strong>non</strong></span> <span class='ocrx_word' id='word_1_785' title='bbox 1508 3389 1614 3422; x_wconf 90' lang='lat' dir='ltr'><strong>minus</strong></span> <span class='ocrx_word' id='word_1_786' title='bbox 1630 3389 1796 3422; x_wconf 86' lang='lat' dir='ltr'><strong>mirabilia.</strong></span> 
     </span>
    </p>
   </div>
  </div>
 </body>
</html>
