2320 3684
175 209 223 244 35
889 203 1210 246 PHERECYDIS
1238 205 1569 248 FRAGMENTA.

172 294 290 330 AEson
305 290 398 343 (58),
423 291 568 328 Iasonis
587 298 705 327 mater
727 289 820 340 (59),
842 293 952 328 Iason
974 291 1021 329 ad
1042 292 1197 331 Peleum

171 351 329 388 veniens
361 349 457 401 (60),
485 353 619 398 Argus,
645 348 753 386 navis
785 347 993 387 fabricator
1011 349 1105 402 (61),
1129 352 1198 390 Ti-

172 409 290 459 phys,
320 408 446 458 Argus
466 406 702 457 gubernator
723 405 817 458 (62),
838 406 1079 446 Philammon
1103 409 1198 462 (63),

169 468 336 518 Iphicles
368 465 463 518 (64),
495 465 581 502 Idas
600 473 637 502 et
657 469 832 516 Lynceus
857 466 956 518 (65),
986 467 1198 507 AEthalides

169 525 264 576 (66),
275 524 458 563 Hercules
478 537 499 561 e
518 537 613 561 nave
625 538 798 575 egressus
811 523 907 576 (67),
922 526 1085 564 Phineus
1101 527 1195 579 (68),

168 585 348 635 Harpyiae
361 583 455 635 (69),
474 583 609 621 Idmon
631 582 680 620 ab
700 596 794 634 apro
822 585 970 623 occisus
987 584 1081 636 (70),
1096 587 1195 624 tauri

165 642 348 693 ignivomi
364 641 460 694 (71).
482 641 597 688 Quod
618 651 855 693 postremum
875 644 989 694 posui
1007 645 1196 695 fragmen-

167 710 246 738 tum
263 731 273 749 ,
293 700 324 738 si
343 700 499 752 quidem
528 709 632 738 recte
653 701 702 739 ad
721 701 825 740 hunc
859 702 1001 740 librum
1029 716 1051 740 a
1075 703 1194 743 Scho-

166 760 273 797 liasta
303 761 480 807 refertur,
502 761 669 810 pertinet
703 761 752 798 ad
778 760 928 812 jussum
949 763 1080 810 AEetae,
1114 776 1193 800 non

164 832 258 856 vero
299 818 345 857 ad
396 823 570 857 Iasonem
609 827 739 858 tauros
793 820 1013 859 domantem
1026 850 1036 866 .,
1085 822 1192 873 quod

163 886 296 928 aptum
316 878 406 915 libri
425 878 539 915 finem
560 892 637 916 non
657 879 869 931 praeberet,
889 894 1009 931 quum
1029 881 1191 919 sciamus

163 937 328 987 septimo
360 936 462 974 libro
495 937 543 975 de
578 937 763 976 draconte
805 937 854 975 ab
891 942 1027 977 Iasone
1062 940 1190 977 occiso

162 997 278 1034 fuisse
295 1010 522 1034 sermonem.
540 996 615 1035 Sed
634 997 715 1035 fieri
729 997 844 1036 etiam
863 999 1001 1048 potuit,
1023 1006 1064 1035 ut
1079 999 1124 1037 fr.
1141 1012 1188 1046 72

161 1056 286 1094 minus
306 1064 409 1094 recte
432 1054 530 1092 libro
547 1055 712 1105 septimo
731 1054 957 1094 attributum
980 1056 1039 1094 sit.

213 1177 341 1215 Schol.
377 1177 486 1215 Pind.
507 1177 618 1226 Pyth.
644 1181 707 1224 IV,
730 1178 829 1216 288:
852 1176 995 1224 Ταύτην
1014 1177 1189 1229 (matrem

159 1235 305 1282 Phrixi)
324 1238 342 1273 6
362 1233 424 1287 μὲν
446 1235 619 1288 Πίνδαρος
633 1237 667 1274 ἓν
682 1234 821 1288 ὕμνοις,
835 1234 1050 1286 Δημωτικήν
1071 1250 1188 1288 φησιν·

158 1293 297 1338 Ἱππίας
335 1293 391 1343 δὲ,
425 1295 628 1348 Γοργῶπιν·
659 1296 841 1347 Σοφοκλῆς
861 1293 897 1332 δὲ
925 1295 959 1332 ἐν
977 1293 1188 1345 Ἀθάμαντι,

158 1352 339 1407 Νεφέλην·
377 1352 603 1406 Φερεκύδης,
629 1353 819 1405 Θεμιστώ·
844 1353 879 1397 ὃς
910 1353 969 1392 καὶ
998 1353 1097 1406 φησὶ,
1118 1356 1187 1392 τῶν

157 1415 301 1466 καρπῶν
322 1411 554 1465 φθειρομένων
575 1414 615 1450 ἐκ
637 1413 857 1463 ταυτομάτου
869 1443 879 1461 ,
898 1410 1090 1450 ἐθελούσιον
1106 1413 1187 1451 δοῦ-

156 1486 213 1509 ναι
227 1470 352 1517 ἑαυτὴν
371 1471 418 1513 εἷς
439 1468 588 1523 σφαγήν.

209 1588 336 1627 Schol.
358 1588 577 1626 Germanici
596 1588 644 1626 ad
667 1588 837 1626 Arietem
855 1602 891 1626 v.
915 1590 1007 1636 223,
1027 1602 1063 1640 p.
1091 1604 1105 1626 1
1119 1603 1185 1628 ro:

154 1649 274 1693 Aries,
312 1656 354 1684 ut
388 1649 567 1684 Hesiodus
585 1657 623 1684 et
649 1648 876 1696 Pherecydes
912 1650 1048 1695 dicunt,
1069 1645 1074 1650 ”
1092 1652 1190 1685 inter

154 1715 256 1742 astra
289 1708 481 1743 collocatus
500 1715 557 1743 est
566 1716 723 1756 propter
749 1708 929 1744 Plcrioeum
964 1717 1000 1744 et
1036 1709 1181 1753 Hellen,

154 1766 391 1802 Athamantis
410 1774 448 1802 et
462 1764 618 1802 Nebulae
625 1766 740 1814 filios.

208 1823 482 1862 Eratosthenes
515 1826 598 1862 Catz
599 1832 702 1860 nster.
745 1836 818 1872 19:
844 1815 958 1866 Οὗτος
978 1822 1015 1874 (6
1028 1822 1183 1876 κριὸς)ὅ

152 1880 283 1934 Φρίξον
301 1881 507 1932 διακομίσας
522 1881 581 1920 καὶ
593 1881 746 1928 Ἕλλην.
765 1880 926 1941 Ἄφθιτος
943 1880 1018 1920 δὲ
997 1898 1059 1929 ων,
1079 1881 1179 1930 ἐδόθη

152 1941 267 1983 αὐτοῖς
287 1939 353 1979 υπὸ
370 1939 528 1994 Νεφέλης
549 1954 611 1986 της
631 1938 771 1993 μητρός.
798 1932 886 1991 Εἶχε
917 1938 954 1977 δὲ
974 1943 1109 1992 χρυσῆν
1126 1941 1183 1979 δο-

152 1997 258 2050 ρὰν,
240 2014 285 2041 ως
296 1997 457 2041 Ησίοδος
472 1997 531 2036 καὶ
547 1997 750 2051 Φερεκύδης
766 1997 937 2050 εἰρήκασι.
950 2002 999 2036 Fr
1002 2009 1180 2049 agmento

150 2057 256 2107 quod
277 2058 469 2096 antecedit
499 2066 600 2108 patet
620 2058 754 2095 ultima
783 2066 933 2094 tantum
959 2057 1074 2108 hujus
1105 2059 1179 2097 loci

150 2116 291 2155 verba:
313 2110 386 2168 εἶχε
457 2114 572 2170 δορὰν,
610 2117 657 2154 ad
692 2117 954 2166 Pherecydem
975 2117 1179 2167 pertinere.

149 2176 293 2226 Hygini
318 2180 426 2215 Poet.
454 2180 602 2214 Astron.
625 2189 661 2224 2,
683 2189 755 2214 20:
775 2179 895 2222 Aries,
919 2181 981 2225 qui
997 2177 1177 2213 Phrixum

148 2238 374 2272 transtulisse
396 2249 430 2272 et
449 2237 579 2272 Hellen
593 2237 708 2272 dictus
721 2245 777 2272 est
784 2249 858 2285 per
873 2237 1176 2285 Hellespontum:

147 2307 253 2341 quem
272 2296 450 2331 Hesiodus
472 2303 511 2331 et
523 2295 750 2343 Pherecydes
771 2299 826 2332 ait
840 2294 1007 2331 habuisse
1025 2308 1176 2331 auream

144 2354 277 2399 pellem
284 2380 291 2388 .

628 2412 649 2448 5
655 2411 676 2448 4
683 2440 691 2448 .

1257 293 1394 345 (codex
1413 297 1530 335 Paris.
1547 298 1689 334 omittit
1707 298 1858 335 verba'
1843 314 1877 336 εν
1896 298 1999 352 ἕκτῳ)
2019 301 2171 348 Εὐηνίαν
2189 303 2279 355 (Νη-

1255 352 1331 392 νίαν
1351 355 1466 406 idem)
1490 355 1597 403 αὐτήν
1614 371 1700 409 φησι
1718 356 1911 395 καλεῖσθαι.

1307 415 1499 464 Hesychst
1518 414 1716 468 Ἰοφῶσσα·
1736 418 1758 462 ἡ
1776 415 1938 467 χάλκειος
1952 445 1962 464 ,
1983 415 2030 460 ὥς
2058 431 2144 470 φησι
2159 420 2278 474 Φερε-

1254 469 1368 518 κύδης.
1385 473 1476 511 Sine
1494 473 1613 511 dubio
1633 473 1894 520 scribendum,
1913 473 1998 528 ’.Ιοφ
1989 504 2014 526 .,
2032 477 2056 522 ἡ
2076 477 2276 526 Χαλκιόπη.

1253 531 1418 569 Codex
1399 548 1421 580 η
1440 530 1598 583 χάλκιος

1731 603 1795 641 55.

1303 671 1596 711 schohffindar.
1612 672 1724 722 Pyth.
1740 672 1804 720 lv,
1819 686 1919 710 220:
1933 670 2102 727 Ὑπερεία
2116 673 2152 713 δὲ
2164 675 2274 730 κρηνη

1250 730 1286 768 ἐν
1305 736 1380 775 ταῖς
1399 733 1589 784 Φεραῖς...
1621 731 1721 771 Φασὶ
1738 730 1776 770 δέ
1791 747 1898 780 τινες,
1915 732 1984 770 ἀπὸ
1998 731 2193 787 Ὑπέρητος
2209 735 2276 773 λα-

1251 786 1322 827 &etv
1346 788 1452 837 αὐτὴν
1475 788 1651 841 τοῦνομα,
1670 792 1717 834 ὡς
1737 789 1952 845 Φερεκύδης.
1973 791 2073 838 Φησὶ
2091 791 2159 847 γὰρ
2172 791 2275 832 οὕτω·

1250 846 1356 886 ((Μέ)
1358 863 1398 892 ας
1413 851 1431 886 6
1448 847 1580 902 Φρίξου
1599 855 1707 901 γαμεῖ
1739 848 1968 902 Εὐρύκλειαν.
1988 851 2071 889 Τῶν
2092 849 2129 889 δὲ
2143 850 2276 904 γίνεται

1248 904 1419 959 Ὑπέρης,
1434 906 1508 950 ὃς”
1484 923 1568 961 ῳκει
1584 907 1642 946 ἐπὶ
1658 910 1701 960 τῇ
1718 907 1828 961 κρήνῖΙ
1846 911 1889 961 τῇ
1909 907 1969 946 ἀπ’
1990 909 2093 947 αὐτοῦ
2106 909 2274 963 κληθείσῃ

1247 963 1423 1018 Υπερείᾳ.
1443 984 1458 999 >³

1728 1032 1792 1068 56.

1301 1101 1428 1140 Schol.
1453 1103 1563 1139 Hom.
1581 1101 1653 1139 Od.
1675 1103 1720 1148 Λ,
1744 1101 1820 1151 289
1838 1116 1846 1139 :
1867 1100 2001 1149 Νηλεὺς
2020 1104 2038 1140 6
2057 1103 2151 1142 Ποσε
2169 1103 2276 1148 δῶνος

1246 1159 1306 1198 καὶ
1325 1162 1460 1213 Τυροῦς
1475 1165 1578 1208 παῖς,
1599 1158 1791 1204 ἐξελασθεὶς
1809 1159 1877 1198 ὑπὸ
1894 1160 2026 1199 Πελίου
2045 1165 2104 1199 τοῦ
2123 1163 2274 1214 ἀοελφοῦ

1245 1220 1308 1264 τῆς
1325 1217 1488 1266 Ἰωλκοῦ,
1506 1217 1649 1269 ἀφίκετο
1665 1219 1712 1261 εἷς
1729 1217 1895 1265 Μεσήνην
1911 1221 1974 1264 τῆς
1991 1219 2272 1267 Πελοποννήσου.

1248 1274 1321 1314 Καὶ
1340 1274 1459 1314 λαδὼν
1479 1275 1576 1329 παρὰ
1594 1275 1785 1329 ἐγχωρίων,
1816 1274 1879 1322 τὴν
1912 1275 2031 1317 Πύλον
2059 1277 2178 1322 κτίζει.
2199 1277 2273 1318 Καὶ
2292 1317 2300 1330 ,

1245 1339 1353 1386 γαμεῖ
1371 1335 1525 1387 Χλῶριν,
1543 1333 1611 1381 τὴν.
1625 1333 1807 1388 Ἀμφίονος
1830 1338 1890 1372 τοῦ
1907 1334 2024 1373 Ἰάσου
2050 1336 2109 1373 καὶ
2130 1338 2273 1390 Φερσε-

1246 1391 1351 1445 φόνης
1369 1395 1430 1440 τῆς
1445 1391 1538 1431 Μίου
1557 1392 1728 1447 θυγατέρα
1741 1423 1751 1442 ,
1771 1392 1947 1445 βασιλεύει
1963 1409 2002 1432 τε
2020 1395 2060 1432 οὐ
2077 1393 2182 1445 μόνον
2201 1397 2272 1434 τῶν

1246 1451 1404 1501 Πυλίων,
1424 1450 1516 1490 ἀλλὰ
1532 1451 1592 1490 καὶ
1608 1454 1677 1491 τῶν
1701 1453 1736 1490 ἐν
1757 1452 1966 1506 Ὀρχομενῷ
1985 1452 2044 1491 καὶ
2063 1452 2196 1504 γίνεται
2212 1455 2273 1493 εὐ-

1245 1509 1433 1562 δαιμόνων.
1459 1510 1505 1550 ‘H
1538 1510 1673 1565 ἱστορία
1704 1510 1800 1565 παρὰ
1835 1511 2032 1564 Φερεκύδῃ.
2061 1515 2138 1550 Pro
2177 1512 2271 1552 Μίου

1244 1584 1332 1608 cum
1367 1570 1519 1620 Heynio
1554 1570 1759 1621 legendum
1779 1579 1836 1608 est
1868 1569 2004 1609 Μινύου
2026 1586 2034 1608 :
2055 1570 2270 1623 εὐδαιμόνων

1243 1633 1500 1668 Buttmannus
1525 1638 1647 1668 mutat
1683 1630 1722 1667 in
1762 1629 1990 1680 εὐδαιμονῶν,
2009 1633 2134 1669 Sturz.
2152 1631 2192 1668 in
2211 1632 2270 1670 εὐ-

1243 1687 1392 1740 δαίμων,
1409 1688 1514 1739 quod
1534 1687 1816 1739 praeferendum
1836 1688 2002 1725 videtur.

1722 1757 1786 1797 57.

1295 1823 1420 1862 Schol.
1450 1826 1605 1861 Homer.
1629 1823 1672 1861 ΙΙ.
1699 1825 1744 1870 Λ,
1761 1823 1835 1869 674
1859 1837 1867 1858 :
1888 1821 2024 1870 Νηλεὺς
2042 1825 2062 1861 6
2085 1823 2270 1862 Ποσειδῶ-

1239 1898 1296 1925 νος
1316 1881 1554 1925 ἱππικώτατος
1570 1883 1638 1920 τῶν
1662 1881 1739 1919 καθ’
1759 1881 1860 1920 αὑτὸν
1886 1880 2090 1933 γενόμενος,
2113 1880 2268 1935 ἔπεμψεν

1240 1942 1288 1984 εἷς
1305 1935 1413 1979 ’Ἦλιν
1435 1939 1565 1984 ἵππους
1597 1941 1631 1983 ἐς
1667 1939 1724 1978 τὸν
1754 1939 1821 1978 ὑπὸ
1843 1939 1978 1992 Αὐγέου
1999 1939 2268 1992 συντελούμενον

1242 2001 1389 2050 (Venet.
1403 1999 1487 2037 cod.
1501 1997 1630 2042 ἵππους
1643 2000 1689 2042 εἷς
1704 1997 1762 2037 τὸν
1774 1998 1833 2037 ὑπ’
1847 1998 1995 2051 Αὐγείου
2008 2004 2103 2038 κεῖσε
2114 1999 2266 2050 συντελ.)

1239 2059 1368 2110 ἀγωνα.
1386 2058 1618 2106 Νικησάντων
1633 2057 1668 2095 δὲ
1682 2056 1826 2106 τούτων,
1841 2057 2015 2110 φθονησας
2027 2057 2163 2109 Αὐγέας
2182 2057 2269 2096 ἀπέ-

1238 2132 1352 2156 σπασε
1370 2116 1524 2165 τούτους,
1543 2116 1602 2155 καὶ
1627 2115 1705 2160 τους
1723 2115 1883 2168 ἡνιόχους
1903 2118 2035 2170 ἀφηκεν
2055 2116 2265 2170 ἀπράκτους.
2316 2142 2320 2143 ⁷

1237 2175 1374 2224 Νηλευς
1405 2174 1443 2214 δὲ
1467 2175 1593 2227 γνους,
1623 2175 1774 2228 ἡσυχίαν
1805 2178 1882 2227 ἠγε.
1918 2174 2066 2228 Νέστωρ
2083 2173 2139 2222 δὲ,
2161 2177 2180 2213 6
2195 2190 2266 2213 των

1236 2235 1370 2274 παίδων
1393 2236 1498 2273 αὐτοῦ
1526 2232 1716 2282 νεώτατος,
1748 2233 1896 2287 στρατὸν
1923 2232 2087 2288 ἀθροίσας
2117 2234 2266 2280 ἐτι-ἦλθεν

1236 2293 1369 2332 Ἤλιδι.
1389 2293 1462 2332 Και
1472 2291 1653 2336 πολλους’
1634 2291 1851 2341 αποκτείνας,
1865 2290 2022 2331 ἀπέλαὸε
2033 2291 2114 2335 τους
2125 2290 2264 2334 ἵππους.

1237 2352 1310 2392 Καὶ
1346 2353 1408 2391 οὐκ
1436 2351 1558 2403 ὀλίγην
1586 2353 1656 2390 τῶν
1683 2351 1861 2402 πολεμίων
1889 2349 2067 2405 ἀπέσυραν
2086 2350 2196 2389 λείαν.
2216 2349 2263 2388 Ἡ

1234 2411 1370 2465 ἱστορία
1388 2409 1484 2464 παρὰ
1515 2409 1712 2466 Φερεκύδῃ.
1732 2411 1875 2449 Eadem
1894 2411 1933 2448 in
1961 2414 2097 2449 Arsen.
2122 2410 2262 2448 Violar.

197 2469 325 2507 Schol.
347 2469 523 2520 Apollon.
545 2473 595 2516 ΙΙ,
639 2471 736 2508 1253
754 2486 762 2507 ε
779 2468 981 2523 Φερεκύδης
1012 2471 1048 2508 ἐν
1084 2469 1176 2524 ἕκτῳ
1234 2485 1271 2522 p.
1295 2474 1380 2521 372,

461 2612 615 2651 LIBER
643 2607 851 2652 SEXTUS.

625 2689 687 2721 52.

183 2740 385 2781 Pherecydes
407 2739 452 2772 ait
472 2740 584 2772 Phrixi
608 2742 743 2772 matrem
765 2749 837 2773 esse
859 2741 1046 2781 Themisto,
1069 2750 1144 2782 quae
1158 2766 1167 2781 ,

141 2796 244 2828 quum
265 2788 346 2820 sorte
371 2788 499 2819 fortuna
521 2787 647 2820 fructus
670 2787 895 2829 perderentur,
920 2791 1034 2830 sponte
1056 2797 1116 2820 sua
1134 2798 1169 2821 se

145 2835 248 2875 ipsam
264 2834 495 2886 immolandam
509 2834 712 2876 praebuisset.

621 2895 684 2928 53.

181 2952 293 2991 Arieti,
308 2952 363 2993 qui
376 2951 534 2984 Phrixum
547 2954 579 2984 et
586 2951 698 2984 Hellen
710 2961 766 2994 per
779 2960 867 2984 mare
878 2952 1053 2991 transtulit,
1066 2953 1168 2985 vellus

140 3000 207 3029 crat
221 3007 367 3031 aureum.

621 3055 684 3087 54.

183 3103 383 3143 Pherecydes
398 3104 476 3136 (licit
491 3105 687 3146 Chalciopen
707 3106 821 3147 (AEetae
833 3105 944 3146 filiam,
962 3104 1074 3138 Phrixi
1087 3114 1166 3137 uxo-

140 3149 220 3188 rem)
234 3150 424 3190 appellatam
441 3160 514 3183 esse
532 3152 699 3184 Eueniam.

180 3196 347 3236 Iophossa‚
363 3198 546 3238 Pherecyde
561 3204 691 3232 auctore
701 3224 710 3240 ,
726 3199 837 3232 eadem
850 3209 925 3241 quae
939 3200 1122 3241 Chalciope.

619 3260 681 3292 55.

181 3312 294 3352 Melas,
311 3313 422 3344 Phrixi
442 3313 527 3345 filius
540 3338 548 3353 ‚
570 3325 704 3347 uxorem
721 3317 811 3348 ducit
826 3317 1029 3358 Eurycleam.
1047 3319 1094 3349 Ex
1115 3316 1165 3348 his

139 3361 234 3391 natus
251 3361 300 3391 est
316 3361 472 3400 Hyperes‚
490 3361 545 3401 qui
562 3362 727 3395 habitabat
740 3364 781 3395 ad
800 3364 973 3404 Hyper-iam
991 3364 1111 3396 sontem
1124 3363 1165 3395 ab

138 3415 176 3438 eo
193 3406 240 3438 sie
256 3406 469 3440 nominatum.

1274 2677 1403 2717 Neleus,
1417 2676 1557 2718 Neptuni
1574 2685 1614 2708 ex
1632 2678 1718 2717 Tyro
1735 2676 1837 2716 tilius,
1854 2685 1874 2708 a
1891 2676 1978 2709 Pelia
1994 2677 2092 2710 fratre
2107 2677 2195 2710 10100
2211 2687 2262 2710 ex-

1232 2724 1345 2764 pulsus
1367 2724 1457 2756 venit
1478 2723 1510 2754 in
1533 2724 1746 2764 Messeniam,
1764 2723 1976 2764 Peloponnesi
1992 2724 2179 2765 regionem;
2203 2724 2260 2757 uhi

1232 2773 1324 2802 terrae
1336 2772 1426 2811 parte
1442 2770 1483 2801 ab
1499 2770 1614 2802 incolis
1628 2772 1759 2811 accepta
1769 2794 1778 2810 ‚
1799 2770 1919 2810 Pylum
1941 2769 2098 2802 condidit.
2115 2771 2260 2803 Uxorem

1230 2816 1324 2848 duxit
1349 2817 1546 2856 Chloridem,
1563 2819 1670 2848 natam
1687 2817 1878 2858 Amphionis
1889 2840 1898 2856 ,
1915 2817 1971 2857 qui
1987 2816 2051 2848 Iasi
2063 2816 2148 2849 filius
2171 2819 2258 2857 erat,

1229 2871 1268 2894 ex
1286 2864 1498 2904 Persephone,
1513 2864 1632 2904 Minyae
1647 2863 1711 2895 filia
1728 2874 1735 2895 :
1751 2873 1809 2896 nec
1829 2864 1936 2896 solum
1950 2863 2064 2904 Pyliis,
2089 2863 2147 2896 sed
2161 2863 2258 2897 etiam
2317 2883 2320 2890 =

1227 2911 1453 2943 Orchomeniis
1466 2910 1649 2952 imperavit,
1662 2911 1811 2952 vixitque
1825 2910 1926 2943 beate.

1710 2976 1772 3008 57.

1269 3034 1396 3072 Neleus,
1414 3033 1554 3074 Neptuni
1569 3032 1666 3071 filius,
1683 3033 1760 3065 artis
1780 3033 1938 3073 equestris
1951 3033 2097 3064 omnium
2111 3033 2168 3073 qui
2183 3037 2255 3074 ejus

1226 3082 1320 3112 aetate
1337 3080 1437 3111 vitam
1451 3079 1588 3119 agebant
1611 3079 1835 3120 peritissimus,
1856 3080 1889 3110 in
1903 3080 1976 3111 Elin
1992 3079 2080 3111 misit
2095 3088 2197 3120 equos
2211 3080 2254 3112 ad

1227 3130 1398 3165 certamen,
1417 3126 1505 3167 quod
1518 3129 1642 3166 Augeas
1656 3126 1838 3158 celebravit.
1854 3128 1922 3158 Hos
1934 3125 2103 3158 victoriam
2118 3127 2254 3168 adeptos

1228 3175 1363 3206 abstulit
1381 3177 1506 3214 Augeas
1523 3174 1644 3205 invidia
1659 3176 1842 3205 commotus
1854 3198 1862 3213 ‚
1882 3173 2008 3213 aurigas
2028 3182 2105 3205 vero
2129 3173 2252 3205 dimisit
2316 3202 2320 3204 .

1226 3222 1344 3254 laboris
1364 3221 1468 3253 fructu
1484 3223 1639 3252 carentes.
1656 3221 1750 3258 Quod
1770 3229 1872 3261 quum
1886 3220 2090 3261 cognovisset
2106 3220 2222 3253 Neleus
2241 3244 2251 3260 ,

1225 3269 1270 3300 nil
1292 3269 1446 3300 adversus
1477 3267 1570 3299 illum
1591 3267 1723 3299 molitus
1744 3270 1815 3299 est:
1839 3267 1897 3299 sed
1919 3269 2058 3307 Nestor,
2080 3269 2150 3307 ejus
2167 3266 2251 3299 filius

1225 3319 1303 3347 natu
1318 3315 1484 3353 minimus,
1501 3317 1612 3346 coacto
1624 3314 1766 3347 exercitu
1783 3314 1856 3346 Elin
1870 3316 2105 3355 aggressusest,
2126 3313 2250 3346 multis‘·

1224 3371 1287 3403 que
1301 3361 1393 3393 caesis
1411 3361 1528 3402 recepit
1543 3370 1656 3402 equos;
1675 3362 1772 3402 atque
1786 3361 1928 3402 praedam
1945 3360 1985 3393 de
1998 3360 2148 3393 hostibus
2160 3368 2248 3401 cepe-

1224 3411 1298 3441 runt
1315 3418 1378 3440 non
1392 3409 1552 3449 exiguam.
