2320 3684
865 161 1062 201 EPHORI
1091 162 1422 205 FRAGMENTA.

91 246 222 301 χώρας.
257 244 424 301 Δεύτερον
459 245 522 295 δὲ,
557 245 603 283 τὰ
637 243 718 298 περὶ
751 243 816 292 τὴν
859 248 921 283 τοῦ
958 244 1122 300 διαφόρου

91 305 254 357 τίμησιν·
273 301 316 354 ἧς
333 307 380 350 εἷς
400 303 498 348 τέλος
515 303 683 355 ἀδοκίμου
699 303 784 357 παρ’
806 304 922 348 αὐτοῖς
940 304 1123 358 ὑπαρχού-

91 381 174 415 σης,
194 366 302 439 ἄρδην
320 366 359 403 ἐκ
378 367 440 411 τῆς
454 362 630 406 πολιτείας
646 364 841 417 ἄνῃρησθαι
861 363 1046 415 συμὸαίνει
1059 363 1123 411 τὴν

91 424 171 479 περὶ
201 424 241 463 τὸ
272 426 391 462 πλεῖον
427 422 487 461 καὶ
521 421 710 461 τοῦλαττον
744 422 958 496 φιλοτιμίαν.
992 422 1123 477 Τρίτον

90 485 189 536 παρὰ
204 481 493 533 Λακεδαιμονίοις
506 482 537 519 οἱ
552 482 615 532 μὲν
633 482 786 533 βασιλεῖς
802 477 946 520 ἀιδιον”
926 496 1047 534 εχουσι
1059 480 1123 528 τὴν

92 541 219 616 ἀρχὴν,
238 544 270 580 οἱ
287 540 324 579 δὲ
337 539 680 602 προσαγορευόμενοι
701 539 868 594 Γέροντες
884 540 940 579 διὰ
965 540 1062 593 βίου,
1080 540 1124 578 δι’

90 593 139 639 ων
155 600 216 639 καὶ
238 600 315 652 μεθ’
333 603 382 639 ὧν
399 598 518 638 πάντα
543 598 732 653 χειρίζεται
755 598 800 638 τὰ
822 600 913 638 κατὰ
934 598 998 647 τὴν
1019 601 1124 638 πολι-

89 658 198 698 τείαν.

145 715 252 771 Παρὰ
266 715 302 755 δὲ
319 719 538 772 Κρηταιεῦσι
554 716 671 756 πάντα
684 716 818 761 τούτοις
833 717 984 773 ὑπάρχει
1000 720 1126 758 τάναν-

91 775 168 814 τία·
200 775 264 823 τήν
300 792 339 815 τε
362 774 429 831 γὰρ
462 774 583 830 χώραν
602 774 693 815 κατὰ
713 775 859 828 δύναμιν
889 778 1004 821 αὐτοῖς
1029 779 1122 833 ἐφιᾶ-

90 852 145 876 σιν
183 839 216 876 οῑ
250 835 370 890 νόμοι,
402 837 442 876 τὸ
480 837 521 885 δὴ
546 836 750 889 λεγόμενον,
787 838 835 881 εἷς
862 836 1003 892 ἄπειρον
1039 845 1125 876 κτᾶ-

89 899 191 936 σθαι·
230 895 271 935 τό
304 913 343 935 τε
374 896 536 951 διάφορον
563 895 790 947 ἐκτετίμηται
812 896 896 951 παρ’
925 898 1042 941 αὐτοῖς
1066 897 1123 936 ἐπὶ

89 961 269 1007 τοσοῦτον,
286 957 378 997 ὥστε
400 957 449 1010 μὴ
468 956 572 1009 μόνον
600 956 810 1030 ἀναγκαίαν,
836 956 927 996 ἀλλὰ
953 957 1013 996 καὶ
1032 960 1123 997 καλ-

88 1015 212 1064 λίστην
251 1009 340 1055 εἶναι
375 1018 487 1056 δοκεῖν
523 1015 587 1064 τὴν
624 1014 749 1055 τούτου
782 1018 921 1063 κτῆσιν.
958 1017 1122 1056 Καθόλου

89 1075 119 1113 δ’
134 1078 155 1114 ὁ
181 1075 261 1130 περὶ
287 1075 349 1123 τὴν
377 1074 663 1130 αἰσχροκέρδειαν
687 1075 747 1114 καὶ
775 1074 975 1121 πλεονεξίαν
999 1076 1125 1131 τρόπος

87 1133 198 1179 οὕτως
227 1135 451 1189 ἐπιχωριάζει
478 1135 563 1188 παρ’
601 1135 734 1183 αὐτοῖς,
766 1133 857 1173 ὥστε
883 1134 980 1189 παρὰ
1008 1134 1125 1187 μόνοις

90 1195 309 1248 Κρηταιεῦσι
330 1196 400 1233 τῶν
428 1194 593 1234 ἁπάντων
618 1192 809 1246 ἀνθρώπων
840 1193 949 1245 μηδὲν
977 1194 1122 1248 αἰσχρὸν

87 1252 288 1304 νομίζεσθαι
318 1253 448 1307 κέρδος.
476 1253 547 1292 Καὶ
565 1252 635 1304 μὴν
655 1252 700 1291 τὰ
719 1251 810 1291 κατὰ
834 1253 896 1296 τὰς
919 1252 1029 1307 ἀρχὰς
1044 1253 1125 1292 ἐπέ-

89 1327 165 1350 τεια
177 1312 262 1365 παρ’
278 1313 393 1356 αὐτοῖς
407 1314 495 1358 ἐστι,
510 1312 570 1350 καὶ
586 1310 848 1364 δημοκρατικὴν
863 1311 937 1364 ἔχει
957 1312 1122 1352 διάθεσιν.

87 1369 198 1410 Ὥστε
231 1371 402 1414 πολλάκις
435 1371 632 1424 διαπορεῖν,
657 1373 731 1414 πῶς
750 1373 835 1422 ἡμῖν
861 1371 941 1425 περὶ
959 1374 1029 1410 τῶν
1058 1370 1123 1419 τὴν

88 1430 247 1468 ἐναντίαν
268 1431 369 1483 φύσιν
387 1428 553 1482 ἐχόντων,
571 1431 619 1473 ὡς
637 1429 772 1468 οἰκείων
796 1429 856 1468 καὶ
873 1433 1047 1482 συγγενῶν
1062 1431 1124 1470 ὅν-

87 1504 157 1526 των
189 1488 355 1535 ἀλλήλοις
379 1487 620 1540 ἐξηγγέλκασι.
664 1488 736 1527 Καὶ
774 1488 884 1541 χωρὶς
914 1493 976 1527 τοῦ
1007 1505 1123 1544 παρα-

88 1546 230 1586 ὅλέπειν
250 1546 312 1591 τὰς
331 1546 545 1596 τηλικαύτας
562 1546 747 1602 διαφορὰς,
772 1547 831 1586 καὶ
848 1547 958 1587 πολὺν
982 1549 1025 1597 δή
1043 1565 1123 1588 τινα

86 1605 189 1658 λόγον
210 1607 245 1645 ἐν
266 1606 445 1660 ἐπιμέτρῳ
465 1606 698 1655 διατίθενται,
727 1613 936 1660 φάσκοντες,
955 1607 1014 1646 τὸν
1043 1610 1121 1647 Au·-

86 1667 233 1719 κοῦργον
255 1665 358 1717 μόνον
376 1681 445 1704 των
465 1664 657 1717 γεγονότων
674 1663 720 1726 τηόι
737 1681 929 1718 συνεχοντα
944 1669 1121 1721 τεθεωρη-

86 1722 203 1763 κέναι·
239 1725 331 1763 δυοῖν
366 1723 433 1779 γὰρ
473 1724 597 1773 ὄντων,
621 1724 665 1762 δι’
681 1727 730 1763 ὧν
763 1724 1122 1776 σώζεταιπολίτευμα

86 1789 171 1832 πᾶν,
187 1785 251 1830 τῆς
262 1782 348 1837 πρὸς
365 1782 445 1826 τους
462 1783 651 1835 πολεμίους
675 1783 856 1838 ἀνδρείας,
876 1783 934 1822 καὶ
958 1786 1020 1832 τῆς
1036 1799 1122 1836 προς

85 1849 175 1897 σφᾶς
189 1843 313 1888 αὐτοὺς
330 1843 502 1896 ὁμονοίας·
520 1842 722 1899 ἀνῃρηκότα
735 1843 799 1892 τὴν
813 1843 1067 1894 πλεονεξίαν,“
1045 1860 1121 1905 αμα

84 1901 195 1954 ταύτῃ
216 1901 496 1957 συνανῃρηκέναι
514 1908 631 1940 πᾶσαν
661 1901 828 1957 ἐμφύλιον
860 1902 1027 1957 διαφορὰν
1059 1908 1119 1942 καὶ

86 1961 229 2000 στάσιν·
249 1956 273 2014 ᾗ
296 1960 356 2000 καὶ
381 1960 730 2013 Λακεδαιμονίους,’
714 1961 813 2006 εκτὸς
832 1962 935 2006 ὄντας
958 1965 1028 2001 τῶν
1049 1978 1119 2001 κα-

84 2023 156 2059 κῶν
183 2019 336 2070 τούτων,
368 2019 541 2059 κάλλιστα
569 2036 638 2059 των
658 2019 843 2068 Ἑλλήνων
863 2020 907 2059 τὰ
926 2021 1011 2075 πρὸς
1030 2028 1118 2075 σφᾶς

85 2153 166 2186 dum
199 2161 329 2186 necesse
350 2154 400 2186 est
429 2153 585 2186 obtinere.
616 2152 761 2186 Alterum
800 2156 850 2186 est
871 2154 957 2186 circa
972 2154 1119 2194 pecuniae

87 2202 121 2233 et
133 2200 321 2233 divitiarum
334 2201 582 2233 aestimationem
597 2210 604 2232 :
622 2209 698 2233 nam
712 2210 815 2242 quum
827 2201 914 2242 apud
925 2201 996 2233 illos
1009 2210 1119 2233 omms

86 2249 234 2290 pecuniae
247 2249 422 2280 auctoritas
440 2250 528 2281 esset
542 2249 683 2288 ademta,
699 2249 820 2288 evenit,
837 2251 874 2281 ut
886 2249 1051 2281 contentio
1064 2249 1119 2281 illa

87 2295 236 2328 funditus
260 2304 278 2327 e
293 2295 423 2327 civitate
444 2294 625 2336 deleretur,
648 2305 723 2336 quae
743 2304 785 2327 ex
805 2304 845 2328 eo
860 2296 942 2328 solet
963 2305 1093 2328 manare
1109 2319 1119 2335 ,

85 2343 175 2384 quod
207 2342 280 2384 plus
319 2344 469 2376 minusve
494 2343 612 2384 aliquis
640 2343 815 2384 possideat.
862 2344 994 2381 Tertio,
1031 2344 1116 2385 apud

87 2390 353 2423 Lacedaemonios
368 2400 457 2432 reges
470 2391 627 2432 liberique
640 2391 786 2432 ipsorum
810 2395 1003 2433 perpetuum
1020 2392 1118 2434 impe-

85 2437 170 2470 rium
191 2438 332 2478 habent;
357 2438 414 2479 qui
435 2447 512 2471 vero
534 2439 686 2471 dicuntur
711 2440 821 2478 Senes,
844 2439 950 2480 quoad
973 2439 1090 2471 vivunt
1108 2449 1116 2471 τ

85 2487 182 2526 atque
209 2484 263 2517 isti
285 2488 364 2517 sunt
381 2509 390 2525 ,
406 2495 549 2526 quorum
575 2485 729 2527 auspiciis
756 2489 788 2519 et
811 2486 959 2519 consiliis
987 2486 1118 2527 publica

83 2532 193 2566 omnia
207 2532 336 2573 negotia
352 2534 542 2565 tractantur.

125 2579 223 2621 Atqui
246 2579 333 2621 apud
355 2582 526 2613 Cretenses
558 2581 718 2613 contraria
745 2581 862 2613 horum
901 2581 979 2613 sunt
993 2581 1113 2613 omnia.

82 2627 164 2659 Nam
196 2628 228 2659 et
260 2627 327 2668 agri
351 2627 486 2659 modum
527 2637 585 2669 pro
608 2628 768 2669 cujusque
794 2628 920 2660 viribus
939 2628 1116 2670 producere

83 2674 117 2706 in
132 2674 306 2715 infinitum,
323 2675 409 2716 quod
424 2676 529 2715 aiunt,
554 2685 610 2717 per
625 2673 711 2717 leges
736 2676 853 2718 cuique
879 2677 977 2709 licet:
1000 2679 1034 2710 et
1063 2686 1115 2718 pe-

83 2721 178 2754 cunia
207 2722 295 2763 apud
324 2723 384 2754 hos
411 2723 491 2755 adeo
518 2723 556 2755 fit
586 2724 713 2765 magni,
743 2725 779 2756 ut
810 2733 875 2756 non
889 2724 995 2756 solum
1010 2733 1116 2756 neces-

86 2769 181 2808 saria,
195 2778 309 2801 verum
319 2770 416 2801 etiarn
427 2770 656 2803 honestissima
666 2773 837 2804 censeatur
849 2772 918 2812 eJus
929 2772 1112 2813 acquisitio.

83 2814 227 2855 Denique
258 2815 380 2848 sordidi
407 2818 562 2858 avarique
595 2827 702 2850 mores
735 2818 817 2851 adeo
830 2818 916 2860 apud
936 2818 1009 2851 illos
1034 2819 1115 2851 obti-

83 2863 180 2901 nent,
193 2864 230 2894 ut
245 2871 285 2894 ex
300 2863 452 2896 omnibus
469 2865 656 2898 hominibus
676 2866 763 2898 solos
779 2868 950 2898 Cretenses
973 2866 1015 2898 sit
1031 2866 1116 2899 inve-

83 2908 162 2948 nire,
179 2909 265 2950 apud
279 2919 361 2951 quos
389 2911 513 2943 nullum
538 2912 666 2944 lucrum
695 2915 788 2955 turpe
814 2915 995 2946 censeatur.
1019 2916 1114 2945 Acce·

84 2954 142 2995 dit,
158 2956 247 2996 quod
261 2957 490 2998 magistratus
483 2968 517 2990 1n
538 2962 634 2992 Creta
650 2962 727 2992 sunt
742 2961 862 3001 annui,
878 2963 910 2992 et
923 2960 1020 2992 facies
1033 2961 1112 3002 reip.

22 3007 24 3009 ’
84 3004 270 3044 popularem
301 3007 423 3038 statum
452 3007 559 3038 refert.
603 3010 717 3048 Itaque
748 3017 834 3049 saepe
853 2984 950 3039 ¹nobis
970 3007 1003 3039 in
1026 3017 1114 3040 men-

83 3049 149 3081 tem
171 3051 270 3082 venit
282 3051 447 3091 dubitare,
472 3053 637 3093 quomodo
653 3063 724 3094 res,
748 3053 943 3086 contrariam
963 3055 1113 3086 naturam

84 3096 225 3134 sortitas,
239 3098 441 3138 prodiderint
448 3108 519 3131 esse
532 3100 644 3132 affines
660 3100 743 3132 inter
754 3109 788 3132 se
799 3102 898 3141 atque
911 3101 1112 3141 conjunctas.

84 3143 147 3180 Qui
176 3147 292 3184 praeter
314 3144 412 3185 illud,
445 3146 533 3186 quod
570 3149 677 3178 tantas
711 3147 809 3179 hasce
823 3147 1029 3179 diversitates
1047 3156 1112 3178 non

84 3189 398 3231 animadverterunt,
425 3192 520 3231 longa
535 3193 667 3234 insuper
692 3194 839 3226 oratione
854 3194 1041 3235 disputant,
1067 3194 1112 3225 di-

83 3241 211 3277 centes,
225 3239 331 3272 solum
346 3240 431 3273 inter
446 3251 560 3274 omnes
577 3242 730 3275 mortales
745 3245 929 3284 Lycurgum
939 3266 948 3282 ,
970 3252 1044 3284 quae
1063 3252 1111 3275 es·

84 3288 156 3316 sent
183 3286 365 3328 praecipua,
405 3288 539 3322 vidisse.
582 3292 691 3327 Quum
716 3291 803 3322 enim
841 3290 948 3322 omnis
994 3290 1111 3322 civitas

84 3330 213 3363 duobus
229 3332 320 3366 hisce
341 3334 562 3376 contineatur,
589 3336 778 3369 fortitudine
798 3336 955 3369 adversus
976 3336 1086 3367 hostes
1101 3359 1110 3374 ,

83 3386 243 3411 consensu
257 3379 339 3413 iuter
350 3380 461 3414 cives:
482 3384 668 3424 Lycurgum
696 3383 800 3424 aiunt,
821 3391 924 3425 quum
939 3382 1107 3415 avaritiam

2134 176 2210 211 253

1178 249 1301 294 αὐτους
1331 249 1574 290 πολιτεύεσθαι
1601 250 1661 290 καὶ
1692 258 1900 307 συμφρονεῖν
1931 254 2056 296 ταύτά.
2087 257 2211 295 Ταῦτα

1179 308 1211 346 δ’
1229 310 1505 363 ἀποφηνάμενοι,
1524 310 1583 350 καὶ
1598 314 1803 365 θεωροῦντες
1818 314 1858 351 ἐκ
1874 313 2098 367 παραθέσεως
2115 317 2213 370 Κρη-

1178 373 1286 411 ταιεῖς
1304 369 1360 407 διὰ
1377 369 1441 417 τὴν
1458 369 1609 425 ἔμφυτον
1634 371 1732 426 σφίσι
1756 371 1992 418 πλεονεξίαν’
1977 389 2012 411 εν
2031 373 2214 418 πλείσταις

1179 425 1252 464 ἷδία
1270 426 1329 465 καὶ
1349 429 1440 467 κατὰ
1458 429 1572 468 κοινὸν
1594 430 1739 469 στάσεσι
1757 430 1817 470 καὶ
1842 431 1956 486 φόνοις
1970 433 2030 471 καὶ
2046 433 2213 485 πολέμοις

1180 485 1359 558 ἐμφυλίοις
1382 490 1624 543 ἀναστρεφομε
1616 489 1702 533 ’ςνου
1715 489 1824 539 ,οὐδὲ
1809 506 1843 528 εν
1861 490 1991 530 οἴονται
2018 492 2103 546 πρὸς
2123 498 2214 547 σφᾶς

1180 547 1280 582 εἰναι·
1296 547 1460 599 θαρροῦσι
1476 547 1511 586 δὲ
1522 547 1650 599 λέγειν,
1663 550 1708 593 ὣς
1719 549 1896 601 ὃμοίων”
1874 566 1985 589 οντων
2015 553 2084 590 τῶν
2108 553 2214 590 πολι-

1179 603 1375 654 τευμάτων.
1391 605 1436 644 Ὁ
1453 606 1483 643 δ’
1513 605 1686 660 Ἔφορος,
1706 608 1814 662 χωρὶς
1837 611 1907 648 τῶν
1925 609 2126 660 ὀνομάτων,
2152 611 2212 650 καὶ

1179 668 1254 705 ταῖς
1265 662 1378 708 λέξεσι
1389 663 1560 717 κέχρηται
1570 672 1647 709 ταῖς
1664 668 1796 716 αὐταῖς,
1813 667 1900 722 ὑπὲρ
1912 668 2078 723 ἑκατέρας
2092 669 2213 708 ποιού-

1181 737 1282 773 μενος
1299 725 1361 770 τῆς
1377 723 1554 767 πολιτείας
1567 724 1743 776 ἐξήγησιν·
1762 725 1866 775 ὥστε,
1884 726 1916 765 εἴ
1926 743 1978 771 τις
1995 727 2044 779 μὴ
2061 733 2131 771 τοῖς
2145 744 2213 767 κυ-

1182 780 1265 835 ρίοις
1278 779 1426 833 ὀνόμασι
1442 781 1624 836 προσέχοι,
1636 783 1727 822 κατὰ
1747 785 1881 835 μηδένα
1897 785 2025 840 τρόπον
2043 786 2085 825 ἂν
2104 786 2213 826 δύνα-

1182 843 1263 878 σθαι
1296 841 1498 893 διαγνῶναι,
1531 842 1610 896 περὶ
1648 843 1817 898 ὁποτέρας
1855 851 2008 884 ποιεῖται
2033 844 2097 894 τὴν
2130 845 2211 894 διή-

1181 915 1342 1011 γηίἕνὲῑ.
1363 959 1493 999 Schol.
1515 960 1624 998 Pind.
1659 962 1770 1011 Pyth.
1802 965 1833 1010 I,
1865 976 1957 1000 120:
1977 961 2094 1002 Ἔνιοι
2111 961 2147 1002 δὲ
2172 963 2214 1003 τὸ

1181 1017 1342 1061 “Υλλίδος
1369 1017 1526 1069 στάθμας
1551 1021 1614 1065 τῆς
1641 1019 1844 1074 Λυκούργου
1871 1021 1955 1074 φασὶ
1988 1022 2214 1073 νομοθεσίας·

1180 1071 1278 1121 οὗτος
1295 1076 1363 1131 γὰρ
1382 1076 1563 1121 ἑνδέκατός
1581 1079 1674 1116 ἐστιν
1694 1078 1764 1117 ἀπὸ
1784 1078 2010 1132 εΗρακλέους,
2030 1082 2076 1124 ὡς
2093 1081 2212 1135 Ἔφο-

1182 1151 1238 1190 ρος
1255 1138 1397 1190 ἱστορεῖ.
1413 1140 1475 1175 Dev
1489 1145 1614 1176 morte
1636 1138 1803 1188 Lycurgi
1824 1139 1961 1177 AElian.
1975 1143 2021 1177 V.
2042 1143 2087 1178 H.
2102 1143 2212 1189 XIII,

1182 1197 1229 1233 23
1250 1194 1427 1249 εἜφορος
1454 1195 1558 1235 αὐτὸν
1594 1197 1690 1249 λιμῷ
1721 1196 2043 1251 διακαρτερήσαντα
2061 1199 2095 1237 ἐν
2120 1202 2212 1253 φυγῇ

1181 1255 1367 1293 ἀποθανεῖν
1385 1253 1491 1306 λέγει.

1667 1344 1730 1381 65.

1235 1430 1429 1470 Diodorus
1460 1432 1534 1470 Sic.
1555 1434 1599 1476 V,
1626 1432 1695 1476 64:
1713 1429 1828 1470 Ἔνιοι
1860 1431 1892 1470 δ’
1917 1433 2133 1486 ἱστοροῦσιν,
2164 1427 2212 1472 ὧν

1181 1490 1255 1527 ἐστι
1273 1489 1333 1528 καὶ
1357 1489 1530 1544 Ἔφορος,
1560 1489 1640 1534 τοὺς
1670 1490 1816 1533 Ἰδαίους
1836 1490 2038 1535 Δακτύλους
2053 1491 2214 1543 γενέσθαι

1180 1547 1244 1599 μὲν
1264 1547 1355 1586 κατὰ
1374 1548 1438 1596 τὴν
1455 1546 1552 1596 Ἴδην
1571 1548 1634 1596 τὴν
1655 1550 1690 1587 ἐν
1706 1549 1868 1603 Φρυγίᾳ,
1887 1549 2051 1597 διαὸἦναι
2071 1549 2107 1588 δὲ
2126 1550 2216 1602 μετὰ

1180 1607 1320 1651 Μίνωος
1351 1609 1398 1651 εἷς
1435 1607 1498 1655 τὴν
1530 1603 1726 1662 Εὐρώπην·
1748 1608 1967 1662 ὑπάρξαντας
1996 1607 2032 1647 δὲ
2063 1608 2214 1661 γόητας,

1179 1667 1405 1714 ἐπιτηδεῦσαι
1421 1667 1483 1711 τάς
1499 1683 1538 1705 τε
1556 1666 1692 1720 ἐπῳδὰς
1710 1667 1770 1705 καὶ
1784 1667 1924 1711 τελετὰς
1939 1667 1999 1706 καὶ
2023 1668 2214 1722 μυστήρια,

1178 1726 1238 1765 καὶ
1262 1726 1342 1780 περὶ
1368 1725 1607 1780 Σαμοθρᾴκην
1642 1726 1908 1780 διατρίψαντας,
1936 1727 1975 1765 οὗ
2004 1727 2152 1781 μετρίως
2177 1729 2213 1766 ἐν

1177 1784 1310 1829 τούτοις
1329 1785 1535 1832 ἐκπλήττειν
1550 1784 1630 1828 τοὺς
1648 1785 1848 1838 ἐγχωρίους.
1870 1785 1960 1823 Καθ’
1976 1784 2013 1823 δν
2031 1785 2072 1832 δὴ
2089 1784 2213 1839 χρόνον

1177 1844 1237 1883 καὶ
1257 1844 1315 1883 τὸν
1339 1843 1497 1899 Ὀρφέα,
1523 1843 1624 1898 φύσει
1644 1842 1798 1898 διαφόρῳ
1821 1844 2105 1897 κεχορηγημένον
2129 1844 2215 1898 πρὸς

1177 1903 1319 1951 ποίησιν
1337 1903 1398 1942 καὶ
1424 1902 1612 1956 μελῳδίαν,
1628 1903 1788 1954 μαθητὴν
1810 1902 1971 1954 γενέσθαι
1988 1902 2140 1951 τούτων,
2153 1902 2213 1942 καὶ

1176 1964 1315 2016 πρῶτον
1336 1963 1384 2007 εἷς
1403 1961 1483 2007 τοὺς
1499 1961 1682 2010 ἽΞλληνας
1698 1960 1887 2014 ἐξενεγκεῖν
1908 1961 2048 2007 τελετὰς
2067 1961 2127 2000 καὶ
2147 1978 2214 2014 μυ-

1177 2020 1316 2074 στήρια.

1174 2153 1382 2194 sustulisset,
1411 2161 1542 2185 omnem
1568 2152 1666 2185 simul
1683 2152 1896 2185 domesticam
1913 2153 2150 2186 dissensionem
2171 2162 2209 2186 ac

1174 2200 1368 2232 seditionem
1398 2200 1438 2232 de
1463 2199 1630 2241 republica
1653 2199 1846 2231 sustulisse:
1887 2208 1925 2231 ac
1959 2201 2127 2241 propterea
2153 2201 2212 2232 La-

1174 2247 1412 2286 cedaemonios,
1435 2247 1498 2279 hac
1517 2249 1607 2288 peste
1629 2246 1779 2278 liberatos
1791 2269 1800 2285 ,
1817 2246 2048 2287 rempublicam
2065 2247 2211 2279 omnium

1174 2296 1364 2327 Graecorum
1376 2295 1533 2335 optimam
1547 2293 1676 2333 habere,
1687 2295 1720 2325 et
1727 2292 1936 2325 concordiam
1948 2294 2031 2326 inter
2045 2303 2079 2326 se
2091 2294 2208 2326 colere.

1174 2343 1256 2379 Quae
1294 2341 1351 2373 ubi
1380 2341 1646 2382 pronuntiarunt,
1675 2349 1777 2381 quum
1808 2349 1848 2372 ex
1867 2340 2106 2381 comparatione
2121 2341 2209 2372 intel-

1173 2389 1286 2430 ligant,
1302 2390 1489 2427 Cretenses,
1505 2387 1548 2419 ob
1563 2387 1692 2419 insitam
1708 2387 1827 2419 animis
1843 2387 1988 2428 ipsorum
2011 2387 2179 2419 avaritiam
2196 2411 2206 2427 ,

1172 2436 1256 2468 inter
1267 2435 1410 2477 privatas
1431 2435 1612 2467 discordias
1630 2435 1663 2467 et
1685 2434 1831 2475 publicas
1844 2434 2031 2474 seditiones,
2051 2435 2154 2466 caedes
2171 2443 2209 2466 ac

1172 2483 1256 2515 bella
1272 2482 1381 2515 civilia
1400 2481 1578 2523 plurimum
1592 2484 1729 2521 versari,
1743 2481 1823 2513 nihil
1840 2483 1951 2514 tamen
1967 2482 2028 2513 hoc
2045 2481 2086 2513 ad
2100 2491 2135 2513 se
2149 2491 2207 2522 pu-

1173 2532 1242 2562 tant
1261 2530 1431 2571 pertinere,
1450 2529 1637 2569 audentque
1653 2528 1826 2568 affirmare,
1851 2529 1972 2560 similes
1987 2537 2056 2560 esse
2068 2528 2205 2559 invicem

1172 2577 1268 2609 hasce
1295 2577 1510 2618 respublicas.
1540 2577 1691 2617 Ephorus
1726 2584 1804 2607 vero
1832 2576 1866 2607 in
1892 2575 2103 2607 describenda
2122 2577 2205 2607 utra-

1171 2633 1234 2665 que
1247 2624 1414 2665 republica
1424 2623 1540 2656 iisdem
1557 2623 1660 2655 etiam
1672 2622 1780 2654 verbis
1791 2626 1840 2654 est
1855 2631 1943 2661 usus,
1959 2620 2098 2662 propriis
2114 2621 2206 2653 dum-

1171 2674 1262 2703 taxat
1274 2671 1463 2703 nominibus
1481 2670 1628 2711 exceptis
1644 2680 1652 2709 ;
1681 2669 1721 2701 ad
1738 2678 1812 2710 quae
1835 2669 1862 2700 si
1883 2668 1957 2709 quis
1980 2668 2088 2699 minus
2107 2669 2206 2700 atten-

1171 2719 1269 2759 derit,
1287 2718 1328 2750 de
1344 2721 1419 2750 utra
1432 2718 1596 2758 loquatur,
1611 2716 1798 2757 dignoscere
1812 2715 1900 2746 nullo
1913 2715 2010 2746 modo
2032 2717 2139 2755 queat.

1213 2774 1242 2798 c.
1267 2767 1437 2806 Lycurgus
1459 2765 1537 2797 inde
1571 2764 1612 2795 ab
1649 2763 1787 2795 Hercule
1809 2762 2000 2794 undecimus
2030 2762 2093 2800 est,
2123 2763 2205 2794 teste

1169 2813 1312 2854 Ephoro.
1333 2833 1375 2839 --
1389 2813 1538 2853 Ephorus
1570 2810 1668 2849 dicit,
1689 2812 1870 2850 Lycurgum
1885 2809 1919 2841 in
1937 2808 2032 2841 exilio
2047 2808 2183 2850 periisse
2193 2831 2204 2848 ‚

1170 2862 1428 2901 perseverantem
1449 2859 1485 2891 in
1502 2858 1620 2890 inedia.

1655 2935 1718 2968 65.

1210 3004 1375 3043 Nonnulli,
1393 3004 1477 3035 inter
1491 3011 1575 3043 quos
1591 3003 1623 3034 et
1639 3001 1804 3042 Ephorus,
1819 3000 1924 3033 Idaeos
1946 3000 2100 3042 Dactylos
2116 3001 2202 3033 circa

1169 3052 1260 3084 Idam
1274 3051 1422 3091 Phrygiae
1438 3052 1584 3081 montem
1600 3048 1775 3087 habitasse,
1793 3049 1825 3080 et
1840 3056 1914 3080 cum
1931 3047 2039 3080 Minoe
2053 3048 2088 3080 in
2103 3050 2202 3080 Euro·

1168 3108 1244 3140 pam
1253 3098 1434 3136 transiisse,
1447 3098 1638 3128 memorant.
1651 3098 1693 3127 Et
1703 3104 1806 3136 quum
1818 3095 2067 3136 praestigiatores
2079 3098 2199 3136 essent,

1169 3144 1421 3177 incantamentis
1446 3146 1477 3176 et
1495 3143 1596 3175 sacris
1613 3142 1730 3175 ritibus
1755 3142 1983 3184 mysteriisque
2000 3151 2129 3184 operam
2149 3143 2201 3175 de·

1168 3193 1266 3230 disse,
1279 3193 1312 3223 et
1326 3191 1358 3222 in
1369 3191 1590 3222 Samothracia
1603 3191 1780 3229 versantes,
1796 3199 1862 3221 non
1874 3189 2068 3222 mediocrem
2081 3189 2199 3222 insula·

1167 3239 1217 3270 nis
1234 3243 1399 3278 stuporem
1424 3237 1616 3270 incussisse.
1637 3239 1710 3275 Quo
1735 3240 1879 3278 tempore
1900 3237 1998 3269 etiam
2023 3237 2172 3278 Orpheus
2188 3261 2197 3276 ‚

1169 3293 1266 3325 quem
1282 3284 1451 3316 excellenti
1477 3284 1606 3325 ingenio
1631 3283 1673 3316 ad
1698 3283 1811 3325 poesin
1836 3286 1869 3316 et
1892 3283 2063 3316 melodiam
2082 3285 2198 3315 natura

1166 3334 1374 3372 instruxerat,
1386 3333 1565 3374 discipulus
1578 3333 1694 3365 horum
1709 3332 1821 3372 fuisse,
1831 3333 2022 3374 primusque
2031 3333 2196 3366 initiorum

1166 3380 1358 3412 cerimonias
1385 3382 1418 3413 et
1439 3380 1594 3421 mysteria
1612 3380 1646 3413 in
1665 3379 1824 3412 Graeciam
1845 3379 2027 3413 traduxisse
2043 3379 2172 3412 dicitur.
