2320 3684
169 148 244 181 432

221 286 411 339 Porphyr.
443 289 503 325 De
519 283 752 323 abstinentia
771 283 839 322 lib.
866 286 926 333 11,
958 287 979 331 §
1011 283 1060 323 55
1085 299 1094 323 ε
1125 284 1198 323 Καὶ

167 343 466 397 Λακεδαιμονίους
483 342 588 397 φησὶν
608 345 627 381 ὁ
647 341 906 396 Ἀπολλόδωρος
924 344 975 396 τῷ
996 341 1093 396 Ἄρει
1106 342 1196 382 θύειν

170 404 363 458 ἄνθρωπον.

223 464 367 503 Eadem
393 462 662 501 Theodoretus
677 469 715 500 et
737 461 903 512 Cyrillus
922 461 1028 513 apud
1050 464 1195 500 Meurs.

166 522 325 561 Miscell.
346 524 489 559 Lacon.
513 523 571 568 11,
597 526 656 565 14.

216 639 342 679 Schol.
373 639 566 690 Aristoph.
605 642 702 677 Ran.
733 639 811 676 330
844 653 853 676 :
891 637 1063 692 Μυρσίνῳ
1112 653 1196 677 στε-

164 699 262 754 φάνῳ
281 700 532 750 ἐστεφανοῦντο
550 699 582 736 οἱ
606 696 846 749 μεμυημένοι,
864 698 952 750 οὐχ,
969 697 1016 741 ὥς
1035 713 1125 741 τινες
1138 713 1196 736 νο-

164 758 323 810 μίζουσι,
348 756 508 810 κισσίνῳ.
529 755 575 796 Ὁ
599 755 636 794 δὲ
657 755 915 811 Ἀπολλόδωρος
933 757 993 796 καὶ
1021 756 1100 801 τοὺς
1119 758 1195 797 Θε-

162 815 334 868 σμοθέτας
368 815 454 869 φησὶ
504 815 562 854 διὰ
607 819 707 854 τοῦτο
723 815 872 868 μυρσίνῃ
910 814 1110 870 στέφεσθαι,
1141 814 1195 855 ὅτι

161 874 295 919 οἰκείως
314 875 388 928 ἔχει
413 873 499 928 πρὸς
523 873 564 912 τὸ
588 873 694 928 φυτὸν
711 878 733 922 ἡ
753 873 846 924 θεὸς,
863 874 923 913 καὶ
941 874 994 914 ὅτι
1012 881 1081 919 τοῖς
1107 877 1196 928 χθο-

160 934 244 978 νίοις
273 933 459 987 ἀφιέρωτο.
477 951 492 968 «
510 933 705 972 Turbatus
723 943 780 972 est
803 934 899 972 ordo
918 935 1195 973 sententiarum

161 994 275 1045 hujus
295 994 430 1032 scholii
450 1009 459 1032 ε
480 993 606 1031 media
632 1001 721 1031 sunt
747 994 788 1031 in
806 993 920 1032 finem
939 993 1158 1044 rejicienda.
1177 1011 1193 1028 »

159 1055 336 1103 Heynius.

638 1104 701 1143 22.

211 1170 374 1209 Photius
401 1173 494 1208 Lex.
514 1171 615 1208 MS.:
635 1167 901 1220 Καλλιγένειαν.
935 1168 1194 1223 Ἀπολλόδωρος

160 1227 224 1280 μὲν
240 1228 304 1276 τὴν
323 1231 388 1280 γῆν
403 1241 411 1249 ·
431 1229 463 1266 οἱ
496 1226 532 1266 δὲ
566 1226 648 1271 Διὸς
684 1227 744 1266 καὶ
776 1227 964 1281 Δήμητρος
999 1227 1194 1281 θυγατέρα·

162 1286 417 1341 Ἀριστοφάνης
437 1286 609 1338 (Thesm.
629 1285 721 1338 306)
742 1285 778 1324 δὲ
791 1289 810 1325 ὃ
828 1286 983 1336 κωμικὸς
1001 1284 1140 1340 τροφόν.

212 1350 260 1385 V.
280 1351 410 1398 Intpp.
427 1347 475 1385 ad
494 1347 659 1397 Hesych.
677 1347 717 1384 in
734 1345 999 1398 Καλλιγένειαν.

212 1461 755 1515 ΗατροστειῐίοηεΑὒτόχθονες.
783 1461 1043 1516 Ἀπολλόδωρος
1064 1464 1100 1501 ἐν
1124 1469 1195 1507 τοῖς

157 1537 238 1576 περι
258 1523 360 1561 Θεῶν
387 1523 560 1570 κληθῆναι
580 1536 685 1575 φησιν
705 1519 832 1566 αὖτους
857 1520 1135 1597 αὖτόξῖθονας,
1118 1521 1194 1561 ἐπεὶ

157 1580 221 1629 τὴν
250 1580 388 1633 χθόνα,
413 1579 572 1619 τουτέστι
597 1578 661 1627 τὴν
686 1583 752 1632 γῆν
776 1579 888 1634 ἀργὴν
925 1596 1031 1619 ουσαν
1059 1582 1194 1634 πρῶτοι

157 1645 376 1699 εἰργάσαντο.

209 1705 355 1743 Eadem
373 1704 528 1751 Suidas‚
547 1717 626 1741 non
643 1704 773 1742 addita
793 1704 910 1743 fontis
928 1704 1075 1743 notitia.

209 1822 520 1895 Harpocration.
541 1820 703 1875 Κύρὸεις.
725 1820 876 1875 Κύρὸεις
894 1837 999 1875 φησιν
1020 1820 1193 1860 Απολλό-

157 1881 303 1935 δωρος’
288 1896 322 1919 εν
346 1887 417 1925 τοῖς
450 1880 530 1935 περι
559 1879 699 1920 Θεων”
679 1895 771 1932 εχειν
799 1879 1102 1953 ἐγγεγραμμένους
1114 1880 1193 1924 τοὺς

155 1937 292 1990 νόμους.
315 1933 420 1978 Εἶναι
444 1939 480 1977 δὲ
507 1937 630 1982 αὐτους
662 1938 777 1982 λίθους
802 1937 922 1991 ὀρθους
946 1941 1116 1983 ἑστῶτας·
1137 1938 1194 1983 οὓς

156 1998 226 2037 ἀπὸ
258 1996 320 2071 μὲν
349 2001 411 2046 τῆς
439 1997 596 2041 στάσεως
629 1997 778 2046 στήλας,
800 1997 870 2036 ἀπὸ
889 1997 924 2037 δὲ
950 2001 1012 2046 τῆς
1038 2000 1084 2041 εἰς
1109 1997 1193 2052 υψος

156 2056 377 2105 ἀνατάσεως,
408 2055 466 2094 διὰ
487 2056 528 2095 τὸ
559 2058 842 2110 κεκορυφωσθαι,
871 2055 1009 2110 κύρὸεις
1029 2057 1190 2097 ἐκάλουν.

155 2115 300 2169 ’Ὠσπερ
316 2115 375 2155 καὶ
390 2115 585 2169 κυρὸασίαν
599 2114 662 2163 τὴν
677 2114 735 2153 ἐπὶ
754 2118 818 2162 τῆς
832 2117 990 2169 κεφαλῆς
1008 2114 1190 2167 τιθεμένην

157 2174 371 2228 (τεθειμένην
391 2176 500 2213 Phot.
518 2179 626 2224 Lex.,
644 2174 712 2213 ubi
732 2175 865 2214 eadem
884 2176 964 2214 fere
983 2175 1190 2228 leguntur).

210 2235 337 2272 Idem:
350 2234 395 2274 ‘O
411 2234 566 2272 κάτωθεν
578 2233 682 2286 νόμος
693 2265 703 2283 ,
778 2232 831 2272 ὅτι
849 2232 919 2287 γὰρ
934 2233 1190 2287 βουστροφηδὸν

155 2287 244 2341 ἦσαν
264 2295 295 2332 οἵ
316 2292 432 2338 ἄξονες
444 2293 503 2332 καὶ
517 2295 548 2331 οἳ
565 2292 704 2347 κύρὸεις
718 2292 976 2347 γεγραμμένοι,
996 2292 1190 2340 δεδήλωκεν

156 2351 341 2407 Εὐφορίων
361 2354 397 2390 ἐν
417 2354 467 2405 τῷ
489 2351 751 2405 Ἀπολλοδώρῳ.

196 2530 462 2564 Lacedaemonios
483 2529 700 2572 Apollodorus
721 2529 799 2562 dicit
820 2529 916 2563 Marti
936 2529 1116 2563 sacrificare
1136 2530 1190 2563 ho-

154 2579 271 2612 mines.

640 2625 703 2659 21.

196 2681 304 2720 Myrto
314 2702 323 2719 ‚
339 2687 406 2711 non
422 2687 500 2711 vero
518 2677 655 2717 hedera,
671 2679 709 2709 ut
725 2677 874 2710 nonnulli
890 2678 1026 2718 putant,
1043 2678 1188 2710 coronati

154 2730 246 2760 erant
273 2726 402 2760 initiati.
433 2725 647 2768 Apollodorus
675 2733 754 2757 vero
783 2725 1030 2757 Thesmothetas
1057 2733 1188 2766 quoque

155 2775 234 2807 dicit
259 2775 368 2815 myrto
395 2773 552 2814 coronari,
570 2772 648 2814 quia
658 2772 730 2805 hoec
755 2772 866 2813 planta
889 2771 1094 2813 peculiariter
1120 2781 1187 2813 per-

155 2822 256 2855 tineat
273 2822 316 2854 ad
334 2823 483 2854 Cererem
498 2822 596 2862 atque
611 2820 674 2852 diis
688 2819 801 2852 inferis
813 2819 995 2852 consecrari
1008 2818 1143 2851 solebat.

197 2926 403 2968 Calligeniam
426 2926 641 2968 Apollodorus
660 2924 740 2957 dicit
762 2924 942 2965 Tellurem,
965 2923 1018 2956 alii
1039 2923 1133 2956 Jovis
1154 2925 1187 2956 et

155 2974 280 3006 Cereris
302 2973 420 3014 filiam,
445 2974 675 3015 Aristophanes
697 2971 843 3004 comicus
866 2970 990 3004 Cereris
1011 2970 1182 3004 nutricem.

198 3078 414 3119 Apollodorus
435 3079 469 3111 in
491 3078 582 3111 libris
610 3077 651 3110 de
667 3077 736 3110 Diis
759 3077 972 3110 Athenienses
994 3076 1183 3118 αὐτόχθονας

157 3127 290 3158 vocatos
306 3135 378 3158 esse
397 3126 521 3166 scribit,
539 3126 614 3166 quia
635 3126 689 3163 τήν
704 3124 799 3166 χθόνα
810 3149 819 3164 ,
835 3124 868 3157 id
885 3125 936 3157 est
952 3124 1070 3156 terram
1082 3146 1091 3163 ,
1108 3131 1183 3164 quae

155 3170 277 3204 inculta
292 3175 324 3204 et
339 3172 425 3205 iners
438 3172 585 3213 jacebat.
602 3171 697 3212 primi
713 3171 903 3204 coluissent.

198 3275 413 3317 Apollodorus
428 3277 462 3308 in
477 3276 568 3308 libris
591 3276 632 3309 de
647 3276 718 3308 Diis
745 3277 881 3309 testatur
896 3277 1015 3318 κύρόεις
1030 3275 1180 3308 habuisse

155 3324 241 3364 leges
256 3322 373 3355 incisas
392 3333 399 3354 :
417 3331 487 3356 esse
499 3324 607 3355 autem
621 3323 709 3364 ipsos
722 3323 846 3364 lapides
859 3323 1046 3355 arrectarios
1063 3333 1071 3354 :
1086 3324 1131 3355 ita
1143 3324 1182 3355 ut

155 3378 176 3402 a
190 3370 306 3403 stando
321 3371 442 3410 στῆλαι,
460 3370 546 3410 quod
555 3378 633 3402 vero
646 3370 681 3401 in
695 3379 830 3403 acumen
846 3370 1042 3411 desinerent,
1054 3369 1178 3403 averbo

890 137 1222 180 APOLLODORI
1249 140 1579 182 FRAGMENTA.

1310 286 1438 326 Schol.
1457 287 1658 339 Aristoph.
1675 287 1723 326 ad
1738 286 1840 326 Nub.
1864 293 1961 336 447·
1977 287 2232 345 Ἀπολλόδωρος
2249 290 2288 331 δέ

1257 357 1343 396 φησι
1360 350 1477 384 πᾶσαν
1497 345 1670 397 δημοσίαν
1689 345 1826 399 γραφὴν
1842 345 1902 385 καὶ
1926 346 2051 398 νόμους
2074 347 2196 403 κύρὸιν
2221 365 2287 388 κα-

1256 403 1410 442 λεῖσθαι·
1430 402 1484 442 ὅτι
1496 406 1528 443 οἱ
1549 406 1690 458 ἀρχαῖοι
1708 404 1820 449 λίθους
1839 404 2017 454 ἱστάντες,
2032 405 2073 446 τὸ
2089 405 2189 452 δόξαν
2204 406 2290 447 ἀνέ-

1256 476 1388 515 γραφον
1417 461 1476 506 οὓς
1502 463 1573 502 ἀπὸ
1597 462 1660 515 μὲν
1686 466 1749 511 τῆς
1776 463 1932 508 στάσεως
1963 463 2094 512 στήλας
2129 465 2289 516 ἐκάλουν,

1255 519 1395 573 κύρὸεις
1429 519 1465 559 δὲ
1496 521 1566 560 ἀπὸ
1591 525 1653 570 τῆς
1694 523 1741 566 εἷς
1778 521 1862 576 υψος
1892 523 2112 568 ἀνατάσεως·
2148 523 2288 579 ὕστερον

1256 578 1314 628 δὲ,
1332 577 1376 617 τὰ
1396 578 1482 624 ξύλα
1497 581 1742 632 λελευκωμένα
1759 581 1948 635 γράφοντες
1962 581 2090 632 ὁμοίως
2106 582 2290 624 ἐκάλεσαν.

1256 609 1390 691 desszc
1406 633 1465 677 ουν
1483 641 1506 686 ἡ
1523 638 1735 693 περιέχουσα
1747 640 1808 683 τὰς
1826 639 1920 693 ἱερὰς
1935 640 2071 694 γραφὰς
2084 641 2210 690 στηλη.

1309 698 1452 736 Eadem
1473 699 1607 739 iisdem
1627 700 1707 738 fere
1723 699 1851 738 verbis
1866 700 1992 738 Schol.
2023 701 2198 752 Apollon.
2220 704 2290 751 IV,

1257 757 1343 794 280.
1361 758 1541 796 Ceterum
1559 771 1605 796 ex
1622 759 1683 796 his
1700 772 1780 796 non
1794 767 1922 810 potest
1942 758 2146 809 dijudicari
2160 767 2289 798 utrum

1255 816 1394 854 Atticae
1410 815 1485 854 illae
1505 817 1696 854 columnae
1722 817 1882 868 lapideoe
1905 817 2050 855 fuerint
2068 830 2116 855 an
2141 817 2290 869 ligneae.

1254 875 1452 913 Posterius
1488 875 1642 914 aliunde
1684 875 1852 927 probare
1884 876 2014 915 studet
2052 876 2209 916 Preller.
2244 876 2292 915 ad

1255 933 1388 985 fragm.
1410 934 1588 986 Euphor.
1610 948 1649 986 p.
1668 935 1719 972 88
1738 948 1794 986 sq.

1307 1051 1465 1089 Suidas:
1487 1051 1651 1105 Κύρὸεις.
1667 1051 1759 1096 Τους
1785 1024 1935 1106 Κύρὸεις
1951 1052 2056 1107 φησὶν
2077 1052 2292 1094 Ἀπολλόδω-

1256 1124 1312 1163 ρος
1331 1109 1634 1163 ἐγγεγραμμένους
1652 1109 1744 1162 ἔχειν
1757 1109 1836 1153 τους
1857 1110 2002 1162 νόμους·
2021 1105 2110 1150 εἶναι
2124 1111 2161 1150 δὲ
2177 1110 2292 1156 λίθους

1254 1166 1372 1221 ὀρθους
1388 1170 1556 1219 ἑστῶτας,
1578 1170 1624 1211 ὡς
1655 1168 1724 1207 ἀπὸ
1743 1168 1805 1220 μὲν
1822 1185 1885 1216 της
1906 1169 2061 1214 στάσεως
2079 1170 2212 1218 στήλας
2226 1185 2291 1209 κα-

1255 1227 1391 1265 λεῖσθαι
1403 1257 1414 1276 ,
1435 1226 1506 1265 ἀπὸ
1525 1226 1562 1265 δὲ
1580 1229 1644 1274 τῆς
1663 1228 1710 1271 εἷς
1729 1227 1815 1281 υψος
1830 1227 2079 1282 παρατάσεως,
2097 1227 2154 1267 διὰ
2169 1228 2210 1268 τὸ
2228 1243 2293 1268 κε*

1255 1287 1503 1339 κορυφῶσθαι,
1520 1284 1679 1340 κύρὸεις·
1700 1284 1820 1340 ὥσπερ
1845 1286 1907 1325 καὶ
1931 1286 2124 1341 κυρὸασίαν
2149 1286 2213 1335 τὴν
2233 1287 2292 1327 ἐπὶ

1253 1347 1316 1392 τῆς
1335 1346 1489 1398 κεφαλῆς
1505 1344 1719 1398 τεθειμένην.

1308 1404 1412 1443 Idem
1441 1419 1558 1443 mox:
1579 1405 1728 1459 Κύρὸεις
1759 1399 1819 1445 οῧν
1838 1405 1935 1459 παρὰ
1964 1405 2005 1445 τὸ
2028 1408 2292 1461 κεκορυφῶσθαι

1255 1464 1303 1508 εἷς
1337 1462 1422 1517 ὕψος
1452 1464 1725 1516 ἀνατεταμένας.
1742 1463 1795 1504 Ἢ
1830 1464 1902 1504 ἀπὸ
1934 1467 2005 1504 τῶν
2034 1465 2293 1520 Κορυὸάντων·θ

1254 1523 1397 1562 ἐκείνων
1417 1522 1484 1577 γὰρ
1507 1522 1644 1578 εὕρημα
1661 1523 1747 1579 φησὶ
1766 1523 1827 1563 καὶ
1847 1523 2120 1579 Ἀπολλόδωρος.

1307 1583 1451 1621 Eadem
1469 1583 1596 1622 Schol.
1611 1583 1896 1623 adArist.Aves
1914 1584 2026 1630 1354.
2044 1583 2152 1623 Adde
2164 1584 2292 1624 photii

1253 1643 1383 1680 Lexic.
1397 1657 1405 1679 :
1419 1639 1569 1695 Κύρὸεις
1637 1641 1774 1696 εἴρηται
1793 1640 1828 1680 δὲ
1846 1641 1916 1681 ἀπὸ
1940 1646 2002 1681 τοῦ
2022 1644 2286 1698 κεκορυφῶσθαι

1254 1702 1301 1744 εἷς
1329 1699 1428 1754 ὕψος,
1448 1699 1471 1747 ἢ
1490 1702 1810 1755 κατεσκειρωσθαι,
1830 1703 1877 1744 ὡς
1901 1700 2173 1756 Ἀπολλόδωρος.
2194 1702 2291 1742 Θεό-

1253 1774 1404 1813 φραστος
1424 1757 1494 1797 δὲ
1475 1758 1545 1797 απὸ
1559 1775 1629 1798 των
1647 1761 1834 1820 Κρητικῶν
1855 1759 2113 1814 Κορυὸάντων·
2135 1777 2205 1800 των
2218 1759 2288 1815 γὰρ

1253 1817 1524 1872 Κορυὸαντικῶν
1539 1820 1641 1872 ἱερῶν
1661 1822 1731 1857 οἷον
1746 1818 1940 1872 ἀντίγραφα
1954 1818 2078 1863 αυτους
2091 1813 2191 1858 εἶναι.
2201 1819 2289 1870 Vid

1253 1877 1625 1930 Intpp.ad11esych
1643 1878 1683 1915 in
1702 1876 1860 1931 Κύρὸις,
1891 1886 1930 1916 et
1960 1879 2147 1917 Timaeum
2159 1879 2286 1922 Lexic,

1252 1937 1347 1975 Plat.
1366 1943 1404 1973 et
1421 1936 1576 1973 Ruhnk.
1590 1949 1627 1986 p.
1652 1950 1664 1972 1
1676 1949 1737 1984 70.

1305 1996 1496 2046 «Etymol.
1527 1999 1578 2036 M.
1615 1995 1846 2046 Apollodori
1895 1996 2169 2047 etymologiam
2209 2010 2289 2035 non

1254 2063 1462 2106 memorat3
1479 2054 1780 2107 Apollodoream
1799 2055 1990 2093 rationem
2002 2063 2047 2093 ut
2061 2056 2287 2106 assequaris,

1253 2113 1483 2162 tenendum,
1499 2127 1588 2151 eum
1615 2112 1761 2168 κορφὴν,
1792 2112 1940 2168 κυρφὴν,
1974 2114 2150 2162 flexisse,
2184 2113 2287 2153 unde

1251 2173 1372 2228 κύρὸις
1402 2176 1545 2213 factum
1579 2175 1650 2221 sit3
1685 2175 1799 2212 etiam
1830 2173 1940 2227 κόρση
1953 2205 1964 2223 ,
2004 2175 2036 2213 si
2061 2188 2153 2213 vera
2168 2174 2287 2213 habet

1250 2233 1417 2284 Etymol.
1431 2238 1478 2272 M.
1493 2234 1534 2272 in
1547 2232 1670 2287 κόρση,
1681 2247 1718 2271 v.
1734 2234 1833 2272 infra
1847 2234 1980 2284 Fragm.
1994 2233 2284 2284 Etymologico-

1251 2306 1350 2330 rum.
1367 2293 1440 2332 Sed
1453 2294 1748 2346 κατεσκειρῶσθαι
1765 2292 1858 2344 quid
1872 2293 1933 2341 sit,
1947 2301 2046 2330 etan
2060 2292 2285 2344 Apollodori

1251 2353 1313 2401 sit,
1328 2352 1465 2391 dubito
1477 2367 1486 2398 ;
1503 2352 1626 2391 videri
1643 2360 1773 2404 potest
1786 2351 1833 2390 ad
1846 2352 2043 2403 antiquam
2055 2365 2190 2390 vocem
2202 2366 2284 2390 σκι-

1247 2475 1400 2515 κορυφοῦν
1419 2473 1541 2515 κύρὸεις
1559 2473 1686 2504 vocatae
1699 2473 1818 2512 essent,
1835 2473 1874 2504 ut
1885 2473 1918 2504 et
1929 2471 2084 2515 κυρὸωσία
2099 2471 2282 2504 nominatur

1248 2519 1329 2551 tiara
1345 2519 1442 2560 capiti
1455 2519 1619 2560 imposita.

1287 2569 1423 2599 Axones
1444 2569 1478 2599 et
1504 2566 1627 2607 Cyrbes
1649 2565 1786 2607 scriptos
1807 2565 1908 2598 fuisse
1929 2565 2022 2598 lineis
2060 2565 2094 2598 in
2116 2573 2212 2607 gyros
2233 2572 2280 2598 re-

1245 2613 1383 2650 volutis,
1399 2613 1510 2646 docuit
1527 2613 1715 2655 Euphorion
1732 2613 1819 2654 apud
1837 2612 2078 2654 Apollodorum.

1287 2707 1501 2748 Apollodorus
1517 2706 1596 2739 dicit
1615 2715 1744 2739 omnem
1761 2706 1920 2738 actionem
1935 2705 2101 2747 publicam
2122 2707 2222 2747 atque
2236 2705 2278 2738 le·

1244 2762 1299 2795 ges
1321 2754 1475 2795 appellari
1497 2754 1633 2795 cyrbes,
1657 2753 1744 2794 quod
1768 2755 1893 2786 veteres
1912 2752 2040 2785 decreta
2060 2752 2279 2786 inscribebant

1244 2800 1407 2842 lapidibus
1417 2824 1427 2840 ,
1443 2809 1526 2841 quos
1541 2802 1666 2833 erectos
1681 2809 1700 2832 a
1716 2799 1855 2833 statione
1874 2798 2034 2831 vocabant
2055 2799 2188 2840 στήλας,
2204 2806 2277 2840 cyr-

1245 2847 1300 2879 bes
1315 2856 1411 2887 vero,
1427 2847 1513 2888 quod
1531 2847 1564 2879 in
1579 2848 1681 2880 altum
1699 2846 1884 2886 surgebant.
1903 2847 2026 2878 Verum
2041 2846 2155 2887 postea
2168 2845 2297 2890 ligna,

1243 2893 1420 2933 albefacta,
1442 2894 1562 2935 quibus
1583 2894 1623 2926 ad
1644 2894 1728 2926 hanc
1749 2902 1817 2925 rem
1840 2892 2026 2933 utebantur,
2049 2892 2196 2926 similiter
2217 2900 2273 2925 vo-

1243 2941 1370 2974 cabant
1385 2941 1505 2982 Cyrbis
1521 2941 1621 2982 igitur
1631 2941 1794 2980 columna,
1810 2948 1884 2980 quae
1897 2939 1982 2981 leges
1993 2947 2102 2972 sacras
2114 2938 2270 2973 continet.

1290 3040 1504 3082 Apollodorus
1530 3040 1609 3073 dicit
1633 3041 1664 3072 in
1695 3049 1712 3072 c
1714 3039 1852 3081 erzbus
1882 3039 1967 3080 leges
1994 3039 2095 3072 fuisse
2120 3038 2267 3080 scriptas,

1241 3095 1359 3128 easque
1374 3087 1474 3118 fuisse
1489 3086 1632 3127 lapideas
1641 3109 1651 3126 ,
1667 3089 1699 3118 et
1714 3088 1835 3118 erectas
1849 3086 1994 3126 stetisse3
2011 3086 2057 3118 ita
2068 3086 2107 3118 ut
2120 3094 2139 3118 a
2153 3084 2269 3118 stando

1240 3133 1370 3174 quidem
1392 3133 1629 3174 appellarentur
1650 3134 1778 3173 στῆλαι,
1802 3133 1922 3175 κύρὸεις
1944 3135 2070 3171 autem,
2092 3131 2179 3173 quod
2201 3139 2285 3173 surgv

1238 3182 1350 3221 gentes
1371 3180 1404 3212 in
1427 3188 1563 3212 acumen
1585 3179 1783 3220 desinerent,
1806 3180 1909 3212 instar
1929 3179 2021 3212 tiarae
2042 3179 2174 3220 eapitis,
2194 3184 2286 3220 quae·

1238 3227 1392 3270 κυρὸασία
1414 3228 1560 3259 vocatur.
2261 3242 2267 3247 -

1279 3275 1407 3317 Κύρὸεις
1429 3272 1526 3305 dictae
1548 3275 1648 3312 sunt,
1670 3273 1757 3313 quod
1771 3274 1935 3315 fastigium
1957 3274 2114 3305 earumin
2129 3278 2264 3304 acumen

1237 3319 1418 3360 desinebat;
1436 3319 1488 3352 vel
1503 3320 1543 3352 de
1565 3319 1825 3360 corybantibus,
1856 3328 1995 3360 quorum
2009 3319 2179 3352 inventum
2193 3323 2264 3350 esso

1236 3367 1352 3409 cyrbes
1368 3366 1581 3408 Apollodorus
1595 3375 1724 3407 quoque
1740 3369 1887 3400 testatur
