2320 3684
625 143 959 186 APOLLODORI
986 144 1343 188 BIBLIOTHECAE
1370 150 1444 201 111,
1474 156 1512 203 9,
1546 157 1606 191 10.

58 235 119 276 καὶ
152 236 188 275 ἐν
207 236 258 289 τῷ
275 234 333 273 ἐπὶ
355 233 468 287 Πελία
484 231 617 271 τεθέντι
639 231 749 282 ἀγῶνι
766 228 936 268 ἐπάλαισε
956 232 1091 280 Πηλεῖ,

59 294 120 334 καὶ
138 293 308 342 ἐνίκησεν.
330 293 562 344 5Ἀνευροΐίσα
580 288 617 327 δὲ
633 287 776 342 ὕστερον
794 286 875 331 τοὺς
894 287 1030 339 γονέας,
1045 291 1093 333 ὡς

60 356 79 392 ὁ
94 352 211 407 πατὴρ
228 357 353 404 γαμεῖν
374 349 483 397 αὐτὴν
503 347 652 396 ἔπειθεν,
671 348 825 385 ἀπιοῦσα
846 348 893 390 εἷς
912 347 1091 386 σταδιαῖον

59 410 180 461 τόπον,
197 410 256 449 καὶ
274 409 414 457 πήξασα
432 405 539 460 μέσον
558 405 716 445 σκόλοπα
728 405 917 459 τρίπηχυν,
937 407 1092 444 ἐντεῦθεν

60 472 130 509 τῶν
152 466 442 522 μνηστευομένων
466 464 546 509 τοὺς
565 463 712 519 δρόμους
730 470 910 518 προϊεῖσα,
928 463 1094 524 ἐτρόχαζε

59 525 354 579 καθωπλισμένη·
373 525 434 565 καὶ
459 522 720 578 καταληφθέντι
740 522 805 576 μὲν
831 525 927 578 αὐτῷ
947 524 1095 568 θάνατος

60 586 239 642 ὠφείλετο·
248 584 298 638 μὴ
309 582 569 638 καταληφθέντι
580 582 616 621 δὲ
630 582 754 635 γάμος.
768 580 888 630 6Ἢδη
905 581 944 633 δὲ
952 583 1093 622 πολλῶν

62 643 327 693 ἀπολλυμένων,
347 641 549 684 Μειλανίων
565 644 673 689 αὐτῆς
686 642 843 696 ἐρασθεὶς
857 636 941 689 ἧκεν
957 641 1014 680 ἐπὶ
1033 641 1093 680 τὸν

61 703 202 760 δρόμον,
221 703 355 758 χρύσεα
378 703 476 754 μῆλα
495 700 650 753 κομίζων
674 701 758 755 παρ’
783 701 1010 755 Ἀφροδίτης,
1034 700 1094 739 καὶ

61 761 272 814 διωκόμενος
295 765 408 801 ταῦτα
437 759 609 815 ἔρῥιπτεν.
637 759 682 799 Ἥ
708 758 744 798 δὲ
789 758 1024 814 ἀναιρουμένη
1050 759 1096 798 τὰ

62 820 356 875 ῥιπτούμενα,τὸν
373 818 501 874 δρόμον
522 818 679 866 ἐνικήθη.
694 820 710 846 7
722 817 736 832 ²'
771 834 884 870 γημεν
904 813 964 858 οῧν
985 817 1093 866 αὐτὴν

59 879 274 920 Μειλανίων.
297 879 371 919 Καί
389 894 475 918 ποτε
493 877 634 930 λέγεται
661 877 710 930 μὴ
738 877 946 933 θηρεύοντας
971 877 1096 922 αὐτοὺς

58 940 224 978 εἰσελθεῖν
249 940 296 982 εἷς
312 938 353 977 τὸ
372 937 515 990 τέμενος
533 936 632 986 Διὸς,
659 939 760 975 κάκεῖ
787 937 1095 987 συνουσιάζοντας,

61 999 110 1043 εἷς
123 997 266 1042 λέοντας
285 999 496 1050 ἀλλαγῆναι.
513 997 531 1021 ⁸
543 995 706 1040 Ἡσίοδος
726 995 762 1034 δὲ
789 996 850 1035 καί
863 1012 954 1040 τινες
986 995 1096 1051 ἕτεροι

0 1070 1 1073 ’
61 1055 125 1104 τὴν
147 1056 362 1104 Ἀταλάντην
391 1058 455 1095 οὐκ
484 1055 622 1104 Ἰάσου,
643 1054 735 1094 ἀλλὰ
767 1055 947 1108 Σχοινέως
978 1049 1094 1094 εἷπον·

0 1140 3 1144 ·
61 1115 255 1170 Εὐριπίδης
272 1114 308 1153 δὲ
328 1115 530 1155 Μαινάλου·
557 1114 617 1153 καὶ
641 1114 700 1153 τὸν
726 1113 893 1166 γήμαντα
922 1114 1031 1162 αὐτὴν
1057 1116 1096 1153 οὐ

0 1174 3 1213 ’,
62 1174 301 1223 Μειλανίωνα,
311 1174 402 1213 ἀλλὰ
418 1172 878 1225 Ἱππομένην.9Ἔγε’ννησε
898 1172 935 1211 δὲ
952 1175 992 1212 ἐκ
1008 1176 1098 1213 Μει-

61 1232 229 1277 λανίωνος
248 1233 464 1281 Ἀταλάντη,
480 1231 503 1279 ἢ
523 1231 659 1286 Ἄρεος,
680 1234 963 1285 Παρθενοπαῖον,
984 1231 1020 1277 ὃς
1038 1231 1096 1271 ἐπὶ

0 1339 2 1341 v
62 1290 188 1339 Θήὸας
207 1290 475 1345 ἐστρατεύσατο.

427 1416 675 1448 ΚΕΦΑΛΑΙΟΝ
696 1414 734 1447 l‘.

118 1474 171 1526 (1)
183 1472 371 1518 Ἄτλαντος
385 1472 422 1512 δὲ
438 1474 497 1512 καὶ
510 1473 752 1521 τῆςὨκεανοῦ
768 1472 948 1521 Πληϊόνης
964 1473 1101 1526 ἐγένον-

0 1560 6 1583 2
63 1548 104 1572 το
136 1531 320 1587 θυγατέρες
354 1532 444 1571 ἑπτὰ
475 1534 511 1571 ἐν
545 1532 714 1586 Κυλλήνῃ
750 1535 813 1580 τῆς
838 1532 1040 1587 Ἀρκαδίας,
1063 1535 1099 1572 αἱ

62 1592 244 1640 Πληϊάδες
255 1594 607 1646 προσαγορευθεῖσαι,
625 1589 793 1639 Ἀλκυόνη
804 1622 814 1640 ,
833 1589 1001 1646 Μερόπη,
1023 1595 1100 1632 Κε-

61 1650 191 1700 λαινὼ,
208 1650 386 1704 Ἠλέκτρα
398 1681 409 1700 ,
424 1649 608 1704 Στερόπη,
626 1649 791 1702 Ταϋγέτη
802 1681 812 1699 ,
833 1652 945 1688 Μαῖα.

10 1743 15 1748 .
115 1709 287 1750 2Τούτων
308 1708 491 1764 Στερόπην
513 1708 576 1761 μὲν
601 1707 778 1760 Οἰνόμαος
797 1707 926 1761 ἔγημε·
947 1708 1101 1763 Σίσυφος

34 1800 47 1805 e
63 1767 369 1824 Μερόστην.3Δυσὶ
386 1767 423 1807 δὲ
441 1768 570 1822 ἐμίχθη
585 1769 780 1808 Ποσειδῶν·
795 1767 919 1822 πρώτῃ
939 1767 1002 1819 μὲν
1023 1771 1100 1807 Κε-

63 1828 188 1878 λαινοῖ,
206 1827 242 1874 ἐξ
255 1823 297 1877 ἧς
312 1827 428 1871 Λύκος
444 1826 593 1880 ἐγένετο,
623 1827 660 1866 ὃν
682 1829 864 1867 Ποσειδῶν
879 1829 913 1866 ἐν
930 1827 1099 1882 μακάρων

63 1886 171 1941 ᾤκισε
190 1886 325 1935 νήσοις.
351 1886 508 1942 Δευτέρα
528 1886 565 1925 δὲ
586 1886 755 1939 Ἀλκυόνῃ
767 1902 776 1910 ·
793 1886 816 1934 ἢ
834 1885 1008 1940 θυγατέρα
1034 1885 1098 1938 μὲν

65 1944 252 1985 ἐτέκνωσεν
278 1945 469 1996 Αἴθουσαν,
497 1944 562 1993 τὴν
584 1945 780 1984 Ἀπόλλωνι
817 1945 1017 2000 Ἐλευθῆρα
1036 1961 1099 1984 τε-

64 2009 207 2055 κοῦσαν,
226 2004 434 2054 καλλίστην,
451 2004 545 2049 υἱοὺς
567 2003 604 2043 δὲ
629 2003 753 2058 Ὑριέα
775 2004 835 2043 καὶ
862 2004 1098 2059 Ὑπερήνορα.

63 2063 236 2119 ιὙριέως
254 2063 318 2116 μὲν
342 2058 401 2103 οῦν
418 2064 478 2103 καὶ
504 2063 656 2112 Κλονίης
690 2063 828 2118 νύμφης
854 2063 1010 2108 Νυκτεὺς
1039 2064 1099 2102 καὶ

4 2150 9 2153 «
65 2122 195 2167 Λύκος·
212 2122 378 2167 Νυκτέως
398 2122 435 2162 δὲ
458 2124 518 2162 καὶ
544 2123 743 2172 Πολυξοῦς,
762 2123 925 2171 Ἀντιόπη
937 2139 944 2147 ·
964 2123 1100 2162 Ἀντιό-

62 2196 132 2231 πης
148 2181 260 2221 δὲκαὶ
279 2182 377 2232 Διὸς,
397 2185 509 2230 Ζῆθος
525 2182 585 2221 καὶ
605 2182 774 2236 Ἀμφίων.
794 2184 884 2227 Ταῖς
907 2182 944 2221 δὲ
961 2184 1100 2226 λοιπαῖς

3 2265 7 2276 ·
40 2253 43 2256 '
64 2239 260 2281 Ἀτλαντίσι
277 2241 365 2285 Ζεὺς
382 2242 613 2287 συνουσιάζει.

116 2302 174 2352 (2)
189 2302 290 2339 Μαῖα
303 2300 366 2352 μὲν
382 2294 440 2339 οῦν
452 2304 475 2348 ἡ
492 2300 719 2355 πρεσὸυτάτη
737 2301 795 2340 Διὶ
811 2302 1024 2340 συνελθοῦσα
1034 2331 1044 2350 ,
1063 2302 1100 2340 ἕν

65 2357 178 2414 ἄντρῳ
193 2362 256 2407 τῆς
271 2359 458 2407 Κυλλήνης
475 2359 614 2413 Ἑρμῆν
633 2360 757 2400 τίκτει.
776 2354 915 2403 2Οὗτος
934 2362 969 2398 ἐν
982 2375 1101 2413 στρω-

32 2436 41 2440 “
63 2423 134 2462 τοῖς
149 2418 205 2458 ἐπὶ
221 2422 282 2457 τοῦ
299 2418 418 2459 λίκνου
436 2418 593 2471 κείμενος
605 2450 615 2468 ,
633 2418 754 2468 ἐκδὺς,
778 2421 825 2463 εἷς
857 2419 1001 2473 Πιερίαν
1020 2435 1100 2457 πα·-

66 2476 254 2532 ραγίνεται,
270 2477 330 2516 καὶ
347 2476 492 2518 κλέπτει
504 2476 586 2530 βόας
598 2477 638 2521 ἃς
655 2477 775 2530 ἔνεμεν
793 2476 984 2518 Ἀπόλλων.
997 2477 1102 2517 3Ἵνα

65 2534 103 2574 δὲ
122 2535 171 2589 μὴ
187 2536 362 2592 φωραθείη
383 2537 450 2576 ὑπὸ
466 2540 535 2576 τῶν
558 2539 680 2590 ἰχνῶν,
698 2537 910 2590 ὑποδήματα
931 2543 1002 2581 τοῖς
1017 2537 1100 2576 ποσὶ

65 2594 266 2650 περιέθηκε,
284 2595 344 2634 καὶ
360 2595 509 2649 κομίσας
528 2598 576 2641 εἷς
596 2595 731 2646 Πύλον,
745 2595 807 2640 τὰς
827 2595 890 2648 μὲν
907 2595 1033 2643 λοιπὰς
1054 2598 1102 2641 εἷς

67 2653 236 2702 σπήλαιον
255 2653 454 2712 ἀπέκρυψε,
474 2655 534 2694 δύο
553 2654 590 2695 δὲ
607 2655 809 2701 καταθύσας
822 2686 832 2704 ,
848 2657 911 2700 τὰς
933 2655 997 2708 μὲν
1017 2656 1104 2711 βύρ-

64 2711 130 2757 ἒας
147 2711 289 2767 πέτραις
305 2713 491 2762 καθήλωσε
502 2745 513 2763 ,
532 2717 602 2754 τῶν
621 2714 658 2753 δὲ
675 2718 787 2769 κρεῶν
801 2714 847 2754 τὰ
863 2714 927 2771 μὲν
945 2716 1103 2765 κατηνά-

66 2770 176 2810 λωσεν
188 2771 339 2825 ἑψήσας,
350 2772 395 2811 τὰ
406 2772 443 2811 δὲ
456 2772 665 2812 κατέκαυσε.
676 2774 774 2813 4Καὶ
788 2773 926 2830 ταχέως
941 2776 987 2819 εἷς
1005 2776 1104 2814 Κυλ-

67 2829 174 2878 λήνην
194 2830 319 2886 ᾤχετο.
338 2832 411 2872 Καὶ
428 2832 580 2887 εὑρίσκει
596 2833 665 2887 πρὸ
683 2837 745 2871 τοῦ
760 2833 885 2888 ἄντρου
901 2833 1101 2886 νεμομένην

62 2888 237 2943 χελώνην.
271 2890 416 2940 Ταύτην
451 2893 666 2947 ἐκκαθάρας,
697 2894 745 2936 εἷς
772 2892 813 2932 τὸ
842 2892 945 2937 κύτος
975 2894 1104 2948 χορδὰς

70 2947 219 2993 Ξντείνας
246 2949 280 2995 ἐξ
306 2944 354 2989 ῶν
378 2949 479 2989 ἔθυσε
506 2953 610 3004 βοῶν,
636 2951 696 2990 καὶ
727 2951 965 3006 ἐργασάμενος
993 2952 1102 3006 λύραν

72 3000 148 3062 εἶρε
164 3008 224 3047 καὶ1
242 3011 435 3064 πλῆκτρον.
450 3010 656 3050 5Ἀπόλλων
678 3010 714 3049 δὲ
731 3011 792 3054 τὰς
811 3010 893 3063 βόας
908 3013 1036 3061 ζητῶν,
1057 3014 1105 3056 εἰς

73 3065 189 3107 Πύλον
210 3069 415 3122 ἀφικνεῖται.
443 3069 516 3108 Καὶ
542 3068 621 3113 τοὺς
643 3073 892 3114 κατοικοῦντας
912 3069 1102 3124 ἀνέκρινεν·

68 3125 109 3164 οἱ
130 3124 167 3164 δὲ
191 3127 273 3166 ἰδεῖν
295 3127 358 3179 μὲν
378 3129 489 3167 παῖδα
507 3128 699 3168 ἐλαύνοντα
725 3128 892 3183 ἔφασκον,
919 3131 982 3168 οὐκ
1009 3129 1103 3183 ἔχειν

73 3181 227 3224 &einana
244 3192 305 3225 ποῖ
328 3202 414 3225 ποτε
433 3187 631 3237 ἠλάθησαν,
653 3187 710 3226 διὰ
731 3188 772 3226 τὸ
801 3187 851 3239 μὴ
878 3191 987 3242 εὑρεῖν
1008 3188 1105 3242 ἴχνος

74 3240 416 3285 δύνασθαι.6Μαθὼν
434 3245 471 3284 δὲ
491 3248 530 3285 ἐκ
547 3250 609 3294 τῆς
623 3250 794 3298 μαντικῆς
809 3247 867 3286 τὸν
890 3248 1104 3301 κεκλοφότα,

67 3301 156 3355 ’πρὸς
173 3305 292 3343 Μαῖαν
313 3306 360 3349 εἷς
377 3306 566 3354 Κυλλήνην
587 3307 837 3361 παραγίνεται,
858 3307 917 3346 καὶ
936 3307 995 3346 τὸν
1017 3308 1105 3361 Ἑρ-

74 3363 142 3413 μῆν
156 3364 290 3414 ᾐτιᾶτο.
307 3362 354 3402 ‘H
374 3362 410 3402 δὲ
423 3364 594 3410 ἐπέδειξεν
615 3366 718 3405 αὐτὸν
739 3368 773 3404 ἐν
791 3372 862 3409 τοῖς
879 3366 1104 3419 σπαργάνοις.

2101 157 2173 190 165

1145 247 1243 286 atque
1264 246 1349 279 ludis
1366 247 1400 279 in
1426 247 1522 294 Peliae
1546 248 1703 281 honorem
1720 247 1899 288 institutis,
1916 248 1974 281 ubi
1987 257 2063 281 cum
2078 249 2175 281 Peleo

1144 298 1266 332 luctata
1281 301 1428 342 superior
1443 301 1603 335 discessit.
1621 304 1770 342 ⁶Postea,
1781 301 1923 335 inventis
1941 302 2142 343 parentibus,
2157 312 2177 334 a

1145 354 1236 392 patre
1256 352 1327 385 viro
1343 354 1464 387 nubere
1480 355 1572 396 jussa
1593 355 1625 387 in
1648 355 1757 387 locum
1778 355 1874 388 stadii
1892 364 2076 387 mensuram
2097 364 2178 388 exae-

1145 406 1299 445 quantem
1312 406 1482 449 descendit
1485 416 1527 448 ac
1540 407 1574 439 in
1588 408 1658 450 eius
1672 408 1781 441 medio
1792 408 1891 440 trium
1904 407 2052 441 cubitum
2064 407 2176 449 palum

1145 458 1242 489 terrae
1267 456 1410 499 impegit,
1422 459 1559 501 indeque
1581 470 1754 502 procorum
1779 468 1895 494 cursus
1924 461 2013 494 exire
2044 461 2176 502 jubens,

1146 508 1218 550 ipsa
1232 508 1379 541 insecuta
1391 513 1441 542 est
1448 515 1581 544 armata.
1594 514 1637 546 Et
1651 514 1681 546 ei
1691 514 1823 555 quidem
1835 523 1931 556 quem
1947 514 2031 547 inter
2046 514 2175 546 termini

1146 559 1228 592 fines
1244 563 1515 602 consequeretur,
1534 565 1658 606 caedes3
1675 574 1773 607 quem
1792 575 1870 599 vero
1885 567 2005 606 minus,
2020 565 2051 598 ei
2068 565 2176 607 conju-

1147 613 1236 654 gium
1251 613 1439 647 debebatur.
1457 619 1618 649 eDemum
1630 621 1705 660 post
1716 619 1895 651 multorum
1909 619 2014 652 caedes
2022 619 2176 652 Milanion

1147 665 1217 706 eius
1242 675 1352 699 amore
1370 666 1590 701 inflammatus
1613 670 1647 701 in
1665 673 1828 706 certamen
1846 671 2024 704 descendit.
2042 674 2074 704 Is
2094 671 2179 703 mala

1147 725 1255 758 aurea,
1271 728 1357 760 quae,
1374 721 1510 753 Veneris
1528 721 1662 762 donum,
1682 732 1792 755 secum
1806 724 1969 764 attulerat,
1986 733 2088 765 quum
2103 726 2178 756 Ata-

1148 770 1236 802 lanta
1259 779 1335 802 eum
1362 771 1610 813 insequebatur,
1629 774 1663 805 in
1685 777 1802 807 terram
1818 776 1963 817 proJecit.
1982 775 2110 814 Quibus
2126 775 2181 808 illa

1148 823 1336 864 colligendis
1350 827 1507 865 occupata
1528 835 1626 859 cursu
1653 827 1781 859 devicta
1805 831 1866 860 est.
1884 828 2058 861 ⁷Milanion
2082 828 2181 870 igitur

1149 876 1243 909 duxit
1258 886 1330 909 eam
1351 887 1496 911 uxorem.
1513 879 1575 912 Sed
1592 879 1678 911 fama
1696 881 1746 912 est
1758 890 1814 913 eos
1828 881 2001 923 aliquando
2015 891 2072 923 per
2087 890 2182 914 vena-

1148 930 1247 963 tionis
1267 931 1372 963 otium
1389 931 1422 963 in
1451 932 1544 965 Jovis
1560 941 1688 965 sacrum
1707 938 1891 975 penetrasse
1905 961 1914 975 ‚
1938 936 2048 977 ibique
2064 939 2179 969 mutuo

1149 983 1321 1024 complexu
1336 987 1489 1017 coeuntes
1502 985 1537 1017 in
1550 985 1659 1018 leones
1670 986 1769 1018 fuisse
1782 988 2040 1020 transformatos.
2051 989 2180 1021 ”Hesio-

1149 1034 1211 1067 dus
1226 1037 1333 1067 autem
1350 1035 1448 1068 etalii
1463 1036 1609 1069 nonnulli
1626 1037 1809 1070 Atalantam
1829 1047 1895 1070 non
1910 1040 1974 1072 Iasi
1991 1040 2102 1080 fuisse,
2123 1041 2180 1072 scd

1150 1087 1300 1119 Schoenei
1312 1087 1412 1120 liliam
1425 1087 1556 1129 dicunt;
1572 1089 1744 1131 Euripides
1765 1090 1903 1131 denique
1927 1091 1971 1123 ait
1987 1101 2057 1124 eam
2073 1102 2091 1125 e
2104 1094 2182 1124 Mae·

1150 1141 1224 1173 nalo
1238 1143 1355 1181 ortam,
1387 1150 1448 1174 nec
1463 1142 1646 1179 Milanioni,
1665 1143 1723 1175 sed
1738 1142 1932 1184 Hippomeni
1957 1147 2102 1186 nuptam.
2127 1152 2143 1172 ⁹
2156 1146 2182 1176 E

1149 1193 1326 1226 Milanione
1341 1193 1491 1225 Atalanta
1505 1194 1575 1226 sive
1587 1202 1628 1226 ex
1642 1196 1745 1227 Marte
1763 1195 2033 1237 Parthenopaeum
2048 1195 2182 1237 peperit,

1151 1246 1209 1288 qui
1224 1248 1337 1279 contra
1351 1246 1479 1279 Thebas
1491 1247 1523 1279 in
1539 1247 1662 1280 bellum
1680 1248 1847 1289 profectus
1860 1251 1920 1281 est.

1570 1426 1708 1458 CAPUT
1729 1426 1769 1457 X.

1197 1480 1242 1522 (l)
1267 1483 1317 1513 Ex
1343 1481 1480 1515 Atlante·
1490 1490 1529 1514 ac
1555 1483 1686 1516 Pleione
1702 1485 1823 1516 Oceani
1839 1483 1904 1516 filia
1918 1484 1951 1516 in
1968 1484 2104 1525 Cyllene
2131 1487 2188 1517 Ar-

1153 1540 1255 1573 cadiae
1269 1542 1384 1574 monte
1398 1544 1522 1583 septem
1542 1542 1618 1574 filiae
1632 1544 1717 1575 natae
1731 1545 1808 1575 sunt
1823 1543 1969 1576 Pleiades
1983 1544 2188 1585 cognomina-

1153 1600 1215 1631 tae:
1231 1599 1384 1642 Alcyone,
1402 1602 1545 1642 Merope,
1563 1601 1705 1641 Celaeno,
1718 1601 1856 1642 Electra,
1877 1603 2022 1643 Sterope,
2038 1604 2188 1644 Taygete,

1153 1658 1247 1690 Maia.

1194 1721 1209 1740 2
1222 1720 1346 1750 Harum
1371 1720 1526 1760 Steropen
1552 1721 1749 1760 OEnomaus,
1774 1721 1927 1761 Meropen
1938 1720 2098 1762 Sisyphus
2111 1729 2189 1753 uxo-

1152 1784 1204 1809 res
1226 1777 1401 1810 duxerunt.
1425 1779 1530 1810 acum
1549 1777 1675 1810 duabus
1702 1787 1781 1811 vero
1802 1778 1979 1811 concubuit
1999 1780 2189 1820 Neptunus,

1153 1843 1292 1875 quarum
1306 1834 1418 1875 altera,
1432 1835 1575 1876 Celaeno,
1583 1838 1707 1877 Lycum
1720 1836 1855 1877 peperit,
1863 1845 1960 1877 quem
1975 1838 2144 1878 Neptunus
2157 1837 2190 1868 in

1152 1896 1405 1927 Fortunatorum
1416 1895 1540 1928 insulas
1550 1895 1732 1928 habitatum
1745 1895 1836 1929 misit
1843 1906 1852 1935 ;
1860 1905 1900 1929 ex
1913 1895 2023 1937 altera,
2032 1896 2187 1937 Alcyone,

1153 1953 1254 1985 filiam
1267 1954 1451 1996 procreavit
1465 1954 1639 1987 AEthusam
1649 1955 1934 1996 formosissimam,
1950 1955 2134 1988 Eleutheris
2149 1964 2190 1988 ex

1148 2013 1295 2054 Apolline
1316 2015 1472 2054 matrem,
1496 2013 1579 2046 filios
1603 2023 1683 2046 vero
1705 2014 1863 2055 Hyrieum
1885 2017 1917 2047 et
1932 2016 2188 2056 Hyperenorem.

1152 2073 1285 2113 ⁴Hyriei
1299 2076 1330 2105 et
1345 2073 1468 2105 Oloniae
1483 2074 1634 2115 nymphae
1648 2074 1782 2106 fuerunt
1795 2076 1938 2115 Nycteus
1952 2076 1985 2107 et
1998 2076 2116 2115 Lycus;
2129 2077 2158 2107 N
2160 2083 2190 2114 y-

1154 2133 1216 2165 ctei
1229 2136 1261 2165 et
1273 2133 1418 2174 Polyxus
1431 2133 1589 2174 Antiopa3
1607 2133 1756 2174 Antiopae
1771 2135 1805 2165 et
1816 2133 1910 2166 Jovis
1929 2134 2050 2167 Zethus
2069 2136 2100 2166 et
2117 2137 2190 2166 Am-

1153 2193 1266 2235 phion.
1284 2194 1370 2225 Cum
1385 2193 1501 2225 ceteris
1515 2191 1655 2225 Atlantis
1669 2192 1797 2225 filiabus
1812 2193 1940 2235 Jupiter
1956 2193 2156 2225 concumbit.

1198 2308 1243 2351 (2)
1267 2309 1351 2341 Maia
1379 2308 1490 2350 igitur,
1507 2310 1586 2340 natu
1603 2308 1758 2348 maxima,
1774 2316 1849 2340 cum
1869 2309 1952 2340 Jove
1967 2316 2140 2349 congressa
2157 2308 2188 2339 in

1154 2372 1248 2402 antro
1261 2368 1411 2410 Cyllenes
1428 2367 1513 2409 parit
1526 2367 1735 2400 Mercurium.
1753 2366 1838 2405 2Qui
1853 2376 1956 2408 quum
1970 2367 2076 2399 adhuc
2087 2367 2120 2398 in
2134 2376 2190 2398 cu-

1153 2436 1270 2459 narum
1284 2427 1434 2469 stragulis
1443 2427 1574 2468 jaceret,
1584 2426 1742 2458 exsiliitet
1750 2426 1783 2457 in
1796 2425 1933 2458 Pieriam
1940 2426 2103 2466 profectus
2110 2433 2190 2465 quas

1153 2487 1268 2529 Apollo
1286 2487 1387 2520 boves
1399 2487 1554 2529 pascebat
1572 2487 1658 2519 furto
1674 2486 1790 2527 abegit.
1807 2490 1821 2509 3
1835 2487 1881 2518 Ne
1903 2494 1979 2517 vero
1996 2483 2190 2525 deprehendi

1154 2555 1212 2588 per
1226 2545 1362 2587 vestigia
1370 2548 1491 2587 posset,
1509 2545 1613 2578 calces
1623 2545 1760 2587 pedihus
1775 2553 1886 2577 earum
1899 2543 2083 2584 subligavit.
2102 2545 2190 2581 Quas

1155 2606 1213 2638 ubi
1240 2606 1358 2647 Pylum
1391 2605 1550 2646 duxerat,
1577 2607 1701 2637 ceteras
1723 2604 1853 2646 quidem
1890 2603 1975 2636 intra
2003 2602 2190 2644 speluncam

1155 2665 1371 2705 abscondidit,
1389 2664 1471 2696 duas
1486 2673 1562 2696 vero
1577 2664 1731 2696 mactavit
1749 2671 1925 2704 earumque
1938 2661 2026 2694 coria
2042 2661 2185 2702 scopulis

1155 2723 1271 2764 affixit,
1289 2724 1396 2756 carnis
1412 2724 1521 2755 autem
1535 2722 1669 2754 alteram
1681 2724 1805 2763 partem
1820 2720 1938 2752 elixam
1951 2718 2105 2759 comedit,
2116 2718 2190 2751 alte-

1155 2793 1225 2816 ram
1242 2783 1433 2816 combussit.
1448 2785 1542 2821 ⁴Quo
1558 2782 1643 2814 sacto
1659 2780 1847 2813 festinanter
1859 2779 2013 2819 Cyllenen
2031 2778 2190 2811 rediit.Et

1156 2846 1231 2876 ante
1254 2845 1383 2876 antrum
1402 2842 1541 2884 repperit
1565 2841 1762 2873 testudinem
1780 2839 2019 2880 depascentem.
2036 2840 2108 2876 Qua
2134 2847 2186 2871 ex-

1156 2905 1304 2945 purgata,
1319 2911 1416 2944 super
1431 2903 1501 2943 ejus
1516 2901 1634 2932 testam
1651 2900 1862 2931 mactatarum
1890 2897 1990 2929 boum
2006 2906 2128 2930 nervos
2145 2899 2188 2931 te·

1156 2961 1262 2994 tendit
1279 2963 1311 2993 et
1333 2952 1468 2992 artificio
1485 2967 1544 2991 suo
1561 2958 1663 2998 lyram
1679 2956 1804 2988 invenit
1818 2958 1850 2988 et
1863 2956 2033 2997 plectrum.
2055 2955 2189 2998 ¹⁵Apollo

1157 3028 1235 3051 vero
1254 3019 1355 3050 boves
1369 3025 1518 3058 quaerens
1534 3015 1652 3055 Pylum
1669 3013 1758 3046 venit
1773 3016 1807 3046 et
1830 3013 1953 3046 incolas
1967 3013 2187 3055 interrogavit.

1158 3076 1201 3109 Hi
1217 3076 1338 3108 vidisse
1355 3083 1390 3106 se
1405 3082 1544 3115 puerum
1561 3071 1662 3104 boves
1678 3071 1860 3112 abigentem
1874 3071 2122 3113 responderunt,
2140 3080 2192 3104 ne·

1158 3136 1241 3168 scire
1253 3139 1363 3167 tamen
1377 3142 1520 3174 quonam
1542 3131 1708 3173 perductae
1722 3133 1848 3171 essent,
1865 3131 2129 3172 quandoquidem
2144 3140 2192 3163 ea-

1158 3204 1232 3227 rum
1271 3193 1406 3233 vestigia
1439 3201 1503 3224 non
1525 3192 1659 3232 possent
1679 3190 1930 3232 deprehendere.
1950 3193 1966 3212 ⁶
1984 3190 2048 3223 Sed
2077 3190 2192 3231 Apollo

1158 3254 1332 3294 postquam
1362 3250 1562 3283 vaticinandi
1585 3250 1653 3282 arte
1681 3249 1784 3282 furem
1806 3251 2020 3291 cognoverat,
2038 3249 2193 3290 Cyllenen

1159 3311 1200 3343 ad
1226 3310 1345 3342 Maiam
1370 3309 1535 3350 profectus
1559 3308 1757 3341 Mercurium
1777 3308 1856 3341 furti
1881 3310 2056 3341 accusavit.
2069 3311 2191 3342 Verum

1160 3377 1243 3409 Maia
1256 3384 1392 3418 puerum
1401 3376 1542 3408 ostendit
1554 3375 1739 3409 involutum
1748 3376 1869 3409 fasciis.
1877 3381 1891 3400 ⁷
1903 3379 1985 3410 Tum
1996 3376 2107 3416 Apollo
2117 3385 2193 3410 eum
