2320 3684
596 132 927 174 APOLLonom
954 129 1313 169 BIBLIOTHECAE
1340 131 1420 181 111,
1453 137 1515 182 13,
1549 136 1607 170 ιιι.

57 223 256 272 συνουσίαν,
273 221 447 277 εἰρηκέναι
464 218 676 274 Προμηθέα,
689 219 748 258 τὸν
773 220 813 257 ἐκ
831 216 962 264 ταύτης
983 217 1078 268 αὐτῷ

57 281 266 335 γεννηθέντα
281 282 427 336 οὐρανοῦ
447 276 700 329 δυναστεύσειν.
719 274 847 319 3Τινὲς
867 274 904 314 δὲ
924 273 1079 326 λέγουσι,

60 341 110 393 μὴ
130 342 337 393 βουληθῆναι
359 337 466 379 Θέτιν
494 336 552 375 Διὶ
579 337 752 374 συνελθεῖν
774 334 841 373 ὕπὸ
856 333 971 387 Ἥρας
992 348 1082 385 τρα-

59 405 196 454 φεῖσαν,
214 397 282 437 Δία
299 396 335 436 δὲ
351 393 571 450 ὀργισθέντα,
594 395 707 446 θνητῷ
728 392 855 431 ἐθέλειν
874 390 982 438 αὐτὴν
996 405 1082 428 συν-

59 459 211 503 οικῆσαι.
234 454 431 507 4Χείρωνος
444 452 506 504 μὲν
523 446 581 491 οὗν
596 450 808 502 ὑποθεμένου
818 451 946 498 Πηλεῖ,
955 449 1084 486 συλλα-

60 513 133 552 δεῖν
150 514 210 552 καὶ
229 512 388 565 κατέχειν
406 510 514 558 αὐτὴν
540 507 890 564 μεταμορφουμένην,
911 505 1084 560 ἐπιτηρή-

61 587 125 617 σας
150 571 371 625 συναρπάζει.
398 569 592 621 Γινομένην
620 567 656 608 δὲ
683 567 739 608 ὁτὲ
768 567 832 620 μὲν
863 570 952 621 πῦρ,
972 564 1028 605 ὁτὲ
1048 563 1084 602 δὲ

61 627 176 683 ὕδωρ,
193 627 249 668 ὁτὲ
270 626 306 667 δὲ
322 627 453 681 θηρίον,
479 630 518 666 οὐ
550 625 716 681 πρότερον
743 628 850 673 ἀνῆκε
873 624 955 678 πρὶν
974 622 997 670 ἢ
1018 621 1083 669 τὴν

61 687 212 741 ἀρχαίαν
231 686 367 741 μορφὴν
386 679 473 724 εἶδεν
491 685 750 725 ἀπολαὸοῦσαν.
770 684 911 735 5Γαμεῖ
928 680 966 722 δὲ
983 683 1017 720 ἐν
1035 682 1085 733 τῷ

60 746 189 800 Πηλίῳ
204 761 212 770 ·
231 747 332 784 κάκεῖ
344 745 421 783 ,θεοὶ
439 744 497 783 τὸν
515 744 628 796 γάμον
649 742 884 796 εὐωχούμενοι
901 739 1086 792 καθύμνη-

62 819 141 844 σαν.
177 803 249 843 Καὶ
274 802 396 842 δίδωσι
420 802 559 856 Χείρων
579 804 694 850 Πηλεῖ
713 800 794 856 δόρυ
814 800 980 853 μείλινον,
1006 800 1086 838 Πο-

62 863 184 901 σειδῶν
205 859 261 910 δὲ,
276 860 408 905 4ἵππους
431 860 558 900 Βαλίον
584 876 623 900 τε
650 859 710 899 καὶ
735 859 892 899 Ξάνθον·
920 857 1086 896 ἀθάνατοι

62 921 98 960 δὲ
111 915 201 969 ἦσαν
219 916 325 959 οὗτοι.

115 980 170 1032 (6)
189 978 255 1023 Ὡς
271 977 308 1017 δὲ
327 978 490 1030 ἐγέννησε
507 975 613 1021 Θέτις
627 978 668 1015 ἐκ
677 974 826 1024 Πηλέως
838 973 980 1029 βρέφος,
998 971 1087 1012 ἀθά-

62 1053 165 1078 νατον
177 1038 325 1077 θέλουσα
337 1040 484 1084 ποιῆσαι
497 1039 613 1085 τοῦτο,
621 1035 736 1090 κρύφα
748 1034 897 1082 Πηλέως
915 1035 963 1077 εἷς
971 1032 1011 1072 τὸ
1018 1035 1088 1084 π’ὕρ

63 1095 280 1151 ἐγκρυὸοῦσα
313 1098 376 1143 τῆς
405 1094 539 1143 νυκτὸς,
569 1094 719 1148 ἔφθειρεν
745 1092 764 1132 ὃ
786 1087 828 1141 ἧν
849 1094 945 1146 αὐτῷ
965 1090 1087 1138 θνητὸν

63 1157 225 1210 πατρῷον
239 1170 247 1179 ·
269 1155 346 1207 μεθ’
364 1154 500 1209 ἡμέραν
522 1152 558 1192 δὲ
574 1152 688 1208 ἔχριεν
714 1151 902 1206 ἀμὸροσίᾳ.
920 1156 937 1181 2
951 1149 1091 1199 Πηλεὺς

65 1213 102 1253 δὲ
119 1212 353 1267 ἐπιτηρήσας,
376 1212 436 1251 καὶ
460 1211 677 1266 ἀσπαίροντα
701 1211 759 1250 τὸν
783 1211 892 1249 παῖδα
923 1209 1005 1248 ἷδὼν
1032 1208 1090 1247 ἐπὶ

63 1275 125 1311 τοῦ
145 1271 250 1326 πυρὸς
262 1301 272 1320 ,
291 1271 434 1319 ἐὸόησε·
453 1270 512 1309 καὶ
527 1270 650 1318 Θέτις,
670 1271 866 1308 κωλυθεῖσα
883 1267 946 1316 τὴν
962 1267 1090 1322 προαί-

67 1334 161 1386 ρεσιν
181 1331 364 1368 τελειῶσαι
379 1360 389 1378 ,
408 1329 531 1376 νήπιον
544 1328 603 1367 τὸν
620 1328 730 1367 παῖδα
749 1329 988 1376 ἀπολιποῦσα,
1006 1326 1092 1380 πρὸς

66 1385 247 1443 Νηρηίδας
259 1387 384 1442 ᾤχετο.
399 1387 572 1439 3Κομίζει
589 1386 624 1426 δὲ
633 1386 692 1425 τὸν
710 1387 819 1425 παῖδα
835 1385 920 1440 πρὸς
932 1385 1092 1440 Χείρωνα

65 1446 217 1495 Πηλεύς.
238 1446 284 1485 Ὁ
303 1444 340 1487 δὲ
352 1445 470 1485 λαὸὼν
489 1445 592 1484 αὐτὸν
613 1444 734 1499 ἔτρεφε
758 1444 973 1497 σπλάγχνοις
990 1443 1093 1483 λεόν-

64 1522 135 1545 των
159 1505 219 1544 καὶΙ
237 1507 329 1544 συῶν
348 1505 476 1559 ἀγρίων
495 1504 554 1543 καὶ
573 1503 709 1558 ἄρκτων
738 1505 894 1555 μυελοῖς,
923 1503 982 1542 καὶ
1001 1501 1093 1542 ὠνό-

67 1578 177 1615 μασεν
209 1562 372 1615 Ἀχιλλέα
397 1561 577 1617 (πρότερον
596 1561 659 1613 μὲν
678 1555 721 1609 ἧν
741 1561 852 1613 ὄνομα
869 1563 964 1615 αὐτῷ
978 1560 1094 1613 Λιγύ-

68 1621 228 1678 ρων),ὅτι
242 1621 287 1661 τὰ
305 1621 407 1674 χείλη
426 1627 573 1673 μαστοῖς
587 1621 626 1659 οὔ
650 1619 879 1674 προσήνεγκε.

121 1682 179 1735 (7)
190 1680 331 1729 Πηλεὺς
351 1680 386 1719 δὲ
399 1679 488 1732 μετὰ
502 1683 613 1719 ταῦτα
624 1678 686 1718 σὺν
705 1679 835 1719 Ἰάσονι
849 1680 909 1719 καὶ
925 1679 1095 1719 Διοσκού-

68 1756 139 1797 ροις
158 1739 349 1794 ἐπόρθησεν
364 1737 526 1791 Ἰωλκόν;
546 1738 606 1777 καὶ
628 1738 881 1791 Ἀστυδάμειαν
901 1738 965 1786 τὴν
986 1738 1094 1778 Ἀκά-

67 1814 151 1839 στου
170 1803 319 1851 γυναῖκα
343 1796 496 1852 φονεύει,
518 1797 578 1836 καὶ
606 1796 729 1836 διελὼν
751 1797 919 1850 μεληδὸν,
950 1797 1094 1850 διήγαγε

68 1858 112 1897 δι’
129 1859 236 1904 αὐτῆς
250 1856 308 1896 τὸν
329 1855 476 1911 στρατὸν
495 1858 542 1900 εἷς
560 1855 623 1904 τὴν
643 1854 758 1896 πόλιν.

123 1915 179 1969 (8)
195 1915 259 1959 Ὡς
281 1914 316 1954 δὲ
327 1914 461 1967 ἐγένετο
484 1913 644 1962 ἐνναετὴς
667 1913 862 1967 Ἀχιλλεὺς,
888 1915 1095 1969 Κάλχαντος

35 1973 38 1975 “
67 1974 228 2026 λέγοντος
246 1975 284 2013 οὗ
313 1972 480 2012 δύνασθαι
497 1973 605 2026 χωρὶς
622 1974 727 2011 αὐτοῦ
752 1973 883 2027 Τροίαν
903 1976 1094 2028 αἱρεθῆναι,

69 2032 175 2078 Θέτις
190 2033 371 2087 προειδυῖα
383 2062 393 2081 ,
414 2031 466 2070 ὅτι
487 2033 537 2070 δεῖ
554 2030 827 2086 στρατευόμενον
847 2032 948 2071 αὐτὸν
964 2033 1096 2072 ἀπολέ-

70 2095 151 2132 σθαι
166 2122 177 2141 ,
190 2092 353 2146 κρύψασα
370 2092 490 2138 ἐσθῆτι
506 2090 688 2144 γυναικείᾳ
699 2122 709 2139 ,
725 2093 772 2135 ὡς
796 2090 965 2144 παρθένον
983 2091 1093 2146 παρέ-

71 2153 159 2191 θετο.
188 2180 196 2189 .
229 2180 239 2188 .
275 2150 337 2201 (εἷς
371 2150 507 2203 Σκῦρον
545 2148 642 2202 παρὰ
675 2149 878 2200 Λυκομήδει
916 2152 1094 2202 supplev.

70 2209 210 2260 Heyn.)
233 2209 373 2247 2Κάκεῖ
388 2206 614 2261 τρεφόμενος,
630 2210 674 2261 τῇ
695 2207 925 2259 Λυκομήδους
955 2210 1097 2264 θυγατρὶ

70 2266 268 2320 Δηϊδαμείᾳ
289 2265 469 2317 μίγνυται·
490 2266 549 2304 καὶ
568 2266 702 2318 γίνεται
718 2272 800 2310 παῖς
816 2266 953 2320 Πύρῤος
966 2269 1060 2322 αὐτῷ
1080 2272 1098 2308 ὁ

70 2325 211 2373 κληθεὶς
230 2323 475 2376 Νεοπτόλεμος
493 2318 599 2368 αὖθις.
619 2324 835 2368 3Ὀδυσσεὺς
851 2324 886 2363 δὲ
902 2326 1099 2376 μηνυθέντα

70 2382 168 2438 παρὰ
183 2381 385 2434 Λυκομήδει
403 2384 514 2430 ζητῶν
533 2382 715 2435 Ἀχιλλέα,
733 2382 901 2435 σάλπιγγι
916 2385 1100 2437 χρησάμε-

71 2457 146 2486 νος,
166 2436 253 2495 εῧρε.
272 2441 343 2480 Καὶ
359 2445 480 2480 τοῦτον
493 2441 552 2480 τὸν
569 2440 696 2495 τρόπον
717 2443 764 2486 εἷς
779 2441 909 2496 Τροίαν
922 2437 1017 2490 ἦλθε.

124 2500 142 2526 ⁴
157 2500 347 2540 Συνείπετο
367 2498 404 2538 δὲ
421 2501 515 2554 αὐτῷ
549 2499 673 2546 Φοῖνιξ
698 2503 716 2539 ὁ
743 2500 959 2555 Ἀμύντορος.
987 2497 1099 2547 Οὗτος

73 2559 141 2598 ὑπὸ
162 2563 224 2598 τοῦ
246 2558 377 2613 πατρὸς
408 2558 610 2613 ἐτυφλώθη,
636 2560 952 2614 καταψευσαμένης
970 2561 1098 2616 φθορὰν

74 2618 188 2662 Φθίας
203 2621 265 2665 τῆς
281 2621 341 2656 τοῦ
359 2617 489 2672 πατρὸς
511 2617 735 2662 παλλακίδος.
767 2617 906 2666 Πηλεὺς
934 2620 970 2658 δὲ
995 2621 1098 2660 αὐτὸν

73 2676 158 2730 πρὸς
174 2675 336 2730 Χείρωνα
354 2676 523 2728 κομίσας,
544 2675 602 2714 ὑπ’
620 2675 751 2714 ἐκείνου
769 2677 1023 2731 θεραπευθέντα
1038 2678 1101 2723 τὰς

74 2733 187 2789 ὄψεις,
209 2734 354 2788 βασιλέα
370 2734 564 2783 κατέστησε
582 2733 763 2773 Δολόπων.

73 2806 77 2810 “
128 2794 145 2819 ⁵
155 2793 345 2834 Συνείπετο
359 2792 462 2832 δὲκαὶ
477 2794 682 2847 Πάτροκλος
697 2796 716 2832 ὃ
729 2793 913 2833 Μενοιτίου
929 2794 988 2833 καὶ
1008 2797 1100 2835 Σθε-

74 2851 178 2900 νέλης
193 2855 255 2900 τῆς
278 2852 448 2891 Ἀκάστου
460 2883 471 2902 ,
493 2851 515 2899 ἢ
539 2852 753 2906 Περιάπιδος
769 2855 832 2899 τ’ῆς
854 2852 1032 2907 Φέρητος,
1051 2854 1073 2902 ἢ
1089 2884 1099 2903 ,

74 2911 232 2966 καθάπερ
248 2911 334 2966 φησὶ
350 2911 577 2965 Φιλοκράτης
589 2941 599 2960 ,
616 2911 835 2962 Πολυμήλης
854 2914 917 2958 τῆς
937 2913 1098 2960 Πηλέως.

76 2964 216 3014 θΟῧτος
231 2972 266 3008 ἐν
284 2970 448 3009 Ὀποῦντι
469 2969 651 3022 διενεχθεὶς
667 2971 702 3008 ἐν
719 2970 845 3023 παιδιᾷ
862 2968 942 3023 περὶ
969 2972 1101 3022 ἀστρα-

76 3026 194 3078 γάλων
211 3027 343 3072 παίζων
360 3029 469 3066 παῖδα
485 3028 722 3079 Κλυσώνυμον
744 3028 803 3067 τὸν
821 3028 1101 3081 Ἀμφιδάμαντος

78 3085 270 3124 ἀπέκτεινε.
292 3085 364 3125 Καὶ
385 3085 501 3141 φυγὼν
521 3086 610 3138 μετὰ
631 3090 691 3125 τοῦ
707 3086 857 3141 πατρὸς,
870 3086 968 3141 παρὰ
987 3089 1102 3135 Πηλεῖ

77 3142 229 3197 κατῴκει
244 3144 303 3183 καὶ
321 3144 510 3197 Ἀχιλλέως
523 3144 694 3198 ἐρώμενος
717 3145 861 3196 γίνεται.

426 3263 672 3296 ΚΕΦΑΛΑῙΟΝ
686 3261 750 3295 ΙΔ’.

134 3318 189 3369 (1)
210 3317 352 3372 Κέκροψ
372 3319 564 3372 αὐτόχθων,
581 3321 737 3376 συμφυὲς
757 3320 847 3374 ἔχων
862 3323 966 3372 σῶμα
981 3321 1101 3374 ἀνδρὸς

2082 138 2156 172 173

1138 226 1260 260 dixisse
1269 236 1308 260 ex
1319 237 1357 261 ea
1373 229 1436 261 sibi
1446 232 1558 262 natum
1573 229 1656 261 coelo
1668 228 1921 261 dominaturum.
1936 233 1950 252 ³
1961 231 2044 263 Sunt
2059 230 2157 263 etiam

1139 284 1194 324 qui
1205 288 1335 318 narrent
1346 287 1524 327 Thetidem‚
1535 288 1654 328 quippe
1664 295 1738 328 quoe
1750 295 1770 319 a
1778 289 1798 320 J
1800 295 1906 319 unone
1917 287 2052 320 educata
2061 291 2158 329 esset,

1140 343 1233 374 Jovis
1257 345 1465 377 concubitum
1488 347 1644 386 evitasse3
1667 354 1765 387 quare
1786 345 1904 378 iratum
1923 348 2037 379 Jovem
2062 348 2160 389 impe-

1132 406 1228 430 rasse
1241 401 1277 430 ut
1291 399 1345 432 illa
1358 401 1484 432 mortali
1494 401 1639 434 nuberet.
1651 406 1666 426 ⁴
1676 404 1787 443 Itaque
1800 411 1902 443 quum
1914 402 2036 435 Chiron
2046 412 2160 436 consu-

1140 455 1220 488 leret
1245 457 1337 489 Peleo
1348 482 1358 498 ,
1383 461 1420 490 ut
1434 468 1505 491 eam
1520 460 1802 501 comprehenderet
1823 461 1856 494 et
1870 461 1905 493 in
1919 461 2024 493 varias
2040 461 2161 495 formas

1141 522 1177 546 se
1189 517 1440 548 commutantem
1453 517 1620 557 detineret,
1637 518 1688 551 hic
1701 518 1884 560 speculatus
1896 518 1983 551 illam
1994 519 2160 561 corripuit.

1143 573 1225 610 Quae
1243 581 1346 613 quum
1371 574 1467 606 modo
1494 575 1576 616 ignis
1587 599 1596 616 ,
1616 577 1714 609 modo
1732 586 1836 619 aqua,
1854 578 1952 610 modo
1976 578 2042 611 sera
2054 578 2161 619 fieret,

1142 639 1208 662 non
1223 631 1312 672 prius
1327 640 1398 663 eam
1414 633 1546 672 remisit,
1563 643 1659 675 quam
1671 635 1840 677 pristinam
1853 637 1991 668 sormam
2006 645 2165 669 resumen-

1143 690 1207 720 tem
1218 688 1449 729 conspexisset.
1461 694 1475 712 ¹⁵
1485 691 1626 723 Uxorem
1637 692 1751 725 deinde
1762 701 1833 725 eam
1847 693 1938 725 duxit
1950 693 1983 725 in
1994 693 2094 734 Pelio,
2108 693 2166 726 ubi

1143 746 1190 778 dii
1205 745 1357 778 convivio
1379 747 1504 788 excepti
1525 749 1655 789 nuptias
1673 750 1884 783 celebrarunt.
1903 756 1950 784 Ac
1968 751 2090 784 Chiron
2108 754 2167 785 Pe-

1142 804 1231 837 leum
1240 804 1375 838 donavit
1384 805 1477 838 hasta
1485 806 1639 848 fraxinea,
1649 809 1816 850 Neptunus
1827 810 1919 852 equis
1930 810 2165 850 immortalibus

1144 865 1235 898 Balio
1246 867 1279 899 et
1290 867 1430 899 Xantho.

1189 982 1234 1024 (6)
1256 985 1432 1025 Postquam
1444 993 1522 1017 vero
1536 985 1648 1018 Thetis
1662 994 1681 1018 e
1703 987 1797 1020 Peleo
1811 988 1966 1022 infantem
1980 994 2167 1033 pepererat,

1146 1040 1362 1074 immortalem
1387 1042 1520 1075 reddere
1545 1043 1658 1076 volens
1685 1044 1768 1077 clam
1795 1047 1890 1079 Peleo
1917 1057 1991 1080 eum
2013 1052 2112 1082 noctu
2133 1051 2167 1082 in

1146 1100 1253 1141 ignem
1269 1100 1489 1141 immergebat,
1507 1103 1545 1133 ut
1557 1101 1716 1143 quidquid
1732 1105 1874 1144 paternae
1889 1105 1921 1136 in
1941 1115 1979 1138 eo
1994 1108 2169 1140 mortalita·

1147 1156 1190 1189 tis
1202 1158 1288 1189 esset
1303 1157 1432 1197 deleret,
1447 1158 1589 1190 interdiu
1605 1162 1713 1191 autem
1723 1160 1884 1200 unguebat
1894 1162 2063 1195 ambrosia.
2084 1169 2099 1188 ⁹
2107 1165 2170 1196 Sed

1147 1215 1261 1248 Peleus
1277 1216 1461 1257 speculatus
1481 1218 1514 1249 et
1528 1216 1736 1258 palpitantem
1753 1227 1890 1259 puerum
1905 1219 1938 1251 in
1953 1220 2025 1261 igne
2045 1223 2170 1264 conspi-

1148 1277 1240 1307 catus
1262 1275 1436 1308 clamorem
1456 1275 1575 1317 edidit;
1602 1284 1639 1308 ac
1663 1277 1785 1317 Thetis,
1813 1279 1987 1318 quominus
1999 1281 2170 1313 consilium

1149 1336 1380 1374 exsequeretur
1393 1334 1565 1375 prohibita,
1581 1334 1692 1367 relicto
1704 1335 1836 1376 infante,
1851 1337 1892 1369 ad
1907 1339 2060 1371 Nereidas
2078 1348 2112 1372 se
2126 1350 2173 1373 re-

1150 1392 1245 1433 cepit.
1257 1395 1272 1414 ³
1282 1394 1364 1425 Tum
1375 1401 1512 1434 puerum
1520 1394 1633 1426 Peleus
1643 1394 1684 1426 ad
1695 1395 1866 1428 Chironem
1878 1396 1965 1437 tulit,
1975 1397 2031 1438 qui
2044 1398 2173 1431 leonum

1149 1449 1329 1482 visceribus
1338 1458 1412 1482 eum
1420 1452 1452 1483 et
1459 1459 1609 1491 aprorum
1619 1460 1834 1494 ursorumque
1846 1454 1996 1487 medullis
2006 1456 2172 1497 enutrivit,

1150 1510 1247 1550 atque
1260 1508 1438 1541 nominavit
1451 1509 1607 1542 Achillem
1621 1510 1728 1551 (antea
1739 1512 1826 1543 enim
1842 1512 1982 1554 Ligyron
1995 1514 2174 1556 appellaba-

1150 1565 1229 1607 tur),
1245 1565 1322 1607 quia
1335 1565 1425 1598 labra
1438 1566 1590 1599 mammis
1605 1575 1670 1599 non
1682 1568 1882 1605 admoverat.

1194 1676 1240 1718 (7)
1263 1678 1340 1709 Post
1353 1677 1423 1709 haec
1443 1675 1558 1709 Peleus
1575 1685 1652 1709 cum
1666 1679 1780 1710 Iasone
1795 1680 1827 1711 et
1841 1678 2008 1712 Dioscuris
2018 1689 2176 1723 expugna-

1151 1735 1199 1767 vit
1223 1735 1365 1775 Iolcum,
1389 1736 1421 1767 et
1436 1735 1658 1775 Astydamiam
1673 1736 1781 1768 Acasti
1797 1746 1930 1770 uxorem
1945 1738 2120 1781 interfecit,
2145 1744 2177 1774 et

1151 1793 1305 1826 membris
1319 1794 1387 1834 ejus
1403 1793 1570 1834 dissectis,
1584 1802 1640 1835 per
1653 1803 1691 1827 ea
1703 1795 1879 1828 exercitum
1897 1797 1932 1828 in
1947 1797 2059 1830 urbem
2071 1801 2177 1833 trans·

1152 1852 1258 1885 duxit.

1192 1912 1238 1953 (8)
1255 1911 1317 1944 Ubi
1330 1920 1454 1943 nonum
1470 1919 1592 1943 annum
1607 1911 1746 1945 Achilles
1759 1913 1909 1954 explevit,
1927 1914 2101 1949 Calchante
2112 1925 2176 1949 non

1152 1979 1249 2013 posse
1263 1971 1332 2003 sine
1345 1970 1401 2002 illo
1415 1971 1545 2012 Trojam
1561 1970 1633 2012 capi
1646 1971 1853 2012 vaticinante,
1870 1973 1980 2005 Thetis
1995 1975 2177 2014 praevidens

1152 2038 1228 2062 eum
1246 2029 1281 2061 in
1296 2029 1416 2062 bellum
1431 2029 1612 2070 profectum
1627 2029 1807 2071 periturum
1822 2040 1911 2072 esse,
1927 2035 2017 2064 veste
2032 2034 2179 2067 muliebri

1154 2087 1364 2126 occultatum,
1388 2087 1482 2127 quasi
1505 2087 1663 2128 puellam,
1680 2087 1715 2119 in
1733 2089 1869 2129 Scyrum
1885 2089 2021 2123 abduxit
2032 2093 2064 2122 et
2078 2093 2179 2132 Lyco-

1154 2145 1241 2179 medi
1265 2146 1448 2179 custodiam
1470 2147 1539 2188 ejus
1554 2146 1702 2180 credidit.
1715 2150 1730 2169 2
1741 2147 1790 2180 lbi
1805 2157 1901 2190 agens
1922 2150 2179 2184 adolescentulus

1155 2214 1230 2237 cum
1243 2206 1433 2247 Lycomedis
1461 2205 1527 2238 filia
1544 2206 1712 2239 Deidamia
1734 2208 1931 2250 concumbit,
1946 2218 1985 2241 ex
1998 2219 2064 2251 qua
2078 2212 2179 2243 nasci·

1155 2269 1209 2301 tur
1230 2268 1259 2300 ei
1285 2267 1371 2300 filius
1396 2268 1543 2308 Pyrrhus
1553 2292 1562 2309 ,
1582 2271 1695 2310 postea
1725 2270 1911 2303 nominatus
1938 2273 2178 2312 Neoptolemus.

1155 2330 1278 2361 Verum
1291 2332 1304 2351 ³
1317 2327 1448 2369 Ulysses
1464 2329 1632 2369 Achillem,
1655 2338 1752 2370 quem
1773 2330 1859 2371 apud
1873 2332 2088 2372 Lycomedem
2110 2341 2180 2365 esse

1155 2387 1275 2420 indicio
1289 2387 1424 2428 alicujus
1446 2390 1663 2429 compererat,
1686 2396 1835 2428 quaerens
1856 2388 1946 2420 tubae
1961 2397 2022 2429 ope
2037 2390 2179 2429 invenit,

1156 2447 1254 2487 atque
1263 2446 1351 2478 hunc
1358 2445 1394 2478 in
1403 2446 1539 2479 modum
1545 2446 1684 2479 Achilles
1693 2448 1803 2479 contra
1814 2447 1940 2487 Trojam
1950 2448 2112 2489 profectus
2119 2451 2178 2481 est.

1189 2511 1214 2532 '⁴
1228 2508 1362 2540 Secutus
1378 2509 1428 2539 est
1447 2515 1522 2540 eum
1537 2507 1674 2540 Phoenix
1688 2510 1886 2549 Amyntoris.
1909 2510 2004 2551 Hunc
2027 2517 2046 2539 a
2064 2509 2180 2541 Phthia

1156 2567 1259 2609 patris
1275 2567 1399 2609 pellice,
1419 2569 1455 2599 ut
1473 2567 1514 2599 de
1535 2569 1647 2608 stupro
1670 2567 1890 2608 interpellata,
1920 2567 1999 2598 salso
2018 2567 2179 2599 insimula-

1156 2629 1228 2659 tum
1243 2628 1334 2668 pater
1348 2626 1534 2658 excaecavit.
1550 2626 1612 2658 Sed
1621 2626 1734 2658 Peleus
1749 2634 1823 2658 eum
1837 2625 1876 2657 ad
1891 2625 2061 2658 Chironem
2073 2625 2179 2665 duxit,

1158 2695 1177 2718 a
1195 2695 1260 2727 quo
1276 2687 1443 2724 curatum,
1469 2685 1638 2717 oculorum
1653 2685 1724 2717 luce
1739 2685 1942 2725 recuperata,
1957 2684 2117 2725 Dolopum
2133 2693 2179 2717 re-

1157 2754 1228 2786 gem
1243 2744 1423 2777 constituit.

1200 2799 1214 2823 ⁵
1228 2802 1332 2836 Simul
1359 2811 1434 2835 cum
1457 2802 1519 2834 boc
1536 2801 1692 2834 Achillem
1710 2801 1840 2832 secutus
1865 2801 1914 2832 est
1929 2800 2096 2832 Patroclus
2117 2801 2180 2832 Me-

1158 2864 1251 2896 noetii
1268 2863 1354 2895 filius
1378 2872 1419 2895 ex
1442 2861 1587 2894 Sthenele
1609 2859 1733 2899 Acasti,
1757 2859 1808 2890 vel
1825 2859 1991 2900 Periapide
2014 2857 2177 2902 Pheretis,

1157 2924 1222 2963 vel,
1232 2924 1317 2956 sicut
1326 2922 1520 2954 Philocrates
1527 2919 1616 2959 dicit,
1625 2917 1786 2959 Polymele
1796 2917 1879 2950 Pelei
1888 2918 1962 2950 filia.
1973 2920 2027 2952 ⁶Is
2036 2922 2176 2961 Opunte,

1159 2984 1232 3016 orta
1245 2983 1279 3014 in
1296 2982 1436 3015 talorum
1453 2979 1530 3012 ludo
1550 2978 1769 3016 dissensione,
1797 2977 2031 3018 Clysonymum
2047 2981 2179 3021 Amphi-

1159 3041 1320 3075 damantis
1334 3040 1436 3071 filium
1449 3037 1618 3070 interfecit.
1634 3039 1739 3077 Atque
1754 3036 1888 3069 exulans
1900 3046 1975 3069 cum
1990 3039 2080 3079 patre
2093 3039 2179 3080 apud

1131 3111 1134 3117 ¹
1159 3101 1289 3134 Peleum
1305 3097 1523 3131 commoratur
1535 3096 1568 3127 et
1583 3094 1714 3127 Achillis
1730 3094 1767 3128 fit
1783 3095 1918 3128 amicus.

1618 3214 1717 3223 -ι

1551 3248 1687 3300 cmm
1708 3269 1792 3300 xiv.

1202 3324 1248 3365 (1)
1271 3325 1412 3363 cecrops
1442 3321 1606 3362 indigena,
1644 3322 1785 3355 humano
1811 3322 1909 3356 simul
1937 3324 1970 3357 et
1997 3325 2179 3367 serpentino
