2320 3684
146 202 223 238 586

143 284 378 333 ostenditur,
406 273 665 332 magnitudine
693 278 820 324 vehis,
853 276 982 314 colore
1012 274 1163 320 adusto,

145 352 294 382 comete
312 354 467 393 quoque
479 340 555 378 illis
576 336 755 375 noctibus
769 336 988 386 flagrante.»
997 333 1054 372 Cf.
1076 334 1166 370 sto-

145 402 246 440 baeus
262 402 390 451 Eclog.
406 401 435 447 Ι,
452 398 515 445 25,
532 396 720 435 Ammian.
738 394 909 433 Marcell.
929 393 1056 439 XXII,
1078 392 1113 434 8,
1132 391 1166 438 5,

145 463 274 505 XXII,
299 461 357 506 16,
377 471 440 508 22,
461 455 652 494 Plutarch.
670 453 835 504 Lysand.
857 453 916 498 15,
934 450 1165 490 Theodoret.

145 512 212 557 Gr.
245 518 367 556 affect.
390 529 469 554 cur.
498 518 564 561 IV,
587 527 626 564 p.
649 527 721 562 797
737 542 748 561 ,
777 512 837 550 ed.
863 510 945 549 Hal.
976 509 1167 548 Eusebius

146 591 226 615 rem
249 575 429 614 accidisse
460 574 555 612 dicit
578 573 636 613 Ol.
659 573 707 619 78
721 601 732 619 ‚
758 577 794 617 4.
825 574 884 609 De
910 569 1108 609 Simonide
1128 582 1165 607 v.

146 650 206 687 ep.
233 641 293 685 49.

418 699 554 749 Epoch.
577 697 639 735 58.
659 710 715 735 vs.
737 698 875 744 73-74.

195 781 396 820 Perdiccas
427 793 475 819 ex
494 779 627 818 Nostri
641 777 857 817 rationibus
883 785 1016 828 regnat
1038 775 1087 814 ab
1112 776 1168 814 01.

150 855 212 891 79,
237 848 256 886 4
276 840 323 878 ad
341 841 402 879 Ol.
421 850 491 891 911,
525 854 542 877 1
565 852 635 890 per
653 844 699 883 41
718 851 850 876 annos.
866 840 1008 875 Verum
1021 836 1096 874 hoc
1111 835 1172 872 sal-

148 913 233 938 sum
253 907 320 937 est.
336 902 433 937 Nam
450 911 499 936 ex
525 897 750 948 Thucydide
766 897 992 948 intelligitur
1010 895 1170 934 Perdic-

149 972 232 996 cam
249 959 403 1009 Olymp.
418 971 482 1007 91,
499 971 519 994 2
539 957 666 994 adhuc
686 955 840 994 vixisse.
861 958 1040 994 Ceterum
1057 966 1171 1004 quam

149 1019 296 1056 incerta
315 1018 364 1055 sit
388 1017 650 1068 antiquiorum
670 1030 802 1067 regum
830 1013 1171 1053 Macedonicorum

149 1077 398 1128 chronologia
411 1107 422 1126 ,
441 1090 488 1114 ex
506 1077 583 1114 illis
599 1075 679 1127 jam
702 1076 859 1126 colligas
889 1087 975 1125 quae
1001 1073 1048 1110 de
1080 1075 1174 1110 Per-

150 1136 267 1173 diccae
291 1149 410 1187 regno
438 1135 655 1173 traduntur.
686 1134 888 1173 Perdiccas
913 1132 1016 1171 enim
1042 1138 1175 1180 regnat

151 1198 201 1242 (v.
222 1195 360 1234 Athen.
375 1198 419 1240 V,
441 1208 532 1243 217,
551 1197 601 1243 D,
619 1193 685 1246 E):

244 1267 316 1292 sec.
338 1253 582 1292 Nicomedem
938 1263 971 1287 a.
994 1255 1040 1294 41

260 1331 276 1348 »
331 1313 608 1351 Anaximenem
947 1324 963 1342 »
994 1314 1044 1352 40

261 1388 276 1405 »
331 1371 628 1422 Theopompum
949 1385 965 1402 »
994 1367 1044 1405 35

261 1448 277 1464 »
333 1431 615 1480 Hieronymum
950 1445 966 1462 »
995 1427 1045 1464 28

260 1508 276 1524 υ
330 1493 524 1539 Marsyam

261 1565 277 1583 11
334 1549 602 1586 Philochorum
997 1546 1046 1583 23

261 1625 278 1641 =›
333 1608 472 1647 Euseb.
501 1610 566 1646 Gr.

262 1683 278 1701 »
334 1667 474 1705 Euseb.
491 1669 596 1705 Arm.
613 1680 650 1718 p.
671 1679 757 1714 171,
771 1664 830 1703 ed.
845 1664 936 1702 Mai.
953 1681 967 1698 u
996 1677 1045 1702 22

155 1732 359 1770 Archelaus
377 1731 515 1770 deinde
535 1731 709 1782 regnavit
727 1729 935 1768 secundum
958 1730 1181 1780 Dexippum

156 1805 219 1842 ap.
242 1791 406 1841 Syncell.
424 1805 462 1842 p.
487 1793 575 1839 263,
602 1797 645 1835 14
665 1790 787 1836 annis,
810 1789 1019 1827 secundum
1037 1788 1183 1826 Diodo—

157 1865 243 1889 rum
264 1852 384 1902 (XIV,
415 1851 494 1900 35),
528 1865 548 1898 7
571 1850 691 1888 annis.
719 1849 835 1887 Vides
869 1857 1108 1898 quantopere
1141 1847 1181 1884 in

156 1910 217 1947 his
234 1918 366 1959 regnet
382 1922 564 1946 numerus
581 1917 712 1946 noster
729 1908 979 1959 septenarius.
1006 1907 1118 1945 Plura
1144 1919 1180 1943 v.

158 1982 220 2020 ap.
242 1969 407 2006 Clinton.
427 1982 464 2019 p.
489 1969 564 2005 218
582 1981 665 2019 sqq.
686 1975 724 2005 et
743 1968 904 2006 Ritschl.
919 1967 959 2005 in
977 1970 1182 2006 Commen-

144 2035 224 2067 tat.
242 2027 289 2065 de
309 2027 447 2078 Agath.
464 2027 542 2065 vita
560 2041 597 2079 p.
614 2032 636 2071 4
658 2040 741 2077 sqq.

450 2120 588 2170 Epoch.
604 2120 667 2169 59.
685 2132 739 2158 vs.
755 2120 888 2167 74-75.

217 2201 323 2255 Ιέ’λ]ᾳ
340 2201 534 2253 supplevit
549 2201 708 2239 Palmer.
726 2202 821 2238 Cum
838 2202 980 2239 Nostro
996 2199 1185 2237 consentlt

160 2262 286 2299 Schol.
306 2261 504 2312 Aristoph.
526 2261 622 2299 Ach.
661 2274 721 2299 10.
742 2260 798 2298 Cf.
814 2261 1020 2298 Hermann.
1042 2261 1183 2310 Opusc.

160 2322 212 2370 ΙΙ,
228 2335 265 2372 p.
289 2323 374 2359 161.

438 2409 579 2457 Epoclz.
603 2407 664 2446 60.
682 2419 741 2447 VS.
763 2406 902 2454 75-76.

217 2496 345 2547 Ἧ]σαν
357 2495 583 2541 Chandler.;
603 2495 760 2532 Palmer.
771 2495 896 2532 voluit
911 2493 1077 2533 ἐδίωσαν.

215 2558 367 2607 Olymp.
389 2556 454 2603 84,
474 2556 495 2592 3
521 2553 727 2604 Euripides
745 2554 872 2604 primo
890 2554 1050 2604 praemio
1071 2566 1184 2591 orna-

163 2627 225 2656 tus
241 2626 298 2655 est
314 2617 434 2654 aetatis
445 2627 546 2653 anno
563 2619 585 2658 4
596 2628 625 2652 1.
637 2613 810 2651 Docendi
825 2613 976 2650 initium
991 2613 1132 2650 fecerat
1148 2620 1186 2649 et

165 2677 276 2714 tertio
305 2674 463 2727 praemio
501 2680 661 2710 ornatus
699 2680 778 2719 est,
815 2685 888 2709 sec.
919 2672 995 2709 Vit.
1028 2672 1183 2722 Eurip.,

164 2737 317 2786 Olymp.
337 2735 399 2780 81,
421 2748 463 2780 ,1‚
493 2732 614 2770 aetatis
635 2745 736 2769 anno
764 2731 836 2778 253
856 2731 975 2781 igitur
1007 2737 1051 2775 14
1077 2731 1185 2768 11111115

164 2805 250 2847 post
269 2796 421 2846 Olymp.
444 2795 507 2842 84,
530 2795 565 2831 3.
584 2793 649 2831 Sin
668 2793 834 2830 Gellium
853 2791 998 2837 audias,
1022 2790 1185 2828 docendi

164 2857 316 2893 initium
336 2854 466 2892 fecerit
486 2853 607 2890 aetatis
624 2866 724 2890 anno
743 2851 892 2890 decimo
910 2860 1059 2898 octavo,
1081 2849 1186 2900 quod

165 2925 301 2964 septem
324 2914 432 2951 annis
455 2913 585 2951 differt
601 2911 650 2950 ab
671 2912 719 2950 iis
736 2903 822 2962 qua}
850 2910 966 2948 habet
986 2910 1085 2950 Vitae
1104 2913 1185 2948 Eu-

167 2974 239 3023 rip.
261 2981 406 3010 auctor.

454 3032 665 3080 Epoch.61.
682 3043 735 3069 vs.
757 3030 894 3077 76-77.

219 3101 273 3139 Cf.
295 3114 354 3151 ep.
389 3102 450 3139 58.
478 3105 521 3139 In
545 3101 740 3138 archontis
761 3099 917 3137 1101111110
941 3110 1028 3135 011111
1044 3099 1187 3135 Nostro

168 3166 258 3204 facit
293 3166 495 3203 Athenaeus
515 3170 564 3214 V,
602 3180 638 3217 p.
677 3167 753 3204 218
787 3169 835 3203 D.
865 3163 1061 3204 Diodorus
1097 3175 1188 3200 eun-

173 3225 259 3262 dem
279 3225 371 3262 dicit
388 3224 642 3277 Ἀριστόφυλος.
667 3226 789 3263 Falso.

488 3303 627 3350 Epoclz.
649 3302 777 3349 62,vs.
799 3315 860 3349 77.

224 3375 268 3410 In
295 3384 451 3409 numero
474 3386 544 3423 pro
566 3373 914 3412 Seldiaualectione
929 3364 1009 3414 s'll
1038 3369 1186 3408 Chaud-

1050 173 1356 216 ANNOTATIO

1224 283 1292 321 ler.
1323 282 1430 321 dedit
1457 274 1539 325 llll
1559 290 1571 335 3
1597 283 1662 322 sed
1683 283 1778 322 illud
1801 283 1841 320 in
1864 283 1991 334 lapide
2005 295 2087 321 esse
2107 295 2129 320 a
2149 284 2242 320 For—

1225 350 1328 380 stero
1348 342 1580 391 affirmatur-3
1594 343 1758 393 ideoque
1774 342 1868 380 nihil
1887 341 2156 392 corrigendum
2176 347 2244 378 est.

1226 399 1370 439 Debuit
1397 401 1499 438 enim
1539 401 1744 439 Marmoris
1782 409 1918 438 auctor
1951 399 2118 437 scribere
2149 402 2220 442 144
2233 425 2245 447 ,

1227 459 1407 510 quoniam
1424 462 1635 497 Euctemon
1649 460 1793 497 archon
1806 472 1827 496 a
1846 458 2023 496 Diodoro
2036 459 2247 508 assignatur

1227 519 1382 569 Olymp.
1399 519 1464 568 93,
1487 532 1519 556 1.
1542 521 1664 569 Atque
1680 519 1769 556 huic
1786 531 1886 555 anno
1903 517 2082 567 Dionysii
2096 515 2248 553 initium

1229 576 1364 615 tribuit
1387 580 1521 615 Canon
1543 576 1782 627 Hieronymi.
1799 575 1958 614 Rectius
1986 588 2080 613 vero
2107 572 2248 612 Euseb.

1228 638 1332 674 Arm.
1371 649 1452 673 rem
1481 635 1593 686 ponit
1618 635 1668 673 ad
1694 636 1848 686 Olymp.
1870 635 1943 684 93,
1976 635 2249 672 3.--Graecus

1229 697 1362 733 Canon
1381 693 1519 732 Euscb.
1541 707 1626 732 eam
1645 693 1831 732 adscribit
1845 693 2002 744 Olymp.
2018 698 2084 742 94,
2103 693 2126 730 3

1519 769 1656 818 Epoclz.
1667 769 1732 806 63.
1743 781 1800 806 vs.
1825 769 1960 815 77-78.

1283 841 1464 892 Explevit
1483 841 1663 886 Palmer.;
1682 853 1886 878 numerum
1918 852 2013 877 vero
2047 837 2154 876 dedit
2179 851 2248 885 77,

1231 913 1351 938 annos
1371 908 1599 951 computans
1629 912 1678 937 ex
1697 899 1772 937 illis
1792 898 1961 936 numeris
1980 898 2047 948 qui
2066 898 2107 935 in
2123 895 2250 948 lapide

1231 959 1410 1008 leguntur
1439 972 1501 1010 ep.
1538 959 1586 996 50
1620 967 1659 996 et
1693 958 1742 995 53
1779 957 1871 1010 (222
1904 965 1942 995 01
1982 956 2093 1008 145),
2123 963 2255 994 contra
2282 950 2286 956 ’

1232 1019 1384 1056 Boeckh.
1405 1018 1560 1068 scripsit
1577 1019 1641 1065 78,
1660 1017 1801 1055 rectius
1822 1029 1984 1067 sequens
2003 1028 2116 1054 veros
2135 1026 2255 1053 annos

1232 1077 1474 1124 archontum,
1496 1077 1544 1114 ad
1558 1089 1656 1127 quos
1673 1076 1867 1126 pertinent
1884 1075 2054 1126 epochae.

1286 1139 1344 1174 De
1363 1148 1404 1174 re
1431 1136 1588 1173 Clinton
1607 1134 1656 1172 ad
1686 1135 1842 1184 Olymp.
1872 1135 1936 1183 93,
1963 1134 1984 1171 3
2006 1133 2083 1171 ita:
2104 1149 2120 1164 «
2142 1130 2257 1170 Euri-

1235 1195 1343 1246 pides
1362 1195 1544 1241 moritur,
1574 1193 1694 1232 Callia
1724 1193 1909 1230 archonte
1925 1190 2174 1243 (Apollodor.
2195 1202 2257 1240 ap.

1237 1253 1399 1292 Diodor.
1415 1256 1526 1300 XIII,
1543 1253 1632 1304 103)
1643 1252 1815 1303 quinque
1828 1260 1866 1288 et
1883 1251 2127 1302 septuaginta
2139 1262 2260 1287 annos

1236 1321 1359 1350 natus.
1377 1316 1524 1350 Auctor
1542 1312 1641 1349 Vitae
1660 1310 1939 1362 ap.Emsleinm
1960 1324 1968 1346 :
1992 1307 2259 1359 Ἐτελεύτησεν,

1236 1369 1283 1414 ὥς
1296 1386 1382 1424 φησι
1398 1368 1615 1422 Φιλόχορος,
1636 1368 1723 1422 ὑπὲρ
1749 1368 1795 1407 τὰ
1817 1366 2059 1418 ἑὸδομήκοντα
2085 1365 2147 1412 ἔτη
2161 1380 2260 1417 γεγο-

1237 1429 1323 1477 νὼς,
1346 1431 1392 1473 ὡς
1414 1427 1450 1467 δὲ
1468 1427 1741 1482 Ἐρατοσθένης,
1761 1429 1818 1466 σε’.
1838 1430 1928 1465 Haec
1946 1426 2165 1465 testimonla
2183 1438 2261 1463 cer-

1240 1499 1278 1527 ta
1298 1497 1407 1536 suut,
1431 1497 1469 1526 et
1498 1489 1728 1526 confirmant
1745 1499 1790 1523 ea
1808 1499 1894 1536 quae
1914 1493 2100 1536 praeterea
2116 1483 2164 1521 de
2183 1486 2262 1522 Eu-

1239 1549 1374 1599 ripidis
1394 1549 1472 1586 vita
1502 1555 1702 1598 comperta
1720 1545 1920 1583 habemus.
1942 1544 2079 1583 Callias
2103 1544 2153 1593 [a.
2173 1542 2263 1593 406]

1242 1608 1290 1655 75
1306 1608 1350 1631 ²¹¹⁵
1373 1607 1516 1645 archon
1537 1614 1595 1643 est
1620 1619 1642 1643 a
1661 1603 1828 1644 Calliade
1847 1602 1971 1655 [480]
2002 1605 2137 1652 Itaque
2161 1601 2263 1649 74²¹¹⁸

1240 1675 1364 1718 poetae
1377 1679 1499 1703 annus
1515 1664 1731 1714 completus
1747 1671 1829 1701 erat
1841 1661 2120 1700 Boedromione
2136 1659 2264 1698 Calliae

1240 1725 1448 1763 archontis.
1470 1722 1745 1761 Philochorum
1767 1721 1940 1771 sequitur
1957 1720 2122 1757 Thomas
2140 1718 2263 1769 Magi·

1240 1793 1329 1822 ster.
1347 1783 1581 1834 Eurip.Vit.:
1599 1779 1712 1835 Ὑπὲρ
1726 1780 1770 1818 τὰ
1781 1778 2023 1831 ἑὸδομήκοντα
2034 1776 2094 1825 ἔτη
2107 1776 2263 1829 γεγονώς.

1242 1842 1504 1881 Eratosthenis
1525 1853 1729 1878 numerum
1750 1846 1906 1877 servant
1925 1837 2060 1876 Suidas
2077 1851 2114 1874 v.
2136 1837 2264 1888 Εὖριπ.

1242 1911 1279 1940 01
1295 1901 1569 1952 Moschopulus
1579 1900 1655 1937 Vit.
1665 1899 1798 1949 Eurip.
1815 1913 1824 1936 :
1841 1895 1934 1943 Ἔτη
1946 1894 2151 1948 βεόιωκέναι
2161 1893 2266 1948 φασὶν

1243 1960 1346 1999 αὐτὸν
1381 1958 1624 2009 ἑὸδομήκοντα
1657 1957 1772 1996 πέντε.
1804 1956 2011 2006 Euripides
2038 1955 2175 1992 eodem
2202 1953 2267 1991 die
2284 1995 2286 1997 ,

1243 2034 1320 2071 quo
1343 2020 1548 2068 Dionysius
1569 2017 1810 2067 tyrannidem
1836 2014 2052 2066 occupavit.
2073 2012 2264 2067 Plutarch.

1243 2083 1419 2130 Sympos.
1430 2080 1538 2124 VIII,
1553 2091 1566 2113 1
1576 2107 1584 2115 .
1599 2080 1735 2127 Itaque
1748 2075 1845 2113 obiit
1860 2083 1964 2111 sexto
1977 2073 2106 2112 Calliae
2123 2085 2264 2110 mense.

1243 2141 1327 2176 Jam
1366 2145 1560 2175 mortuum
1596 2136 1713 2173 fuisse
1755 2142 1893 2172 octavo
1921 2131 2038 2182 hujus
2073 2131 2267 2169 archontis

1245 2210 1374 2235 mense
1407 2210 1455 2233 ex
1483 2195 1681 2246 Aristoph.
1712 2194 1833 2232 Ranis
1864 2190 2144 2242 cognoscimus.
2178 2193 2266 2228 Non

1244 2263 1419 2294 accurate
1444 2258 1578 2292 Marm.
1607 2257 1691 2291 Par.
1721 2265 1782 2303 ep.
1817 2252 1866 2296 64
1892 2263 1980 2287 011111
1996 2249 2184 2300 Antigene
2204 2261 2269 2285 ar-

1244 2315 1385 2352 chonte
1416 2312 1559 2351 obiisse
1589 2312 1716 2350 tradit.
1732 2329 1748 2345 »
1769 2310 1846 2349 Sed
1871 2308 2078 2348 Marmoris
2101 2307 2269 2346 rationes

1245 2372 1439 2425 approbat
1472 2372 1625 2410 Boeckh.
1658 2389 1674 2405 «
1703 2369 1891 2408 Archonti
1937 2367 2088 2415 Calliae,
2121 2365 2269 2416 inquit,

1244 2434 1398 2483 Olymp.
1416 2432 1480 2483 93,
1504 2433 1542 2479 3,
1563 2429 1760 2481 Euripidis
1779 2427 1929 2466 obitum
1955 2425 2122 2476 assignat
2150 2422 2268 2474 Apol-

1244 2491 1421 2539 lodorus,
1446 2503 1562 2541 quem
1590 2502 1709 2540 quum
1739 2494 1891 2524 secutus
1923 2497 2046 2523 essem
2071 2484 2140 2521 Gr.
2171 2489 2267 2532 trag.

1245 2551 1366 2602 princ.
1387 2563 1426 2601 p.
1450 2562 1538 2597 209,
1556 2548 1716 2599 posthac
1735 2546 1879 2584 accessi
1891 2544 2004 2582 Pario
2018 2545 2268 2582 Commentat.

1244 2611 1292 2648 de
1310 2609 1502 2659 Dionysiis
1515 2608 1569 2659 (in
1580 2612 1659 2644 Act.
1674 2605 1791 2644 Acad.
1806 2608 1957 2642 Boruss.
1977 2603 2045 2640 181
2055 2602 2092 2653 7)
2107 2614 2190 2652 cap.
2205 2613 2268 2647 2ο,

1244 2677 1323 2706 not.
1345 2681 1431 2705 120.
1451 2665 1715 2717 Apollodorus
1736 2661 2070 2715 quidemuobitum
2091 2668 2129 2698 et
2151 2658 2268 2698 Euri-

1244 2727 1343 2778 pidis
1360 2735 1397 2763 et
1414 2725 1613 2776 Sophoclis
1631 2724 1687 2761 illi
1709 2722 1886 2760 tribuerit
1901 2733 2015 2768 anno,
2033 2718 2138 2769 quod
2153 2721 2268 2756 Ranae

1245 2784 1513 2834 Aristophanis
1544 2782 1674 2820 fabula
1694 2789 1776 2819 tum
1803 2780 1927 2827 docta,
1954 2786 1993 2815 et
2023 2776 2153 2829 paullo
2180 2783 2268 2814 ante

1245 2844 1394 2881 doctam
1419 2842 1515 2879 hanc
1538 2840 1734 2878 debebant
1765 2839 1819 2876 illi
1847 2836 2018 2875 defuncti
2042 2835 2180 2882 statui3
2201 2833 2267 2872 sed

1251 2906 1368 2941 Ranae
1397 2900 1524 2938 sabula
1552 2900 1665 2937 docta
1701 2897 1865 2944 Lenaeis‚
1900 2910 1984 2947 quae
2013 2893 2268 2933 demonstravi

1246 2960 1468 3000 Gamelione
1499 2957 1661 3008 septimo
1693 2969 1823 2994 mense
1841 2964 1924 2993 acta
1943 2968 2024 2992 esse
2036 2983 2047 3001 ,
2066 2962 2104 2991 et
2124 2951 2268 3004 proba-

1246 3021 1323 3059 bile
1341 3027 1397 3057 est
1416 3017 1646 3055 comoediam
1665 3016 1782 3062 illam,
1805 3028 1891 3066 quae
1911 3013 2028 3052 scribi
2047 3026 2125 3050 non
2143 3011 2268 3063 potuit

1248 3087 1335 3118 ante
1352 3076 1547 3128 Euripidis
1570 3083 1609 3113 et
1626 3074 1826 3126 Sophoclis
1847 3073 1996 3111 obitum
2009 3101 2019 3119 ,
2049 3084 2132 3109 esse
2159 3070 2266 3108 ince-

1248 3147 1354 3190 ptam
1370 3136 1418 3175 ab
1434 3135 1690 3185 Aristophane
1703 3140 1806 3171 certe
1823 3146 1889 3170 sex
1908 3139 2054 3182 septem
2075 3128 2268 3167 mensibus
2297 3179 2302 3182 Β

1248 3206 1451 3247 antequam
1475 3201 1662 3246 ageretur.
1681 3193 1846 3230 Multum
1869 3191 1970 3228 enim
1992 3187 2174 3239 temporis
2196 3199 2268 3237 po—

1249 3255 1414 3295 stulabat
1443 3260 1482 3290 et
1512 3251 1672 3302 scriptio
1695 3259 1734 3288 et
1767 3249 1970 3287 modorum
1994 3256 2031 3285 et
2059 3245 2268 3285 saltationis
2310 3259 2314 3262 ·

1249 3313 1462 3359 adon-natio,
1484 3319 1562 3348 tum
1582 3323 1673 3347 vero
1693 3309 1803 3346 chori
1831 3307 2065 3345 exercitatio.
2085 3309 2140 3343 Ac
2159 3304 2209 3352 si,
2227 3311 2268 3340 ut

1251 3373 1432 3419 traditur,
1463 3368 1670 3420 Sophocles
1706 3375 1794 3418 post
1824 3365 2044 3416 Euripidem
2079 3362 2195 3410 obiit,
2231 3368 2267 3399 et
2293 3375 2306 3412 ,χ

2274 3433 2320 3684 3

2301 3241 2320 3249 »-
