2320 3684
143 222 216 253 342

193 302 307 353 Apud
323 300 566 339 Memnonem
592 299 631 335 in
657 295 786 336 Photii
807 294 893 332 cod.
915 300 1003 338 224,
1020 307 1059 344 p.
1085 293 1160 329 228

141 363 254 399 Bekk.
276 375 343 398 rex
362 361 424 396 ille
458 357 565 395 audit
590 352 741 402 Ζηίλας,
760 367 823 404 ap.
858 352 985 391 Strab.
1009 354 1101 399 XII,
1124 357 1159 397 4,

139 434 178 472 p.
200 422 248 458 50
265 419 438 458 Tauchu.
466 415 599 462 Ζήλας,
619 428 681 465 ap.
702 413 906 450 Arrianum
927 413 965 449 in
986 410 1159 449 Eustath.

139 479 226 518 libr.
245 482 300 516 111
321 477 463 524 Iliadis,
477 478 602 512 Tzetz.
615 473 711 511 Chil.
731 475 806 517 III,
826 472 912 518 115,
928 469 1160 520 968,Steph.

140 542 178 581 B.
207 552 244 575 v.
271 539 442 589 Πραῧσα,
471 538 512 572 P.
536 537 706 583 Trogum
738 533 778 570 in
805 532 958 582 Prolog.
993 533 1161 576 XXVII,

139 595 292 643 Ζιήλας,
320 597 462 638 Zielas;
504 593 645 629 citante
670 591 854 639 Luchtio,
892 591 958 641 qui
997 590 1163 628 conferri

134 655 243 705 jubet
271 654 460 691 valesium
480 651 529 689 ad
553 650 688 700 Polyb.
706 653 923 698 XXXVII,
946 663 982 696 2,
1004 652 1165 687 Werns-

139 714 237 751 dorf.
261 716 318 750 De
347 710 498 762 republ.
526 710 648 748 Galat.
667 713 734 757 lv,
754 723 791 758 2,
816 723 855 761 p.
878 711 966 758 133,
988 708 1162 746 Diibner.

139 772 186 809 ad
206 771 343 810 Justin.
358 773 532 817 XXVII,
546 770 582 816 3,
596 768 785 807 Niebuhr.
804 771 949 820 Opusc.
968 782 1007 819 p.
1021 767 1108 815 337.

526 915 678 955 LIBER
711 916 796 954 XV.

627 1002 688 1039 33.

422 1078 617 1116 Parthenii
645 1078 801 1117 Erotica
827 1079 885 1116 15.

501 1161 604 1193 ΠΕΡΙ
624 1162 739 1193 ΔΑΦΝ
741 1162 806 1193 ΗΣ.

180 1229 219 1260 'n
234 1229 354 1271 ἱστορία
369 1229 452 1272 παρὰ
476 1230 624 1272 Διοδώρῳ
640 1233 685 1271 τῷ
699 1230 826 1272 Ἐλα·ί’τῃ
853 1230 884 1262 ἐν
894 1231 1060 1272 Ἐλεγείαις
1074 1233 1127 1263 καὶ

523 1277 680 1319 Φυλάρχῳ
694 1278 725 1309 ἐν
738 1278 786 1309 ιε’.

191 1355 279 1408 Περὶ
294 1358 356 1403 τῆς
375 1355 533 1408 Ἀμύκλα
549 1357 714 1411 θυγατρὸς
732 1357 814 1396 τάδε
834 1357 974 1409 λέγεται
999 1359 1142 1413 Δάφνης
1157 1376 1165 1384 ·

137 1412 225 1461 αὕτη
243 1413 284 1452 τὸ
303 1413 366 1465 μὲν
397 1414 489 1453 ἅπαν
508 1417 555 1458 εἰς
586 1415 687 1454 πόλιν
705 1417 743 1453 οὐ
762 1416 883 1468 κατῄει
896 1447 906 1465 ,
939 1417 1012 1455 οὐδ’
1043 1419 1168 1470 ἀνεμί-

136 1487 238 1524 σγετο
254 1479 330 1516 ταῖς
344 1474 481 1517 λοιπαῖς
497 1473 695 1528 παρθένοις·
715 1475 1028 1529 παρεσκευασμένη
1050 1476 1085 1515 δὲ
1101 1493 1168 1515 πυ-

136 1530 220 1573 κνὰς
239 1530 369 1583 λύγκας
388 1532 547 1586 ἐθήρευεν
567 1532 660 1572 ἔστιν
685 1533 742 1572 ὅτε
763 1534 823 1573 καὶ
854 1536 889 1573 ἐν
909 1538 953 1588 τῇ
974 1537 1166 1587 Λακωνικῇ

137 1589 197 1628 καὶ
214 1591 430 1644 ἐπιφοιτῶσα
447 1593 494 1635 εἰς
516 1590 560 1630 τὰ
584 1592 691 1630 λοιπὰ
709 1595 772 1640 τῆς
791 1594 1063 1642 Πελοποννήσου
1080 1595 1145 1649 ὅρη
1156 1627 1166 1646 ,

139 1648 183 1685 δι’
200 1650 242 1695 ἣν
261 1649 375 1687 αἰτίαν
396 1650 493 1701 μάλα
510 1651 723 1703 καταθύμιος
737 1647 780 1700 ἦν
798 1652 994 1707 Ἀρτέμιδι,
1011 1653 1071 1692 καὶ
1101 1656 1167 1693 αὐ-

135 1708 199 1756 τὴν
220 1709 372 1762 εὔστοχα
390 1711 529 1763 βάλλειν
547 1713 668 1751 ἐποίει.
687 1713 828 1761 Ταύτης
844 1714 924 1768 περὶ
939 1713 1003 1762 τὴν
1024 1715 1166 1755 Ἠλείαν

137 1767 320 1827 άλωμένης
339 1769 559 1818 Λεύκιππος,
583 1772 762 1824 Οἰνομάου
787 1778 870 1817 παῖς
884 1804 893 1822 ,
915 1775 962 1817 εἰς
981 1775 1166 1827 ἐπιθυμίαν

137 1827 239 1875 ἦλθε,
259 1826 319 1865 καὶ
347 1828 387 1867 τὸ
417 1829 480 1880 μὲν
509 1831 623 1874 ἄλλως
641 1847 715 1875 πως
735 1833 841 1878 αὐτῆς
863 1835 1049 1886 πειρᾶσθαι
1076 1833 1166 1872 ἀπέ-

136 1900 209 1935 γνω
221 1916 231 1933 ,
268 1887 528 1941 ἀμφιεσάμενος
565 1888 601 1927 δὲ
631 1890 828 1940 γυναικείας
862 1890 1065 1939 ἀμπεχόνας
1107 1893 1166 1932 καὶ

137 1944 317 1994 ὁμοιωθεὶς
336 1945 422 1999 κόρῃ
442 1947 613 2000 συνεθήρα
638 1950 740 2002 αὐτῇ.
762 1949 898 2002 Ἔτυχε
924 1949 962 1988 δέ
984 1967 1059 1995 πως
1078 1953 1166 2005 αὐτῇ

137 2002 227 2042 κατὰ
245 2008 324 2042 νοῦν
340 2005 523 2056 γενόμενος
536 2037 546 2056 ,
564 2008 603 2045 οὖ
621 2008 730 2059 μεθίει
749 2025 786 2047 τε
801 2009 903 2048 αὐτὸν
919 2011 1167 2063 οἰμφιπεσοῦσά

136 2078 174 2100 τε
205 2063 264 2101 καὶ
291 2063 508 2118 ἐξηρτημένη
538 2072 654 2104 πᾶσαν
687 2065 792 2121 ὥραν.
823 2067 1004 2107 Ἀπόλλων
1038 2068 1074 2107 δὲ
1108 2071 1167 2110 καὶ

138 2119 240 2164 αὐτὸς
255 2124 318 2168 τ’ῆς
336 2122 460 2166 παιδὸς
476 2122 573 2177 πόθῳ
591 2123 773 2176 καιόμενος
794 2127 880 2179 ὀργῇ
909 2143 946 2165 τε
966 2127 1026 2165 καὶ
1055 2127 1168 2182 φθόνῳ

137 2178 251 2230 εἴχετο
267 2183 327 2218 τοῦ
348 2181 551 2220 Λευκίππου
581 2182 758 2232 συνόντος,
791 2184 850 2222 καὶ
883 2185 940 2223 ἐπὶ
969 2189 1049 2224 νοῦν
1081 2189 1167 2234 αὖτῆ

139 2237 261 2288 βάλλει
279 2238 339 2277 σὺν
354 2246 431 2284 ταῖς
447 2242 585 2284 λοιπαῖς
605 2241 787 2296 παρθένοις
811 2243 868 2281 ἐπὶ
892 2243 1023 2297 κρήνην
1042 2232 1166 2283 ἐλθούζ

137 2312 214 2339 σαις
233 2297 403 2337 λούεσθαι.
418 2298 532 2338 Ἔνθα
552 2301 594 2348 δὴ
612 2304 658 2344 ὡς
675 2301 884 2355 ἀφικόμεναι
899 2303 1169 2343 ἀπεδιδύσκοντο

137 2355 196 2393 καὶ
215 2355 332 2410 ἑώρων
361 2358 418 2396 τὸν
453 2358 654 2398 Λεύκιππον
676 2361 725 2411 μὴ
748 2361 969 2413 βουλόμενον,
986 2362 1170 2416 περιέῤῥη-

138 2414 199 2458 ξαν
218 2414 332 2454 αὐτόν·
355 2420 529 2468 μαθοῦσαι
555 2419 591 2456 δὲ
625 2421 688 2466 τὴν
707 2419 845 2467 ἀπάτην
864 2421 922 2459 καὶ
951 2423 998 2464 ὡς
1016 2421 1168 2459 ἐπεὸού-

137 2475 236 2512 λευεν
267 2476 386 2519 αὐταῖς
419 2483 532 2515 πᾶσαι
553 2478 716 2528 μεθίεσαν
753 2482 800 2522 εἰς
817 2479 919 2518 αὐτὸν
942 2480 1004 2524 τὰς
1024 2480 1167 2534 αἰχμάς.

522 2625 672 2664 LIBER
701 2626 784 2666 XV.

630 2697 650 2729 3
657 2697 676 2729 3
683 2719 690 2727 .

526 2767 578 2790 nn
608 2768 772 2792 narium.

182 2804 260 2835 Haec
276 2803 479 2837 narratio⁴est
495 2806 582 2847 apud
604 2807 783 2839 Diodorum
798 2807 939 2840 Elaitam
954 2808 987 2840 iu
1004 2809 1122 2849 Elegiis
1139 2809 1173 2840 et
1200 2787 1204 2840 l

139 2850 354 2890 Phylarchum
369 2853 450 2885 libro
461 2853 575 2894 quinto
590 2853 715 2886 decimo
727 2854 798 2896 [qui
807 2855 970 2896 Daphnes
980 2859 1174 2890 meminisse

140 2896 278 2929 videtur
288 2900 325 2930 in
339 2900 441 2931 rebus
457 2900 642 2941 Lysandri,
659 2910 767 2943 quum
781 2901 847 2938 hic,
866 2902 1126 2941 Mandroclidas
1141 2908 1176 2938 et

140 2943 321 2980 Aqesilaus
337 2948 524 2986 spartanis
540 2949 766 2981 oraculorum
782 2957 804 2981 a
814 2950 975 2989 pecunioe
989 2958 1107 2983 amore
1119 2961 1173 2985 eos

141 2988 398 3026 dehorlantz‘um
411 2997 656 3028 auctoritatem
671 2996 980 3038 commendarent]-

184 3041 231 3070 Dc
252 3040 384 3080 Daphne
409 3043 550 3082 Amyclae
579 3045 643 3076 illia
657 3067 666 3083 ,
686 3044 859 3076 traduntur
878 3045 973 3076 haec:
996 3047 1032 3077 In
1058 3046 1170 3079 urbem

144 3085 276 3117 omnino
293 3095 353 3117 uon
373 3087 449 3127 ibat,
467 3099 573 3130 neque
589 3100 664 3122 cum
680 3091 810 3132 reliquis
825 3090 1007 3132 virginibus
1022 3093 1170 3125 versaba-

145 3135 196 3162 tur
201 3154 335 3162 ...........
352 3133 460 3173 lynces
474 3137 652 3170 venabatur
667 3138 830 3170 interdum
844 3139 876 3170 et
890 3138 922 3169 in
937 3139 1075 3171 Laconia
1092 3142 1125 3172 et
1139 3140 1172 3172 in

146 3177 275 3217 reliquis
288 3179 496 3219 Peloponnesi
506 3183 681 3222 montibus,
698 3194 796 3225 quam
813 3185 855 3217 cb
872 3193 1019 3217 caussam
1035 3187 1173 3226 gratissi-

145 3232 196 3254 ma
212 3227 278 3255 erat
303 3224 413 3256 Dianae
426 3250 434 3264 ,
452 3236 525 3267 quac
540 3238 611 3261 eam
627 3231 750 3263 felicem
768 3232 799 3263 in
819 3232 995 3273 jaculando
1019 3233 1169 3265 reddidit.

145 3270 225 3309 Ejus
240 3278 339 3310 prope
364 3272 473 3303 Eleam
497 3274 677 3308 oberrantis
702 3287 811 3311 amore
833 3282 947 3320 captus
969 3281 1019 3312 est
1041 3282 1172 3322 Leucip-

146 3325 206 3356 pus
222 3317 374 3347 OEnomai
394 3317 496 3357 filius;
510 3321 566 3360 qui
580 3345 589 3359 ,
613 3332 715 3363 quum
739 3326 835 3357 aliam
854 3326 938 3358 viam
955 3335 1019 3367 qua
1032 3336 1102 3359 eam
1120 3337 1171 3370 ag-

146 3362 328 3402 grederetur
354 3373 417 3395 non
456 3366 604 3406 haberet,
631 3372 775 3405 vestibus
796 3374 1009 3406 muliebribus
1034 3375 1169 3408 indutus

148 3408 326 3449 puellaeque
340 3411 477 3449 speciem
492 3415 647 3446 exhibens
667 3426 740 3449 cum
758 3428 794 3450 ea
814 3420 1002 3453 venabatur.
1025 3424 1100 3454 Erat
1119 3432 1169 3454 au-

851 204 1148 245 PHYLARCHI
1177 204 1510 244 FRAGMENTA.

1223 290 1294 330 Καὶ
1320 295 1338 331 ὁ
1370 291 1432 343 μὲν
1448 292 1490 340 δὴ
1513 292 1604 332 κατὰ
1637 295 1722 332 θεῶν
1739 293 1903 346 βούλησιν
1927 292 2061 346 ἀφανὴς
2073 293 2247 346 γίγνεται·

1223 349 1425 390 Ἀπόλλωνα
1459 351 1495 390 δὲ
1523 352 1646 406 Δάφνη
1683 353 1740 390 ἐπ’
1769 352 1876 400 αὐτὴν
1912 351 2008 391 ἰόντα
2035 353 2248 407 προϊδομένη

1224 409 1321 461 μάλα
1345 411 1547 464 ἐῤῥωμένως
1563 411 1702 466 ἔφευγεν
1718 427 1726 435 ·
1755 413 1801 455 ὡς
1820 412 1856 449 δὲ
1887 411 2132 461 συνεδιώκετο,
2152 411 2250 466 παρὰ

1224 469 1304 512 Διὸς
1317 471 1465 508 αἰτεῖται
1484 469 1518 515 ἐξ
1537 470 1719 524 ἀνθρώπου
1750 472 2022 521 ἀπαλλαγῆναι,
2049 471 2108 509 καὶ
2141 471 2249 519 αὖτήν

1224 542 1309 581 φασι
1338 528 1498 579 γενέσθαι
1530 528 1570 567 τὸ
1607 529 1746 583 δένδρον
1764 529 1804 567 τὸ
1822 527 2010 576 ἐπικληθὲν
2032 529 2093 568 ἀπ’
2119 526 2253 577 ἐκείνης

1224 585 1368 640 δάφνην.

1277 647 1480 684 Passovius
1494 646 1650 697 conjicit
1662 648 1800 690 πυκνῶς
1814 661 1887 698 pro
1902 647 2002 697 vulg.
2017 653 2169 694 πυκνὰς,
2186 660 2254 686 sen

1225 704 1344 750 addit,
1357 706 1498 743 rectius
1526 705 1683 743 fortasse
1709 704 1842 748 πυκνὰς
1873 707 2058 743 intactum
2089 706 2254 757 relinqui

1226 772 1263 802 et
1295 764 1478 802 nonnulla
1508 773 1597 815 post
1625 765 1722 802 hanc
1743 778 1878 802 vocem
1904 764 2089 803 excidisse
2125 765 2253 804 statui.

1226 825 1306 860 Nec
1333 831 1458 860 tamen
1480 831 1538 861 est
1567 837 1635 861 cur
1669 824 1920 862 Parthenium
1951 822 2087 866 πυκνὰς
2122 821 2254 875 λύγκας

1227 881 1424 932 scripsisse
1460 882 1645 929 nolimus,
1669 895 1789 932 quum
1823 883 1863 920 in
1894 883 1941 920 iis
1973 890 2116 933 poetae,
2140 895 2255 933 quem

1228 948 1364 991 praeter
1379 940 1634 991 Phylarchum
1648 949 1735 979 ante
1753 942 1886 979 oculos
1905 940 2088 990 habebat,
2098 941 2256 992 vestigia

1228 1011 1431 1049 agnoscere
1454 1000 1578 1037 liceat.
1598 1003 1775 1038 Fortasse
1792 1009 1880 1039 ante
1897 998 2030 1043 πυκνὰς
2047 1000 2158 1051 plura
2183 1013 2255 1038 ex-

1228 1059 1416 1096 ciderunt.
1455 1058 1640 1096 Luchtius
1677 1059 1895 1110 suspicatur
1925 1056 2059 1102 πυκνὰς
2097 1059 2256 1098 omnino

1228 1118 1560 1155 exterminandum
1586 1130 1678 1155 esse.
1699 1118 1936 1169 Legrandius
1965 1117 2168 1169 proposuit
2187 1116 2255 1155 κύ-

1228 1192 1309 1224 νας,
1339 1177 1510 1226 Heynius
1538 1175 1668 1229 ἄρκυας
1693 1177 1773 1214 sive
1802 1176 1937 1214 δίκτυα.

1282 1237 1472 1274 Plutarch.
1487 1236 1606 1286 Agide
1619 1249 1652 1273 c.
1672 1234 1774 1286 9:²0
1803 1235 1840 1273 δὲ
1872 1235 2064 1289 Φύλαρχος
2098 1234 2257 1287 Ἀμύκλα

1229 1294 1420 1348 θυγατέρα,
1453 1294 1596 1347 Δάφνην
1627 1293 1782 1345 τοῦνομα
1799 1325 1809 1342 ,
1845 1293 1949 1347 φησὶν
1994 1292 2256 1346 ὑποφεύγουσαν

1229 1352 1453 1401 Ἀπόλλωνα,
1485 1351 1692 1404 βουλόμενον
1726 1354 1814 1405 αὐτῇ
1851 1355 2015 1404 μιγῆναι,
2049 1351 2109 1390 καὶ
2141 1367 2256 1403 μετα-

1229 1411 1426 1450 ὅάλλουσαν
1447 1413 1494 1454 εἰς
1523 1410 1563 1449 τὸ
1594 1410 1699 1464 φυτὸν
1726 1412 1761 1448 ἐν
1790 1414 1877 1463 τιμῇ
1906 1415 1966 1450 τοῦ
1992 1414 2070 1449 θεοῦ
2098 1410 2258 1462 γενέσθαι

1228 1470 1286 1509 καὶ
1317 1468 1489 1522 μαντικὴν
1508 1469 1628 1508 λαὸεἷν
1662 1468 1830 1514 ἐξουσίαν.

1282 1533 1359 1569 Cur
1383 1530 1464 1567 haec
1499 1543 1519 1566 a
1545 1529 1761 1578 Phylarcho
1783 1530 1823 1566 in
1843 1529 2022 1566 Historiis
2050 1535 2259 1567 memorata

1227 1589 1314 1637 sint,
1338 1589 1482 1626 clarum
1501 1587 1544 1625 fit
1557 1588 1665 1625 exiis
1678 1601 1764 1638 quae
1777 1587 1878 1638 apud
1894 1587 2140 1624 Plutarchum
2158 1600 2260 1638 prae-

1228 1648 1386 1686 cedunt:
1405 1646 1603 1701 Γραφείσης
1634 1645 1671 1684 δὲ
1695 1650 1758 1694 τῆς
1773 1645 1900 1700 ῥήτρας
1918 1644 1978 1684 καὶ
1997 1646 2066 1684 τῶν
2083 1645 2255 1700 γερόντων

1228 1708 1275 1750 εἰς
1295 1706 1402 1745 ταύτὸ
1419 1711 1494 1749 ταῖς
1509 1704 1665 1757 γνώμαις
1687 1706 1726 1743 οὗ
1755 1703 2041 1758 συμφερομένων,
2067 1703 2257 1751 ἐκκλησίαν

1228 1763 1433 1817 συναγαγὼν
1450 1767 1468 1803 ὃ
1486 1763 1700 1817 Λύσανδρος,
1722 1763 1823 1807 αὐτός
1851 1779 1890 1802 τε
1912 1763 2073 1815 διελέχθη
2091 1768 2162 1807 τοῖς
2192 1777 2259 1802 πο-

1226 1824 1356 1871 λίταις,
1386 1823 1446 1862 καὶ
1477 1821 1761 1876 Μανδροκλείδας
1789 1821 1850 1860 καὶ
1870 1821 2068 1873 Ἀγεσίλαος
2099 1820 2258 1870 ἐδέοντο,

1229 1887 1278 1940 μὴ
1298 1888 1341 1926 δι’
1358 1887 1505 1939 ὀλίγους,
1540 1889 1778 1941 ἐντρυφῶντας
1800 1887 1928 1934 αὐτοῖς,
1945 1886 2110 1939 περιιδεῖν
2134 1887 2259 1939 ἐῤῥιμ-

1229 1946 1332 1998 μένον
1349 1946 1389 1985 τὸ
1403 1946 1542 1998 ἀξίωμα
1560 1949 1621 1993 τ’ἧς
1640 1945 1808 1999 Σπάρτης
1820 1975 1830 1993 ,
1858 1943 1949 1983 ἀλλὰ
1967 1946 2036 1983 τῶν
2064 1960 2103 1983 τε
2125 1945 2258 1997 προτέ-

1229 2022 1297 2060 ρων
1311 2008 1483 2059 χρησμῶν
1505 2008 1763 2057 μνημονεῦσαι,
1789 2003 1852 2051 τὴν
1876 2002 2186 2058 φιλοχρημοσύνην
2211 2005 2260 2047 ὥς

1228 2064 1380 2119 ὀλέθριον
1401 2067 1444 2117 τῇ
1466 2064 1616 2117 Σπάρτῃ
1646 2063 1881 2118 φυλάττεσθαι
1913 2063 2164 2114 κελευομένων,
2197 2062 2258 2102 καὶ

1227 2126 1296 2162 τῶν
1327 2122 1474 2176 ἔναγχος
1500 2124 1540 2161 ἐκ
1564 2122 1763 2176 Πασιφάας.
1782 2121 1888 2175 Ἱερὸν
1923 2121 1958 2159 δὲ
1991 2122 2182 2176 Πασιφάας
2198 2122 2259 2162 καὶ

1230 2188 1390 2234 μαντεῖον
1419 2176 1462 2229 ἦν
1495 2183 1530 2219 ἐν
1558 2181 1763 2232 Θαλαμίαις
1787 2178 2000 2231 τιμώμενον,
2017 2179 2059 2228 ἥν
2085 2195 2174 2223 τινες
2194 2179 2258 2231 μὲν

1228 2244 1404 2295 ἱστοροῦσι
1436 2243 1504 2279 τῶν
1525 2241 1752 2279 Ἀτλαντίδων
1778 2239 1861 2291 μίαν
1880 2233 1985 2277 οὖσαν
2018 2240 2058 2277 ἐκ
2087 2238 2168 2283 Διὸς
2199 2237 2257 2277 τὸν

1229 2300 1404 2353 Ἄμμωνα
1424 2306 1554 2339 τεκεῖν·
1586 2299 1676 2343 τινὲς
1706 2299 1742 2337 δὲ
1771 2298 1984 2351 Κασάνδραν
2006 2296 2070 2344 τὴν
2092 2296 2258 2352 Πριάμου

1229 2362 1487 2409 τελευτήσασαν
1524 2363 1695 2409 ἐνταῦθα,
1734 2359 1795 2398 καὶ
1833 2358 1889 2398 διὰ
1925 2358 1965 2397 τὸ
1997 2364 2087 2396 πᾶσι
2125 2358 2256 2411 φαίνειν

1229 2421 1274 2460 τὰ
1294 2427 1441 2473 μαντεῖα
1469 2419 1662 2474 Πασιφάαν
1693 2420 2046 2473 προσαγορευθεῖσαν.
2076 2419 2259 2470 Sequitur

1231 2481 1435 2532 Phylarchi
1453 2481 1559 2518 locus
1579 2493 1695 2531 supra
1710 2479 1895 2517 laudatus.

1230 2628 1297 2659 tem
1312 2626 1373 2667 ipsi
1387 2627 1496 2667 gratus
1514 2625 1595 2656 adeo
1613 2626 1650 2655 ut
1665 2631 1740 2655 eum
1755 2631 1925 2663 nunquam
1949 2621 2124 2654 dimitteret
2139 2645 2148 2661 ,
2165 2621 2258 2662 cujus

1230 2673 1379 2714 amplexu
1402 2672 1615 2704 delectaretur
1635 2670 1753 2711 cuique
1768 2670 1899 2701 astricta
1934 2671 2022 2702 esset
2048 2668 2138 2701 omni
2166 2669 2256 2700 hora.

1230 2719 1344 2761 Apollo
1358 2727 1435 2751 vero
1449 2718 1505 2759 qui
1521 2720 1554 2750 et
1567 2717 1637 2758 ipse
1657 2716 1773 2757 puellae
1795 2715 1955 2748 desiderio
1981 2715 2116 2748 ardebat
2128 2740 2138 2755 ‚
2156 2716 2258 2748 iratus

1229 2767 1298 2798 erat
1312 2767 1344 2798 et
1357 2764 1524 2797 invidebat
1548 2764 1720 2804 Leucippe,
1736 2762 1824 2803 quod
1841 2771 1917 2794 cum
1931 2763 1988 2794 illa
2001 2763 2186 2795 versaretur
2198 2784 2209 2799 ‚
2226 2764 2260 2795 et

1229 2811 1358 2853 impulit
1370 2820 1443 2844 eam
1459 2812 1496 2842 ut
1510 2810 1551 2843 ad
1577 2810 1701 2842 fontem
1718 2817 1794 2840 cum
1811 2808 1942 2849 reliquis
1961 2809 2077 2850 puellis
2094 2808 2259 2841 accederet
2303 2819 2307 2825 ¹

1230 2862 1270 2895 ad
1295 2861 1480 2894 lavandum.
1496 2863 1568 2898 Quo
1595 2868 1698 2901 quum
1724 2859 1963 2900 pervenissent,
1984 2859 2195 2901 vestibusque
2223 2867 2259 2892 se

1229 2912 1403 2943 exuerent,
1430 2910 1527 2948 atque
1556 2907 1755 2948 Leucippum
1785 2907 1996 2946 refragantem
2023 2906 2182 2946 viderent,
2208 2905 2258 2940 de-
2313 2926 2315 2931 ν

1229 2957 1396 2988 traxerunt
1411 2955 1441 2987 ei
1456 2957 1574 2987 vestes,
1590 2956 1638 2985 Ita
1654 2953 1766 2985 fraude
1779 2955 1811 2984 et
1825 2953 1951 2985 insidiis
1963 2961 2043 2993 quas
2058 2953 2121 2985 sibi
2136 2957 2259 2985 struxe-

1229 3005 1279 3035 rat
1297 3002 1444 3043 cognitis,
1460 3001 1577 3043 Jaculis
1592 3009 1667 3033 eum
1686 3000 1858 3041 petierunt.
1877 3002 1986 3041 Atque
2012 3001 2041 3032 is
2056 3000 2188 3041 quidem
2215 3007 2257 3032 ex

1229 3049 1363 3082 deorum
1392 3049 1559 3081 voluntate
1573 3048 1634 3079 hoc
1651 3047 1747 3078 modo
1762 3046 1908 3078 sublatus
1937 3049 1997 3079 est.
2028 3047 2162 3088 Daphne
2179 3055 2256 3078 vero

1228 3096 1406 3137 Apollinem
1427 3095 1531 3137 ipsam
1547 3096 1710 3136 petentem
1727 3094 1911 3134 conspicata
1928 3093 2104 3126 admodum
2128 3096 2256 3125 strenue
2306 3112 2310 3115 Δ

1229 3142 1322 3184 sugit,
1336 3142 1389 3174 illo
1402 3145 1508 3174 autem
1527 3143 1749 3182 persequente,
1766 3150 1786 3172 a
1800 3143 1880 3172 Jove
1896 3141 1988 3181 petiit
2004 3142 2041 3172 ut
2056 3140 2097 3172 ab
2113 3140 2255 3172 humana

1227 3190 1332 3222 forma
1370 3190 1663 3221 transmutaretur:
1689 3190 1786 3228 atque
1822 3187 1914 3220 aiunt
1945 3196 2016 3219 eam
2041 3188 2074 3219 in
2107 3186 2254 3219 arborem

1228 3244 1416 3268 conversam
1437 3244 1518 3275 esse,
1534 3244 1607 3276 quae
1621 3235 1662 3266 ab
1677 3234 1732 3266 illa
1748 3234 1905 3275 appellata
1921 3233 1963 3266 sit
1976 3233 2114 3274 daphne.

1268 3283 1470 3324 Phylarchus
1487 3282 1588 3315 tradit
1609 3282 1751 3322 Amyclae
1779 3282 1895 3320 filiam,
1921 3281 2053 3313 nomine
2075 3279 2229 3321 Daphnen
2242 3299 2255 3318 ,
2292 3279 2293 3282 ’

1228 3339 1327 3371 quum
1346 3329 1538 3370 Apollinem,
1557 3328 1773 3360 concumbere
1798 3337 1873 3360 cum
1897 3328 1966 3368 ipsa
1982 3327 2155 3365 volentem,
2172 3323 2252 3357 effu·

1227 3378 1326 3418 gisset
1339 3379 1371 3409 et
1389 3377 1421 3408 in
1441 3376 1582 3418 plantam
1597 3377 1722 3408 mutata
1738 3378 1822 3407 essct
1833 3399 1842 3413 ‚
1860 3384 1878 3406 a
1895 3375 1955 3406 deo
1975 3374 2166 3406 honoratam
2179 3378 2252 3404 esse

1234 3424 1466 3464 divinandique
1485 3423 1670 3454 facultatem
1687 3422 1857 3463 accepisse.
