2320 3684
157 179 207 212 48

157 268 299 313 potest,
317 260 385 298 sed
404 261 444 298 in
463 260 529 298 tali
545 259 747 309 scriptore,
767 255 890 307 qualis
907 263 964 294 est
982 255 1043 293 vel
1059 254 1185 293 Hella-

158 320 269 359 nicus
287 319 348 358 vel
380 318 618 363 scholiastes,
646 316 686 353 h.
710 328 742 353 e.
759 314 821 352 vel
841 314 1108 364 antiquissimo
1122 313 1187 351 vel

160 391 278 427 novo,
296 391 422 428 eoque
441 376 636 428 prosaico,
651 373 808 412 videtur
835 372 931 410 mihi
963 371 1107 410 habere
1125 371 1186 409 in-

147 437 288 477 ‚solens
299 435 406 487 quid.
420 434 530 473 Conf.
542 433 671 472 Schol.
687 432 735 469 ad
752 432 887 470 Phoen.
906 432 970 479 61,
982 430 1050 469 ubi
1061 430 1110 468 ad
1123 430 1187 468 illa

160 495 292 542 verba,
315 493 458 545 quibus
483 500 600 543 poeta
623 491 718 529 dicit
739 490 938 541 OEdipum
961 489 1036 528 sibi
1055 489 1188 527 oculos

161 555 318 602 eruisse,
337 553 418 590 haec
439 549 687 602 θᾱάἰῑεὸμοια
722 549 783 588 καὶ
798 547 1043 593 Ἑλλάνικος.»
1064 551 1188 586 Sturz.

650 626 710 664 13.

213 705 396 756 Stephan.
415 708 528 755 Byz.:
550 702 707 754 Ἄλμων,
727 701 827 746 πόλις
843 701 1024 748 Βοιωτίας,
1042 703 1089 744 ὡς
1105 700 1191 740 Ἑλ-

161 762 301 807 λάνικος
315 778 324 787 ·
344 762 405 802 καὶ
422 762 567 813 Σάλμον
587 760 696 808 αὐτήν
715 776 812 815 φησι.
835 762 965 803 κακῶς.

574 925 782 964 ΑΣΩΠΙΣ.

645 1023 705 1062 14.

218 1100 469 1140 Marcellinus
491 1100 532 1137 in
556 1100 647 1139 Vita
666 1099 927 1150 Thucydidis,
951 1111 1030 1137 non
1055 1099 1191 1151 procul

164 1160 213 1199 ab
242 1160 354 1198 initio
374 1159 427 1211 (p.
449 1160 524 1197 313
556 1159 614 1197 ed.
640 1162 794 1210 Popp.)‚
819 1167 1026 1210 postquam
1051 1158 1194 1196 Phere-

164 1220 302 1270 cydem
316 1219 468 1257 dixerat
485 1217 671 1256 Miltiadis
687 1231 806 1269 genus
817 1216 865 1255 ab
881 1218 998 1268 Ajace
1016 1225 1055 1254 et
1073 1219 1192 1254 AEaco

164 1279 372 1326 deducere,
389 1278 573 1331 Μαρτυρεῖ
601 1275 734 1320 τούτοις
747 1306 756 1324 ,
776 1276 923 1327 inquit,
946 1275 1007 1314 καὶ
1023 1274 1194 1313 Ἑλλάνι-

163 1352 221 1380 κος
241 1339 276 1376 ἓν
297 1339 342 1389 τῇ
359 1335 620 1390 ἐπιγραφομένῃ
641 1335 820 1375 Ἆσώπιδι.

482 1487 878 1528 ΔΕΥΚΑΛΙΩΝΕΙΑ.

652 1574 710 1612 15.

215 1639 344 1678 Schoi.
359 1636 540 1689 Apollon.
558 1637 687 1676 Rhod.
709 1640 778 1684 III,
797 1638 911 1685 1084,
929 1645 967 1676 et
982 1638 1192 1677 Phavorin.

163 1700 202 1738 in
223 1713 260 1737 v.
278 1695 463 1738 Θεσσαλία
478 1712 484 1732 :
500 1695 587 1735 ‘'Ori
608 1694 645 1734 δὲ
674 1695 893 1750 Προμηθέως
906 1695 976 1741 υἱὸς
991 1697 1192 1736 Δευκαλίων

163 1757 370 1796 ἐδασίλευσε
387 1754 589 1798 Θεσσαλίας
600 1786 609 1803 ,
626 1754 834 1798 Ἑλλάνικος
853 1754 940 1808 φησί
954 1771 961 1778 ·
983 1755 1043 1793 καὶ
1056 1754 1109 1793 ὅτι
1129 1755 1193 1794 δώ-

164 1817 248 1854 δεκα
266 1817 351 1853 θεῶν
373 1813 491 1866 βωμὸν
511 1812 690 1866 ἱδρύσατο.
708 1818 800 1852 Haec
821 1827 841 1851 e
861 1814 1126 1852 Deucalioniae
1143 1815 1193 1852 li-

163 1875 236 1913 bro
245 1875 368 1925 primo
378 1873 499 1924 petita
512 1885 593 1910 esse
607 1873 748 1910 docent
768 1873 871 1910 idem
892 1872 1021 1911 Schol.
1031 1887 1065 1910 v.
1079 1873 1193 1918 1085,

164 1942 203 1972 et
222 1947 269 1970 ex
289 1945 335 1970 eo
354 1932 520 1970 Phavor.
551 1931 591 1969 in
611 1945 644 1970 v.
671 1930 886 1970 Δευκαλίων·
903 1929 986 1970 Ὅτι
1005 1929 1042 1969 δὲ
1061 1934 1079 1969 δ
1098 1933 1191 1970 Δευ-

164 1989 297 2029 καλίων
330 1989 536 2028 ἐὸασίλευσε
571 1989 796 2041 Θεσσαλίας,
830 1988 1037 2033 “Ελλάνικος
1071 1991 1106 2027 ἐν
1143 1992 1193 2043 τῷ

168 2049 298 2107 πρώτῳ
315 2053 378 2098 τῆς
397 2049 656 2096 Δευκαλιωνίας
674 2049 792 2106 φησὶν,
813 2051 875 2090 καὶ
892 2049 945 2090 ὅτι
968 2051 1036 2090 τῶν
1059 2047 1192 2090 δώδεκα

164 2115 250 2151 θεῶν
270 2110 408 2164 βωμοὺς
425 2114 444 2149 ὁ
465 2110 667 2150 Δευκαλίων
682 2109 859 2165 ἱδρύσατο,
873 2111 1080 2154 Ἑλλάνικος
1095 2111 1130 2148 ἐν
1144 2113 1194 2163 τῷ

166 2173 262 2225 αὐτῷ
279 2186 364 2225 φησι
377 2169 642 2224 συγγράμματι.

889 165 1172 205 HELLANICI
1200 165 1535 207 FRAGMENTA.

1295 315 1424 355 Schol.
1438 314 1596 353 Pindar.
1609 314 1764 366 Olymp.
1782 317 1854 362 IX,
1867 316 1914 360 64
1932 330 1940 352 :
1955 314 2000 354 ‘H
2019 316 2055 355 δὲ
2067 319 2192 373 Πύόῥα
2209 323 2269 360 καὶ

1242 373 1458 422 Δευκαλίων,
1473 375 1512 411 ἐκ
1525 377 1586 411 τοῦ
1608 374 1799 427 Παρνασοῦ
1813 372 1968 417 ἐλθόντες
1987 376 2021 413 ἐν
2045 379 2087 428 τῇ
2106 377 2268 431 λάρνακι,

1242 434 1380 486 πρῶτον
1406 431 1548 485 ᾤκησαν
1573 433 1608 469 ἐν
1627 434 1672 483 τῇ
1697 431 1870 476 Ὀποῦντι,
1895 433 2043 480 πλησίον
2065 437 2267 490 Παρνασοῦ.

1243 489 1360 529 Ἔνιοι
1381 487 1417 528 δὲ
1436 490 1499 528 οὐκ
1522 490 1558 528 ἐν
1578 492 1621 542 τῇ
1643 489 1814 528 Ὀποῦντί
1846 506 1931 544 φασι
1956 493 2183 534 Δευκαλίωνα
2209 497 2270 536 καὶ

1247 548 1394 603 Πύρῥαν
1413 550 1575 595 οἰκῆσαι·
1601 551 1619 586 ὁ
1639 546 1707 602 γὰρ
1730 548 1986 603 Ἀπολλόδωρος
2013 551 2104 590 οὕτω
2122 554 2270 609 γράφει·

1246 625 1261 641 α
1285 610 1427 656 οἰκῆσαι
1446 606 1482 645 δὲ
1503 610 1537 646 ἐν
1570 606 1678 660 Κύνῳ
1700 606 1759 645 τὸν
1790 608 2016 648 Δευκαλίωνα
2041 610 2180 663 λέγεται
2209 614 2270 653 καὶ

1244 665 1308 714 τὴν
1329 666 1487 720 Πύῤῥαν,
1507 665 1568 704 καὶ
1588 665 1652 712 τὴν
1682 666 1948 718 Πρωτογένειαν
1982 669 2054 708 ἐκεῖ
2081 671 2270 726 τετράφθαι

1246 725 1362 780 φασίν.
1385 744 1400 761 »
1423 725 1570 778 Ἱστορεῖ
1586 723 1623 763 δὲ
1639 728 1752 763 ταῦτα
1769 725 1830 764 καὶ
1849 725 2067 773 Ἑλλάνικος.
2081 730 2271 784 Δυσχεραί-

1245 800 1298 823 νοι
1317 785 1347 823 δ’
1365 783 1406 822 ἄν
1424 800 1494 836 τις,
1511 786 1585 828 πῶς
1601 783 1690 828 τινές
1718 800 1804 838 φασι
1827 784 1971 839 Πύῤῥας
1993 786 2053 826 καὶ
2065 789 2272 828 Δευκαλίω-

1247 859 1301 887 νος
1327 837 1416 882 εἶναι
1443 843 1719 896 Πρωτογένειαν,
1738 847 1799 882 τοῦ
1819 845 1996 900 Πινδάρου
2021 845 2056 891 ἐξ
2079 846 2273 893 Ὀποῦντός

1247 917 1340 946 τινος
1356 902 1496 942 Ἠλείου
1512 901 1675 954 λέγοντος
1697 902 1806 951 αὐτὴν
1824 907 2044 956 γεγενῆσθαι.
2065 904 2111 945 ‘O
2135 907 2172 945 δὲ
2185 905 2273 946 Ἑλ-

1247 961 1387 1005 λάνικος
1399 961 1460 1000 καὶ
1472 959 1537 1008 τὴν
1555 961 1715 1015 λάρνακα
1729 964 1767 1000 οὗ
1787 965 1837 1016 τῷ
1858 964 2038 1018 Παρνασῷ
2062 979 2148 1018 φησι
2162 980 2273 1019 προσ-

1247 1023 1442 1072 ενεχθῆναι,
1459 1019 1550 1059 ἀλλὰ
1571 1020 1650 1074 περὶ
1665 1019 1728 1068 τὴν
1751 1019 1883 1074 Ὄθρυν
1900 1025 1960 1070 τῆς
1981 1023 2191 1068 Θεσσαλίας.

1299 1148 1510 1186 Athenaeus
1535 1153 1592 1197 X,
1619 1162 1656 1200 p.
1678 1151 1768 1196 416,
1790 1153 1823 1187 A
1838 1164 1846 1186 :
1863 1147 2070 1195 Ἑλλάνικος
2088 1153 2124 1190 ἐν
2143 1151 2273 1206 πρώτῳ

1248 1206 1523 1250 Δευκαλιωνείας
1537 1207 1771 1260 Ἐρυσίχθονα
1785 1207 1871 1262 φησὶ
1886 1207 1944 1246 τὸν
1963 1210 2182 1263 Μυρμιδόνος
2194 1241 2205 1260 ,
2220 1210 2273 1250 ὅτι

1247 1258 1290 1311 ἦν
1311 1264 1489 1312 ἄπληστος
1517 1268 1641 1319 βορᾶς,
1661 1265 1802 1305 Αἴθωνα
1820 1267 2003 1315 κληθῆναι.

1302 1389 1437 1440 steph.
1458 1392 1565 1439 Byz.:
1585 1387 1759 1440 Ἀγάθεια,
1776 1388 1875 1433 πόλις
1896 1390 2072 1443 Φωκίδος,
2093 1393 2140 1436 ὡς
2153 1391 2274 1432 Ἑλλά-

1249 1463 1341 1491 νικος
1363 1445 1494 1501 πρώτῳ
1510 1448 1796 1492 Δευκαλιωνείας.

1737 1513 1796 1550 19.

1303 1572 1439 1622 Steph.
1459 1575 1565 1622 Byz.:
1587 1570 1776 1618 Ἄλπωνος,
1794 1571 1893 1615 πόλις
1915 1571 1974 1609 καὶ
1998 1571 2074 1625 ὄρος
2092 1572 2126 1610 ἐν
2146 1574 2272 1611 Μακε-

1250 1629 1521 1683 δονία.-·Ἔστι
1543 1629 1603 1667 καὶ
1620 1628 1709 1676 ἄλλη
1726 1631 1871 1683 Λοκρῶν
1891 1631 1959 1668 τῶν
1980 1630 2273 1685 Ἐπικνημιδίων,

1249 1690 1295 1732 ὡς
1311 1687 1518 1732 Ἑλλάνικος
1533 1689 1568 1726 ἐν
1588 1687 1710 1740 πρώτῃ
1729 1688 1998 1732 Δευκαλιωνίας.

1301 1815 1365 1851 ste
1368 1812 1435 1863 ph.
1445 1815 1535 1861 Byz.
1543 1826 1551 1848 ε
1559 1809 1688 1849 Ἄσπεν
1693 1810 1757 1855 δος,
1775 1809 1873 1854 πόλις
1886 1810 2113 1864 Παμφυλίας,
2124 1811 2272 1851 Ἀσπέν-

1248 1871 1308 1909 δου
1325 1869 1470 1922 κτίσμα,
1489 1872 1535 1913 ὥς
1553 1868 1760 1912 Ἑλλάνικος
1779 1869 1813 1906 ἐν
1827 1869 1957 1923 πρώτῳ
1969 1870 2236 1915 Δευκαλιωνίας.

1304 1988 1437 2039 Steph.
1455 1991 1563 2038 Byz.:
1586 1985 1784 2038 Θηγώνιον,
1796 1985 1896 2032 πόλις
1909 1987 2126 2033 Θεσσαλίας·
2138 1988 2273 2029 Ἑλλά-

1248 2062 1339 2093 νικος
1352 2045 1474 2104 πρώτῃ
1493 2046 1778 2090 Δευκαλιωνείας.

1302 2173 1433 2224 Steph.
1452 2175 1556 2222 Bym
1572 2169 1786 2223 Καλλίαρος,
1803 2167 1902 2212 πόλις
1919 2171 2077 2223 Λοκρῶν,
2085 2168 2154 2208 ἀπὸ
2169 2171 2272 2209 Καλ-

168 2246 2258 2267 ——-----——————--—————————-——--—-——-

651 2294 712 2327 13.

207 2346 341 2385 Almon,
358 2345 437 2377 urbs
453 2345 597 2385 Boeotiae,
611 2347 648 2378 ut
663 2345 848 2378 Hellanicus
863 2369 872 2385 ,
888 2345 944 2386 qui
959 2354 1030 2378 eam
1047 2345 1190 2377 Salmum

165 2396 261 2426 vocat
271 2416 282 2434 ,
299 2392 357 2425 sed
371 2392 466 2425 male.

582 2491 770 2531 ASOPIS.

650 2583 711 2616 14.

209 2637 386 2671 Miltiadem
402 2644 503 2678 genus
532 2635 573 2667 ab
587 2635 681 2676 Ajace
704 2638 736 2667 et
754 2637 851 2667 AEaco
875 2636 993 2668 ducere
1010 2637 1146 2667 testatur
1163 2638 1196 2668 et

168 2685 352 2719 Hellanicus
367 2684 401 2716 in
423 2692 462 2717 eo
477 2683 559 2716 libro
574 2683 630 2723 qui
646 2682 834 2715 inscribitur
852 2683 978 2724 Asopis.

500 2800 865 2840 DEUCALIONIA.

655 2884 716 2918 15.

212 2950 453 2990 Prometheum,
463 2948 667 2982 Deucalionis
674 2948 787 2987 tilium,
796 2947 970 2980 Thessaliae
976 2955 1080 2988 regem
1088 2946 1103 2978 s
1103 2947 1191 2979 uisse

171 3000 268 3038 atque
280 3006 350 3029 aras
357 2996 527 3028 duodecim
535 2996 596 3029 diis
603 2994 803 3029 exstruxisse
809 2994 994 3027 Hellanicus
1001 2993 1080 3026 dicit
1090 2994 1193 3036 primo

172 3043 253 3075 libro
269 3044 492 3076 Deucalioniae.

213 3147 336 3187 Pyrrha
351 3148 383 3179 et
398 3147 571 3179 Deucalion
590 3156 628 3180 ex
643 3149 802 3179 Parnasso
820 3146 948 3187 navigio
963 3144 1192 3178 descendentes

173 3195 312 3235 pximum
328 3193 515 3225 habitabant
530 3196 658 3235 Opunte
671 3219 680 3234 ‚
697 3202 771 3234 quae
786 3193 864 3225 urbs
878 3195 1036 3225 Parnasso
1056 3191 1190 3232 adjacet.

173 3243 243 3274 Non
260 3248 372 3271 omnes
394 3242 499 3271 tamen
526 3241 569 3272 ita
585 3242 719 3273 statunt.
748 3240 962 3282 Apollodorus
977 3239 1064 3271 enim
1081 3237 1190 3270 scribit

174 3287 244 3319 baec
258 3297 266 3318 :
286 3299 302 3314 «
316 3286 492 3317 Deucalion
506 3290 538 3318 et
551 3288 673 3328 Pyrrha
689 3289 772 3329 Cyni
784 3287 946 3320 habitasse
961 3286 1123 3324 dicuntur,
1136 3284 1194 3316 ibi-

172 3342 236 3375 que
251 3332 473 3373 Protogeniam
493 3333 661 3365 educatam
688 3343 758 3366 esse
778 3335 879 3366 aiunt.
899 3346 914 3361 ³»
945 3333 1067 3365 Eadem
1085 3333 1193 3364 narrat

173 3379 367 3413 Hellanicus.
400 3379 651 3420 Improbandum
674 3389 750 3412 vero
765 3383 894 3421 putares
908 3404 918 3420 ‚
941 3379 1031 3420 quod
1046 3377 1192 3410 nonnulli

1221 2291 1223 2295 ’
1253 2274 1477 2324 Protogeniam
1491 2281 1694 2314 Deucalionis
1719 2289 1736 2313 e
1752 2281 1876 2321 Pyrrha
1890 2279 1989 2313 filiam
2007 2280 2149 2320 faciunt,
2168 2289 2270 2321 quum

1251 2331 1410 2364 Pindarus
1425 2338 1496 2362 eam
1512 2329 1553 2361 ab
1567 2329 1637 2361 Elio
1663 2328 1804 2369 quodam
1820 2327 1962 2368 Opuntio
1987 2327 2156 2360 oriundam
2172 2326 2268 2359 dicat.

1252 2378 1314 2411 Sed
1329 2377 1512 2410 Hellanicus
1527 2376 1625 2409 etiam
1640 2375 1805 2415 navigium
1827 2374 1907 2406 illud
1924 2383 1990 2406 non
2005 2374 2045 2406 ad
2061 2376 2268 2414 Parnassum,

1251 2425 1306 2458 sed
1321 2425 1360 2457 ad
1378 2425 1516 2465 Othryn,
1533 2422 1707 2455 Thessaliae
1721 2424 1875 2461 montem,
1894 2421 2036 2453 delatum
2053 2429 2125 2453 esse
2140 2419 2247 2452 tradit.

1292 2530 1474 2563 Hellanicus
1486 2552 1496 2569 ,
1514 2529 1618 2570 primo
1630 2527 1713 2559 libro
1735 2477 1960 2559 lgeucalionioe
1974 2549 1983 2564 ,
2002 2525 2269 2566 Erysichthonem

1251 2578 1306 2617 ait,
1321 2576 1533 2618 Myrmidonis
1544 2575 1658 2613 filium,
1673 2573 1826 2614 quoniam
1839 2572 2040 2614 inexplebilis
2052 2574 2138 2605 esset
2146 2571 2265 2612 helluo,

1250 2625 1423 2657 AEtlionem
1441 2622 1540 2655 fuisse
1556 2621 1762 2663 appellatum.

1291 2729 1433 2770 Agathea
1446 2751 1456 2768 ,
1497 2727 1652 2769 oppidum
1682 2674 1833 2758 Phdcgidis
1847 2747 1856 2764 ‚
1886 2726 1922 2756 ut
1959 2723 2143 2758 Hellanicus
2166 2723 2270 2765 primo

1249 2776 1473 2809 Deucalioniae.

1291 2881 1452 2921 Alponus‚
1469 2879 1547 2912 urbs
1562 2881 1595 2911 et
1612 2887 1706 2910 mons
1721 2826 1968 2909 ii191x'1aoedonia.
1984 2892 2026 2898 —
2039 2875 2099 2908 Est
2113 2874 2190 2906 item
2206 2873 2270 2906 alia

1249 2929 1425 2959 Locrorum
1442 2925 1738 2967 Epicnemidiorum
1753 2947 1762 2963 ,
1789 2923 1837 2955 uti
1855 2921 2039 2954 Hellanicus
2060 2920 2142 2952 libro
2163 2919 2268 2960 primo

1250 2973 1465 3006 Deucalioniae
1480 2971 1636 3013 perhibet.
1726 3018 1775 3049 20

1290 3070 1471 3112 Aspendus‚
1482 3069 1558 3101 urbs
1572 3067 1768 3109 Pamphyliae
1783 3066 1823 3098 ab
1831 3065 1981 3107 Aspendo
1994 3064 2134 3105 condita,
2150 3066 2188 3096 ut
2198 3064 2274 3097 Hel-

1248 3118 1371 3150 lanicus
1385 3117 1469 3149 libro
1488 3116 1593 3156 primo
1607 3113 1835 3146 Deucalioniae.

1289 3221 1501 3263 Thegonium,
1520 3219 1596 3252 urbs
1610 3218 1795 3257 Thessaliae,
1814 3219 1851 3249 ut
1866 3215 2050 3249 Hellanicus
2066 3215 2149 3248 libro
2162 3215 2266 3257 primo

1249 3268 1473 3303 Deucalioniae.

1723 3319 1788 3351 22.

1292 3375 1459 3412 calliarus,
1477 3372 1555 3405 urbs
1571 3373 1747 3404 Locrorum
1764 3378 1783 3401 a
1799 3368 1948 3407 Calliaro,
1964 3366 2122 3402 Odoedoci
2134 3374 2175 3399 ex
2190 3367 2270 3399 Lao-
