2320 3684
273 299 993 363 ΑΠΟΑΛΟΔΩΡΟΥ

321 424 402 454 ΤΟΥ
417 422 632 454 ΑΘΗΝΑΙΟΥ
650 422 953 454 ΓΡΑΜΜΑΤΙΚΟΥ

192 523 1085 609 ΒΙΒΑΙΟΘΗΚΗΣ

497 678 702 718 ΒΙΒΑΙΟΝ
730 682 776 718 Α.

482 875 732 908 ΚΕΦΑΛΑΙΟΝ
753 878 791 908 Α.

180 965 233 1017 (1)
264 964 422 1019 Οὐρανὸς
440 967 578 1020 πρῶτος
601 970 662 1006 τοῦ
693 967 823 1011 παντὸς
842 968 1068 1008 ἐδυνάστευσε
1092 969 1152 1008 κό-

124 1037 235 1074 σμου·
258 1022 375 1074 γήμας
398 1022 434 1061 δὲ
461 1026 491 1063 Γ
492 1026 554 1074 ἦν,
576 1024 747 1064 ἐτέκνωσε
767 1025 924 1080 πρώτους
939 1026 1019 1071 τοὺς
1038 1028 1152 1067 Ἑκα-

123 1080 307 1135 τόγχειρας
354 1082 696 1136 προσαγορευθέντας
712 1115 723 1133 ,
769 1084 946 1138 Βριάρεων
966 1116 976 1134 ,
1023 1085 1118 1133 Γύην
1140 1117 1150 1136 ,

125 1140 279 1189 Κόττον,
317 1140 351 1179 οἳ
384 1140 522 1193 μεγέθει
553 1158 592 1181 τε
623 1142 881 1196 ἀνυπέρὸλητοι
911 1144 970 1182 καὶ
1007 1144 1152 1196 δυνάμει

123 1199 419 1247 καθειστήκεσαν,
460 1206 580 1254 χεῖρας
620 1200 683 1252 μὲν
720 1201 786 1240 ἀνὰ
823 1202 966 1250 ἑκατὸν,
1001 1203 1153 1256 κεφαλὰς

125 1257 161 1295 δὲ
199 1257 266 1296 ἀνὰ
299 1258 517 1306 πεντήκοντα
549 1275 564 1297 ε
567 1275 700 1312 χοντες
731 1262 768 1312 (2
773 1260 786 1313 )
811 1260 914 1300 Μετὰ
944 1276 1084 1305 τουτους
1117 1261 1154 1299 δὲ

125 1318 219 1369 αὖτῳ
238 1323 354 1356 τεκνοῖ
369 1319 421 1357 Γ
399 1334 422 1364 η
442 1317 658 1368 Κύκλωπας,
674 1318 818 1372 Ἄργην,
835 1318 1031 1373 Στερόπην,
1052 1319 1157 1373 Βρόν-

122 1390 207 1424 την,
222 1379 269 1414 ὡν
289 1375 434 1420 ἕκαστος
451 1380 572 1428 εἶχεν
560 1377 620 1415 ε’να
637 1377 814 1430 ὀφθαλμὸν
827 1377 884 1415 ἐπὶ
899 1381 961 1415 τοῦ
979 1378 1154 1428 μετώπου.

125 1434 236 1473 Ἀλλὰ
268 1434 410 1479 τούτους
445 1435 488 1487 μὲ
473 1451 507 1474 ν
543 1436 700 1490 Οὖρανος
733 1435 863 1485 δήσας,
895 1438 942 1480 εἷς
970 1437 1155 1491 Τάρταρον

124 1492 261 1547 ἔῤῥιψε·
284 1493 389 1538 τόπος
413 1493 449 1532 δὲ
469 1497 566 1538 οὗτος
588 1493 794 1548 ἐρεὸώδης’
779 1495 872 1534 εστὶν
893 1496 928 1534 ἓν
954 1495 1080 1553 ᾍδου,
1099 1512 1158 1535 το-

125 1555 247 1590 σοῧτον
269 1552 338 1591 ἀπὸ
354 1568 418 1604 γης
435 1551 526 1614 ἔχων
545 1553 742 1605 διάστημα,
760 1552 839 1593 ὅσον
857 1555 918 1592 ἀπ’
936 1536 1082 1608 οὖιρανοῦ
1098 1571 1156 1607 γη.

180 1610 237 1663 (3)
266 1613 394 1650 Ἰεκνοῖ
415 1611 451 1650 δὲ
481 1605 576 1656 αὖθις
603 1613 643 1650 ἐκ
669 1614 740 1659 Γῆς
758 1613 886 1657 παῖδας
911 1612 974 1665 μὲν
991 1629 1071 1658 τους
1087 1616 1157 1653 Τι-

124 1675 231 1713 τᾶνας
241 1669 598 1725 προσαγορευθέντας,
613 1671 794 1721 Ὠκεανὸν,
810 1674 935 1722 Κοῖον,
947 1672 1157 1727 Υπερίονα,

125 1729 252 1781 Κρῖον,
274 1729 452 1778 Ἰαπετὸν,
472 1729 532 1768 καὶ
549 1729 721 1769 νεώτατον
739 1730 904 1770 ἁπάντων
923 1731 1056 1786 Κρόνον
1070 1748 1079 1756 ·
1099 1735 1159 1770 θυ-

124 1786 274 1841 γατέρας
300 1787 336 1826 δὲ
361 1788 423 1832 τὰς
441 1789 627 1836 κληθείσας
645 1789 852 1838 Τιτανίδας,
873 1790 1013 1840 Τηθὺν,
1031 1790 1157 1841 Ῥέαν,

126 1845 240 1897 Θέμιν
254 1877 264 1895 ,
285 1846 546 1899 Μνημοσύνην,
568 1847 728 1896 Φοίὸην,
751 1847 910 1897 Διώνην,
927 1849 1050 1888 Θείαν.

181 1906 233 1956 (4)
266 1905 528 1957 Ἀγανακτοῦσα
547 1905 583 1943 δὲ
603 1908 657 1953 Γῆ
678 1906 735 1944 ἐπὶ
760 1909 805 1959 τῇ
839 1907 998 1961 ἀπωλείᾳ
1021 1909 1090 1946 τῶν
1112 1909 1159 1951 εἷς

125 1962 310 2017 Τάρταρον
347 1963 533 2017 ῥιφθέντων
569 1964 724 2014 παίδων,
759 1965 870 2003 πείθει
895 1964 975 2009 τοὺς
1005 1968 1159 2010 Τιτᾶνας

126 2020 306 2060 ἐπιθέσθαι
326 2025 377 2076 τῷ
392 2023 518 2076 πατρὶ,
535 2023 595 2061 καὶ
615 2023 754 2062 δίδωσιν
779 2024 1017 2076 ἀδαμαντίνην
1041 2025 1157 2079 ἅρπην

127 2079 263 2134 Κρόνῳ.
280 2083 327 2121 Οἱ
345 2080 395 2127 δὲ,
413 2081 581 2121 Ὠκεανοῦ
601 2082 720 2136 χωρὶς,
735 2082 962 2122 ἐπιτίθενται·
983 2083 1042 2121 καὶ
1060 2083 1156 2138 Κρό-

125 2155 182 2182 νος
201 2139 407 2191 ἀποτέμνων
419 2139 463 2178 τὰ
483 2141 596 2179 αἰδοῖα
613 2145 674 2179 τοῦ
692 2141 823 2195 πατρὸς
841 2143 888 2186 εἷς
900 2141 963 2189 τὴν
979 2142 1157 2182 θάλασσαν

129 2198 283 2252 ἀφίησιν.
306 2199 374 2238 Ἐκ
391 2198 427 2237 δὲ
444 2201 513 2238 τῶν
541 2201 755 2252 σταλαγμῶν
771 2204 832 2239 τοῦ
854 2200 989 2254 ῥέοντος
1011 2200 1158 2252 αἵματος

127 2256 285 2311 Ἐρινύες
320 2257 497 2310 ἐγένοντο,
533 2258 711 2307 Ἀληκτὼ,
747 2259 941 2314 Τισιφόνη,
982 2259 1157 2315 Μέγαιρα.

127 2318 161 2354 Τ
163 2319 205 2362 ἧς
221 2315 257 2354 δὲ
275 2318 385 2370 ἀρχῆς
397 2316 619 2366 ἐκὸαλόντες,
636 2317 716 2363 τούς
729 2333 766 2356 τε
782 2318 1159 2373 καταταρταρωθέντας

128 2374 302 2427 ἀνήγαγον
319 2375 498 2429 ἀδελφοὺς,
516 2375 575 2414 καὶ
591 2375 654 2423 τὴν
671 2376 783 2430 ἀρχὴν
797 2376 923 2431 Κρόνῳ
936 2376 1157 2431 παρέδωκαν.

181 2434 235 2485 (5)
271 2433 318 2473 εΟ
356 2433 392 2472 δὲ
423 2434 565 2478 τούτους
594 2434 657 2486 μὲν
693 2436 869 2489 Ταρτάρῳ
905 2436 1011 2474 πάλιν
1052 2436 1159 2483 δήσας

127 2492 295 2546 καθεῖρξε.
315 2491 391 2540 Τὴν
411 2491 447 2530 δὲ
468 2493 619 2547 ἀδελφὴν
642 2492 746 2532 Ῥέαν
763 2493 895 2545 γήμας,
915 2493 1033 2540 ἐπειδὴ
1051 2496 1104 2541 Γῆ
1121 2511 1158 2533 τε

127 2551 187 2589 καὶ
205 2551 361 2626 Οὐρανὸς
377 2550 606 2590 ἐθεσπιώδουν
627 2552 720 2604 αὐτῷ
731 2551 934 2603 ,λέγοντες,
955 2552 1022 2590 ὑπὸ
1038 2552 1160 2596 παιδὸς

129 2609 216 2648 ἰδίου
236 2609 299 2658 τὴν
322 2609 435 2664 ἀρχὴν
454 2609 770 2664 ἀφαιρεθήσεσθαι,
791 2609 955 2648 κατέπινε
973 2611 1017 2649 τὰ
1033 2611 1160 2662 γεννώ-

130 2685 237 2719 μενα,
254 2669 313 2707 καὶ
332 2668 475 2723 πρώτην
495 2667 558 2720 μὲν
572 2671 794 2720 γεννηθεῖσαν
813 2667 958 2707 Ἑστίαν
975 2668 1158 2708 κατέπιεν·

130 2731 205 2765 εἶτα
224 2727 417 2782 Δήμητραν
435 2727 494 2766 καὶ
508 2726 638 2781 ς’·Ηραν
654 2727 729 2778 μεθ’
746 2726 786 2770 ἃς
800 2726 995 2766 Πλούτωνα
1009 2727 1068 2766 καὶ
1086 2730 1162 2767 Πο-

131 2802 169 2823 σε
174 2787 292 2826 ιδῶνα.
313 2787 368 2839 (6)
405 2787 628 2840 Οργισθεῖσα
651 2784 687 2824 δὲ
716 2785 773 2824 ἐπὶ
793 2784 927 2828 τούτοις
952 2784 1057 2834 Ῥέα,
1086 2802 1159 2824 πα-

134 2845 308 2897 ραγίνεται
329 2844 392 2896 μὲν
414 2847 461 2888 εἷς
480 2845 646 2900 Κρήτην,
667 2844 819 2892 ὁπηνίκα
837 2843 896 2882 τὸν
919 2843 987 2882 Δία
1006 2845 1161 2895 εγκυμο-

131 2906 238 2939 νοῧσα
255 2902 425 2955 ἐτύγχανε
437 2919 446 2927 ·
466 2910 570 2957 γεννᾷ
588 2902 624 2941 δὲ
647 2904 682 2941 ἓν
702 2902 816 2956 ἄντρῳ
834 2905 896 2949 τῆς
922 2901 1051 2948 Δίκτης
1070 2901 1160 2954 Δία,

132 2960 191 2997 και
231 2965 351 3000 τοῦτον
385 2962 449 3012 μὲν
476 2962 597 3000 δίδωσι
630 2960 816 3016 τρέφεσθαι
850 2959 1010 3014 Κούρησί
1036 2976 1075 2999 τε
1101 2961 1160 2999 καὶ

133 3026 207 3063 ταῖς
236 3021 441 3066 Μελισσέως
472 3022 574 3061 παισὶ
586 3022 790 3094 Νύμφαις,
811 3021 1014 3076 Ἀδραστεία
1039 3037 1077 3060 τε
1101 3021 1160 3060 καὶ

133 3077 222 3129 Ἴδῃ.
246 3078 300 3129 (7)
327 3084 439 3118 Αυται
471 3097 515 3131 με
517 3097 534 3118 ν
567 3085 625 3119 οὖν
645 3081 704 3120 τὸν
736 3079 888 3119 παῖδα
869 3095 1008 3134 ετρεφον
1031 3082 1082 3118 τῶ
1100 3082 1163 3126 τῆς

134 3136 341 3187 Ἀμαλθείας
364 3139 532 3188 γάλακτι·
563 3142 594 3178 οἱ
623 3140 659 3178 δὲ
685 3139 862 3194 Κούρητες
886 3138 1062 3177 ἔνοπλοι’
1046 3155 1081 3177 εν
1112 3141 1162 3191 τῷ

136 3194 250 3248 ἄντρῳ
269 3195 308 3233 τὸ
328 3195 450 3249 βρέφος
469 3198 720 3250 φυλάσσοντες,
738 3205 810 3242 τοῖς
829 3197 949 3252 δόρασι
969 3197 1030 3241 τὰς
1053 3196 1163 3236 ἀσπί-

137 3254 195 3296 δας
215 3252 440 3307 συνέκρουον,
459 3254 516 3293 ῗνα
534 3256 582 3307 μὴ
596 3260 658 3303 τῆς
676 3262 736 3296 τοῦ
754 3257 876 3300 παιδὸς
893 3259 1008 3311 φωνῆς
1028 3259 1045 3295 ὃ
1066 3255 1163 3310 Κρό-

136 3328 191 3355 νος
226 3311 369 3364 ἀκούσῃ.
403 3312 488 3352 Ῥέα
523 3314 559 3352 δὲ
589 3315 682 3353 λίθον
717 3315 1001 3369 σπαργανώσασα
1036 3314 1164 3353 δέδωκε

138 3369 264 3423 Κρόνῳ
282 3378 483 3421 καταπιεῖν,
500 3374 545 3415 ὡς
563 3373 620 3411 τὸν
634 3374 862 3425 γεγενημένον
882 3375 1002 3413 παῖδα.

1421 284 1799 356 APOLLO
1812 287 2034 358 DORI

1586 428 1859 460 ATHENIENSIS

1271 535 2179 623 BIBLIOTHECAE

1531 696 1684 736 LIBER
1711 697 1917 736 PRIMUS.

1633 883 1771 915 CAPUT
1793 884 1820 914 1.

1258 982 1424 1023 (1)(3081υε
1437 985 1564 1026 primus
1575 986 1728 1018 universo
1743 986 1913 1027 imperavit
1927 987 2064 1027 mundo,
2080 986 2242 1029 ductaque

1215 1056 1315 1079 uxore
1335 1047 1461 1081 Tellure
1487 1049 1609 1090 primos
1636 1050 1818 1091 procreavit
1838 1051 1968 1084 Centim
1977 1060 2058 1084 anos
2083 1060 2167 1092 quos
2187 1060 2243 1085 vo-

1215 1114 1302 1152 cant,
1318 1113 1496 1153 Briareum,
1510 1115 1614 1155 Gyen,
1629 1117 1774 1155 Cottum,
1797 1115 1854 1157 qui
1879 1118 2013 1148 eentum
2030 1116 2168 1158 quisque
2179 1125 2244 1150 ma-

1215 1175 1312 1208 nibus
1328 1179 1360 1209 et
1375 1177 1534 1218 capitibus
1550 1179 1785 1221 quinquaginta
1800 1181 1952 1213 instructi
1965 1181 2108 1222 corporis
2124 1182 2244 1223 magni-

1216 1239 1327 1272 tudine
1349 1240 1528 1283 roboreque
1542 1246 1634 1275 erant
1651 1242 1894 1284 insuperabiles.
1916 1246 1963 1286 (2)
1994 1247 2074 1278 Post
2087 1246 2148 1278 hos
2165 1254 2244 1279 vero

1215 1301 1338 1343 peperit
1358 1303 1388 1335 ei
1409 1303 1518 1336 Tellus
1540 1305 1698 1346 cyclopes
1710 1329 1719 1342 ,
1735 1310 1860 1347 Argen,
1883 1308 2062 1348 Steropen,
2089 1309 2242 1348 Bronten,

1217 1375 1357 1408 quorum
1373 1367 1490 1409 singuli
1512 1377 1616 1400 unum
1632 1369 1764 1402 oculum
1780 1370 1814 1402 in
1831 1370 1938 1403 media
1954 1371 2059 1404 [tonte
2069 1371 2241 1404 habebant.

1217 1430 1279 1463 Sed
1297 1431 1357 1464 hos
1371 1431 1600 1472 (centimanus
1615 1435 1651 1466 et
1667 1434 1835 1475 Cyclopes)
1851 1435 1966 1467 Ooelus
1986 1435 2114 1468 vinctos
2129 1434 2246 1476 dejeolt

1217 1497 1250 1528 in
1263 1498 1444 1537 Tartarum,
1458 1497 1665 1530 tenebrosum
1679 1498 1766 1539 apud
1781 1498 1901 1531 inferos
1914 1498 2036 1540 locum,
2049 1502 2106 1541 qui
2117 1502 2245 1533 tantum
2291 1538 2294 1541 ¹

1219 1568 1238 1591 a
1253 1561 1339 1592 terra
1354 1560 1463 1601 distat,
1487 1563 1645 1602 quantum
1659 1571 1678 1594 a
1694 1562 1775 1595 coelo
1797 1562 1889 1595 abest
1904 1565 2000 1596 terra.

1262 1623 1307 1665 (3)
1329 1625 1461 1658 Deinde-
1471 1635 1510 1658 ex
1536 1626 1649 1659 eadem
1671 1627 1807 1667 conjuge
1829 1627 1912 1659 filios
1941 1628 2086 1669 suscepit
2113 1628 2244 1662 Titanes

1218 1692 1300 1724 quos
1321 1684 1493 1725 appellant,
1515 1687 1693 1725 oceanum,
1712 1687 1840 1724 Coeum,
1862 1685 2092 1726 Hyperionem‚
2116 1686 2242 1727 crium,

1218 1742 1362 1782 Iapetum
1372 1764 1381 1780 ‚
1411 1743 1598 1781 Saturnum,
1614 1742 1760 1774 omnium
1776 1745 1853 1774 natu
1868 1743 2038 1775 minimum
2047 1755 2057 1784 ;
2070 1743 2153 1776 filias
2169 1752 2246 1776 vero

1218 1808 1299 1841 quas
1318 1800 1481 1833 Titanides
1493 1801 1673 1841 nominant,
1691 1801 1828 1842 Tethyn,
1844 1801 1979 1843 Rheam,
1995 1802 2246 1843 Themin‚⁴Mne·

1218 1867 1389 1900 mosynen,
1403 1859 1557 1898 Phoeben,
1573 1859 1710 1899 Dionen,
1728 1859 1852 1892 Thiam.

1262 1917 1308 1958 (4)
1328 1919 1406 1950 Mox
1425 1926 1502 1950 vero
1522 1919 1636 1957 Terra,
1651 1917 1780 1958 indigne
1799 1917 1905 1950 serens
1927 1917 2067 1950 filiorum
2085 1918 2120 1950 in
2137 1919 2246 1951 Tarta-

1219 1985 1293 2009 rum
1310 1976 1508 2017 dejectorum
1524 1976 1708 2015 interitum,
1728 1976 1858 2008 Titanas
1869 2000 1878 2016 ‚
1897 1978 1934 2008 ut
1954 1978 2079 2018 patrem
2098 1976 2246 2018 aggrede-

1219 2036 1339 2070 rentur,
1356 2034 1495 2074 inducit,
1512 2037 1608 2075 atque
1623 2036 1763 2067 Saturno
1784 2035 2028 2068 adamantinam
2043 2034 2159 2067 falcem
2174 2044 2247 2077 sug-

1218 2093 1309 2134 gerit.
1324 2093 1366 2125 Hi
1377 2092 1484 2134 igitur,
1499 2095 1616 2134 praeter
1626 2102 1728 2125 unum
1736 2095 1913 2133 Oceanum,
1926 2095 2049 2135 patrem
2065 2093 2248 2135 aggrediun-

1219 2155 1282 2191 tur,
1299 2154 1331 2184 et
1343 2154 1501 2184 Saturnus
1520 2153 1676 2193 praesecta
1688 2153 1757 2193 ejus
1777 2152 1927 2193 genitalia
1942 2152 1975 2184 in
1994 2161 2084 2184 mare
2098 2152 2246 2193 projecit;

1219 2220 1334 2243 verum
1349 2219 1390 2243 ex
1406 2211 1506 2252 guttis
1521 2211 1687 2252 sanguinis
1700 2211 1887 2252 profluentis
1902 2211 2006 2243 enatae
2022 2211 2100 2243 sunt
2114 2211 2221 2243 Furiae
2233 2233 2244 2251 ,

1219 2270 1340 2309 Alecto,
1348 2270 1534 2311 Tisiphone,
1551 2271 1698 2310 Megaera.
1708 2271 1820 2310 Itaque
1833 2270 1924 2302 Goelo
1939 2278 1979 2302 ex
1992 2277 2090 2310 regno
2096 2269 2243 2310 depulso,

1218 2327 1333 2360 fratres
1348 2327 1381 2359 in
1393 2329 1564 2359 Tartarum
1579 2327 1729 2359 detrusos
1745 2329 1938 2359 revocarunt
1953 2329 1986 2359 et
1999 2326 2170 2368 imperium
2181 2326 2246 2359 tra·

1219 2386 1371 2418 diderunt
1387 2388 1539 2418 Saturno.

1259 2445 1308 2488 (5)
1320 2447 1362 2478 At
1378 2446 1430 2477 hie
1448 2445 1580 2478 Titanas
1595 2444 1708 2477 fratres
1724 2443 1924 2485 compeditos
1940 2443 2057 2476 iterum
2073 2443 2200 2476 demisit
2211 2443 2247 2476 in

1219 2515 1399 2545 Tartarum.
1412 2510 1547 2550 Deinde,
1563 2511 1736 2551 postquam
1748 2509 1870 2541 Rheam
1883 2517 2025 2541 sororem
2039 2507 2247 2540 matrimonio

1219 2578 1281 2610 sihi
1300 2577 1469 2618 junxerat,
1490 2583 1591 2616 quum
1613 2573 1724 2606 coelus
1746 2582 1784 2605 ac
1800 2575 1899 2605 Terra
1919 2573 1948 2605 ei
1971 2571 2241 2611 vaticinarentur,

1219 2641 1287 2673 sore
1313 2642 1350 2671 ut
1368 2639 1408 2671 ab
1424 2647 1484 2671 suo
1504 2639 1606 2679 ipsius
1628 2637 1698 2669 filio
1710 2645 1807 2677 regno
1827 2635 2067 2674 deturbaretur,
2087 2633 2243 2676 singulos,

1219 2705 1256 2735 ut
1271 2703 1409 2743 quisque
1424 2702 1458 2733 in
1471 2701 1576 2733 lucem
1589 2700 1751 2742 prodibat,
1767 2699 1953 2732 devorabat.
1969 2700 2012 2730 Et
2026 2697 2163 2739 primam
2176 2696 2246 2738 qui-

1222 2768 1295 2799 dem
1310 2768 1461 2806 Vestam,
1478 2768 1547 2797 tum
1563 2767 1711 2798 Cererem
1727 2767 1760 2797 et
1781 2767 1799 2797 J
1803 2773 1962 2805 unonem‚
1977 2765 2052 2805 post
2066 2763 2125 2794 has
2141 2761 2248 2794 Pluto-

1220 2839 1294 2863 nem
1305 2832 1336 2863 et
1351 2832 1538 2870 Neptunum
1551 2828 1728 2869 deglutivit.
1747 2829 1792 2869 (6)
1806 2828 2025 2866 Quamobrem
2037 2827 2117 2859 irata
2125 2825 2244 2866 conjux

1221 2898 1308 2930 Rhea
1322 2919 1331 2935 ,
1344 2904 1409 2936 quo
1423 2897 1568 2935 tempore
1584 2895 1700 2925 Jovem
1724 2894 1756 2924 in
1780 2894 1872 2925 utero
1891 2892 2013 2925 serebat
2026 2915 2036 2931 ,
2058 2891 2092 2923 in
2114 2883 2244 2923 Cretam

1221 2959 1445 3002 proficiscitur,
1462 2957 1519 2989 uhi
1535 2957 1569 2988 in
1583 2958 1676 2988 antro
1689 2956 1811 2987 Dictaeo
1824 2956 1915 2987 illum
1929 2954 2024 2996 parit,
2033 2952 2246 2986 etcuretibuo

1222 3021 1424 3061 Melisseique
1439 3019 1578 3057 filiabus,
1594 3018 1759 3050 Adrasteae
1776 3026 1814 3048 ac
1828 3017 1894 3049 Idae
1910 3015 2076 3056 nymphis,
2092 3013 2241 3046 alendum

1223 3085 1330 3118 tradit.
1350 3086 1391 3124 (7)
1409 3086 1467 3116 Hae
1488 3091 1565 3115 vero
1583 3081 1761 3114 Amaltheae
1783 3080 1864 3112 lacte
1889 3088 2025 3120 puerum
2041 3077 2242 3117 nutriebant;

1222 3158 1259 3183 ac
1271 3151 1417 3188 Curetes,
1432 3147 1546 3179 armati
1563 3147 1596 3178 in
1612 3146 1706 3178 antro
1719 3145 1876 3176 infantem
1897 3142 2133 3182 custodientes,
2148 3141 2244 3174 hasti·

1223 3215 1309 3247 libus
1322 3215 1414 3246 scuta
1427 3211 1626 3253 quatiebant,
1641 3219 1682 3242 ne
1694 3209 1850 3249 vagientis
1862 3207 1951 3249 pueri
1960 3215 2072 3239 vocem
2087 3208 2244 3239 Saturnus

1224 3279 1357 3313 audiret.
1374 3277 1436 3309 Sed
1451 3276 1540 3309 Rhea
1558 3274 1740 3307 involutum
1761 3272 1869 3304 fasciis
1885 3271 2024 3312 lapidem
2038 3279 2097 3312 pro
2109 3271 2187 3304 nato
2209 3269 2241 3302 fi-

1224 3345 1267 3377 lio
1286 3343 1424 3375 Saturno
1440 3338 1661 3373 devorandum
1678 3337 1775 3370 dedit.
