2320 3684
602 142 932 183 APOLLonolu
960 144 1319 184 BissnloTflEcAE
1347 147 1399 196 11,
1430 153 1469 196 5,
1490 152 1526 185 e.

15 237 156 292 ληφθεὶς
173 236 296 289 μέσον,
320 234 380 274 καὶ
395 232 455 277 τὰς
470 230 623 285 πλευρὰς
640 229 811 274 κατεάξας
823 259 835 278 ,
857 228 926 267 ὑπὸ
951 231 1045 283 Περ-

17 295 163 351 σεφόνης
180 294 380 349 παρῃτήθη.

69 352 282 397 8Αἷτοῦντος
293 353 329 391 δὲ
348 352 455 390 αὐτοῦ
468 346 665 387 Πλούτωνα
684 346 743 385 τὸν
758 345 947 399 Κέρὸερον,
962 344 1046 383 ἐπέ-

17 412 117 459 ταξεν
134 416 152 452 ὁ
172 406 346 453 Πλούτων
366 409 462 461 ἄγειν
479 405 587 460 χωρὶς
615 399 663 443 ὧν
689 398 781 457 εἶχεν
806 403 923 442 ὅπλων
951 418 1044 456 κρα-

17 475 156 510 τοῦντα.
191 470 237 510 Ὁ
268 467 305 508 δὲ
319 497 330 515 ,
362 464 470 520 εὑρὼν
494 463 596 502 αὐτὸν
629 463 686 502 ἐπὶ
717 469 793 506 ταῖς
820 461 949 505 πύλαις
984 464 1045 498 τοῦ

19 528 240 583 Ἀχέροντος,
257 529 307 580 τῷ
325 541 364 564 τε
388 523 520 578 θώρακι
549 520 885 576 συμπεφραγμένος,
913 519 974 558 καὶ
1001 521 1045 570 τῇ

18 588 142 640 λεοντῇ
161 583 413 628 συσκεπασθεὶς
426 611 437 630 ,
464 580 525 621 καὶ
541 579 741 635 περιὸαλὼν
765 582 809 632 τῇ
831 579 967 631 κεφαλῇ
985 575 1047 620 τὰς

19 651 139 700 χεῖρας
155 674 166 693 ,
186 647 248 684 οὐκ
263 645 371 690 ἀνῆκε
382 672 406 695 ,,
419 640 547 693 καίπερ
564 637 772 690 δακνόμενος
791 637 858 676 ὑπὸ
876 640 937 675 τοῦ
955 634 1047 674 κατὰ

19 703 84 752 τὴν
107 702 212 758 οὐρὰν
232 702 435 756 δράκοντος·
461 700 600 753 κρατῶν
632 696 669 736 δὲ
697 699 737 736 ἐκ
762 700 823 735 τοῦ
846 694 1046 770 τραχήλου,

21 762 81 802 καὶ
102 761 236 814 ἄγχων,
249 759 290 800 τὸ
309 758 427 814 θηρίον
448 757 575 796 ἔπεισε.
597 754 822 796 9Συλλα6ὼν
845 769 904 792 ουν
933 751 1049 801 αὐτὸν,

21 816 88 869 ἧκε
95 819 153 859 διὰ
163 821 352 894 Τροιζῆνος
358 815 597 867 ποιησάμενος
610 813 673 862 τὴν
682 813 866 852 ἀνάὸασιν.
877 811 1051 851 Ἀσκάλα-

22 894 86 933 φον
102 877 164 930 μὲν
176 893 234 916 ουν
245 874 590 929 Δημήτηρέποίησεν
603 866 704 912 ῶτον.
725 872 902 924 Ἡρακλῆς
921 868 957 909 δὲ
976 871 1051 909 Εὖ-

24 939 142 990 ρυσθεῖ
161 935 272 981 δείξας
288 935 346 974 τὸν
372 933 546 987 Κέρὸερον
564 931 670 970 πάλιν
692 930 851 982 ἐκόμισεν
867 931 914 974 εἷς
928 928 1048 986 ᾍδου.

374 1040 623 1072 ΚΕΦΑΛΑΙΟΝ
641 1036 696 1080 ς’.

78 1105 134 1158 (t)
151 1102 253 1143 Μετὰ
272 1101 308 1142 δὲ
326 1102 405 1146 τοὺς
422 1102 544 1146 ἄθλους
568 1101 747 1154 Ἡρακλῆς
769 1098 976 1154 ἀφικόμενος
1006 1099 1054 1141 εἷς

24 1163 148 1212 Θήὸας
165 1161 334 1215 Μέγαραν
354 1160 417 1213 μὲν
436 1160 563 1200 ἔδωκεν
584 1160 710 1212 Ἰολάῳ
725 1175 733 1183 ·
755 1158 857 1202 αὐτὸς
884 1157 920 1195 δὲ
937 1159 1052 1209 γῆμαι

26 1222 148 1271 θέλων,
167 1221 374 1261 ἐπυνθάνετο
394 1220 548 1274 Εὔρυτον
565 1218 740 1272 Οἰχαλίας
760 1217 933 1264 δυνάστην
948 1210 1052 1254 ἆθλον

24 1281 225 1336 προτιθέναι
254 1279 312 1319 τὸν
339 1278 450 1327 Ἰόλης
466 1282 529 1326 τῆς
560 1277 727 1332 θυγατρὸς
750 1276 863 1329 γάμον
888 1278 938 1329 τῷ
957 1273 1056 1321 νική-

25 1355 128 1380 σαντι
151 1339 271 1391 τοξικῇ
293 1337 396 1377 αὐτόν
421 1353 460 1376 τε
481 1337 541 1376 καὶ
564 1336 642 1380 τοὺς
669 1336 798 1380 παῖδας
821 1337 916 1388 αὐτῷ
939 1332 1056 1386 ὑπάρ-

26 1414 167 1453 χοντας.
183 1396 431 1452 2Ἀφικόμενος
445 1391 503 1435 οῧν
525 1398 573 1439 εἷς
589 1394 779 1447 Οἰχαλίαν,
797 1393 858 1432 καὶ
874 1396 918 1443 τῇ
937 1391 1055 1444 τοξικῇ

27 1457 195 1512 κρείττων
225 1458 338 1495 αὐτῶν
366 1454 570 1507 γενόμενος,
600 1456 662 1492 οὐκ
690 1451 794 1505 ἔτυχε
823 1455 884 1490 τοῦ
917 1450 1032 1503 γάμου
1047 1480 1057 1498 ,

30 1515 162 1569 Ἰφίτου
189 1513 252 1567 μὲν
278 1518 339 1553 τοῦ
372 1513 610 1567 πρεσὸυτέρου
641 1514 710 1550 τῶν
737 1510 872 1550 παίδων
899 1509 1059 1562 λέγοντος

30 1573 163 1614 διδόναι
180 1576 231 1627 τῷ
251 1573 420 1627 ἹΙρακλεῑ
439 1571 502 1619 τὴν
519 1570 648 1618 Ἰόλην,
670 1568 831 1623 Εὐρύτου
850 1569 886 1607 δὲ
906 1568 966 1606 καὶ
987 1570 1056 1606 τῶν

29 1634 161 1685 λοιπῶν
184 1630 471 1685 ἀπαγορευόντων
494 1630 553 1669 καὶ
579 1627 772 1668 δεδοικέναι
797 1626 983 1679 λεγόντων,
1008 1626 1057 1677 μὴ

30 1690 364 1742 τεκνοποιησάμενος
399 1687 446 1727 τὰ
473 1686 691 1740 γενησόμενα
721 1685 825 1724 πάλιν
857 1684 1058 1737 ἀποκτείνῃ.

86 1751 141 1803 (2)
166 1749 254 1789 Μετ’
273 1750 312 1787 οὐ
337 1747 426 1787 πολὺ
452 1747 488 1786 δὲ
507 1748 708 1786 κλαπεισῶν
728 1745 764 1791 ἐξ
803 1743 958 1787 Εὒὸοίας
992 1743 1059 1782 ὑπὸ

32 1807 232 1851 Αῧτολύκου
247 1810 351 1860 βοῶν,
366 1806 518 1860 Εὔρυτος
532 1804 594 1856 μὲν
606 1803 759 1855 ἐνόμιζεν
773 1803 829 1855 ὑφ’
845 1801 1060 1857 εΗρακλέους

33 1866 211 1920 γεγονέναι
233 1870 347 1905 τοῦτο.
367 1864 498 1918 Ἴφιτος
525 1863 562 1903 δὲ
581 1865 740 1902 ἀπιστῶν
761 1864 957 1916 ἀφικνεῖται
975 1859 1060 1913 πρὸς

31 1925 211 1979 Ἡρακλέα
225 1954 235 1973 ,
271 1924 332 1964 καὶ
368 1922 547 1975 συντυχὼν
574 1921 695 1969 ἥκοντι
722 1923 763 1960 ἐκ
788 1922 915 1974 Φερῶν
943 1920 1059 1971 αὐτῷ,

35 1983 204 2024 σεσωκότι
221 1983 285 2032 τὴν
303 1984 546 2022 ἀποθανοῦσαν
568 1980 755 2028 Ἄλκηστιν
779 1978 942 2031 Ἀδμήτῳ
954 2008 965 2025 ,
990 1994 1061 2016 πα·-

35 2045 181 2098 ρακαλεῖ
198 2044 392 2090 συζητῆσαι
406 2039 469 2085 τὰς
485 2039 578 2094 βόας.
603 2040 620 2065 ²
630 2039 807 2093 Ἡρακλῆς
824 2038 861 2076 δὲ
878 2039 1059 2089 ὑπισχνεῖ-

34 2102 95 2147 ται
112 2101 173 2141 καὶ
192 2100 310 2146 ξενίζει
339 2099 401 2151 μὲν
423 2098 548 2138 αὐτόν·
578 2097 698 2150 μανεὶς
722 2096 758 2136 δὲ
784 2091 879 2140 αὖθις
903 2095 973 2135 ἀπὸ
990 2098 1059 2134 τῶν

36 2159 229 2215 Τιρυνθίων
245 2158 381 2214 ἔρριψεν
402 2158 504 2197 αὐτὸν
521 2159 659 2210 τειχῶν.
677 2157 931 2209 3Καθαρθῆναι
951 2153 988 2193 δὲ
1007 2153 1063 2192 θέ-

34 2218 106 2259 λων
123 2218 181 2258 τὸν
205 2217 319 2272 φόνον,
343 2218 535 2270 ἀφικνεῖται
563 2215 649 2269 πρὸς
682 2213 817 2262 Νηλέα.
850 2213 990 2253 Πυλίων
1018 2207 1060 2260 ῆν

37 2273 135 2322 οὗτος
153 2276 337 2323 δυνάστης.
362 2276 379 2301 4
401 2273 649 2325 Ἀπωσαμένου
666 2273 703 2312 δὲ
721 2272 864 2320 Νηλέως
885 2272 987 2310 αὐτὸν
1005 2273 1062 2311 διὰ

37 2334 101 2383 τὴν
117 2335 202 2389 πρὸς
223 2333 379 2387 Εὔρυτον
400 2333 530 2387 φιλίαν,
559 2334 606 2377 εἷς
626 2331 799 2384 Ἀμύκλας
820 2329 1063 2384 παραγενόμε-

38 2409 108 2442 νος,
129 2393 195 2432 ὑπὸ
211 2392 390 2446 Δηϊφόὸου
408 2395 468 2430 τοῦ
487 2390 696 2430 Ἱππολύτου
717 2389 930 2443 καθαίρεται.
954 2390 970 2415 ⁵
986 2391 1062 2429 Κα·

39 2451 217 2505 τασχεθεὶς
242 2451 278 2489 δὲ
303 2452 396 2502 δεινῇ
430 2449 523 2503 νόσῳ
547 2449 603 2488 διὰ
625 2449 682 2488 τὸν
710 2448 840 2502 Ἰφίτου
865 2447 988 2501 φόνον,
1015 2449 1063 2492 εἷς

40 2509 193 2564 Δελφοὺς
209 2508 505 2564 παραγενόμενος,
533 2507 741 2558 ἀπαλλαγὴν
769 2506 979 2545 ἐπυνθάνετο
1002 2509 1063 2553 τῆς

41 2567 152 2608 νόσου.
170 2571 187 2595 6
204 2567 266 2615 Μὴ
289 2565 568 2621 χρησμῳδούσης
588 2565 623 2605 δὲ
639 2567 734 2619 αὐτῷ
753 2569 815 2612 τῆς
834 2565 988 2613 Πυθίας,
1003 2564 1061 2603 τόν

41 2641 79 2666 τε
114 2627 194 2666 ναὸν
233 2628 340 2680 συλᾷν
362 2626 485 2674 ἤθελε,
522 2625 582 2663 καὶ
615 2624 674 2663 τὸν
696 2623 844 2677 τρίποδα
865 2623 1062 2676 βαστάσας,

42 2683 293 2730 κατασκευάζει
326 2689 486 2735 μαντεῖον
507 2683 604 2722 ἴδιον.
622 2684 637 2710 7
658 2680 873 2734 Μαχομένου
904 2681 940 2719 δὲ
967 2683 1062 2735 αὐτῷ

43 2741 257 2787 Ἀπόλλωνος
269 2771 280 2791 ,
306 2745 325 2782 ὃ
338 2741 425 2786 Ζεὺς
443 2741 518 2789 ἵησι
541 2742 647 2793 μέσον
667 2743 780 2780 αὑτῶν
797 2739 972 2794 κεραυνόν.
990 2740 1063 2779 Καὶ

43 2804 160 2841 τοῦτον
189 2800 418 2840 διαλυθέντων
442 2800 501 2839 τὸν
525 2799 669 2855 τρόπον,
702 2799 877 2852 λαμὸάνει
901 2799 1062 2851 χρησμὸν

45 2856 237 2911 Ἡρακλῆς,
253 2859 289 2903 ὃς
301 2858 417 2911 ἔλεγεν
431 2858 641 2910 ἀπαλλαγὴν
664 2861 760 2912 αὐτῷ
785 2861 847 2905 τῆς
862 2857 964 2895 νόσου
983 2857 1064 2896 ἔσε-

45 2919 124 2957 σθαι
143 2917 309 2972 πραθέντι
336 2918 395 2956 καὶ
412 2917 492 2970 τρία
518 2916 580 2965 ἔτη
605 2917 855 2970 λατρεύσαντι,
886 2916 946 2954 καὶ
971 2916 1063 2955 δόντι

45 2974 164 3024 θοινὴν
181 2980 240 3015 τοῦ
256 2975 359 3031 φόνου
380 2975 444 3023 τὴν
461 2975 568 3027 τιμὴν
585 2975 744 3030 Εὐρύτῳ.

97 3034 151 3087 (8)
167 3035 199 3074 Τ
202 3038 240 3073 οῦ
258 3034 294 3073 δὲ
313 3038 474 3088 χρησμοῦ
489 3033 653 3084 δοθέντος,
669 3034 802 3088 Ἑρμῆς
815 3033 994 3088 Ἡρακλέα
1009 3049 1064 3071 πι-

46 3092 209 3146 πράσκει·
226 3093 287 3132 καὶ
311 3092 411 3132 αὐτὸν
431 3094 571 3131 ὠνεῖται
587 3091 758 3146 Ὀμφάλη
775 3093 973 3146 Ἰαρδάνου,
995 3095 1062 3144 βα-

49 3149 230 3189 σιλεύουσα
257 3151 396 3202 Λυδῶν,
409 3145 434 3204 ᾗ
446 3150 508 3198 τὴν
525 3150 712 3202 ἡγεμονίαν
728 3153 896 3189 τελευτῶν
917 3153 935 3189 ὁ
947 3151 1063 3202 γήμας

50 3208 199 3259 Τμῶλος
228 3208 405 3248 κατέλιπε.
434 3208 510 3256 Τὴν
531 3209 593 3260 μὲν
612 3203 670 3248 οῧν
698 3210 805 3260 τιμὴν
840 3212 1062 3260 κομισθεῖσαν

49 3265 200 3320 Εὔρυτος
217 3269 255 3305 οὐ
272 3267 512 3320 προσεδέξατο.
530 3268 736 3322 ’*Ϊ”Ηρακλῆς
748 3266 784 3306 δὲ
798 3267 966 3320 Ὀμφάλῃ
982 3268 1063 3304 δου-

2051 149 2122 181 143

1106 247 1262 283 vocasset,
1277 242 1403 277 medius
1425 245 1467 277 ab
1485 253 1524 278 eo
1537 244 1725 286 prehensus,
1739 242 1908 284 perfractis
1926 241 2038 281 costis,
2055 244 2127 274 Pro-

1105 297 1241 337 serpinae
1255 298 1481 339 deprecatione
1497 297 1516 330 a
1530 299 1634 330 morte
1649 300 1797 330 servatus
1814 298 1874 329 est.

1149 361 1273 396 ⁸Quum
1289 363 1396 393 autem
1403 361 1579 394 cerberum
1595 371 1613 393 a
1629 361 1763 393 Plutone
1776 360 1972 402 deposceret,
1979 357 2129 400 permisit

1105 417 1134 449 ei
1159 418 1254 451 Pluto
1276 422 1313 452 ut
1348 420 1520 453 abduceret
1537 430 1623 460 eum,
1647 421 1675 453 si
1696 420 1795 453 armis
1816 428 1890 462 quae
1911 419 2041 451 haberet
2062 427 2126 450 non

1107 486 1185 509 usus
1207 477 1362 510 domaret.
1383 480 1534 512 Hercules
1557 480 1654 521 igitur
1675 479 1916 521 deprehendens
1934 477 2027 510 illum
2054 479 2128 509 ante

1106 535 1294 568 Acherontis
1310 538 1431 577 portas,
1451 538 1579 570 thorace
1594 538 1740 571 munitus
1752 539 1785 571 et
1800 537 1902 569 leonis
1914 536 1996 578 pelle
2020 537 2128 568 conte-

1107 595 1190 634 ctus,
1199 594 1411 634 circumjectis
1422 595 1506 627 illius
1514 595 1610 637 capiti
1618 596 1779 635 manibus,
1787 596 1873 628 haud
1882 595 2129 636 remisit,quam-

1109 652 1158 684 vis
1173 652 1342 694 draconis,
1367 654 1424 694 qui
1449 654 1483 685 in
1497 654 1601 686 cauda
1625 656 1709 694 erat,
1729 654 1891 687 morsibus
1905 654 2128 695 impeteretur:

1108 710 1165 742 sed
1187 710 1306 743 collum
1320 711 1540 752 constringens
1552 714 1584 744 et
1595 713 1774 753 praefocans
1788 712 1929 745 belluam
1941 721 2049 754 parere
2060 720 2131 745 coe·

1109 771 1164 812 git.
1185 773 1342 811 ⁹Captum
1356 770 1463 810 itaque
1477 771 1650 803 Cerberum
1667 771 1802 804 abduxit
1814 781 1869 813 per
1884 772 2069 805 Troezenem
2086 779 2133 803 re-

1109 837 1249 870 gressus.
1261 828 1487 869 (Ascalaphum
1495 830 1592 860 Geres
1608 829 1640 860 in
1658 829 1821 862 bubonem
1834 830 1998 871 mutavit.)
2013 831 2132 862 Hercu-

1110 887 1158 920 les
1172 886 1357 927 Eurystheo
1372 888 1588 918 monstratum
1603 887 1779 919 Cerberum
1795 889 1834 920 ad
1858 888 1977 922 inferos
1991 888 2130 922 reduxit.

1515 1056 1652 1087 CAPUT
1674 1057 1730 1087 VI.

1155 1117 1202 1158 (1)
1224 1117 1365 1149 Peractis
1390 1117 1439 1149 his
1467 1116 1644 1157 laboribus,
1663 1115 1816 1149 Hercules
1840 1115 1966 1148 Thebas
1988 1123 2136 1147 reversus

1113 1184 1273 1223 Megaram
1287 1182 1425 1215 elocavit
1439 1183 1527 1214 Iolao
1536 1206 1545 1222 ,
1559 1184 1628 1224 ipse
1640 1191 1718 1214 vero
1734 1190 1868 1213 uxorem
1888 1180 2058 1220 ducturus,
2073 1182 2136 1212 Eu-

1114 1247 1224 1286 rytum
1244 1246 1402 1279 OEcbaliae
1423 1246 1634 1287 imperantem
1659 1244 1843 1278 certaminis
1863 1243 2035 1285 praemium
2060 1243 2136 1275 Iolae

1115 1309 1190 1341 filiae
1205 1310 1336 1351 nuptias
1355 1311 1562 1351 proposuisse
1574 1310 1698 1342 audivit
1711 1310 1751 1349 ei,
1768 1309 1824 1350 qui
1841 1308 2013 1349 sagittandi
2025 1307 2139 1348 peritia

1115 1371 1225 1414 ipsum
1242 1375 1274 1404 et
1287 1372 1369 1405 filios
1385 1382 1461 1405 suos
1485 1373 1610 1405 vicerit.
1628 1372 1750 1413 21gitur
1762 1371 1925 1413 profectus
1938 1369 2138 1408 OEehaliam,

1117 1444 1218 1476 quum
1235 1436 1406 1477 sagittandi
1421 1438 1488 1469 arte
1501 1436 1706 1477 praestantior
1719 1434 1783 1467 illis
1799 1434 1989 1473 exstitisset,
2012 1433 2142 1474 nuptias

1117 1509 1184 1532 non
1205 1502 1401 1533 consecutus
1421 1502 1482 1533 est.
1505 1500 1631 1541 Iphitus
1654 1498 1787 1540 quidem
1808 1496 1948 1528 filiorum
1978 1495 2142 1528 maximus

1118 1563 1207 1595 Iolen
1220 1563 1353 1595 Herculi
1369 1560 1608 1595 concedendam
1622 1569 1694 1594 esse
1707 1560 1875 1600 censebat,
1895 1561 1928 1592 at
1946 1560 2091 1600 Eurytus
2110 1560 2143 1590 et

1118 1627 1216 1660 ceteri
1238 1627 1294 1660 filii
1307 1627 1509 1663 recusabant,
1525 1609 1708 1659 timendum
1723 1633 1793 1657 esse
1809 1624 1964 1663 dicentes,
1985 1631 2027 1656 ne
2052 1622 2080 1654 si
2104 1621 2142 1655 li-

1118 1690 1212 1722 beros
1226 1700 1266 1723 ex
1280 1699 1319 1723 ea
1333 1690 1525 1731 susciperet,
1546 1689 1605 1721 hos
1621 1697 1750 1730 quoque
1763 1689 1891 1719 necaret

1162 1753 1207 1794 (2)
1229 1755 1301 1786 Non
1316 1753 1420 1786 multo
1432 1754 1506 1794 post
1520 1752 1625 1784 bobus
1641 1759 1681 1783 ex
1697 1750 1822 1782 Euboea
1837 1749 1877 1780 ab
1892 1748 2050 1789 Autolyco
2059 1747 2144 1779 furto

1120 1815 1253 1856 abactis,
1277 1819 1419 1857 Eurytus
1434 1815 1467 1847 id
1481 1815 1521 1847 ab
1533 1813 1669 1847 Hercule
1681 1813 1801 1845 factum
1813 1820 1883 1844 esse
1897 1811 2035 1852 putavit.
2049 1809 2144 1848 Quod

1120 1882 1228 1914 tamen
1241 1890 1307 1913 non
1323 1881 1456 1913 credens
1481 1879 1606 1921 Iphitus
1619 1879 1658 1910 ad
1673 1876 1845 1910 Herculem
1860 1874 2037 1914 contendit,
2050 1873 2145 1915 eique

1120 1945 1250 1978 obviam
1262 1944 1368 1977 sactus
1383 1943 1495 1976 Pheris
1508 1942 1665 1981 redeunti,
1687 1940 1745 1973 ubi
1753 1939 1893 1972 Alcestin
1903 1940 1969 1980 jam
1982 1939 2145 1970 mortuam

1121 2009 1259 2042 Admeto
1278 2007 1470 2047 reddiderat,
1488 2008 1526 2039 ut
1542 2014 1652 2038 secum
1674 2005 1776 2037 boves
1791 2002 2012 2043 investigaret,
2031 2000 2144 2032 invita-

1120 2074 1179 2106 vit.
1203 2072 1374 2105 ²Hercules
1395 2072 1427 2104 id
1447 2071 1613 2113 pollicetur
1634 2072 1729 2109 atque
1751 2065 1890 2107 hospitio
1918 2072 1993 2096 eum
2014 2061 2142 2103 excipit,

1121 2139 1179 2171 sed
1191 2137 1297 2170 denuo
1311 2136 1418 2168 furore
1439 2135 1581 2176 percitus
1593 2133 1634 2165 de
1651 2131 1894 2173 Tirynthiorum
1914 2127 2076 2160 moenibus
2094 2125 2145 2157 de-

1118 2202 1206 2243 jecit.
1219 2203 1260 2233 ³A
1271 2210 1335 2242 qua
1350 2200 1438 2232 caede
1450 2198 1572 2240 expiari
1585 2197 1717 2238 cupiens
1730 2194 1820 2227 venit
1832 2193 1871 2226 ad
1884 2191 2029 2226 Neleum.
2046 2192 2078 2223 Is
2090 2197 2143 2221 rex

1121 2269 1190 2299 erat
1199 2266 1375 2307 Pyliorum.
1385 2261 1601 2304 ⁴Repudiatus
1611 2261 1719 2292 autem
1732 2258 1772 2290 ab
1781 2266 1819 2289 eo
1831 2259 1960 2298 propter
1968 2263 2059 2287 suam
2069 2246 2143 2285 cum

1121 2331 1246 2370 Euryto
1266 2326 1458 2363 amicitiam,
1481 2324 1632 2366 Amyclas
1653 2323 1816 2364 profectus
1835 2319 2049 2361 aDeiphobo,
2070 2317 2144 2358 Hip-

1122 2392 1223 2435 polyti
1236 2391 1313 2431 filio,
1329 2390 1485 2422 lustratus
1499 2390 1558 2420 est.
1577 2389 1713 2420 ¹⁵Verum
1729 2384 1817 2426 gravi
1835 2385 1962 2424 propter
1975 2382 2070 2422 Iphiti
2087 2389 2144 2412 cae-

1122 2460 1197 2492 dem
1209 2457 1323 2490 morbo
1340 2458 1507 2497 correptus
1523 2454 1665 2495 Delphos
1681 2452 1773 2490 adiit,
1787 2460 1824 2482 ac
1838 2450 1878 2482 de
1898 2448 2003 2480 morbi
2020 2445 2144 2478 medela

1123 2521 1304 2555 sciscitatus
1316 2522 1376 2552 est.
1390 2519 1475 2552 ⁶Cui
1489 2526 1590 2559 quum
1612 2515 1729 2557 Pythia
1745 2513 1823 2545 nibil
1840 2511 2055 2552 responderet,
2065 2510 2143 2539 tem·

1123 2584 1214 2624 plum
1230 2582 1367 2624 spoliare
1382 2581 1514 2612 molitus
1536 2581 1602 2618 est,
1626 2580 1659 2609 et
1683 2575 1788 2608 ablato
1811 2573 1954 2614 tripode,
1976 2570 2142 2611 proprium

1124 2646 1185 2679 sibi
1201 2645 1369 2678 oraculum
1384 2643 1550 2675 instituere
1561 2639 1676 2672 voluit.
1687 2638 1902 2678 ’Quapropter
1914 2641 2015 2674 quum
2031 2630 2144 2671 Apollo

1123 2718 1199 2741 cum
1212 2718 1250 2741 eo
1263 2709 1430 2750 pugnaret,
1447 2705 1573 2746 Jupiter
1586 2703 1728 2735 medium
1741 2701 1822 2731 inter
1836 2699 1894 2729 hos
1909 2696 2031 2728 fulmen
2045 2695 2144 2727 demi·

1124 2771 1188 2811 sit;
1205 2780 1243 2803 ac
1258 2771 1346 2803 hunc
1360 2770 1394 2801 in
1410 2768 1544 2800 modum
1560 2774 1667 2808 pugna
1683 2771 1796 2797 eorum
1815 2760 1970 2798 diremta,
1986 2758 2140 2791 Hercules

1124 2834 1247 2875 accepit
1262 2832 1444 2871 oraculum,
1459 2829 1545 2870 quod
1559 2828 1663 2860 morbi
1678 2827 1775 2858 finem
1792 2824 1859 2855 sore
1874 2821 1974 2862 dixit,
1991 2821 2019 2853 si
2035 2820 2143 2853 vendi-

1124 2900 1178 2930 tus
1192 2896 1368 2929 triennium
1382 2893 1571 2926 servitutem
1586 2889 1749 2922 serviisset
1763 2888 1795 2919 et
1805 2885 1947 2928 pretium
1962 2883 2061 2917 caedis
2074 2891 2140 2925 pm·

1123 2968 1200 2991 nam
1216 2958 1366 2990 solvisset
1381 2959 1516 2996 Euryto.

1167 3050 1211 3090 (3)
1226 3051 1297 3086 Quo
1313 3046 1441 3079 oraculo
1455 3046 1542 3085 dato,
1559 3042 1737 3076 Mercurius
1747 3039 1915 3074 Herculem
1925 3038 2046 3077 vendit,
2057 3046 2144 3069 eum·

1124 3132 1187 3165 que
1203 3123 1361 3154 mercatur
1375 3117 1532 3160 Omphale
1546 3115 1673 3149 lardani
1686 3115 1761 3155 filia,
1778 3114 1885 3155 regina
1900 3112 2079 3154 Lydorum,
2089 3112 2144 3144 cui

1124 3191 1256 3225 Tmolus
1270 3189 1388 3229 conjux
1419 3185 1558 3218 moriens
1574 3192 1707 3225 regumn
1718 3183 1900 3223 reliquerat.
1923 3181 1986 3214 Sed
2000 3183 2144 3221 Eurytus

1126 3259 1263 3290 allatum
1287 3255 1347 3287 sibi
1360 3253 1498 3295 pretium
1513 3261 1579 3284 non
1592 3251 1734 3284 admisit.
1748 3250 1896 3283 21nterim
1905 3250 2059 3282 Hercules
2070 3251 2144 3281 Om-

49 3320 168 3374 λ’ὗων,
186 3324 265 3368 τοὺς
295 3324 357 3375 μὲν
389 3325 487 3378 παρὰ
506 3325 571 3373 τὴν
590 3326 744 3380 Ἔφεσον
767 3325 962 3380 Κέρκωπας
984 3326 1064 3363 συλ·
1088 3345 1099 3374 1
1126 3333 1228 3374 phalae
1243 3330 1384 3363 serviens
1400 3331 1511 3370 captos
1524 3328 1578 3369 qui
1591 3335 1691 3369 prope
1702 3326 1866 3368 Ephesum
1879 3326 1969 3357 erant
1984 3326 2142 3365 Cercopes
