<?xml version="1.0" encoding="UTF-8"?>
<!DOCTYPE html PUBLIC "-//W3C//DTD XHTML 1.0 Transitional//EN"
    "http://www.w3.org/TR/xhtml1/DTD/xhtml1-transitional.dtd">
<html xmlns="http://www.w3.org/1999/xhtml" xml:lang="en" lang="en">
 <head>
  <title>
</title>
<meta http-equiv="Content-Type" content="text/html;charset=utf-8" />
  <meta name='ocr-system' content='tesseract 3.04.00' />
  <meta name='ocr-capabilities' content='ocr_page ocr_carea ocr_par ocr_line ocrx_word'/>
</head>
<body>
  <div class='ocr_page' id='page_1' title='image "./fragmentahistori01mueluoft_0126.png"; bbox 0 0 2320 3684; ppageno 0'>
   <div class='ocr_carea' id='block_1_1' title="bbox 145 208 1499 253">
    <p class='ocr_par' dir='ltr' id='par_1_1' title="bbox 145 208 1499 253">
     <span class='ocr_line' id='line_1_1' title="bbox 145 208 1499 253; baseline 0.003 -8"><span class='ocrx_word' id='word_1_1' title='bbox 145 219 193 253; x_wconf 75' lang='lat'><strong>24</strong></span> <span class='ocrx_word' id='word_1_2' title='bbox 897 208 1138 248; x_wconf 88' lang='lat' dir='ltr'><strong>HECATAEI</strong></span> <span class='ocrx_word' id='word_1_3' title='bbox 1166 210 1499 250; x_wconf 84' lang='lat' dir='ltr'><strong>FRAGMENTA.</strong></span> 
     </span>
    </p>
   </div>
   <div class='ocr_carea' id='block_1_2' title="bbox 145 353 1186 2052">
    <p class='ocr_par' dir='ltr' id='par_1_2' title="bbox 197 353 1141 406">
     <span class='ocr_line' id='line_1_2' title="bbox 197 353 1141 406; baseline 0 -11"><span class='ocrx_word' id='word_1_4' title='bbox 197 358 250 396; x_wconf 83' lang='lat' dir='ltr'><strong>St.</strong></span> <span class='ocrx_word' id='word_1_5' title='bbox 271 360 312 395; x_wconf 90' lang='lat' dir='ltr'><strong>B.</strong></span> <span class='ocrx_word' id='word_1_6' title='bbox 338 354 484 403; x_wconf 77' lang='grc' dir='ltr'>Ὑὸέλη,</span> <span class='ocrx_word' id='word_1_7' title='bbox 504 354 604 397; x_wconf 86' lang='grc' dir='ltr'>πόλις</span> <span class='ocrx_word' id='word_1_8' title='bbox 620 353 701 406; x_wconf 81' lang='grc' dir='ltr'>περὶ</span> <span class='ocrx_word' id='word_1_9' title='bbox 722 353 950 406; x_wconf 85' lang='grc' dir='ltr'>Καρχηδόνα·</span> <span class='ocrx_word' id='word_1_10' title='bbox 973 353 1053 394; x_wconf 83' lang='grc' dir='ltr'><strong>Ἕκ.</strong></span> <span class='ocrx_word' id='word_1_11' title='bbox 1070 355 1141 395; x_wconf 54' lang='lat' dir='ltr'><strong>’on</strong></span> 
     </span>
    </p>

    <p class='ocr_par' dir='ltr' id='par_1_3' title="bbox 145 469 1170 585">
     <span class='ocr_line' id='line_1_3' title="bbox 197 469 1170 526; baseline -0.001 -14"><span class='ocrx_word' id='word_1_12' title='bbox 197 477 252 512; x_wconf 89' lang='lat' dir='ltr'><strong>St.</strong></span> <span class='ocrx_word' id='word_1_13' title='bbox 286 476 327 511; x_wconf 93' lang='lat' dir='ltr'><strong>B.</strong></span> <span class='ocrx_word' id='word_1_14' title='bbox 349 470 548 518; x_wconf 84' lang='grc' dir='ltr'>Κανθηλία,</span> <span class='ocrx_word' id='word_1_15' title='bbox 576 469 677 514; x_wconf 85' lang='grc' dir='ltr'>πόλις</span> <span class='ocrx_word' id='word_1_16' title='bbox 708 470 788 524; x_wconf 78' lang='grc' dir='ltr'>περὶ</span> <span class='ocrx_word' id='word_1_17' title='bbox 825 471 1054 526; x_wconf 87' lang='grc' dir='ltr'>Καρχηδόνα·</span> <span class='ocrx_word' id='word_1_18' title='bbox 1087 473 1170 512; x_wconf 85' lang='grc' dir='ltr'><strong>Ἑκ.</strong></span> 
     </span>
     <span class='ocr_line' id='line_1_4' title="bbox 145 528 467 585; baseline -0.012 -15"><span class='ocrx_word' id='word_1_19' title='bbox 145 529 253 585; x_wconf 77' lang='grc' dir='ltr'><strong>Ἀσίᾳ.</strong></span> <span class='ocrx_word' id='word_1_20' title='bbox 269 528 467 584; x_wconf 49' lang='grc' dir='ltr'>(Ηρόδοτος.</span> 
     </span>
    </p>

    <p class='ocr_par' dir='ltr' id='par_1_4' title="bbox 614 586 704 625">
     <span class='ocr_line' id='line_1_5' title="bbox 614 586 704 625; baseline 0.011 -1"><span class='ocrx_word' id='word_1_21' title='bbox 614 586 704 625; x_wconf 89' lang='grc'><strong>310.</strong></span> 
     </span>
    </p>

    <p class='ocr_par' dir='ltr' id='par_1_5' title="bbox 145 644 1172 749">
     <span class='ocr_line' id='line_1_6' title="bbox 199 644 1172 700; baseline 0.002 -14"><span class='ocrx_word' id='word_1_22' title='bbox 199 650 251 686; x_wconf 86' lang='lat' dir='ltr'><strong>St.</strong></span> <span class='ocrx_word' id='word_1_23' title='bbox 274 650 316 685; x_wconf 93' lang='grc' dir='ltr'><strong>Β.</strong></span> <span class='ocrx_word' id='word_1_24' title='bbox 349 644 534 695; x_wconf 85' lang='grc' dir='ltr'>Κανθήλη,</span> <span class='ocrx_word' id='word_1_25' title='bbox 553 645 654 690; x_wconf 88' lang='grc' dir='ltr'>πόλις</span> <span class='ocrx_word' id='word_1_26' title='bbox 681 645 949 700; x_wconf 75' lang='grc' dir='ltr'>Λιὸοφοινίκων,</span> <span class='ocrx_word' id='word_1_27' title='bbox 977 648 1038 687; x_wconf 78' lang='grc' dir='ltr'>καὶ</span> <span class='ocrx_word' id='word_1_28' title='bbox 1059 647 1172 688; x_wconf 82' lang='grc' dir='ltr'>Ἑκα-</span> 
     </span>
     <span class='ocr_line' id='line_1_7' title="bbox 145 704 362 749; baseline -0.009 -4"><span class='ocrx_word' id='word_1_29' title='bbox 145 721 240 749; x_wconf 86' lang='grc' dir='ltr'>ταιος</span> <span class='ocrx_word' id='word_1_30' title='bbox 258 704 362 744; x_wconf 77' lang='grc' dir='ltr'>οὕτω.</span> 
     </span>
    </p>

    <p class='ocr_par' dir='ltr' id='par_1_6' title="bbox 613 763 703 802">
     <span class='ocr_line' id='line_1_8' title="bbox 613 763 703 802; baseline 0 -1"><span class='ocrx_word' id='word_1_31' title='bbox 613 763 659 801; x_wconf 89' lang='grc'><strong>31</strong></span> <span class='ocrx_word' id='word_1_32' title='bbox 670 763 703 802; x_wconf 93' lang='lat' dir='ltr'><strong>l.</strong></span> 
     </span>
    </p>

    <p class='ocr_par' dir='ltr' id='par_1_7' title="bbox 146 820 1178 1111">
     <span class='ocr_line' id='line_1_9' title="bbox 199 820 1170 876; baseline 0.001 -15"><span class='ocrx_word' id='word_1_33' title='bbox 199 824 252 862; x_wconf 86' lang='lat' dir='ltr'><strong>St.</strong></span> <span class='ocrx_word' id='word_1_34' title='bbox 275 826 319 861; x_wconf 92' lang='grc' dir='ltr'><strong>Β.</strong></span> <span class='ocrx_word' id='word_1_35' title='bbox 337 820 470 874; x_wconf 76' lang='grc' dir='ltr'>Κύὸος,</span> <span class='ocrx_word' id='word_1_36' title='bbox 491 820 593 865; x_wconf 89' lang='grc' dir='ltr'>πόλις</span> <span class='ocrx_word' id='word_1_37' title='bbox 613 820 741 861; x_wconf 86' lang='grc' dir='ltr'>Ἰώνων</span> <span class='ocrx_word' id='word_1_38' title='bbox 764 823 799 861; x_wconf 82' lang='grc' dir='ltr'>ἐν</span> <span class='ocrx_word' id='word_1_39' title='bbox 829 821 945 876; x_wconf 76' lang='grc' dir='ltr'>Λιὸόῃ</span> <span class='ocrx_word' id='word_1_40' title='bbox 978 823 1170 863; x_wconf 86' lang='grc' dir='ltr'>Φοινίκων.</span> 
     </span>
     <span class='ocr_line' id='line_1_10' title="bbox 146 880 1174 936; baseline -0.001 -15"><span class='ocrx_word' id='word_1_41' title='bbox 146 881 226 921; x_wconf 85' lang='grc' dir='ltr'><strong>Ἕκ.</strong></span> <span class='ocrx_word' id='word_1_42' title='bbox 246 880 454 934; x_wconf 81' lang='grc' dir='ltr'>περιηγήσει</span> <span class='ocrx_word' id='word_1_43' title='bbox 480 882 599 927; x_wconf 75' lang='grc' dir='ltr'>αὐτῆς·</span> <span class='ocrx_word' id='word_1_44' title='bbox 627 880 711 919; x_wconf 77' lang='grc' dir='ltr'>«καὶ</span> <span class='ocrx_word' id='word_1_45' title='bbox 738 880 846 932; x_wconf 89' lang='grc' dir='ltr'>λιμήν</span> <span class='ocrx_word' id='word_1_46' title='bbox 867 897 948 930; x_wconf 88' lang='grc' dir='ltr'>που,</span> <span class='ocrx_word' id='word_1_47' title='bbox 975 881 1080 936; x_wconf 86' lang='grc' dir='ltr'>ἄκρη,</span> <span class='ocrx_word' id='word_1_48' title='bbox 1113 882 1174 920; x_wconf 79' lang='grc' dir='ltr'>καὶ</span> 
     </span>
     <span class='ocr_line' id='line_1_11' title="bbox 147 937 1176 990; baseline 0 -11"><span class='ocrx_word' id='word_1_49' title='bbox 147 939 350 979; x_wconf 71' lang='grc' dir='ltr'><strong>Κυὸώ.»”0</strong></span> <span class='ocrx_word' id='word_1_50' title='bbox 362 937 685 988; x_wconf 76' lang='grc' dir='ltr'>πολίτηςΚυὸίτης,</span> <span class='ocrx_word' id='word_1_51' title='bbox 708 941 753 983; x_wconf 86' lang='grc' dir='ltr'><strong>ὡς</strong></span> <span class='ocrx_word' id='word_1_52' title='bbox 773 939 929 987; x_wconf 73' lang='grc' dir='ltr'>Σαὸίτης</span> <span class='ocrx_word' id='word_1_53' title='bbox 947 943 1009 988; x_wconf 80' lang='grc' dir='ltr'><strong>τῆς</strong></span> <span class='ocrx_word' id='word_1_54' title='bbox 1025 941 1176 990; x_wconf 76' lang='grc' dir='ltr'>Σαὸοῦς,</span> 
     </span>
     <span class='ocr_line' id='line_1_12' title="bbox 147 998 1178 1055; baseline 0.001 -18"><span class='ocrx_word' id='word_1_55' title='bbox 147 998 170 1046; x_wconf 85' lang='grc' dir='ltr'>ἢ</span> <span class='ocrx_word' id='word_1_56' title='bbox 195 998 388 1049; x_wconf 74' lang='grc' dir='ltr'>Κυὸοίτης,</span> <span class='ocrx_word' id='word_1_57' title='bbox 409 1000 456 1042; x_wconf 86' lang='grc' dir='ltr'><strong>ὡς</strong></span> <span class='ocrx_word' id='word_1_58' title='bbox 474 1000 537 1045; x_wconf 77' lang='grc' dir='ltr'><strong>τῆς</strong></span> <span class='ocrx_word' id='word_1_59' title='bbox 558 1000 710 1042; x_wconf 79' lang='grc' dir='ltr'>Βουτοῦς</span> <span class='ocrx_word' id='word_1_60' title='bbox 735 998 934 1047; x_wconf 87' lang='grc' dir='ltr'>Βουτοίτης.</span> <span class='ocrx_word' id='word_1_61' title='bbox 956 1004 1032 1038; x_wconf 90' lang='lat' dir='ltr'><strong>Pro</strong></span> <span class='ocrx_word' id='word_1_62' title='bbox 1053 1015 1178 1055; x_wconf 84' lang='grc' dir='ltr'>περιη-</span> 
     </span>
     <span class='ocr_line' id='line_1_13' title="bbox 149 1057 935 1111; baseline 0.001 -15"><span class='ocrx_word' id='word_1_63' title='bbox 149 1057 251 1109; x_wconf 87' lang='grc' dir='ltr'>γήσει</span> <span class='ocrx_word' id='word_1_64' title='bbox 269 1059 375 1104; x_wconf 78' lang='grc' dir='ltr'>αὐτῆς</span> <span class='ocrx_word' id='word_1_65' title='bbox 393 1058 434 1096; x_wconf 90' lang='lat' dir='ltr'><strong>in</strong></span> <span class='ocrx_word' id='word_1_66' title='bbox 447 1057 560 1095; x_wconf 89' lang='lat' dir='ltr'><strong>codd.</strong></span> <span class='ocrx_word' id='word_1_67' title='bbox 579 1065 636 1095; x_wconf 88' lang='lat' dir='ltr'><strong>est</strong></span> <span class='ocrx_word' id='word_1_68' title='bbox 658 1072 797 1111; x_wconf 86' lang='grc' dir='ltr'>περιηγ.</span> <span class='ocrx_word' id='word_1_69' title='bbox 818 1060 935 1098; x_wconf 76' lang='grc' dir='ltr'>αὐτοῦ.</span> 
     </span>
    </p>

    <p class='ocr_par' dir='ltr' id='par_1_8' title="bbox 615 1115 706 1154">
     <span class='ocr_line' id='line_1_14' title="bbox 615 1115 706 1154; baseline 0.011 -1"><span class='ocrx_word' id='word_1_70' title='bbox 615 1115 706 1154; x_wconf 83' lang='lat'><strong>312.</strong></span> 
     </span>
    </p>

    <p class='ocr_par' dir='ltr' id='par_1_9' title="bbox 149 1172 1180 1465">
     <span class='ocr_line' id='line_1_15' title="bbox 203 1172 1180 1226; baseline -0.002 -12"><span class='ocrx_word' id='word_1_71' title='bbox 203 1178 258 1214; x_wconf 90' lang='lat' dir='ltr'><strong>St.</strong></span> <span class='ocrx_word' id='word_1_72' title='bbox 276 1178 319 1213; x_wconf 93' lang='lat' dir='ltr'><strong>B.</strong></span> <span class='ocrx_word' id='word_1_73' title='bbox 342 1172 573 1226; x_wconf 74' lang='grc' dir='ltr'>Καλαμένθη,</span> <span class='ocrx_word' id='word_1_74' title='bbox 588 1173 663 1222; x_wconf 83' lang='grc' dir='ltr'>ἥτις</span> <span class='ocrx_word' id='word_1_75' title='bbox 683 1173 742 1212; x_wconf 82' lang='grc' dir='ltr'>καὶ</span> <span class='ocrx_word' id='word_1_76' title='bbox 757 1174 983 1226; x_wconf 87' lang='grc' dir='ltr'>Καλαμίνθη,</span> <span class='ocrx_word' id='word_1_77' title='bbox 997 1173 1098 1218; x_wconf 85' lang='grc' dir='ltr'>πόλις</span> <span class='ocrx_word' id='word_1_78' title='bbox 1115 1176 1180 1213; x_wconf 88' lang='grc' dir='ltr'><strong>Λι-</strong></span> 
     </span>
     <span class='ocr_line' id='line_1_16' title="bbox 149 1227 1178 1287; baseline -0.002 -15"><span class='ocrx_word' id='word_1_79' title='bbox 149 1232 247 1280; x_wconf 77' lang='grc' dir='ltr'>6ύης·</span> <span class='ocrx_word' id='word_1_80' title='bbox 265 1232 346 1272; x_wconf 85' lang='grc' dir='ltr'><strong>Ἕκ.</strong></span> <span class='ocrx_word' id='word_1_81' title='bbox 376 1231 602 1286; x_wconf 85' lang='grc' dir='ltr'>περιηγήσει·</span> <span class='ocrx_word' id='word_1_82' title='bbox 625 1238 781 1287; x_wconf 83' lang='grc' dir='ltr'>κρεῖττον</span> <span class='ocrx_word' id='word_1_83' title='bbox 808 1227 880 1282; x_wconf 64' lang='grc' dir='ltr'>οὖν,</span> <span class='ocrx_word' id='word_1_84' title='bbox 903 1235 950 1277; x_wconf 83' lang='grc' dir='ltr'><strong>ὡς</strong></span> <span class='ocrx_word' id='word_1_85' title='bbox 972 1232 1178 1287; x_wconf 84' lang='grc' dir='ltr'>Ἡρόδοτος,</span> 
     </span>
     <span class='ocr_line' id='line_1_17' title="bbox 150 1290 1179 1342; baseline -0.002 -11"><span class='ocrx_word' id='word_1_86' title='bbox 150 1291 209 1331; x_wconf 76' lang='grc' dir='ltr'><strong>διὰ</strong></span> <span class='ocrx_word' id='word_1_87' title='bbox 224 1294 285 1330; x_wconf 81' lang='grc' dir='ltr'><strong>τοῦ</strong></span> <span class='ocrx_word' id='word_1_88' title='bbox 304 1303 327 1329; x_wconf 86' lang='grc' dir='ltr'><strong>ι·</strong></span> <span class='ocrx_word' id='word_1_89' title='bbox 342 1290 442 1335; x_wconf 88' lang='grc' dir='ltr'>πόλις</span> <span class='ocrx_word' id='word_1_90' title='bbox 457 1290 647 1332; x_wconf 87' lang='grc' dir='ltr'>Φοινίκων.</span> <span class='ocrx_word' id='word_1_91' title='bbox 663 1292 776 1330; x_wconf 88' lang='lat' dir='ltr'><strong>Nulla</strong></span> <span class='ocrx_word' id='word_1_92' title='bbox 784 1299 842 1330; x_wconf 87' lang='lat' dir='ltr'><strong>est</strong></span> <span class='ocrx_word' id='word_1_93' title='bbox 857 1291 973 1342; x_wconf 91' lang='lat' dir='ltr'><strong>hujus</strong></span> <span class='ocrx_word' id='word_1_94' title='bbox 986 1292 1061 1329; x_wconf 89' lang='lat' dir='ltr'><strong>loci</strong></span> <span class='ocrx_word' id='word_1_95' title='bbox 1074 1292 1179 1342; x_wconf 86' lang='lat' dir='ltr'><strong>apud</strong></span> 
     </span>
     <span class='ocr_line' id='line_1_18' title="bbox 150 1348 1179 1404; baseline -0.002 -14"><span class='ocrx_word' id='word_1_96' title='bbox 150 1351 392 1390; x_wconf 87' lang='lat' dir='ltr'><strong>Herodotum</strong></span> <span class='ocrx_word' id='word_1_97' title='bbox 407 1351 564 1389; x_wconf 87' lang='lat' dir='ltr'><strong>mentio.</strong></span> <span class='ocrx_word' id='word_1_98' title='bbox 584 1351 809 1402; x_wconf 88' lang='lat' dir='ltr'><strong>Legendum</strong></span> <span class='ocrx_word' id='word_1_99' title='bbox 829 1351 983 1389; x_wconf 81' lang='lat' dir='ltr'><strong>videtur</strong></span> <span class='ocrx_word' id='word_1_100' title='bbox 1002 1348 1179 1404; x_wconf 87' lang='grc' dir='ltr'>Ἡρωδια-</span> 
     </span>
     <span class='ocr_line' id='line_1_19' title="bbox 150 1410 515 1465; baseline -0.003 -15"><span class='ocrx_word' id='word_1_101' title='bbox 150 1410 206 1455; x_wconf 86' lang='grc' dir='ltr'><strong>νός</strong></span> <span class='ocrx_word' id='word_1_102' title='bbox 225 1412 287 1449; x_wconf 85' lang='lat' dir='ltr'><strong>vel</strong></span> <span class='ocrx_word' id='word_1_103' title='bbox 306 1410 515 1465; x_wconf 86' lang='grc' dir='ltr'>Ἡρόδωρος.</span> 
     </span>
    </p>

    <p class='ocr_par' dir='ltr' id='par_1_10' title="bbox 621 1468 711 1507">
     <span class='ocr_line' id='line_1_20' title="bbox 621 1468 711 1507; baseline -0.011 0"><span class='ocrx_word' id='word_1_104' title='bbox 621 1468 711 1507; x_wconf 83' lang='grc'><strong>313.</strong></span> 
     </span>
    </p>

    <p class='ocr_par' dir='ltr' id='par_1_11' title="bbox 154 1525 1183 1641">
     <span class='ocr_line' id='line_1_21' title="bbox 204 1525 1183 1582; baseline -0.002 -14"><span class='ocrx_word' id='word_1_105' title='bbox 204 1532 258 1568; x_wconf 91' lang='lat' dir='ltr'><strong>St.</strong></span> <span class='ocrx_word' id='word_1_106' title='bbox 275 1533 315 1567; x_wconf 94' lang='lat' dir='ltr'><strong>B.</strong></span> <span class='ocrx_word' id='word_1_107' title='bbox 336 1529 484 1576; x_wconf 74' lang='grc' dir='ltr'>Γαῦλος,</span> <span class='ocrx_word' id='word_1_108' title='bbox 497 1529 601 1575; x_wconf 74' lang='grc' dir='ltr'>νῆσος</span> <span class='ocrx_word' id='word_1_109' title='bbox 616 1526 705 1581; x_wconf 84' lang='grc' dir='ltr'>πρὸς</span> <span class='ocrx_word' id='word_1_110' title='bbox 716 1529 760 1580; x_wconf 81' lang='grc' dir='ltr'><strong>τῇ</strong></span> <span class='ocrx_word' id='word_1_111' title='bbox 779 1526 998 1582; x_wconf 83' lang='grc' dir='ltr'>Καρχηδόνι.</span> <span class='ocrx_word' id='word_1_112' title='bbox 1017 1525 1100 1567; x_wconf 83' lang='grc' dir='ltr'><strong>Ἕκ.</strong></span> <span class='ocrx_word' id='word_1_113' title='bbox 1119 1543 1183 1566; x_wconf 93' lang='grc' dir='ltr'><strong>πε-</strong></span> 
     </span>
     <span class='ocr_line' id='line_1_22' title="bbox 154 1585 782 1641; baseline 0 -15"><span class='ocrx_word' id='word_1_114' title='bbox 154 1587 324 1641; x_wconf 88' lang='grc' dir='ltr'>ριηγήσει.</span> <span class='ocrx_word' id='word_1_115' title='bbox 346 1587 388 1628; x_wconf 89' lang='grc' dir='ltr'><strong>Ὁ</strong></span> <span class='ocrx_word' id='word_1_116' title='bbox 404 1585 579 1635; x_wconf 83' lang='grc' dir='ltr'>νησιώτης</span> <span class='ocrx_word' id='word_1_117' title='bbox 594 1585 782 1634; x_wconf 84' lang='grc' dir='ltr'>Γαυλίτης.</span> 
     </span>
    </p>

    <p class='ocr_par' dir='ltr' id='par_1_12' title="bbox 153 1701 1184 1867">
     <span class='ocr_line' id='line_1_23' title="bbox 206 1701 1183 1752; baseline -0.001 -8"><span class='ocrx_word' id='word_1_118' title='bbox 206 1708 260 1744; x_wconf 91' lang='lat' dir='ltr'><strong>St.</strong></span> <span class='ocrx_word' id='word_1_119' title='bbox 289 1708 330 1743; x_wconf 91' lang='lat' dir='ltr'><strong>B.</strong></span> <span class='ocrx_word' id='word_1_120' title='bbox 353 1704 548 1752; x_wconf 82' lang='grc' dir='ltr'>Εὖδείπνη,</span> <span class='ocrx_word' id='word_1_121' title='bbox 577 1706 681 1751; x_wconf 86' lang='grc' dir='ltr'>ν’ῆσος</span> <span class='ocrx_word' id='word_1_122' title='bbox 711 1701 848 1752; x_wconf 75' lang='grc' dir='ltr'>Λιὸύης</span> <span class='ocrx_word' id='word_1_123' title='bbox 884 1702 1075 1743; x_wconf 82' lang='grc' dir='ltr'>Φοινίκων.</span> <span class='ocrx_word' id='word_1_124' title='bbox 1102 1702 1183 1743; x_wconf 78' lang='grc' dir='ltr'><strong>Ἐκ.</strong></span> 
     </span>
     <span class='ocr_line' id='line_1_24' title="bbox 153 1761 1184 1818; baseline -0.001 -16"><span class='ocrx_word' id='word_1_125' title='bbox 153 1763 360 1818; x_wconf 85' lang='grc' dir='ltr'>περιηγήσει</span> <span class='ocrx_word' id='word_1_126' title='bbox 377 1762 523 1811; x_wconf 72' lang='grc' dir='ltr'>Λιὸύης.</span> <span class='ocrx_word' id='word_1_127' title='bbox 544 1761 598 1802; x_wconf 83' lang='grc' dir='ltr'><strong>Τὸ</strong></span> <span class='ocrx_word' id='word_1_128' title='bbox 614 1761 746 1801; x_wconf 80' lang='grc' dir='ltr'>ἐθνικὸν</span> <span class='ocrx_word' id='word_1_129' title='bbox 769 1763 1012 1812; x_wconf 82' lang='grc' dir='ltr'>Εὖδειπναῖος,</span> <span class='ocrx_word' id='word_1_130' title='bbox 1028 1765 1075 1808; x_wconf 83' lang='grc' dir='ltr'><strong>ὡς</strong></span> <span class='ocrx_word' id='word_1_131' title='bbox 1094 1764 1184 1818; x_wconf 90' lang='grc' dir='ltr'>Λερ-</span> 
     </span>
     <span class='ocr_line' id='line_1_25' title="bbox 153 1828 259 1867; baseline -0.009 -6"><span class='ocrx_word' id='word_1_132' title='bbox 153 1828 259 1867; x_wconf 87' lang='grc' dir='ltr'>ναῖος.</span> 
     </span>
    </p>

    <p class='ocr_par' dir='ltr' id='par_1_13' title="bbox 627 1880 716 1918">
     <span class='ocr_line' id='line_1_26' title="bbox 627 1880 716 1918; baseline 0 0"><span class='ocrx_word' id='word_1_133' title='bbox 627 1880 716 1918; x_wconf 85' lang='grc'><strong>315,</strong></span> 
     </span>
    </p>

    <p class='ocr_par' dir='ltr' id='par_1_14' title="bbox 209 1937 1185 1992">
     <span class='ocr_line' id='line_1_27' title="bbox 209 1937 1185 1992; baseline -0.003 -13"><span class='ocrx_word' id='word_1_134' title='bbox 209 1942 264 1979; x_wconf 93' lang='lat' dir='ltr'><strong>St.</strong></span> <span class='ocrx_word' id='word_1_135' title='bbox 286 1943 328 1978; x_wconf 89' lang='grc' dir='ltr'><strong>Β.</strong></span> <span class='ocrx_word' id='word_1_136' title='bbox 361 1940 631 1986; x_wconf 82' lang='grc' dir='ltr'>Φοινικοῦσσαι,</span> <span class='ocrx_word' id='word_1_137' title='bbox 663 1937 724 1976; x_wconf 84' lang='grc' dir='ltr'><strong>δύο</strong></span> <span class='ocrx_word' id='word_1_138' title='bbox 752 1940 852 1985; x_wconf 79' lang='grc' dir='ltr'>νῆσοι</span> <span class='ocrx_word' id='word_1_139' title='bbox 885 1938 921 1976; x_wconf 80' lang='grc' dir='ltr'>ἐν</span> <span class='ocrx_word' id='word_1_140' title='bbox 958 1940 1008 1992; x_wconf 80' lang='grc' dir='ltr'><strong>τῷ</strong></span> <span class='ocrx_word' id='word_1_141' title='bbox 1040 1937 1185 1992; x_wconf 74' lang='grc' dir='ltr'>Λιὸυκῷ</span> 
     </span>
    </p>

    <p class='ocr_par' dir='ltr' id='par_1_15' title="bbox 157 1997 1186 2052">
     <span class='ocr_line' id='line_1_28' title="bbox 157 1997 1186 2052; baseline -0.001 -16"><span class='ocrx_word' id='word_1_142' title='bbox 157 1997 278 2051; x_wconf 86' lang='grc' dir='ltr'>κόλπῳ</span> <span class='ocrx_word' id='word_1_143' title='bbox 297 1997 384 2052; x_wconf 85' lang='grc' dir='ltr'>πρὸς</span> <span class='ocrx_word' id='word_1_144' title='bbox 403 2000 447 2049; x_wconf 84' lang='grc' dir='ltr'><strong>τῇ</strong></span> <span class='ocrx_word' id='word_1_145' title='bbox 471 1997 690 2051; x_wconf 80' lang='grc' dir='ltr'>Καρχηδόνι,</span> <span class='ocrx_word' id='word_1_146' title='bbox 712 1999 760 2041; x_wconf 84' lang='grc' dir='ltr'><strong>ὡς</strong></span> <span class='ocrx_word' id='word_1_147' title='bbox 780 1997 862 2037; x_wconf 88' lang='grc' dir='ltr'><strong>Ἕκ.</strong></span> <span class='ocrx_word' id='word_1_148' title='bbox 883 1997 1091 2051; x_wconf 88' lang='grc' dir='ltr'>περιηγήσει</span> <span class='ocrx_word' id='word_1_149' title='bbox 1117 1999 1186 2037; x_wconf 83' lang='grc' dir='ltr'><strong>Λι-</strong></span> 
     </span>
    </p>
   </div>
   <div class='ocr_carea' id='block_1_3' title="bbox 200 2150 793 2244">
    <p class='ocr_par' dir='ltr' id='par_1_16' title="bbox 200 2150 793 2244">
     <span class='ocr_line' id='line_1_29' title="bbox 200 2150 793 2244; baseline -0.003 -9"><span class='ocrx_word' id='word_1_150' title='bbox 200 2202 324 2244; x_wconf 87' lang='lat' dir='ltr'><strong>Hybele</strong></span> <span class='ocrx_word' id='word_1_151' title='bbox 333 2226 343 2243; x_wconf 91' lang='lat'><em>,</em></span> <span class='ocrx_word' id='word_1_152' title='bbox 362 2201 440 2234; x_wconf 91' lang='lat' dir='ltr'><strong>urbs</strong></span> <span class='ocrx_word' id='word_1_153' title='bbox 453 2201 539 2234; x_wconf 83' lang='lat' dir='ltr'><strong>circa.</strong></span> <span class='ocrx_word' id='word_1_154' title='bbox 554 2150 793 2242; x_wconf 53' lang='lat' dir='ltr'><strong>Cartiiggginem.</strong></span> 
     </span>
    </p>
   </div>
   <div class='ocr_carea' id='block_1_4' title="bbox 160 2256 1193 2739">
    <p class='ocr_par' dir='ltr' id='par_1_17' title="bbox 160 2256 1193 2739">
     <span class='ocr_line' id='line_1_30' title="bbox 202 2256 1186 2348; baseline -0.004 -7"><span class='ocrx_word' id='word_1_155' title='bbox 202 2308 390 2347; x_wconf 84' lang='lat' dir='ltr'><strong>Canthelia,</strong></span> <span class='ocrx_word' id='word_1_156' title='bbox 408 2307 487 2340; x_wconf 85' lang='lat' dir='ltr'><strong>urbs</strong></span> <span class='ocrx_word' id='word_1_157' title='bbox 503 2308 589 2340; x_wconf 88' lang='lat' dir='ltr'><strong>circa</strong></span> <span class='ocrx_word' id='word_1_158' title='bbox 607 2256 854 2348; x_wconf 50' lang='lat' dir='ltr'><strong>cffiiigmeQ</strong></span> <span class='ocrx_word' id='word_1_159' title='bbox 872 2306 913 2338; x_wconf 87' lang='lat' dir='ltr'><strong>de</strong></span> <span class='ocrx_word' id='word_1_160' title='bbox 928 2314 993 2346; x_wconf 91' lang='lat' dir='ltr'><strong>qua</strong></span> <span class='ocrx_word' id='word_1_161' title='bbox 1014 2307 1186 2338; x_wconf 76' lang='lat' dir='ltr'>Hecataeus</span> 
     </span>
     <span class='ocr_line' id='line_1_31' title="bbox 160 2353 708 2434; baseline -0.004 -46"><span class='ocrx_word' id='word_1_162' title='bbox 160 2356 195 2388; x_wconf 92' lang='lat' dir='ltr'><strong>in</strong></span> <span class='ocrx_word' id='word_1_163' title='bbox 211 2355 299 2388; x_wconf 86' lang='lat' dir='ltr'><strong>Asia.</strong></span> <span class='ocrx_word' id='word_1_164' title='bbox 316 2353 513 2388; x_wconf 85' lang='lat' dir='ltr'><strong>Herodotus.</strong></span> <span class='ocrx_word' id='word_1_165' title='bbox 633 2402 653 2434; x_wconf 70' lang='lat'><strong>3</strong></span> <span class='ocrx_word' id='word_1_166' title='bbox 665 2402 708 2434; x_wconf 62' lang='lat'><strong>10</strong></span> 
     </span>
     <span class='ocr_line' id='line_1_32' title="bbox 203 2425 1190 2495; baseline -0.003 -8"><span class='ocrx_word' id='word_1_167' title='bbox 203 2453 372 2495; x_wconf 84' lang='lat' dir='ltr'><strong>canthele,</strong></span> <span class='ocrx_word' id='word_1_168' title='bbox 383 2453 461 2486; x_wconf 90' lang='lat' dir='ltr'><strong>urbs</strong></span> <span class='ocrx_word' id='word_1_169' title='bbox 471 2425 755 2495; x_wconf 74' lang='lat' dir='ltr'><strong>Libyphoenicum,</strong></span> <span class='ocrx_word' id='word_1_170' title='bbox 766 2455 798 2485; x_wconf 89' lang='lat' dir='ltr'><strong>et</strong></span> <span class='ocrx_word' id='word_1_171' title='bbox 809 2452 857 2485; x_wconf 89' lang='lat' dir='ltr'><strong>sic</strong></span> <span class='ocrx_word' id='word_1_172' title='bbox 866 2460 996 2493; x_wconf 87' lang='lat' dir='ltr'><strong>quoque</strong></span> <span class='ocrx_word' id='word_1_173' title='bbox 1008 2452 1190 2484; x_wconf 75' lang='lat' dir='ltr'><strong>Hecataeus.</strong></span> 
     </span>
     <span class='ocr_line' id='line_1_33' title="bbox 202 2507 1193 2601; baseline -0.004 -8"><span class='ocrx_word' id='word_1_174' title='bbox 202 2560 318 2601; x_wconf 82' lang='lat' dir='ltr'><strong>Cybus</strong></span> <span class='ocrx_word' id='word_1_175' title='bbox 328 2584 337 2600; x_wconf 92' lang='lat'><em>‚</em></span> <span class='ocrx_word' id='word_1_176' title='bbox 354 2559 434 2592; x_wconf 88' lang='lat' dir='ltr'><strong>urbs</strong></span> <span class='ocrx_word' id='word_1_177' title='bbox 447 2561 565 2592; x_wconf 89' lang='lat' dir='ltr'><strong>Ionum</strong></span> <span class='ocrx_word' id='word_1_178' title='bbox 578 2559 613 2590; x_wconf 91' lang='lat' dir='ltr'><strong>in</strong></span> <span class='ocrx_word' id='word_1_179' title='bbox 628 2507 887 2599; x_wconf 46' lang='grc' dir='ltr'><strong>Ιῖῗὶζνρὴωηίοἰο.</strong></span> <span class='ocrx_word' id='word_1_180' title='bbox 911 2559 989 2590; x_wconf 84' lang='lat' dir='ltr'><strong>Hec.</strong></span> <span class='ocrx_word' id='word_1_181' title='bbox 1010 2567 1018 2589; x_wconf 91' lang='lat'>:</span> <span class='ocrx_word' id='word_1_182' title='bbox 1038 2570 1054 2586; x_wconf 71' lang='grc' dir='ltr'>α</span> <span class='ocrx_word' id='word_1_183' title='bbox 1068 2559 1110 2590; x_wconf 85' lang='lat' dir='ltr'><strong>Et</strong></span> <span class='ocrx_word' id='word_1_184' title='bbox 1122 2566 1193 2598; x_wconf 90' lang='lat' dir='ltr'><strong>por·</strong></span> 
     </span>
     <span class='ocr_line' id='line_1_34' title="bbox 163 2604 1193 2648; baseline -0.004 -9"><span class='ocrx_word' id='word_1_185' title='bbox 163 2610 229 2647; x_wconf 87' lang='lat' dir='ltr'><strong>tus,</strong></span> <span class='ocrx_word' id='word_1_186' title='bbox 242 2606 514 2648; x_wconf 74' lang='lat' dir='ltr'><strong>promontorium,</strong></span> <span class='ocrx_word' id='word_1_187' title='bbox 525 2607 558 2638; x_wconf 86' lang='lat' dir='ltr'><strong>et</strong></span> <span class='ocrx_word' id='word_1_188' title='bbox 574 2605 677 2646; x_wconf 87' lang='lat' dir='ltr'><strong>cybo.</strong></span> <span class='ocrx_word' id='word_1_189' title='bbox 693 2617 709 2633; x_wconf 87' lang='lat'>»</span> <span class='ocrx_word' id='word_1_190' title='bbox 725 2604 828 2643; x_wconf 86' lang='lat' dir='ltr'><strong>Civis,</strong></span> <span class='ocrx_word' id='word_1_191' title='bbox 844 2604 989 2645; x_wconf 84' lang='lat' dir='ltr'><strong>Cybites‚</strong></span> <span class='ocrx_word' id='word_1_192' title='bbox 1004 2604 1053 2635; x_wconf 84' lang='lat' dir='ltr'><strong>uti</strong></span> <span class='ocrx_word' id='word_1_193' title='bbox 1069 2604 1193 2636; x_wconf 85' lang='lat' dir='ltr'><strong>Sabites</strong></span> 
     </span>
     <span class='ocr_line' id='line_1_35' title="bbox 166 2650 1150 2694; baseline -0.004 -8"><span class='ocrx_word' id='word_1_194' title='bbox 166 2663 186 2686; x_wconf 88' lang='lat' dir='ltr'><strong>a</strong></span> <span class='ocrx_word' id='word_1_195' title='bbox 202 2653 307 2694; x_wconf 87' lang='lat' dir='ltr'><strong>Sabo;</strong></span> <span class='ocrx_word' id='word_1_196' title='bbox 323 2652 375 2685; x_wconf 85' lang='lat' dir='ltr'><strong>vel</strong></span> <span class='ocrx_word' id='word_1_197' title='bbox 389 2652 556 2693; x_wconf 81' lang='lat' dir='ltr'><strong>cyboites,</strong></span> <span class='ocrx_word' id='word_1_198' title='bbox 569 2651 845 2693; x_wconf 84' lang='lat' dir='ltr'><strong>quemadmodum</strong></span> <span class='ocrx_word' id='word_1_199' title='bbox 861 2660 880 2683; x_wconf 83' lang='lat' dir='ltr'><strong>a</strong></span> <span class='ocrx_word' id='word_1_200' title='bbox 893 2652 977 2683; x_wconf 87' lang='lat' dir='ltr'><strong>Buto</strong></span> <span class='ocrx_word' id='word_1_201' title='bbox 993 2650 1150 2683; x_wconf 86' lang='lat' dir='ltr'><strong>Butoites.</strong></span> 
     </span>
     <span class='ocr_line' id='line_1_36' title="bbox 638 2706 727 2739; baseline -0.011 0"><span class='ocrx_word' id='word_1_202' title='bbox 638 2706 682 2739; x_wconf 85' lang='lat'><strong>31</strong></span> <span class='ocrx_word' id='word_1_203' title='bbox 692 2707 712 2738; x_wconf 81' lang='lat'>2</span> <span class='ocrx_word' id='word_1_204' title='bbox 719 2731 727 2738; x_wconf 96' lang='lat'><strong>.</strong></span> 
     </span>
    </p>
   </div>
   <div class='ocr_carea' id='block_1_5' title="bbox 165 2755 1195 2892">
    <p class='ocr_par' dir='ltr' id='par_1_18' title="bbox 165 2755 1195 2892">
     <span class='ocr_line' id='line_1_37' title="bbox 207 2755 1195 2799; baseline -0.004 -8"><span class='ocrx_word' id='word_1_205' title='bbox 207 2758 434 2799; x_wconf 82' lang='lat' dir='ltr'><strong>calamenthe,</strong></span> <span class='ocrx_word' id='word_1_206' title='bbox 451 2766 526 2799; x_wconf 85' lang='lat' dir='ltr'><strong>quae</strong></span> <span class='ocrx_word' id='word_1_207' title='bbox 541 2758 575 2791; x_wconf 90' lang='lat' dir='ltr'><strong>et</strong></span> <span class='ocrx_word' id='word_1_208' title='bbox 590 2757 795 2791; x_wconf 83' lang='lat' dir='ltr'><strong>Calaminthe</strong></span> <span class='ocrx_word' id='word_1_209' title='bbox 805 2781 814 2797; x_wconf 95' lang='lat'>,</span> <span class='ocrx_word' id='word_1_210' title='bbox 834 2756 911 2788; x_wconf 91' lang='lat' dir='ltr'><strong>urbs</strong></span> <span class='ocrx_word' id='word_1_211' title='bbox 927 2755 1049 2796; x_wconf 86' lang='lat' dir='ltr'><strong>Libyae.</strong></span> <span class='ocrx_word' id='word_1_212' title='bbox 1066 2757 1145 2788; x_wconf 80' lang='lat' dir='ltr'><strong>Hec.</strong></span> <span class='ocrx_word' id='word_1_213' title='bbox 1162 2755 1195 2787; x_wconf 83' lang='lat' dir='ltr'><strong>in</strong></span> 
     </span>
     <span class='ocr_line' id='line_1_38' title="bbox 165 2802 1193 2847; baseline -0.004 -9"><span class='ocrx_word' id='word_1_214' title='bbox 165 2806 253 2839; x_wconf 88' lang='lat' dir='ltr'><strong>orbis</strong></span> <span class='ocrx_word' id='word_1_215' title='bbox 260 2805 484 2847; x_wconf 79' lang='lat' dir='ltr'><strong>descriptione.</strong></span> <span class='ocrx_word' id='word_1_216' title='bbox 499 2804 618 2837; x_wconf 83' lang='lat' dir='ltr'><strong>Meiius</strong></span> <span class='ocrx_word' id='word_1_217' title='bbox 638 2804 725 2846; x_wconf 89' lang='lat' dir='ltr'><strong>apud</strong></span> <span class='ocrx_word' id='word_1_218' title='bbox 734 2803 935 2836; x_wconf 85' lang='lat' dir='ltr'><strong>Herodotum</strong></span> <span class='ocrx_word' id='word_1_219' title='bbox 951 2802 1193 2843; x_wconf 61' lang='lat' dir='ltr'><strong>(Herodorum)</strong></span> 
     </span>
     <span class='ocr_line' id='line_1_39' title="bbox 166 2850 751 2892; baseline -0.005 -8"><span class='ocrx_word' id='word_1_220' title='bbox 166 2861 223 2892; x_wconf 86' lang='lat' dir='ltr'><strong>per</strong></span> <span class='ocrx_word' id='word_1_221' title='bbox 238 2853 251 2884; x_wconf 72' lang='lat' dir='ltr'><strong>i</strong></span> <span class='ocrx_word' id='word_1_222' title='bbox 268 2851 436 2884; x_wconf 84' lang='lat' dir='ltr'><strong>scribitur:</strong></span> <span class='ocrx_word' id='word_1_223' title='bbox 455 2850 533 2884; x_wconf 91' lang='lat' dir='ltr'><strong>urbs</strong></span> <span class='ocrx_word' id='word_1_224' title='bbox 549 2851 751 2884; x_wconf 88' lang='lat' dir='ltr'><strong>Phoenicum.</strong></span> 
     </span>
    </p>
   </div>
   <div class='ocr_carea' id='block_1_6' title="bbox 170 2905 1196 3244">
    <p class='ocr_par' dir='ltr' id='par_1_19' title="bbox 170 2905 1196 3244">
     <span class='ocr_line' id='line_1_40' title="bbox 210 2905 1194 2998; baseline -0.004 -10"><span class='ocrx_word' id='word_1_225' title='bbox 210 2956 345 2996; x_wconf 83' lang='lat' dir='ltr'><strong>Gauius,</strong></span> <span class='ocrx_word' id='word_1_226' title='bbox 362 2956 468 2989; x_wconf 86' lang='lat' dir='ltr'><strong>insula</strong></span> <span class='ocrx_word' id='word_1_227' title='bbox 482 2966 583 2998; x_wconf 86' lang='lat' dir='ltr'><strong>prope</strong></span> <span class='ocrx_word' id='word_1_228' title='bbox 595 2905 834 2997; x_wconf 40' lang='lat' dir='ltr'><strong>Cazitlhtiissinem,</strong></span> <span class='ocrx_word' id='word_1_229' title='bbox 849 2955 942 2995; x_wconf 85' lang='lat' dir='ltr'><strong>cujus</strong></span> <span class='ocrx_word' id='word_1_230' title='bbox 955 2953 1104 2986; x_wconf 87' lang='lat' dir='ltr'><strong>meminit</strong></span> <span class='ocrx_word' id='word_1_231' title='bbox 1115 2955 1194 2985; x_wconf 87' lang='lat' dir='ltr'><strong>Hec.</strong></span> 
     </span>
     <span class='ocr_line' id='line_1_41' title="bbox 170 3002 925 3045; baseline 0 -11"><span class='ocrx_word' id='word_1_232' title='bbox 170 3003 203 3035; x_wconf 88' lang='lat' dir='ltr'><strong>in</strong></span> <span class='ocrx_word' id='word_1_233' title='bbox 216 3003 304 3035; x_wconf 89' lang='lat' dir='ltr'><strong>orbis</strong></span> <span class='ocrx_word' id='word_1_234' title='bbox 320 3003 547 3045; x_wconf 85' lang='lat' dir='ltr'><strong>descriptione.</strong></span> <span class='ocrx_word' id='word_1_235' title='bbox 562 3004 748 3044; x_wconf 89' lang='lat' dir='ltr'><strong>Insulanus,</strong></span> <span class='ocrx_word' id='word_1_236' title='bbox 769 3002 925 3035; x_wconf 86' lang='lat' dir='ltr'><strong>Gaulites.</strong></span> 
     </span>
     <span class='ocr_line' id='line_1_42' title="bbox 212 3058 1196 3152; baseline -0.004 -12"><span class='ocrx_word' id='word_1_237' title='bbox 212 3108 380 3150; x_wconf 85' lang='lat' dir='ltr'><strong>Eudipne,</strong></span> <span class='ocrx_word' id='word_1_238' title='bbox 398 3110 505 3142; x_wconf 84' lang='lat' dir='ltr'><strong>insula</strong></span> <span class='ocrx_word' id='word_1_239' title='bbox 527 3058 870 3152; x_wconf 48' lang='lat' dir='ltr'><strong>Lihyaealilioenicum</strong></span> <span class='ocrx_word' id='word_1_240' title='bbox 889 3109 972 3140; x_wconf 86' lang='lat' dir='ltr'><strong>teste</strong></span> <span class='ocrx_word' id='word_1_241' title='bbox 990 3107 1139 3139; x_wconf 74' lang='lat' dir='ltr'><strong>Hecataeo</strong></span> <span class='ocrx_word' id='word_1_242' title='bbox 1162 3105 1196 3136; x_wconf 91' lang='lat' dir='ltr'><strong>in</strong></span> 
     </span>
     <span class='ocr_line' id='line_1_43' title="bbox 171 3154 1154 3198; baseline -0.005 -10"><span class='ocrx_word' id='word_1_243' title='bbox 171 3154 284 3196; x_wconf 84' lang='lat' dir='ltr'><strong>Libyae</strong></span> <span class='ocrx_word' id='word_1_244' title='bbox 298 3156 524 3197; x_wconf 87' lang='lat' dir='ltr'><strong>descriptione.</strong></span> <span class='ocrx_word' id='word_1_245' title='bbox 542 3157 680 3197; x_wconf 81' lang='lat' dir='ltr'><strong>Gentiie,</strong></span> <span class='ocrx_word' id='word_1_246' title='bbox 693 3156 906 3198; x_wconf 79' lang='lat' dir='ltr'><strong>Eudipnaeus‚</strong></span> <span class='ocrx_word' id='word_1_247' title='bbox 926 3154 974 3186; x_wconf 90' lang='lat' dir='ltr'><strong>uti</strong></span> <span class='ocrx_word' id='word_1_248' title='bbox 989 3155 1154 3188; x_wconf 84' lang='lat' dir='ltr'><strong>Lemaeus.</strong></span> 
     </span>
     <span class='ocr_line' id='line_1_44' title="bbox 642 3211 730 3244; baseline 0 0"><span class='ocrx_word' id='word_1_249' title='bbox 642 3212 662 3244; x_wconf 87' lang='grc'>3</span> <span class='ocrx_word' id='word_1_250' title='bbox 671 3211 685 3244; x_wconf 84' lang='lat'>1</span> <span class='ocrx_word' id='word_1_251' title='bbox 695 3211 730 3244; x_wconf 86' lang='lat'><strong>5.</strong></span> 
     </span>
    </p>
   </div>
   <div class='ocr_carea' id='block_1_7' title="bbox 173 3258 1198 3436">
    <p class='ocr_par' dir='ltr' id='par_1_20' title="bbox 173 3258 1198 3436">
     <span class='ocr_line' id='line_1_45' title="bbox 213 3258 1197 3302; baseline -0.005 -8"><span class='ocrx_word' id='word_1_252' title='bbox 213 3261 446 3301; x_wconf 82' lang='lat' dir='ltr'><strong>Phoenicussae,</strong></span> <span class='ocrx_word' id='word_1_253' title='bbox 461 3261 534 3294; x_wconf 88' lang='lat' dir='ltr'><strong>duae</strong></span> <span class='ocrx_word' id='word_1_254' title='bbox 547 3262 662 3295; x_wconf 84' lang='lat' dir='ltr'><strong>insulae</strong></span> <span class='ocrx_word' id='word_1_255' title='bbox 675 3263 709 3294; x_wconf 89' lang='lat' dir='ltr'><strong>in</strong></span> <span class='ocrx_word' id='word_1_256' title='bbox 727 3262 851 3302; x_wconf 89' lang='lat' dir='ltr'><strong>Libyco</strong></span> <span class='ocrx_word' id='word_1_257' title='bbox 867 3261 940 3293; x_wconf 91' lang='lat' dir='ltr'><strong>sinu</strong></span> <span class='ocrx_word' id='word_1_258' title='bbox 955 3260 1047 3301; x_wconf 83' lang='lat' dir='ltr'><strong>juxta</strong></span> <span class='ocrx_word' id='word_1_259' title='bbox 1066 3258 1197 3291; x_wconf 85' lang='lat' dir='ltr'><strong>Cartha-</strong></span> 
     </span>
     <span class='ocr_line' id='line_1_46' title="bbox 173 3305 1198 3349; baseline -0.003 -10"><span class='ocrx_word' id='word_1_260' title='bbox 173 3308 292 3349; x_wconf 82' lang='lat' dir='ltr'><strong>ginem,</strong></span> <span class='ocrx_word' id='word_1_261' title='bbox 308 3309 345 3339; x_wconf 90' lang='lat' dir='ltr'><strong>ut</strong></span> <span class='ocrx_word' id='word_1_262' title='bbox 360 3308 529 3339; x_wconf 75' lang='lat' dir='ltr'><strong>Hecataeus</strong></span> <span class='ocrx_word' id='word_1_263' title='bbox 542 3308 757 3349; x_wconf 83' lang='lat' dir='ltr'><strong>descriptione</strong></span> <span class='ocrx_word' id='word_1_264' title='bbox 773 3308 895 3348; x_wconf 82' lang='lat' dir='ltr'><strong>Libyae.</strong></span> <span class='ocrx_word' id='word_1_265' title='bbox 914 3306 1089 3346; x_wconf 78' lang='lat' dir='ltr'><strong>insulares,</strong></span> <span class='ocrx_word' id='word_1_266' title='bbox 1106 3305 1198 3338; x_wconf 81' lang='lat' dir='ltr'><strong>Pboe-</strong></span> 
     </span>
     <span class='ocr_line' id='line_1_47' title="bbox 173 3352 1196 3395; baseline -0.004 -8"><span class='ocrx_word' id='word_1_267' title='bbox 173 3357 336 3387; x_wconf 79' lang='lat' dir='ltr'><strong>nicussaei.</strong></span> <span class='ocrx_word' id='word_1_268' title='bbox 345 3356 404 3386; x_wconf 85' lang='lat' dir='ltr'><strong>Est</strong></span> <span class='ocrx_word' id='word_1_269' title='bbox 410 3354 507 3386; x_wconf 88' lang='lat' dir='ltr'><strong>etiam</strong></span> <span class='ocrx_word' id='word_1_270' title='bbox 516 3354 594 3386; x_wconf 88' lang='lat' dir='ltr'><strong>urbs</strong></span> <span class='ocrx_word' id='word_1_271' title='bbox 602 3355 794 3387; x_wconf 85' lang='lat' dir='ltr'><strong>Phoenicum</strong></span> <span class='ocrx_word' id='word_1_272' title='bbox 808 3354 842 3386; x_wconf 90' lang='lat' dir='ltr'><strong>in</strong></span> <span class='ocrx_word' id='word_1_273' title='bbox 859 3354 952 3395; x_wconf 86' lang='lat' dir='ltr'><strong>Syria</strong></span> <span class='ocrx_word' id='word_1_274' title='bbox 962 3352 1196 3391; x_wconf 85' lang='lat' dir='ltr'><strong>Phoenicussae,</strong></span> 
     </span>
     <span class='ocr_line' id='line_1_48' title="bbox 173 3402 463 3436; baseline -0.014 -1"><span class='ocrx_word' id='word_1_275' title='bbox 173 3403 210 3435; x_wconf 82' lang='lat' dir='ltr'><strong>ut</strong></span> <span class='ocrx_word' id='word_1_276' title='bbox 226 3402 312 3436; x_wconf 88' lang='lat' dir='ltr'><strong>idem</strong></span> <span class='ocrx_word' id='word_1_277' title='bbox 329 3402 360 3434; x_wconf 89' lang='lat' dir='ltr'><strong>in</strong></span> <span class='ocrx_word' id='word_1_278' title='bbox 377 3402 463 3433; x_wconf 84' lang='lat' dir='ltr'><strong>Asia.</strong></span> 
     </span>
    </p>
   </div>
   <div class='ocr_carea' id='block_1_8' title="bbox 1232 296 2270 1874">
    <p class='ocr_par' dir='ltr' id='par_1_21' title="bbox 1232 296 2266 469">
     <span class='ocr_line' id='line_1_49' title="bbox 1232 296 2254 348; baseline 0.006 -12"><span class='ocrx_word' id='word_1_279' title='bbox 1232 296 1330 346; x_wconf 68' lang='grc' dir='ltr'>δύης.</span> <span class='ocrx_word' id='word_1_280' title='bbox 1349 298 1395 338; x_wconf 81' lang='grc' dir='ltr'><strong>Οἱ</strong></span> <span class='ocrx_word' id='word_1_281' title='bbox 1414 298 1584 345; x_wconf 84' lang='grc' dir='ltr'>νησιῶται</span> <span class='ocrx_word' id='word_1_282' title='bbox 1604 299 1903 337; x_wconf 87' lang='grc' dir='ltr'>Φοινικουσσαῖοι.</span> <span class='ocrx_word' id='word_1_283' title='bbox 1936 297 2042 339; x_wconf 87' lang='grc' dir='ltr'>Ἔστι</span> <span class='ocrx_word' id='word_1_284' title='bbox 2073 300 2133 341; x_wconf 71' lang='grc' dir='ltr'>καὶ</span> <span class='ocrx_word' id='word_1_285' title='bbox 2155 302 2254 348; x_wconf 88' lang='grc' dir='ltr'>πόλις</span> 
     </span>
     <span class='ocr_line' id='line_1_50' title="bbox 1232 355 2266 410; baseline 0.007 -15"><span class='ocrx_word' id='word_1_286' title='bbox 1232 355 1411 396; x_wconf 85' lang='grc' dir='ltr'>Φοινίκων</span> <span class='ocrx_word' id='word_1_287' title='bbox 1433 358 1503 395; x_wconf 82' lang='grc' dir='ltr'>τῶν</span> <span class='ocrx_word' id='word_1_288' title='bbox 1528 357 1563 395; x_wconf 86' lang='grc' dir='ltr'>ἐν</span> <span class='ocrx_word' id='word_1_289' title='bbox 1585 355 1700 410; x_wconf 72' lang='grc' dir='ltr'>Συρίᾳ</span> <span class='ocrx_word' id='word_1_290' title='bbox 1724 358 1992 408; x_wconf 78' lang='grc' dir='ltr'>Φοινικοῧσσαι,</span> <span class='ocrx_word' id='word_1_291' title='bbox 2014 361 2061 404; x_wconf 82' lang='grc' dir='ltr'><strong>ὥς</strong></span> <span class='ocrx_word' id='word_1_292' title='bbox 2089 360 2190 406; x_wconf 80' lang='grc' dir='ltr'>αὐτὸς</span> <span class='ocrx_word' id='word_1_293' title='bbox 2212 363 2266 410; x_wconf 53' lang='grc' dir='ltr'><strong>ιΞνγ</strong></span> 
     </span>
     <span class='ocr_line' id='line_1_51' title="bbox 1233 413 1345 469; baseline 0 -16"><span class='ocrx_word' id='word_1_294' title='bbox 1233 413 1345 469; x_wconf 74' lang='grc' dir='ltr'><strong>Ἀσίᾳ.</strong></span> 
     </span>
    </p>

    <p class='ocr_par' dir='ltr' id='par_1_22' title="bbox 1702 474 1790 512">
     <span class='ocr_line' id='line_1_52' title="bbox 1702 474 1790 512; baseline 0.011 -1"><span class='ocrx_word' id='word_1_295' title='bbox 1702 474 1790 512; x_wconf 88' lang='lat'><strong>316.</strong></span> 
     </span>
    </p>

    <p class='ocr_par' dir='ltr' id='par_1_23' title="bbox 1234 531 2260 698">
     <span class='ocr_line' id='line_1_53' title="bbox 1287 531 2258 583; baseline 0.004 -13"><span class='ocrx_word' id='word_1_296' title='bbox 1287 535 1340 570; x_wconf 90' lang='lat' dir='ltr'><strong>St.</strong></span> <span class='ocrx_word' id='word_1_297' title='bbox 1364 535 1405 570; x_wconf 94' lang='lat' dir='ltr'><strong>B.</strong></span> <span class='ocrx_word' id='word_1_298' title='bbox 1428 533 1699 580; x_wconf 77' lang='grc' dir='ltr'>Φασηλοῢσσαι,</span> <span class='ocrx_word' id='word_1_299' title='bbox 1721 531 1781 572; x_wconf 81' lang='grc' dir='ltr'><strong>δύο</strong></span> <span class='ocrx_word' id='word_1_300' title='bbox 1802 535 1901 580; x_wconf 80' lang='grc' dir='ltr'>νῆσοι</span> <span class='ocrx_word' id='word_1_301' title='bbox 1927 532 2062 582; x_wconf 73' lang='grc' dir='ltr'>Λιὸύης</span> <span class='ocrx_word' id='word_1_302' title='bbox 2076 564 2086 583; x_wconf 90' lang='grc'>,</span> <span class='ocrx_word' id='word_1_303' title='bbox 2107 534 2258 582; x_wconf 81' lang='grc' dir='ltr'>πλησίον</span> 
     </span>
     <span class='ocr_line' id='line_1_54' title="bbox 1235 589 2260 645; baseline 0.003 -15"><span class='ocrx_word' id='word_1_304' title='bbox 1235 589 1351 644; x_wconf 87' lang='grc' dir='ltr'>Σίριος</span> <span class='ocrx_word' id='word_1_305' title='bbox 1366 594 1538 642; x_wconf 81' lang='grc' dir='ltr'>ποταμοῦ·</span> <span class='ocrx_word' id='word_1_306' title='bbox 1549 589 1628 629; x_wconf 85' lang='grc' dir='ltr'><strong>Ἕκ.</strong></span> <span class='ocrx_word' id='word_1_307' title='bbox 1648 591 1855 645; x_wconf 84' lang='grc' dir='ltr'>περιηγήσει</span> <span class='ocrx_word' id='word_1_308' title='bbox 1870 592 2018 640; x_wconf 78' lang='grc' dir='ltr'>Λιὸύης.</span> <span class='ocrx_word' id='word_1_309' title='bbox 2030 594 2077 633; x_wconf 81' lang='grc' dir='ltr'><strong>Οἱ</strong></span> <span class='ocrx_word' id='word_1_310' title='bbox 2090 595 2260 641; x_wconf 80' lang='grc' dir='ltr'>νησιῶται</span> 
     </span>
     <span class='ocr_line' id='line_1_55' title="bbox 1234 650 1889 698; baseline 0.003 -10"><span class='ocrx_word' id='word_1_311' title='bbox 1234 650 1543 698; x_wconf 89' lang='grc' dir='ltr'>Φασηλουσσαῖοι,</span> <span class='ocrx_word' id='word_1_312' title='bbox 1557 650 1604 694; x_wconf 81' lang='grc' dir='ltr'><strong>ὥς</strong></span> <span class='ocrx_word' id='word_1_313' title='bbox 1620 650 1889 691; x_wconf 83' lang='grc' dir='ltr'>Σκοτουσσαῖοι.</span> 
     </span>
    </p>

    <p class='ocr_par' dir='ltr' id='par_1_24' title="bbox 1237 765 2260 878">
     <span class='ocr_line' id='line_1_56' title="bbox 1288 765 2260 820; baseline 0.002 -15"><span class='ocrx_word' id='word_1_314' title='bbox 1288 769 1343 805; x_wconf 90' lang='lat' dir='ltr'><strong>St.</strong></span> <span class='ocrx_word' id='word_1_315' title='bbox 1358 770 1400 805; x_wconf 94' lang='grc' dir='ltr'><strong>Β.</strong></span> <span class='ocrx_word' id='word_1_316' title='bbox 1417 765 1574 820; x_wconf 80' lang='grc' dir='ltr'>Ἱερᾶφη,</span> <span class='ocrx_word' id='word_1_317' title='bbox 1587 768 1633 810; x_wconf 82' lang='grc' dir='ltr'><strong>ὡς</strong></span> <span class='ocrx_word' id='word_1_318' title='bbox 1647 765 1791 820; x_wconf 79' lang='grc' dir='ltr'>Ἀνάφη,</span> <span class='ocrx_word' id='word_1_319' title='bbox 1810 770 1914 814; x_wconf 83' lang='grc' dir='ltr'>ν’ἥσος</span> <span class='ocrx_word' id='word_1_320' title='bbox 1932 766 2080 815; x_wconf 73' lang='grc' dir='ltr'>Λιὸύης·</span> <span class='ocrx_word' id='word_1_321' title='bbox 2096 766 2178 807; x_wconf 85' lang='grc' dir='ltr'><strong>Ἕκ.</strong></span> <span class='ocrx_word' id='word_1_322' title='bbox 2197 783 2260 808; x_wconf 81' lang='grc' dir='ltr'>πε-</span> 
     </span>
     <span class='ocr_line' id='line_1_57' title="bbox 1237 824 2192 878; baseline 0.003 -15"><span class='ocrx_word' id='word_1_323' title='bbox 1237 824 1409 878; x_wconf 86' lang='grc' dir='ltr'>ριηγήσει.</span> <span class='ocrx_word' id='word_1_324' title='bbox 1429 829 1488 863; x_wconf 92' lang='lat' dir='ltr'><strong>De</strong></span> <span class='ocrx_word' id='word_1_325' title='bbox 1503 826 1563 863; x_wconf 85' lang='lat' dir='ltr'><strong>his</strong></span> <span class='ocrx_word' id='word_1_326' title='bbox 1577 826 1712 864; x_wconf 86' lang='lat' dir='ltr'><strong>insulis</strong></span> <span class='ocrx_word' id='word_1_327' title='bbox 1730 826 1910 865; x_wconf 91' lang='lat' dir='ltr'><strong>omnibus</strong></span> <span class='ocrx_word' id='word_1_328' title='bbox 1923 827 2020 865; x_wconf 85' lang='lat' dir='ltr'><strong>nihil</strong></span> <span class='ocrx_word' id='word_1_329' title='bbox 2043 835 2192 866; x_wconf 88' lang='lat' dir='ltr'><strong>notum.</strong></span> 
     </span>
    </p>

    <p class='ocr_par' dir='ltr' id='par_1_25' title="bbox 1237 941 2264 1171">
     <span class='ocr_line' id='line_1_58' title="bbox 1290 941 2264 992; baseline 0.002 -10"><span class='ocrx_word' id='word_1_330' title='bbox 1290 945 1344 982; x_wconf 90' lang='lat' dir='ltr'><strong>St.</strong></span> <span class='ocrx_word' id='word_1_331' title='bbox 1375 945 1416 981; x_wconf 90' lang='grc' dir='ltr'><strong>Β.</strong></span> <span class='ocrx_word' id='word_1_332' title='bbox 1445 941 1587 982; x_wconf 85' lang='grc' dir='ltr'>Δούλων</span> <span class='ocrx_word' id='word_1_333' title='bbox 1610 941 1723 992; x_wconf 88' lang='grc' dir='ltr'>πόλις,</span> <span class='ocrx_word' id='word_1_334' title='bbox 1743 942 1843 988; x_wconf 90' lang='grc' dir='ltr'>πόλις</span> <span class='ocrx_word' id='word_1_335' title='bbox 1872 943 2019 992; x_wconf 73' lang='grc' dir='ltr'>Λιὸύης·</span> <span class='ocrx_word' id='word_1_336' title='bbox 2042 943 2125 984; x_wconf 81' lang='grc' dir='ltr'><strong>Ἕκ.</strong></span> <span class='ocrx_word' id='word_1_337' title='bbox 2145 945 2181 984; x_wconf 78' lang='grc' dir='ltr'>ἓν</span> <span class='ocrx_word' id='word_1_338' title='bbox 2200 960 2264 983; x_wconf 89' lang='grc' dir='ltr'><strong>πε-</strong></span> 
     </span>
     <span class='ocr_line' id='line_1_59' title="bbox 1239 1000 2264 1055; baseline 0.004 -17"><span class='ocrx_word' id='word_1_339' title='bbox 1239 1000 1409 1055; x_wconf 88' lang='grc' dir='ltr'>ριηγήσει.</span> <span class='ocrx_word' id='word_1_340' title='bbox 1431 1001 1504 1041; x_wconf 83' lang='grc' dir='ltr'>Καὶ</span> <span class='ocrx_word' id='word_1_341' title='bbox 1527 1000 1587 1040; x_wconf 82' lang='grc' dir='ltr'>ἐὰν</span> <span class='ocrx_word' id='word_1_342' title='bbox 1610 1002 1729 1046; x_wconf 79' lang='grc' dir='ltr'>δοῦλος</span> <span class='ocrx_word' id='word_1_343' title='bbox 1752 1003 1798 1046; x_wconf 83' lang='grc' dir='ltr'><strong>εἷς</strong></span> <span class='ocrx_word' id='word_1_344' title='bbox 1816 1002 1880 1050; x_wconf 86' lang='grc' dir='ltr'>τὴν</span> <span class='ocrx_word' id='word_1_345' title='bbox 1901 1002 2003 1042; x_wconf 89' lang='grc' dir='ltr'>πόλιν</span> <span class='ocrx_word' id='word_1_346' title='bbox 2020 1002 2151 1051; x_wconf 85' lang='grc' dir='ltr'>ταύτην</span> <span class='ocrx_word' id='word_1_347' title='bbox 2169 1003 2264 1042; x_wconf 82' lang='grc' dir='ltr'>λίθον</span> 
     </span>
     <span class='ocr_line' id='line_1_60' title="bbox 1237 1056 2263 1116; baseline 0.003 -18"><span class='ocrx_word' id='word_1_348' title='bbox 1237 1059 1467 1114; x_wconf 81' lang='grc' dir='ltr'>προσενέγκῃ,</span> <span class='ocrx_word' id='word_1_349' title='bbox 1481 1059 1655 1115; x_wconf 80' lang='grc' dir='ltr'>ἐλεύθερος</span> <span class='ocrx_word' id='word_1_350' title='bbox 1669 1060 1824 1114; x_wconf 84' lang='grc' dir='ltr'>γίγνεται</span> <span class='ocrx_word' id='word_1_351' title='bbox 1837 1061 1902 1100; x_wconf 83' lang='grc' dir='ltr'>κᾶν</span> <span class='ocrx_word' id='word_1_352' title='bbox 1919 1060 2011 1107; x_wconf 84' lang='grc' dir='ltr'>ξένος</span> <span class='ocrx_word' id='word_1_353' title='bbox 2033 1056 2069 1116; x_wconf 67' lang='grc' dir='ltr'><strong>ᾗ.</strong></span> <span class='ocrx_word' id='word_1_354' title='bbox 2085 1062 2263 1114; x_wconf 85' lang='lat' dir='ltr'><strong>Ejusdem</strong></span> 
     </span>
     <span class='ocr_line' id='line_1_61' title="bbox 1238 1120 1737 1171; baseline 0.002 -14"><span class='ocrx_word' id='word_1_355' title='bbox 1238 1120 1412 1157; x_wconf 87' lang='lat' dir='ltr'><strong>meminit</strong></span> <span class='ocrx_word' id='word_1_356' title='bbox 1425 1120 1640 1171; x_wconf 86' lang='lat' dir='ltr'><strong>Hesychius</strong></span> <span class='ocrx_word' id='word_1_357' title='bbox 1659 1134 1688 1158; x_wconf 92' lang='lat' dir='ltr'><strong>s.</strong></span> <span class='ocrx_word' id='word_1_358' title='bbox 1705 1134 1737 1158; x_wconf 87' lang='lat' dir='ltr'><strong>v.</strong></span> 
     </span>
    </p>

    <p class='ocr_par' dir='ltr' id='par_1_26' title="bbox 1241 1234 2267 1404">
     <span class='ocr_line' id='line_1_62' title="bbox 1293 1234 2266 1292; baseline 0.003 -18"><span class='ocrx_word' id='word_1_359' title='bbox 1293 1238 1349 1274; x_wconf 87' lang='lat' dir='ltr'><strong>St.</strong></span> <span class='ocrx_word' id='word_1_360' title='bbox 1370 1239 1412 1274; x_wconf 90' lang='lat' dir='ltr'><strong>B.</strong></span> <span class='ocrx_word' id='word_1_361' title='bbox 1430 1235 1644 1288; x_wconf 84' lang='grc' dir='ltr'>Κρεμμόων.</span> <span class='ocrx_word' id='word_1_362' title='bbox 1657 1260 1675 1266; x_wconf 93' lang='grc'>-</span> <span class='ocrx_word' id='word_1_363' title='bbox 1689 1260 1707 1266; x_wconf 94' lang='lat'><em>-</em></span> <span class='ocrx_word' id='word_1_364' title='bbox 1724 1234 1831 1276; x_wconf 89' lang='grc' dir='ltr'>Ἔστι</span> <span class='ocrx_word' id='word_1_365' title='bbox 1845 1236 1905 1276; x_wconf 82' lang='grc' dir='ltr'>καὶ</span> <span class='ocrx_word' id='word_1_366' title='bbox 1924 1236 2143 1292; x_wconf 78' lang='grc' dir='ltr'>Κρομμόων,</span> <span class='ocrx_word' id='word_1_367' title='bbox 2165 1237 2266 1282; x_wconf 89' lang='grc' dir='ltr'>πόλις</span> 
     </span>
     <span class='ocr_line' id='line_1_63' title="bbox 1241 1291 2267 1350; baseline 0.005 -20"><span class='ocrx_word' id='word_1_368' title='bbox 1241 1291 1388 1340; x_wconf 75' lang='grc' dir='ltr'>Λιὸύης,</span> <span class='ocrx_word' id='word_1_369' title='bbox 1413 1291 1471 1330; x_wconf 82' lang='grc' dir='ltr'><strong>διὰ</strong></span> <span class='ocrx_word' id='word_1_370' title='bbox 1489 1297 1551 1332; x_wconf 77' lang='grc' dir='ltr'><strong>τοῦ</strong></span> <span class='ocrx_word' id='word_1_371' title='bbox 1573 1309 1602 1342; x_wconf 91' lang='grc' dir='ltr'><strong>ο,</strong></span> <span class='ocrx_word' id='word_1_372' title='bbox 1621 1296 1666 1338; x_wconf 83' lang='grc' dir='ltr'><strong>ὡς</strong></span> <span class='ocrx_word' id='word_1_373' title='bbox 1684 1293 1763 1334; x_wconf 85' lang='grc' dir='ltr'><strong>Ἕκ.</strong></span> <span class='ocrx_word' id='word_1_374' title='bbox 1780 1294 1834 1334; x_wconf 87' lang='grc' dir='ltr'><strong>Τὸ</strong></span> <span class='ocrx_word' id='word_1_375' title='bbox 1860 1296 1992 1335; x_wconf 81' lang='grc' dir='ltr'>ἕθνικὸν</span> <span class='ocrx_word' id='word_1_376' title='bbox 2013 1294 2267 1350; x_wconf 82' lang='grc' dir='ltr'>Κρομμυώνιος</span> 
     </span>
     <span class='ocr_line' id='line_1_64' title="bbox 1241 1350 1572 1404; baseline 0.006 -16"><span class='ocrx_word' id='word_1_377' title='bbox 1241 1350 1300 1389; x_wconf 79' lang='grc' dir='ltr'>καὶ</span> <span class='ocrx_word' id='word_1_378' title='bbox 1318 1351 1572 1404; x_wconf 85' lang='grc' dir='ltr'>Κρομμυωνία.</span> 
     </span>
    </p>

    <p class='ocr_par' dir='ltr' id='par_1_27' title="bbox 1706 1410 1796 1450">
     <span class='ocr_line' id='line_1_65' title="bbox 1706 1410 1796 1450; baseline 0.022 -2"><span class='ocrx_word' id='word_1_379' title='bbox 1706 1410 1796 1450; x_wconf 85' lang='grc'><strong>320.</strong></span> 
     </span>
    </p>

    <p class='ocr_par' dir='ltr' id='par_1_28' title="bbox 1241 1466 2268 1640">
     <span class='ocr_line' id='line_1_66' title="bbox 1295 1466 2268 1525; baseline 0.005 -19"><span class='ocrx_word' id='word_1_380' title='bbox 1295 1471 1350 1506; x_wconf 91' lang='lat' dir='ltr'><strong>St.</strong></span> <span class='ocrx_word' id='word_1_381' title='bbox 1373 1472 1414 1508; x_wconf 82' lang='lat' dir='ltr'><strong>B.</strong></span> <span class='ocrx_word' id='word_1_382' title='bbox 1433 1466 1657 1520; x_wconf 84' lang='grc' dir='ltr'>Ἰαγξούατις,</span> <span class='ocrx_word' id='word_1_383' title='bbox 1682 1469 1784 1514; x_wconf 90' lang='grc' dir='ltr'>πόλις</span> <span class='ocrx_word' id='word_1_384' title='bbox 1821 1469 1974 1510; x_wconf 74' lang='grc' dir='ltr'>Λιὸύων·</span> <span class='ocrx_word' id='word_1_385' title='bbox 1990 1469 2069 1509; x_wconf 85' lang='grc' dir='ltr'><strong>Ἕκ.</strong></span> <span class='ocrx_word' id='word_1_386' title='bbox 2090 1469 2199 1525; x_wconf 70' lang='grc' dir='ltr'><strong>Ἀσίᾳ.</strong></span> <span class='ocrx_word' id='word_1_387' title='bbox 2222 1470 2268 1511; x_wconf 88' lang='grc' dir='ltr'>Ὁ</span> 
     </span>
     <span class='ocr_line' id='line_1_67' title="bbox 1241 1526 2268 1584; baseline 0.004 -19"><span class='ocrx_word' id='word_1_388' title='bbox 1241 1526 1387 1575; x_wconf 73' lang='grc' dir='ltr'>πολίτης</span> <span class='ocrx_word' id='word_1_389' title='bbox 1403 1526 1675 1579; x_wconf 85' lang='grc' dir='ltr'>Ἰαγξουατίτης·</span> <span class='ocrx_word' id='word_1_390' title='bbox 1700 1528 1905 1581; x_wconf 81' lang='grc' dir='ltr'>Αἰγυπτίων</span> <span class='ocrx_word' id='word_1_391' title='bbox 1923 1528 1992 1584; x_wconf 79' lang='grc' dir='ltr'><strong>γὰρ</strong></span> <span class='ocrx_word' id='word_1_392' title='bbox 2011 1529 2070 1569; x_wconf 79' lang='grc' dir='ltr'>καὶ</span> <span class='ocrx_word' id='word_1_393' title='bbox 2091 1527 2268 1569; x_wconf 83' lang='grc' dir='ltr'>Αἰθιόπων</span> 
     </span>
     <span class='ocr_line' id='line_1_68' title="bbox 1243 1585 1473 1640; baseline 0 -16"><span class='ocrx_word' id='word_1_394' title='bbox 1243 1588 1261 1624; x_wconf 83' lang='grc' dir='ltr'><em>ὃ</em></span> <span class='ocrx_word' id='word_1_395' title='bbox 1274 1585 1473 1640; x_wconf 86' lang='grc' dir='ltr'>χαρακτήρ.</span> 
     </span>
    </p>

    <p class='ocr_par' dir='ltr' id='par_1_29' title="bbox 1711 1647 1800 1685">
     <span class='ocr_line' id='line_1_69' title="bbox 1711 1647 1800 1685; baseline 0 -1"><span class='ocrx_word' id='word_1_396' title='bbox 1711 1647 1800 1685; x_wconf 83' lang='lat'><strong>321.</strong></span> 
     </span>
    </p>

    <p class='ocr_par' dir='ltr' id='par_1_30' title="bbox 1243 1704 2270 1874">
     <span class='ocr_line' id='line_1_70' title="bbox 1297 1704 2270 1759; baseline 0.002 -17"><span class='ocrx_word' id='word_1_397' title='bbox 1297 1706 1350 1742; x_wconf 84' lang='lat' dir='ltr'><strong>St.</strong></span> <span class='ocrx_word' id='word_1_398' title='bbox 1373 1706 1412 1741; x_wconf 92' lang='grc' dir='ltr'><strong>Β.</strong></span> <span class='ocrx_word' id='word_1_399' title='bbox 1442 1704 1585 1749; x_wconf 85' lang='grc' dir='ltr'>Μῶλυς,</span> <span class='ocrx_word' id='word_1_400' title='bbox 1626 1704 1789 1744; x_wconf 71' lang='grc' dir='ltr'>Λίὸυσσα</span> <span class='ocrx_word' id='word_1_401' title='bbox 1817 1705 1928 1749; x_wconf 91' lang='grc' dir='ltr'>πόλις·</span> <span class='ocrx_word' id='word_1_402' title='bbox 1949 1704 2028 1744; x_wconf 74' lang='grc' dir='ltr'><strong>Ἐκ.</strong></span> <span class='ocrx_word' id='word_1_403' title='bbox 2063 1704 2270 1759; x_wconf 79' lang='grc' dir='ltr'>περιηγήσει</span> 
     </span>
     <span class='ocr_line' id='line_1_71' title="bbox 1244 1760 2270 1818; baseline 0 -16"><span class='ocrx_word' id='word_1_404' title='bbox 1244 1760 1390 1809; x_wconf 71' lang='grc' dir='ltr'>Αιὸύης.</span> <span class='ocrx_word' id='word_1_405' title='bbox 1409 1762 1462 1801; x_wconf 86' lang='grc' dir='ltr'><strong>Τὸ</strong></span> <span class='ocrx_word' id='word_1_406' title='bbox 1478 1762 1610 1801; x_wconf 83' lang='grc' dir='ltr'>ἐθνικὸν</span> <span class='ocrx_word' id='word_1_407' title='bbox 1624 1763 1813 1815; x_wconf 82' lang='grc' dir='ltr'>Μωλύτης,</span> <span class='ocrx_word' id='word_1_408' title='bbox 1828 1767 1880 1817; x_wconf 79' lang='grc' dir='ltr'><strong>τῷ</strong></span> <span class='ocrx_word' id='word_1_409' title='bbox 1894 1764 1994 1818; x_wconf 82' lang='grc' dir='ltr'>τύπῳ</span> <span class='ocrx_word' id='word_1_410' title='bbox 2004 1767 2073 1804; x_wconf 84' lang='grc' dir='ltr'>τῶν</span> <span class='ocrx_word' id='word_1_411' title='bbox 2084 1765 2270 1804; x_wconf 76' lang='grc' dir='ltr'>Λιὸυσσῶν</span> 
     </span>
     <span class='ocr_line' id='line_1_72' title="bbox 1243 1821 1711 1874; baseline 0.002 -14"><span class='ocrx_word' id='word_1_412' title='bbox 1243 1821 1396 1874; x_wconf 87' lang='grc' dir='ltr'>πόλεων,</span> <span class='ocrx_word' id='word_1_413' title='bbox 1416 1821 1478 1861; x_wconf 82' lang='grc' dir='ltr'>καὶ</span> <span class='ocrx_word' id='word_1_414' title='bbox 1499 1821 1711 1870; x_wconf 83' lang='grc' dir='ltr'>Μωλυάτης.</span> 
     </span>
    </p>
   </div>
   <div class='ocr_carea' id='block_1_9' title="bbox 1715 1881 1803 1920">
    <p class='ocr_par' dir='ltr' id='par_1_31' title="bbox 1715 1881 1803 1920">
     <span class='ocr_line' id='line_1_73' title="bbox 1715 1881 1803 1920; baseline 0 -1"><span class='ocrx_word' id='word_1_415' title='bbox 1715 1881 1803 1920; x_wconf 81' lang='lat'><strong>322.</strong></span> 
     </span>
    </p>
   </div>
   <div class='ocr_carea' id='block_1_10' title="bbox 1246 1938 2272 2046">
    <p class='ocr_par' dir='ltr' id='par_1_32' title="bbox 1246 1938 2272 2046">
     <span class='ocr_line' id='line_1_74' title="bbox 1297 1938 2272 1994; baseline 0 -16"><span class='ocrx_word' id='word_1_416' title='bbox 1297 1942 1352 1978; x_wconf 85' lang='lat' dir='ltr'><strong>St.</strong></span> <span class='ocrx_word' id='word_1_417' title='bbox 1372 1943 1412 1978; x_wconf 93' lang='grc' dir='ltr'><strong>Β.</strong></span> <span class='ocrx_word' id='word_1_418' title='bbox 1439 1941 1577 1984; x_wconf 83' lang='grc' dir='ltr'>Στοῖαι,</span> <span class='ocrx_word' id='word_1_419' title='bbox 1599 1938 1700 1983; x_wconf 88' lang='grc' dir='ltr'>πόλις</span> <span class='ocrx_word' id='word_1_420' title='bbox 1719 1939 1872 1992; x_wconf 73' lang='grc' dir='ltr'>Λιὸύης,</span> <span class='ocrx_word' id='word_1_421' title='bbox 1898 1940 1945 1985; x_wconf 81' lang='grc' dir='ltr'><strong>ὣς</strong></span> <span class='ocrx_word' id='word_1_422' title='bbox 1963 1939 2043 1980; x_wconf 88' lang='grc' dir='ltr'><strong>Ἑκ.</strong></span> <span class='ocrx_word' id='word_1_423' title='bbox 2063 1939 2272 1994; x_wconf 79' lang='grc' dir='ltr'>περιηγήσει</span> 
     </span>
     <span class='ocr_line' id='line_1_75' title="bbox 1246 1996 1793 2046; baseline 0.004 -11"><span class='ocrx_word' id='word_1_424' title='bbox 1246 1997 1363 2045; x_wconf 71' lang='grc' dir='ltr'>αὐτῆς.</span> <span class='ocrx_word' id='word_1_425' title='bbox 1384 1996 1438 2037; x_wconf 83' lang='grc' dir='ltr'><strong>Τὸ</strong></span> <span class='ocrx_word' id='word_1_426' title='bbox 1456 1997 1588 2036; x_wconf 80' lang='grc' dir='ltr'>ἐθνικὸν</span> <span class='ocrx_word' id='word_1_427' title='bbox 1610 1998 1793 2046; x_wconf 86' lang='grc' dir='ltr'>Στοιητής.</span> 
     </span>
    </p>
   </div>
   <div class='ocr_carea' id='block_1_11' title="bbox 1718 2150 1808 2184">
    <p class='ocr_par' dir='ltr' id='par_1_33' title="bbox 1718 2150 1808 2184">
     <span class='ocr_line' id='line_1_76' title="bbox 1718 2150 1808 2184; baseline -0.011 0"><span class='ocrx_word' id='word_1_428' title='bbox 1718 2150 1808 2184; x_wconf 84' lang='grc'><strong>316.</strong></span> 
     </span>
    </p>
   </div>
   <div class='ocr_carea' id='block_1_12' title="bbox 1290 2200 2272 2244">
    <p class='ocr_par' dir='ltr' id='par_1_34' title="bbox 1290 2200 2272 2244">
     <span class='ocr_line' id='line_1_77' title="bbox 1290 2200 2272 2244; baseline 0.003 -11"><span class='ocrx_word' id='word_1_429' title='bbox 1290 2200 1512 2238; x_wconf 82' lang='lat' dir='ltr'><strong>PhaseIussae,</strong></span> <span class='ocrx_word' id='word_1_430' title='bbox 1531 2201 1604 2234; x_wconf 66' lang='lat' dir='ltr'><strong>duaa</strong></span> <span class='ocrx_word' id='word_1_431' title='bbox 1622 2202 1736 2234; x_wconf 85' lang='lat' dir='ltr'><strong>insulae</strong></span> <span class='ocrx_word' id='word_1_432' title='bbox 1755 2201 1888 2242; x_wconf 79' lang='lat' dir='ltr'><strong>Libyae,</strong></span> <span class='ocrx_word' id='word_1_433' title='bbox 1905 2210 2004 2244; x_wconf 83' lang='lat' dir='ltr'><strong>prope</strong></span> <span class='ocrx_word' id='word_1_434' title='bbox 2017 2202 2111 2234; x_wconf 92' lang='lat' dir='ltr'><strong>Sirim</strong></span> <span class='ocrx_word' id='word_1_435' title='bbox 2123 2202 2272 2237; x_wconf 84' lang='lat' dir='ltr'><strong>fluvium.</strong></span> 
     </span>
    </p>
   </div>
   <div class='ocr_carea' id='block_1_13' title="bbox 1249 2249 2276 2327">
    <p class='ocr_par' dir='ltr' id='par_1_35' title="bbox 1249 2249 2276 2327">
     <span class='ocr_line' id='line_1_78' title="bbox 1249 2249 2276 2327; baseline 0.004 -48"><span class='ocrx_word' id='word_1_436' title='bbox 1249 2249 1424 2327; x_wconf 66' lang='lat' dir='ltr'><strong>lsiectataeus</strong></span> <span class='ocrx_word' id='word_1_437' title='bbox 1441 2249 1554 2290; x_wconf 81' lang='lat' dir='ltr'><strong>Libyae</strong></span> <span class='ocrx_word' id='word_1_438' title='bbox 1567 2249 1794 2290; x_wconf 86' lang='lat' dir='ltr'><strong>descriptione.</strong></span> <span class='ocrx_word' id='word_1_439' title='bbox 1808 2249 1984 2290; x_wconf 88' lang='lat' dir='ltr'><strong>Insulares‚</strong></span> <span class='ocrx_word' id='word_1_440' title='bbox 2000 2249 2226 2292; x_wconf 81' lang='lat' dir='ltr'><strong>Phaselussaei‚</strong></span> <span class='ocrx_word' id='word_1_441' title='bbox 2237 2252 2276 2283; x_wconf 82' lang='lat' dir='ltr'><strong>ut</strong></span> 
     </span>
     <span class='ocr_line' id='line_1_79' title="bbox 1273 2303 1438 2327; baseline 0 0"><span class='ocrx_word' id='word_1_442' title='bbox 1273 2303 1312 2327; x_wconf 88' lang='lat' dir='ltr'><strong>co</strong></span> <span class='ocrx_word' id='word_1_443' title='bbox 1328 2303 1438 2327; x_wconf 82' lang='lat' dir='ltr'><strong>ussaei.</strong></span> 
     </span>
    </p>
   </div>
   <div class='ocr_carea' id='block_1_14' title="bbox 1291 2367 2212 2460">
    <p class='ocr_par' dir='ltr' id='par_1_36' title="bbox 1291 2367 2212 2460">
     <span class='ocr_line' id='line_1_80' title="bbox 1291 2367 2212 2460; baseline 0.001 -9"><span class='ocrx_word' id='word_1_444' title='bbox 1291 2418 1453 2460; x_wconf 84' lang='lat' dir='ltr'><strong>Hieraphe</strong></span> <span class='ocrx_word' id='word_1_445' title='bbox 1464 2442 1474 2460; x_wconf 89' lang='lat'><strong>,</strong></span> <span class='ocrx_word' id='word_1_446' title='bbox 1494 2418 1543 2451; x_wconf 92' lang='lat' dir='ltr'><strong>uti</strong></span> <span class='ocrx_word' id='word_1_447' title='bbox 1559 2367 1835 2460; x_wconf 48' lang='lat' dir='ltr'><strong>Anaplie,?iiisi1.1a</strong></span> <span class='ocrx_word' id='word_1_448' title='bbox 1852 2417 1983 2459; x_wconf 81' lang='lat' dir='ltr'><strong>Libyae,</strong></span> <span class='ocrx_word' id='word_1_449' title='bbox 1999 2417 2040 2451; x_wconf 87' lang='lat' dir='ltr'><strong>de</strong></span> <span class='ocrx_word' id='word_1_450' title='bbox 2054 2427 2119 2460; x_wconf 90' lang='lat' dir='ltr'><strong>qua</strong></span> <span class='ocrx_word' id='word_1_451' title='bbox 2133 2420 2212 2452; x_wconf 86' lang='lat' dir='ltr'><strong>Hec.</strong></span> 
     </span>
    </p>
   </div>
   <div class='ocr_carea' id='block_1_15' title="bbox 1721 2483 1810 2522">
    <p class='ocr_par' dir='ltr' id='par_1_37' title="bbox 1721 2483 1810 2522">
     <span class='ocr_line' id='line_1_81' title="bbox 1721 2483 1810 2522; baseline -0.022 0"><span class='ocrx_word' id='word_1_452' title='bbox 1721 2483 1810 2522; x_wconf 83' lang='lat'><strong>318.</strong></span> 
     </span>
    </p>
   </div>
   <div class='ocr_carea' id='block_1_16' title="bbox 1251 2539 2276 2675">
    <p class='ocr_par' dir='ltr' id='par_1_38' title="bbox 1251 2539 2276 2675">
     <span class='ocr_line' id='line_1_82' title="bbox 1293 2539 2276 2581; baseline 0.003 -10"><span class='ocrx_word' id='word_1_453' title='bbox 1293 2539 1501 2581; x_wconf 77' lang='lat' dir='ltr'><strong>Dulonpolis,</strong></span> <span class='ocrx_word' id='word_1_454' title='bbox 1520 2549 1546 2572; x_wconf 91' lang='lat' dir='ltr'><strong>s.</strong></span> <span class='ocrx_word' id='word_1_455' title='bbox 1563 2542 1735 2573; x_wconf 86' lang='lat' dir='ltr'><strong>Servorum</strong></span> <span class='ocrx_word' id='word_1_456' title='bbox 1765 2539 1863 2580; x_wconf 87' lang='lat' dir='ltr'><strong>urbs,</strong></span> <span class='ocrx_word' id='word_1_457' title='bbox 1888 2539 1920 2571; x_wconf 89' lang='lat' dir='ltr'><strong>in</strong></span> <span class='ocrx_word' id='word_1_458' title='bbox 1944 2539 2048 2581; x_wconf 83' lang='lat' dir='ltr'><strong>Libya</strong></span> <span class='ocrx_word' id='word_1_459' title='bbox 2062 2542 2131 2580; x_wconf 84' lang='lat' dir='ltr'><strong>est,</strong></span> <span class='ocrx_word' id='word_1_460' title='bbox 2147 2542 2276 2574; x_wconf 71' lang='lat' dir='ltr'><strong>auctore</strong></span> 
     </span>
     <span class='ocr_line' id='line_1_83' title="bbox 1251 2586 2276 2629; baseline 0.001 -10"><span class='ocrx_word' id='word_1_461' title='bbox 1251 2587 1330 2619; x_wconf 91' lang='lat' dir='ltr'><strong>Hec.</strong></span> <span class='ocrx_word' id='word_1_462' title='bbox 1352 2588 1394 2618; x_wconf 83' lang='lat' dir='ltr'><strong>Et</strong></span> <span class='ocrx_word' id='word_1_463' title='bbox 1409 2587 1438 2618; x_wconf 90' lang='lat' dir='ltr'><strong>si</strong></span> <span class='ocrx_word' id='word_1_464' title='bbox 1453 2596 1567 2619; x_wconf 84' lang='lat' dir='ltr'><strong>servus</strong></span> <span class='ocrx_word' id='word_1_465' title='bbox 1585 2587 1618 2619; x_wconf 94' lang='lat' dir='ltr'><strong>in</strong></span> <span class='ocrx_word' id='word_1_466' title='bbox 1641 2587 1725 2618; x_wconf 85' lang='lat' dir='ltr'><strong>hanc</strong></span> <span class='ocrx_word' id='word_1_467' title='bbox 1746 2586 1862 2619; x_wconf 89' lang='lat' dir='ltr'><strong>urbem</strong></span> <span class='ocrx_word' id='word_1_468' title='bbox 1877 2586 2017 2628; x_wconf 81' lang='lat' dir='ltr'><strong>lapidem</strong></span> <span class='ocrx_word' id='word_1_469' title='bbox 2032 2587 2189 2629; x_wconf 85' lang='lat' dir='ltr'><strong>intulerit,</strong></span> <span class='ocrx_word' id='word_1_470' title='bbox 2207 2587 2276 2621; x_wconf 78' lang='lat' dir='ltr'><strong>exit</strong></span> 
     </span>
     <span class='ocr_line' id='line_1_84' title="bbox 1253 2633 1806 2675; baseline -0.002 -9"><span class='ocrx_word' id='word_1_471' title='bbox 1253 2634 1396 2674; x_wconf 88' lang='lat' dir='ltr'><strong>servitio,</strong></span> <span class='ocrx_word' id='word_1_472' title='bbox 1408 2634 1483 2666; x_wconf 88' lang='lat' dir='ltr'><strong>licet</strong></span> <span class='ocrx_word' id='word_1_473' title='bbox 1497 2634 1594 2666; x_wconf 80' lang='lat' dir='ltr'><strong>suerit</strong></span> <span class='ocrx_word' id='word_1_474' title='bbox 1608 2633 1806 2675; x_wconf 87' lang='lat' dir='ltr'><strong>peregrinus.</strong></span> 
     </span>
    </p>
   </div>
   <div class='ocr_carea' id='block_1_17' title="bbox 1719 2705 1808 2738">
    <p class='ocr_par' dir='ltr' id='par_1_39' title="bbox 1719 2705 1808 2738">
     <span class='ocr_line' id='line_1_85' title="bbox 1719 2705 1808 2738; baseline -0.022 0"><span class='ocrx_word' id='word_1_475' title='bbox 1719 2705 1808 2738; x_wconf 88' lang='grc'><strong>319.</strong></span> 
     </span>
    </p>
   </div>
   <div class='ocr_carea' id='block_1_18' title="bbox 1253 2755 2276 2844">
    <p class='ocr_par' dir='ltr' id='par_1_40' title="bbox 1253 2755 2276 2844">
     <span class='ocr_line' id='line_1_86' title="bbox 1294 2755 2276 2798; baseline -0.001 -9"><span class='ocrx_word' id='word_1_476' title='bbox 1294 2758 1539 2797; x_wconf 87' lang='lat' dir='ltr'><strong>Cremmyon....</strong></span> <span class='ocrx_word' id='word_1_477' title='bbox 1557 2757 1616 2789; x_wconf 86' lang='lat' dir='ltr'><strong>Est</strong></span> <span class='ocrx_word' id='word_1_478' title='bbox 1628 2765 1757 2798; x_wconf 86' lang='lat' dir='ltr'><strong>quoque</strong></span> <span class='ocrx_word' id='word_1_479' title='bbox 1765 2759 1976 2797; x_wconf 87' lang='lat' dir='ltr'><strong>Crommyon,</strong></span> <span class='ocrx_word' id='word_1_480' title='bbox 1992 2755 2070 2788; x_wconf 89' lang='lat' dir='ltr'><strong>urbs</strong></span> <span class='ocrx_word' id='word_1_481' title='bbox 2082 2755 2207 2797; x_wconf 82' lang='lat' dir='ltr'><strong>Libyae,</strong></span> <span class='ocrx_word' id='word_1_482' title='bbox 2220 2764 2276 2798; x_wconf 85' lang='lat' dir='ltr'><strong>per</strong></span> 
     </span>
     <span class='ocr_line' id='line_1_87' title="bbox 1253 2802 2255 2844; baseline -0.002 -8"><span class='ocrx_word' id='word_1_483' title='bbox 1253 2812 1284 2844; x_wconf 93' lang='grc' dir='ltr'><strong>ο,</strong></span> <span class='ocrx_word' id='word_1_484' title='bbox 1299 2803 1340 2836; x_wconf 87' lang='lat' dir='ltr'><strong>de</strong></span> <span class='ocrx_word' id='word_1_485' title='bbox 1360 2812 1425 2844; x_wconf 85' lang='lat' dir='ltr'><strong>qua</strong></span> <span class='ocrx_word' id='word_1_486' title='bbox 1439 2805 1519 2836; x_wconf 88' lang='lat' dir='ltr'><strong>Hec.</strong></span> <span class='ocrx_word' id='word_1_487' title='bbox 1537 2803 1663 2836; x_wconf 89' lang='lat' dir='ltr'><strong>Gentile</strong></span> <span class='ocrx_word' id='word_1_488' title='bbox 1673 2827 1683 2844; x_wconf 90' lang='lat'>,</span> <span class='ocrx_word' id='word_1_489' title='bbox 1699 2804 1951 2844; x_wconf 82' lang='lat' dir='ltr'><strong>Crommyonius</strong></span> <span class='ocrx_word' id='word_1_490' title='bbox 1967 2805 1999 2836; x_wconf 87' lang='lat' dir='ltr'><strong>et</strong></span> <span class='ocrx_word' id='word_1_491' title='bbox 2014 2802 2255 2844; x_wconf 82' lang='lat' dir='ltr'><strong>Crommyonia.</strong></span> 
     </span>
    </p>
   </div>
   <div class='ocr_carea' id='block_1_19' title="bbox 1255 2923 2281 3258">
    <p class='ocr_par' dir='ltr' id='par_1_41' title="bbox 1255 2923 2273 3050">
     <span class='ocr_line' id='line_1_88' title="bbox 1296 2923 2273 2966; baseline 0 -10"><span class='ocrx_word' id='word_1_492' title='bbox 1296 2924 1465 2957; x_wconf 85' lang='lat' dir='ltr'><strong>Ianxuatis</strong></span> <span class='ocrx_word' id='word_1_493' title='bbox 1478 2948 1488 2965; x_wconf 87' lang='lat'><strong><em>,</em></strong></span> <span class='ocrx_word' id='word_1_494' title='bbox 1513 2924 1670 2966; x_wconf 89' lang='lat' dir='ltr'><strong>oppidum</strong></span> <span class='ocrx_word' id='word_1_495' title='bbox 1687 2924 1801 2965; x_wconf 87' lang='lat' dir='ltr'><strong>Libyae</strong></span> <span class='ocrx_word' id='word_1_496' title='bbox 1810 2947 1819 2963; x_wconf 94' lang='lat'>,</span> <span class='ocrx_word' id='word_1_497' title='bbox 1833 2923 1874 2956; x_wconf 86' lang='lat' dir='ltr'><strong>de</strong></span> <span class='ocrx_word' id='word_1_498' title='bbox 1888 2932 1954 2964; x_wconf 84' lang='lat' dir='ltr'><strong>qua</strong></span> <span class='ocrx_word' id='word_1_499' title='bbox 1968 2924 2046 2955; x_wconf 86' lang='lat' dir='ltr'><strong>Hec.</strong></span> <span class='ocrx_word' id='word_1_500' title='bbox 2064 2923 2252 2964; x_wconf 84' lang='lat' dir='ltr'><strong>oppidanus</strong></span> <span class='ocrx_word' id='word_1_501' title='bbox 2264 2946 2273 2964; x_wconf 91' lang='lat'><strong>‚</strong></span> 
     </span>
     <span class='ocr_line' id='line_1_89' title="bbox 1255 2969 2273 3011; baseline -0.001 -8"><span class='ocrx_word' id='word_1_502' title='bbox 1255 2971 1448 3003; x_wconf 84' lang='lat' dir='ltr'><strong>Ianxuatita.</strong></span> <span class='ocrx_word' id='word_1_503' title='bbox 1473 2972 1532 3002; x_wconf 89' lang='lat' dir='ltr'><strong>Est</strong></span> <span class='ocrx_word' id='word_1_504' title='bbox 1558 2971 1645 3003; x_wconf 90' lang='lat' dir='ltr'><strong>enim</strong></span> <span class='ocrx_word' id='word_1_505' title='bbox 1671 2970 1741 3002; x_wconf 80' lang='lat' dir='ltr'><strong>haec</strong></span> <span class='ocrx_word' id='word_1_506' title='bbox 1768 2970 1991 3011; x_wconf 85' lang='lat' dir='ltr'><strong>AEgyptiorum</strong></span> <span class='ocrx_word' id='word_1_507' title='bbox 2022 2970 2054 3001; x_wconf 88' lang='lat' dir='ltr'><strong>et</strong></span> <span class='ocrx_word' id='word_1_508' title='bbox 2083 2969 2273 3011; x_wconf 73' lang='lat' dir='ltr'><strong>AEthiopuoe</strong></span> 
     </span>
     <span class='ocr_line' id='line_1_90' title="bbox 1255 3017 1370 3050; baseline 0 -1"><span class='ocrx_word' id='word_1_509' title='bbox 1255 3017 1370 3050; x_wconf 79' lang='lat' dir='ltr'><strong>forma.</strong></span> 
     </span>
    </p>

    <p class='ocr_par' dir='ltr' id='par_1_42' title="bbox 1726 3071 1796 3103">
     <span class='ocr_line' id='line_1_91' title="bbox 1726 3071 1796 3103; baseline 0 0"><span class='ocrx_word' id='word_1_510' title='bbox 1726 3071 1796 3103; x_wconf 83' lang='lat'><strong>321</strong></span> 
     </span>
    </p>

    <p class='ocr_par' dir='ltr' id='par_1_43' title="bbox 1255 3119 2281 3258">
     <span class='ocr_line' id='line_1_92' title="bbox 1296 3119 2281 3163; baseline 0 -9"><span class='ocrx_word' id='word_1_511' title='bbox 1296 3122 1422 3163; x_wconf 89' lang='lat' dir='ltr'><strong>Molys,</strong></span> <span class='ocrx_word' id='word_1_512' title='bbox 1444 3122 1523 3154; x_wconf 88' lang='lat' dir='ltr'><strong>urbs</strong></span> <span class='ocrx_word' id='word_1_513' title='bbox 1541 3121 1682 3162; x_wconf 87' lang='lat' dir='ltr'><strong>Libyca,</strong></span> <span class='ocrx_word' id='word_1_514' title='bbox 1707 3121 1747 3153; x_wconf 82' lang='lat' dir='ltr'><strong>‹le</strong></span> <span class='ocrx_word' id='word_1_515' title='bbox 1759 3130 1823 3161; x_wconf 90' lang='lat' dir='ltr'><strong>qua</strong></span> <span class='ocrx_word' id='word_1_516' title='bbox 1850 3121 2020 3152; x_wconf 70' lang='lat' dir='ltr'><strong>Hecatzeus</strong></span> <span class='ocrx_word' id='word_1_517' title='bbox 2042 3119 2076 3151; x_wconf 91' lang='lat' dir='ltr'><strong>in</strong></span> <span class='ocrx_word' id='word_1_518' title='bbox 2091 3119 2205 3162; x_wconf 75' lang='lat' dir='ltr'><strong>Libyae</strong></span> <span class='ocrx_word' id='word_1_519' title='bbox 2227 3120 2281 3154; x_wconf 85' lang='lat' dir='ltr'><strong>de·</strong></span> 
     </span>
     <span class='ocr_line' id='line_1_93' title="bbox 1256 3166 2279 3211; baseline -0.003 -9"><span class='ocrx_word' id='word_1_520' title='bbox 1256 3170 1439 3211; x_wconf 86' lang='lat' dir='ltr'><strong>scriptione.</strong></span> <span class='ocrx_word' id='word_1_521' title='bbox 1458 3169 1595 3208; x_wconf 85' lang='lat' dir='ltr'><strong>Gentile‚</strong></span> <span class='ocrx_word' id='word_1_522' title='bbox 1612 3168 1733 3209; x_wconf 83' lang='lat' dir='ltr'><strong>Molyta</strong></span> <span class='ocrx_word' id='word_1_523' title='bbox 1744 3169 1838 3209; x_wconf 75' lang='lat' dir='ltr'><strong>Juxta</strong></span> <span class='ocrx_word' id='word_1_524' title='bbox 1860 3168 1996 3199; x_wconf 82' lang='lat' dir='ltr'><strong>sormam</strong></span> <span class='ocrx_word' id='word_1_525' title='bbox 2014 3166 2209 3208; x_wconf 78' lang='lat' dir='ltr'><strong>Libycarum</strong></span> <span class='ocrx_word' id='word_1_526' title='bbox 2230 3176 2279 3199; x_wconf 89' lang='lat' dir='ltr'><strong>ur-</strong></span> 
     </span>
     <span class='ocr_line' id='line_1_94' title="bbox 1255 3216 1578 3258; baseline -0.009 -9"><span class='ocrx_word' id='word_1_527' title='bbox 1255 3217 1363 3258; x_wconf 89' lang='lat' dir='ltr'><strong>bium,</strong></span> <span class='ocrx_word' id='word_1_528' title='bbox 1381 3217 1414 3249; x_wconf 86' lang='lat' dir='ltr'><strong>et</strong></span> <span class='ocrx_word' id='word_1_529' title='bbox 1428 3216 1578 3256; x_wconf 80' lang='lat' dir='ltr'><strong>Molyata.</strong></span> 
     </span>
    </p>
   </div>
   <div class='ocr_carea' id='block_1_20' title="bbox 1726 3287 1813 3319">
    <p class='ocr_par' dir='ltr' id='par_1_44' title="bbox 1726 3287 1813 3319">
     <span class='ocr_line' id='line_1_95' title="bbox 1726 3287 1813 3319; baseline -0.034 0"><span class='ocrx_word' id='word_1_530' title='bbox 1726 3287 1813 3319; x_wconf 82' lang='lat'><strong>322.</strong></span> 
     </span>
    </p>
   </div>
   <div class='ocr_carea' id='block_1_21' title="bbox 1257 3342 2278 3434">
    <p class='ocr_par' dir='ltr' id='par_1_45' title="bbox 1257 3342 2278 3434">
     <span class='ocr_line' id='line_1_96' title="bbox 1298 3342 2278 3385; baseline -0.004 -6"><span class='ocrx_word' id='word_1_531' title='bbox 1298 3347 1410 3385; x_wconf 75' lang='lat' dir='ltr'><strong>Stoeae,</strong></span> <span class='ocrx_word' id='word_1_532' title='bbox 1434 3345 1513 3377; x_wconf 83' lang='lat' dir='ltr'><strong>urbs</strong></span> <span class='ocrx_word' id='word_1_533' title='bbox 1541 3344 1654 3385; x_wconf 80' lang='lat' dir='ltr'><strong>Libyae</strong></span> <span class='ocrx_word' id='word_1_534' title='bbox 1669 3368 1678 3385; x_wconf 94' lang='lat'>‚</span> <span class='ocrx_word' id='word_1_535' title='bbox 1702 3346 1739 3376; x_wconf 87' lang='lat' dir='ltr'><strong>ut</strong></span> <span class='ocrx_word' id='word_1_536' title='bbox 1766 3345 1937 3376; x_wconf 83' lang='lat' dir='ltr'><strong>Hecataeus</strong></span> <span class='ocrx_word' id='word_1_537' title='bbox 1962 3343 2032 3385; x_wconf 86' lang='lat' dir='ltr'><strong>ejus</strong></span> <span class='ocrx_word' id='word_1_538' title='bbox 2053 3342 2278 3384; x_wconf 85' lang='lat' dir='ltr'><strong>descriptione.</strong></span> 
     </span>
     <span class='ocr_line' id='line_1_97' title="bbox 1257 3393 1566 3434; baseline -0.019 -7"><span class='ocrx_word' id='word_1_539' title='bbox 1257 3393 1402 3434; x_wconf 86' lang='lat' dir='ltr'><strong>Gentile,</strong></span> <span class='ocrx_word' id='word_1_540' title='bbox 1423 3394 1566 3425; x_wconf 82' lang='lat' dir='ltr'><strong>Stoeetes.</strong></span> 
     </span>
    </p>
   </div>
  </div>
 </body>
</html>
