2320 3684
618 129 949 174 APOLLODORI
976 129 1332 173 mauornECAE
1359 130 1596 182 111‚1⁵,1e.

108 220 210 266 9’Ἢν
240 224 277 264 δὲ
301 219 398 268 οἶτος
417 225 453 262 ἐν
472 220 680 276 Λαὸυρίνθῳ
700 218 966 273 καθειργμένος,
997 219 1032 256 ἐν
1053 212 1083 273 ᾧ

2098 138 2169 171 179

1181 233 1196 253 ⁹
1206 231 1239 262 Is
1248 229 1392 263 inclusus
1403 232 1471 263 erat
1491 230 1526 262 in
1553 230 1800 272 Labyrinthum‚
1816 229 1902 262 unde
1915 230 2172 272 ingressusquis·

58 286 117 326 τὸν
143 284 341 324 εἰσελθόντα
363 281 531 321 ἀδύνατον
550 274 593 328 ἦν
612 278 747 325 ἐξιέναι·
765 275 999 321 πολυπλόκοις
1016 275 1085 330 γὰρ
1140 287 1229 329 piam
1254 289 1346 321 nullo
1371 289 1469 322 modo
1482 291 1609 331 poterat
1620 288 1707 322 exire
1713 299 1724 330 ;
1738 288 1934 331 multiplices
1945 289 2032 322 enim
2044 289 2173 322 viarum

59 349 219 395 καμπαῖς
240 341 303 390 τὴν
333 338 568 392 ἀγνοουμένην
590 336 704 383 ἔξοδον
729 334 903 375 ἀπέκλειε.
921 339 954 364 ¹⁰
964 337 1086 375 Κατε-

60 402 225 442 σκευάκει
249 399 286 439 δὲ
309 399 413 438 αὐτὸν
433 397 623 446 Δαίδαλος,
643 400 662 436 ὁ
683 395 905 447 Εὐπαλάμου
923 400 1007 437 παῖς
1024 397 1086 432 τοῦ

60 461 237 509 Μητίονος
260 458 320 498 καὶ
338 457 542 504 Ἀλκίππης.
573 450 686 499 Οἷτος
703 449 746 503 ἦν
768 452 985 515 ἀρχιτέκτων
1007 452 1088 506 ἄρι-

63 535 162 568 στος,
181 518 241 558 καὶ
264 519 400 571 πρῶτος
419 515 635 568 ἀγαλμάτων
656 513 806 569 εὑρετής.
836 514 890 565 (9)
918 515 1032 556 Οὗτος
1053 510 1089 556 ἐξ

63 578 216 626 Ἀθηνῶν
247 575 369 630 ἔφυγεν
383 606 393 624 ,
430 574 500 613 ἀπὸ
535 577 598 621 τῆς
630 572 852 628 ἀκροπόλεως
881 570 998 625 βαλὼν
1031 570 1090 610 τὸν

1 663 4 665 ,
63 639 127 683 τῆς
151 635 302 690 ἀδελφῆς
331 632 504 687 Πέρδικος
532 632 606 671 υἱὸν
631 632 764 681 Τάλω,
799 630 959 683 μαθητὴν
993 629 1090 679 ὄντα,

66 694 182 738 δείσας
202 691 252 745 μὴ
273 692 331 731 διὰ
348 690 413 739 τὴν
433 686 576 745 εὐφυΐαν
600 690 704 730 αὐτὸν
732 689 926 745 ὓπερὸάλῃ·
946 687 1092 741 σιαγόνα

64 752 132 806 γὰρ
150 751 260 807 ὄφεως
277 749 400 805 εὑρὼν,
419 749 519 795 ξύλον
543 749 669 788 λεπτὸν
683 747 816 803 ἔπρισε.
835 747 1094 803 2Φωραθέντος

66 809 104 851 δὲ
119 814 182 850 τοῦ
202 814 338 864 νεκροῦ,
356 809 485 864 κριθεὶς
503 809 538 847 ἐν
551 808 671 862 Ἀρείῳ
690 808 808 862 πάγῳ,
827 806 1095 850 καταδικασθεὶς

64 869 151 925 πρὸς
166 869 294 909 Μίνωα
311 867 430 924 ἔφυγε.
448 870 580 918 Κάκεῖ,
602 867 793 923 Πασιφάης
816 866 1019 920 ἐρασθείσης
1034 869 1095 905 τοῦ

67 929 289 972 Ποσειδῶνος
303 927 432 982 ταύρου
455 926 654 981 συνήργησε
672 926 932 981 τεχνησάμενος
955 925 1095 973 ξυλίνην

69 991 164 1042 βοῦν·
182 986 199 1013 3
209 987 270 1027 καὶ
290 987 350 1026 τὸν
370 986 588 1041 Λαὸύρινθον
607 985 876 1035 κατεσκεύασεν,
892 988 940 1030 εἷς
954 984 992 1024 ὃν
1006 984 1099 1024 κατὰ

67 1046 143 1092 ἔτος
159 1046 332 1095 Ἀθηναῖοι
350 1045 496 1100 κούρους
513 1044 603 1084 ἑπτὰ
620 1046 680 1085 καὶ
697 1044 802 1100 κόρας
828 1044 891 1089 τὰς
917 1044 1016 1094 ἴσας,
1046 1046 1098 1098 τῷ

69 1104 291 1159 Μινωταύρῳ
308 1104 430 1159 βορὰν,
459 1104 634 1156 ἔπεμπον.

531 1202 629 1212 a·—

417 1253 665 1286 ΚΕΦΑΛΑΙΟΝ
680 1253 752 1293 lq‘.

129 1317 182 1370 (1)
201 1315 343 1364 Θησεὺς
362 1314 412 1366 δὲ,
428 1317 603 1369 γεννηθεὶς
623 1316 660 1363 ἐξ
677 1316 807 1371 Αἴθρας
827 1318 928 1370 Αἰγεῖ
946 1322 1042 1365 παῖς,
1055 1318 1104 1360 ὥς

70 1375 218 1428 ἐγενήθη
236 1374 390 1425 τέλειος,
413 1376 645 1428 ἀπωσάμενος
659 1375 723 1424 τὴν
747 1375 892 1430 πέτραν,
909 1374 955 1414 τὰ
973 1374 1101 1414 πέδιλα

70 1435 131 1474 καὶ
149 1434 213 1482 τὴν
235 1434 415 1488 μάχαιραν
443 1435 653 1490 ἀναιρεῖται·
673 1434 733 1474 καὶ
753 1435 855 1480 πεζὸς
873 1434 1038 1487 ἠπείγετο
1057 1436 1104 1478 εἰς

71 1492 134 1538 τὰς
154 1492 310 1541 Ἀθήνας.
335 1493 637 1547 ΞΦρουρουμένης
658 1492 695 1533 δὲ
714 1493 782 1533 ὑπὸ
797 1495 931 1548 ἀνδρῶν
947 1492 1103 1547 κακούρ-

71 1568 142 1606 γων
160 1554 224 1600 τῆς
241 1553 333 1602 ὁδοῦ,
352 1551 527 1607 ἡμέρωσε.
547 1551 722 1608 3Πρῶτον
742 1551 806 1605 μὲν
825 1547 884 1592 οῧν
899 1552 1103 1607 Περιφήτην

71 1611 131 1651 τὸν
156 1610 352 1665 Ἡφαίστου
370 1611 430 1650 καὶ
449 1611 677 1661 Ἀντικλείας,
706 1611 742 1656 ὃς
764 1611 834 1651 ἀπὸ
850 1615 912 1660 τῆς
941 1611 1102 1667 κορύνης,

72 1670 116 1719 ἢν
136 1671 272 1725 ἐφόρει,
293 1669 498 1724 Κορυνήτης
515 1672 744 1719 ἀπεκαλεῖτο,
765 1669 915 1710 ἔκτεινεν
936 1672 971 1710 ἐν
990 1671 1102 1711 Ἐπι-

74 1729 201 1784 δαύρῳ.
228 1728 348 1774 Πόδας
366 1728 403 1768 δὲ
423 1731 575 1775 ἀσθενεῖς
594 1729 686 1783 ἔχων
707 1725 804 1774 οὗτος
822 1730 938 1785 ἐφόρει
954 1729 1102 1785 κορύνην

74 1789 220 1844 σιδηρᾶν
232 1820 244 1839 ,
264 1789 308 1828 δι’
323 1783 366 1836 ἧς
379 1788 460 1834 τοὺς
476 1788 667 1843 παριόντας
681 1788 823 1829 ἔκτεινε.
844 1789 990 1838 Ταύτην
1011 1792 1100 1845 ἀφε-

73 1847 218 1900 λόμενος
232 1848 376 1898 Θησεὺς
387 1848 515 1904 ἐφόρει.

129 1907 184 1959 (2)
213 1906 381 1961 Δεύτερον
414 1906 451 1946 δὲ
477 1906 603 1946 κτείνει
629 1907 728 1947 Σίνιν
757 1907 816 1947 τὸν
845 1908 1105 1960 Πολυπήμονος

73 1965 133 2004 καὶ
147 1965 282 2010 Συλέας
299 1969 361 2014 τῆς
376 1966 559 2020 Κορίνθου.
571 1961 710 2011 2Οὗτος
728 1967 1007 2019 Πιτυοκάμπτης
1022 1969 1104 2006 ἐπε-

73 2026 228 2064 καλεῖτο,
249 2027 368 2065 Οἶκῶν
391 2025 458 2080 γὰρ
477 2025 536 2064 τὸν
555 2025 749 2078 Κορινθίων
769 2026 907 2078 ἴσθμὸν,
927 2026 1104 2079 ἠνάγκαζε

73 2082 154 2128 τοὺς
170 2083 361 2139 παριόντας
377 2083 477 2129 πίτυς
500 2084 730 2136 κάμπτοντας
751 2085 938 2138 (κάμπτων
958 2084 1064 2130 αὐτὰς
1074 2087 1102 2138 Ρ)

75 2142 279 2197 ἀνέχεσθαι·
311 2142 328 2168 3
344 2146 376 2182 οἱ
396 2143 433 2183 δὲ
453 2142 510 2182 διὰ
536 2142 600 2191 τὴν
633 2143 812 2184 ἀσθένειαν
841 2147 905 2184 οὐκ
934 2144 1106 2193 ἠδύναντο

78 2203 302 2255 [κάμπτειν],
333 2203 393 2243 καὶ
422 2202 490 2242 ὑπὸ
519 2205 588 2243 τῶν
619 2202 766 2259 δένδρων
791 2204 1106 2259 ἀναρριπτούμενοι

74 2261 306 2316 πανωλέθρως
326 2261 543 2301 ἀπώλλυντο.
561 2257 714 2317 41Τούτῳ
747 2265 798 2317 τῷ
829 2263 948 2317 τρόπῳ
967 2263 1107 2312 Θησεὺς

75 2318 174 2361 Σίνιν
194 2319 409 2361 ἀπέκτεινεν.

424 2394 573 2428 ΔΕΠῙΕΙ
599 2395 756 2428 ΠΟΛΛΑ.

1142 346 1293 388 ambages
1307 347 1348 379 ab
1359 347 1522 388 incognito
1555 347 1645 381 exitu
1673 347 1898 381 excludebant.
1914 347 2175 381 ¹⁰AEditicaverat

1143 412 1218 436 eum
1253 405 1406 438 Daedalus
1419 429 1429 446 ,
1451 406 1621 447 Eupalami
1644 415 1685 439 ex
1707 406 1846 439 Metione
1870 406 1937 439 nati
1960 407 1993 439 et
2026 406 2175 448 Alcippes

1144 461 1239 503 filius,
1250 463 1444 496 architectus
1453 465 1740 505 praestantissimus
1761 465 1911 507 idemque
1920 466 2045 508 primus
2061 467 2177 499 statua-

1145 530 1218 552 rum
1233 521 1393 554 inventor.
1410 523 1452 563 (9)
1470 523 1530 555 Hic
1542 524 1677 556 Athenis
1693 525 1888 566 profugerat,
1901 524 1977 566 quia
1991 533 2032 557 ex
2044 534 2117 557 arce
2129 525 2178 558 de-

1143 578 1268 619 jecerat
1283 579 1425 611 Perdicis
1443 581 1562 612 sororis
1577 581 1679 612 filium
1691 581 1838 621 Talaum,
1853 581 2050 623 discipulum
2066 590 2177 621 suum,

1148 636 1272 669 veritus
1284 646 1325 669 ne
1341 637 1381 669 ab
1394 645 1433 669 eo
1448 637 1565 679 ingenii
1579 639 1722 672 sollertia
1734 642 1950 682 superaretur.
1965 642 1998 673 Is
2006 641 2093 673 enim
2116 649 2178 673 ser-

1148 697 1254 738 pentis
1269 695 1388 728 malam
1401 699 1528 738 nactus,
1542 706 1582 730 eo
1597 700 1692 730 tenue
1706 698 1828 740 lignum
1837 700 1948 732 secuit.
1966 700 2110 733 ²Deinde
2126 700 2180 733 ubi

1150 764 1288 797 puerum
1301 756 1343 789 ab
1352 765 1390 788 eo
1404 759 1554 789 necatum
1564 766 1635 790 esse
1644 761 1847 800 compertum
1861 760 1933 800 fuit,
1950 769 2023 793 reus
2036 761 2069 792 in
2086 763 2181 793 Areo-

1152 824 1234 856 pago
1250 817 1398 858 peractus
1417 815 1458 847 ad
1479 816 1620 848 Minoem
1637 818 1794 858 confugit.
1812 821 1918 860 Atque
1935 820 2004 858 hic,
2022 820 2182 861 Pasiphae

1152 874 1292 916 Neptuni
1304 874 1389 906 tauri
1404 883 1514 907 amore
1530 874 1748 917 inflammata,
1766 876 1882 909 bovem
1902 877 2039 919 ligneam
2060 878 2183 911 affabre

1154 932 1326 974 compegit,
1342 934 1394 965 ³et
1409 931 1643 973 Labyrinthum
1658 935 1830 976 exstruxit,
1845 936 1887 967 ad
1901 945 1998 977 quem
2008 937 2183 977 quotannis

1155 991 1367 1025 Athenienses
1382 994 1505 1033 septem
1521 1000 1638 1033 pueros
1651 993 1852 1035 totidemque
1866 994 1989 1035 puellas
2002 996 2183 1028 Minotauro

1155 1051 1318 1084 vorandos
1336 1051 1520 1084 mittebant.

1620 1201 1723 1208 —-

1554 1258 1692 1289 CAPUT
1708 1258 1793 1289 XVI.

1204 1316 1250 1358 (1)
1273 1316 1417 1349 Theseus
1429 1340 1438 1356 ‚
1471 1324 1512 1348 ex
1528 1316 1642 1349 AEthra
1661 1317 1761 1357 AEgeo
1776 1316 1872 1346 natus
1884 1337 1894 1354 ,
1915 1313 1971 1346 ubi
1987 1312 2188 1352 adoleverat,

1161 1387 1326 1419 summoto
1341 1394 1420 1419 saxo
1433 1385 1557 1418 calceos
1569 1387 1602 1418 et
1621 1393 1732 1418 ensem
1745 1383 1850 1416 aufert
1868 1385 1899 1416 et
1917 1382 2060 1424 pedestri
2078 1381 2190 1414 itinere

1161 1457 1359 1490 contendens
1368 1456 1522 1496 Athenas,
1540 1455 1729 1488 ²0bsessam
1745 1463 1764 1486 a
1777 1454 1857 1486 viris
1873 1452 2026 1485 maleficis
2040 1451 2126 1484 viam
2142 1460 2192 1492 pa-

1161 1527 1259 1561 cavit.
1273 1531 1288 1550 ³
1297 1529 1339 1560 Et
1350 1527 1491 1569 primum
1504 1525 1635 1568 quidem
1645 1523 1985 1567 Peripheten,Vulcani
1995 1533 2037 1557 ex
2049 1523 2194 1556 Anticlea

1160 1598 1283 1638 filium,
1302 1598 1359 1639 qui
1379 1596 1467 1638 quod
1489 1596 1615 1628 clavam
1644 1595 1790 1637 gestabat
1822 1595 1984 1635 coryneta
2007 1594 2193 1635 (Claviqer)

1161 1669 1341 1709 dicebatur,
1366 1667 1408 1701 ad
1430 1667 1630 1710 Epidaurum
1652 1666 1782 1699 occidit.
1809 1667 1920 1704 Quum
1941 1665 2028 1697 enim
2056 1664 2193 1706 pedibus

1161 1740 1331 1773 imbecillis
1343 1740 1451 1778 esset,
1468 1738 1570 1771 ferrea
1582 1737 1674 1770 clava
1688 1736 1840 1770 utebatur
1852 1762 1862 1778 ‚
1879 1745 1944 1778 qua
1960 1737 2193 1778 praetereuntes

1160 1810 1382 1844 interficiebat.
1398 1811 1490 1842 Hanc
1504 1808 1551 1841 illi
1567 1810 1709 1850 ereptam
1725 1808 1843 1849 posteaz
1853 1807 1999 1839 Theseus
2016 1806 2150 1839 serebat.

1204 1908 1250 1950 (2)
1271 1907 1418 1941 Alterum
1428 1906 1547 1940 occidit
1575 1905 1665 1940 Sinin
1679 1929 1689 1945 ,
1710 1904 1935 1946 Polypemonis
1949 1906 1982 1936 et
1996 1902 2116 1944 syleae,
2135 1904 2194 1936 Co-

1162 1973 1261 2006 rinthi
1276 1973 1361 2006 filiae.
1379 1975 1394 1994 2
1403 1971 1464 2005 Hic
1480 1971 1719 2012 Pityocamptes
1732 1967 1977 2010 cognominatus
1986 1968 2046 1999 est.
2062 1968 2144 1999 Nam
2162 1966 2193 1998 in

1163 2037 1407 2072 corinthiorum
1418 2035 1540 2068 isthmo
1550 2042 1647 2075 agens
1657 2032 1889 2075 praetereuntes
1902 2030 2051 2072 cogebat,
2062 2031 2194 2071 ut,quas

1162 2105 1231 2146 ipse
1241 2103 1337 2145 pinus
1346 2102 1524 2141 inflexerat,
1535 2099 1670 2132 innexas
1676 2100 1854 2132 tenerent!⁵
1862 2096 1956 2135 Quod
1966 2103 2069 2137 quum
2075 2094 2195 2127 virium

1163 2169 1384 2204 imbecillitate
1413 2168 1517 2200 facere
1534 2175 1601 2199 non
1622 2165 1776 2207 possent,
1789 2163 1942 2196 arborum
1962 2162 2084 2203 impetu
2100 2160 2134 2192 in
2149 2159 2192 2191 al-

1164 2238 1236 2270 tum
1252 2234 1374 2276 abrepti
1392 2232 1575 2265 miserrime
1585 2230 1744 2272 peribant.
1766 2227 1939 2261 ⁴Eundem
1957 2227 1991 2259 in
2007 2225 2141 2259 modum
2163 2226 2196 2257 et

1164 2304 1273 2345 ipsum
1289 2300 1379 2335 Sinin
1395 2298 1557 2333 interfecit
1571 2297 1726 2331 Theseus.

1508 2398 1672 2431 DESUNT
1693 2397 1848 2430 MULTA.

1989 3396 2038 3423 12.
