2320 3684
757 162 1080 202 PHERECYDIS
1109 163 1439 204 FRAGMENTA.
2101 172 2151 207 85

106 309 232 347 Schol.
267 308 400 359 Eurip.
430 307 561 346 Phoen.
595 306 642 344 53
661 320 670 343 ε
689 302 892 358 Φερεκύδης
910 303 955 343 τὰ
986 303 1075 343 κατὰ

52 366 133 410 τοὺς
155 367 283 410 παῖδας
301 365 506 411 Οἰδίποδος,
541 362 601 402 καὶ
633 361 696 406 τὰς
729 361 938 414 γημαμένας
970 361 1077 406 οὕτως

53 426 193 478 ἱστορεῖ.
210 424 403 472 «Οἰδίποδι,
423 422 521 477 φησὶ,
537 420 660 475 Κρέων
671 420 791 459 δίδωσι
806 420 869 469 τὴν
883 420 1075 473 βασιλείαν,

53 482 114 521 καὶ
129 482 194 530 τὴν
214 487 361 534 γυναῖκα
377 477 489 520 Λαΐου
503 510 514 529 ,
535 478 671 533 μητέρα
688 479 718 517 δ’
734 480 858 527 αὐτοῦ,
877 477 1074 526 Ἰοκάστην.

54 540 118 586 Ἐξ
134 536 176 588 ἧς
186 540 340 592 γίνονται
355 541 448 591 αὐτῷ
463 539 641 592 Φράστωρ
657 537 717 575 καὶ
732 536 924 586 Λαόνυτος,
942 536 975 575 οἳ
993 537 1077 584 θνή-

55 613 196 637 σκουσιν
216 597 283 636 ὕπὸ
302 598 446 636 Μινυῶν
471 597 530 635 καὶ
549 595 726 649 Ἐργίνου.
748 595 851 634 Ἐπεὶ
869 595 906 634 δὲ
924 595 1077 639 ἐνιαυτὸς

55 658 232 711 παρῆλθε,
255 661 363 708 γαμεῖ
379 658 397 694 ὃ
417 654 583 699 Οἰδίπους
608 653 845 708 Εὐρυγάνειαν
867 653 931 701 τὴν
963 653 1077 708 Περί-

53 730 191 770 φαντος.
211 713 274 760 Ἐξ
299 710 341 763 ἧς
358 713 513 766 γίνονται
545 715 638 766 αὐτῷ
662 713 848 762 Ἰοκάστη,
878 712 1076 764 Ἀντιγόνη,

54 773 224 826 Ἰσμήνη,
244 773 286 821 ἣν
314 776 447 828 ἀναιρεῖ
477 771 610 816 Τυδεὺς
642 772 699 811 ἐπὶ
735 771 885 825 κρήνης,
919 771 979 810 καὶ
1016 772 1077 810 ἀπ’

54 833 161 879 αὐτῆς
179 835 202 880 ἡ
219 831 332 886 κρήνη
352 831 500 884 Ἰσμήνη
518 830 660 879 ἐκλήθη.
677 830 757 871 Υἱοὶ
783 829 820 869 δὲ
848 831 943 884 αὐτῷ
959 828 994 875 ἐξ
1010 831 1077 868 αὖ·

51 894 132 940 τῆς,
155 891 344 938 Ἐτεοκλῆς
358 889 418 929 καὶ
439 889 665 938 Πολυνείκης.
685 888 788 929 Ἐπεὶ
809 890 845 927 δε
859 888 1078 942 Εὖρυγάνεια

53 948 274 999 ἐτελεύτησε,
293 955 400 1001 γαμεῖ
419 948 694 1000 Ἀστυμέδουσαν
718 947 782 995 τὴν
805 947 1076 987 Σθενέλου.»Τι-

11 1021 15 1024 ⁴
52 1009 108 1052 νὲς
123 1007 159 1047 δὲ
180 1007 416 1062 Εὐρυγάνειαν
438 1006 588 1062 ἀδελφὴν
603 1006 762 1056 λέγουσιν
780 1000 869 1046 εἶναι
883 1005 1077 1055 Ἰοκάστης,

53 1069 116 1115 τῆς
137 1066 267 1122 μητρὸς
289 1067 486 1111 Οἰδίποδος.

108 1184 236 1222 Schol.
250 1184 384 1236 Eurip.
398 1184 531 1222 Phoen.
551 1197 617 1231 71:
637 1185 699 1223 Δεῖ
717 1182 844 1222 εἰδέναι
861 1181 914 1221 ὅτι
926 1183 966 1221 οὔ
981 1182 1079 1236 παρὰ

54 1247 143 1282 πᾶσι
165 1248 344 1296 συμφωνεῖ
362 1246 385 1290 ἠ
405 1242 638 1286 Πολυνείκους
657 1243 704 1286 εἷς
721 1242 758 1281 Ἄ
766 1257 845 1296 ργος
863 1240 984 1295 ἄφιξις.
999 1243 1078 1280 Φε-

55 1300 200 1354 ρεκύδης
219 1300 286 1352 γὰρ
309 1300 542 1347 ἐκὸεὸλῆσθαι
563 1300 621 1339 τὸν
639 1300 855 1344 Πολυνείκην
878 1299 963 1352 φησὶ
991 1298 1080 1351 μετὰ

56 1358 145 1411 βίας.
225 1359 418 1413 Εὐριπίδης
433 1364 510 1402 ταῖς
532 1357 592 1397 δύο
615 1358 782 1413 ἱστορίαις
807 1358 1001 1412 ἐχρήσατο,
1020 1359 1080 1397 ἐν-

53 1421 164 1457 ταῦθα
185 1416 248 1470 μὲν
268 1421 311 1471 τῇ
328 1417 528 1472 Φερεκύδου
540 1447 551 1466 ,
567 1416 708 1472 ὕστερον
725 1416 761 1456 δὲ
773 1420 817 1469 τῇ
830 1416 1052 1457 Ἑλλανίκου.

107 1541 361 1592 Apollod.111‚
373 1542 453 1589 6,7,
465 1541 513 1579 de
523 1541 665 1579 Tiresia
675 1554 683 1576 :
692 1539 893 1592 Φερεκύδης
900 1539 937 1577 δὲ
944 1539 1079 1593 (φησὶν)

53 1598 120 1638 ὑπὸ
129 1599 273 1647 Ἀθηνᾶς
284 1598 386 1638 αὐτὸν
396 1593 755 1653 τυφλωθῆναι.οὖ’σαν
765 1597 831 1652 γὰρ
840 1596 904 1645 τὴν
912 1599 1081 1651 Χαρικλῶ

54 1660 230 1712 προσφιλῆ
255 1660 299 1710 τῇ
319 1657 448 1711 Ἀθηνᾷ
476 1688 485 1696 .
502 1687 511 1695 .
529 1686 538 1695 .
556 1687 564 1696 .
587 1655 722 1709 γυμνὴν
751 1656 810 1695 ἐπὶ
827 1656 944 1695 πάντα
978 1656 1079 1695 ἰδεῖν·

53 1715 117 1764 τὴν
135 1715 172 1755 δὲ
186 1747 197 1767 ,
216 1722 293 1761 ταῖς
309 1715 411 1770 χερσὶ
430 1715 523 1769 (τοὺς
537 1715 748 1769 ὀφθαλμοὺς)
763 1717 867 1754 αὐτοῦ
886 1715 1081 1754 καταλαὸο-

55 1773 176 1826 μένην,
198 1774 310 1829 πηρὸν
329 1776 494 1821 ποιῆσαι·
518 1775 716 1827 Χαρικλοῦς
732 1773 770 1813 δὲ
798 1772 964 1825 δεομένης
988 1775 1081 1812 ἀπο-

54 1835 275 1880 καταστῆσαι
292 1832 397 1872 πάλιν
419 1831 480 1878 τὰς
502 1832 638 1887 ὁράσεις
651 1862 661 1881 ,
692 1831 741 1884 μὴ
762 1831 957 1883 δυναμένην
977 1835 1080 1870 τοῦτο

53 1893 223 1941 ποιῆσαι,
256 1890 318 1935 τὰς
349 1890 456 1935 ἀκοὰς
490 1891 750 1946 διακαθάρασαν
786 1897 903 1930 πᾶσαν
934 1890 1080 1944 ὀρνίθων

55 1948 172 2003 φωνὴν
194 1952 343 1997 ποιῆσαι
362 1949 540 2003 συνιέναι,
559 1949 619 1988 καὶ
643 1952 821 2004 σκῆπτρον
845 1951 940 2004 αὐτῷ
963 1948 1082 2003 δωρή-

55 2010 182 2047 σασθαι
200 2008 358 2058 κυάνεον,
379 2007 397 2047 ὃ
416 2007 530 2063 φέρων
546 2008 673 2060 ὁμοίως
697 2014 769 2052 τοῖς
784 2007 971 2059 βλέπουσιν
994 2007 1082 2046 ἐδά-

55 2066 154 2112 διζεν.
192 2062 315 2106 offam
352 2066 419 2121 γὰρ
463 2066 527 2115 τὴν
568 2066 738 2128 Χαρικλὼ
778 2081 862 2119 sqq.
910 2067 1082 2117 Hcynius

56 2125 311 2175 probabiliter
345 2126 525 2173 emendat
551 2140 560 2162 :
594 2129 700 2164 οὖσαν
734 2125 802 2179 γὰρ
834 2127 879 2177 τῇ
910 2125 1084 2178 Χαρικλοῖ

55 2186 231 2239 προσφιλῆ
252 2183 315 2232 τὴν
343 2184 487 2231 Ἀθηνᾶν
512 2184 614 2223 αὐτὸν
639 2183 774 2236 γυμνὴν
798 2185 895 2222 ἰδεῖν.
928 2187 1002 2222 Pro
1025 2183 1082 2222 ἐπὶ

55 2242 171 2281 πάντα
190 2243 438 2282 scribendum
454 2252 564 2294 putat
582 2243 685 2281 idem
709 2242 900 2282 ἐπιστάντα
919 2243 979 2281 vel
1004 2244 1084 2281 ἐπι-

56 2299 181 2351 ὅάντα,
200 2302 305 2354 quod
329 2302 485 2353 quidem
509 2316 588 2340 non
597 2311 667 2364 3est
703 2302 974 2341 necessarium.
993 2300 1086 2345 Τοὺς

55 2360 270 2412 ὀφθαλμοὺς,
284 2362 469 2412 glossema
484 2361 532 2400 ad
546 2375 682 2399 vocem
700 2360 826 2414 πηρόν,
843 2360 1082 2411 ejiciendum.

539 2496 601 2535 48.

99 2558 221 2599 OEdipo
236 2560 342 2592 creon
360 2559 417 2591 dat
438 2567 572 2600 regnum
593 2560 626 2592 et
641 2558 711 2591 Laii
725 2567 859 2591 uxorem
871 2582 881 2598 ‚
897 2558 1000 2600 ipsius
1016 2566 1081 2590 ma-

57 2605 150 2644 trem,
167 2607 337 2645 Iocastam,
352 2614 392 2638 ex
408 2615 472 2647 qua
487 2607 665 2639 nascuntur
679 2606 710 2638 ei
737 2606 891 2638 Phrastor
906 2606 939 2638 et
957 2607 1082 2646 Laony-

58 2652 120 2687 tus,
136 2651 255 2692 quibus
282 2653 420 2685 mortem
440 2653 583 2685 inserunt
608 2653 728 2694 Minyae
755 2655 788 2685 et
809 2651 961 2693 Erginus.
985 2655 1082 2684 Anno

58 2698 262 2739 praeterlapso
270 2699 411 2740 OEdipus
422 2709 556 2732 uxorem
567 2700 658 2733 ducit
669 2700 898 2741 Euryganiam,
912 2699 1082 2745 Periphan-

57 2743 101 2776 tis
114 2744 223 2784 filiam,
235 2754 276 2777 ex
288 2755 352 2787 qua
364 2749 540 2779 nascuntur
553 2747 582 2779 ei
596 2749 721 2779 Iocasta
732 2771 741 2787 ‚
753 2748 926 2788 Antigona,
943 2748 1084 2787 Ismena,

58 2798 156 2831 quam
168 2791 287 2824 occidit
305 2793 434 2833 Tydeus
450 2794 492 2826 ad
510 2793 651 2833 sontem,
674 2794 732 2835 qui
747 2794 788 2826 ab
803 2802 842 2826 ea
861 2802 982 2826 nomen
996 2803 1084 2826 acce·

61 2837 106 2878 pit
120 2840 257 2871 Ismene.
273 2839 372 2871 Filios
388 2849 429 2872 ex
449 2849 486 2873 ea
502 2841 637 2884 suscipit
654 2841 818 2874 Eteoclem
832 2843 865 2874 et
886 2840 1082 2881 Polynicem.

60 2885 168 2921 Quum
175 2893 251 2917 vero
262 2886 446 2927 Eurygania
455 2889 582 2920 mortua
588 2890 683 2929 esset,
698 2897 834 2921 uxorem
841 2887 935 2921 duxit
944 2887 1085 2920 Stheneli

60 2929 157 2963 tiliam
177 2932 439 2973 Astymedusam.

541 2994 604 3027 49.

101 3046 299 3088 Pherecydes
311 3048 390 3081 dicit
401 3049 584 3090 Polynicem
599 3051 632 3083 vi
644 3060 685 3084 ex
699 3052 802 3093 patria
815 3051 986 3093 expulsum
1002 3059 1084 3084 esse.

539 3115 603 3149 50.

102 3165 299 3207 Pherecydes
311 3168 466 3200 Tiresiam
482 3178 501 3201 a
516 3170 645 3204 Pallade
663 3171 841 3204 luminibus
863 3173 1014 3205 orbatum
1043 3180 1087 3204 re-

62 3211 133 3244 fert.
151 3212 314 3253 Siquidem
329 3223 430 3255 quum
444 3216 592 3249 Chariclo
610 3218 766 3251 Minervae
780 3219 947 3252 carissima
977 3222 1062 3252 esset
1077 3242 1086 3258 ‚

61 3258 109 3290 illi
121 3259 242 3291 nudam
256 3269 312 3301 per
324 3261 433 3293 omnia
445 3262 539 3295 deam
551 3264 671 3297 vidisse
684 3265 833 3306 contigit:
844 3265 927 3297 hanc
941 3274 1016 3297 vero
1026 3273 1087 3296 ma-

62 3304 159 3337 nibus
173 3306 241 3337 suis
259 3309 380 3339 tactum
396 3317 577 3342 excaecasse
591 3321 598 3342 :
615 3315 646 3344 at
664 3312 813 3344 Chariclo
845 3312 1007 3345 Palladem
1022 3337 1031 3352 ,
1050 3314 1087 3345 ut

62 3350 128 3388 filio
141 3360 200 3384 suo
215 3353 323 3384 oculos
338 3354 528 3395 restitueret,
544 3366 653 3390 orasse
681 3359 775 3395 Quod
798 3367 901 3398 quum
928 3358 987 3390 dea
1021 3359 1086 3391 esli-

1188 306 1311 344 Schol.
1335 310 1492 346 Homer.
1519 308 1562 346 Il.
1589 309 1645 355 E,
1679 306 1910 347 ιαὸεΦαο-ὶν
1938 309 1973 346 ἐν
1998 310 2049 362 τῷ
2075 311 2158 357 Θη-

1136 362 1250 416 ὃαϊκῷ
1265 364 1411 418 πολέμῳ
1437 364 1556 405 Τυδέα
1582 364 1760 419 τρωθέντα
1792 365 1859 404 ὑπὸ
1890 365 2075 406 Μενίππου
2098 372 2158 407 τοῦ

1137 420 1305 461 Ἀστακοῦ
1325 422 1458 477 σφόδρα
1476 426 1729 476 ἀγανακτῆσαι.
1745 423 1960 478 Ἀμφιάρεων
1981 424 2018 463 δὲ
2037 426 2160 479 φονεύ-

1137 494 1246 518 σαντα
1261 480 1363 519 αὖτὸν
1382 482 1500 520 δοῦναι
1517 482 1579 530 τὴν
1603 482 1757 537 κεφαλὴν
1771 484 1890 523 Τυδεῖ.
1912 483 1983 524 Τὸν
2007 483 2043 522 δὲ
2060 484 2159 532 δίκην

1136 536 1238 590 θηρὸς
1260 538 1502 584 ἀναπτύξαντα
1523 542 1636 595 ῥοφεῖν
1650 540 1708 580 τὸν
1727 540 1931 595 ἐγκέφαλον.
1955 542 2046 582 Κατ’
2065 544 2159 582 ἐκεῖ·

1135 610 1174 634 νο
1200 594 1236 634 δὲ
1270 600 1394 651 καιροῦ
1414 603 1576 651 παρεῖναι
1594 599 1753 647 Ἀθηνᾶν,
1777 600 1967 639 ἀθανασίαν
2002 603 2097 655 αὐτῷ
2126 601 2160 647 ἐξ

1137 654 1284 707 οὐρανοῦ
1303 653 1488 709 φέρουσαν,
1522 656 1581 695 καὶ
1618 656 1675 696 διὰ
1701 658 1741 696 τὸ
1774 657 1881 709 μύσος
1908 659 2160 713 ἀπεστράφθαι.

1136 711 1207 751 Τὸν
1223 711 1259 750 δὲ
1273 713 1500 764 θεασάμενον,
1514 715 1778 768 παρακαλέσαι,
1795 717 1860 755 κᾶν
1874 720 1923 770 τῷ
1937 719 2036 757 παιδὶ
2056 721 2160 758 αὐτοῦ

1136 770 1350 824 χαρίσασθαι
1365 771 1429 819 τὴν
1449 773 1651 812 ἀθανασίαν.
1669 774 1813 829 Ἱστορεῖ
1827 775 2039 831 Φερεκύδης.

1189 834 1264 868 Pro
1299 830 1485 869 Μενίππου
1519 832 1807 872 rescribendum
1843 849 1927 873 cum
1952 837 2162 875 villoisono

1137 888 1291 927 videtur
1309 888 1554 928 Μελανίππου.

1601 949 1647 986 51
1671 963 1704 988 a.

1192 1006 1319 1044 Schol.
1334 1006 1487 1045 Pindar.
1502 1007 1659 1058 Olymp.
1675 1010 1746 1054 IX,
1762 1008 1811 1045 86
1829 1024 1836 1046 τ
1856 1009 1898 1048 'O
1910 1010 2080 1064 Πίνδαρος
2099 1010 2162 1058 τὴν

1139 1063 1402 1118 Πρωτογένειαν
1426 1066 1707 1119 ἀναρπασθεῖσαν
1738 1064 1804 1104 ὑπὸ
1838 1070 1897 1105 τοῦ
1933 1068 2012 1113 Διὸς
2046 1070 2093 1112 εἷς
2125 1069 2164 1108 τὸ

1138 1121 1318 1162 Μαίναλον
1335 1125 1398 1170 τῆς
1412 1123 1593 1177 Ἀρκαδίας
1606 1123 1683 1177 ὄρος
1695 1126 1923 1175 κομισθῆναι,
1937 1125 1999 1173 τὴν
2014 1125 2050 1164 δὲ
2060 1129 2164 1180 Πρω-

1137 1179 1312 1232 τογένειαν
1333 1179 1526 1223 Ὀποῦντος
1542 1183 1603 1218 τοῦ
1621 1180 1768 1220 Ἠλείων
1797 1181 1965 1233 βασιλέως
1993 1183 2076 1235 φησὶ
2103 1187 2164 1222 θυ-

1137 1237 1289 1293 γατέρα,
1313 1237 1428 1277 ἄλλων
1448 1237 1512 1286 τὴν
1532 1239 1797 1293 Πρωτογένειαν
1829 1240 1970 1294 Πύρρας
1995 1241 2054 1279 καὶ
2074 1245 2165 1280 Δευ-

1139 1297 1308 1340 καλίωνος
1325 1295 1509 1349 λεγόντων,
1526 1298 1573 1341 ὡς
1585 1297 1788 1351 Φερεκύδης
1806 1299 1910 1352 φησὶν
1925 1300 1960 1338 ἐν
1976 1301 2026 1351 τῷ
2049 1298 2086 1337 ε’.

1458 1421 1612 1460 LIBER
1640 1420 1849 1462 SEXTUS.

1194 1477 1314 1517 Liber
1332 1487 1480 1527 sextus,
1499 1479 1704 1530 septimus,
1725 1488 1883 1518 octavus
1911 1481 2075 1518 AEolicas
2112 1482 2169 1519 san

1139 1536 1249 1575 b'ulas
1267 1537 1635 1589 complectebantur.
1657 1541 1830 1586 Quarum
1849 1539 1888 1576 in
1917 1539 2170 1578 adornatione

1142 1597 1384 1646 Pherecydes
1416 1597 1469 1634 ita
1498 1604 1775 1635 versatus-esse
1809 1597 1975 1644 videtur,
2002 1606 2044 1635 ut
2071 1597 2170 1636 libro

1142 1664 1251 1693 sexto
1273 1655 1466 1693 Salmonei
1496 1663 1535 1694 et
1555 1656 1712 1694 Crethei
1742 1663 1782 1694 et
1809 1656 2050 1694 Athamantis
2074 1670 2167 1707 pro-

1141 1714 1290 1765 geniem
1304 1722 1612 1764 persequeretur,
1631 1714 1770 1752 deinde
1788 1723 1963 1752 narraret
1979 1719 2170 1766 Argonau-

1143 1780 1269 1810 tarum
1294 1772 1582 1823 expeditionem
1605 1786 1725 1823 usque
1741 1773 1790 1810 ad
1812 1786 1945 1815 eorum
1965 1774 2168 1816 adveutum

1142 1831 1191 1870 ad
1229 1834 1367 1869 AEeten
1400 1844 1541 1882 regem.
1576 1831 1693 1869 Liber
1748 1833 1941 1882 septimus,
1981 1833 2168 1883 reliquam

1143 1890 1401 1941 expeditionis
1433 1899 1583 1942 partem
1613 1890 1857 1938 continebat,
1883 1905 1960 1941 qua
1996 1891 2170 1931 absoluta

1143 1949 1191 1986 de
1207 1949 1343 1986 ceteris
1360 1949 1460 1986 AEoli
1475 1949 1562 1987 filiis
1578 1949 1804 2000 exposuisse
1822 1949 1984 1989 videtur.
2002 1952 2170 1988 Octavus

1143 2007 1310 2058 denique
1332 2006 1430 2045 liber
1446 2008 1543 2046 filias
1562 2008 1663 2046 AEoli
1684 2021 1893 2059 earumque
1910 2009 2169 2060 posteritatem

1144 2066 1436 2105 recensebat.—
1456 2068 1581 2118 Igitur
1605 2067 1694 2106 libri
1716 2069 1812 2106 sexti
1835 2069 2036 2119 dispositio
2056 2069 2171 2110 fuisse

1145 2126 1298 2164 videtur
1319 2126 1400 2163 haec
1418 2140 1426 2163 :
1455 2141 1488 2173 1,
1507 2127 1700 2165 Athamas.
1716 2127 1928 2173 Themisto,
1956 2127 2169 2165 Athaman-

1145 2184 1193 2222 tis
1211 2197 1334 2230 uxor,
1353 2192 1474 2221 mater
1498 2184 1629 2222 Phrixi
1645 2185 1740 2235 (52),
1761 2185 1860 2223 aries
1894 2198 2011 2226 aureo
2031 2185 2171 2222 vellere

1146 2242 1328 2293 praeditus
1351 2242 1449 2293 (53),
1471 2242 1680 2293 Chalciope
1707 2243 1767 2280 vel
1792 2243 1999 2294 Iophossa,
2040 2243 2172 2280 Phrixi

1145 2314 1245 2337 uxor
1268 2299 1363 2352 (54),
1383 2301 1504 2338 Melas
1526 2301 1657 2338 Phrixi
1677 2301 1775 2339 filius
1796 2301 1887 2352 (55).
1904 2323 1951 2330 --
1970 2315 2006 2349 2,
2025 2302 2169 2337 Salmo-

1145 2373 1246 2396 neus.
1260 2361 1376 2408 Tyro,
1386 2359 1522 2407 Pelias,
1541 2360 1702 2411 Neleus(
1708 2361 1769 2405 56,
1783 2360 1859 2410 57).
1873 2382 1923 2389 -
1936 2361 1970 2397 3.
1990 2360 2170 2396 Cretheus.

1144 2500 1216 2524 cere
1231 2500 1297 2523 non
1307 2492 1428 2532 posset,
1437 2491 1622 2532 expurgatis
1630 2491 1715 2524 illius
1724 2491 1870 2530 auribus,
1883 2500 2011 2523 omnem
2025 2490 2170 2522 omnium

1142 2538 1251 2570 avium
1265 2538 1420 2579 garritum
1436 2538 1611 2581 intelligent
1631 2547 1663 2569 m
1680 2538 1809 2577 secisse,
1824 2537 2024 2577 eundemque
2048 2546 2169 2577 cyaneo

1144 2587 1271 2626 sceptro
1302 2584 1503 2617 condonasse
1517 2596 1523 2616 ι
1537 2593 1602 2625 quo
1644 2586 1790 2625 gestans,
1808 2593 1898 2625 aeque
1914 2586 2010 2624 atque
2023 2583 2170 2615 oculatus

1144 2634 1215 2665 tuto
1231 2631 1412 2663 incedebat.

1625 2685 1686 2717 51.

1187 2742 1224 2772 In
1244 2740 1328 2774 bello
1354 2740 1507 2773 Thebano
1537 2740 1666 2781 Tydeus
1680 2763 1689 2779 ,
1714 2748 1732 2770 a
1750 2739 1931 2779 Melanippo
1968 2739 2077 2771 Astaci
2099 2739 2164 2771 filio

1146 2787 1333 2820 vulneratus
1343 2787 1549 2821 vehementer
1559 2787 1742 2827 indignatus
1755 2786 1854 2817 fuisse
1864 2785 1992 2817 dicitur.
2007 2787 2049 2818 Et
2061 2794 2164 2826 quum

1146 2833 1360 2875 Amphiaraus
1380 2833 1597 2873 Melanippum
1613 2832 1834 2870 interfecisset,
1854 2831 1940 2863 hunc
1958 2832 2049 2864 aiunt
2067 2834 2165 2873 caput

1144 2882 1214 2921 eJus
1230 2880 1358 2912 dedisse
1373 2880 1498 2920 Tydeo,
1515 2879 1571 2919 qui
1586 2878 1729 2919 aperiens
1743 2878 1778 2909 id
1790 2877 1821 2908 in
1839 2878 1972 2909 modum
1988 2878 2100 2911 bestiae
2115 2887 2164 2911 ce-

1146 2927 1277 2959 rebrum
1299 2926 1461 2958 ebibisset.
1484 2926 1546 2957 Illo
1567 2934 1645 2956 vero
1663 2927 1806 2965 tempore
1827 2924 2005 2956 Minervam
2017 2925 2162 2965 venisse,

1144 2976 1182 3006 ut
1193 2973 1462 3005 immortalitatea
1472 2974 1554 3003 Jove
1563 2971 1733 3011 impetrata
1748 2979 1821 3002 eum
1831 2971 1976 3009 donaret,
1992 2971 2049 3004 sed
2063 2972 2164 3013 Tydei

1146 3020 1413 3051 inhumanitatem
1439 3019 1619 3050 aversatam
1640 3017 1810 3049 recessisse
1832 3027 1840 3048 ε
1857 3017 1945 3050 hunc
1968 3021 2096 3059 autem,
2114 3019 2170 3051 ubi

1145 3066 1323 3098 Minervam
1340 3064 1575 3105 conspexisset,
1590 3072 1630 3096 ex
1647 3072 1685 3096 ea
1698 3063 1864 3105 petivisse,
1881 3066 1919 3096 ut
1935 3065 2084 3098 Diomedi
2100 3065 2166 3097 filio

1147 3112 1420 3144 immortalitatem
1435 3110 1634 3144 concederet.

1601 3163 1644 3196 51
1679 3169 1713 3196 a.

1189 3219 1347 3251 Pindarus
1363 3219 1585 3260 Protogeniam
1601 3229 1620 3251 a
1633 3221 1716 3252 Jove
1732 3222 1856 3261 raptam
1877 3223 1909 3252 et
1925 3221 1959 3252 in
1981 3222 2166 3260 Maenalum,

1146 3266 1292 3299 Arcadiae
1304 3267 1459 3304 montem,
1472 3268 1733 3308 transportatam,
1746 3267 1896 3308 opuntis,
1910 3268 2061 3300 Eleorum
2072 3268 2166 3308 regis,

1147 3312 1243 3345 filiam
1260 3312 1360 3343 fuisse
1375 3311 1474 3351 dicit3
1491 3312 1544 3344 alii
1558 3322 1634 3345 vero
1650 3314 1874 3354 Protogeniam
1891 3315 2021 3355 Pyrrhae
2036 3317 2068 3347 et
2084 3316 2167 3346 Deu-

1146 3358 1277 3390 calionis
1293 3358 1390 3390 liliam
1404 3359 1516 3398 aiunt,
1535 3362 1569 3391 ut
1587 3360 1786 3401 Pherecydes
1800 3361 1882 3393 libro
1902 3362 2029 3402 quinto.
