2320 3684
809 145 1086 184 HELLANICI
1115 146 1446 186 FRAGMENTA.
2122 117 2171 154 5⁹

72 239 215 288 παιδὸς,
242 236 366 285 δούλης
390 239 452 284 τῆς
488 234 702 289 Ὀμφαλίδος
738 230 940 292 (Ὀμφάλης
983 230 1098 278 Λύδης

74 299 227 337 Salmas.
230 296 293 348 ),‘
274 311 321 339 ως
336 293 588 337 Ἑλλάνικος...
594 290 823 333 ΪΕλλάνικος
847 289 876 328 δ’
896 292 1036 338 εἰπεν,<
1036 291 1099 332 (εἷς

72 355 173 395 πόλιν
198 352 353 424 Ἀκέλην.
379 353 514 405 Ἐχρην
532 349 599 446 γᾶιιρ
611 345 835 446 3Ἀκέλητα”
803 363 903 386 ειναι.

584 415 606 447 0

127 473 260 524 steph.
277 475 368 522 Byz.
385 482 414 507 S.
430 478 465 507 v.
478 466 618 520 Καρία.
634 465 743 519 Καρις
758 463 796 503 δὲ
812 463 949 516 ἐλέγετο
964 467 988 512 ἡ
1006 465 1098 511 Κῶς,

74 533 121 576 ὣς
136 530 354 573 Ἑλλάνικος.

548 582 634 620 104.

129 647 259 699 steph.
279 649 387 695 Byz.:
407 641 513 689 Γέλα,
528 639 629 685 πόλις
647 639 862 685 Σικελίας.
869 636 1104 683 ,Ελλάνικος

75 708 175 760 (eam
193 717 334 743 nomen
349 702 538 753 accepisse
558 700 662 751 dicit)
684 699 753 738 ἀπὸ
770 698 946 765 Γέλωνος,
963 702 1024 737 τοῦ
1040 697 1106 737 Αἴ-

74 780 156 812 τνης
177 754 237 802 καὶ
262 760 432 816 Ὑμάρου.
457 760 565 798 Idem
592 759 710 798 tradit
726 759 833 798 Suid.
850 759 890 796 in
913 759 950 796 h.
965 772 1016 806 v.,
1037 757 1104 796 sed

76 823 218 862 omisso
234 821 389 859 nomine
405 819 604 858 Hellanici.

130 944 264 996 steph.
290 946 380 994 Byz.
399 956 408 979 ε
430 939 642 987 Καὸασσὸς,
664 937 765 982 πόλις
791 939 826 977 ἐν
851 936 1104 991 Καππαδοκίᾳ.

129 998 338 1046 Ἑλλάνικος
348 1000 384 1040 δὲ
395 1030 406 1048 ,
426 1003 488 1048 τῆς
509 999 640 1043 Λυκίας
650 998 751 1037 πόλιν
766 997 968 1037 Καὸασσόν.
979 997 1105 1036 Ἀπίων

78 1062 115 1102 δὲ
135 1060 364 1114 ἀληθέστερον
380 1058 483 1114 φησὶ,
502 1057 626 1109 κώμην
640 1050 728 1096 εἶναι
748 1056 1022 1102 Καππαδοκίας,
1040 1070 1108 1106 με-

77 1120 162 1166 ταξὺ
173 1122 316 1174 Ταρσοῦ
329 1117 391 1157 καὶ
408 1116 598 1162 Μαζάκων.
619 1117 793 1154 Sturzius
811 1124 922 1167 putat
935 1114 1107 1154 Hellani-

79 1193 168 1218 cum
188 1179 385 1229 scripsisse
405 1175 586 1222 Κιλικίας,
606 1189 684 1213 non
701 1174 852 1225 Λυκίας,
870 1174 1108 1225 Stephanum

80 1251 174 1276 vero
197 1237 408 1288 depravato
428 1235 562 1272 codice
591 1247 702 1272 usum
722 1247 815 1272 esse.

548 1293 638 1332 106.

134 1355 267 1406 Steph.
282 1357 370 1405 Byz.
386 1368 395 1391 ε
409 1351 545 1399 Οἷάνθη
559 1381 569 1399 ,
593 1349 694 1394 πόλις
707 1352 868 1404 Λοκρῶν.

81 1429 141 1459 κος
164 1413 201 1452 δὲ
220 1411 408 1452 Οἷάνθειαν
426 1410 532 1457 αὐτήν
558 1424 679 1506 ρᾶιῗιν.

939 1347 1072 1388 Ἑλλάν
1077 1364 1111 1386 ι-

74 1570 79 1575 ,
136 1530 264 1568 Schol.
277 1528 652 1578 Pind.01ymp.V11,
667 1525 760 1563 135:
777 1523 969 1564 Ηλίουκαὶ
987 1522 1112 1563 Ῥόδου

84 1586 192 1642 (οὕτω
207 1587 273 1641 γὰρ
290 1585 397 1633 αὐτὴν
422 1584 629 1628 Ἑλλάνικος
649 1584 763 1635 καλεῖ)
795 1582 885 1622 ἑπτὰ
911 1583 1031 1626 παῖδες
1057 1581 1113 1633 γί-

82 1662 212 1694 νονται,
230 1645 406 1698 Ὄχιμος,
425 1642 609 1698 Κέρκαφος
623 1672 633 1690 ,
648 1642 781 1691 Ἀκτὶς,
794 1640 1002 1695 Μακαρευς,
1018 1641 1114 1680 Κάν-

84 1705 204 1751 δαλος,
235 1702 413 1757 Τριόπης,
441 1701 594 1742 Φαέθων
615 1703 633 1739 ὃ
651 1700 842 1749 νεώτατος,
871 1699 907 1739 ὃν
938 1701 969 1738 οἱ
1004 1701 1038 1737 ἐν
1066 1702 1109 1751 τῇ

84 1762 181 1816 νησῳ
202 1761 411 1813 ὀνομάζουσι
436 1760 620 1812 Τενάγην·
648 1759 729 1813 περὶ
764 1757 801 1797 δὲ
828 1761 897 1797 τῶν
932 1757 1114 1809 ὀνομάτων

86 1823 198 1860 αὐτῶν
228 1822 480 1875 διαφωνοῦσιν·
506 1821 546 1858 οὔ
574 1817 705 1863 πάντες
731 1816 799 1872 γάρ
826 1833 912 1872 φασι
941 1816 1020 1861 τοὺς
1047 1818 1114 1855 αὐ-

84 1895 174 1923 τους.

553 1936 638 1974 108.

137 1996 279 2035 Strabo
301 1999 354 2043 X,
382 2008 420 2046 p.
446 1995 543 2040 456:
563 1993 650 2033 Οὐδ’
669 1992 875 2037 Ἑλλάνικος
901 1992 1116 2047 Ὁμηρικὸς,

85 2054 270 2108 Δουλίχιον
289 2053 352 2101 τὴν
374 2053 620 2107 Κεφαλληνίαν
643 2052 767 2104 λέγων.

87 2162 265 2196 admodum
309 2161 495 2194 Hellanicus
534 2153 683 2194 testatur.
758 2163 880 2193 Verum
902 2160 1087 2192 Hellanicus
1105 2183 1114 2199 ,

89 2223 105 2239 «
117 2209 158 2242 ad
169 2209 282 2242 urbem
296 2209 432 2248 Ἂκέλην,
447 2221 462 2236 »
477 2208 571 2248 dixit,
582 2207 670 2249 quod
684 2209 850 2248 praestaret
860 2207 1006 2243 Ἀκέλητα
1021 2214 1101 2238 esse.

559 2278 574 2310 1
584 2279 606 2311 Ο
613 2278 647 2311 3.

128 2336 222 2370 caris
240 2335 339 2368 etiam
359 2335 581 2377 appellabatur
596 2336 673 2374 cos,
686 2335 734 2368 uti
754 2334 943 2367 Hellanicus
959 2333 1115 2376 perhibet.

547 2406 635 2439 104.

129 2462 234 2507 Gela,
244 2461 323 2494 urbs
339 2461 505 2495 Siciliae...
521 2461 706 2494 Hellanicus
726 2461 808 2502 (eam
824 2471 941 2495 nomen
957 2465 1119 2504 accepisse

88 2509 178 2550 dicit)
195 2518 214 2541 a
226 2509 359 2550 Gelone‚
376 2510 483 2541 AEtnae
500 2510 533 2541 et
550 2508 684 2550 Hymari
695 2507 771 2541 filio.

562 2574 650 2607 105.

130 2630 312 2670 cahassus,
330 2630 407 2662 urbs
423 2630 457 2662 in
472 2631 687 2671 Cappadocia.
759 2631 945 2663 Hellanicus
962 2640 1038 2663 vero
1057 2634 1116 2673 Ly-

90 2676 149 2709 ciae
167 2677 280 2708 urbem
295 2676 475 2710 Cabassum
498 2678 570 2710 esse
583 2677 741 2719 perhibet.
759 2678 877 2711 Verius
892 2681 1000 2710 autem
1022 2679 1118 2711 tradit

89 2724 209 2765 Apion,
233 2732 351 2764 pagum
364 2732 437 2757 esse
451 2725 666 2777 Cappadociae
681 2727 818 2759 Tarsum
833 2726 918 2758 inter
930 2728 962 2758 et
974 2728 1114 2759 Mazaca.

574 2789 590 2822 1

131 2810 296 2917 OElaelintthe,
287 2839 389 2879 ,urbs
406 2841 596 2873 Locrorum.
598 2790 709 2874 οῑῗοιιο
726 2842 911 2875 Hellanicus
927 2843 1116 2876 OEanthiam

92 2894 111 2917 a
195 2894 214 2917 a

111 2894 172 2927 ppe
560 2942 575 2974 1
585 2941 648 2975 07.

133 2994 216 3027 Solis
231 3003 250 3027 e
264 2995 378 3028 Rhodo
399 2996 461 3037 (sic
479 2998 565 3030 enim
584 2998 663 3031 dicit
684 3007 756 3031 eam
777 2998 975 3040 Hellanicus)
993 3002 1115 3040 septem

93 3044 170 3073 sunt
180 3041 254 3073 filii:
274 3042 444 3083 Ochimus,
468 3045 663 3086 Cercaphus,
685 3045 784 3085 Actis,
800 3047 977 3085 Macareus,
993 3047 1116 3079 Canda-

93 3087 143 3120 lus
157 3111 166 3127 ‚
185 3089 317 3130 Triopes
335 3114 345 3130 ,
364 3090 528 3122 Phaethon
540 3115 549 3131 ‚
566 3094 645 3124 natu
664 3092 818 3124 minimus
830 3116 838 3132 ‚
854 3102 951 3133 quem
969 3095 1116 3134 Tenagen

93 3137 208 3166 vocant
236 3136 385 3168 insulani.
423 3138 484 3170 Sed
522 3139 563 3171 de
596 3140 785 3172 nominibus
824 3141 1019 3183 discrepant3
1050 3150 1117 3174 non

90 3189 203 3214 omnes
218 3183 303 3215 enim
324 3184 454 3217 eosdem
476 3185 597 3219 dicunt.

562 3248 647 3282 108.

133 3298 317 3333 Hellanicus
329 3311 459 3343 quoque
477 3305 667 3338 Homericus
682 3315 747 3338 non
763 3309 829 3347 est,
853 3307 1041 3340 Dulichium
1058 3309 1116 3340 Ce-

93 3344 284 3385 phalleniam
305 3349 480 3389 appellans.

1558 234 1771 272 ΚΤΙΣΕΙΣ.

1210 367 1340 417 steph.
1359 370 1448 417 Byz.
1459 383 1465 405 :
1476 366 1696 420 Χαριμάται,
1714 365 1806 410 ἔθνος
1821 365 1907 420 πρὸς
1922 367 1972 418 τῷ
1988 364 2127 419 Πόντῳ.

1156 423 1363 468 Ἑλλάνικος
1390 426 1424 462 ἐν
1445 425 1620 472 Κτήσεσιν
1658 426 1745 478 (leg.
1779 424 1957 476 Κτίσεσιν)
1985 426 2091 463 ἐθνῶν
2119 423 2179 462 καὶ

1157 482 1310 520 πόλεων·
1332 483 1577 536 «Κερκεταίων
1612 483 1640 522 δ’
1666 484 1738 523 ἄνω
1768 485 1900 522 οἰκοῦσι
1928 482 2089 535 Μόσχοι,
2121 482 2180 521 καὶ

1159 540 1377 593 Χαριμάται,
1396 540 1494 579 κάτω
1517 542 1547 579 δ’
1567 542 1743 595 Ἡνίοχοι,
1764 541 1836 581 ἄνω
1854 541 1891 580 δὲ
1911 540 2101 595 Κοραξοί.»

1213 664 1416 701 Athenaeus
1439 667 1499 709 X,
1519 677 1556 714 p
1579 671 1670 715 447,
1697 668 1747 703 C·
1762 664 1970 708 Ελλάνικος
1987 665 2017 702 δ’
2036 665 2071 702 ἑν
2092 662 2181 703 Kri-

1162 737 1250 770 σεσι,
1266 721 1325 759 καὶ
1345 722 1385 759 ἐκ
1409 723 1509 773 ῥιζῶν
1534 737 1618 775 φησι
1635 724 1954 769 κατασκευάζεσθαι
1977 723 2018 762 τὸ
2048 722 2184 776 βρότον,

1162 779 1304 834 γράφων
1322 772 1426 817 ωδε-ι
1426 778 1589 818 (Πίνουσι
1609 778 1644 818 δὲ
1665 780 1818 833 βρύτον’
1803 797 1843 820 εκ
1857 783 1924 821 τῶν
1944 783 2059 834 ῥιζῶν,
2076 780 2186 837 καθά-

1162 853 1228 892 περ
1248 840 1279 876 οῑ
1299 839 1438 891 Θρᾷκες
1461 838 1501 875 ἐκ
1513 839 1581 875 τῶν
1604 840 1771 891 κριθῶν.»

1634 902 1719 939 111.

1216 965 1356 1004 Strabo
1374 967 1428 1011 X,
1448 978 1487 1015 p.
1514 965 1585 1009 451
1603 980 1610 1002 :
1630 964 1700 1003 Καὶ
1724 964 1874 1004 Ὤλενον
1890 965 1926 1004 δὲ
1943 965 2002 1004 καὶ
2021 965 2187 1013 Πυλήνην

1165 1024 1326 1076 ὀνομάζει
1349 1023 1466 1066 πόλεις
1486 1026 1504 1061 ὃ
1525 1022 1672 1070 ποιητὴς
1703 1023 1920 1072 Αἰτωλικὰς,
1955 1019 2003 1063 ῶν
2032 1024 2096 1072 τὴν
2126 1024 2188 1076 μὲν

1165 1082 1315 1123 Ὤλενον
1350 1080 1545 1134 ὁμωνύμως
1575 1084 1618 1134 τῇ
1656 1082 1804 1134 Ἀχαϊκῇ
1839 1082 2028 1134 λεγομένην
2054 1085 2191 1126 Αἰολεῖς

1165 1140 1404 1194 κατέσκαψαν,
1416 1139 1565 1187 πλησίον
1585 1134 1691 1179 οῧσαν
1709 1143 1770 1187 τῆς
1788 1140 1956 1194 νεωτέρας
1976 1143 2189 1196 Πλευρῶνος·

1165 1203 1227 1247 τῆς
1245 1199 1281 1238 δὲ
1298 1198 1417 1270 χώρας
1431 1198 1673 1252 ἠμφισὸήτουν
1695 1199 1911 1252 Ἀκαρνᾶνες·
1931 1198 1995 1246 τὴν
2013 1199 2049 1237 δὲ
2067 1199 2193 1246 Πυλή-

1166 1274 1229 1306 νην
1234 1257 1513 1331 μετενέγκαντες
1533 1259 1578 1300 εἷς
1594 1257 1672 1301 τους
1689 1257 1799 1295 ἀνώτε
1784 1273 1859 1309 ..ρον
1876 1256 2000 1302 τόπους
2012 1288 2022 1306 ,
2036 1256 2189 1304 ἤλλαξαν

1169 1320 1274 1364 αυτῆς
1293 1317 1352 1355 καὶ
1371 1315 1538 1367 τοῦνομα,
1553 1316 1732 1389 Πρόσχιον
1749 1316 1972 1360 καλέσαντες.
1989 1314 2196 1359 Ελλάνικος

1170 1376 1201 1414 δ’
1230 1374 1309 1414 οὐδὲ
1345 1374 1408 1422 τὴν
1438 1374 1520 1447 περὶ2
1537 1373 1666 1419 ταύτας
1684 1374 1840 1428 ἱστορίαν
1860 1368 1941 1423 οἶδε,
1966 1374 2045 1412 ἀλλ’
2070 1376 2116 1418 ὡς
2144 1373 2195 1412 ἔτι

1169 1433 1229 1472 καὶ
1250 1435 1361 1472 αὐτων
1376 1434 1487 1471 οὐσῶν
1505 1448 1540 1471 εν
1559 1436 1603 1486 τῇ
1624 1432 1756 1487 ἀρχαία
1773 1431 1988 1471 καταστάσει
2009 1431 2195 1484 μέμνηται·

1172 1491 1235 1536 τὰς
1268 1491 1297 1530 δ’
1334 1491 1475 1545 ὕστερον
1505 1491 1566 1530 καὶ
1596 1494 1657 1539 τῆς
1682 1493 1751 1530 τῶν
1775 1491 2016 1544 Ἡρακλειδῶν
2052 1489 2198 1529 καθόδου

1170 1550 1365 1594 κτισθείσας
1377 1581 1388 1599 ,
1404 1549 1586 1588 Μακυνίαν
1601 1550 1660 1588 καὶ
1672 1549 1888 1603 Μολυκρίαν,
1899 1550 1934 1587 ἓν
1948 1554 2024 1592 ταῖς
2037 1548 2199 1602 ἀρχαίαις

1170 1609 1367 1661 καταλέγει,
1380 1608 1547 1656 πλείστην
1562 1607 1739 1662 εὐχέρειαν
1753 1607 2031 1659 ἐπιδεικνύμενος
2046 1609 2080 1646 ἓν
2099 1606 2198 1658 πάσῃ

1172 1666 1295 1720 σχεδόν
1315 1683 1349 1704 τι
1371 1669 1414 1719 τῇ
1433 1669 1562 1720 γραφῇ.

1564 1746 1806 1761 β-οὸῧυ-

1414 1797 1539 1835 ΠΕΡΙ
1571 1797 1694 1835 ΧΙΟΥ
1722 1796 1960 1834 ΚΤΙΣΕΩΣ.

1645 1867 1731 1906 112.

1227 1932 1378 1971 Scholia
1398 1931 1575 1970 Ambros.
1592 1931 1639 1970 ad
1659 1935 1770 1970 Hom.
1792 1931 1930 1981 Odyss.
1946 1931 1994 1978 Θ,
2011 1937 2083 1981 294
2098 1946 2106 1969 ε
2120 1930 2202 1970 Σίν-

1173 2007 1241 2035 τιες
1263 1991 1451 2029 ἐκαλοῦντο
1479 1992 1511 2028 οἳ
1539 1989 1706 2042 Λήμνιοι,
1727 1992 1773 2035 ὡς
1793 1989 1999 2033 Ἑλλάνικος
2016 1991 2146 2043 ἱστορεῖ
2165 1990 2200 2028 ἓν

1173 2052 1224 2104 τῷ
1246 2050 1326 2103 περὶ
1346 2048 1434 2090 Χίου
1461 2048 1608 2093 κτίσεως
1625 2048 1683 2087 τὸν
1707 2047 1837 2102 τρόπον
1857 2052 2023 2086 τοιοῦτον.
2050 2048 2117 2087 Ἐκ
2141 2050 2202 2095 τῆς

1179 2160 1247 2198 DE
1285 2159 1526 2199 GENTIUM
1559 2159 1625 2198 ET
1652 2158 1855 2198 URBIUM
1890 2157 2200 2197 ORIGINIBUS.

1219 2264 1431 2301 Charimatae.
1449 2272 1525 2304 gens
1549 2263 1589 2296 ad
1604 2265 1756 2296 Pontum.
1831 2262 2016 2295 Hellanicus
2027 2286 2037 2302 ‚
2051 2262 2091 2294 (le
2104 2262 2202 2302 Origi-

1176 2310 1272 2343 nibus
1288 2310 1433 2352 gentium
1451 2312 1483 2342 et
1494 2310 1642 2342 urbium:
1654 2312 1776 2351 «Supra
1796 2311 1974 2342 Cercelaeos
1989 2310 2098 2341 autem
2116 2308 2203 2340 babi-

1177 2359 1248 2389 tant
1261 2357 1404 2397 Moschi,
1428 2358 1461 2390 et
1476 2357 1688 2397 Charimatae‚
1712 2357 1795 2389 infra
1812 2365 1889 2389 vero
1911 2355 2089 2395 Heniochi,
2106 2364 2202 2396 supra

1176 2406 1285 2436 autem
1301 2404 1428 2438 Coraxi.
1453 2417 1469 2432 η

1217 2498 1403 2531 Hellanicus
1419 2506 1516 2537 vem,
1537 2497 1570 2529 in
1595 2497 1781 2538 Originibus
1792 2520 1801 2536 ‚
1821 2497 1918 2529 etiam
1934 2505 1951 2528 e
1967 2495 2128 2527 radicibus
2146 2503 2199 2535 pa-

1176 2546 1239 2578 rari
1253 2546 1386 2587 brytum
1401 2545 1524 2585 scribit,
1539 2545 1590 2577 his
1604 2545 1710 2577 verbis
1725 2543 1881 2576 :«Bibunt
1896 2545 2002 2574 autem
2017 2542 2144 2581 brytum
2161 2550 2199 2573 ex

1176 2592 1351 2632 radicibus,
1371 2592 1646 2633 quemadmodum
1660 2592 1798 2624 Thraces
1814 2598 1853 2622 ex
1871 2589 2003 2621 hordeo.
2024 2601 2039 2615 n

1217 2686 1357 2718 Olenum
1374 2694 1503 2727 quoque
1526 2687 1559 2718 et
1579 2685 1722 2726 Pylenen
1743 2686 1904 2716 Homerus
1931 2681 2076 2713 nominat
2103 2680 2201 2712 urbes

1174 2733 1352 2773 AEtolicas3
1382 2742 1423 2765 ex
1449 2732 1567 2774 quibus
1591 2732 1729 2764 Olenum
1749 2755 1758 2771 ,
1782 2729 1928 2762 Achaicae
1949 2727 2172 2768 cognominem
2188 2751 2198 2768 ,

1175 2780 1284 2812 AEoles
1299 2779 1478 2819 diruerunt,
1496 2775 2055 2819 1ecentiorip10pinquamP1euroni.
2070 2776 2117 2806 De
2128 2774 2202 2806 loco

1174 2829 1357 2859 Acamanes
1385 2826 1473 2858 litem
1498 2827 1681 2857 moverunt.
1706 2823 1847 2864 Pylenen
1885 2823 1991 2853 autem
2033 2820 2201 2853 transtule-

1175 2873 1272 2905 runt
1263 2882 1297 2904 ιιι
1323 2872 1488 2914 superiora
1503 2872 1585 2910 loca,
1607 2873 1730 2902 mutato
1746 2869 1842 2901 etiam
1857 2867 1988 2899 nomine
2009 2867 2199 2899 Proschium

1175 2919 1338 2951 dixerunt.
1356 2919 1541 2951 Hellanicus
1555 2919 1662 2949 autem
1678 2917 1792 2948 harum
1806 2923 1935 2955 quoque
1954 2913 2121 2945 historiae·
2112 2922 2201 2953 igna-

1175 2975 1242 3005 rus,
1258 2966 1303 2998 ita
1318 2974 1371 2998 eas
1385 2966 1623 3002 commemorat,
1637 2972 1674 2994 ac
1684 2962 1711 2994 si
1730 2962 1762 2993 in
1778 2960 1913 3002 pristino
1926 2962 2012 2992 statu
2025 2962 2201 2992 exstarent,

1176 3014 1266 3045 Idem
1281 3012 1454 3053 postmodo
1466 3014 1498 3043 et
1513 3013 1587 3052 post
1601 3010 1741 3041 reditum
1758 3008 1855 3041 etiam
1872 3007 2114 3040 Heraclidarum
2128 3016 2201 3038 con-

1175 3059 1260 3091 ditas
1278 3058 1461 3098 Macyniam
1486 3060 1518 3089 et
1538 3056 1727 3097 Molycriam
1742 3055 1825 3087 inter
1846 3056 1991 3086 vetustas
2007 3054 2113 3093 refert,
2131 3053 2200 3094 plu-

1175 3105 1293 3137 rimum
1309 3105 1342 3136 in
1361 3105 1430 3137 tota
1445 3103 1510 3136 sere
1531 3103 1706 3144 scriptione
1717 3110 1878 3143 usurpans
1890 3101 2042 3134 levitatis.

1639 3160 1759 3171 *-

1457 3203 1525 3242 DE
1555 3203 1664 3242 CHlI
1693 3202 1920 3241 ORIGINE.

1217 3307 1335 3340 Sinties
1348 3306 1538 3339 dicebantur
1553 3261 1689 3346 Lemnliil,
1696 3261 1748 3339 2de
1762 3306 1882 3348 quibus
1895 3305 2080 3338 Hellanicus
2092 3308 2200 3337 narrat

1176 3355 1209 3387 in
1229 3354 1310 3386 libro
1332 3353 1372 3386 de
1401 3353 1475 3387 Chii
1505 3353 1626 3395 origine
1655 3355 1743 3386 hunc
1760 3353 1794 3386 in
1820 3354 1979 3386 modum:
2001 3355 2049 3386 Ex
2071 3352 2200 3386 Tenedo
