2320 3684
170 175 239 208 120

163 254 319 300 Θόαντος
327 257 370 294 δι’
379 256 491 295 αἰτίαν
507 257 655 304 τήνδε·2
675 258 711 294 αἱ
731 256 889 308 Λήμνιαι
903 257 967 305 τὴν
987 258 1187 313 Ἀφροδίτην

163 315 226 352 οὐκ
253 314 403 365 ἐτίμων·
437 319 459 362 ἡ
490 313 526 353 δὲ
554 317 672 358 αὐταῖς
708 314 878 365 ἐμὸάλλει
907 317 1112 368 δυσοσμίαν,
1129 318 1187 357 καὶ

163 373 219 411 διὰ
236 378 338 413 τοῦτο
356 377 388 412 οἱ
403 374 577 425 γήμαντες
594 373 718 422 αὐτὰς,
738 376 778 412 ἔκ
799 377 862 422 τῆς
876 376 1025 423 πλησίον
1042 377 1189 431 Θρᾴκης

161 432 325 477 λαὸόντες
340 432 620 485 αἰχμαλωτίδας,
636 433 881 479 συνευνάζοντο
895 437 1024 480 αὐταῖς.
1041 436 1188 488 Ἀτιμα-

161 490 302 542 ζόμεναι
319 491 355 529 δὲ
373 494 408 529 αἱ
425 490 583 542 Λήμνιαι
602 490 681 535 τούς
708 507 747 530 τε
773 492 927 547 πατέρας
946 495 1005 533 καὶ
1025 495 1104 539 τοὺς
1122 495 1187 534 ἄν-

161 550 243 602 δρας
259 548 460 602 φονεύουσι·
480 549 568 600 μόνη
587 548 623 587 δὲ
639 548 769 589 ἔσωσεν
784 550 964 605 Ὑψιπύλη
984 552 1042 591 τὸν
1063 555 1188 601 ἑαυτῆς

159 606 294 660 πατέρα
314 606 477 661 κρύψασα
498 608 653 648 Θόαντα.
674 610 922 664 Προσσχόντες
941 606 1003 651 οῧν
1022 611 1101 651 τότε
1119 628 1186 664 γυ-

158 665 479 718 ναικοκρατουμένῃ
496 670 540 719 τῇ
556 667 710 721 Λήμνῳ,
728 668 912 721 μίσγονται
927 676 1004 714 ταῖς
1019 671 1185 722 γυναιξίν·

158 722 337 776 Ὑψιπύλη
353 723 390 762 δὲ
410 724 542 764 Ἰάσονι
560 726 823 777 συνευνάζεται,
839 727 899 767 καὶ
916 735 1021 783 γεννᾷ
1037 730 1162 774 παῖδας
1174 760 1184 779 ,

158 780 297 829 Εὔνηον
318 782 378 820 καὶ
397 782 631 837 Νεὸροφόνον.

209 840 291 893 (18)
311 841 394 881 Ἀπὸ
411 841 557 893 Λήμνου
572 842 608 881 δὲ
624 844 856 897 προσίσχουσι
872 839 1063 893 Δολίοσι,
1037 862 1084 884 ων
1105 846 1185 885 36«-

156 898 271 937 σίλευε
286 898 448 944 Κύζικος.
466 894 580 945 Οὗτος
602 901 726 946 αὐτους
745 901 932 948 ὑπεδέξατο
958 903 1182 958 φιλοφρόνως.

155 958 290 1002 Νυκτὸς
310 958 518 1011 ἀναχθέντες
537 961 704 1010 ἐντεῦθεν,
730 961 790 1000 καὶ
816 961 1059 1015 περιπεσόντες
1084 965 1184 1002 ἀντι-

152 1017 289 1061 πνοίαις
299 1048 309 1066 ,
327 1019 529 1068 ἀγνοοῦντες
547 1018 654 1057 πάλιν
671 1025 743 1063 τοῖς
760 1019 903 1058 Δολίοσι
918 1020 1181 1074 προσίσχουσιν.

151 1077 197 1114 Oi.
217 1075 254 1114 δὲ
274 1075 471 1127 νομίζοντες
503 1078 726 1129 Πελασγικὸν
754 1071 842 1117 εἰναι
869 1079 1015 1132 στρατὸν
1044 1078 1181 1132 (ἔτυχον

151 1132 249 1187 γὰρ
236 1134 303 1172 υπὸ
326 1136 522 1186 Πελασγων
543 1138 697 1188 συνεχῶς
726 1136 1026 1188 πολεμούμενοι),
1061 1137 1180 1190 μάχην

151 1195 213 1238 τῆς
228 1192 350 1237 νυκτὸς
367 1193 602 1232 συνάπτουσιν
621 1197 824 1245 ἀγνοοῦντες
846 1194 931 1248 πρὸς
960 1197 1180 1270 ἀγνοοῦντας.

150 1252 167 1275 ²
187 1251 395 1297 Κτείναντες
415 1252 451 1291 δὲ
458 1252 618 1296 πολλους
644 1256 675 1291 οἳ
694 1253 937 1307 Ἀργοναῦται,
959 1253 1034 1304 μεθ’
1050 1257 1098 1292 ὣν
1121 1253 1180 1292 καὶ

150 1305 313 1359 Κύζικον,
335 1310 410 1361 μεθ’
428 1310 614 1364 ἡμέραν,ε
596 1326 643 1354 ως
658 1310 829 1363 ἔγνωσαν,
850 1309 1104 1365 ἀποδυρόμενοι
1120 1311 1182 1355 τάς

147 1382 185 1404 τε
205 1366 316 1418 κόμας
334 1367 533 1422 ἐκείραντο,
552 1369 611 1407 καὶ
637 1385 696 1407 τον
713 1368 861 1413 Κύζικον
878 1370 1081 1412 πολυτελως
1100 1367 1181 1407 ἔθα-

147 1426 227 1475 ψαν.
251 1426 322 1464 Καὶ
343 1425 432 1477 μετὰ
450 1426 514 1473 τὴν
535 1425 651 1479 ταφὴν
675 1425 908 1474 πλεύσαντες,
927 1425 1048 1479 Μυσίᾳ
1065 1441 1179 1480 προσ-

148 1482 320 1536 ίσχουσιν.

201 1544 234 1592 (1
242 1542 281 1592 9)
296 1542 472 1581 Ἐνταῦθα
488 1542 668 1597 Ἡρακλέα
680 1543 739 1582 καὶ
749 1541 966 1597 Πολύφημον
978 1543 1178 1583 κατέλιπον.

145 1601 161 1625 2
180 1599 294 1645 “’Υλας
309 1601 413 1655 γὰρ,ὀ
424 1602 687 1653 Θειοδάμαντος
701 1600 1024 1655 παῖς,Ἤρακλέους
1040 1601 1076 1641 δὲ
1093 1601 1180 1656 ἐρώ-

146 1675 247 1710 μενος
257 1691 270 1712 ,β
309 1661 520 1705 ἀποσταλεὶς
555 1660 786 1715 ὑδρεύσασθαι
802 1692 812 1709 ,
849 1660 906 1698 διὰ
948 1661 1076 1705 κάλλος
1111 1661 1178 1700 ὑπὸ

144 1720 303 1772 Νυμφῶν
319 1719 476 1773 ἡρπάγη.
495 1721 511 1746 3
532 1718 749 1773 Πολύφημος
757 1718 793 1757 δὲ
802 1716 952 1762 ἀκούσας
972 1722 1077 1758 αὐτοῦ
1095 1719 1178 1772 βοή-

144 1792 284 1826 σαντος,
305 1778 530 1829 σπασάμενος
558 1778 598 1816 τὸ
625 1777 738 1831 ξίφος,
765 1777 920 1827 ἐδίωξεν,
946 1778 1014 1817 ὑπὸ
1036 1779 1176 1831 λῃστῶν

143 1834 287 1885 ἄγεσθαι
318 1837 468 1887 νομίζων
481 1867 491 1885 ,
528 1836 588 1874 καὶ
621 1837 721 1883 δηλοῖ
753 1837 960 1890 συντυχόντι
994 1836 1173 1890 εΗρακλεῖ.

141 1893 157 1917 4
178 1893 384 1940 Ζητούντων
404 1893 440 1932 δὲ
451 1893 657 1947 ἀμφοτέρων
677 1893 735 1932 τὸν
751 1893 881 1943 υΥλαν,
893 1899 915 1943 ἦ
933 1899 1016 1938 ναῦς
1031 1894 1173 1946 ἀνέχθη.

142 1952 215 1990 Καὶ
242 1952 460 2006 Πολύφημος
488 1952 551 2004 μὲν
579 1955 615 1991 ἐν
634 1952 756 2004 Μυσίᾳ
784 1952 906 1997 κτίσας
934 1954 1050 2001 πόλιν,
1084 1954 1174 1992 Κίου

140 2009 383 2059 ἐὸασίλευσεν,
412 2010 592 2064 εΗρακλῆς
627 2009 664 2048 δὲ
704 2008 917 2063 ὑπέστρεψεν
956 2013 1002 2055 εἷς
1038 2010 1172 2064 Ἄργος.

141 2069 157 2093 ⁵
175 2068 371 2123 εΗρόδωρος
390 2068 426 2107 δὲ
444 2069 547 2107 αὐτὸν
559 2068 637 2108 οὐδὲ
646 2068 709 2116 τὴν
723 2067 836 2121 ἀρχήν
849 2085 934 2123 φησι
946 2071 1095 2108 πλεῦσαι
1111 2069 1174 2108 τό·

138 2144 188 2176 τε,
201 2127 292 2166 ἀλλὰ
304 2128 386 2181 παρ’
397 2127 562 2182 Ὀμφάλῃ
581 2126 764 2167 δουλεύειν.
776 2131 792 2155 ⁰
813 2127 1016 2181 Φερεκύδης
1025 2127 1060 2165 δὲ
1069 2128 1172 2166 αὐτὸν

138 2187 174 2224 ἓν
202 2184 359 2239 Ἀφέταις
377 2188 440 2232 τῆς
459 2185 663 2229 Θεσσαλίας
697 2188 948 2241 ἀπολειφθῆναι
976 2185 1089 2237 λέγει,
1111 2188 1173 2233 τῆς

138 2244 283 2297 Ἀργοῦς
308 2243 545 2297 φθεγξαμένης
561 2274 570 2292 ,
590 2243 639 2295 μὴ
663 2243 830 2283 δύνασθαι
855 2244 967 2299 φέρειν
993 2244 1032 2282 τὸ
1049 2244 1171 2282 τούτου

138 2302 252 2355 βάρος.
272 2304 288 2328 7
308 2302 518 2354 Δημάρατος
537 2301 572 2339 δὲ
590 2302 691 2340 αὐτὸν
710 2305 756 2346 εἰς
774 2302 934 2355 Κόλχους
952 2300 1171 2340 πεπλευκότα

135 2360 329 2413 παρέδωκε.
349 2359 528 2404 Διονύσιος
546 2360 608 2411 μὲν
626 2361 693 2414 γὰρ
712 2361 815 2400 αὐτὸν
833 2361 893 2400 καὶ
911 2359 1067 2412 ἡγεμόνα
1085 2361 1169 2413 φησὶ

135 2435 204 2457 των
225 2419 462 2473 Ἀργοναυτῶν
479 2418 654 2470 γενεσθαι.

188 2478 269 2530 (20)
284 2477 368 2517 Ἀπὸ
379 2477 415 2516 δὲ
425 2477 563 2521 Μυσίας
574 2479 729 2525 ἀπῆλθον
744 2480 791 2521 εἷς
805 2477 868 2525 τὴν
884 2475 1073 2530 Βεὸρύκων
1088 2492 1167 2528 γην,

134 2540 176 2582 ἧς
193 2536 415 2575 ἐὸασίλευσεν
435 2535 589 2610 Ἄμυκος
605 2537 830 2580 Ποσειδωνος
848 2542 930 2579 παῖς
949 2535 1008 2573 καὶ
1028 2535 1168 2574 Βιθυνί-

135 2596 200 2639 δος.
220 2598 248 2635 Γ
250 2611 380 2639 ενναιος
411 2594 496 2634 δὲ
474 2611 522 2633 ων
542 2599 661 2643 οὗτος,
684 2594 763 2638 τους
790 2593 1031 2648 προσσχόντας
1054 2592 1169 2637 ξένους

133 2654 309 2706 ἠνάγκαζε
329 2653 524 2701 πυκτεύειν,
548 2653 608 2692 καὶ
634 2657 755 2692 τοῦτον
786 2653 845 2692 τὸν
875 2651 1003 2707 τρόπον
1034 2651 1165 2705 ἀνῄρει.

135 2714 424 2767 Παραγενόμενος
443 2708 501 2752 οῧν
519 2712 579 2751 καὶ
598 2711 677 2751 τότε
693 2713 750 2751 ἐπὶ
766 2712 829 2760 τὴν
852 2710 964 2765 Ἀργὼ
976 2741 986 2759 ,
1004 2710 1062 2748 τὸν
1084 2710 1162 2763 ἄρι-

134 2788 213 2811 στον
229 2774 342 2811 αὐτῶν
360 2775 407 2816 εἷς
421 2771 563 2823 πυγμὴν
581 2773 823 2825 προύκαλεῖτο·
845 2771 862 2795 ²
883 2767 1108 2815 Πολυδεύκης
1128 2768 1164 2806 δὲ

134 2830 372 2883 ὑποσχόμενος
391 2830 595 2870 πυκτεύσειν
610 2829 694 2883 πρὸς
712 2829 829 2878 αὐτὸν,
843 2827 978 2875 πλήξας
997 2826 1088 2864 κατὰ
1103 2827 1161 2866 τὸν

133 2889 264 2941 αὐχένα
291 2889 484 2928 ἀπέκτεινε.
514 2891 596 2928 Τῶν
631 2887 667 2926 δὲ
702 2887 889 2942 Βεὸρύκων
927 2884 1160 2940 ὁρμησάντων

132 2947 215 2999 πρὸς
233 2948 350 2996 αὐτὸν,
371 2947 590 3001 ἁρπάσαντες
605 2949 636 2985 οἳ
655 2949 804 3000 ἀριστεῖς
819 2945 865 2984 τὰ
879 2943 972 2983 ὅπλα
985 2974 995 2992 ,
1013 2941 1162 2986 πολλοὺς

133 3004 318 3056 φεύγοντας
337 3006 535 3060 φονεύουσιν
554 3007 680 3044 αὐτων.

187 3065 222 3114 (2
234 3065 265 3114 ι)
285 3065 327 3103 'E
329 3068 464 3102 ντεῦθεν
502 3063 633 3116 ἀναχέθ
635 3080 728 3112 ντες,
763 3077 980 3101 καταντωσιν
1016 3061 1062 3104 εἷς
1094 3059 1158 3106 τὴν

133 3121 278 3174 Θράκης
305 3122 573 3173 Σαλμυδησσόν.
596 3122 708 3161 Ἔνθα
742 3121 825 3175 ᾤκει
854 3118 984 3164 Φινευς
1017 3118 1157 3169 μάντις,

131 3179 192 3223 τὰς
208 3180 270 3232 όψε
276 3197 302 3223 ις
321 3197 363 3218 πε
349 3197 583 3234 επηρωαενος.
594 3182 611 3206 2
631 3184 763 3220 Ιοῦτον
779 3178 882 3231 οἱμὲν
902 3178 960 3217 τὸν
976 3177 1158 3229 Ἀγήνορος

133 3250 220 3276 ειναι
237 3237 410 3309 λέγουσιν,
429 3255 459 3276 οι
478 3239 513 3277 δε
532 3241 748 3281 Ποσειδωνος
766 3238 849 3276 υιόν.
866 3236 936 3276 Και
951 3238 1158 3288 πηρωθῆναι

132 3297 235 3350 φασὶν
255 3297 371 3344 αὐτὸν,
395 3299 426 3334 οι
447 3297 490 3348 αὲ
493 3314 509 3334 ν
538 3298 604 3336 ὑπὸ
633 3299 765 3346 Oe‹·3v,‘
753 3296 804 3335 ότι

132 3354 280 3410 θρώποις
311 3355 353 3393 τὰ
381 3355 571 3406 μέλλοντα,
603 3359 632 3394 οἱ
668 3355 721 3403 δὲ,
753 3355 819 3393 υπὸ
849 3353 978 3407 Βορέου
998 3369 1056 3391 και
1084 3366 1153 3389 των

780 170 1160 212 ΑΠΟΛΛΟΔΩΡΟΥ
1187 174 1530 216 ΒΙΒΛΙΟΘΗΚΗΣ
1557 179 1603 224 Α,
1620 179 1660 219 θ’.

1248 269 1341 303 lieres
1364 274 1519 306 Venerem
1542 283 1607 307 non
1629 276 1839 310 honorabant.
1865 279 1943 310 Haec
1960 279 2069 312 autem
2089 284 2270 322 graveolen-

1247 327 1324 360 tiam
1339 328 1400 362 illis
1415 330 1544 374 injecit3
1563 342 1662 374 quare
1678 334 1739 366 viri
1752 343 1826 367 eum
1844 336 1994 377 captivis,
2010 346 2091 379 quas
2103 348 2122 372 e
2134 341 2269 375 Thracia

1245 387 1369 420 Lemno
1382 390 1530 429 proxima
1546 390 1768 432 abduxerant,
1787 393 1975 427 mulieribus
1994 398 2266 433 concumbebant.

1246 443 1330 475 Tum
1347 445 1501 486 Lemniae,
1521 447 1609 487 quod
1624 457 1642 479 a
1658 449 1847 490 conjugibus
1863 454 2099 492 spernerentur,
2115 457 2148 486 et
2159 457 2268 496 patres

1245 501 1278 531 et
1298 501 1432 534 maritos
1456 502 1661 544 jugularunt;
1692 514 1755 537 una
1781 508 1887 538 tamen
1915 508 2061 540 omnium
2091 511 2268 554 Hypsipyle

1246 558 1425 592 Thoantem
1441 563 1565 601 patrem
1578 562 1807 596 absconditum
1821 568 1973 598 servavit.
1991 567 2064 599 Ja'm
2080 577 2156 600 vero
2171 573 2268 612 Argo·

1245 617 1354 648 nautae
1369 616 1403 648 in
1418 619 1596 659 Lemnum,
1619 628 1694 660 quae
1720 623 1789 652 tum
1816 630 1835 653 a
1858 623 2048 656 mulieribus
2074 625 2240 659 tenebatur
2254 651 2266 668 ,

1245 674 1372 715 appulsi
1393 683 1469 707 cum
1488 676 1551 709 illis
1573 687 1641 710 rem
1662 678 1858 712 habuerunt.
1894 683 1941 713 Ac
1962 683 2139 725 Hypsipyle
2157 685 2198 718 ab
2213 688 2265 719 la-

1245 740 1324 764 sone
1341 741 1525 775 compressa
1541 737 1687 769 Euneum
1703 738 1826 778 peperit
1839 740 1871 771 et
1885 739 2148 781 Nebrophonum.

1286 846 1353 888 (18)
1368 850 1395 880 A
1409 850 1532 881 Lemno
1547 849 1662 882 deinde
1676 851 1718 883 ad
1732 851 1894 892 Doliones‚
1908 853 2027 894 quibus
2040 857 2118 888 tunc
2129 858 2268 898 Cyzicus

1242 905 1446 946 imperabat,
1473 910 1699 948 pervenerunt.
1726 910 1786 941 Hic
1803 919 1859 942 eos
1883 910 2112 953 benignissime
2127 915 2264 957 excepit.

1242 964 1342 996 Nocte
1355 963 1443 996 illinc
1466 966 1588 1006 avecti,
1604 966 1786 1000 reflantium
1808 970 1979 1012 ventorum
2001 971 2143 1014 impetu,
2163 974 2265 1007 nescii

1245 1030 1358 1054 rursus
1374 1022 1415 1054 ad
1428 1023 1580 1056 Doliones
1593 1025 1798 1066 appulerunt.
1815 1027 1857 1059 Hi
1874 1036 1952 1060 vero
1970 1029 2179 1071 Pelasgorum
2209 1033 2265 1065 ho-

1242 1078 1341 1110 stium
1357 1079 1466 1120 copias
1486 1080 1599 1113 adesse
1622 1083 1773 1122 putantes
1790 1083 2003 1124 (continenter
2017 1087 2103 1119 enim
2119 1097 2194 1121 cum
2214 1090 2267 1123 his

1241 1135 1361 1168 bellurn
1368 1137 1546 1178 gerebant),
1558 1147 1698 1180 pugnam
1709 1149 1765 1181 per
1777 1145 1904 1174 noctem
1917 1148 2091 1178 conserunt
2100 1146 2201 1188 ignari
2214 1148 2266 1180 ad-

1240 1203 1355 1228 versus
1370 1196 1509 1236 ignaros.
1527 1201 1542 1220 2
1561 1197 1664 1230 Caesis
1687 1198 1796 1239 itaque
1813 1200 1987 1234 Dolionum
1999 1205 2166 1243 permultis
2179 1206 2267 1240 inter

1240 1263 1362 1295 eosque
1377 1254 1475 1286 etiam
1497 1256 1618 1296 cyzico
1637 1264 1720 1297 rege,
1738 1259 1932 1298 Argonautae
1947 1260 2002 1293 ubi
2016 1270 2073 1303 per
2087 1263 2173 1296 diem
2196 1274 2264 1298 rem

1240 1315 1476 1353 cognoverunt,
1502 1313 1614 1345 multis
1642 1322 1717 1344 cum
1750 1314 1892 1348 lacrimis
1913 1325 1952 1349 ac
1978 1318 2114 1352 detonso
2147 1322 2264 1363 capillo

1241 1369 1394 1410 Cyzicum
1402 1370 1570 1411 magnifice
1577 1371 1803 1412 sepeliverunt.
1819 1374 1891 1411 Quo
1898 1374 1985 1408 racto
1996 1375 2031 1408 in
2042 1385 2142 1410 naves
2154 1387 2262 1413 ascen-

1239 1426 1366 1468 derunt,
1378 1427 1641 1469 deveneruntque
1652 1428 1685 1460 iu
1701 1429 1850 1470 Mysiam.

1279 1543 1345 1585 (19)
1368 1543 1428 1576 Hic
1443 1545 1613 1578 Herculem
1633 1549 1665 1578 et
1681 1546 1913 1588 Polyphemum
1931 1547 2138 1590 reliquerunt.
2155 1554 2170 1574 Ξ
2181 1553 2262 1584 Nam

1237 1601 1349 1643 Hylas,
1367 1603 1609 1636 Thiodamantis
1623 1604 1710 1637 filius
1727 1607 1759 1638 et
1771 1605 1918 1638 Herculis
1931 1607 2090 1651 amasius,
2107 1612 2262 1651 aquatum

1237 1661 1371 1701 missus,
1387 1661 1430 1693 ob
1459 1662 1572 1695 formae
1587 1664 1806 1703 praestantiam
1832 1673 1852 1696 a
1879 1666 2037 1706 Nymphis
2061 1669 2171 1708 raptus
2201 1671 2261 1702 est.

1237 1723 1251 1742 ³
1266 1721 1370 1757 Quem
1391 1729 1493 1761 quum
1507 1721 1698 1753 clamantem
1720 1721 1876 1754 audiisset
1895 1723 2122 1765 Polyphemus,
2139 1727 2263 1759 nudato

1236 1787 1312 1811 ense
1327 1781 1513 1820 persecutus
1530 1781 1591 1819 est,
1606 1788 1625 1811 a
1640 1779 1818 1812 latronibus
1844 1789 1919 1812 eum
1935 1781 2052 1814 abduci
2062 1786 2181 1824 putans
2191 1808 2202 1825 ,
2217 1788 2262 1818 at-

1235 1848 1298 1880 que
1308 1848 1376 1872 rem
1385 1840 1516 1871 Herculi
1527 1840 1656 1872 obviam
1670 1839 1754 1872 iacto
1766 1840 1930 1873 indicavit.
1946 1846 1960 1866 ⁴
1967 1844 2090 1875 Interea
2098 1852 2174 1876 vero
2181 1845 2260 1878 dum

1235 1898 1342 1939 Hylan
1358 1901 1493 1940 uterque
1509 1899 1710 1940 perquirunt,
1728 1900 1820 1932 navis
1838 1899 1870 1931 in
1888 1900 1989 1933 altum
2009 1901 2108 1935 ducta
2128 1902 2201 1936 suit.
2218 1907 2261 1938 Et
2303 1921 2305 1923 ·

1234 1958 1451 1999 Polyphemus
1464 1957 1606 1998 quidem,
1621 1957 1751 1990 condita
1761 1957 1792 1988 in
1807 1958 1911 1998 Mysia
1924 1958 2004 1991 urbe
2020 1960 2091 2000 Cio,
2108 1962 2198 2002 regni
2211 1971 2261 1996 se-

1234 2016 1309 2048 dem
1337 2016 1403 2047 illic
1430 2015 1598 2048 collocavit
1613 2025 1621 2046 z
1635 2024 1750 2048 verum
1782 2016 1936 2049 Hercules
1960 2020 2062 2058 Argos
2092 2020 2259 2054 remeavit.

1235 2075 1348 2106 ¹⁵Hunc
1363 2074 1548 2106 Herodorus
1561 2074 1694 2106 omnino
1706 2083 1772 2106 non
1784 2083 1860 2106 cum
1872 2075 2064 2116 Argonautis
2077 2077 2258 2120 navigasse,

1232 2134 1289 2166 sed
1307 2133 1394 2174 apud
1407 2133 1585 2174 Omphalen
1601 2133 1790 2165 servitutem
1799 2133 1949 2166 serviisse
1963 2134 2112 2168 affirmat.
2126 2138 2259 2172 ‘Phere

1232 2192 1330 2233 eydes
1345 2193 1455 2224 autem
1475 2191 1567 2224 illum
1585 2192 1619 2223 in
1643 2191 1789 2233 AphetiS,
1805 2192 1978 2224 Thessaliae
2002 2193 2093 2234 urbe,
2109 2195 2257 2231 relictum
2275 2223 2279 2228 ,

1232 2261 1304 2286 esse
1317 2252 1424 2292 refert,
1444 2254 1613 2294 propterea
1627 2252 1716 2293 quod
1731 2255 1816 2293 Argo
1836 2253 1935 2293 hujus
1954 2253 2060 2286 herois
2077 2256 2206 2296 pondus
2221 2266 2259 2293 se

1229 2313 1368 2354 perferre
1380 2321 1446 2345 non
1467 2321 1563 2354 posse
1584 2311 1761 2345 dictitabat.
1774 2316 1787 2335 ⁷
1797 2315 1919 2346 verum
1931 2314 2121 2347 Demaratus
2133 2323 2208 2347 eum
2222 2314 2257 2348 in

1229 2371 1368 2404 Colchos
1384 2379 1487 2412 usque
1502 2371 1821 2411 navigassetradidit.
1834 2371 1940 2409 Quid?
1952 2371 2127 2413 Dionysius
2136 2373 2256 2414 (Scyto-
2312 2379 2315 2381 ’

1230 2429 1406 2468 brachion)
1421 2429 1529 2471 ipsum
1541 2429 1638 2461 etiam
1647 2429 1764 2462 ducem
1774 2431 2034 2470 Argonautarum
2048 2430 2148 2463 fuisse
2159 2431 2250 2464 dicit.

1271 2487 1337 2527 (20)
1360 2487 1441 2519 Inde
1461 2496 1481 2518 a
1495 2486 1598 2527 Mysia
1619 2488 1775 2519 venerunt
1796 2486 1830 2518 in
1848 2485 2028 2526 Bebrycum
2051 2489 2179 2528 terram,
2199 2488 2254 2520 ubi

1227 2546 1382 2584 Amycus,
1395 2545 1535 2585 Neptuni
1549 2553 1590 2576 ex
1607 2544 1783 2584 Bithynide
1802 2545 1945 2585 nympha
1963 2544 2049 2576 filius
2061 2567 2070 2584 ‚
2087 2546 2252 2587 regnabat.

1225 2605 1275 2642 Is,
1305 2611 1407 2643 quum
1442 2602 1631 2634 fortitudine
1665 2602 1815 2643 polleret,
1849 2602 1905 2643 qui
1939 2602 1974 2634 in
2003 2611 2137 2643 regnum
2155 2612 2252 2637 suum

1224 2660 1389 2700 venirent,
1408 2669 1518 2692 secum
1530 2660 1672 2692 cestibus
1685 2661 1877 2693 contendere
1893 2660 2037 2701 cogebat,
2072 2663 2171 2702 atque
2207 2662 2253 2695 ita
2296 2683 2298 2686 >

1223 2718 1445 2751 interficiebat.
1465 2718 1564 2758 Igitur
1581 2721 1650 2750 tum
1666 2728 1795 2759 quoque
1812 2719 1852 2750 ad
1869 2722 1952 2759 Argo
1986 2728 2101 2752 navem
2119 2721 2252 2754 veniens
2290 2728 2302 2758 ζ

1222 2778 1526 2818 praestantissimum
1542 2777 1582 2808 ad
1599 2778 1758 2818 pugilatus
1786 2780 1947 2810 certamen
1963 2778 2161 2818 provocavit.
2180 2781 2253 2826 We·
2291 2799 2305 2804 v-

1221 2846 1293 2868 rum
1315 2836 1430 2868 Pollux
1450 2844 1525 2867 cum
1540 2844 1578 2868 eo
1607 2844 1641 2867 se
1667 2838 1884 2876 pugnaturum
1906 2845 1976 2868 esse
1993 2836 2154 2877 pollicitus
2181 2839 2250 2878 per-
2293 2874 2298 2879 ι

1220 2904 1314 2927 cussa
1331 2895 1400 2935 ejus
1417 2894 1540 2926 cervice
1559 2894 1721 2925 hominem
1737 2894 1906 2926 interfecit.
1923 2895 2059 2934 Deinde,
2073 2904 2176 2935 quum
2195 2896 2249 2930 Be-
2295 2887 2299 2891 ’

1219 2953 1332 2993 bryces
1353 2953 1386 2984 in
1405 2952 1568 2984 Pollucem
1578 2952 1733 2992 impetum
1750 2952 1902 2993 facerent,
1916 2953 1976 2984 viri
1988 2953 2153 2985 fortissimi
2164 2963 2250 2987 sum.

1218 3012 1260 3044 tis
1276 3011 1374 3043 armis
1391 3011 1559 3051 plerosque
1574 3019 1686 3042 eorum
1705 3010 1738 3040 in
1755 3010 1865 3050 sugam
1885 3012 1974 3042 actos
2000 3010 2248 3044 obtruncarunt.
2292 3019 2297 3026 '¹

1259 3070 1325 3111 (21)
1335 3069 1412 3102 Inde
1422 3069 1522 3117 avecti
1534 3069 1667 3101 veniunt
1679 3068 1919 3109 Salmydessum
1934 3077 2006 3109 quae
2014 3069 2158 3101 Thraciae
2172 3069 2248 3102 urbs
2286 3106 2289 3107 ⁷

1216 3145 1276 3182 est,
1299 3142 1356 3174 ubi
1373 3141 1536 3174 habitabat
1551 3141 1694 3173 Phineus
1711 3142 1801 3172 vates
1825 3139 1993 3171 oculorum
2018 3139 2090 3171 luce
2101 3140 2244 3173 orbatus.
2280 3182 2284 3194 -‚

1214 3215 1385 3248 2Huncalii
1400 3214 1550 3255 Agenoris
1566 3214 1668 3245 filium
1681 3213 1799 3252 ferunt,
1808 3212 2024 3252 aliiNeptuni;
2040 3220 2180 3253 eumque
2193 3221 2244 3244 ex·
2279 3210 2305 3235 Υ

823 3295 992 3350 προῦλεγε
1011 3299 1080 3337 τοῖς
1097 3294 1158 3330 ἀν-
1213 3290 1368 3320 caecatum
1377 3287 1474 3319 fuisse
1488 3287 1629 3328 produnt
1643 3285 1727 3317 aliia
1740 3285 1813 3325 diis,
1827 3284 1915 3325 quod
1929 3284 2038 3316 sutura
2056 3282 2244 3316 mortalibus

1183 3359 1411 3401 praediceret,
1421 3358 1473 3390 alii
1484 3367 1502 3390 a
1509 3359 1609 3390 Borea
1622 3358 1654 3390 ct
1664 3355 1867 3396 Argonautis,
1881 3354 1967 3395 quod
1977 3363 1994 3385 a
2002 3360 2140 3386 noverca
2155 3350 2245 3387 indu

2318 2955 2320 2995 ἒ
