2320 3684
745 154 1045 195 PHYLARCHI
1080 153 1414 194 FRAGMENTA.

17 264 103 289 ποτε
118 249 256 287 πλεῖον
277 245 335 285 ὅτε
355 244 391 284 83
420 243 471 296 μὴ
488 243 616 297 παρείη
642 240 832 295 πρεσὸεία,
853 240 1051 314 τρίκλινον·

2065 161 2138 193 347

1112 250 1292 279 tractatas
1320 254 1401 279 esse
1423 254 1472 279 ex
1498 240 1656 291 reliquis
1676 240 1790 291 huJ'us
1807 239 1897 278 libri
1921 239 2143 292 fragmentis

18 307 79 348 καὶ
98 305 314 361 πρόσταγμα
333 305 397 343 οὔκ
419 302 551 355 ἐγίνετο
571 301 614 340 δι’
639 300 823 354 ἐδεάτρου,
849 299 900 343 τίς
923 297 1055 338 εἵσεται
1111 309 1286 352 apparet.
1308 300 1644 352 Συμπεριενεχθεῖσι
1664 297 1773 350 νόμου
1791 297 1895 351 χάριν
1920 299 2145 367 παρεσκευά-

18 367 78 406 καὶ
96 366 396 411 κατακλιθήσεται
413 363 563 416 πρῶτος,
580 360 658 399 ἀλλ’
674 362 692 398 ὃ
707 358 947 413 πρεσὸύτατος
959 361 1056 410 ἦγεῖ-
1112 361 1189 404 ζετο
1220 360 1280 399 καὶ
1307 359 1398 399 ἄλλα
1429 360 1544 402 αὐτοῖς
1578 367 1635 398 est
1658 357 1874 398 Casauboni
1902 358 2145 410 conjecturra

18 441 59 464 το
78 424 141 464 ἐπὶ
152 423 215 467 τὰς
237 421 379 469 κλίνας,
400 422 429 459 εἷ
458 419 508 472 μή
527 419 593 458 τιν’
626 418 729 462 αὐτὸς
759 418 1054 471 προσκαλέσαιτο.

19 481 321 535 Κατελαμὸάνετο
339 478 376 518 δὲ
394 478 451 518 ἐπὶ
471 478 511 518 τὸ
524 477 614 517 πολυ
633 477 708 529 μετ’
727 477 875 530 ἀδελφοῦ
889 476 1056 514 κατακεί-

16 560 123 599 μενος
140 542 164 590 ἢ
184 541 274 594 μετά
289 555 380 584 τινος
389 541 460 578 τῶν
474 539 686 586 ἡλικιωτῶν.
703 536 791 576 Ἐπί
804 552 841 575 τε
854 538 905 590 τῷ
918 535 1057 590 τρίποδι

9 601 157 658 >ψυκτὴρ
178 601 331 654 χαλκοῦς
353 597 512 637 ἐπέκειτο
530 596 589 635 καὶ
615 595 721 639 κάδος
745 611 805 634 και
823 594 969 647 σκαφίον
990 595 1055 647 ἀρ-

19 665 146 716 γυροῦν
165 659 226 699 δύο
244 658 394 702 κοτύλας
420 672 559 733 χωρουν
577 655 638 694 καὶ
661 653 811 704 κύαθος,
835 657 858 701 ἡ
877 654 907 692 δ’
925 652 1055 706 ἐπίχυ-

21 739 74 768 σις
89 723 221 776 χαλκη.
240 722 342 759 Πιεϊν
359 718 452 757 8306
477 714 730 772 προσεφέρετο,
756 717 786 754 εἷ
810 714 859 767 μή
881 730 934 759 τις
953 713 1058 762 αἰτή-

26 1077 86 1116 καὶ
105 1076 154 1128 μὴ
171 1077 415 1150 προσἩδεῖσθαι
414 1072 494 1118 τους
516 1071 705 1126 παρόντας.
734 1071 829 1111 Οὔτε
855 1070 922 1126 γὰρ
953 1070 1062 1114 ούτως

25 1134 113 1190 ᾤετο
135 1135 219 1182 δεῖν,
247 1132 367 1188 ὥσπερ
399 1134 435 1172 ἐν
454 1138 526 1175 τοῖς
545 1130 742 1187 φειδιτίοις,
771 1129 935 1184 δέχεσθαι
954 1131 1061 1184 ζωμῳ

28 1194 90 1233 και
105 1192 277 1248 κρεαδίοις
294 1194 450 1247 ἀφελῶς,
470 1190 550 1230 οὔτε
571 1190 678 1230 πάλιν
701 1189 810 1234 ούτως
836 1188 1061 1243 ὑπερτείνειν,

26 1255 74 1299 ὥς
105 1254 152 1296 εἷς
169 1252 210 1291 τὸ
232 1251 340 1304 μηδὲν
360 1252 532 1305 δαπανᾶν,
567 1249 835 1304 υπερὸοίλλοντα
854 1248 894 1287 τὸ
920 1248 1063 1300 σύμμε-

26 1327 108 1366 τρον
124 1315 188 1358 τ’ἧς
202 1312 347 1359 διαίτης.
372 1309 425 1350 To
449 1307 512 1362 μὲν
524 1308 597 1372 γὰρ
621 1308 842 1371 ἀνελεύθερον
863 1308 1061 1360 ἐνομίζετο,

30 1369 71 1411 τὸ
89 1371 118 1410 δ’
136 1371 369 1425 ὑπερήφανον.
391 1370 436 1409 Ὁ
459 1368 491 1407 δ’
510 1373 601 1413 οἰνος
625 1372 668 1416 ἠν
695 1370 811 1422 μικρῶ
831 1367 990 1421 βελτίων,
1007 1366 1065 1406 ὅτε

29 1428 226 1483 παρείησάν
247 1444 350 1472 τινες.
365 1427 468 1467 Ἐπεὶ
488 1427 525 1466 83
541 1426 813 1475 δειπνήσειαν,
799 1425 958 1465 ἐσιώπων
977 1425 1066 1464 πάν·

29 1504 98 1532 τες
117 1487 163 1528 Ὁ
182 1487 219 1526 83
237 1493 320 1531 παῖς
339 1486 538 1541 ἐφειστήκει
559 1485 775 1540 κεκραμένον
789 1484 880 1538 ἔχων
903 1485 943 1524 τὸ
958 1486 1064 1524 ποτὸν

30 1548 90 1588 καὶ
109 1564 160 1602 τῳ
185 1549 339 1586 αιτοῧντι
364 1544 570 1600 προσέφερε
589 1545 661 1585 Ἰὸν
680 1544 783 1584 αὐτὸν
804 1545 841 1583 83
857 1544 984 1599 τρόπον
1005 1545 1066 1584 καὶ

31 1606 120 1660 μετὰ
144 1607 184 1646 τὸ
212 1608 349 1646 δεῖπνον
375 1607 415 1645 06
445 1607 564 1644 πλεῖον
595 1604 656 1644 δύο
685 1604 838 1653 κυάθων,
866 1604 926 1643 καὶ
963 1608 1066 1643 τοῦτο

31 1683 81 1706 τω
114 1665 368 1720 προσνεύσαντι
399 1663 645 1719 προσεφέρετο.
682 1662 862 1738 Ἀκρόαμα
893 1662 929 1702 83
967 1663 1065 1702 οὐδὲν

31 1725 194 1766 οὐδέποτε
211 1723 491 1779 παρεπορεύετο,
512 1722 657 1762 διετέλει
673 1723 703 1761 δ’
721 1722 822 1767 αὐτὸς
839 1725 1065 1777 προσομιλῶν

31 1784 117 1839 πρὸς
133 1783 279 1824 ἕκαστον
299 1783 357 1824 καὶ
371 1782 507 1826 πάντας
528 1780 786 1833 ἐκκαλούμενος
808 1783 856 1827 εἷς
880 1781 920 1820 τὸ
938 1781 982 1821 τὰ
1002 1781 1066 1834 μὲν

20 1842 185 1892 κάκούειν,
219 1843 264 1882 τὰ
297 1842 334 1882 δὲ
356 1841 468 1894 λέγειν
500 1840 643 1890 αὐτους,
671 1840 764 1880 ὥστε
796 1841 1068 1895 τεθηρευμένους

34 1902 239 1957 ἀποτρέχειν
257 1902 452 1946 ἅπαντας.»

86 1973 205 2008 Recte
242 1969 323 2007 sine
371 1967 492 2006 dubio
535 1968 776 2005 Briicknerus
822 1967 1066 2006 scribendum

35 2037 190 2067 censet.
209 2027 378 2081 Φύλαρχ.
403 2028 439 2065 ἐν
459 2029 502 2079 τῇ
521 2025 668 2079 πέμπτῃ
686 2026 746 2064 καὶ
764 2027 903 2079 εἰκοστῇ
923 2041 995 2078 pro
1015 2028 1066 2066 Φ.

35 2088 70 2126 ἐν
89 2090 132 2140 τῇ
150 2087 348 2126 πεντεκαιδ.
366 2086 426 2125 και
449 2087 531 2124 εἷκ.·
524 2086 658 2134 ‚libris
675 2087 777 2124 enim
798 2087 938 2138 quinto
958 2087 1067 2125 deci-

35 2154 98 2179 mo
121 2149 160 2179 et
185 2141 369 2191 vigesimo
406 2140 454 2178 de
479 2140 684 2178 Cleomene
709 2148 837 2177 actum
875 2154 956 2178 esse
990 2154 1068 2178 non

37 2200 236 2252 probabile
266 2209 342 2248 est,
371 2200 556 2238 vicesimo
590 2213 685 2238 vero
717 2200 854 2251 quinto
885 2199 968 2250 ejus
1008 2215 1068 2239 res

37 2316 135 2351 quam
163 2308 284 2350 plures.
301 2308 396 2342 Nulla
423 2316 503 2340 vero
518 2310 679 2362 praesente
704 2307 887 2349 legatione,
912 2311 978 2341 tres
994 2309 1068 2342 lecti

37 2355 277 2389 sternebantur.
292 2358 358 2387 Nec
373 2364 431 2397 per
445 2355 586 2387 convivii
602 2355 839 2388 moderatorem
856 2356 1046 2389 edicebatur
1058 2381 1068 2398 ,

38 2403 112 2444 quis
128 2402 253 2444 primus
269 2403 463 2435 adsessurus
479 2404 564 2435 esset
580 2405 636 2435 aut
658 2402 892 2445 accubiturus3
913 2404 989 2443 sed,
1012 2405 1069 2445 qui

38 2450 135 2483 aetate
156 2450 320 2482 maximus
337 2451 425 2489 erat,
448 2450 574 2492 primus
603 2450 644 2482 ad
662 2450 764 2482 lectos
789 2451 986 2492 accedebat,
1007 2452 1070 2483 nisi

39 2505 135 2539 quem
155 2497 225 2538 ipse
245 2496 447 2529 advocasset.
479 2497 749 2538 conspiciebatur
763 2507 842 2530 vero
857 2498 1070 2539 utplurimum

41 2544 233 2576 cumfratre
251 2547 309 2576 aut
328 2543 436 2585 aliquo
461 2554 500 2577 ex
525 2545 706 2586 aequalibus
734 2546 944 2578 accumbens.
969 2548 1072 2588 Super

40 2592 164 2634 tripode
181 2591 288 2625 stabat
308 2601 418 2625 aeneus
436 2594 566 2634 psyeter
582 2596 615 2625 et
633 2593 756 2633 cadus,
777 2596 809 2626 et
834 2594 1005 2635 scaphium
1021 2604 1069 2627 ar-

42 2641 191 2680 genteum
212 2639 294 2671 duas
318 2639 449 2681 capiens
480 2639 618 2680 cotylas,
634 2643 667 2672 et
682 2640 848 2694 poculum,
864 2643 976 2683 guttus
994 2651 1073 2674 vero

42 2694 163 2719 aeneus.
178 2688 280 2719 Potus
301 2695 377 2719 vero
391 2695 457 2718 non
472 2687 688 2728 praebebatur,
701 2687 765 2719 nisi
782 2689 856 2728 quis
873 2687 1074 2729 poposcisset

44 2732 131 2775 (ante
145 2742 271 2766 coenam
287 2743 365 2766 veio
386 2743 487 2766 unum
504 2734 642 2767 dabatur
666 2735 859 2788 poculum),
878 2737 912 2767 et
933 2735 1074 2776 plerum-

44 2786 107 2820 que
121 2781 224 2821 primo
239 2780 319 2822 ipsi;
342 2779 460 2813 deinde
475 2783 648 2823 postquam
672 2782 743 2824 ipse
760 2785 839 2814 nutu
863 2785 1074 2824 poposceiffat

45 2826 249 2868 postulabant
261 2829 294 2860 et
309 2827 376 2859 alii.
393 2828 527 2860 Fercula
541 2829 692 2871 apposita
710 2833 801 2862 erant
816 2839 913 2872 super
929 2831 1076 2863 mensula

46 2873 218 2908 admodum
238 2876 388 2930 vul-gari:
409 2877 516 2909 lances
543 2878 589 2910 ita
609 2883 823 2920 comminatae,
847 2882 884 2911 ut
900 2889 961 2911 nec
976 2880 1075 2911 abun-

47 2920 171 2962 darent,
191 2932 252 2956 nec
268 2924 364 2956 nimis
379 2933 484 2965 parcae
499 2929 618 2965 essent,
637 2928 693 2958 sed
708 2926 893 2959 sufficerent
909 2927 1074 2967 omnibus,

47 2976 151 3022 neque
175 2971 391 3003 convivarum
419 2972 593 3013 quisquam
623 2973 745 3027 aliquid
773 2974 983 3007 desideraret.
1012 2976 1078 3006 Nec

47 3015 132 3049 enim
146 3016 191 3049 ita
202 3026 309 3058 parce,
324 3019 406 3051 utin
421 3018 583 3060 Phiditiis,
598 3020 703 3062 excipi
718 3020 834 3053 debere
849 3021 1004 3053 convivas
1015 3021 1078 3053 exi-

51 3063 203 3099 stimabat
211 3067 341 3108 Jusculo
355 3068 388 3100 et
401 3069 611 3101 carunculis:
626 3079 687 3102 nec
702 3080 814 3103 rursus
832 3070 877 3102 ita
892 3070 925 3102 in
942 3071 1077 3103 alteram

50 3113 171 3152 partem
188 3114 455 3155 progrediendum
466 3115 604 3156 longius,
616 3117 698 3149 utin
711 3127 834 3150 vanum
845 3127 978 3158 prorsus
992 3127 1078 3150 sum-

52 3159 103 3190 tus
114 3158 214 3201 fieret,
231 3165 264 3194 et
277 3162 463 3195 moderatus
477 3163 609 3197 vivendi
624 3165 742 3197 modus
755 3165 973 3198 excederetur.
992 3166 1079 3198 Alte-

51 3212 124 3237 rum
139 3208 224 3239 enim
252 3208 405 3241 illiberale
429 3218 524 3250 esse,
548 3211 684 3244 alterum
701 3212 876 3253 superbum
901 3212 1078 3253 JudIcabat.

51 3251 172 3285 vinum
186 3257 293 3287 autem
309 3256 405 3296 paulo
424 3257 540 3290 melius
555 3260 634 3298 erat,
647 3259 776 3299 quoties
791 3259 941 3292 convivae
957 3260 1080 3300 aliquot

53 3298 212 3333 adessent.
236 3303 323 3334 Dum
341 3303 530 3344 coembant,
556 3306 706 3338 tacebant
727 3315 840 3339 omnes
865 3316 872 3337 :
900 3316 980 3347 puer
1004 3316 1080 3338 veno

54 3345 200 3379 adstabat
224 3350 363 3381 mixtum
388 3352 502 3391 potum
521 3354 653 3393 tenens,
669 3353 897 3394 praebebatque
919 3354 1078 3394 poscenti.

55 3392 206 3427 Similiter
218 3395 315 3428 etiam
332 3400 405 3437 post
420 3405 546 3430 coenam
563 3408 628 3431 non
645 3400 783 3440 amplius
809 3400 938 3432 duobus
954 3400 1081 3441 cyathis

1080 434 1090 784 ἱ

22 797 131 826 σειεν·
160 781 294 819 ἐδίδοτο
319 777 357 817 83
383 777 510 821 κύαθος
539 770 587 820 εἶς
614 775 682 829 πρὸ
704 790 765 814 του
785 774 946 813 δείπνου·
966 773 1007 812 τὸ
1021 772 1058 812 δὲ

21 840 113 880 πολυ
131 838 282 894 πρώτῳ·
301 838 362 877 καὶ
394 836 452 876 ὅτε
485 834 731 891 προσνεύσειεν
761 835 912 882 ἐκεῖνος,
951 833 1059 878 οὕτως

22 899 130 954 ᾔτουν
157 913 218 938 και
246 899 278 937 οι
303 896 434 936 λοιποί.
467 895 525 935 Τὰ
550 894 588 933 83
612 892 875 949 παρατιθέμενα
902 893 961 932 ἐπὶ
994 891 1058 944 μὲν

23 951 254 1014 τραπεζίουγ
231 973 275 1005 ην
294 960 356 995 τοῦ
371 953 556 1008 τυχόντος,
573 952 619 992 τὰ
651 952 688 992 δὲ
721 951 878 992 λοιπὰ”
853 967 946 991 ωστε
977 951 1060 1003 μήθ’

25 1017 222 1072 υπεραίρειν
254 1015 344 1068 μήτε
366 1014 512 1062 λείπειν,
536 1013 614 1052 ἀλλ’
642 1011 748 1052 ἱκανὰ
770 1011 885 1051 ἅπασι
904 1010 1061 1063 γίνεσθαι

1113 432 1186 469 pro
1202 435 1313 470 συμπ.
1332 422 1420 470 ὁμου
1439 435 1522 472 χαρ.
1541 434 1626 471 παρ.
1640 433 1676 457 κ.
1691 418 1798 457 πάλιν
1819 419 1947 460 αὐτοῖς.
1967 422 2026 457 Ex
2038 419 2146 470 Phy-

1113 478 1244 515 larcho
1270 479 1390 529 petita
1422 492 1503 516 esse
1527 477 1709 516 videntur
1728 491 1814 530 quae
1840 478 2020 529 leguntur
2042 478 2147 530 apud

1114 537 1306 575 Plutarch.
1325 537 1519 574 Cleomen.
1543 538 1603 575 13.

1170 659 1376 698 Athenaeus
1392 661 1459 706 VI,
1482 672 1569 707 102,
1587 673 1624 711 p.
1636 673 1725 708 271,
1742 663 1791 698 E:
1808 661 1855 699 Οἱ
1873 657 1910 698 83
1925 659 2075 712 μόθακες
2087 675 2150 699 κα-

1114 717 1279 769 λούμενοι
1298 715 1394 772 παρὰ
1413 717 1701 768 Λακεδαιμονίοις
1715 717 1887 772 ἐλεύθεροι
1906 718 1970 771 μέν
1992 721 2092 770 εἶσιν,
2110 721 2149 759 06

1117 776 1187 829 μὴν
1208 776 1494 829 Λακεδαιμόνιοι.
1520 776 1624 828 Λέγει
1651 776 1688 815 δὲ
1714 777 1794 831 περὶ
1814 780 1928 817 αὐτῶν
1959 778 2151 833 Φύλαρχος

1116 839 1151 876 ἐν
1166 839 1210 890 τῇ
1226 835 1374 889 πέμπτῃ
1391 851 1451 874 και
1466 837 1605 888 εἰκοστῇ
1622 852 1691 874 των
1707 835 1884 890 Ἱστοριῶν
1904 837 2029 882 οὕτως·
2049 839 2151 878 «Εἰσὶ

1117 897 1146 936 δ’
1160 899 1191 935 οἱ
1206 895 1356 948 μόθακες
1374 894 1559 950 σύντροφοι
1571 897 1641 933 τῶν
1657 896 1957 948 Λακεδαιμονίων.
1974 897 2153 944 Ἕκαστος

1116 955 1185 1011 γὰρ
1195 958 1265 995 τῶν
1281 957 1473 994 πολιτικῶν
1492 953 1731 1003 παίδων,ὡς
1714 970 1755 992 αν
1766 955 1825 993 καὶ
1840 954 1883 994 τὰ
1901 955 2014 996 ’cem'
1998 961 2153 997 εκποιῶ-

1118 1031 1186 1064 σιν,
1206 1017 1238 1053 ot
1258 1013 1321 1067 μὲν
1339 1013 1425 1062 ἕνα,
1444 1015 1475 1052 οἱ
1496 1012 1532 1051 83
1550 1012 1628 1060 860,
1628 1012 1735 1074 ωτινὲς
1753 1014 1790 1051 δὲ
1812 1015 1952 1060 πλείους
1970 1033 2153 1056 ποιουνται

1118 1073 1329 1128 συντρόφους
1341 1074 1468 1112 αυτῶν.
1490 1072 1592 1112 Εἷσιν
1609 1076 1668 1111 οὖν
1680 1073 1712 1110 οἱ
1727 1070 1874 1123 μόθακες
1888 1074 2062 1128 ἐλεύθεροι
2077 1075 2154 1127 μὲν,

1118 1136 1157 1173 06
1179 1133 1248 1186 μὴν
1266 1131 1551 1184 Λακεδαιμόνιοι,
1573 1130 1760 1184 μετέχουσι
1779 1130 1815 1170 83
1830 1135 1892 1180 τῆς
1907 1134 2066 1178 παιδείας
2081 1135 2156 1174 ποί-

1120 1209 1194 1240 σης.
1215 1190 1361 1232 Τούτων
1396 1190 1458 1230 ἕνα
1493 1190 1577 1244 φασὶ
1596 1189 1758 1242 γενέσθαι
1782 1191 1841 1230 καὶ
1874 1191 2075 1246 Λύσανδρον
2096 1193 2155 1232 τὸν

1120 1250 1496 1304 καταναυμαχήσαντα
1508 1249 1588 1294 τους
1606 1249 1825 1299 Ἀθηναίους,
1842 1250 1990 1299 πολίτην
2009 1252 2159 1304 γενόμε-

1120 1327 1178 1350 νον
1198 1312 1241 1350 δι’
1259 1309 1531 1362 ἀνδραγαθίαν.»

1175 1375 1207 1410 V
1212 1384 1254 1409 ei
1247 1370 1304 1408 ba
1328 1369 1473 1413 ἕκαστος
1491 1368 1558 1424 γὰρ
1580 1372 1649 1409 τῶν
1670 1371 1861 1410 πολιτικῶν
1890 1399 2007 1408 .....
2031 1372 2158 1409 αὑτῶν.

1123 1430 1226 1470 Εἰσὶν
1259 1434 1317 1469 οὐν
1349 1430 1546 1474 ‚Luchtius
1578 1431 1788 1481 integritati
1833 1431 2035 1468 restituere
2077 1432 2161 1468 vult

1123 1490 1354 1528 scribendo:
1376 1487 1522 1533 ἕκαστος
1551 1489 1618 1543 γὰρ
1638 1492 1708 1528 τῶν
1736 1490 1890 1529 πολιτῶν
1921 1491 1991 1527 τῶν
2011 1489 2161 1537 παίδων,

1123 1551 1170 1593 ὡς
1191 1565 1233 1587 αν
1256 1547 1348 1587 κατὰ
1363 1547 1408 1587 τὰ
1427 1547 1537 1586 ἴδια’
1521 1550 1708 1587 εκποιῶσιν
1734 1578 1755 1587 ..
1760 1545 2010 1601 .συντρόφους.
2037 1546 2162 1590 Οὕτως

1125 1609 1211 1648 εἰσιν
1229 1613 1302 1655 οὐν,
1321 1617 1393 1646 etc.
1409 1609 1464 1647 Cf.
1483 1608 1623 1646 AElian.
1640 1612 1685 1647 V.
1701 1612 1746 1647 H.
1766 1611 1857 1656 XII,
1877 1607 1940 1654 43,
1962 1609 2027 1658 qui
2054 1607 2159 1646 Ph'v—

1123 1669 1298 1706 larchum
1324 1669 1482 1706 sortasse
1516 1667 1568 1705 ob
1604 1667 1738 1705 oculos
1768 1666 1923 1713 habuit,
1966 1666 2161 1704 Plutarch.

1125 1727 1270 1767 Cleom.
1284 1730 1330 1765 8:
1354 1727 1424 1766 Καὶ
1450 1725 1510 1765 860
1525 1729 1594 1765 τῶν
1618 1725 1817 1780 συντρόφων
1835 1740 1896 1764 του
1922 1724 2163 1776 Κλεομένους,

1124 1787 1182 1830 οὒς
1201 1786 1370 1829 Μόθακας
1403 1786 1468 1836 (sic
1491 1786 1589 1824 bene
1608 1786 1746 1824 Lucht.
1765 1799 1837 1837 pro
1857 1785 2012 1835 vulgata
2038 1786 2165 1836 Σαμο-

1125 1849 1275 1900 θρᾶκας)
1295 1846 1456 1884 καλοῦσι.
1480 1846 1646 1896 Hesych.
1674 1859 1712 1883 v.
1731 1844 1912 1893 Μόθακες,
1932 1847 2162 1896 Harpocrat.

1126 1921 1163 1944 v.
1183 1905 1313 1957 μόθων,
1337 1906 1493 1944 Miiller.
1512 1909 1608 1943 Dor.
1626 1908 1681 1952 II,
1698 1919 1738 1956 p.
1762 1905 1824 1950 45.

1181 2025 1389 2063 Athenaeus
1414 2026 1506 2071 XII,
1527 2037 1566 2075 p.
1599 2023 1689 2071 521,
1716 2026 1766 2060 Β.
1788 2020 2013 2097 Φύλαρχοςυ
2014 2021 2096 2060 δ’ἐν
2119 2024 2163 2074 τῇ

1127 2082 1275 2136 πέμπτῃ
1307 2099 1368 2121 και
1396 2084 1537 2134 εἰκοστῇ
1562 2085 1632 2120 τῶν
1654 2079 1846 2135 Ιστοριῶν,
1867 2081 1974 2119 εἰπὼν
1992 2097 2046 2119 οτι
2066 2080 2165 2134 παρὰ

1129 2142 1360 2196 Συρακοσίοις
1387 2142 1491 2193 νόμος
1519 2145 1561 2189 ἠν
1578 2141 1641 2186 τὰς
1669 2147 1836 2193 γυναῖκας
1874 2140 1923 2192 μὴ
1957 2142 2165 2192 κοσμεῖσθαι

1128 2204 1274 2256 χρυσῶ,
1295 2200 1378 2253 μηδ’
1397 2200 1520 2239 ἀνθινὰ
1540 2207 1672 2255 φορεῖν,
1695 2200 1777 2252 μηδ’
1794 2198 1980 2246 ἐσθῆτας”
1961 2215 2053 2252 εχειν
2073 2214 2166 2252 πορψ

1125 2310 1281 2351 dabatur;
1299 2311 1401 2352 idque
1411 2310 1616 2352 praebebatur
1631 2309 1662 2342 ei
1676 2310 1731 2350 qui
1748 2308 1921 2341 adnuendo
1943 2308 2158 2350 poposcisset.

1124 2358 1257 2391 Nullum
1272 2335 1428 2399 iimquam
1447 2367 1598 2390 acioama
1610 2357 1825 2390 comitabatur
1845 2365 1987 2388 coenam.
2011 2356 2066 2388 sed
2085 2364 2161 2388 con-

1127 2405 1287 2439 tinenter'
1279 2415 1348 2447 ipse
1357 2415 1433 2438 cum
1446 2414 1643 2447 unoquoque
1656 2413 1822 2437 sermones
1834 2404 2001 2443 miscebat,
2015 2406 2164 2436 cunctos-

1125 2461 1189 2493 que
1203 2453 1384 2493 invitabat,
1404 2456 1442 2487 ut
1466 2454 1517 2486 vel
1533 2453 1683 2486 audirent
1698 2461 1772 2493 quae
1787 2452 1874 2484 dicer
1877 2453 1932 2483 ent
1947 2428 2014 2491 alii,
2029 2451 2102 2482 vel
2094 2450 2157 2491 ipsi

1125 2500 1360 2580 loqiuerentur:
1379 2510 1445 2543 quo
1461 2501 1570 2542 fiebat,
1587 2502 1626 2533 ut
1644 2509 1759 2533 omnes
1774 2500 1860 2541 capti
1876 2500 1947 2540 ejus
1965 2507 2073 2531 amore
2095 2498 2162 2530 dis-

1127 2556 1164 2580 ce
1186 2551 1279 2581 erent

1613 2609 1681 2641 44.

1170 2670 1232 2708 Qui
1255 2669 1422 2702 Mothaces
1450 2668 1537 2710 apud
1550 2666 1813 2701 Lacedaemonios
1827 2666 2004 2702 vocantur,
2033 2662 2055 2694 ii
2072 2662 2166 2694 liberi

1131 2717 1265 2758 quidem
1284 2721 1361 2749 sunt
1375 2716 1548 2755 homines,
1572 2716 1605 2747 at
1627 2723 1692 2746 non
1710 2714 1786 2746 item
1804 2713 1890 2744 cives
1908 2710 2161 2743 Lacedaemonii.

1133 2767 1179 2796 De
1195 2765 1245 2797 his
1260 2764 1470 2804 Phylarchus,
1485 2763 1601 2804 quinto
1617 2764 1649 2794 et
1664 2761 1820 2793 vicesimo
1836 2758 2053 2790 Historiarum
2068 2756 2164 2796 libro,

1130 2812 1201 2844 haec
1220 2811 1358 2844 scribit:
1380 2811 1496 2842 «Sunt
1516 2811 1624 2842 autem
1641 2808 1808 2840 Mothaces
1829 2805 1990 2837 coalumni
2014 2804 2164 2836 Lacedae-

1131 2860 1327 2891 moniorum
1347 2857 1490 2895 Quilibet
1505 2857 1591 2888 enim
1609 2865 1647 2887 e<
1672 2854 1748 2886 filiis
1764 2853 1902 2891 civium,
1922 2853 2019 2892 prout
2036 2851 2097 2883 sert
2112 2859 2164 2883 res

1131 2915 1243 2938 eorum
1262 2904 1510 2942 saniilia1·is‚alii
1530 2912 1645 2941 unum,
1659 2901 1712 2933 alii
1729 2901 1806 2939 duo,
1820 2898 1967 2930 nonnulli
1984 2898 2082 2930 etiam
2096 2897 2165 2939 plu-

1132 2962 1183 2985 res
1199 2953 1389 2985 coalumnos
1406 2951 1468 2983 sibi
1486 2950 1682 2982 adsciscunt.
1703 2950 1784 2980 Sunt
1805 2946 1903 2987 igitur
1924 2946 2111 2985 Mothaces‚
2130 2945 2166 2977 li·

1134 3000 1202 3032 beri
1219 2998 1362 3040 quidem,
1381 2997 1438 3029 sed
1454 3006 1519 3028 non
1538 2996 1627 3027 cives
1640 2993 1904 3026 Lacedaemonii:
1922 2992 2096 3034 participes
2112 3001 2166 3024 au·

1132 3050 1200 3080 tem
1223 3047 1306 3078 fiunt
1327 3046 1490 3077 universae
1514 3042 1743 3075 institutionis.
1770 3043 1916 3078 Quorum
1941 3049 2044 3072 unum
2067 3039 2167 3072 fuisse

1133 3097 1225 3126 aiunt
1241 3092 1464 3134 Lysandrum,
1501 3099 1575 3122 eum
1607 3089 1663 3130 qui
1686 3088 1902 3121 Athenienses
1923 3087 2031 3119 navali
2053 3087 2167 3128 proelio

1134 3141 1314 3183 superavit,
1341 3139 1384 3171 ob
1400 3139 1555 3169 virtutem
1575 3137 1707 3169 civitate
1727 3136 1936 3168 donatum.»

1176 3258 1295 3299 Phylai
1296 3258 1377 3289 chus
1404 3257 1438 3289 in
1469 3255 1589 3295 quinto
1605 3257 1639 3288 et
1668 3253 1826 3287 vicesimo
1851 3252 2067 3286 Historiarum
2084 3251 2168 3284 libio

1135 3308 1308 3348 postquam
1322 3304 1418 3344 dixit,
1436 3304 1538 3344 legem
1557 3311 1629 3335 esse
1648 3301 1733 3344 apud
1754 3300 1957 3342 syracusios,
1974 3308 2039 3339 qua
2053 3306 2166 3330 cavea-

1136 3357 1204 3392 tur,
1221 3361 1261 3384 ne
1276 3359 1356 3384 auro
1369 3360 1442 3383 sese
1459 3352 1575 3383 ornent
1599 3350 1753 3382 mulieres
1779 3356 1862 3381 neve
1888 3346 2020 3379 floridas
2041 3346 2168 3386 gestent

1136 3402 1243 3433 vestes
1259 3400 1315 3431 aut
1332 3407 1474 3440 purpura
1490 3399 1676 3439 praetextas,
1694 3397 1756 3429 nisi
1772 3404 1847 3437 quae
1862 3403 1897 3428 se
1911 3393 2077 3436 publicum
2093 3399 2167 3425 esse
