2294 3704
89 168 193 195 XXIV

91 239 218 277 nescio
245 251 292 276 an
317 238 478 283 rectius,
506 237 588 275 aliis
612 234 810 273 dicebatur
830 232 1111 278 Aristomenes,

91 306 157 334 aut
187 300 410 335 Scamonem
435 296 494 334 vel
524 295 651 345 potius
679 295 956 329 Scammonem.
986 291 1111 335 Quem

94 356 259 406 priorem
287 354 397 405 posui
417 361 577 404 propter
600 349 774 388 vocabuli
797 347 1110 397 significationem

93 413 291 450 Hellanico
313 421 444 449 nostro
460 410 602 461 optime
622 407 820 452 convenit,
843 406 940 443 alter
960 418 1005 442 eo
1031 417 1112 442 sese

93 470 351 516 commendat,
367 469 468 519 qnod
482 466 744 517 cognominem
759 464 980 502 Hellanicus
992 463 1111 500 fllium

94 528 274 565 habuisse
291 535 479 564 narratur.
501 527 601 562 Nota
625 524 724 560 enim
747 536 806 560 res
829 530 886 559 est
912 523 952 559 in
971 529 1113 572 nepote

94 586 156 624 avi
175 599 313 622 nomen
334 584 464 634 repeti.
483 582 656 620 Sturzius
671 580 767 618 nihil
787 580 990 631 dijudicat,
1014 583 1115 617 Mar-

95 644 180 681 xius
201 643 265 695 (ad
286 642 480 692 Ephorum
505 653 542 690 p.
562 652 576 676 1
589 640 621 690 1)
641 638 883 677 Andromeni
905 638 1115 688 praeferen—

96 701 186 737 (lum
221 700 325 737 ducit
361 701 639 736 Scammonem.
673 696 769 734 Mihi
804 696 915 733 aliter
951 695 1113 733 videtur.

93 759 243 797 Etenim
268 756 436 795 Eudocia
460 754 576 793 verba
602 756 634 793 οἱ
660 753 698 793 δὲ
727 753 949 805 Σκάμμωνος
1041 753 1114 791 υἱόν

94 816 240 860 omisit,
278 823 320 851 ut
345 814 432 851 ideo
455 813 514 851 vel
535 812 583 850 ab
608 813 694 864 ipso
710 812 828 851 Suida
845 812 969 850 aliena
992 811 1116 850 videri

94 874 261 925 possint3
278 885 402 922 neque
422 871 559 909 dubito
583 871 674 922 quin
701 871 752 920 is,
772 871 839 921 qui
861 871 964 908 hunc
984 874 1116 908 Scam—

93 944 243 969 monem
258 931 460 981 apposuit,
490 938 555 968 aut
589 930 636 967 de
664 929 865 967 Hellanico
893 929 1117 979 cogitaverit

93 989 141 1026 ab
152 997 284 1026 nostro
303 989 456 1026 diverso
467 1017 476 1034 ,
490 997 555 1026 aut
569 1001 654 1038 quae
670 987 718 1024 ad
732 987 926 1025 hominem
942 995 1117 1038 spectant

92 1047 279 1085 Hellanici
316 1060 455 1084 nomen
484 1047 699 1093 mentitum,
740 1045 787 1082 ad
822 1046 1115 1095 Mytilenensem

94 1114 290 1142 auctorem
349 1105 534 1142 retulerit.
587 1107 707 1142 Error
761 1103 963 1141 facillimus
1023 1112 1115 1141 erat.

94 1163 210 1214 Apud
237 1163 470 1200 Clementem
500 1162 607 1200 Alex.
624 1162 819 1214 (Stromm.
841 1164 878 1208 Ι,
903 1175 940 1212 p.
957 1160 1048 1212 361)
1068 1162 1119 1199 le-

95 1224 198 1272 gitur
219 1237 228 1260 ε
253 1221 436 1273 Σκάμμων
462 1224 480 1260 ὁ
506 1222 742 1268 Μυτιληναῖος
767 1219 826 1259 καὶ
856 1220 1079 1274 Θεόφραστος
1101 1223 1120 1259 ὃ

96 1279 255 1332 Ἐρέσιος
365 1281 399 1317 ἐν
435 1285 506 1322 τοῖς
536 1278 615 1332 περὶ
655 1278 874 1332 Εὑρημάτων
903 1280 970 1330 (1).
1005 1282 1119 1317 Hunc

96 1343 359 1378 Scammonem
383 1339 546 1376 eundem
567 1352 646 1376 esse
667 1339 734 1388 qui
756 1352 777 1375 a
797 1338 913 1375 Suida
932 1338 1119 1376 Hellanici

97 1398 196 1435 filius
222 1398 361 1434 dicitur
379 1396 598 1447 conjectura
620 1405 676 1434 est
694 1396 854 1442 Marxii,
873 1410 959 1447 quae
981 1405 1120 1447 sponte

97 1455 207 1505 quasi
224 1455 432 1505 unicuique
453 1468 535 1493 sese
561 1455 698 1501 offert3
721 1468 940 1505 quanquam
957 1455 996 1492 id
1016 1455 1120 1506 quod

96 1514 160 1551 hic
174 1517 375 1552 Scammon
401 1511 482 1566 περὶ
503 1512 722 1565 Εὑρημάτων
744 1513 884 1551 librum
909 1514 1121 1565 scripsissse

98 1579 277 1609 narratur
295 1580 421 1622 potest
445 1571 653 1608 offendere.
681 1571 941 1610 Nihilominus
962 1572 1122 1610 ulterius

98 1630 327 1681 progredior
347 1630 447 1667 idem
473 1630 708 1669 scammonis
733 1644 874 1668 nomen
900 1631 1029 1668 dicens
1054 1631 1122 1668 de-

98 1697 298 1740 pravatum
327 1702 407 1726 esse
438 1688 478 1725 in
502 1689 678 1734 Sandon,
705 1689 808 1739 apud
840 1689 1021 1736 Snidam,
1053 1688 1122 1726 ubi

98 1748 200 1784 haec:
226 1745 388 1794 Σάνδων,
407 1745 617 1784 “Ελλανίκου
629 1776 638 1792 ,
652 1745 854 1799 φιλόσοφος,
872 1745 1019 1800 ἔγραψεν
1039 1748 1122 1785 ὓπο-

98 1805 206 1848 θέσεις
237 1806 282 1847 εἷς
317 1803 472 1857 Ὀρφέα,
509 1803 641 1855 βιὸλίον
673 1803 714 1841 α’.
754 1805 825 1842 Hic
855 1817 949 1842 vero
983 1805 1049 1855 qui
1075 1805 1122 1842 de

98 1864 259 1914 Orpheo
288 1863 441 1913 scripsit
471 1863 606 1913 procul
638 1862 757 1900 dubio
787 1863 886 1900 filius
917 1871 998 1900 erat
1022 1863 1122 1901 illius

98 1923 301 1969 Hellanici,
325 1923 391 1973 qui
419 1930 458 1959 et
483 1922 564 1972 ipse
587 1921 799 1972 Orphicam
827 1922 1077 1973 theologiam,
1101 1935 1124 1959 a

98 1982 273 2031 plurimis
291 1981 527 2030 Hieronymo
545 1979 725 2018 tributam
737 2008 747 2026 ‚
773 1980 988 2019 condidisse
1007 1989 1123 2032 puta-

98 2039 212 2077 batur
240 2039 485 2090 (Damascius
510 2042 567 2076 De
586 2039 786 2090 principiis
809 2053 842 2077 c.
871 2041 915 2077 13
938 2039 978 2076 in
999 2040 1121 2078 Wolf.

99 2098 244 2136 Anecd.
274 2100 339 2136 Gr.
368 2106 460 2135 tom.
489 2100 570 2145 111,
601 2112 640 2149 p.
673 2098 779 2149 253).
810 2100 923 2136 Hunc
956 2098 1123 2150 denique

99 2157 335 2194 Hellanicum
351 2157 398 2194 de
413 2157 584 2208 Orphica
604 2157 779 2195 doctrina
799 2158 1025 2208 scriptorem
1044 2172 1122 2196 non

100 2229 180 2253 esse
207 2215 388 2254 Lesbium
410 2216 647 2264 historicum,
663 2230 722 2254 res
744 2217 828 2267 ipsa
855 2217 1011 2267 quidem
1042 2217 1124 2255 cla-

99 2287 204 2311 mare
218 2274 381 2322 videtur,
395 2288 416 2312 a
431 2275 557 2312 multis
572 2283 695 2313 tamen
713 2275 795 2326 ejus
812 2275 954 2326 scripta
965 2303 975 2322 ,
997 2289 1122 2326 neque

100 2333 181 2370 sine
195 2333 275 2370 veri
290 2333 453 2383 quadam
471 2334 597 2384 specie
620 2334 668 2371 ad
688 2342 864 2371 nostrum
880 2334 1122 2372 Hellanicum

100 2404 180 2428 esse
202 2391 319 2428 relata
349 2392 476 2441 paullo
502 2393 625 2439 infra,
646 2392 712 2430 ubi
741 2393 789 2430 de
812 2393 964 2444 scriptis
993 2394 1124 2432 Hella-

99 2449 175 2486 nici
192 2449 397 2487 dicendum
415 2459 490 2497 est,
509 2450 676 2501 probare
697 2451 873 2490 studebo.
893 2452 988 2490 Inde
1002 2453 1124 2503 expli-

100 2507 243 2544 candus
269 2508 341 2545 erit
363 2509 560 2546 nominum
583 2510 679 2547 ordo
706 2510 746 2547 in
771 2523 917 2548 canone
936 2510 1122 2548 historico

99 2565 201 2615 apud
220 2571 462 2616 Anonymum
485 2567 523 2604 in
536 2566 673 2604 ¹libello
692 2572 752 2606 De
770 2570 922 2606 Artium
946 2569 1123 2607 etDisci-

100 2624 290 2672 plinarum
312 2625 582 2663 Inventoribus
607 2625 719 2677 (Bibl.
747 2627 899 2665 Coislin.
927 2641 965 2678 p.
988 2629 1060 2678 597
1086 2636 1124 2665 et

100 2681 246 2720 Fabric.
278 2683 374 2721 Bibl.
392 2686 456 2722 Gr.
480 2687 556 2731 IX,
578 2698 614 2735 p.
635 2687 710 2723 600
735 2686 825 2724 edit.
846 2686 974 2737 prim.)
995 2702 1004 2724 ε
1023 2687 1123 2726 Θου-

101 2739 260 2791 κυδίδης,
272 2740 472 2794 Ἡρόδοτος,
487 2744 670 2796 Ξενοφῶν,
691 2744 876 2792 Φίλιστος,
893 2744 1122 2796 Θεόπομπος,

103 2795 272 2850 Ἔφορος,
312 2799 555 2851 Ἀναξιμένης,
595 2801 834 2849 Καλλισθένης
851 2831 862 2850 ,
901 2802 1123 2851 Ἑλλάνικος,

101 2923 251 2955 Eleorum
287 2928 478 2968 tyrannum,
509 2929 589 2962 urbe
610 2929 781 2970 ejecerunt.
804 2932 843 2963 V.
870 2932 1007 2963 Pansan.
1026 2933 1066 2972 V,
1091 2936 1121 2964 5.

143 2971 321 3003 Hellanici
348 2973 415 3005 (Ιιιο
440 2976 595 3015 Ephesii,
621 2978 701 3009 alter
725 2977 949 3018 pancratiasta,
982 2980 1120 3010 Pausan.

101 3019 146 3049 vl
157 3041 166 3056 ,
189 3019 220 3054 4,
234 3017 312 3048 alter
328 3020 453 3060 Olymp.
470 3025 509 3053 89
525 3023 573 3054 ἐπὶ
593 3027 699 3064 πυγμῇ
715 3025 834 3055 παίδων
851 3024 968 3064 victor,
983 3026 1120 3056 Pansan.

101 3065 164 3102 vl,
189 3066 218 3095 7.
244 3064 304 3095 His
325 3065 405 3096 alios
433 3067 548 3099 addere
570 3070 675 3109 possis
696 3080 759 3102 non
778 3071 880 3112 magis
902 3081 999 3112 qnam
1022 3073 1054 3104 hi
1082 3073 1122 3105 ad

103 3118 163 3142 nos
178 3110 381 3151 pertinentes.
399 3114 518 3145 verum
548 3117 753 3155 repetendum
777 3119 838 3150 hoc
865 3119 935 3151 loco
954 3122 1020 3160 est,
1036 3120 1124 3161 qnod

101 3156 217 3197 jamin
240 3158 379 3189 Hecataei
402 3159 469 3191 vita
487 3162 691 3204 monuimus,
716 3165 918 3197 Hellanicum
943 3167 1123 3206 Milesium,

103 3213 199 3244 quem
215 3204 331 3235 Snidas
343 3205 476 3247 ἱστορίας
491 3209 544 3238 καὶ
559 3212 614 3248 γῆς
631 3211 770 3251 περίοδον
785 3212 952 3254 scripsisse
971 3213 1034 3255 ait,
1050 3222 1124 3246 eon·

103 3253 211 3284 susum
235 3261 305 3284 esse
320 3262 395 3284 cnm
414 3255 574 3286 Hecataeo.

147 3299 192 3354 (1)
217 3298 306 3331 Idem
329 3301 527 3333 Scammoiiis
551 3310 632 3343 opus
655 3303 765 3337 laudat
781 3306 894 3340 suidas
908 3317 939 3340 v.
958 3310 1124 3348 Φοινικήϊα

104 3357 279 3388 γραμματα.

948 146 1016 185 DE
1043 143 1351 184 HELLANICO.

1175 227 1359 271 ΙΙολύὸιος.
1390 228 1512 267 Sicuti
1537 229 1699 280 quisque
1722 229 1900 280 intelligit
1925 242 2002 267 non
2026 231 2196 281 potuisse

1172 291 1366 325 auctorem
1388 287 1435 325 de
1458 288 1532 325 alio
1551 301 1595 326 ac
1615 288 1663 326 de
1684 288 1884 326 notissimo
1910 288 1976 325 illo
1997 290 2196 327 Hellanico

1174 346 1364 395 cogitare,
1380 346 1513 383 eodem
1536 346 1652 384 modo
1673 347 1736 397 qui
1751 347 1786 384 ei
1806 347 1905 384 inter
1925 347 2195 386 Callisthenem

1173 412 1211 440 et
1233 403 1436 453 Polybium
1457 404 1564 442 locus
1584 406 1811 455 assignatur,
1829 405 2018 443 subfuisse
2033 406 2198 454 indicat,

1174 474 1242 498 cur
1255 461 1494 499 Hellanicum
1513 463 1649 500 eodem
1665 464 1744 501 fere
1761 472 1934 514 tempore
1953 465 2091 502 vixisse
2110 478 2198 503 cre-

1174 519 1304 564 deret,
1334 533 1412 570 quo
1444 520 1596 571 scripsit
1626 522 1893 572 HieronymuS.
1924 525 2086 573 Propter
2117 523 2199 560 haec

1173 577 1290 627 igitur
1310 577 1358 615 de
1377 579 1605 616 Scammone
1626 579 1687 617 vel
1701 579 1878 618 Sandone
1898 580 2086 618 Hellanici
2105 583 2200 618 Les-

1174 634 1229 672 bii
1267 635 1348 672 filio
1367 635 1612 675 vehementer
1631 636 1780 675 dubim.
1800 639 1894 676 Cum
1909 645 2053 689 nepote
2072 638 2201 676 conci-

1175 691 1232 729 dit
1247 705 1352 730 avus.

1227 750 1336 789 Vixit
1363 750 1603 798 Hellanicus,
1631 752 1662 789 si
1691 751 1848 789 Suidam
1881 765 2099 803 sequamur,
2129 754 2200 793 sub

1175 823 1293 860 regno
1312 813 1491 860 Amyntae
1501 810 1579 862 (Ol.
1598 810 1660 858 56,
1682 809 1872 861 4—69,1)
1892 824 2013 861 usque
2036 813 2082 851 ad
2105 821 2202 851 tem-

1176 881 1271 918 pora
1295 868 1506 915 Perdiccae,
1532 868 1599 919 qui
1621 881 1670 905 ex
1691 871 1886 906 Marmore
1907 870 2021 908 Pario
2040 884 2200 922 regnum

1177 926 1341 977 adeptus
1360 935 1417 964 est
1442 927 1500 965 Ol.
1520 940 1582 976 79,
1607 932 1642 973 4,
1666 927 1738 971 46ι
1761 939 1794 964 a.
1810 927 1901 965 Chr.
1927 931 2063 979 Itaque
2082 942 2202 980 quum

1177 985 1367 1022 Lucianus
1387 985 1456 1036 (De
1480 984 1680 1023 Macrobb.
1704 993 1796 1022 tom.
1819 987 1888 1034 ΙΙΙ,
1907 999 1945 1036 p.
1966 993 2042 1030 224
2062 988 2204 1039 Reitz.)

1177 1043 1418 1081 Hellanicum
1443 1043 1579 1081 vixisse
1599 1043 1702 1081 dicat
1726 1057 1847 1081 annos
1869 1045 2063 1095 octoginta
2084 1047 2203 1097 quin-

1177 1115 1272 1152 que,
1289 1102 1322 1140 si
1340 1103 1401 1140 Ol.
1423 1104 1486 1150 80,
1504 1116 1519 1139 1
1541 1103 1600 1140 vel
1617 1103 1681 1149 81,
1700 1116 1715 1139 1
1736 1105 1878 1151 Noster
1895 1116 1917 1141 e
1937 1104 2013 1141 vita
2033 1104 2205 1143 decesse-

1178 1162 1252 1206 rit,
1269 1170 1383 1199 natus
1401 1171 1458 1199 est
1476 1163 1534 1200 Ol.
1555 1161 1615 1209 57,
1635 1164 1655 1200 3
1674 1162 1733 1199 vel
1755 1162 1816 1209 58,
1843 1163 1878 1208 3;
1897 1162 1971 1200 550
1992 1163 2053 1201 vel
2076 1163 2150 1208 546
2169 1175 2204 1202 a.

1178 1220 1265 1258 Chr.
1291 1220 1442 1258 Falsum
1468 1219 1542 1256 hoc
1570 1233 1651 1258 esse
1669 1219 1750 1270 jam
1773 1219 1865 1257 inde
1892 1229 2075 1271 apparet,
2098 1222 2204 1273 quod

1178 1278 1418 1315 Hellanicum
1432 1277 1568 1315 Suidas
1582 1278 1765 1328 aequalem
1780 1278 1872 1315 facit
1883 1279 2088 1329 Sophoclis
2099 1309 2110 1328 ,
2124 1283 2206 1319 He-

1179 1336 1328 1385 rodoti,
1360 1336 1572 1387 Euripidis,
1596 1350 1760 1387 quorum
1787 1337 1932 1375 natales
1960 1338 2138 1376 incidunt
2164 1339 2203 1376 in

1181 1396 1336 1446 Olymp.
1359 1409 1422 1443 71,
1446 1401 1508 1442 74,
1540 1395 1601 1442 75.
1624 1398 1761 1445 Neque
1786 1403 1912 1433 tamen
1939 1395 2011 1435 hos
2038 1397 2206 1436 calculos

1180 1457 1300 1507 ipsius
1319 1457 1448 1495 suidae
1472 1456 1627 1507 ingenio
1643 1456 1794 1504 deberi,
1811 1457 1876 1494 sed
1895 1457 2070 1507 pluribus
2088 1458 2208 1497 fuisse

1179 1518 1366 1571 probatos
1383 1518 1577 1568 colligitur
1589 1531 1635 1555 ex
1650 1517 1843 1556 Chronico
1861 1518 2053 1566 Paschali,
2072 1519 2139 1557 ubi
2157 1520 2207 1558 ad

1183 1577 1241 1615 Ol.
1258 1576 1306 1623 67
1324 1576 1484 1627 ponitur
1504 1575 1708 1618 Ἑλλάνικος
1725 1576 1985 1630 ἱστοριογράφος
2000 1575 2060 1616 καὶ
2082 1578 2208 1628 Δημό-

1181 1649 1294 1686 κριτος
1321 1633 1515 1687 φιλόσοφος.
1546 1638 1640 1682 Quae
1672 1648 1790 1684 quum
1823 1635 1876 1672 ita
1908 1637 2003 1683 sint,
2031 1638 2208 1675 Sturzius

1182 1691 1360 1730 omnibus
1390 1692 1578 1730 bonarum
1610 1693 1803 1730 literarum
1832 1694 2011 1733 studiosis
2043 1709 2210 1734 summo-

1182 1765 1275 1802 pere
1294 1751 1536 1789 commendat
1553 1752 1665 1790 Gellii
1686 1754 1828 1790 Noctes
1841 1753 1999 1800 Atticas,
2017 1753 2084 1792 ubi
2107 1757 2208 1803 (XV,

1183 1809 1248 1860 23)
1263 1817 1376 1847 notus
1389 1810 1454 1848 ille
1470 1811 1575 1848 locus
1589 1811 1798 1861 Pamphilae
1814 1825 1822 1847 :
1841 1815 2071 1858 Hellanicus,
2087 1816 2209 1850 Hero-

1181 1871 1300 1915 dotus,
1329 1870 1575 1919 Thucydides,
1604 1871 1765 1907 historioe
1785 1875 1995 1921 scn'ptores,
2020 1876 2058 1908 in
2082 1875 2208 1910 iisdem

1183 1927 1402 1977 temporibus
1422 1928 1515 1976 fere
1543 1930 1653 1965 laude
1674 1933 1810 1979 ingenti
1824 1930 2057 1978 floruerunt,
2082 1940 2121 1968 et
2136 1945 2210 1968 non

1183 1991 1293 2023 nimis
1321 1989 1424 2037 longe
1455 1986 1677 2024 distantibus
1696 1987 1861 2035 fuerunt
1888 1988 2074 2026 aetatibus.
2104 1991 2207 2027 Nam

1183 2047 1400 2082 Hellanicus
1410 2050 1509 2083 initio
1520 2045 1607 2083 belli
1613 2047 1916 2095 Peloponnesiaci
1917 2045 2037 2096 sitisse
2048 2052 2211 2097 quinque

1182 2113 1221 2141 et
1242 2108 1440 2154 sexaginta
1463 2118 1580 2141 annos
1598 2115 1707 2142 natus
1728 2099 1886 2150 videtur,
1910 2108 2114 2143 Herodotus
2137 2116 2212 2144 tres

1181 2172 1218 2200 et
1235 2167 1522 2213 quinquaginta,
1545 2164 1770 2212 Thucydides
1785 2165 2053 2214 quadraginta.
2065 2168 2209 2203 Verum

1184 2230 1479 2272 quantacunque
1508 2221 1556 2259 sit
1586 2222 1735 2259 feminae
1760 2223 1951 2273 AEgyptiae
1977 2222 2144 2261 eruditio
2172 2231 2212 2262 et

1184 2280 1410 2327 auctoritas,
1427 2293 1505 2317 non
1529 2292 1729 2330 possumus
1749 2280 1788 2317 in
1804 2280 1885 2330 ejus
1909 2281 2126 2319 testimonio
2143 2295 2211 2319 ac-

1183 2343 1392 2394 quiescere.
1415 2346 1509 2381 Nam
1523 2343 1761 2381 Hellanicum
1782 2352 1870 2395 post
1885 2357 2052 2395 pugnam
2067 2345 2115 2383 ad
2131 2349 2209 2384 Ar-

1182 2403 1334 2453 ginusas
1353 2402 1594 2439 commissam
1626 2402 1700 2452 (ol.
1723 2404 1787 2451 93,
1813 2403 1849 2450 3,
1867 2404 1940 2447 406
1969 2417 2003 2440 a.
2034 2403 2140 2455 Chr.)
2171 2404 2210 2441 in

1183 2461 1392 2499 condendis
1404 2461 1573 2499 historiis
1592 2460 1718 2498 adhuc
1737 2470 1968 2512 occupatum
1989 2462 2104 2500 fuisse
2122 2476 2211 2514 pro-

1184 2519 1298 2557 batur
1323 2521 1457 2570 fragm.
1479 2520 1540 2557 80.
1564 2520 1711 2557 Primus
1731 2519 1806 2557 hoc
1830 2519 1925 2557 vidit
1943 2521 2209 2559 Dahlmannus

1183 2580 1456 2630 (Forscliungen
1501 2578 1580 2627 auf
1608 2580 1691 2615 dem
1719 2578 1865 2615 Gebiete
1894 2581 1963 2616 der
2006 2581 2211 2618 Gesclzicltte

1182 2638 1256 2676 vol.
1293 2641 1348 2685 ΙΙ,
1366 2642 1407 2676 P.
1424 2641 1460 2685 Ι,
1482 2651 1518 2688 p.
1544 2637 1651 2687 124),
1665 2638 1732 2688 qui
1753 2637 1883 2688 itaque
1903 2638 2044 2675 erroris
2062 2638 2212 2676 incusat

1182 2696 1393 2734 Lucianum
1403 2726 1414 2744 ,
1430 2697 1670 2734 Hellanicum
1691 2704 1832 2746 putans
1849 2709 1970 2734 annos
1985 2705 2116 2734 natum
2134 2711 2210 2735 no-

1182 2756 1336 2806 naginta
1348 2756 1475 2794 adhuc
1489 2768 1646 2806 operam
1662 2754 1812 2793 dedisse
1825 2755 2038 2794 scribendae
2049 2756 2209 2795 Atthidi.

1183 2817 1321 2852 Parum
1345 2814 1419 2852 hoc
1452 2814 1679 2862 verisimile3
1702 2814 1823 2851 multo
1854 2814 1980 2852 minus
2012 2827 2106 2852 vero
2137 2828 2210 2853 au·-

1184 2872 1348 2910 diendus
1371 2882 1428 2911 est
1453 2872 1648 2920 Sturzius‚
1672 2872 1739 2922 qui
1762 2885 1914 2910 omnem
1942 2872 2209 2911 difficultatem
2251 2893 2255 2897 -

1183 2933 1291 2970 facile
1323 2933 1416 2971 dicit
1442 2948 1486 2972 ac
1518 2933 1692 2971 funditus
1722 2932 1825 2979 tolli,
1856 2933 1886 2970 si
1920 2932 1960 2970 in
1994 2933 2209 2984 fragmento

1183 2991 1298 3028 modo
1318 2992 1471 3030 laudato
1486 3006 1563 3029 non
1583 2991 1809 3029 historicum
1829 2991 1895 3028 sed
1915 2992 2207 3042 grammaticum

1182 3049 1419 3087 Hellanicum
1454 3051 1710 3097 intellexeris,
1741 3058 1806 3086 aut
1830 3049 2028 3086 Hellanico
2060 3048 2208 3086 substi—

1184 3110 1300 3147 tueris
1310 3110 1594 3148 Callimachum.
1606 3110 1757 3148 Etenim
1768 3108 1992 3159 simpliciter
2002 3109 2208 3147 dicendum

1182 3178 1238 3206 est
1257 3182 1402 3208 errasse
1416 3169 1674 3220 Pamphilam,
1698 3181 1823 3218 neque
1837 3167 2090 3206 dubitandum
2111 3168 2206 3219 quin

1182 3228 1231 3266 ad
1254 3242 1389 3266 verum
1420 3229 1595 3279 proxime
1625 3227 1780 3265 accedat
1811 3234 1946 3264 auctor
1966 3227 2064 3265 Vitae
2089 3228 2207 3265 Enri-

1183 3287 1301 3338 pidis,
1326 3287 1392 3338 qui
1421 3290 1647 3338 γεννηθῆναι,
1668 3286 1737 3331 ait,
1759 3288 1802 3338 τῇ
1828 3287 1915 3336 αὐτῇ
1939 3284 2055 3339 ἡμέρα
2077 3284 2206 3325 Ἑλλά-

1182 3341 1330 3398 vizon}
1345 3345 1465 3384 ἐνίκων
1479 3346 1557 3399 περὶ
1572 3345 1761 3395 Σαλαμῖνα
1774 3343 1973 3396 ναυμαχίαν
1988 3346 2019 3383 οἱ
2031 3341 2205 3391 Ἕλληνες
