2320 3684
814 145 1103 187 CLITODEMI
1119 147 1470 190 FRAGMENTA.

81 233 199 275 ὁποῖόν
230 251 265 274 τι
292 237 315 282 ἡ
339 233 519 287 συμμορία
551 231 611 272 καὶ
636 233 656 271 ὁ
680 231 809 283 δῆμος,
843 229 1038 285 ναύκραρος
1074 231 1111 270 δὲ

75 292 199 333 Ιὁποῖόν
222 310 257 333 τι
278 297 297 333 ὁ
315 293 515 346 δήμαρχος,
538 290 701 334 Σόλωνος
725 288 833 334 οὕτως
855 289 1111 340 ὀνομάσαντος,

80 354 127 397 ὥς
143 352 202 391 καὶ
221 351 461 406 Ἀριστοτέλης
483 349 610 405 φησίν·
635 350 671 388 ἐν
697 354 767 392 τοῖς
793 347 913 399 νόμοις
932 347 1018 386 δὲ’
995 363 1036 387 αν
1060 364 1111 392 τις

79 411 289 466 ναυκραρίας
307 410 515 465 ἀμφισὸητῇ
532 408 592 448 καὶ
613 406 693 451 τους
705 406 921 480 ναυκράρους
933 406 1012 451 τους
1021 406 1113 446 κατὰ

78 469 305 524 ναυκραρίαν.
319 466 492 523 (Ὕστερον
515 467 552 506 δὲ
569 466 640 506 ἀπὸ
659 464 888 510 Κλεισθένους
908 465 1015 518 δῆμοί
1031 467 1111 516 εἶσι,

78 528 138 567 καὶ
157 528 336 583 δήμαρχοι
359 527 558 575 ἐκλήθησαν
583 527 624 565 ἐκ
641 527 705 573 τῆς
720 523 979 578 Ἀριστοτέλους
996 526 1112 564 Πολι-

77 587 188 636 τείας,
224 587 261 626 ὃν
271 586 419 660 τρόπον
451 584 596 632 διέταξε
613 583 679 632 τὴν
711 582 891 622 πολιτείαν
921 586 940 622 ὁ
973 582 1111 623 Σόλων.

77 646 199 685 Φυλαὶ
214 645 250 686 δὲ
269 650 359 694 ἠσαν
377 645 544 700 τέσσαρες
557 675 568 694 ,
584 643 744 697 καθάπερ
763 641 945 716 πρότερον,
964 642 1024 681 καὶ
1023 658 1112 717 φυ-

76 703 277 748 λοὸασιλεῖς
291 704 476 758 τέσσαρες·
495 705 538 743 ἐκ
560 702 598 742 δὲ
620 705 683 750 τῆς
704 704 816 757 φυλῆς
839 701 991 750 ἑκάστης
1021 695 1110 749 ησαν

75 762 311 815 νενεμημέναι
328 762 484 818 τριττύες
499 761 563 815 μὲν
576 768 684 816 τρεῖς,
702 760 910 815 ναυκραρίαι
923 760 960 799 δὲ
976 760 1112 799 δώδεκα

75 822 155 861 καθ’
171 821 338 870 ἑκάστην.
358 822 404 862 Ὁ
424 821 659 874 Κλείδημος’
643 837 679 860 εν
697 823 741 874 τῇ
767 820 868 873 τρίτη
892 819 1011 875 φησιν,
1035 818 1112 858 «ὅτι

76 880 307 925 Κλεισθένους
324 880 409 921 δέκα
431 880 542 935 φυλὰς
559 879 771 928 ποιήσαντος
795 879 873 918 ἀντὶ
890 882 961 918 τῶν
979 878 1111 918 τεσσά-

76 955 159 994 ρων,
192 939 322 988 συνέὸη
351 939 412 979 καὶ
438 941 485 984 εἷς
505 939 724 987 πεντήκοντα
756 937 847 993 μέρη
881 939 1110 991 διαταγῆναι·

75 997 200 1043 αὖτοὺς
233 998 270 1038 δὲ
305 999 451 1038 ἐκάλουν
483 997 715 1053 ναυκραρίας,
735 997 855 1052 ὥσπερ
884 1001 944 1036 νῦν
983 999 1031 1042 εἷς
1067 995 1112 1036 τὰ

74 1057 198 1096 ἑκατὸν
220 1057 311 1112 μέρη
332 1057 546 1111 διαιρεθέντα
564 1059 712 1097 καλοῦσι
732 1056 967 1111 συμμορίας.»

77 1166 82 1172 ι
128 1120 175 1155 In
215 1118 421 1169 postremis
456 1117 617 1157 Siebelis
651 1116 819 1156 scribere
856 1117 940 1154 vult
957 1130 966 1154 ε
1002 1116 1050 1159 εἷς
1065 1114 1111 1155 τὰ

74 1175 199 1215 ἑκατὸν
222 1175 313 1230 μέρη
334 1176 567 1229 διαιρεθέντας
588 1177 748 1215 καλοῦσι.
768 1175 961 1226 Equidem
981 1175 1110 1213 malim

74 1233 198 1279 αὐτοὺς
217 1249 354 1274 vocem
373 1236 514 1274 mutari
528 1237 568 1274 in
583 1239 707 1274 ταῦτα.
724 1238 782 1273 De
802 1248 844 1272 re
863 1234 912 1272 cf.
939 1237 980 1273 C.
1004 1237 1107 1272 Her-

73 1307 201 1333 mann.
221 1295 411 1346 Antiquit.
426 1308 484 1346 gr.
505 1310 570 1347 99,
592 1296 613 1334 5
633 1302 672 1333 et
686 1307 783 1346 quos
800 1293 857 1332 ibi
882 1292 1028 1331 laudat.

480 1376 700 1391 ⁴000*—

370 1401 526 1441 LIBER
554 1399 813 1450 QUARTUS.

126 1463 221 1504 Vide
239 1464 369 1503 locum
389 1464 480 1503 libri
500 1464 628 1516 quarti
645 1464 687 1502 in
702 1464 836 1516 fragm.
861 1477 893 1501 1.

325 1571 480 1610 LIBER
508 1569 862 1660 DU9ODECIMUS.

124 1677 294 1728 Hesych.
315 1692 324 1715 :
349 1674 608 1728 Ἀγαμεμνόνια
639 1674 788 1729 φρέατα.
820 1674 1015 1730 Ἱστοροῧσι
1049 1676 1107 1716 τὸν

72 1734 318 1788 Ἀγαμέμνονα
348 1734 429 1789 περὶ
465 1733 529 1782 τὴν
568 1734 703 1773 Αὐλίδα
739 1734 800 1773 καὶ
831 1736 1015 1788 πολλαχοῦ
1046 1738 1109 1783 τ’ῆς

70 1794 240 1839 Ἑλλάδος
275 1793 410 1850 φρέατα
437 1793 579 1849 ὀρύξαι,
599 1793 659 1832 καὶ
679 1795 801 1846 Δῆμος
819 1792 856 1833 δὲ
875 1796 911 1833 ἐν
927 1798 972 1848 τῇ
997 1795 1107 1834 δωδε-

71 1854 163 1907 κάτῃ
181 1857 244 1902 τῆς
261 1853 424 1898 Ἀτθίδος.

124 1914 366 1954 Phavorinus
383 1913 517 1952 eadem
543 1912 671 1962 habet,
700 1914 775 1952 nisi
801 1914 906 1965 quod
925 1915 974 1959 ὡς
999 1914 1107 1952 addit

71 1981 160 2024 post
175 1972 235 2011 καὶ
255 1974 377 2024 Δῆμος
402 1972 450 2011 δέ.
470 1972 653 2011 Albertus
674 1973 793 2011 scribi
816 1974 942 2011 voluit
971 1972 1104 2024 Δήμων

71 2045 144 2084 pro
175 2033 308 2084 Δῆμος,
343 2032 534 2071 Meursius
560 2032 600 2069 in
626 2032 800 2070 Lection.
834 2033 1031 2084 Theophr.
1064 2033 1104 2071 in

70 2093 260 2130 Gronovii
278 2092 388 2132 Thes.
410 2092 541 2143 Antiq.
561 2096 628 2131 Gr.
658 2094 712 2141 X,
733 2105 770 2143 p.
803 2093 878 2141 647
898 2094 1105 2144 proposuit

70 2150 268 2203 Κλείδημος
282 2181 293 2200 ,
314 2151 421 2203 quod
443 2151 625 2203 probavit
648 2150 806 2190 Siebelis
824 2166 832 2188 :
864 2165 935 2190 nos
949 2165 1104 2204 quoque

69 2208 168 2247 hanc
203 2210 434 2262 scripturam
471 2210 725 2261 adoptamus,
757 2210 826 2248 sed
872 2210 1006 2249 deletis
1043 2210 1103 2249 καὶ

69 2268 175 2319 quod
197 2283 247 2307 ex
269 2271 345 2308 κλει
373 2270 626 2321 depravatum
657 2277 736 2318 est,
764 2278 878 2320 atque
912 2270 1103 2321 particula

69 2325 119 2376 δὲ,
146 2336 316 2367 assumto
347 2342 442 2367 vero
469 2330 517 2372 ὡς
542 2342 591 2366 ex
616 2330 938 2380 Harpocratione,
967 2330 1103 2381 legen-

69 2386 163 2425 dum
196 2388 471 2431 credimuszdoc
502 2386 699 2439 Κλείδημος
717 2389 751 2426 ἐν
769 2403 803 2426 κ.
825 2404 857 2426 τ.
883 2389 917 2426 λ.
950 2390 1102 2428 Omissa

68 2507 353 2538 mus3naucrarus
373 2499 460 2531 idem
482 2498 548 2531 sere
570 2498 748 2540 significat,
777 2498 865 2540 quod
888 2498 1100 2538 demarchus,

68 2546 185 2579 Solone
214 2546 262 2579 sic
288 2546 494 2586 nominante,
527 2547 566 2579 ut
595 2546 782 2579 Aristoteles
816 2554 947 2588 quoque
981 2547 1101 2579 tradit:

68 2593 266 2626 dubitaveris
276 2602 366 2633 vero,
382 2603 462 2626 num
475 2593 509 2626 in
530 2593 656 2634 legibus
677 2595 863 2626 uauerarias
879 2595 912 2627 et
926 2602 1101 2626 naucraros

68 2641 247 2674 secundum
259 2642 445 2674 naucrarias
457 2640 614 2674 creandos
627 2641 844 2673 constituerit.
861 2642 977 2674 Postea
993 2650 1011 2673 a
1023 2643 1101 2674 tem-

67 2687 201 2729 poribus
215 2688 391 2721 Clisthenis
404 2689 438 2721 in
454 2698 517 2721 usu
537 2691 628 2721 erant
638 2688 798 2720 vocabula
815 2688 906 2720 demi
920 2691 953 2721 et
967 2688 1099 2722 demar-

67 2734 123 2767 chi
140 2736 239 2776 (quod
265 2735 361 2769 docet
373 2736 564 2769 Aristoteles
576 2736 608 2768 in
623 2735 778 2777 Politia),
798 2738 926 2768 servata
942 2744 980 2768 ea
996 2737 1100 2778 reipu-

67 2780 158 2815 blicae
170 2783 307 2823 ratione,
322 2793 421 2825 quam
435 2784 532 2816 Solon
545 2783 768 2816 constituerat.
784 2783 903 2816 Tribus
918 2787 1009 2817 erant
1022 2794 1099 2826 qua-

69 2829 164 2869 tuor,
185 2831 221 2862 ut
250 2832 346 2863 antea
362 2855 372 2871 ‚
399 2831 544 2864 tribuum
568 2839 658 2872 reges
682 2831 760 2863 item
775 2833 935 2872 quatuor3
962 2832 1099 2873 singulae

67 2875 172 2909 tribus
192 2877 227 2909 in
251 2880 359 2910 ternas
383 2879 512 2920 trittyes
525 2880 558 2911 et
581 2878 749 2911 duodenas
774 2878 960 2911 nauci-arias
985 2879 1099 2912 divisae

67 2924 167 2956 erant.
182 2924 347 2958 Clidemus
362 2926 443 2958 libio
458 2926 552 2959 tertio
571 2926 677 2959 dicit:
694 2927 832 2964 «Quum
851 2926 1030 2959 Clisthenes
1047 2927 1098 2959 de-

67 2976 136 3000 cem
152 2970 258 3004 tribus
274 2972 501 3006 substituisset
515 2975 670 3015 quattuor
682 2973 746 3006 illis
750 2981 840 3015 ,quae
850 2975 945 3006 antea
957 2974 1096 3014 fuerant,

67 3014 187 3049 sactum
201 3021 261 3059 est,
276 3020 357 3052 utin
373 3021 608 3062 quinquaginta
622 3030 752 3062 quoque
764 3025 872 3062 partes
884 3021 1097 3053 Athenienses

67 3061 298 3104 dividerentur,
314 3075 436 3109 eosque
452 3068 498 3100 ita
521 3068 643 3100 divisos
658 3068 822 3100 vocabant
836 3067 1038 3108 nauerarias,
1061 3070 1097 3100 ut

67 3116 154 3142 nunc
168 3110 202 3142 in
217 3114 347 3145 centum
361 3117 469 3155 partes
488 3114 680 3147 distributos
701 3118 820 3148 vocant
835 3114 1065 3156 symmorias.

314 3170 468 3210 LIBER
496 3170 844 3210 DUODECIMUS.

109 3274 199 3308 Putei
209 3274 463 3315 Agamemnonii.
477 3231 616 3308 Narraei'nt
632 3277 905 3317 Agamemnonem
919 3282 1019 3316 prope
1033 3276 1095 3305 Au-

67 3318 163 3352 lidem
179 3323 210 3353 et
226 3322 259 3353 in
275 3320 388 3353 multis
401 3322 536 3354 Graeciae
551 3322 632 3355 locis
649 3324 764 3364 puteos
779 3322 900 3355 fodisse
910 3345 919 3362 ‚
938 3323 976 3354 ut
991 3320 1094 3353 Clide-

67 3375 140 3400 mus
153 3368 232 3401 libro
248 3368 441 3401 duodecimo
456 3369 609 3402 Atthidis.

2130 160 2203 194 361

1172 235 1342 274 auctoris
1363 235 1502 274 notitia
1522 235 1621 275 hanc
1646 248 1726 274 rem
1753 236 1928 275 Eustath.
1956 237 2005 275 ad
2034 238 2076 277 ΙΙ.
2098 240 2149 289 Δ,
2165 253 2206 293 p.

1173 294 1245 338 461
1289 297 1403 333 Rom.
1440 295 1572 347 paullo
1601 295 1750 347 plenius
1781 295 1938 335 exhibet
1960 311 1970 336 ι
1992 296 2209 350 Ἀγαμεμνό-

1171 366 1248 390 νεια
1264 351 1408 406 ἅδονταί
1427 369 1507 392 τινα
1526 352 1679 408 φρέατα,
1699 352 1776 393 ἐπεὶ
1774 354 1878 426 ὐπερι
1896 354 2072 407 Ἀττικὴν,
2099 357 2207 409 φασὶ,

1171 410 1270 449 καὶ’
1254 427 1289 449 εν
1321 410 1443 452 Αυλίδι
1461 412 1522 451 καὶ
1543 414 1729 466 πολλαχου
1752 430 1816 462 της
1838 413 2059 461 Ἑλλάδος’
2034 432 2064 455 ω
2067 416 2163 472 ρυξεν
2189 420 2208 457 ὁ

1172 467 1403 521 Ἀγαμέμνων
1427 470 1572 525 φρέατα.
1591 475 1650 511 Ex
1673 487 1752 524 quo
1769 473 2020 526 intelligitur,
2044 475 2208 515 Siebelis

1171 527 1236 574 ait,
1254 542 1325 567 cur
1341 530 1562 568 Clidemus
1551 545 1590 569 1n
1606 532 1763 571 Atthide
1782 546 1863 571 rem
1881 533 1994 572 istam
2011 535 2206 586 tetigerit·

1172 596 1211 625 et
1235 588 1365 626 forsan
1388 589 1493 640 apud
1519 591 1755 640 Hesychium
1783 593 1885 630 inter
1903 591 2148 646 Ἀγαμέμνονα
2169 603 2209 634 et

1171 645 1252 701 περὶ
1274 647 1501 685 excidezunt
1519 648 1622 687 haec:
1642 651 1677 689 ἐν
1695 653 1740 703 τῇ
1762 650 1903 705 Ἀττικῇ
1927 651 2006 690 mc.-

1295 760 1628 801 FRAGMENTA
1658 763 1901 853 {igCERTAE
1924 763 2082 804 SEDIS.

1225 866 1354 906 Schol.
1372 866 1508 919 Eurip.
1522 868 1626 908 Med.
1646 882 1711 917 19·
1729 867 1820 921 Περὶ
1838 867 1874 906 δὲ
1887 871 1950 917 τῆς
1960 868 2134 923 Κρέοντος
2150 873 2209 909 θυ-

1170 924 1297 979 γατρὸς
1317 926 1384 978 οὐχ
1408 928 1630 979 ὁμοφωνοῦσι
1658 928 1710 980 τῷ
1727 926 1901 980 Εὐριπίδῃ
1925 929 1957 966 οἱ
1986 934 2207 983 συγγραφεῖς.

1172 983 1414 1036 Κλειτόδημος
1435 982 1498 1036 μὲν
1518 984 1585 1039 γὰρ
1605 984 1787 1039 Κρέουσάν
1808 1001 1894 1039 φησι
1915 988 2118 1038 καλεῖσθαι,
2138 989 2208 1041 γή-

1173 1046 1308 1096 μασθαι
1326 1043 1363 1082 δὲ
1383 1042 1530 1097 Ξουθῳ,
1548 1043 1794 1098 Ἀναξικράτης
1812 1044 1849 1082 δὲ
1866 1045 2045 1094 Γλαύκην.

1224 1108 1325 1143 Num
1342 1103 1579 1143 Clitodemus
1590 1104 1763 1142 Creontis
1776 1104 1891 1142 filiam
1904 1107 2030 1144 Xuthi
2046 1120 2209 1146 uxorem

1171 1163 1334 1213 dixerit,
1349 1163 1440 1215 jure
1463 1163 1671 1202 dubitabis.
1695 1163 1921 1202 Confuderit
1942 1165 2060 1216 igitur
2083 1167 2207 1204 Scho-

1171 1224 1282 1262 liasta
1299 1223 1398 1261 hanc
1415 1223 1657 1262 Corinthiam
1676 1225 1859 1261 Creusam
1880 1237 1969 1262 cum
1983 1225 2207 1264 Atheniensi

1171 1282 1379 1322 Erechthei
1392 1282 1482 1321 filia.
1663 1336 1678 1373 1
1690 1335 1722 1374 l

1223 1389 1365 1428 Athen.
1382 1392 1449 1434 VI,
1462 1389 1552 1440 6,ρ.
1567 1388 1657 1436 235,
1670 1392 1734 1427 A:
1756 1387 1981 1439 Κλείδημος’
1965 1404 2000 1427 εν
2019 1391 2063 1442 τῇ
2082 1387 2210 1429 Ἀτθίδι

1169 1447 1301 1501 φησί’(
1292 1447 1401 1487 «Καὶ
1418 1446 1609 1501 παράσιτοι
1628 1445 1660 1484 δ’
1658 1444 1910 1539 1ᾑὶρέθησαν
1871 1449 1922 1500 τῷ
1937 1446 2155 1500 Ἡρακλεῖ.»

1223 1554 1392 1593 Suidas·
1383 1582 1392 1591 .
1413 1552 1501 1593 Ἔπι
1524 1552 1758 1606 Παλλαδίῳ..
1777 1552 2054 1604 ,Κλειτόδημος
2076 1552 2116 1592 δέ
2134 1569 2208 1608 φη-

1170 1629 1238 1663 σιν,
1256 1611 1512 1666 Ἀγαμέμνονος
1534 1610 1596 1650 σὺν
1621 1614 1674 1665 τῷ
1696 1583 1893 1666 Παλλαδίῳ
1917 1612 2209 1665 προσενεχθέντος

1170 1671 1344 1721 Ἀθήναις,
1381 1673 1607 1726 Δημοφῶντα
1637 1670 1796 1723 ἁρπάσαι
1824 1671 1864 1709 τὸ
1898 1671 2114 1721 Παλλάδιον,
2147 1672 2208 1711 καὶ

1168 1730 1320 1775 πολλοὺς
1341 1733 1410 1769 τῶν
1436 1729 1634 1769 διωκόντων
1652 1731 1798 1770 ἀνελεῖν.
1819 1732 1895 1770 Τοῦ
1916 1729 1953 1768 δὲ
1974 1730 2205 1782 Ἀγαμέμνο-

1167 1810 1224 1839 νος
1252 1792 1557 1848 δυσχεραίνοντος,
1593 1792 1707 1847 κρίσιν
1740 1792 1866 1836 αὐτοὺς
1897 1794 2065 1844 ὑποσχεῖν
2099 1792 2157 1831 ἐπὶ
2178 1791 2209 1831 ν’

1168 1852 1360 1901 Ἀθηναίων
1377 1851 1437 1891 καὶ
1455 1851 1487 1890 ν’
1498 1851 1674 1906 Ἀργείων,
1691 1851 1749 1896 οὒς
1768 1850 1921 1905 Ἐφέτας
1936 1852 2129 1901 κληθῆναι,
2149 1850 2208 1890 διὰ

1165 1912 1206 1951 τὸ
1221 1911 1308 1966 παρ’
1324 1910 1532 1966 ἀμφοτέρων
1552 1912 1716 1965 ἐφεθῆναι
1730 1914 1847 1954 αὐτοῖς
1862 1910 1907 1949 τὰ
1920 1913 1982 1958 τῆς
1994 1911 2152 1964 κρίσεως.

1219 1972 1500 2011 Antecedentia
1530 1985 1566 2009 v.
1597 1971 1636 2008 in
1662 1970 1900 2009 Phauodemi
1924 1970 1972 2008 fr.
2007 1973 2096 2009 XII.
2130 1974 2208 2009 Ea·-

1168 2033 1256 2070 dem
1280 2039 1432 2070 exstant
1465 2032 1505 2069 in
1539 2033 1668 2081 Etym.
1704 2033 1771 2078 M,
1807 2029 1914 2081 apud
1957 2030 2132 2077 Eustath.
2157 2030 2206 2068 ad

1165 2092 1302 2142 Odyss.
1317 2094 1363 2139 A,
1382 2105 1421 2143 p.
1445 2096 1558 2141 1419,
1570 2090 1817 2141 Apostolium
1836 2093 1942 2137 VIII,
1963 2095 2026 2134 42.
2049 2092 2206 2141 Harpo-

1165 2151 1312 2189 cration
1347 2158 1386 2188 et
1404 2150 1646 2188 Phavorinus
1665 2163 1694 2187 s.
1716 2163 1752 2187 v.
1770 2148 1856 2188 Ἐπὶ
1875 2148 2069 2201 Παλλαδίῳ
2087 2149 2206 2186 Clito-

1164 2210 1320 2248 demum
1335 2217 1560 2260 sequuntur,
1588 2221 1822 2259 quamquam
1858 2208 2001 2245 nullam
2032 2208 2115 2259 ejus
2144 2208 2203 2246 sa—

1164 2270 1271 2307 ciunt
1308 2269 1555 2307 mentionem.
1574 2267 1710 2311 Αὐτοὺς
1739 2276 1827 2306 ante
1848 2269 2015 2319 ὑποσχεῖν
2043 2267 2204 2306 Siebelis

1162 2329 1346 2375 inseruit;
1381 2328 1486 2366 idem
1517 2341 1566 2366 ex
1600 2331 1830 2379 Harpocrat.
1855 2335 1893 2364 et
1909 2327 2129 2366 Phavorino
2161 2325 2205 2364 τὰ

1161 2390 1224 2435 τῆς
1254 2387 1401 2442 κρίσεως
1434 2401 1510 2439 pro
1535 2386 1615 2440 περὶ
1646 2389 1707 2434 τῆς
1739 2385 1887 2440 κρίσεως
1923 2386 2087 2437 scripsit.
2118 2390 2202 2424 Eu-

1293 2499 1616 2539 FRAGMENTA
1643 2497 1888 2538 INCERTAE
1917 2497 2075 2536 SEDIS.

1653 2581 1714 2614 10.

1204 2647 1251 2677 De
1266 2644 1415 2679 Creontis
1432 2643 1708 2685 (Corinthiorum
1724 2644 1826 2683 reqis)
1840 2641 1905 2673 filia
1914 2649 1979 2672 non
1992 2639 2201 2672 consentiunt

1161 2700 1236 2724 cum
1254 2691 1404 2733 Euripide
1429 2692 1614 2732 scriptores.
1641 2690 1844 2723 Clitodemus
1868 2688 1933 2727 ait,
1956 2696 2027 2719 eam
2045 2686 2199 2728 appellari

1160 2742 1331 2779 Creusam,
1348 2739 1498 2780 nupsisse
1517 2741 1624 2770 autem
1648 2737 1760 2770 Xutho
1771 2746 1781 2776 ;
1803 2735 2012 2768 Anaxicrates
2031 2743 2109 2767 vero
2126 2743 2198 2767 eam

1160 2787 1238 2820 dicit
1254 2787 1423 2820 Glaucam.

1647 2844 1663 2875 1
1676 2843 1690 2875 l
1701 2866 1709 2875 .

1201 2909 1368 2943 Clidemus
1384 2908 1417 2940 in
1439 2906 1570 2940 Atthide
1594 2905 1673 2938 dicit
1695 2914 1703 2936 :

1159 2957 1300 2990 Herculi.
1318 2969 1335 2985 »

1740 2917 1756 2932 «
1772 2905 1814 2937 Et
1850 2903 1982 2945 parasiti
2008 2903 2102 2936 electi
2118 2906 2197 2936 sunt

1644 3015 1706 3048 12.

1198 3087 1399 3120 Clitodemus
1415 3086 1528 3118 auctor
1540 3086 1601 3125 est,
1612 3087 1852 3126 Agamemnone
1861 3091 1936 3115 cum
1944 3082 2088 3115 Palladio
2100 3082 2192 3115 Athe-

1156 3144 1215 3166 nas
1223 3134 1412 3176 appellente,
1420 3133 1678 3173 Demophontem
1693 3131 1727 3163 id
1737 3130 1883 3172 rapuisse
1889 3134 1922 3163 et
1930 3129 2190 3172 persequentium

1157 3181 1277 3212 multos
1294 3180 1506 3212 interfecisse.
1523 3181 1765 3219 Agamemnone
1786 3178 1895 3210 autem
1914 3178 1977 3210 hoc
1992 3177 2134 3218 graviter
2150 3176 2191 3209 se-

1156 3230 1247 3259 rente
1260 3251 1269 3267 ,
1294 3227 1453 3268 judicium
1476 3235 1514 3258 ea
1534 3226 1575 3258 de
1601 3235 1635 3258 re
1653 3225 1802 3258 habitum
1826 3233 1899 3258 esse
1913 3233 1933 3257 a
1955 3224 2190 3265 quinquaginta

1155 3274 1407 3307 Atheniensibus
1419 3273 1618 3314 totidemque
1642 3273 1772 3314 Argivis
1788 3296 1798 3313 ,
1813 3281 1897 3314 quos
1918 3272 2062 3313 Ephetas
2082 3270 2189 3311 appel-

1156 3321 1236 3353 latos
1255 3329 1326 3352 esse
1341 3320 1442 3360 aiunt,
1457 3320 1544 3361 quod
1565 3320 1606 3352 ab
1623 3322 1760 3362 utraque
1776 3323 1864 3361 parte
1880 3318 2111 3352 controversiae
2122 3317 2187 3349 dis-

1155 3367 1294 3408 ceptatio
1311 3368 1357 3400 eis
1373 3367 1529 3409 permissa
1550 3368 1646 3400 esset.
