2320 3684
176 176 250 211 122

226 258 244 282 ²
264 254 598 314 Παραπλεύσαντες
599 253 633 292 δὲ
652 251 890 314 Θερμώδοντα
919 254 978 292 καὶ
998 254 1200 302 Καύκασον,

174 316 232 354 ἐπὶ
262 317 379 354 Φᾶσιν
399 312 556 364 ποταμὸν
577 306 694 366 ἠλθον.
721 305 834 355 Οὗτος
852 315 915 358 τῆς
933 314 1142 366 Κολχικῆς’
1127 330 1201 352 εστι

173 376 248 425 γῆς.
265 369 591 426 3Καθορμισθείσης
611 363 647 408 83
665 385 726 415 της
736 369 834 419 νηὸς,
852 374 918 417 ἧκε
936 372 995 410 καὶ
1011 372 1096 427 πρὸς
1111 373 1201 421 Αἰή-

174 447 238 478 την
254 430 392 478 Ἰάσων,
426 428 484 466 καὶ
512 427 557 466 τὰ
578 426 793 478 ἐπιταγέντα
823 428 890 467 υπὸ
914 430 1043 469 Πελίου
1075 430 1200 483 λέγων,

173 488 365 542 παρεκάλει
384 489 500 525 δοῦναι
519 486 559 524 τὸ
578 485 678 540 δέρας
693 487 801 540 αὐτῷ,
818 485 855 525 48
875 487 1029 528 δώσεινε
1017 490 1200 550 υπέσχετο,

174 546 232 585 ἐὰν
249 562 327 589 τους
344 543 566 598 χαλκόποδας
585 543 729 606 ταύρους
748 545 850 596 μόνος
865 547 1069 601 καταζεύξῃ.
1082 542 1200 588 n’'Hei-ow

174 605 210 643 83
228 604 341 657 ἀγριοι
359 604 442 657 παρ’
471 605 567 657 αὐτῷ
586 607 680 641 οὗτοι
708 607 829 658 ταῦροι
858 604 918 644 δύο
930 606 1095 658 ,μεγέθει
1123 609 1202 646 δια-

175 664 335 718 φέροντες
349 695 359 713 ,
393 665 501 718 δωρον
523 663 736 717 Ἡφαίστου,
770 664 803 703 οἳ
837 667 988 718 χαλκοῦς
1019 667 1080 719 μὲν
1105 672 1200 721 εἶχον

173 722 304 771 πόδας,
323 726 394 776 πῦρ
417 722 492 761 83³
477 739 517 761 εκ
537 723 722 774 στομάτων
742 722 888 777 ἐφύσων.
906 726 922 751 5
937 725 1088 771 Τούτους
1107 729 1202 780 αὐτῷ

174 781 365 827 ζεύξαντι’
350 781 564 821 επετάσσετο
579 782 732 835 σπείρειν
750 782 935 835 δράκοντος
950 785 1113 830 ὀδόντας·
1129 790 1203 838 εἶχε

173 841 240 895 γὰρ
259 840 379 879 λαὸὼν
399 841 484 894 παρ’
508 841 650 888 Ἀθηνᾶς
677 840 755 884 τους
790 842 951 893 ἡμίσεις,
981 846 1029 882 ὧν
1057 844 1203 896 Κάδμος

174 899 332 952 ἔσπειρεν
361 901 395 938 ἐν
425 899 574 947 Θήὸαις.
596 900 613 924 ⁶
626 900 850 953 Ἀποροῦντος
878 901 914 940 δὲ
935 906 996 941 τοῦ
1028 902 1203 951 Ἰάσονος,

173 957 289 1002 πῶς
272 975 313 997 αν
352 957 491 997 δύναιτο
525 958 605 1002 τοὺς
631 957 778 1011 ταύρους
797 960 1029 1008 καταζεῦξαι,
1063 961 1204 1008 Μήδεια

175 1019 280 1056 αὐτοῦ
299 1016 414 1072 ἔρωτα
432 1017 538 1069 ἴσχει,
559 1011 630 1057 ’Ἦν
650 1017 686 1056 83
705 1015 794 1066 αὕτη
815 1019 970 1072 θυγάτηρ
992 1019 1125 1067 Αἰήτου
1145 1019 1204 1058 καὶ

175 1077 300 1120 Ἰδυίας
321 1080 382 1123 τῆς
411 1076 597 1124 Ὠκεανοῦ,
631 1078 823 1131 φαρμακίς.
844 1074 860 1099 7
873 1078 1057 1117 Δεδοικυῖα
1075 1076 1134 1127 83,
1155 1076 1204 1128 μὴ

173 1135 259 1188 πρὸς
282 1137 350 1173 τῶν
373 1133 510 1188 ταύρων
531 1135 723 1189 διαφθαρῇ,
745 1134 860 1189 κρύφα
878 1138 939 1173 τοῦ
966 1133 1095 1189 πατρὸς
1120 1150 1206 1173 συν-

174 1194 333 1247 εργήσειν
349 1195 443 1247 αὐτῷ
458 1192 543 1246 πρὸς
556 1191 619 1240 τὴν
639 1194 841 1239 κατάζευξιν
855 1195 924 1231 τῶν
938 1192 1075 1266 ταύρων
1094 1194 1204 1243 ἐπηγ-

174 1253 332 1304 γείλατο,
358 1252 416 1290 καὶ
440 1252 480 1290 τὸ
511 1252 612 1304 δέρας
641 1254 840 1306 ἐγχειριεῖν,
865 1250 924 1289 ἐὰν
949 1250 1072 1302 ὂμώσῃ
1097 1250 1205 1298 αὐτὴν

174 1310 260 1356 ἕξειν
288 1316 454 1363 γυναῖκα,
476 1309 536 1348 καὶ
562 1311 610 1353 εἰς
624 1309 785 1349 Ἑλλάδα
807 1309 987 1360 σύμπλουν
1019 1309 1206 1360 ἀγάγηται.

173 1370 191 1395 ⁸
200 1368 414 1421 Ὀμόσαντος
432 1367 468 1406 83
481 1367 652 1417 Ἰάσονος,
669 1367 854 1422 φάρμακον
874 1366 1065 1420 δίδωσιν,“
1045 1383 1074 1404 ω
1093 1383 1207 1405 κατα-

175 1428 355 1480 ζευγνύναι
376 1427 550 1477 μελλοντα
568 1425 646 1471 τους
666 1426 815 1480 ταύρους
829 1424 989 1464 ἐκέλευσε
1008 1430 1130 1478 χρῖσαι
1142 1424 1206 1472 τήν

173 1503 212 1525 τε
229 1486 361 1524 ἀσπίδα
380 1484 441 1523 καὶ
461 1485 501 1523 τὸ
524 1483 605 1538 δόρυ
627 1484 743 1523 καὶτὸ
762 1487 867 1536 σῶμα
879 1500 886 1508 ·
904 1482 1016 1537 τούτῳ
1034 1482 1102 1537 γὰρ
1121 1499 1206 1538 χρι-

176 1545 323 1592 σθέντα,
350 1543 416 1597 ἔφη
444 1543 530 1598 πρὸς
562 1543 644 1596 μίαν
671 1543 807 1597 ἡμέραν
831 1542 920 1594 μήτε
943 1542 983 1581 ἂν
1004 1541 1072 1581 ὑπὸ
1101 1542 1208 1597 πυρὸς

174 1602 461 1651 ἀδικηθήσεσθαι,
474 1601 563 1653 μήτε
579 1601 645 1640 ὕπὸ
659 1602 813 1656 σιδήρου.
828 1601 1033 1649 9Ἐδήλωσε
1051 1600 1086 1640 83
1100 1603 1207 1654 αὐτῷ,

175 1661 415 1715 σπειρομένων
445 1663 514 1699 τῶν
540 1660 702 1707 ὀδόντων,
741 1663 781 1700 ἐκ
813 1665 877 1713 γῆς
912 1661 1038 1713 ἄνδρας
1066 1659 1205 1711 μέλλειν

176 1720 387 1759 ἀναδύεσθαι
416 1719 472 1758 ἐπ’
496 1719 598 1758 αὐτὸν
628 1719 963 1771 καθωπλισμένους,
981 1718 1056 1763 οὓς,
1077 1718 1206 1770 ἔλεγεν,

174 1779 315 1818 ἐπειδὰν
345 1778 488 1832 ἀθρόους
508 1778 698 1826 θεάσηται,
721 1778 834 1831 βάλλῃ
868 1779 914 1821 εἰς
952 1776 1058 1828 μέσον
1092 1777 1206 1821 λίθους

177 1837 321 1876 ἄποθεν·
345 1836 427 1875 ὅταν
461 1835 495 1874 83
517 1836 603 1890 ὑπὲρ
623 1836 745 1875 τούτου
781 1837 966 1889 μάχωνται
985 1835 1070 1888 πρὸς
1098 1836 1208 1883 ἀλλή-

177 1898 255 1939 λους
269 1927 278 1944 ,
299 1895 377 1934 τότε
396 1896 539 1934 κτείνειν
553 1894 685 1938 αὐτούς.
704 1895 868 1934 10Ἰάσων
880 1893 914 1932 δὲ
928 1898 1029 1932 τοῦτο
1041 1893 1205 1942 ἀκούσας,

175 1955 237 1994 καὶ
257 1954 468 2007 χρισάμενος
492 1956 543 2006 τῷ
576 1954 774 2007 φαρμάκῳ,
793 1952 1072 2007 παραγενόμενος
1105 1955 1151 1996 εἰς
1167 1952 1206 1991 τὸ

175 2018 236 2052 τοῦ
258 2015 326 2051 νεῶ
347 2011 468 2060 ἄλσος,
487 2011 657 2063 ἐμάστευε
676 2011 754 2055 τοὺς
774 2011 938 2065 ταύρους,
955 2011 1015 2049 καὶ
1036 2011 1096 2049 σὺν
1117 2013 1205 2049 πολ-

174 2075 226 2126 λῷ
236 2071 319 2123 πυρὶ
330 2070 553 2124 ὁρμήσαντας
561 2069 682 2113 αὐτοὺς
697 2070 886 2115 κατέζευξε.
901 2071 928 2095 ¹¹
944 2069 1153 2123 Σπείροντος
1171 2069 1206 2108 83

177 2133 282 2169 αὐτοῦ
321 2129 399 2173 τοὺς
426 2128 565 2172 ὀδόντας
578 2159 588 2177 ,
619 2128 800 2168 ἀνέτελλον
835 2130 874 2167 ἐκ
905 2131 966 2176 τῆς
1000 2131 1064 2180 γ’ἧς
1089 2127 1207 2182 ἄνδρες

178 2189 338 2228 ἔνοπλοι·
356 2192 375 2227 ὁ
398 2188 454 2236 δὲ,
474 2187 560 2226 ὅπου
580 2188 742 2231 πλείονας
762 2187 875 2241 ἑώρα,
903 2189 1041 2240 βάλλων
1066 2189 1206 2240 ἀφανεῖς

175 2249 287 2291 λίθους
301 2279 311 2296 ,
324 2246 410 2300 πρὸς
426 2246 549 2290 αὐτοὺς
571 2246 790 2299 μαχομένους
807 2246 891 2300 πρὸς
906 2245 1078 2293 ἀλλήλους
1096 2261 1206 2299 προσ-

177 2307 250 2356 ιὼν,
268 2306 396 2359 ἀνῄρει.
411 2306 549 2356 12[Καὶ]
567 2304 894 2357 καταζευγνυμένων
908 2307 977 2344 τῶν
985 2303 1135 2357 ταύρων,
1146 2307 1207 2343 οὐκ

176 2366 288 2405 ἐδίδου
316 2365 356 2404 τὸ
382 2365 481 2418 δέρας
504 2364 657 2412 Αἰήτης·
681 2364 845 2403 ἐδούλετο
877 2363 912 2402 83
939 2364 1002 2410 τήν
1030 2379 1068 2401 τε
1095 2363 1205 2417 Ἀργὼ

176 2423 410 2479 καταφλέξαι,
432 2423 491 2462 καὶ
515 2429 648 2462 κτεῖναι
660 2422 971 2474 τοὺςέμπλέοντας.
988 2422 1206 2461 13Φθάσασα

177 2483 214 2522 δὲ
237 2483 397 2531 Μήδεια,
419 2482 478 2520 τὸν
499 2482 639 2521 Ἰάσονα
662 2482 783 2527 νυκτὸς
805 2481 863 2520 ἐπὶ
883 2481 922 2520 τὸ
953 2481 1053 2535 δέρας
1082 2481 1204 2533 ἤγαγε.

178 2542 252 2583 Καὶ
280 2542 338 2580 τὸν
374 2540 596 2595 φυλάσσοντα
632 2541 804 2595 δράκοντα
833 2539 1118 2591 κατακοιμίσασα
1139 2546 1206 2585 τοῖς

178 2600 375 2656 φαρμάκοις
387 2630 398 2650 ,
417 2598 507 2651 μετὰ
523 2598 676 2643 Ἰάσονος
687 2628 697 2646 ,
718 2599 848 2651 ἔχουσα
867 2598 906 2637 τὸ
924 2598 1023 2652 δέρας
1039 2629 1048 2647 ,
1066 2599 1124 2637 ἐπὶ
1141 2598 1204 2646 τὴν

177 2658 289 2714 Ἀργὼ
306 2658 527 2712 παρεγένετο.
548 2657 738 2698 Συνείπετο
763 2657 799 2696 83
825 2660 912 2710 αὐτῇ
939 2657 999 2696 καὶ
1019 2661 1036 2696 ὃ
1059 2658 1205 2712 ἀδελφὸς

175 2718 354 2772 Ἄψυρτος.
375 2720 424 2757 Οἱ
444 2716 479 2756 δὲ
500 2716 621 2761 νυκτὸς
644 2715 731 2768 μετὰ
747 2717 877 2756 τούτων
897 2716 1113 2768 ἀνήχθησαν.

229 2777 308 2830 (24)
332 2776 465 2824 Αἰήτης
493 2775 530 2814 83
563 2774 722 2828 ἐπιγνοὺς
746 2774 847 2828 τὰτῇ
871 2774 1011 2828 Μηδείᾳ
1028 2776 1206 2825 τετολμη-

178 2835 286 2885 μένα,
311 2834 457 2887 ὥρμησε
490 2833 554 2882 τὴν
592 2838 675 2872 ναῦν
710 2833 858 2875 διώκειν.
892 2833 1029 2872 Ἰδοῦσα
1049 2832 1084 2871 83
1104 2832 1204 2871 αὐτὸν

176 2894 325 2941 πλησίον
339 2893 423 2932 ὄντα
443 2893 584 2940 Μήδεια
597 2922 607 2940 ,
626 2893 684 2931 τὸν
706 2892 853 2946 ἀδελφὸν
876 2891 1029 2945 φονεύει,
1055 2891 1116 2930 καὶ
1139 2908 1206 2943 με-

177 2951 306 2989 λίσασα
319 2951 410 2990 κατὰ
429 2954 532 3004 βυθοῦ
553 2951 676 3004 ῥίπτει.
692 2951 952 3025 2Συνεαθροίζων
962 2949 998 2988 δὲ
1012 2951 1145 2998 Αἰήτης
1161 2949 1205 2988 τὰ

178 3013 237 3046 τοῦ
257 3009 379 3052 παιδὸς
398 3009 487 3060 μέλη
501 3041 510 3056 ,
532 3025 594 3056 της
615 3008 760 3054 διώξεως
779 3008 957 3063 ὑστέρησε.
973 3007 1135 3061 Διόπερε
1122 3024 1207 3046 υπο-

180 3066 352 3119 στρέψ,ας
367 3068 426 3105 καὶ
440 3067 484 3105 τὰ
503 3068 592 3106 σωθε
593 3083 657 3106 ντα
675 3072 736 3106 τοῦ
753 3067 875 3112 παιδὸς
893 3066 982 3119 μέλη
997 3067 1127 3120 θάψας,
1146 3066 1204 3105 τὸν

179 3126 283 3164 τόπον
299 3126 554 3178 προσηγόρευσε
571 3126 722 3177 Τόμους.
740 3126 923 3171 3Πολλους
935 3126 970 3165 δὲ
956 3129 1044 3165 ετῶν
1054 3125 1204 3179 Κόλχων

179 3182 236 3220 ἐπὶ
262 3181 324 3228 τὴν
342 3182 484 3229 ζήτησιν
512 3200 574 3230 της
599 3185 738 3238 Ἀργοῦς
763 3185 965 3238 ἐξέπεμψεν,
995 3183 1205 3232 ἀπειλήσας,

180 3239 272 3291 εἰμὴ
292 3240 448 3287 Μήδειαν
475 3241 623 3289 ἄξουσιν,
648 3243 770 3288 αὖτοὺς
787 3244 968 3283 πείσεσθαι
995 3242 1039 3281 τὰ
1059 3242 1204 3290 ἐκείνης.

177 3300 223 3338 Οἳ
245 3297 280 3335 δὲ
297 3299 533 3350 διασχεθέντες
551 3300 653 3344 ἄλλος
674 3303 830 3355 ἀλλαχοῦ
849 3302 992 3350 ζήτησιν
1012 3303 1202 3341 ἐποιοῦντο.

232 3357 339 3400 4Τοῖς
365 3357 401 3394 83
421 3356 661 3410 Ἀργοναύταις
677 3359 735 3397 τὸν
751 3360 934 3414 Ἠριδανὸν
958 3360 1116 3399 ποταμὸν
1137 3361 1203 3408 ἤδη

762 168 1143 208 ΑΠΟΛΛΟΔΩΡΟΥ
1177 166 1523 212 ΒΙΒΑΙΟΘΗΚΗΣ
1551 175 1597 226 Α,
1625 174 1666 214 θ’.

1293 271 1309 291 ²
1318 271 1402 302 Tum
1416 271 1687 306 Thermodontem
1703 276 1734 308 et
1749 278 1931 309 Caucasum
1946 279 2146 318 praetervecti
2161 289 2282 315 venere

1253 334 1292 367 ari
1311 336 1448 378 Phasin,
1465 339 1520 380 qui
1533 340 1652 373 fluvius
1667 344 1716 374 est
1737 344 1829 375 terrae
1845 343 2017 376 Colchicae.
2035 346 2145 378 ³Nave
2161 346 2194 378 in
2208 355 2277 388 por-

1252 399 1323 430 tum
1336 399 1459 442 delata,
1477 402 1518 434 ad
1538 405 1650 436 AEeten
1666 405 1833 438 contendit
1853 408 1959 446 Iason,
1975 409 2007 439 et
2028 409 2183 449 expositis
2203 419 2278 451 quae

1254 463 1316 496 sibi
1329 473 1348 496 a
1357 466 1444 498 Pelia
1453 467 1607 508 imperata
1617 471 1737 510 essent,
1752 471 1901 511 poposcit
1913 471 1953 503 ab
1963 481 2002 504 eo
2013 473 2116 506 vellus
2129 483 2276 516 aur-euim

1255 528 1359 568 *quod
1372 539 1407 563 se
1421 530 1572 564 daturum
1582 535 1689 566 AEetes
1695 535 1858 576 pollicitus
1871 537 1932 576 est,
1947 537 1974 569 si
1989 537 2078 570 solus
2090 537 2152 570 sub
2164 541 2278 581 jugum

1254 595 1398 628 misisset
1426 599 1536 630 tauros
1560 599 1727 640 aeripedes.
1753 602 1854 633 Erant
1885 601 1963 642 duo,
1992 611 2076 643 quos
2097 612 2116 635 a
2132 604 2278 638 vulcano

1254 661 1419 700 acceperat
1435 659 1560 693 feritate
1578 670 1638 694 sua
1659 664 1692 695 et
1709 664 1852 704 corporis
1874 665 2093 706 magnitudine
2115 666 2280 708 insignes;

1254 731 1354 755 aereos
1365 724 1463 765 pedes
1478 725 1639 759 habebant
1653 730 1749 769 atque
1766 729 1912 762 flammas
1929 739 1983 763 ore
2001 731 2174 772 spirabant.
2197 733 2280 766 ιε1105

1254 790 1427 829 postquam
1438 789 1516 831 jugo
1525 791 1698 832 junxisset,
1712 796 1749 825 ut
1758 794 1907 827 draconis
1923 795 2036 828 dentes
2051 799 2171 829 sereret
2182 797 2281 840 impe-

1257 851 1350 884 ravit.
1365 855 1472 886 AEetes
1487 855 1573 887 enim
1586 864 1604 887 a
1619 856 1764 889 Minerva
1782 861 1948 899 acceperat
1967 859 2140 892 dimidiam
2155 870 2280 904 eorum,

1256 925 1395 957 quorum
1419 918 1551 951 alteram
1570 922 1694 962 partem
1714 922 1833 955 Thebis
1858 925 1984 956 severat
2000 925 2152 958 Cadmus.
2168 930 2184 950 ⁸
2195 928 2282 960 Dum

1256 989 1334 1013 vero
1347 983 1449 1015 nescit
1464 986 1559 1016 Iason
1573 993 1713 1026 quanam
1730 989 1798 1020 arte
1818 989 1929 1020 tauros
1953 987 2155 1031 subjugaret,
2171 992 2284 1026 Medea

1257 1045 1343 1078 illius
1350 1055 1458 1080 amore
1467 1048 1602 1089 capitur.
1611 1051 1690 1083 Haec
1695 1053 1762 1084 erat
1769 1053 1868 1084 AEetae
1880 1052 1943 1084 filia
1950 1062 1990 1086 ex
1999 1054 2092 1095 Idyia
2101 1058 2228 1089 Oceano
2234 1065 2284 1098 ge-

1258 1110 1336 1151 nita,
1350 1112 1512 1144 veneficiis
1527 1116 1560 1146 et
1574 1113 1845 1148 incantationibus
1862 1116 2007 1158 insignis.
2021 1120 2119 1157 ⁷Quae
2127 1120 2230 1152 verita
2243 1129 2284 1153 ne

1258 1176 1357 1206 Iason
1369 1184 1389 1207 a
1404 1177 1506 1209 tauris
1523 1178 1721 1219 perderetur,
1742 1179 1825 1212 clam
1841 1183 1932 1222 patre
1945 1182 2066 1215 sociam
2086 1183 2148 1225 ipsi
2168 1193 2203 1216 se
2216 1184 2287 1217 sore

1260 1238 1301 1270 ad
1314 1248 1370 1271 eos
1383 1240 1565 1281 jungendos
1575 1266 1585 1283 ,
1603 1245 1700 1284 atque
1715 1244 1819 1277 vellus
1835 1255 1964 1288 quoque
1981 1256 2115 1280 aureum
2134 1248 2284 1282 daturam

1260 1311 1331 1335 esse
1371 1304 1532 1345 promisit,
1564 1305 1592 1337 si
1613 1306 1823 1347 jurejurando
1853 1309 2057 1350 polliceretur
2086 1320 2122 1344 se
2149 1322 2284 1346 uxorem

1259 1366 1363 1408 ipsam
1377 1368 1552 1400 ducturum
1565 1371 1597 1402 et
1609 1378 1718 1402 secum
1733 1370 1767 1402 in
1782 1373 1943 1405 Graeciam
1958 1383 2040 1407 nave
2054 1379 2280 1416 pervectuwm

1259 1440 1342 1465 esse.
1362 1432 1414 1465 ⁸Id
1426 1435 1599 1474 postquam
1614 1435 1834 1475 praestiturum
1849 1446 1884 1469 se
1902 1439 1996 1470 lason
2006 1439 2181 1483 Jnraverat,
2194 1442 2285 1483 phas-

1260 1506 1390 1529 macum
1403 1498 1503 1538 dedit,
1521 1507 1599 1540 quo,
1619 1499 1675 1532 ubi
1697 1502 1808 1534 tauros
1823 1501 1886 1534 sub
1901 1503 2015 1544 jugum
2030 1504 2159 1538 mittere
2175 1506 2283 1547 vellet,

1260 1561 1410 1603 clypeum
1438 1565 1471 1595 et
1497 1563 1623 1596 hastam
1648 1573 1686 1597 ac
1714 1574 1832 1607 corpus
1853 1566 2006 1608 inungere
2026 1570 2189 1611 praecepit.
2214 1572 2285 1604 Hoc
2315 1552 2317 1554 -

1259 1626 1346 1659 enim
1363 1627 1542 1660 delibutum
1564 1637 1620 1669 per
1636 1638 1738 1661 unum
1753 1630 1839 1662 diem
1860 1640 1966 1672 neque
1989 1631 2060 1674 igne
2074 1642 2179 1675 neque
2199 1635 2284 1668 ferro

1259 1693 1334 1725 laedi
1348 1702 1444 1734 posse
1461 1693 1645 1728 affirmavit.
1663 1695 1805 1728 ⁹Eadem
1825 1697 1974 1738 praedixit
1986 1699 2091 1731 Iasoni
2109 1700 2195 1741 sore,
2216 1703 2253 1734 ut
2266 1711 2286 1736 e

1260 1759 1338 1790 satis
1361 1759 1514 1791 dentibus
1529 1760 1592 1792 viri
1607 1762 1694 1793 terra
1711 1761 1872 1794 orirentur
1888 1764 2000 1796 contra
2022 1764 2128 1806 ipsum
2150 1767 2284 1808 armati,

1259 1832 1342 1864 quos
1360 1823 1459 1855 simul
1483 1833 1521 1856 ac
1547 1824 1730 1866 frequentes
1746 1826 1887 1867 videret,
1902 1828 1999 1868 Jussit
2014 1831 2049 1860 ut
2063 1830 2188 1862 eminus
2204 1831 2286 1864 inter

1258 1895 1313 1919 eos
1331 1887 1454 1928 lapides
1470 1887 1659 1928 conjiceret3
1675 1888 1790 1921 deinde
1803 1892 1922 1930 autem,
1932 1891 2061 1932 quando
2073 1901 2109 1924 ea
2123 1893 2164 1925 de
2182 1903 2216 1926 re
2227 1903 2284 1936 pu·

1259 1958 1354 1990 gnam
1382 1950 1465 1982 inter
1480 1959 1514 1982 se
1526 1951 1776 1992 committerent,
1791 1961 1846 1984 eos
1861 1953 2029 1986 occideret.
2052 1958 2079 1978 ¹⁰
2087 1956 2213 1993 Quibus
2231 1966 2284 1990 au-

1259 2013 1336 2045 ditis
1354 2016 1450 2046 Iason
1466 2014 1640 2055 pharmaco
1655 2014 1808 2048 inunctus
1819 2018 1851 2048 et
1866 2017 1978 2058 templi
1989 2017 2101 2050 lucum
2116 2018 2281 2060 ingressus

1259 2082 1369 2112 tauros
1384 2080 1547 2121 quaesivit,
1558 2090 1689 2123 eosque,
1702 2082 1853 2123 quamvis
1867 2083 1985 2116 multas
1997 2083 2143 2118 flammas
2157 2094 2285 2119 vomen-

1260 2147 1307 2178 tes
1321 2145 1352 2177 in
1369 2154 1443 2178 eum
1458 2145 1626 2186 irruerent,
1643 2146 1732 2179 misit
1744 2146 1934 2188 subiugum.
1951 2148 2063 2180 “Satis
2079 2148 2196 2182 deinde
2209 2149 2284 2182 den-
2305 2166 2316 2198 3⁵

1259 2210 1346 2242 tibus
1361 2210 1475 2242 armati
1490 2219 1508 2242 e
1523 2211 1608 2243 terra
1624 2211 1684 2243 viri
1700 2212 1885 2252 prosiluere.
1914 2215 2008 2244 Iason
2023 2212 2077 2245 ubi
2093 2213 2201 2255 plures
2213 2222 2285 2248 esse

1259 2272 1353 2312 vidit,
1372 2272 1524 2313 conjectis
1544 2272 1628 2304 inter
1645 2281 1701 2305 eos
1713 2282 1754 2305 ex
1767 2273 1894 2306 occulto
1906 2274 2086 2316 lapidibus,
2103 2278 2284 2318 pugnantes

1258 2336 1341 2369 inter
1359 2345 1394 2369 se
1406 2337 1538 2369 adortus
1551 2336 1679 2369 occidit.
1697 2339 1766 2370 ¹2At
1782 2338 1857 2370 licet
1864 2340 1972 2371 tauros
1979 2338 2284 2379 domuisset,AEetes

1258 2401 1362 2434 vellus
1377 2410 1442 2434 non
1459 2401 1559 2441 dedit,
1569 2401 1623 2434 sed
1632 2405 1716 2443 Argo
1726 2411 1842 2435 navem
1853 2402 2020 2436 incendere
2032 2406 2064 2436 et
2072 2405 2128 2445 qui
2141 2413 2179 2437 ea
2190 2412 2284 2438 vene·
2294 2438 2296 2442 ‚

1259 2468 1331 2498 rant
1341 2465 1445 2498 voluit
1455 2465 1641 2499 interficere.
1660 2467 1780 2504 ¹⁵Quod
1802 2467 1978 2507 quominus
1998 2467 2086 2501 fieret
2105 2468 2283 2515 impediens
2295 2473 2308 2513 χ’»

1258 2532 1370 2564 Medea
1385 2533 1533 2563 Iasonem
1551 2533 1650 2564 noctu
1663 2530 1756 2563 duxit
1770 2531 1810 2563 ad
1826 2530 1940 2572 vellus,
1966 2539 2079 2572 eoque,
2110 2519 2299 2574 postquam:

1258 2597 1431 2629 draconem
1453 2596 1620 2628 custodem
1637 2605 1761 2628 veneno
1774 2596 1947 2638 sopiverat,
1962 2597 2063 2638 potita
2078 2605 2154 2629 cum
2169 2595 2306 2650 Iasone}

1258 2664 1290 2694 et
1305 2663 1444 2703 Apsyrto
1459 2661 1557 2694 fratre
1571 2661 1613 2693 ad
1630 2664 1712 2702 Argo
1728 2670 1844 2694 navem
1872 2669 1942 2694 sese
1957 2661 2103 2693 contulit.
2121 2663 2301 2702 Argeum-2:

2287 2726 2303 2736 v.—

1259 2730 1301 2758 tae
1317 2735 1392 2759 vero
1405 2735 1479 2758 cum
1499 2726 1586 2758 hisce
1598 2726 1709 2758 eadem
1722 2727 1817 2758 nocte
1831 2734 1945 2758 navem
1959 2725 2136 2758 solverunt.

1302 2785 1368 2826 (24)
1391 2786 1516 2823 AEetes‚
1535 2785 1662 2825 cognita
1691 2785 1812 2817 Medeae
1824 2784 1977 2824 audacia,
1997 2792 2114 2816 navem
2134 2779 2298 2824 persequi
2318 2784 2320 2800 *

1258 2841 1452 2884 properavit.
1471 2843 1577 2878 Quem
1593 2840 1649 2872 ubi
1663 2841 1775 2873 Medea
1788 2841 2097 2883 appropinquantem
2113 2839 2204 2880 vidit,
2222 2839 2294 2874 sm

1259 2903 1340 2933 trem
1357 2900 1483 2941 jugulat
1498 2908 1535 2932 ac
1548 2900 1693 2932 membra
1708 2900 1778 2941 eJus
1791 2899 1984 2932 articulatim
2006 2899 2136 2932 concisa
2156 2898 2234 2940 jacit
2249 2897 2296 2935 in

1258 2958 1466 3000 p1·.0fundum
1487 2959 1607 2990 ²AEetes
1622 2957 1767 2989 membra
1781 2957 1836 2989 filii
1852 2957 2003 2998 colligens
2025 2966 2045 2988 a
2062 2954 2296 3008 persecutionflr

1258 3017 1408 3050 detentus
1422 3019 1482 3049 est.
1499 3019 1605 3054 Quare
1622 3025 1770 3048 reversus
1790 3019 1934 3048 servatos
1953 3015 2044 3056 pueri
2065 3017 2154 3047 artus
2174 3012 2289 3056 sepeli-s

1258 3076 1316 3116 vit,
1328 3084 1466 3116 eumque
1481 3075 1588 3107 locum
1604 3074 1783 3107 nominavit
1792 3077 1921 3107 Tomos.
1938 3074 2071 3106 ³Multos
2081 3073 2196 3106 deinde
2211 3067 2291 3106 coh<

1257 3135 1389 3166 chorum
1406 3133 1447 3166 ad
1460 3136 1543 3175 Argo
1554 3142 1669 3165 navem
1685 3133 1933 3174 perquirendam
1951 3132 2070 3172 emisit,
2087 3132 2202 3173 iisque,
2219 3123 2287 3165 11151

1258 3192 1404 3224 Medeam
1421 3190 1581 3231 captivam
1598 3190 1800 3227 reducerent,
1818 3189 1904 3229 quod
1922 3188 1975 3220 illa
2000 3188 2146 3220 subitura
2167 3173 2302 3239 fuisse}

1259 3251 1453 3292 supplicium
1471 3249 1611 3281 minatus
1627 3249 1688 3280 est.
1711 3250 1753 3280 Hi
1773 3247 1869 3288 igitur
1885 3247 1967 3279 alius
1983 3247 2047 3278 alio
2062 3246 2173 3278 diffusi
2196 3242 2283 3293 Arg&

1258 3318 1373 3342 navem
1386 3307 1585 3350 quaerebant.

1299 3373 1313 3393 ⁴
1334 3371 1369 3400 At.
1386 3369 1583 3408 Argonautas
1599 3365 1774 3398 Eridanum
1792 3365 1948 3397 1111νί11111
1937 3373 2002 3405 jam
2018 3361 2278 3405 praeternavigan-
