2320 3684
129 180 206 221 394

831 164 1150 205 PHILOCHORI
1181 162 1514 204 FRAGMENTA.

125 267 203 307 ὅσον
223 265 296 309 ἔθος
317 259 360 312 ἦν
377 262 541 309 Ἀθήνησι
572 258 650 301 τοὺς
669 257 868 310 ὀφείλοντας
895 256 963 292 τῶν
992 252 1151 300 πενήτων
1211 252 1229 288 ὃ
1247 248 1311 301 μὲν
1327 252 1390 296 τῆς
1406 248 1628 296 διοικήσεως,
1653 247 1699 292 ὥς
1725 263 1810 301 φησι
1836 247 2055 302 Φιλόχορος,
2080 251 2099 288 ὁ
2121 247 2158 287 δὲ
2177 252 2241 298 τῆς

125 326 264 378 σώματι
284 322 487 377 ἐργάζεσθαι
502 325 573 362 τοῖς
588 316 770 370 χρήσταις·
786 312 979 356 ἀποδόντας
993 311 1029 350 δὲ
1048 309 1152 349 οἱονεὶ

125 385 165 423 τὸ
185 384 291 436 ἄχθος
311 379 579 420 ἀποσείσασθαι·
599 378 644 419 ὡς
673 372 865 426 Φιλοχόρῳ
885 369 922 410 δὲ
941 372 1054 420 δοκεῖ,
1068 373 1155 409 ἀπο-

126 445 342 498 ψηφισθῆναι
366 437 405 477 τὸ
424 436 541 489 ἅχθός.

179 501 322 540 Eadem
342 497 484 536 habent
503 494 676 546 Apostol.
706 507 767 542 17,
789 496 837 532 32
855 500 894 530 et
915 489 1043 530 Photii
1062 492 1153 527 Lex.

127 575 165 612 p.
189 561 276 607 373.

613 612 676 650 58.

185 679 222 714 S.
253 675 444 713 Maximus
464 673 502 709 in
519 672 706 709 Prooemio
727 671 776 708 ad
792 674 829 709 S.
845 667 1021 718 Dionysii
1041 671 1159 703 Areo-

131 736 269 788 pagitae
280 737 419 785 Opera,
433 735 615 782 Antverp.
633 732 745 779 1634,
763 731 836 767 vol.
849 732 945 779 II,p.
970 727 1159 765 XXXIV:

132 795 199 833 Ἐκ
220 793 286 846 γὰρ
303 794 372 830 τῶν
393 789 490 828 ἐννέα
512 788 776 840 καθισταμένων
795 786 974 843 ἀρχόντων
997 783 1161 830 Ἀθήνησι

134 852 210 896 τοὺς
225 850 470 906 Ἀρεοπαγίτας
483 847 551 886 ἔδει
572 847 779 887 συνεστάναι
793 843 974 892 δικαστὰς,
997 842 1043 886 ὥς
1057 857 1161 896 φησιν

133 909 335 964 Ἀνδροτίων
367 910 402 946 ἐν
430 906 574 961 δευτέρᾳ
614 908 683 945 τῶν
724 905 902 946 Ἀτθίδων·
945 901 1085 955 ὕστερον
1126 897 1163 936 δὲ

133 968 302 1008 πλειόνων
331 967 471 1019 γέγονεν
497 968 519 1012 ἡ
544 965 580 1010 ἐξ
605 964 735 1019 Ἀρείου
757 964 871 1016 πάγου
889 959 1016 1015 βουλή·
1040 957 1163 997 τουτέ-

135 1044 209 1067 στιν
233 1027 268 1072 ἓξ
294 1027 428 1080 ἀνδρῶν
453 1023 754 1086 περιφανεστέρων
770 1021 986 1069 πεντήκοντα
1004 1018 1063 1057 καὶ
1081 1016 1164 1060 ἑνός.

136 1089 190 1126 Οὐ
213 1086 343 1129 παντὸς
362 1084 483 1138 ἀνδρὸς
498 1087 540 1131 ἠν
554 1085 601 1127 εἷς
619 1082 683 1130 τὴν
707 1081 742 1127 ἐξ
760 1081 890 1136 Ἀρείου
908 1079 1022 1131 πάγου
1039 1075 1165 1130 βουλὴν

135 1147 264 1184 τελεῖν·
294 1144 370 1184 ἀλλ’
398 1146 430 1182 οἱ
457 1143 540 1196 παρ’
567 1141 758 1191 Ἀθηναίοις
794 1138 1029 1194 πρωτεύοντες
1061 1135 1095 1173 ἔν
1129 1151 1167 1173 τε

137 1204 228 1256 γένει
250 1203 309 1241 καὶ
325 1201 467 1255 πλούτῳ
482 1201 542 1240 καὶ
568 1200 632 1254 βίῳ
650 1202 817 1254 χρηστῷ,
841 1201 887 1242 ὡς
908 1200 1037 1250 ἱστορεῖ
1059 1193 1169 1234 Φιλό-

137 1278 240 1317 χορος
263 1261 320 1300 διὰ
339 1265 400 1309 τῆς
423 1261 540 1315 τρίτης
558 1262 627 1298 τῶν
649 1261 761 1298 αὐτῶν
785 1258 958 1298 Ἀτθίδων.

628 1320 691 1356 59.

193 1381 359 1420 Michael
383 1380 569 1430 Syngelus
588 1379 628 1415 in
644 1377 829 1416 Encomio
860 1376 1019 1424 Dionys.
1058 1375 1173 1409 Areo-

141 1454 226 1492 pag.
241 1455 248 1477 :
263 1434 334 1478 ῗΩν
352 1436 695 1490 (Areopagitarum)
717 1434 757 1473 τὸ
778 1437 838 1472 τοῦ
852 1432 970 1485 γένους
988 1430 1173 1483 περίοπτον

141 1499 200 1538 καὶ
245 1496 477 1550 μεγαλόδοξον
514 1502 583 1539 τοῖς
619 1497 688 1533 τῶν
721 1493 883 1533 Ἀτθίδων
920 1494 1174 1544 συγγραφεῦσιν

143 1556 361 1611 Ἀνδροτίωνί
385 1572 424 1594 τε
453 1555 513 1594 καὶ
538 1552 730 1607 Φιλοχόρῳ
756 1553 847 1592 κατὰ
875 1551 1006 1594 πλάτος
1028 1548 1174 1602 ἱστόρη-

143 1633 213 1656 ται.

636 1666 697 1704 60.

199 1729 336 1766 Athen.
362 1729 426 1774 IV,
456 1740 519 1775 19,
547 1739 585 1776 p.
604 1726 689 1772 168,
705 1728 755 1761 A:
773 1722 861 1762 “Ou
875 1721 912 1760 δὲ
925 1721 1003 1766 τοὺς
1024 1721 1179 1764 ἀσώτους

146 1787 206 1826 καὶ
228 1785 307 1829 τοὺς
331 1784 380 1837 μὴ
402 1784 442 1822 ἔκ
463 1799 554 1828 τινος
581 1782 780 1837 περιουσίας
808 1784 938 1826 ζῶντας
967 1781 1007 1819 τὸ
1028 1781 1178 1819 παλαιὸν

147 1846 379 1884 ἀνεκάλουντο
399 1846 430 1882 οἱ
449 1843 692 1897 Ἀρεοπαγῖται
710 1841 770 1880 καὶ
800 1839 976 1889 ἐκόλαζον,
990 1839 1178 1893 ἱστόρησαν

147 1906 360 1957 Φανόδημος
373 1904 433 1943 καὶ
453 1903 661 1956 Φιλόχορος.

201 2033 461 2085 Harpocratio
481 2048 489 2069 z
514 2030 779 2085 Ἀντιγραφεὺς,
799 2033 817 2069 ὃ
840 2028 1094 2081 καθιστάμενος
1124 2029 1181 2067 ἐπὶ

148 2097 218 2132 τῶν
239 2090 532 2132 καταὸαλλόντων
565 2089 643 2128 τινὰ
673 2092 716 2142 τῇ
746 2088 846 2127 πόλει
874 2088 1065 2142 χρήματα,
1091 2086 1182 2126 ὥστε

151 2152 422 2206 ἀντιγράφεσθαι
441 2153 562 2188 ταῦτα.
635 2148 753 2188 Διττοὶ
771 2147 807 2186 δὲ
829 2143 919 2195 ἦσαν
940 2149 1160 2201 ἀντιγραφεῖς
1171 2177 1182 2195 ,

1215 309 1340 360 βουλῆς
1351 337 1362 355 ,
1379 309 1427 351 ὥς
1442 306 1682 361 Ἀριστοτέλης
1701 308 1736 344 ἐν
1755 306 1945 353 Ἀθηναίων
1959 307 2132 360 πολιτεία.

1267 371 1324 405 Ex
1343 367 1646 418 Harpocratione
1674 379 1741 403 sua
1769 365 1912 403 habent
1928 366 2064 404 suidas
2083 374 2122 403 et
2141 366 2243 404 Pha-

1215 427 1386 474 vorinus,
1407 426 1679 465 Philochorum
1696 433 1824 462 autem
1844 432 1881 462 et
1897 424 2142 462 Aristotelem
2165 437 2242 462 non

1216 495 1439 526 memorant.

1270 619 1456 667 Harpocr.
1475 629 1512 652 v.
1531 613 1778 667 Περίστοιχοιε
1857 611 2007 663 Δίδυμος
2033 610 2070 650 δέ
2094 627 2128 649 τι
2151 610 2249 662 γένος

1219 675 1345 712 ἐλαιῶν
1372 672 1613 726 περιστοίχους
1630 672 1751 721 καλεῖ,
1777 671 1815 714 ἃς
1842 670 2040 724 Φιλόχορος
2061 669 2251 723 στοιχάδας

1218 731 1487 785 προσηγόρευσε.

1275 792 1416 829 Eadem
1429 791 1610 840 leguntur
1626 790 1726 841 apud
1743 789 1914 835 Suidam,
1930 787 2190 826 Phavorinum
2211 787 2252 826 h.

1222 863 1271 898 v.,
1283 850 1397 887 etiam
1417 850 1457 887 in
1477 850 1605 888 Photii
1619 853 1710 888 Lex.
1725 863 1764 900 p.
1781 849 1801 885 3
1812 863 1825 884 1
1838 862 1852 884 1
1877 847 1935 884 ed.
1952 850 2082 884 Herm.

1706 924 1772 961 63.

1277 989 1417 1027 Athen.
1435 992 1467 1035 Ι,
1488 990 1523 1035 8,
1545 1003 1583 1040 p.
1599 1003 1638 1039 9,
1650 991 1698 1027 C:
1715 985 1911 1039 Φιλόχορος
1923 987 2052 1037 ἱστορεῖ
2070 984 2129 1023 καὶ
2144 1000 2259 1023 κεκω-

1226 1047 1349 1085 λύσθαι
1375 1046 1559 1094 Ἀθήνησιν
1591 1045 1744 1084 ἀπέκτου
1780 1044 1880 1098 ἀρνὸς
1910 1041 2044 1094 μηδένα
2077 1042 2258 1093 γεύεσθαι,

1227 1103 1454 1151 ἐπιλιπούσης
1475 1103 1560 1143 ποτὲ
1584 1106 1644 1150 τῆς
1666 1105 1735 1141 τῶν
1755 1101 1850 1155 ζῴων
1867 1100 1999 1140 τούτων
2012 1100 2189 1152 γενέσεως.

1707 1170 1771 1206 64.

1282 1241 1386 1279 Idem
1403 1244 1474 1288 IX,
1493 1247 1529 1287 4,
1544 1255 1583 1292 p.
1597 1240 1686 1288 375,
1697 1243 1746 1277 B:
1762 1232 1832 1277 ’Ἦν
1852 1237 1887 1276 δὲ
1907 1238 1967 1276 καὶ
1979 1237 2128 1282 παλαιὸς
2142 1237 2261 1289 νόμος,

1231 1298 1277 1343 ὥς
1293 1315 1396 1352 φησιν
1410 1299 1624 1352 Ἀνδροτίων,
1644 1301 1704 1344 τῆς
1726 1299 1888 1348 ἐπιγονῆς
1901 1295 2002 1335 ἕνεκα
2012 1299 2082 1335 τῶν
2102 1295 2264 1349 θρεμμά-

1231 1372 1313 1404 των,
1332 1355 1381 1408 μὴ
1397 1355 1558 1410 σφάττειν
1576 1355 1750 1409 πρόὲατον
1768 1354 1917 1393 ἄπεκτον
1933 1353 1956 1401 ἢ
1978 1353 2112 1392 ἄτοκον.
2134 1354 2198 1392 Διὸ
2220 1353 2265 1391 τὰ

1234 1415 1302 1462 ἤδη
1321 1415 1437 1453 τέλεια
1466 1415 1585 1463 ἤσθιον
1675 1414 1748 1453 Καὶ
1786 1413 1851 1452 νῦν
1882 1412 1918 1451 δὲ
1953 1412 2015 1461 τὴν
2043 1416 2104 1460 τῆς
2121 1412 2266 1460 Ἀθηνᾶς

1235 1472 1361 1525 ἱέρειαν
1385 1472 1486 1526 (ἔθος)
1508 1475 1546 1511 οὗ
1563 1471 1653 1511 θύειν
1672 1471 1797 1524 ἀμνήν.
1882 1471 1953 1510 Καὶ
1975 1470 2066 1510 κατὰ
2084 1470 2208 1524 χρόνον
2230 1469 2268 1509 δέ

1235 1548 1312 1570 τινα
1344 1532 1557 1571 ἐκλιπόντων
1592 1534 1660 1571 τῶν
1677 1534 1781 1584 βοῶν,
1808 1531 1913 1584 φησὶν
1933 1534 1951 1569 ὃ
1974 1529 2194 1582 Φιλόχορος,
2211 1544 2266 1566 νο·

1238 1593 1469 1641 μοθετηθῆναι
1502 1590 1558 1629 διὰ
1581 1589 1644 1637 τὴν
1672 1590 1797 1628 σπάνιν
1828 1588 2023 1642 ἀπέχεσθαι
2056 1587 2179 1631 αὐτοὺς
2197 1589 2266 1626 τῶν

1237 1647 1347 1702 ζῴων,
1381 1655 1588 1701 συναγαγεῖν
1614 1650 1840 1701 βουλομένους
1866 1648 1925 1686 καὶ
1944 1649 2122 1695 πληθῦσαι
2143 1649 2194 1699 τῷ
2218 1644 2267 1697 μὴ

1237 1706 1479 1746 καταθύεσθαι.

1717 1784 1781 1821 65.

1293 1858 1482 1905 Harpocr.
1507 1867 1543 1890 v.
1566 1853 1690 1897 Λίθοςτ
1773 1852 1935 1892 Ἐοίκασι
1955 1852 1986 1890 δ’
1999 1851 2172 1898 Ἀθηναῖοι
2187 1847 2273 1902 πρός

1239 1929 1307 1951 τινι
1327 1912 1414 1965 λίθῳ
1435 1911 1514 1956 τοὺς
1534 1911 1655 1965 ὅρκους
1676 1915 1870 1958 ποιεῖσθαι,
1900 1914 1946 1955 ὡς
1969 1908 2207 1964 Ἀριστοτέλης
2236 1909 2271 1945 ἐν

1241 1974 1283 2022 τῇ
1308 1971 1496 2018 Ἀθηναίων
1517 1971 1676 2025 πολιτεία
1706 1971 1765 2010 καὶ
1792 1970 1990 2023 Φιλόχορος
2021 1970 2055 2007 ἐν
2086 1970 2137 2022 τῷ
2165 1965 2272 2020 τρίτῳ

1242 2029 1551 2079 ὑποσημαίνουσιν.

1297 2089 1439 2126 Eadem
1455 2088 1536 2126 haec
1559 2088 1739 2138 leguntur
1759 2087 1863 2138 apud
1882 2087 2039 2125 Suidam
2064 2100 2092 2124 s.
2113 2086 2151 2124 h.
2177 2102 2215 2126 v.
2237 2095 2276 2125 et

1242 2147 1281 2184 in
1301 2147 1427 2186 Photii
1451 2150 1541 2184 Lex.
1567 2160 1606 2198 p.
1630 2148 1713 2190 164.

155 2220 2266 2239 ..--—-—-——-———————-—-—-—-————————-———-————-

150 2267 217 2297 tem
231 2263 424 2304 σεισάχθεια,
438 2261 525 2302 quod
540 2269 611 2292 mos
623 2259 859 2299 essetAthenis,
876 2261 911 2291 ut
927 2267 1085 2299 pauperes
1102 2257 1185 2289 debi-

152 2315 239 2344 tores
250 2309 464 2342 creditoribus
479 2309 546 2339 suis
559 2316 693 2348 corpore
704 2307 871 2339 servirent.
889 2308 1064 2346 Postquam
1075 2308 1183 2338 autem

153 2358 323 2400 pecuniam
341 2356 483 2388 debitam
500 2355 719 2392 reddiderant,
738 2362 821 2385 onus
836 2353 1076 2393 quodammodo
1093 2362 1187 2385 excu-

156 2405 296 2444 tiebant3
314 2403 365 2435 vel
382 2404 419 2434 ut
437 2402 630 2434 Philochoro
647 2400 793 2434 videtur,
815 2408 910 2432 onere
926 2399 981 2431 illo
997 2399 1187 2432 levabantur

156 2451 286 2494 publico
301 2450 440 2482 decreto.

645 2508 706 2540 58.

199 2570 249 2599 Ex
274 2575 391 2598 novem
432 2565 495 2597 illis
536 2564 759 2604 archontibus,
784 2565 839 2605 qui
861 2564 996 2597 Athenis
1023 2564 1190 2596 constituti

158 2616 260 2652 erant,
276 2613 349 2653 eligi
362 2612 531 2654 oportebat
559 2611 767 2651 Areopagitas
781 2611 919 2651 judices,
931 2614 968 2643 ut
981 2611 1026 2642 ait
1035 2611 1190 2642 Androtio

159 2660 242 2692 libro
266 2658 407 2690 secundo
433 2657 624 2690 Atthidum:
647 2659 761 2698 postea
783 2657 930 2698 pluribus
947 2665 1120 2688 concessus
1142 2658 1191 2688 est

160 2705 317 2746 Areopagi
338 2706 482 2744 senatus,
513 2704 666 2736 nimirum
682 2704 763 2735 viris
786 2703 1016 2735 illustrioribus
1034 2703 1190 2743 quinqua-

162 2754 249 2794 ginta
262 2755 294 2785 et
306 2752 384 2792 uni;
409 2761 476 2783 non
489 2760 566 2784 vero
588 2750 720 2783 cuilibet
745 2750 881 2782 liberum
903 2752 972 2782 erat
990 2750 1024 2781 in
1037 2749 1192 2790 Areopagi

162 2803 310 2832 senatum
336 2799 468 2839 venire,
488 2798 544 2830 sed
568 2798 609 2830 iis
633 2800 769 2836 tantum,
797 2797 852 2838 qui
868 2796 1053 2835 nobilitate,
1068 2796 1192 2828 divitiis

163 2848 305 2887 vitaeque
321 2846 480 2888 probitate
493 2845 708 2884 excellebant,
726 2847 762 2877 ut
774 2843 872 2876 tradit
886 2844 1097 2876 Philochorus
1113 2842 1193 2874 libro

165 2895 262 2926 tertio
276 2894 492 2926 Historiarum
508 2893 586 2925 item
605 2892 795 2925 Atticarum.

651 2957 713 2989 59.

208 3026 256 3054 De
277 3022 538 3063 Areopagitarum
562 3021 678 3053 illustri
699 3029 814 3062 genere
836 3022 869 3053 et
889 3019 1009 3061 insigni
1033 3019 1132 3060 gloria
1154 3019 1195 3051 ab

170 3070 369 3102 Androtione
380 3071 412 3102 et
429 3070 629 3109 Philochoro,
646 3070 816 3102 Atthidum
830 3069 1054 3110 scriptoribus,
1066 3068 1197 3109 copiose

171 3117 328 3158 scriptum
344 3120 403 3148 est.

655 3182 718 3214 60.

215 3242 328 3274 Fuisse
375 3242 449 3273 olim
482 3242 681 3281 institutum,
714 3244 766 3281 ut,
802 3243 858 3283 qui
889 3242 1049 3274 luxuriosi
1078 3241 1198 3280 essent,

175 3291 206 3320 et
221 3289 276 3329 qui
292 3298 355 3319 non
375 3297 392 3320 e
407 3290 534 3329 propria
551 3298 583 3321 re
598 3290 744 3321 familiari
759 3290 915 3328 viverent,
929 3299 984 3321 eos
1001 3289 1199 3330 Areopagitae

176 3335 214 3367 ad
232 3335 370 3366 tribunal
387 3344 480 3366 suum
498 3339 648 3368 vocarent
662 3337 885 3377 punirentque,
904 3336 1020 3368 docent
1036 3334 1199 3368 Phanode-

177 3391 250 3414 mus
268 3383 301 3414 et
316 3381 538 3414 Philochorus.

1287 2310 1506 2352 Ἀντιγραφεὺς,
1519 2309 1715 2342 constitutus
1725 2309 1766 2341 iis
1777 2308 1833 2349 qui
1843 2308 1966 2340 civitati
1979 2308 2132 2349 pecunias
2145 2308 2278 2339 solvunt

1247 2357 1285 2388 ut
1298 2366 1352 2388 eas
1367 2356 1754 2389 conscriberet.—Fuere
1769 2358 1878 2388 autem
1893 2355 1958 2387 duo
1971 2355 2173 2398 ἀντιγραφεῖς,
2191 2363 2278 2386 unus

1249 2402 1549 2442 administrationis,
1569 2406 1604 2435 ut
1619 2404 1663 2435 ait
1679 2403 1910 2442 Philochorus;
1930 2402 2009 2434 alter
2030 2410 2108 2433 vero
2125 2403 2275 2441 senatus,

1248 2452 1284 2481 ut
1302 2449 1489 2482 Aristoteles
1502 2450 1629 2482 monuit
1641 2449 1676 2481 in
1694 2449 1830 2490 Republ.
1849 2450 1965 2482 Athen.

1291 2542 1451 2583 Didymus
1466 2544 1681 2586 περιστοίχους
1704 2546 1799 2575 vocat
1823 2552 1924 2583 genus
1939 2542 2102 2583 quoddam
2124 2541 2279 2581 olearum,

1249 2599 1330 2631 quas
1342 2590 1556 2622 Philochorus
1573 2590 1740 2632 στοιχάδας
1755 2590 1904 2631 appellat.

1292 2683 1504 2716 Philochorus
1520 2684 1683 2716 memoriae
1701 2683 1853 2724 prodidit,
1870 2683 2005 2716 Athenis
2020 2691 2161 2723 quoque,
2178 2691 2281 2723 quum
2317 2708 2320 2709 γ

1251 2729 1422 2761 defecisset
1440 2730 1612 2770 aliquando
1630 2730 1791 2771 pecudum
1808 2738 1926 2770 genus,
1943 2729 2081 2761 vetitum
2097 2728 2199 2761 tuisse
2211 2753 2221 2770 ,
2239 2737 2280 2761 ne

1251 2776 1324 2816 quis
1340 2775 1474 2807 intonso
1489 2785 1570 2817 agno
1585 2778 1780 2808 vesceretur.

1292 2871 1352 2900 Est
1366 2869 1499 2901 Athenis
1511 2871 1605 2902 vetus
1618 2869 1818 2909 institutum,
1828 2871 1865 2901 ut
1874 2869 2050 2901 Androtion
2059 2870 2115 2908 ait,
2123 2878 2188 2910 quo
2200 2868 2282 2911 proli

1252 2925 1385 2957 gregum
1405 2916 1643 2955 consuleretur,
1664 2916 1819 2956 pecudem
1842 2925 1906 2947 non
1931 2919 2072 2948 mactare
2100 2917 2283 2956 intonsam,

1253 2964 1310 2995 aut
1324 2971 1398 3003 quae
1410 2962 1555 2994 nondum
1568 2963 1743 3004 peperisset
1763 2973 1770 2994 ε
1792 2972 1891 3004 quare
1909 2966 1976 3004 jam
1993 2965 2121 2996 adultas
2135 2964 2280 2996 comedo-

1253 3009 1343 3040 bant.
1413 3011 1518 3049 Atque
1532 3010 1628 3041 etiam
1645 3018 1732 3041 nunc
1749 3010 1871 3042 obtinet
1892 3013 1927 3042 ut
1949 3011 2104 3043 Minervae
2131 3010 2281 3044 sacerdos

1259 3065 1325 3087 non
1349 3055 1494 3087 immolet
1517 3065 1641 3096 agnam.
1713 3059 1886 3097 Quumque
1911 3058 2085 3098 aliquando
2111 3057 2282 3089 deficerent

1255 3104 1368 3142 boves,
1386 3103 1454 3142 lege
1470 3106 1601 3134 cautum
1619 3103 1718 3134 tuisse
1732 3103 1776 3135 ait
1789 3103 2013 3143 Philochorus,
2031 3106 2068 3136 ut
2083 3105 2215 3144 propter
2227 3111 2280 3144 pe-

1256 3149 1383 3182 nuriam
1397 3149 1437 3181 iis
1452 3149 1667 3188 abstinerent3
1684 3158 1794 3190 greges
1814 3150 1932 3191 quippe
1948 3158 2134 3191 comparare
2150 3157 2278 3191 augere-
2298 3185 2303 3187 Α

1257 3207 1320 3238 que
1335 3196 1486 3229 volebant
1501 3205 1550 3236 eo,
1567 3196 1655 3237 quod
1670 3205 1735 3227 non
1751 3196 1960 3228 caederentur.

1294 3290 1503 3323 Athenienses
1518 3291 1559 3322 ad
1575 3290 1736 3330 quendam
1756 3290 1894 3330 lapidem
1910 3294 2035 3330 jurasse
2064 3289 2230 3328 feruntur,
2248 3291 2282 3319 ut

1260 3337 1444 3370 Aristoteles
1458 3336 1492 3367 in
1506 3336 1679 3377 Republica
1695 3336 1949 3376 Atheniensium,
1971 3339 2003 3368 et
2018 3335 2230 3368 Philochorus
2246 3334 2283 3365 li·

1261 3385 1319 3416 bro
1335 3383 1428 3416 tertio
1444 3382 1632 3424 significant.
