2294 3704
130 181 177 209 ῑλ
183 181 213 208 11

130 269 216 293 rum
234 256 397 306 caligine
420 254 548 293 ubivis
567 263 700 307 operta
713 282 722 300 ,
744 253 793 292 ab
808 266 852 291 ea
867 253 1020 292 demum
1040 262 1153 294 aetate

129 313 300 352 historiae
311 327 389 352 suae
402 313 553 351 initium
570 311 788 364 ponendum
805 323 886 350 esse
897 313 1057 360 censuit,
1067 326 1152 364 quae

131 372 293 411 clariore
306 372 388 423 jam
416 373 499 410 luce
521 372 754 409 circumfusa
773 372 914 409 certius
933 371 1153 409 admitteret

131 440 169 470 et
185 433 313 471 verius
332 433 379 471 de
393 433 508 470 rebus
525 432 639 482 gestis
647 431 851 482 judicium.
876 434 1011 483 Neque
1026 440 1151 470 tamen

131 499 183 528 tta
197 505 275 529 rem
291 493 469 538 instituit,
492 502 532 528 ut
547 504 700 541 semper
717 499 848 542 posset
860 491 1058 529 historiam
1076 500 1151 529 tra·

129 548 220 587 dere
232 549 458 587 indubitatae
470 550 559 587 fidei
571 549 797 587 testimoniis
811 550 1144 601 contirmatam(3).

127 610 226 645 Nam
246 609 419 658 quamvis
442 608 533 645 inde
549 607 599 646 ab
619 608 908 646 Heraclidarum
933 609 1058 647 reditu
1083 609 1151 646 illa

130 678 190 704 res
203 674 326 715 gestas
346 666 563 703 fabularum
581 667 793 705 involucris
807 666 1040 705 obscurandi
1057 680 1151 704 con-

129 723 291 761 suetudo
308 724 506 774 paullatim
521 733 740 774 evanescat,
761 726 863 763 hunc
877 726 1003 777 ipsum
1025 734 1148 764 tamen

128 780 285 831 ejusque
304 795 475 830 caussas,
499 797 547 821 ne
570 784 693 822 dicam
713 785 870 836 reliquae
893 785 1048 824 Graeciae
1069 793 1149 823 tum

127 841 311 890 temporis
333 849 473 879 statum
488 871 499 890 ,
524 843 681 880 omnino
701 857 778 881 non
803 844 931 895 potuit
953 858 1149 895 exponere

127 898 219 947 quin
231 899 278 936 ad
293 900 462 949 mythica
475 901 734 940 adscenderet.
760 906 843 940 Jam
857 916 976 955 quum
988 903 1036 940 ad
1050 904 1148 942 hanc

126 958 407 997 extremitatem
426 974 466 998 se
485 960 679 999 redactum
697 961 857 1009 videret,
878 970 1013 1013 sponte
1034 963 1149 1001 intel-

125 1014 277 1066 ligitur,
301 1019 579 1068 pragmaticam
613 1020 793 1058 Isocratei
817 1021 946 1059 Nostri
967 1021 1147 1059 virtutem

125 1089 204 1113 non
221 1075 261 1114 in
275 1089 321 1115 eo
335 1079 584 1129 acquievisse,
596 1087 639 1116 ut
651 1080 771 1117 relata
787 1081 959 1127 referret,
973 1081 1051 1129 sed,
1061 1081 1149 1119 abs—

127 1135 238 1173 tersis
271 1149 358 1186 quae
389 1138 501 1188 vulgi
530 1138 750 1177 credulitati
769 1140 829 1177 vel
854 1148 1056 1190 poetarum
1082 1140 1146 1177 lu-

125 1193 262 1232 dibriis
285 1194 418 1234 deberi
442 1197 688 1245 viderentur,
715 1198 868 1248 mythos
892 1199 1082 1236 studuisse
1100 1198 1148 1236 ad

125 1253 294 1291 historiae
325 1257 526 1294 veritatem
557 1270 759 1306 revocare,
780 1258 863 1306 vel,
888 1267 929 1296 ut
957 1258 1149 1296 Plutarchi

126 1311 257 1350 verbis
281 1326 363 1351 rem
388 1315 572 1366 eloquar,
599 1315 685 1370 πρὸς
716 1315 780 1363 τὴν
811 1316 976 1363 ἀλήθειαν
1005 1315 1147 1354 ἀνασώ-

127 1371 196 1415 ζειν
217 1370 282 1422 (4).
319 1375 468 1412 Natura
491 1374 564 1412 hoc
593 1375 764 1413 studium
780 1375 891 1413 nobis
917 1376 1071 1413 insitum
1093 1385 1150 1413 est

127 1442 253 1480 neque
284 1430 381 1468 adeo
408 1432 722 1483 improbandum.
754 1438 899 1472 Verum
927 1435 958 1472 si
994 1442 1150 1485 reputes

128 1497 273 1538 quanto
290 1503 467 1529 successu
484 1492 602 1530 homo
618 1493 942 1544 philosophorum
964 1501 1003 1531 et
1021 1494 1149 1531 rheto-

127 1558 212 1583 rum
239 1546 349 1585 istius
376 1550 495 1587 aetatis
523 1550 711 1589 doctrinis
734 1552 918 1590 formatus
946 1553 986 1590 in
1010 1553 1082 1590 hac
1108 1565 1150 1589 re

129 1605 330 1644 elaborare
355 1609 549 1658 potuerit,
569 1611 783 1649 consultius
812 1612 1014 1663 Ephorum
1046 1611 1149 1649 dices

126 1663 206 1701 haec
228 1666 355 1703 omnia
371 1667 567 1718 reliquisse
582 1669 724 1708 intacta
745 1671 813 1722 (5).

180 1725 275 1761 Cum
308 1733 388 1763 arte
419 1727 564 1772 critica,
591 1741 705 1778 quam
720 1730 759 1766 in
786 1728 934 1767 fabulas
962 1729 1148 1776 exercuit,

127 1781 375 1832 conjunctum
397 1794 454 1822 est
480 1785 670 1836 judicium
696 1788 743 1824 de
772 1786 1017 1835 auctoribus,
1052 1799 1148 1837 quos

128 1838 202 1877 sibi
217 1842 417 1880 sectandos
436 1856 517 1882 esse
533 1845 693 1894 putavit.
718 1843 806 1899 Περὶ
822 1843 886 1896 μὲν
898 1843 965 1899 γὰρ
984 1846 1052 1882 τῶν
1069 1843 1149 1882 καθ’

127 1900 220 1949 ἡμᾶς
237 1901 503 1952 γεγενημένων,
525 1903 598 1950 ait,
626 1902 704 1947 τους
727 1903 963 1957 ἀκριὸέστατα
982 1902 1148 1954 λέγοντας

127 1959 357 2003 πιστοτάτους
388 1960 590 2012 ἡγούμεθα,
616 1978 695 2016 περι
725 1963 761 2001 δὲ
794 1965 863 2001 τῶν
881 1964 1040 2001 παλαιῶν
1071 1961 1150 2005 τους

128 2015 217 2055 οὕτω
236 2017 419 2063 διεξιόντας
439 2021 722 2065 ἀπιθανωτοίτους
739 2016 828 2060 εἶναι
843 2021 1074 2073 νομίζομεν,ε
1061 2036 1144 2060 υπο-

127 2075 366 2125 λαμὸάνοντες
385 2077 462 2116 οὔτε
482 2078 544 2122 τὰς
559 2079 733 2142 πράξεις“
715 2080 875 2129 απάσας,
899 2079 976 2118 οὔτε
991 2082 1062 2118 τῶν
1084 2079 1149 2118 λό-

127 2149 199 2186 γων
232 2133 312 2179 τους
341 2136 524 2182 πλείστους
551 2138 641 2183 εἰκὸς
669 2143 757 2178 εἶναι
789 2139 1064 2191 μνημονεύεσθαι
1093 2138 1149 2177 διὰ

128 2193 301 2232 τοσούτων
322 2196 468 2247 (fragm.
491 2199 543 2249 α).
573 2199 732 2237 Videtur
753 2199 871 2250 igitur
896 2201 936 2237 in
962 2200 1149 2250 antiquis-

130 2253 224 2291 sima
244 2253 403 2292 historia
419 2270 496 2294 non
518 2266 592 2295 tam
610 2272 657 2295 ex
677 2258 771 2308 ipsis
785 2259 903 2310 epicis
918 2258 1149 2296 carminibus

129 2312 231 2362 (nam
251 2312 342 2361 haec,
363 2322 471 2364 put0,
495 2324 585 2353 sunt
605 2329 689 2367 quae
714 2317 813 2354 facta
847 2326 884 2354 et
906 2317 1007 2354 dicta
1027 2318 1150 2368 expli—

130 2371 318 2409 catissime
345 2381 382 2410 et
420 2373 611 2413 uberrime
640 2375 823 2426 referunt)
864 2389 932 2414 sua
967 2377 1149 2424 hausisse,

129 2443 243 2481 quam
255 2444 303 2468 ex
316 2431 470 2482 logogra
477 2434 575 2484 phis,
595 2443 637 2471 ut
651 2448 698 2472 ex
710 2438 900 2482 Hecataeo,
920 2435 1149 2486 Pherecyde,

130 2489 214 2526 aliis
229 2519 239 2535 ‚
258 2490 343 2539 qui,
369 2504 487 2542 quum
507 2492 581 2543 ipsi
606 2494 790 2544 pleraque
814 2507 861 2531 ex
883 2495 1009 2545 poetis
1033 2495 1151 2545 epicis

129 2549 291 2585 mutuati
306 2557 442 2596 essent,
466 2558 588 2588 tamen
607 2565 665 2589 res
680 2553 866 2590 tractandi
887 2554 1074 2591 rationem
1090 2567 1151 2591 se-

132 2605 363 2656 quebantur,
389 2621 475 2658 quae
495 2610 633 2647 multas
649 2614 869 2648 Graecorum
888 2611 1034 2649 fabulas
1054 2621 1151 2649 tam—

131 2679 244 2715 quam
262 2666 440 2704 ridiculas
455 2676 492 2705 et
509 2668 658 2720 ineptas
674 2678 948 2720 repraesentans
962 2670 1010 2708 ad
1025 2671 1152 2722 Epho-

132 2736 232 2760 ream
255 2724 416 2774 propius
437 2726 646 2765 accederet.
678 2729 919 2766 Hellanicum
937 2729 1090 2780 quidem
1112 2731 1151 2768 in

134 2782 262 2819 multis
283 2784 469 2822 mendacii
493 2787 621 2836 arguit
641 2787 714 2837 (6),
738 2787 803 2824 sed
829 2788 900 2825 hoc
923 2788 1051 2838 ipsum
1079 2789 1151 2827 de-

135 2850 331 2888 monstrat,
355 2843 555 2893 Ephorum
570 2854 759 2896 perpetuo
779 2845 860 2896 ejus
885 2848 1071 2885 rationem
1087 2848 1153 2886 ha-

135 2897 275 2936 buisse.
287 2901 401 2948 Quod
419 2914 512 2941 vero
534 2917 798 2954 saepenumero
817 2905 866 2943 ab
886 2919 931 2943 eo
949 2905 1021 2943 sibi
1041 2920 1150 2945 rece-

179 3090 224 3131 (3)
247 3091 295 3122 Ct'.
309 3092 422 3124 Strabo
435 3098 495 3134 lx,
514 3104 545 3135 p.
562 3101 621 3128 646
637 3096 688 3136 (fr.
705 3098 784 3138 70)·
799 3100 893 3129 Δοκεῖ
908 3108 959 3138 μοι
977 3096 1006 3136 (ὁ
1024 3095 1167 3138 Ἔφορος)

136 3136 280 3168 τάναντία
291 3142 388 3170 ποιεῖν
402 3140 464 3171 ἔσθ’
478 3142 529 3173 ὅτε
541 3146 577 3183 τῇ
588 3145 762 3185 προαιρέσει
775 3146 828 3176 καὶ
840 3147 905 3180 ταῖς
922 3144 951 3180 ἐξ
969 3143 1066 3186 ἀρχῆς
1085 3143 1154 3174 ὕπο·

180 3194 292 3216 εσεσιν.

137 3194 222 3274 σχ(4)
247 3239 283 3267 V
299 3236 406 3268 odofr.
429 3238 552 3270 Muller
575 3240 607 3270 in
626 3242 799 3282 prolegom.
818 3243 852 3274 in
865 3241 1037 3283 mytholog
1054 3249 1084 3282 p.
1102 3242 1151 3272 76.

138 3282 396 3367 ⁷⁰(523E22mpla
410 3285 538 3325 puerilis
550 3287 734 3326 mythorum
750 3288 1018 3330 interpretationis
1029 3287 1097 3320 vid.
1115 3287 1152 3318 fr.

180 3375 221 3415 (6)
241 3377 369 3417 soseph.
386 3378 493 3409 contr.
509 3377 620 3418 Apion.
635 3382 647 3410 Ι
657 3403 666 3418 ,
684 3383 713 3411 3.

1003 168 1070 207 DE
1098 166 1313 210 EPHORO.

1211 255 1376 294 dendum
1401 265 1572 308 putaret,
1600 258 1714 308 hujus
1743 258 1796 296 rei
1817 271 1949 296 caussa
1971 260 2010 297 in
2039 272 2085 298 eo
2107 261 2231 312 posita

1211 329 1293 354 esse
1311 316 1486 364 videtur,
1510 316 1616 368 quod
1643 330 1742 367 saepe
1763 317 1827 354 ille
1853 318 2058 356 tralaticias
2078 320 2233 357 Graeco-

1211 387 1296 411 rum
1322 376 1558 413 narrationes
1590 375 1745 426 reliquit
1762 404 1773 422 ‚
1803 389 1927 426 neque
1956 389 2049 414 vero
2073 385 2117 415 ut
2140 390 2233 429 pra-

1211 435 1412 484 gmaticam
1436 434 1648 472 fabularum
1672 434 1968 484 explicationem
1997 434 2130 483 daret,
2166 434 2232 474 sed

1211 493 1294 530 aliis
1315 492 1363 530 de
1378 494 1520 531 caussis
1534 522 1544 539 ,
1565 507 1659 544 quas
1678 506 1794 544 supra
1820 492 2083 532 indicavimus.
2122 498 2232 532 cete-

1211 565 1295 589 rum
1318 566 1395 590 non
1422 553 1633 603 neglexisse
1651 554 1852 604 Ephorum
1876 561 2008 603 poetas
2027 567 2233 606 rerumque

1212 619 1460 648 monumenta
1480 612 1575 662 ipsis
1595 611 1818 662 fragmentis
1839 610 2034 652 docemur.
2056 611 2234 650 Laudan-

1211 677 1274 706 tur
1287 672 1491 718 Homerus,
1510 670 1713 719 Hesiodus,
1733 670 1935 717 Choerilus,
1950 671 2123 718 Alcman,
2138 674 2235 721 Tyr-

1211 735 1315 775 taeus,
1329 730 1496 776 oracula,
1515 729 1787 779 inscriptiones
1807 727 1924 779 (apud
1938 729 2166 767 Strabonem
2179 732 2232 777 X,

1210 800 1246 837 p.
1259 801 1303 834 71
1316 802 1347 834 1,
1369 788 1437 826 ubi
1460 803 1468 826 :
1489 787 1698 840 Παρατιθεὶς
1727 785 1901 840 μαρτύρια
1921 786 1965 824 τὰ
1981 787 2234 840 ἐπιγράμματα

1209 846 1260 897 (v.
1276 846 1321 884 fr.
1342 847 1405 892 30)
1477 845 1644 897 ἐπιλέγει,
1665 845 1718 884 ὅτι
1733 849 1845 884 ταῦτα
1863 845 1922 883 καὶ
1942 844 1987 883 τὰ
2001 849 2147 885 τοιαῦτα
2159 846 2234 884 δια-

1208 903 1348 957 κριὸοῧν
1366 903 1549 956 εἰώθαμεν,
1570 902 1652 942 ὅταν
1682 898 1705 956 ἦ
1723 918 1757 951 τι
1777 905 1846 959 τῶν
1863 902 2083 956 πραγμάτων
2098 903 2123 951 ἢ
2139 918 2235 944 παν-

1208 964 1315 1007 τελῶς
1328 963 1563 1017 ἀπορούμενον
1579 963 1602 1010 ἢ
1617 964 1726 1016 ψευδῆ
1743 961 1842 1007 δόξαν
1860 961 1966 1015 ἔχον).
1986 966 2076 1001 Non
2090 963 2235 1016 ubique

1207 1035 1300 1060 vero
1335 1024 1564 1074 scriptorem
1601 1036 1676 1074 qua
1699 1036 1770 1073 par
1809 1030 1867 1060 est
1897 1023 2080 1073 religione
2110 1024 2235 1063 fontes

1207 1082 1440 1131 adhibuisse,
1460 1083 1526 1121 sed
1542 1084 1660 1121 verba
1676 1096 1822 1130 eorum,
1840 1090 1883 1119 ut
1898 1082 1946 1120 ad
1958 1096 2064 1120 suam
2079 1092 2234 1122 senten·

1209 1140 1298 1178 tiam
1313 1142 1636 1192 accommodaret,
1660 1141 1873 1179 temerariis
1890 1149 1928 1179 et
1946 1142 2126 1180 violentis
2143 1156 2235 1180 con-

1203 1198 1365 1249 jecturis
1385 1200 1602 1238 deformare
1619 1214 1753 1238 ausum
1768 1213 1871 1248 esse,
1891 1200 2087 1239 luculento
2110 1201 2235 1240 docu-

1209 1266 1336 1295 mento
1350 1267 1407 1296 est
1426 1260 1532 1297 locus
1548 1259 1748 1298 Strabonis
1762 1262 1854 1307 XII,
1879 1272 1915 1310 p.
1935 1260 2010 1296 826
2025 1260 2086 1310 (fr.
2103 1260 2180 1311 87).

1261 1318 1383 1367 Igitur
1419 1318 1459 1355 in
1493 1318 1617 1368 prima
1647 1319 1776 1369 operis
1817 1326 1928 1370 parte
1967 1318 2235 1357 auctoritatem

1209 1375 1357 1425 Ephori
1375 1376 1488 1413 valde
1514 1384 1730 1427 suspectam
1753 1389 1836 1414 esse
1855 1377 2020 1427 quisque
2041 1377 2234 1429 largietur.

1210 1433 1312 1480 Quid
1342 1434 1469 1485 primo
1489 1434 1588 1472 libro
1614 1434 1662 1472 de
1680 1435 1968 1472 Heraclidarum
1990 1435 2116 1473 reditu
2143 1449 2234 1474 sen-

1209 1493 1324 1541 serit,
1357 1502 1394 1531 et
1422 1494 1489 1544 qui
1518 1494 1559 1532 in
1588 1494 1661 1531 hac
1683 1502 1792 1545 parte
1823 1494 1967 1532 fuerint
1995 1493 2078 1545 ejus
2095 1495 2234 1544 fontes,

1209 1559 1371 1601 propter
1413 1551 1720 1603 fragmentorum
1763 1553 1996 1603 paucitatem
2033 1553 2233 1595 nescimus.

1208 1609 1399 1647 Uberiora
1422 1609 1521 1648 libro
1542 1610 1715 1648 secundo
1738 1618 1890 1648 exstant
1909 1610 1957 1648 de
1981 1610 2130 1649 vicibus
2148 1615 2235 1650 13oe-

1209 1667 1315 1714 otiae3
1343 1667 1409 1705 sed
1437 1681 1485 1706 ex
1503 1668 1562 1706 his
1580 1669 1681 1706 clare
1699 1669 1823 1706 elucet
1843 1669 2000 1706 omnino
2017 1683 2095 1706 non
2116 1669 2233 1708 intel-

1209 1727 1344 1764 lexisse
1372 1727 1601 1778 Ephorum,
1632 1739 1717 1777 quae
1746 1727 1990 1777 antiquarum
2018 1726 2234 1766 fabularum

1207 1795 1343 1823 natura
1360 1785 1408 1823 sit
1425 1793 1463 1822 et
1485 1785 1652 1833 indoles,
1685 1785 1737 1822 ita
1755 1793 1796 1822 ut
1811 1786 1993 1836 pleraque
2013 1784 2062 1823 ab
2090 1799 2137 1824 eo
2157 1794 2235 1825 tra-

1208 1844 1287 1882 dita
1305 1845 1335 1882 si
1359 1844 1573 1882 accuratius
1594 1844 1858 1895 perpenderis,
1869 1844 1961 1882 falsa
1981 1857 2063 1882 esse
2081 1845 2232 1896 reperi-

1209 1911 1339 1949 antur,
1374 1911 1488 1953 atque
1509 1911 1706 1940 auctorem
1730 1911 1892 1953 arguant
1912 1903 2135 1941 miserrimis
2159 1903 2232 1942 de-

1208 1962 1332 1999 ditum
1365 1961 1604 2012 etymologiis
1634 1962 1688 2011 (v.
1709 1961 1754 2001 fr.
1771 1963 1818 1998 26
1846 1970 1884 1999 et
1905 1962 2054 2000 Miiller.
2077 1961 2126 2000 de
2155 1963 2235 2000 Mi-

1207 2021 1290 2070 nyis
1311 2034 1347 2070 p.
1371 2019 1474 2071 442).
1508 2023 1552 2058 In
1572 2019 1707 2057 eodem
1728 2019 1828 2057 libro
1842 2048 1852 2065 ,
1879 2019 1947 2057 ubi
1961 2019 2008 2056 de
2020 2020 2233 2071 originibus

1209 2079 1366 2117 Boeotiae
1386 2080 1464 2130 agit
1493 2079 1557 2130 (fr.
1578 2078 1666 2129 29),
1701 2091 1723 2116 a
1749 2078 1940 2117 Strabone
1970 2079 2235 2117 inconstantia!

1208 2147 1432 2184 accusatur,
1463 2137 1608 2188 quippe
1643 2137 1710 2187 qui
1742 2137 1923 2174 AEtoliam
1954 2136 2008 2175 ἀεὶ
2037 2136 2234 2190 ἀπόρθητον

1208 2195 1371 2244 dixerit,
1395 2209 1514 2246 quum
1537 2203 1649 2232 antea
1673 2208 1757 2233 eam
1783 2195 1950 2245 primum
1973 2208 1995 2233 a
2010 2196 2233 2244 Curetibus,

1210 2263 1344 2306 postea
1359 2254 1408 2292 ab
1424 2254 1566 2301 AEtolo,
1585 2267 1606 2291 a
1621 2254 1808 2292 Diomede
1822 2254 1989 2304 denique
2007 2264 2233 2305 occupatam

1210 2322 1410 2352 narrasset.
1435 2315 1597 2352 Leviora
1619 2314 1719 2361 haec,
1737 2313 1803 2351 sed
1818 2313 2046 2364 scriptorem
2064 2313 2234 2364 produnt

1210 2381 1430 2411 accuratam
1459 2385 1586 2410 rerum
1613 2372 1895 2422 expositionem
1915 2372 2103 2409 orationis
2131 2380 2233 2423 post-

1214 2430 1418 2468 habentem
1438 2429 1678 2467 rotunditati.

1263 2488 1421 2539 Majoris
1441 2489 1617 2539 Ephorus
1643 2487 1837 2525 faciendus
1856 2488 1928 2524 erit
1949 2487 1990 2524 in
2009 2486 2116 2524 libris
2135 2500 2231 2538 geo—

1210 2548 1420 2598 graphicis,
1450 2546 1518 2584 ubi
1537 2545 1667 2584 vivida
1690 2554 1728 2583 et
1748 2545 1915 2582 dilucida
1934 2545 2156 2595 regionum,
2175 2545 2233 2583 uti

1211 2606 1362 2644 Euboeae
1389 2606 1449 2658 (fr.
1470 2606 1557 2656 63),
1583 2604 1792 2655 descriptio
1816 2611 1923 2641 tanto
1947 2604 2067 2654 magis
2082 2603 2233 2654 placere

1211 2665 1366 2711 debuit,
1383 2673 1528 2715 quanto
1549 2662 1760 2714 jejuniores
1781 2663 1933 2700 fuerunt
1951 2662 2123 2713 priorum
2137 2675 2231 2712 geo-

1211 2724 1444 2775 graphorum
1461 2722 1738 2760 commentarii.
1757 2725 1852 2769 Quae
1866 2721 1906 2758 in
1925 2721 1971 2759 iis
1985 2721 2111 2758 minus
2124 2733 2234 2759 accu-

1211 2790 1289 2820 rate
1307 2781 1408 2819 dicta
1417 2789 1505 2819 sunt
1516 2780 1562 2818 de
1576 2788 1684 2817 terrae
1699 2779 1820 2817 forma
1833 2786 1872 2816 et
1883 2777 2155 2816 distributione
2170 2777 2231 2829 (ad

1212 2841 1376 2878 Hecataei
1407 2848 1445 2877 et
1467 2838 1651 2877 Herodoti
1679 2837 1903 2876 sententiam
1927 2836 2102 2888 proxime
2121 2849 2232 2874 acce-

1211 2902 1355 2954 dente),
1372 2902 1420 2941 de
1434 2903 1662 2942 Celticarum
1674 2901 1874 2951 regionum
1893 2899 2154 2950 magnitudine
2166 2899 2230 2948 (fr.

1214 2963 1282 3011 39,
1305 2968 1373 3008 41,
1395 2963 1442 3006 43
1457 2991 1468 3008 ,
1491 2960 1576 3012 44),
1598 2961 1646 2997 de
1662 2963 1786 2998 Cerne
1805 2959 1929 2996 insula
1944 2959 2006 3005 (fr.
2029 2958 2098 3005 96,
2112 2957 2167 3007 a),
2185 2956 2231 2994 de

1212 3020 1290 3057 Nili
1306 3020 1562 3067 incrementis,
1580 3032 1625 3056 ea
1638 3017 1765 3055 omnia
1778 3030 1855 3054 non
1868 3016 2033 3055 auctoris
2046 3015 2231 3066 negligen-

1213 3078 1288 3127 tiae,
1308 3077 1374 3115 sed
1396 3078 1515 3115 aetatis
1539 3091 1615 3115 suae
1637 3076 1863 3127 ignorantiae
1887 3074 2110 3125 imputanda
2133 3082 2232 3111 sunt.

1212 3137 1311 3174 Satis
1335 3134 1470 3173 habuit
1498 3135 1546 3173 de
1572 3135 1630 3172 his
1655 3148 1737 3185 quae
1762 3147 1784 3171 a
1811 3131 2017 3182 majoribus
2034 3139 2234 3183 acceperat

1213 3206 1310 3244 vaga
1339 3201 1377 3231 et
1402 3194 1566 3237 incerta,
1595 3193 1650 3230 uti
1675 3199 1801 3235 erant,
1830 3190 2022 3236 retulisse;
2042 3197 2175 3227 contra
2193 3189 2232 3227 in

1214 3252 1368 3290 Graeciae
1398 3260 1435 3289 et
1463 3252 1564 3289 Asiae
1586 3251 1742 3288 minoris
1770 3249 2050 3300 descriptione,
2077 3248 2132 3285 uti
2161 3259 2232 3285 suo

1215 3314 1338 3348 Marte
1367 3323 1538 3361 pugnare
1562 3316 1734 3360 poterat,
1766 3307 1960 3358 apprime,
1992 3314 2035 3343 ut
2067 3305 2232 3351 videtur,

1215 3368 1382 3406 ostendit
1400 3369 1503 3406 illam
1526 3381 1610 3419 quae
1631 3367 1768 3418 saepius
1787 3366 1826 3402 in
1846 3377 1893 3402 eo
1908 3363 2105 3411 laudatur,
2128 3361 2233 3416 ἀκρί-
