2320 3684
756 130 1059 170 THEOPOMPI
1086 129 1419 170 FRAGMENTA.

40 233 126 266 στην
151 217 211 257 καὶ
239 217 407 265 πλείστην
439 215 559 271 χώραν
586 213 832 266 κεκτημένους.
869 214 1067 264 (Polybius

39 276 133 315 ibid.
147 276 173 328 :)
188 275 324 321 Ἁπλῶς
347 276 377 315 δ’
393 277 514 325 εἰπεῖν,
539 273 598 313 ἵνα
613 272 807 324 παύσωμαι
825 274 1067 325 μακρολογῶν,

40 335 155 379 ἄλλως
175 352 213 374 τε
232 336 292 375 καὶ
318 334 492 375 τοσούτων
516 349 576 385 μοι
602 332 822 386 πραγμάτων
852 329 1066 384 ἐπικεχυμέ-

39 409 127 442 νων,
145 398 299 470 ἡγοῦμαι
313 397 458 433 τοιαῦτα
477 391 581 445 θηρία
598 390 796 445 γεγονέναι,
828 390 887 429 καὶ
913 394 1068 429 τοιοῦτον

39 451 166 506 τρόπον
187 452 266 497 τους
280 453 398 507 φίλους
413 451 472 490 καὶ
492 451 571 495 τοὺς
588 451 743 504 ἑταίρους
759 449 944 490 Φιλίππου
958 465 1069 502 προσ-

41 511 300 566 αγορευθέντας,
330 510 421 555 οἵους
454 510 533 550 οὔτε
558 509 637 554 τους
674 508 893 563 Κενταύρους
921 507 1002 551 τους
1031 507 1070 546 τὸ

43 571 178 617 Πήλιον
217 570 479 623 κατασχόντας,
499 568 577 608 οὔτε
603 567 684 612 τους
712 567 974 622 Λαιστρυγόνας
991 582 1070 610 τους

41 630 225 669 Λεοντῖνον
236 629 354 668 πεδίον
367 629 587 677 οἰκήσαντας,
599 627 660 667 οὔτ
662 626 807 671 ’ἄλλους
817 627 891 666 οὐδ’
901 625 1071 670 ὁποίους.»

96 705 112 723 α
128 692 240 727 Hunc
257 689 384 726 locum
397 689 451 726 ita
465 687 645 725 constitui
661 687 802 738 partim
813 699 862 724 ex
872 686 1070 734 Athenaeo,

42 747 181 798 partim
209 761 256 785 ex
277 747 457 798 Polybio,
490 759 721 797 quamquam
755 745 941 800 nonnulla
967 744 1071 796 apud

43 806 205 845 alterum
234 807 351 845 obvia
368 806 471 858 apud
489 807 650 844 alterum
675 806 952 844 desiderantur.
973 808 1072 843 Nam

44 874 149 914 caret
174 865 357 916 Polybius
386 879 473 903 cum
503 865 698 917 principio
728 863 843 915 hujus
865 863 961 911 loci,
991 873 1073 901 tum

44 933 178 976 postea
198 925 331 964 verbis
353 926 383 965 εἰ
406 924 444 963 δὲ
470 924 559 975 μὴ...
575 923 914 979 παραπλησίως,εῑ;
932 922 1018 976 πρὸς
1038 922 1072 960 δὲ

45 982 349 1037 τούτοις...χώραν
366 982 601 1035 κεκτημένους
615 999 623 1021 :
637 992 834 1035 postrema
849 996 943 1021 vero
955 982 1075 1025 ἁπλῶς

45 1040 128 1082 δὲ...
155 1043 226 1081 οὐδ’
253 1042 392 1086 ὁποίους
408 1044 547 1081 desunt
564 1043 669 1094 apud
683 1043 919 1080 Athenaeum.
937 1045 983 1080 In
1000 1042 1074 1080 sin-

47 1102 145 1152 gulis
161 1102 252 1140 item
273 1103 513 1154 aliquantum
543 1100 1034 1156 discrepant.—Ao'to·wupo;
1052 1099 1074 1147 ἢ

48 1159 224 1214 βδελυρός]
241 1165 299 1199 De
320 1162 383 1199 illa
398 1175 494 1200 voce
512 1175 549 1202 v.
569 1161 782 1199 Casaubon.
804 1169 842 1198 et
859 1161 1073 1211 Schweigh.

47 1219 95 1257 ad
139 1220 279 1258 Athen.
307 1223 344 1269 Ι,
374 1235 411 1271 p.
443 1235 480 1271 9,
510 1223 559 1269 C;
596 1221 695 1259 hanc
725 1220 855 1259 omisit
878 1220 1075 1271 Polybius,

48 1279 178 1328 paullo
217 1287 343 1317 tamen
366 1287 454 1331 post
486 1280 655 1318 occurrit
682 1278 857 1331 βδελυρία.
883 1302 936 1307 -
967 1272 1077 1318 Οῧτοι

48 1335 171 1388 σχεδὸν
193 1337 343 1381 ἅπαντες
371 1352 405 1376 κ.
433 1354 466 1376 τ.
495 1339 545 1389 λ.]
577 1332 858 1389 ΡοὶγΙ).εΟῧτοι
875 1338 1003 1382 πάντες
1030 1340 1078 1382 εἷς

48 1396 270 1436 Μακεδονίαν
292 1397 529 1451 ἀθροιζόμενοι
548 1398 634 1453 πρὸς
660 1398 842 1437 Φίλιππον
867 1400 998 1452 ἑταῖροι
1016 1402 1076 1437 τοῦ

51 1455 223 1507 βασιλέως
255 1456 579 1510 προσηγορεύοντο,
610 1457 748 1496 eodem
781 1471 907 1495 sensu.
948 1458 1077 1496 Theo-

49 1515 186 1566 pompi
209 1515 291 1553 haec
310 1525 348 1554 et
374 1530 455 1567 quae
476 1525 692 1567 sequuntur
719 1516 837 1554 verba
863 1517 1077 1568 respexisse

49 1573 203 1611 videtur
221 1574 416 1613 Diodorus
444 1578 550 1623 XVI,
567 1576 614 1620 54
632 1591 640 1613 :
659 1575 997 1627 Ἐγκατασκευάζων
1017 1569 1076 1613 οῧν

50 1632 86 1670 ἐν
106 1637 182 1675 ταῖς
200 1631 324 1671 πόλεσι
339 1631 509 1686 προδότας
526 1632 583 1671 διὰ
598 1638 660 1682 τῆς
681 1633 889 1687 δωροδοκίας
911 1634 971 1672 καὶ
999 1633 1079 1678 τοὺς

51 1688 258 1742 δεχομένους
284 1690 325 1729 τὸ
352 1690 497 1744 χρυσίον
524 1689 638 1736 ξένους
655 1691 716 1730 καὶ
736 1691 854 1745 φίλους
883 1692 1077 1744 ὀνομάζων,

49 1755 125 1794 ταῖς
147 1755 315 1803 πονηραῖς
342 1750 494 1802 ὁμιλίαις
511 1749 680 1804 διέφθειρε
702 1751 747 1789 τὰ
766 1751 834 1799 ἤθη
851 1754 921 1790 τῶν
941 1751 1077 1806 ἀνθρώ-

50 1824 138 1847 πων.
156 1810 212 1847 Cf.
221 1810 421 1849 Demosth.
441 1810 599 1860 Olynth.
617 1814 668 1859 ΙΙ,
683 1824 719 1861 p.
738 1811 910 1850 15.—T&
929 1809 992 1861 μὲν
1011 1810 1077 1864 γὰρ

50 1869 83 1907 οἵ
110 1867 274 1919 πόλεμοι]
301 1868 362 1907 Ob
395 1868 575 1907 deficiens
594 1868 639 1908 τὰ
669 1869 705 1907 δὲ
733 1870 838 1908 aliud
862 1870 1076 1908 membrum

51 1927 235 1965 orationis
250 1927 354 1979 apud
374 1927 678 1980 Theopompum
707 1928 756 1967 ab
784 1929 842 1967 his
869 1929 998 1967 verbis
1015 1930 1078 1967 in·—

51 1985 196 2037 cipiens
214 1986 262 2023 ab
282 1987 469 2024 Athenaeo
496 1987 677 2025 omissum
707 1996 836 2026 censet
863 1988 1076 2040 Schweigh.

49 2045 215 2083 Praefero
237 2054 362 2084 tamen
379 2045 610 2084 Villebrunii
627 2045 891 2097 conjecturam
904 2077 914 2096 ‚
933 2061 1006 2098 pro
1019 2047 1078 2086 καὶ

50 2105 87 2141 αἱ
102 2103 324 2142 πολυτέλειαι
342 2105 504 2155 legentis
518 2119 526 2142 :
539 2103 585 2143 τὰ
598 2105 630 2144 δ’
647 2108 683 2144 αἱ
699 2107 836 2154 πολυτ.,
851 2115 894 2144 ut
906 2107 1078 2155 haberet,

51 2175 130 2212 quo
156 2161 202 2200 τὰ
228 2161 291 2214 μὲν
320 2164 586 2215 responderet.
615 2163 774 2204 Καθόλου
793 2165 860 2219 γὰρ
880 2168 911 2214 ὁ,
935 2180 1021 2217 quae
1039 2167 1078 2203 in

49 2220 89 2258 in
109 2221 295 2260 Athenaeo
316 2222 515 2272 deficiunt,
535 2237 555 2261 e
574 2224 738 2274 Polybio
761 2226 970 2276 praeposui.
988 2229 1080 2263 Mox

49 2280 152 2331 apud
174 2281 277 2318 hune
303 2286 375 2325 τοῖς
406 2281 505 2328 ἤθεσι
537 2283 677 2334 legitur
708 2297 781 2335 pro
809 2282 854 2322 τὰ
876 2283 965 2333 ἤθη;
991 2294 1081 2336 post

0 2370 5 2375 .
49 2341 119 2377 τῶν
143 2339 238 2378 ἰδίων
258 2340 441 2390 adjicitur
461 2340 559 2393 βίων.
574 2346 650 2380 Pro
675 2344 806 2387 ζῶντας
822 2344 857 2381 ἐν
875 2342 994 2388 κύὸοις
1020 2344 1079 2383 καὶ

49 2395 167 2441 πότοις
196 2399 348 2436 ἐπαινῶν
378 2398 503 2450 ἐτίμα,
522 2400 709 2451 Polybius
728 2417 736 2439 ε
756 2403 886 2446 ζῶντας
904 2403 939 2439 ἓν
960 2401 1082 2453 μέθαις

50 2457 111 2492 καὶ
143 2454 262 2500 κύὸοις
292 2456 398 2509 ἐτίμα
427 2457 487 2496 καὶ
520 2461 686 2513 προῆγεν,
720 2469 763 2498 ut
790 2469 925 2499 auctor
950 2471 1081 2500 noster

48 2513 74 2552 l.
93 2518 204 2562 XXI,
221 2516 264 2554 fr.
290 2518 363 2562 146
381 2548 392 2566 ,
415 2517 495 2561 τοὺς
518 2517 783 2562 ἀποὸάλλοντας
806 2519 868 2564 τὰς
893 2519 1011 2564 οὐσίας
1034 2522 1082 2564 εἷς

50 2570 157 2622 μέθας
175 2573 236 2612 καὶ
251 2573 393 2619 κύὸους·
415 2576 517 2614 libro
536 2591 630 2615 vero
647 2587 785 2628 quarto
806 2579 897 2631 frag.
920 2579 970 2625 54
1002 2581 1082 2618 uti-

50 2636 114 2669 tur
138 2633 173 2671 ἐν
202 2632 319 2678 κύὸοις
347 2633 407 2673 καὶ
449 2634 579 2680 πότοις.
599 2641 675 2675 Pro
693 2637 826 2677 τοιαῦτ’
845 2636 957 2692 ἔχειν,
976 2639 1082 2690 quod

22 2794 24 2796 .
49 2765 104 2807 qui
117 2767 258 2821 optimos
272 2768 493 2811 plurimosque
526 2770 645 2803 fundos
662 2772 871 2813 possides-ent
903 2774 1020 2814 Atque,
1038 2776 1076 2806 ut

49 2814 162 2854 paucis
177 2815 366 2856 absolvam,
380 2818 559 2871 praesertim
588 2828 690 2860 quum
712 2822 762 2851 tot
784 2822 817 2852 et
836 2822 923 2852 tanta
947 2822 1078 2862 negotia

50 2860 130 2893 mihi
145 2861 354 2904 incumbant,
370 2864 416 2896 sic
439 2865 525 2906 apud
542 2874 593 2898 me
607 2866 789 2899 existimo:
809 2870 969 2909 quotquot
985 2870 1081 2902 amici

52 2907 85 2939 et
96 2909 230 2941 comites
246 2909 387 2952 Philippi
401 2910 602 2966 dicebantur,
619 2914 798 2946 teterrimas
812 2915 912 2947 fuisse
933 2915 1057 2948 belluas
1070 2939 1079 2955 ‚

0 2995 1 3007 γ
50 2955 160 2995 quales
176 2965 235 2989 nec
251 2958 403 2990 Centaui
395 2967 416 2999 ι,
428 2960 484 3000 qui
501 2960 627 2992 Pelium
639 2961 814 3001 incolum-‚e
828 2971 887 2994 nec
900 2964 1081 3005 Laestrygo-

52 3009 120 3043 nes,
137 3004 193 3045 qui
208 3005 384 3038 Leontinos
397 3015 529 3048 campos
544 3008 686 3041 tenuisse
702 3009 922 3051 perhibentur,
940 3020 999 3044 nec
1014 3012 1081 3044 ulla

52 3048 112 3082 alia
126 3050 314 3093 hujusmodi
327 3056 483 3095 monstra,
501 3055 728 3088 exstiterunt.

519 3127 610 3160 250.

92 3179 240 3220 Μίδαι-3,
252 3181 331 3214 urbs
348 3182 496 3223 Sicaniae,
516 3184 556 3217 de
573 3194 638 3226 qua
653 3186 879 3229 Theopompus
894 3187 978 3220 libro
992 3197 1079 3220 nono

51 3223 88 3258 et
101 3226 346 3269 quadragesimo
361 3230 628 3272 Philippicorum.

522 3299 611 3332 251.

97 3349 223 3390 Indara,
242 3352 428 3386 Sicanorum
447 3355 534 3396 urbs,
553 3357 594 3389 de
609 3366 673 3399 qua
692 3359 932 3400 Theopompus.

179 3410 372 3442 Fnicumn
395 3413 643 3447 Hisroniconun.

2080 137 2151 171 321

1130 212 1336 252 obsecutus
1371 210 1712 263 Schweighaeuseri
1747 211 1902 262 utrique
1922 212 2054 252 Codici
2075 217 2160 254 MS.

1131 273 1260 323 recepi
1278 286 1358 324 prae
1376 274 1522 310 τοιαῦτα
1542 270 1649 323 ἔχειν,
1663 278 1706 308 ut
1725 270 1839 319 editi,
1857 271 2041 321 Polybius
2057 276 2157 311 ταυτ’

1131 329 1242 382 ἔχειν;
1261 345 1333 382 pro
1354 329 1575 384 ξυρούμενοι,
1603 327 1801 384 ξυράμενοι,
1826 344 1898 381 pro
1928 330 2056 385 ἑτέροις
2084 348 2159 371 πα-

1133 395 1246 442 ρεῖχον
1277 390 1432 428 exhibet
1460 393 1508 428 ἑτ.
1538 389 1762 444 παρείχοντο,
1790 390 1939 428 melius.
1970 396 2065 430 Mox
2087 406 2159 443 pro

1131 447 1245 489 ὅθεν..
1252 451 1352 502 ..οὐχ
1369 450 1522 503 ἑταίρους
1550 447 1641 487 ἀλλὰ
1661 448 1800 502 ἑταίρας
1825 448 2011 500 υπέλαὸεν,
2042 452 2160 502 Poly-

1131 508 1237 554 bius,
1270 523 1473 560 perperam
1516 509 1666 547 omissis
1696 508 1776 547 ἀλλ’
1818 507 1975 562 ἑταίρας,
2002 511 2161 549 exhibet

1132 566 1378 618 υπελάμὸανεν
1411 583 1519 615 ειναι,
1552 580 1651 618 quae,
1682 581 1795 605 sensu
1823 569 1941 634 migis
1969 569 2160 617 absoluto,

1133 626 1351 664 Demetrius
1371 626 1576 664 Phalereus
1592 630 1650 663 De
1665 627 1803 664 elocut.
1825 627 1878 664 sic
1902 628 2057 665 retulit:
2075 628 2162 666 ἐκα-

1132 686 1255 724 λοῦντο
1301 684 1363 736 μὲν
1408 687 1558 738 ἑταῖροι,
1591 689 1681 733 ἠσαν
1721 685 1758 724 δὲ
1799 688 1960 740 ἑταῖραι’
2006 696 2044 725 et
2080 696 2162 726 tum

1133 745 1233 793 haec,
1275 753 1357 782 tum
1387 757 1471 794 quae
1510 745 1688 794 proxime
1735 755 1948 796 sequuntur
1987 761 1996 783 ε
2034 747 2165 800 ἀνδρο-

1134 803 1231 855 φόνοι
1238 801 1326 878 γὰρ
1356 801 1421 849 τὴν
1453 801 1554 856 φύσιν
1589 802 1682 846 ὄντες
1701 832 1711 850 ,
1745 803 1971 858 ἀνδρόπορνοι
1999 804 2057 843 τὸν
2085 805 2165 860 τρό-

1134 878 1199 901 πον
1237 856 1353 911 ησαν,
1391 863 1516 902 inter
1530 862 1693 900 elumbis
1734 872 1771 900 et
1814 864 1942 902 fiactae
1979 866 2164 903 orationis

1136 922 1312 973 exempla
1347 921 1520 973 protulit.
1541 921 1745 959 Adamavit
1766 922 2045 974 Theopompus
2066 924 2165 975 ejus-

1136 981 1243 1019 modi
1283 978 1498 1028 ἀντιθέσεις;
1542 981 1670 1018 statim
1705 991 1950 1031 praecesserat
1983 998 1991 1021 :
2029 982 2063 1021 τί
2097 981 2165 1036 γὰρ

1135 1042 1205 1079 τῶν
1243 1040 1399 1093 αἰσχρῶν
1434 1037 1457 1085 ἢ
1495 1039 1615 1076 δεινῶν
1652 1040 1767 1082 αὐτοῖς
1801 1040 1839 1078 οὒ
1878 1044 2027 1093 προσῆν,
2073 1041 2095 1088 ἢ
2131 1042 2167 1081 τί
2177 1072 2181 1076 .

1135 1103 1205 1139 τῶν
1222 1102 1340 1139 καλῶν
1373 1099 1434 1138 καὶ
1466 1099 1664 1138 σπουδαίων
1692 1102 1754 1138 οὐκ
1783 1102 1888 1147 ἀπῆν·
1908 1110 1945 1139 et
1964 1116 2077 1152 mox,
2106 1102 2165 1141 καὶ

1136 1162 1205 1199 τῶν
1237 1159 1301 1210 μὲν
1343 1157 1573 1213 ὑπαρχόντων
1605 1157 1779 1210 ἠμέλουν,
1813 1162 1882 1198 τῶν
1925 1160 1962 1198 δὲ
2005 1161 2164 1201 ἀπόντων

1137 1218 1343 1271 ἐπεθύμουν.
1371 1223 1446 1257 Pro
1471 1218 1713 1271 χαμαιτύπας,
1742 1219 1879 1269 Polyb.
1911 1221 2164 1272 χαμαιτύπους.

1138 1279 1201 1318 Ἔν
1255 1281 1306 1332 τῷ
1357 1278 1561 1331 σεμνοτάτῳ
1605 1280 1778 1328 retineo,
1808 1280 1923 1317 etiam
1962 1280 2167 1319 damnante

1139 1350 1276 1389 magno
1292 1336 1537 1385 casaubono,
1553 1350 1641 1374 nam
1655 1338 1900 1375 consentiunt
1919 1338 2007 1376 libri
2022 1353 2167 1385 omnes,

1137 1409 1262 1448 neque
1278 1410 1301 1434 a
1318 1396 1523 1434 Graecitate
1542 1395 1740 1434 abhorret.
1762 1414 1776 1430 »
1796 1399 1854 1435 W
1851 1398 1976 1435 iclzers.

1191 1508 1429 1560 Stephanus:
1446 1455 1755 1561 Μίσκερὲὃῗιῖόλις
1781 1509 1960 1553 Σικανίας.
2000 1509 2169 1561 Θεόπομ-

1137 1573 1208 1612 πος
1210 1569 1491 1621 τεσσαρακοστῷ
1509 1566 1642 1620 ἐννάτῳ
1659 1569 1904 1607 Φιλιππικῶν.

1598 1606 1687 1658 2¹51.

1192 1675 1408 1726 Stephanus
1427 1690 1435 1711 :
1446 1672 1612 1726 Ἴνδαρα,
1634 1675 1795 1712 Σικανῶν
1810 1673 1924 1718 πόλις.
1945 1675 2168 1727 Θεόπομπος.

1541 1768 1694 1808 LIBER
1722 1769 1765 1807 L.

1620 1821 1708 1858 252.

1192 1875 1398 1913 Athenaeus
1416 1878 1515 1925 X‚p.
1535 1879 1623 1923 442,
1638 1877 1680 1921 F;
1703 1876 1791 1921 443,
1810 1877 1865 1913 A:
1887 1874 2006 1919 Ἐνδὲ
2025 1878 2068 1928 τῇ
2087 1891 2171 1913 πεν-

1138 1936 1293 1986 τηκοστῇ
1314 1937 1332 1972 ὃ
1349 1931 1562 1983 Θεόπομπος
1587 1931 1667 1986 περὶ
1693 1933 1936 1985 Μηθυμναίων
1957 1933 2039 1973 τάδε
2057 1933 2168 1985 λέγει·

1140 2011 1154 2026 «
1174 1992 1247 2031 Καὶ
1278 1991 1323 2030 τὰ
1356 1991 1418 2044 μὲν
1439 1991 1620 2046 ἐπιτήδεια
1637 1991 1939 2046 προσφερομένους
1955 1994 2170 2041 πολυτελῶς,

1141 2050 1230 2103 μετὰ
1248 2054 1309 2090 τοῦ
1329 2053 1559 2089 κατακεῖσθαι
1575 2049 1635 2088 καὶ
1650 2050 1779 2088 πίνειν·
1798 2049 1897 2104 ἔργον
1915 2051 1944 2089 δ’
1961 2050 2059 2090 οὐδὲν
2077 2051 2169 2096 ἄξιον

1139 2113 1208 2149 τῶν
1240 2110 1484 2162 ἀναλωμάτων
1518 2113 1716 2154 ποιοῦντας.
1748 2108 1928 2149 Ἔπαυσεν
1958 2106 2016 2149 οῧν
2048 2110 2171 2154 αὐτοὺς

1139 2168 1271 2208 τούτων
1294 2167 1496 2220 Κλεομένης
1515 2171 1533 2207 ὃ
1551 2167 1727 2222 τύραννος,
1745 2171 1763 2207 ὁ
1782 2170 1843 2208 καὶ
1861 2169 1923 2214 τὰς
1947 2171 2170 2224 μαστροποὺς

1139 2230 1200 2274 τὰς
1218 2228 1415 2281 εἰθισμένας
1434 2228 1692 2283 προαγωγεύειν
1717 2229 1778 2273 τὰς
1795 2230 1975 2285 ἐλευθέρας
1990 2238 2170 2283 γυναῖκας,

1139 2295 1228 2344 τρεῖς
1245 2288 1268 2336 ἢ
1286 2288 1455 2343 τέτταρας
1470 2287 1534 2333 τὰς
1550 2288 1828 2342 ἐπιφανεστάτας
1850 2289 2097 2343 πορευομένας,
2113 2292 2170 2329 ἕν-

1141 2348 1251 2396 δήσας
1270 2351 1318 2392 εἷς
1335 2347 1486 2391 σάκκους
1504 2347 1760 2387 καταποντίσαι
1777 2348 1847 2386 τισὶ
1870 2348 2078 2401 προστάξας.
2101 2366 2116 2383 n

1194 2412 1270 2446 Pro
1301 2406 1537 2461 πορευομένας
1572 2407 1820 2445 Casaubonus
1840 2408 2005 2458 conjecit
2024 2424 2031 2446 :
2060 2409 2170 2460 ἐμπο·

1142 2464 1347 2519 ρευομένας,
1363 2466 1656 2517 Schweighaeus.
1679 2466 1949 2520 πορνευομένας.

1611 2526 1702 2562 253,

1195 2578 1411 2629 Stephanus
1429 2593 1438 2616 :
1459 2576 1576 2630 Καρὸς
1596 2580 1723 2626 κῆποι,
1741 2578 1869 2633 χωρίον
1889 2577 2046 2631 Θρᾴκης.
2072 2577 2146 2617 Θεό
2154 2601 2169 2608 -

1142 2652 1282 2688 πομπος
1296 2635 1337 2675 ν’.
1360 2635 1414 2676 Τὸ
1434 2636 1566 2675 ἐθνικὸν
1588 2636 1859 2689 Καροκηπίτης,
1881 2638 1927 2679 ὡς
1945 2639 1962 2674 ὁ
1976 2635 2088 2679 αὐτός.

1545 2773 1697 2812 LIBER
1728 2774 1768 2811 L.

1614 2838 1703 2870 252.

1183 2891 1280 2923 Libro
1313 2890 1580 2931 quinquagesimo
1621 2889 1661 2920 de
1691 2888 1917 2928 Metliymnaeis
1961 2888 2031 2920 liaec
2071 2889 2171 2922 Theo-

1143 2946 1284 2978 pompus
1293 2937 1391 2969 dicit:
1408 2951 1423 2964 «
1435 2937 1532 2969 Victu
1547 2936 1721 2968 utebantur
1733 2938 1914 2974 sumtuOSO‚
1927 2935 2168 2977 decumbentes,

1141 2986 1378 3026 potantesque:
1399 2984 1523 3016 nullum
1548 2984 1657 3014 autem
1684 2983 1805 3014 sactum
1831 2982 1961 3015 edentes
1986 2983 2075 3023 quod
2108 2983 2172 3016 illis

1140 3031 1304 3063 sumtibus
1321 3030 1455 3070 dignum
1473 3030 1599 3061 suisset.
1629 3028 1692 3061 Sed
1717 3028 1793 3060 huic
1815 3028 1942 3060 illorum
1968 3028 2045 3061 vitae
2061 3028 2168 3070 generi

1140 3077 1236 3110 finem
1263 3077 1338 3109 fecit
1357 3077 1545 3109 Cleomenes
1567 3077 1725 3116 tyrannus
1742 3086 1750 3107 ε
1771 3076 1828 3116 qui
1850 3077 1882 3107 et
1901 3076 2046 3108 lenarum
2059 3100 2068 3116 ‚
2094 3085 2169 3117 quae

1140 3124 1333 3165 prostituere
1350 3124 1504 3164 ingenuas
1519 3123 1668 3154 mulieres
1681 3124 1927 3162 consueverant,
1943 3124 2009 3154 tres
2022 3125 2079 3154 aut
2094 3132 2169 3164 qua-

1141 3174 1216 3203 tuor
1237 3171 1433 3202 clarissimas
1455 3171 1487 3201 in
1510 3169 1691 3202 meretricia
1712 3169 1879 3209 facienda,
1901 3169 2004 3202 saccis
2028 3169 2171 3202 inclusas

1140 3217 1221 3249 mari
1235 3217 1334 3258 jussit
1350 3217 1461 3258 mergi.
1487 3230 1502 3245 »

1608 3265 1698 3298 253.

1181 3311 1351 3352 Caroscepi
1376 3310 1482 3352 (Caris
1496 3311 1607 3352 horti),
1631 3311 1721 3343 locus
1737 3311 1882 3343 Thrac-iae
1894 3334 1903 3351 ‚
1927 3311 1967 3344 de
1983 3319 2048 3351 quo
2072 3310 2171 3343 Theo-

1144 3358 1371 3399 pompuslibro
1379 3359 1657 3400 quinquagesimo.
1667 3358 1807 3401 Gentile,
1816 3359 1969 3401 Carocepi
1973 3361 2015 3398 ta,
2029 3358 2064 3390 ut
2071 3357 2167 3390 idem.

2023 3417 2057 3446 21
