2320 3684
0 1301 8 1325 ,Α
63 1268 184 1323 πατὴρ
208 1270 269 1309 καὶ
290 1270 360 1318 υἱός

0 2543 3 2545 ,
63 2514 113 2546 ret
126 2515 236 2545 autem
251 2521 376 2545 morem
389 2522 455 2545 non
468 2512 613 2554 gerenti:

797 125 1098 165 THEOPOMPI
1126 126 1342 166 FRAGME
1349 127 1462 167 NTA.

2108 139 2182 173 295

64 213 266 266 γεγονέναι,
280 214 340 253 καὶ
358 214 447 266 μήτε
462 212 668 268 πράγμασι,
693 211 775 263 μήτ’
796 209 1010 264 ἀνθρώποις,
1025 226 1095 250 πο-
1153 217 1170 250 Ι
1183 213 1462 265 hilippicorum
1480 213 1621 252 librum
1635 215 1766 254 intulit
1783 217 2074 285 Theopompus,
2090 228 2184 257 teste

64 272 127 313 λυν
143 273 269 328 χρόνον
289 279 361 318 τοῖς
377 275 493 317 αὐτοῖς
509 270 686 323 ἐπιμένειν
700 269 904 321 δυνάμενον.

119 396 220 434 Plut.
239 399 349 434 Dem.
369 408 407 447 p.
428 394 520 444 852,
540 407 574 431 c.
598 399 642 438 14
663 408 672 431 :
697 390 845 445 Ἱστορεῖ
869 389 906 429 δὲ
924 390 983 430 καὶ
1012 390 1098 430 Θεό-

63 468 220 504 πομπος,
248 453 323 503 ὅτι,
348 469 418 492 των
447 452 636 500 Ἀθηναίων
662 451 720 491 ἐπί
747 467 826 490 τινα
846 449 1086 505 προὸαλλομέ-

62 527 132 550 νων
152 512 256 552 αὐτὸν
259 512 500 575 κατηγορίαν,
511 514 558 556 ὡς
568 513 634 565 οὐχ
648 510 822 558 ὑπήκουε,
845 508 1097 564 θορυὸούντων,

63 571 219 616 ἀναστὰς
247 564 364 611 εἶπεν·
404 571 527 624 Ὑμεῖς
564 571 666 623 ἐμοὶ,
691 573 720 609 ὠ
747 569 867 623 ἄνδρες
900 569 1098 618 Ἀθηναῖοι,

62 629 252 684 συμὸούλῳ
272 628 351 683 μὲν,
371 629 437 670 κᾶν
458 630 508 684 μὴ
531 629 676 680 θέλητε,
689 629 875 684 χρήσεσθε·
897 627 1098 682 συκοφάντῃ

62 688 106 738 δ’,
120 687 200 728 οὐδὲ
217 688 276 729 ἐὰν
294 689 429 738 θέλητε.

116 803 226 842 Idem
245 803 339 842 ibid.
359 818 398 855 p.
422 804 512 852 857,
535 818 569 842 c.
588 804 636 842 25
659 818 668 841 ε
690 801 813 849 Μόνην
837 799 906 854 γὰρ
924 799 989 847 τὴν
1017 798 1098 838 τού-

63 878 123 901 του
143 862 240 916 (scil.
259 862 371 902 οἷκίαν
392 862 633 907 Καλλικλέους
654 865 716 901 τοῦ
735 860 942 915 Ἀρῥενίδου)
973 858 1098 898 νεωστὶ

62 920 304 974 γεγαμηκότος
332 923 396 960 οὐκ
415 921 539 960 εἴασαν
569 923 803 975 ἐλεγχθῆναι,
837 918 977 972 νύμφης
1002 917 1099 957 ἔνδον

63 979 188 1030 οὔσης,
206 982 253 1026 ὡς
273 983 404 1035 ἱστορεῖ
417 980 642 1033 Θεόπομπος.

457 1099 610 1139 LIBER
637 1099 707 1139 XI.

536 1157 623 1196 109.

405 1211 598 1263 Ἀμάδοκος
676 1210 748 1251 Δύο
765 1210 948 1263 γεγόνασιν
985 1204 1099 1260 οὗτοι,

439 1270 647 1325 ἀμφοτέρων
674 1270 858 1323 μέμνηται
885 1269 1102 1323 Θεόπομπος

63 1330 100 1368 ἐν
120 1331 163 1381 τῆ
183 1329 351 1384 ἑνδεκάτῃ
371 1333 441 1369 τῶν
459 1332 703 1370 Φιλιππικῶν.

118 1446 359 1499 Porphyrius
388 1445 493 1497 apud
524 1391 665 1483 Elulsgl).
698 1449 741 1484 P.
766 1448 810 1483 E.
840 1447 894 1491 X,
921 1457 960 1496 p.
1000 1445 1100 1488 464:

123 1213 354 1262 Harpocrat.
376 1227 385 1250 :

2 1542 6 1548 ,
65 1508 149 1546 Τῶν
168 1507 308 1557 ἀγαθῶν
336 1503 396 1542 καὶ
425 1519 494 1542 των
518 1505 638 1542 κακῶν
667 1502 766 1542 οὐδὲν
800 1502 885 1541 αὐτὸ
915 1502 994 1541 καθ’
1017 1503 1102 1542 αὑτὸ

63 1564 320 1621 παραγίγνεται
338 1568 412 1607 τοῖς
431 1561 647 1616 ἀνθρώποις,
675 1560 767 1602 ἀλλὰ
791 1560 1022 1601 συντέτακται
1041 1561 1101 1600 καὶ

64 1625 312 1664 συνακολουθεῖ
336 1627 408 1665 τοῖς
427 1620 490 1673 μὲν
516 1620 680 1664 πλούτοις
704 1621 765 1659 καὶ
784 1626 862 1664 ταῖς
885 1619 1102 1664 δυναστείαις

3 1728 7 1731 ⁷
64 1683 165 1722 ἄνοια
190 1681 251 1722 καὶ
283 1679 374 1734 μετὰ
411 1679 544 1728 ταύτην
578 1680 772 1719 ἀκολασία·
796 1685 872 1723 ταῖς
900 1679 930 1718 δ’
956 1678 1102 1723 ἐνδείαις

63 1741 123 1781 καὶ
162 1747 238 1785 ταῖς
273 1739 524 1788 ταπεινότησι,
562 1738 771 1794 σωφροσύνη
800 1738 860 1777 καὶ
897 1736 1100 1792 μετριότης·

63 1799 156 1840 ὥστε
185 1799 342 1854 χαλεπὸν
368 1792 457 1839 εἶναι
486 1800 692 1851 διαγνωναι,
722 1797 865 1852 πότερον
896 1796 938 1835 ἄν
962 1812 1013 1840 τις
1045 1795 1102 1834 δέ-

64 1857 160 1904 ξαιτο
181 1861 251 1897 τῶν
274 1857 425 1911 μερίδων
447 1857 578 1896 τούτων
600 1863 672 1902 τοῖς
690 1857 792 1896 παισὶ
813 1862 884 1900 τοῖς
907 1858 1014 1894 αὐτου
1032 1871 1100 1894 κα-

62 1919 235 1957 ταλιπεῑν.

118 1994 133 2011 n
147 1981 294 2016 Locum
316 1977 442 2025 hunc,
462 1975 572 2027 cujus
593 1976 764 2029 priorem
783 1984 930 2014 tantum
949 1982 1100 2026 partem

64 2037 242 2076 exhibuit
276 2036 492 2084 Eusebius,
518 2037 699 2088 supplevi
737 2049 785 2073 ex
818 2034 1001 2073 Isocratis
1030 2037 1098 2072 Or.

1 2108 3 2111 ’
63 2102 204 2147 Paneg.
230 2097 330 2148 init.,
361 2097 546 2149 quoniam
579 2095 695 2146 hujus
729 2095 858 2132 locum
881 2094 1099 2144 integrum,

0 2191 2 2193 ,
63 2171 114 2195 ue
137 2156 267 2195 verbis
289 2156 444 2207 quidem
461 2155 639 2204 mutatis,
665 2155 705 2192 in
726 2154 830 2192 hunc
851 2153 1100 2191 undecimum

0 2278 3 2282 ·
64 2267 119 2299 nio
135 2268 172 2300 ut
186 2267 435 2300 Demosthenem
458 2265 571 2298 mobili
593 2265 680 2297 dicat
695 2264 807 2303 fuisse,
825 2272 930 2305 neque
942 2262 994 2296 vel
1004 2262 1101 2295 rebus

63 2313 116 2345 vel
134 2313 322 2346 hominibus
337 2313 395 2345 diu
411 2313 527 2345 iisdem
540 2312 748 2345 delectatum.

104 2418 222 2452 Scribit
235 2418 334 2451 etiam
351 2419 598 2460 Theopompus,
614 2427 717 2459 quum
733 2404 873 2459 populus
892 2416 1099 2449 Atheniensis

62 2466 310 2498 accusatorem
302 2475 334 2498 m
351 2474 468 2498 caussa
482 2465 624 2507 quadam
637 2474 713 2498 eum
728 2464 923 2504 nominaret,
933 2463 1099 2505 obstrepe-

630 2511 810 2545 surrexisse
822 2520 897 2544 eum
912 2520 950 2543 ac
962 2510 1096 2550 dixisse,

61 2561 130 2593 Vos
150 2568 222 2600 me,
236 2559 470 2600 Athenienses,
468 2537 711 2592 ⁰c0nsiliarium
731 2559 784 2591 vel
803 2558 898 2591 inviti
914 2558 1095 2598 habebitis,

62 2606 330 2640 calumniatorem
345 2615 388 2640 ne
403 2607 431 2640 si
447 2607 617 2640 volueritis
634 2606 779 2648 quidem.

104 2709 212 2740 Unum
235 2708 334 2749 hujus
357 2707 500 2741 Calliclis
512 2661 727 2747 d6iiii30ilium,
745 2708 783 2740 ut
798 2707 912 2739 auctor
930 2710 980 2740 est
993 2709 1096 2741 Theo·

63 2763 225 2796 pompus,
239 2754 327 2796 quod
347 2763 450 2796 nuper
476 2763 611 2787 uxorem
636 2755 770 2787 domum
787 2754 945 2795 duxisset,
968 2764 1096 2797 sponsae

6 2839 7 2842 Ἰ
63 2810 189 2839 caussa,
207 2810 281 2843 quae
297 2801 385 2834 intus
400 2803 479 2843 erat,
495 2811 560 2834 non
578 2802 795 2843 permiserunt
812 2802 934 2834 excuti.

448 2915 601 2954 LIBER
629 2915 699 2954 XI.

103 2979 700 3067 Amadocus...Hibinis116r2?pater
719 3029 752 3058 et
775 3025 894 3058 filius..
899 3028 1096 3069 .utriusque.

63 3071 212 3104 meminit
223 3072 454 3114 Theopompus
466 3072 548 3104 libro
560 3073 733 3105 undecimo
745 3073 1013 3116 Philippicorum.

106 3171 188 3204 Boni
199 3172 340 3213 malique
358 3172 439 3204 nihil
454 3182 512 3214 per
535 3127 575 3205 gel
586 3128 696 3206 gvenit
710 3174 900 3207 hominibus
912 3198 921 3213 ,
938 3175 996 3208 sed
1013 3175 1094 3207 divi-

66 3216 128 3250 tias
139 3221 173 3251 et
186 3220 363 3260 potentiam
377 3221 524 3262 sequitur
537 3223 703 3262 tamquam
717 3221 806 3254 socia
822 3222 997 3261 dementia,
1012 3223 1095 3255 hanc

5 3303 7 3305 Ι
66 3273 144 3297 vero
160 3265 288 3297 licentia
307 3266 473 3307 ;inopiam
497 3269 610 3300 contra
634 3271 667 3300 et
683 3268 898 3301 humilitatem
914 3271 1094 3310 temperan-

66 3311 111 3344 tia
125 3312 272 3353 sequitur
283 3315 315 3344 et
330 3314 526 3346 moderatio:
543 3316 580 3347 ut
593 3314 723 3347 difficile
734 3316 776 3347 sit
792 3315 831 3347 ad
845 3315 888 3357 dij
894 3316 1092 3348 udicandum

67 3361 172 3391 utram
186 3359 301 3391 harum
314 3368 421 3393 rerum
435 3360 546 3394 liberis
564 3362 807 3403 relinquendam
822 3371 894 3395 esse
912 3362 1091 3396 existimes.

1125 1869 1132 2177 ψ

1152 275 1306 324 ΡοιΡΙι)
1311 274 1370 310 rio
1384 273 1495 311 ibid.·
1487 290 1498 322 ;
1518 287 1754 326 quamquam
1775 277 1968 315 nescimus
1987 278 2026 315 in
2044 277 2185 330 quibus

1153 332 1332 370 Isocratis
1351 331 1478 370 verbis
1501 332 1753 372 substiterit.»
1777 337 1958 376 Wiclzers.

1532 474 1685 514 LIBER
1714 476 1804 516 XII.

1625 550 1710 588 111.

1208 611 1368 650 Photius
1388 613 1571 652 Biblioth
1590 616 1683 654 Cod.
1703 607 1923 666 CLXXVI,
1948 631 1988 670 p.
2010 632 2085 658 202
2106 633 2186 672 sq:

1156 669 1228 709 Καὶ
1251 669 1409 725 περιέχει
1431 674 1449 710 ὁ
1467 671 1659 718 δωδέκατος
1672 674 1773 727 λόγος
1792 675 1873 728 περί
1889 692 1926 714 τε
1944 676 2109 732 Ἀκώριος
2126 683 2188 718 τοῦ

1156 729 1360 781 Αἰγυπτίων
1398 730 1591 783 βασιλέως,
1624 734 1670 776 ὡς
1701 733 1786 788 πρός
1810 750 1848 773 τε
1882 734 1962 779 τους
1992 737 2189 791 βαρὸάρους

1159 789 1277 840 (vulg.
1301 789 1531 844 Βαρκαίους),
1557 791 1766 842 ἐσπείσατο,
1794 793 1892 832 καὶ“
1879 793 1945 832 υπὲ
1930 811 1967 847 ..ρ
2006 796 2188 851 Εὐαγόρου

1156 847 1308 902 ἔπραττε
1330 864 1392 887 του
1417 848 1597 904 Κυπρίου,
1621 851 1762 890 ἐναντία
1784 852 1947 907 πράττων
1970 857 2021 908 τῷ
2043 856 2188 910 Πέρσῃ·

1156 906 1192 945 ὅν
1203 923 1242 946 τε
1263 906 1392 959 τρόπον
1412 908 1509 961 παρὰ
1531 907 1630 953 δόξαν
1651 909 1835 964 Εὐαγόρας
1852 928 1915 958 της
1932 914 2099 968 Κυπρίων
2123 918 2189 969 ἀρ-

1155 970 1222 1019 χ’ῆς
1245 965 1376 1015 ἐπέὸη,
1393 965 1584 1017 Αὗδύμονα
1602 967 1792 1020 κατασχὼν
1813 969 1872 1008 τὸν
1895 970 2020 1010 Κιτιέα
2032 973 2190 1023 ,ταύτης

1158 1025 1371 1079 ἐπάρχοντα.
1386 1025 1478 1065 Τίνα
1501 1041 1539 1065 τε
1560 1025 1687 1079 τρόπον
1707 1024 1880 1075 σΕλληνες
1902 1032 1933 1068 οἱ
1955 1047 2017 1070 συν
2035 1032 2190 1084 Ἀγαμέ-

1158 1083 1333 1136 μνονιτὴν
1360 1083 1505 1145 Κύπρον
1524 1084 1713 1138 κατέσχον,
1738 1086 1976 1132 ἀπελάσαντες
1999 1089 2077 1134 τοὺς
2100 1092 2190 1143 μετὰ

1158 1142 1351 1197 Κιννύρου,
1375 1146 1423 1182 ὣν
1448 1145 1534 1183 εἰσιν
1551 1145 1732 1189 ὑπολιπεῖς
1747 1145 1982 1197 Ἀμαθούσιοι.
2007 1148 2134 1195 υΟπως
2152 1168 2190 1191 τε

1157 1206 1174 1242 ὃ
1199 1202 1359 1256 βασιλευς
1380 1202 1547 1257 Εὐαγόρα
1566 1204 1773 1252 συνεπείσθη
1792 1207 2009 1257 πολεμησαι,
2035 1224 2191 1263 στρατη-

1157 1262 1218 1315 γὸν
1237 1262 1432 1310 ἐπιστησας
1448 1262 1725 1318 Αὐτοφραδάτην
1744 1263 1802 1302 τὸν
1825 1265 1958 1309 Λυδίας
1994 1269 2192 1322 σατράπην,

1156 1321 1330 1376 ναύαρχον
1351 1322 1388 1361 δὲ
1408 1322 1653 1374 Ἑκατόμνων.
1680 1323 1753 1362 Καὶ
1774 1323 1856 1377 περὶ
1883 1327 1946 1372 τῆς
1969 1326 2128 1379 εἰρήνης,
2148 1328 2190 1375 ἣν

1158 1381 1262 1426 αὐτὸς
1284 1388 1356 1426 τοῖς
1376 1381 1554 1430 εἘλλησιν
1579 1382 1809 1436 ἐὸράὸευσεν·
1824 1382 1918 1428 ὅπως
1940 1401 1977 1423 τε
1992 1386 2078 1440 πρὸς
2100 1389 2192 1426 Εὐα-

1156 1441 1263 1495 γόραν
1279 1441 1569 1495 ἐπικρατέστερον
1589 1442 1774 1494 ἐπολέμει,
1792 1442 1853 1481 καὶ
1875 1444 1956 1497 περὶ
1975 1448 2037 1492 τῆς
2057 1447 2092 1484 ἐν
2117 1446 2193 1486 Κύ-

1157 1516 1236 1555 πριι)
1258 1500 1470 1553 ναυμαχίας.
1496 1500 1605 1540 Kou‘
1587 1517 1635 1546 ως
1652 1501 1842 1549 Ἀθηναίων
1857 1505 1879 1549 ἡ
1897 1503 1998 1548 πόλις
2009 1510 2084 1549 ταῖς
2108 1505 2194 1559 πρὸς

1160 1558 1310 1612 βασιλέα
1328 1559 1550 1607 συνθήκαις’
1535 1576 1700 1613 επειρατο
1720 1560 1898 1612 ἐμμένειν,
1917 1563 2193 1615 Λακεδαιμόνιοι

1158 1617 1195 1656 δὲ
1228 1620 1406 1672 ὑπέρογκα
1434 1623 1639 1674 φρονοῦντες
1670 1619 1884 1674 παρέὸαινον
1913 1621 1975 1666 τὰς
2006 1623 2192 1670 συνθήκας.

1158 1677 1249 1716 Τίνα
1270 1694 1308 1716 τε
1332 1677 1459 1731 τρόπον
1482 1677 1547 1725 τὴν
1567 1678 1626 1717 ἐπὶ
1653 1678 1875 1719 Ἀνταλκίδου
1906 1680 2019 1720 ἔθεντο
2038 1682 2192 1737 εἰρήνην,

1157 1736 1218 1775 καὶ
1248 1739 1294 1780 ὡς
1326 1736 1515 1791 Τιρίὸαζος
1548 1737 1788 1789 ἐπολέμησεν·
1818 1738 1912 1784 ὅπως
1948 1756 1987 1779 τε
2026 1740 2194 1796 Εὐαγόρα

1158 1794 1424 1834 ἐπεὸούλευσεν·
1439 1794 1533 1839 ὅπως
1555 1812 1592 1835 τε
1613 1796 1716 1835 αὐτὸν
1737 1798 1920 1852 Εὐαγόρας
1939 1799 2023 1873 πρὸς
2045 1801 2194 1852 βασιλέα

1158 1852 1349 1901 διαὸαλὼν,
1375 1853 1548 1894 συνέὸαλε
1567 1855 1642 1907 μετ’
1667 1855 1861 1909 ’()ρόντου,
1878 1857 1939 1896 και
1959 1860 2005 1901 ὡς
2018 1859 2194 1898 Νεκτανί-

1159 1913 1234 1957 6ιος
1269 1913 1527 1968 παρειληφότος
1557 1913 1620 1962 τὴν
1653 1914 1834 1966 Αἰγύπτου
1880 1916 2083 1969 βασίλείαν,
2108 1918 2193 1992 πρὸς

1157 1973 1456 2025 Λακεδαιμονίους
1479 1973 1644 2028 πρέσὸεις
1666 1974 1872 2015 ἀπέστειλεν
1891 1976 2092 2030 Εὐαγόρας·
2114 1978 2192 2016 τίνα

1156 2049 1195 2071 τε
1216 2031 1345 2087 τρόπον
1361 2036 1379 2072 ὃ
1402 2033 1482 2087 περὶ
1500 2032 1645 2087 Κύπρον
1667 2035 1763 2087 αὖτῳ
1778 2034 1932 2087 πόλεμος
1948 2037 2099 2084 διελύθη.
2123 2037 2191 2076 Και

1157 2092 1237 2145 περὶ
1261 2090 1532 2146 Νικοκρέοντος,
1562 2109 1607 2136 ως
1630 2074 1894 2143 ἐπεὸούλευσεν,
1917 2097 1963 2139 ὡς
1987 2095 2192 2150 παραδόξως

1157 2151 1342 2205 ἐφωράθη,
1365 2153 1411 2195 ὡς
1429 2149 1545 2203 ἔφυγε.
1568 2152 1638 2190 ΚαὶΙ
1662 2154 1708 2195 ὡς
1731 2155 1774 2206 τῇ
1792 2153 1925 2192 ἐκείνου
1950 2155 2050 2193 παιδὶ
2076 2171 2190 2194 κατα-

1532 2264 1685 2303 LIBER
1724 2264 1815 2303 XII.

1196 2369 1312 2401 Narrat
1330 2368 1412 2401 liber
1430 2367 1644 2401 duodecimus
1662 2378 1713 2401 res
1729 2370 1836 2424 gestas
1853 2370 2002 2404 Acoridis
2018 2373 2183 2413 AEgyptio-

1155 2424 1227 2447 rum
1244 2415 1338 2456 regis,
1356 2417 1393 2448 ut
1407 2425 1482 2448 cum
1500 2416 1646 2449 barbaris
1661 2416 1793 2449 soedus'
1784 2417 1906 2457 inierit,
1921 2420 1954 2450 et
1968 2428 2026 2460 pro
2043 2422 2188 2460 Evagora

1155 2463 1280 2504 Οῃπίο
1304 2463 1463 2496 adversus
1488 2466 1605 2496 Persas
1630 2464 1774 2504 steterit3
1792 2474 1857 2505 qua
1875 2466 1998 2498 ratione
2023 2467 2188 2508 inopinato

1154 2510 1351 2552 Cypriorum
1367 2511 1505 2552 imperio
1523 2512 1648 2553 potitus
1664 2512 1706 2544 sit
1726 2514 1907 2553 Evagoms,
1923 2514 2115 2554 Audymone
2131 2515 2186 2547 ci-

1153 2558 1236 2598 tieo‚
1255 2559 1311 2599 qui
1340 2567 1412 2591 eam
1439 2559 1593 2600 tenebat,
1611 2562 1716 2601 capto.
1738 2562 1810 2598 Qua
1832 2562 1900 2592 arte
1930 2561 2036 2593 Graeci
2053 2564 2186 2602 Agame-

1153 2613 1307 2638 mnonem
1326 2607 1429 2638 secuti
1458 2609 1606 2648 Cyprum
1636 2607 1837 2648 occuparint,
1861 2607 2004 2648 Cinnyra
2021 2617 2095 2639 cum
2113 2609 2184 2642 suis

1152 2652 1266 2693 ejecto,
1283 2662 1424 2694 quorum
1443 2655 1565 2696 posteri
1590 2654 1706 2696 reliqui
1729 2657 1807 2686 sunt
1835 2655 2032 2686 Amathusii.
2062 2657 2106 2688 Ut
2126 2665 2183 2689 rex

1152 2708 1229 2731 cum
1246 2702 1394 2742 Evagora
1413 2701 1533 2733 bellum
1553 2711 1661 2743 gerere
1675 2702 1821 2734 animum
1838 2702 2021 2742 induxerit,
2048 2703 2184 2745 impera-

1151 2747 1222 2778 tore
1249 2750 1356 2779 creato
1371 2748 1615 2789 Autophradata
1631 2748 1742 2789 Lydiae
1759 2750 1911 2789 Sati-‚apa
1931 2750 2092 2782 navarcho
2107 2760 2185 2784 vero

1152 2796 1371 2827 Hecatomno:
1381 2798 1413 2828 et
1419 2796 1459 2828 de
1472 2805 1550 2837 pace
1559 2805 1656 2837 quam
1671 2798 1707 2828 ut
1719 2804 1868 2827 summus
1884 2804 1990 2827 rerum
2001 2797 2186 2831 moderator

1152 2842 1276 2873 Graecis
1294 2843 1477 2882 concessit,
1494 2846 1596 2883 utque
1616 2843 1722 2875 acrius
1738 2851 1813 2874 cum
1836 2845 1982 2883 Evagora
2001 2843 2182 2887 dimicarit,

1151 2897 1190 2920 ac
1208 2889 1248 2920 (le
1263 2889 1367 2921 navali
1383 2889 1425 2921 ad
1441 2892 1586 2931 Cyprum
1602 2898 1717 2930 pugna.
1737 2891 1782 2922 Ut
1801 2889 2048 2923 Atheniensium
2068 2892 2185 2927 civitas

1151 2936 1185 2968 in
1203 2937 1322 2970 foedere
1336 2947 1412 2969 cum
1432 2947 1505 2978 rege
1518 2938 1600 2970 inito
1619 2946 1825 2978 perseverare
1841 2937 2184 2982 studuerit;1.acedae-

1152 2984 1254 3016 monii
1272 2994 1361 3023 vero,
1373 2985 1523 3016 secundis
1537 2985 1634 3016 rebus
1644 2984 1731 3024 elati,
1743 2986 1837 3024 pacta
1850 2986 2012 3018 conventa
2024 2988 2182 3028 ruperint.

1151 3032 1323 3070 Quomodo
1338 3031 1415 3064 item
1434 3032 1496 3064 sub
1514 3031 1684 3064 Antalcida
1709 3031 1799 3072 pacis
1824 3032 1931 3066 foedus
1952 3035 2182 3074 percusserint.

1152 3082 1194 3112 Ut
1218 3079 1384 3112 Tiribazus
1397 3079 1518 3111 bellum
1533 3079 1678 3120 gesserit,
1695 3082 1727 3112 et
1740 3082 1896 3121 Evagorae
1909 3080 2045 3114 insidias
2058 3085 2183 3118 struxe-

1151 3128 1204 3167 rit
1223 3130 1324 3168 utque
1337 3128 1421 3168 apud
1441 3136 1547 3168 regem
1561 3130 1726 3168 Evagoras
1742 3128 1834 3160 illum
1854 3129 2032 3170 accusarit,
2053 3140 2091 3163 ac
2106 3141 2182 3164 cum

1151 3177 1272 3207 Oronte
1290 3175 1489 3215 transegerit.
1506 3176 1549 3206 Ut
1562 3184 1581 3206 a
1599 3174 1766 3207 Nectanibi
1784 3178 1942 3217 occupato
1957 3179 2181 3231 »Egyptiorum

1151 3231 1271 3262 regno,
1290 3221 1332 3253 ad
1346 3221 1608 3254 Lacedaemonios
1623 3224 1786 3263 Evagoras
1801 3222 1921 3263 legatos
1941 3223 2091 3264 miserit,
2110 3236 2184 3268 qua·

1151 3277 1215 3308 que
1232 3269 1354 3300 ratione
1375 3268 1533 3309 Cyprium
1551 3269 1672 3301 bellum
1685 3269 1870 3302 confecerit.
1888 3272 1935 3302 De
1950 3270 2158 3305 Nicocreonte
2173 3297 2182 3313 ,

1151 3315 1316 3355 quomodo
1343 3315 1479 3348 insidias
1499 3316 1663 3357 locaverit,
1680 3318 1846 3358 quomodo
1865 3319 2059 3359 necopinato
2072 3320 2182 3362 depre-

1126 3390 1129 3393 .
1151 3363 1271 3395 hensus
1287 3363 1341 3403 sit,
1354 3363 1575 3405 essugeritque.
1595 3365 1767 3403 Quomodo
1787 3374 1863 3398 cum
1887 3367 1958 3407 ejus
1978 3367 2042 3399 filia
2060 3367 2182 3409 virgine
