2320 3684
818 132 1051 172 DEMONIS
1079 130 1413 172 FRAGMENTA.

58 231 136 285 χέσι
154 229 215 270 καὶ
234 227 418 272 δυσὸάτοις
447 225 565 268 τόποις
583 222 663 267 τοὺς
681 221 829 275 ἐλάφους
846 219 1082 273 προστρίὸον-

55 306 117 334 τας
135 288 179 328 τὰ
207 287 337 343 κέρατα
354 285 441 341 πρὸς
458 283 520 328 τὰς
547 282 717 334 θάμνους,
744 279 957 318 ἀποὸάλλειν
975 277 1082 316 αὐτά·

56 347 132 387 ὅθεν
153 347 210 386 ἐπὶ
228 349 297 385 τῶν
323 343 484 398 ἐργώδεις
501 341 564 386 τὰς
586 339 765 395 διατριὸὰς
782 336 1001 389 ποιουμένων
1030 338 1084 375 εἷ-

58 409 184 461 ρῆσθαι
204 403 268 452 τὴν
285 402 490 458 παροιμίαν.

112 465 166 504 Cf.
184 464 343 503 Aristot.
363 461 507 500 Histor.
524 460 651 499 Anim.
673 460 748 506 IX,
766 457 800 495 5.

111 582 355 621 Proverbior.
373 593 530 632 graecor.
551 593 572 617 e
587 578 774 617 Vaticana
794 575 974 614 Biblioth.
1002 575 1088 624 Ap-

59 641 174 694 pend.
189 641 229 679 in
241 640 427 680 Proverb.
447 643 569 678 Graec.
584 637 634 676 ab
645 640 691 676 A.
703 636 863 675 Schotto
874 633 999 682 editis,
1022 635 1088 682 tv,

61 714 125 748 20,
159 714 198 752 p.
224 701 300 750 319
322 715 330 738 :
350 698 427 747 Τὴν
463 696 712 752 Συρακουσίων
752 694 922 741 δεκάτην·
956 691 1089 744 Δήμων

61 758 322 814 Συρακουσίους
338 756 658 810 εὖδαιμονήσαντάς
674 770 760 809 φησι
778 752 999 808 ψηφίσασθαι
1026 750 1090 798 τὴν

61 817 210 866 δεκάτην
231 819 299 856 τῶν
323 816 552 872 ὖπαρχόντων
578 813 805 854 ἀποδίδοσθαι
831 813 879 855 εἷς
905 808 1091 857 ἐπισκευὴν

60 880 154 917 ναῶν
174 893 212 916 τε
234 877 294 916 καὶ
311 875 546 927 ἀναθημάτων
560 874 619 914 καὶ
638 872 771 928 ἱερείων
785 887 793 894 ·
806 872 938 910 πολλοῦ
953 869 990 909 δὲ
1002 868 1094 923 χρή-

62 952 171 988 ματος
190 934 438 988 συναχθέντος,
455 937 502 979 εἷς
517 932 708 987 παροιμίαν
728 933 851 971 ἐλθεῖν.

114 996 168 1035 Cf.
189 995 314 1035 Strab.
332 998 395 1044 VI,
412 1009 451 1047 p.
472 996 560 1033 261.

115 1113 243 1153 Photii
255 1117 348 1152 Lex.
357 1127 365 1150 :
373 1110 550 1152 Φοινίκων
562 1112 745 1157 συνθῆκαι.
753 1110 799 1148 Οἱ
809 1107 872 1156 τὴν
882 1106 1096 1161 Καρχηδόνα

62 1172 244 1216 κτίσαντες
252 1171 431 1221 Φοίνικες,
443 1170 501 1210 ὅτε
511 1169 779 1224 προσέπλευσαν
793 1171 837 1221 τῇ
854 1166 982 1221 Διδύῃ,
993 1166 1096 1214 ἐδεή-

63 1234 176 1279 θησαν
198 1233 268 1269 τῶν
299 1230 481 1283 ἐγχωρίων
497 1261 508 1279 ,
546 1228 711 1274 δέξασθαι
744 1226 867 1272 αὖτοὺς
899 1225 1007 1266 νύκτα
1036 1226 1096 1265 καὶ

63 1289 214 1345 ἡμέραν.
233 1286 486 1341 Ἐπιτυχόντες
505 1287 542 1326 δὲ
564 1285 702 1336 τούτου,
725 1287 789 1324 οὐκ
805 1284 991 1324 ἐὸούλοντο
1005 1287 1099 1323 ἀπα-

63 1349 271 1398 λάσσεσθαι,
289 1350 335 1392 ὥς
348 1346 587 1398 συντιθέμενοι
605 1346 731 1389 νύκτας
743 1345 802 1384 καὶ
819 1343 954 1398 ἡμέρας
971 1343 1096 1396 μένειν.

65 1407 130 1447 Διὸ
149 1406 314 1460 λέγεσθαι
342 1410 444 1445 τοῦτο
469 1405 527 1445 ἐπὶ
557 1407 626 1444 τῶν
663 1405 906 1459 ἐνεδρευτικῶς
937 1407 1098 1443 συντιθε-

66 1465 193 1518 μένων.
209 1465 268 1505 Τὰ
281 1466 312 1504 δ’
327 1464 435 1518 ὅμοια
445 1465 577 1517 Δήμων
592 1464 651 1503 ἐπὶ
667 1463 941 1503 Μεταποντίνων
955 1465 1097 1517 ἱστορεῖ.

120 1525 255 1565 Suidas
285 1526 387 1564 idem
430 1525 615 1564 Demonis
654 1524 908 1575 fragmentum
932 1523 1097 1562 exhibet.

65 1585 121 1624 Cf.
137 1584 264 1624 Strab.
284 1588 349 1632 VI,
369 1598 408 1636 p.
429 1584 518 1622 265.

118 1703 247 1742 Photii
264 1706 358 1742 Lex.
375 1717 383 1740 :
403 1700 515 1741 Ἥδέα
544 1700 704 1754 χελώνης
733 1699 821 1754 κρέα
853 1706 975 1755 φαγεῖν
1000 1700 1023 1748 ἢ
1050 1700 1099 1752 μὴ

66 1767 202 1816 φαγεῖν.
225 1764 300 1809 Τῆς
316 1761 475 1814 χελώνης
501 1760 603 1813 ὀλίγα
628 1759 716 1814 κρέα
736 1759 915 1814 βρωθέντα
935 1759 1102 1813 στρόφους

65 1827 177 1868 ποιεῖ,
202 1820 318 1860 πολλὰ
339 1819 376 1860 δὲ
399 1820 572 1875 καθαίρει.
594 1819 704 1860 εὈθεν
730 1819 789 1860 καὶ
810 1818 874 1867 τὴν
893 1819 1100 1874 παροιμίαν.

65 1880 211 1933 Δήμων.

119 1939 250 1979 Verba
265 1938 353 1986 ἡδέα
452 1938 502 1991 μὴ
530 1944 651 1993 φαγεῖν
684 1938 846 1978 Siebelis
878 1953 927 1977 ex
966 1938 1102 1987 Suida,

67 1999 229 2038 Zenobii
249 2007 287 2038 et
305 1999 534 2050 Diogeniani
562 1998 782 2037 Proverbiis
801 1999 854 2036 ita
876 1998 1104 2050 corrigenda

69 2072 151 2097 esse
165 2066 294 2097 censet
311 2072 319 2094 :
339 2056 388 2097 Ἢ
408 2058 459 2096 δεῖ
478 2056 638 2110 χελώνης
660 2056 747 2112 κρέα
769 2063 906 2111 φαγεῖν,
922 2056 945 2104 ἢ
965 2056 1015 2109 μὴ
1032 2073 1105 2111 φα-

68 2123 154 2170 γεῖν.

558 2177 618 2214 17.

124 2240 307 2292 Stephan.
334 2244 445 2292 Byz.:
478 2240 649 2289 Δωδώνη.
670 2259 705 2280 ·...
730 2240 840 2280 Ἔστι
870 2240 931 2279 καὶ
971 2241 1107 2280 Δωδω-

70 2304 166 2338 ναῖον
181 2300 346 2351 χαλκεῐον
363 2299 536 2354 παροιμία
549 2299 689 2339 ἐπὶτῶν
706 2298 821 2338 πολλὰ
835 2298 1048 2347 λαλούντων,
1062 2301 1109 2343 ὡς

74 2357 136 2409 μὲν
154 2360 173 2396 ὃ
192 2357 324 2408 Δήμων
339 2358 458 2412 φησὶν,
478 2357 548 2396 ἀπὸ
566 2362 627 2397 τοῦ
644 2358 702 2397 τὸν
716 2357 799 2397 ναὸν
817 2362 879 2396 τοῦ
898 2358 1107 2397 Δωδωναίου

73 2415 154 2460 Διὸς
168 2416 307 2468 τοίχους
325 2415 374 2468 μὴ
393 2416 538 2469 ἔχοντα,
558 2415 649 2456 ἀλλὰ
674 2417 840 2471 τρίποδας
866 2415 1017 2461 πολλοὺς
1047 2418 1110 2455 ἀλ-

12 2498 14 2500 -
71 2473 189 2521 λήλων
208 2474 373 2523 πλησίον,
392 2473 484 2513 ὥστε
510 2474 568 2514 τὸν
586 2474 659 2519 ἑνὸς
688 2474 884 2527 ἁπτόμενον
913 2474 1109 2529 παραπέμ-

71 2547 148 2572 πειν
166 2531 223 2571 διὰ
242 2537 304 2580 τῆς
323 2532 484 2586 ψαύσεως
495 2533 559 2582 τὴν
577 2534 753 2586 ἐπήχησιν
773 2534 913 2589 ἑκάστῳ
925 2565 935 2583 ,
953 2534 1013 2572 καὶ
1034 2535 1109 2572 δια-
1135 2516 1143 2584 Ι

72 2644 107 2677 et
120 2644 218 2676 inviis
233 2653 348 2677 cervos
370 2653 492 2677 cornua
514 2645 555 2678 ad
580 2645 714 2678 frutices
739 2648 876 2678 atterere
891 2654 995 2686 eoque
1009 2645 1107 2678 modo

75 2690 230 2732 abjicere;
252 2691 389 2733 proinde
409 2692 618 2734 proverbium
641 2692 706 2725 dici
730 2693 771 2726 de
795 2692 855 2734 iis,
891 2696 949 2734 qui
967 2693 1001 2724 in
1027 2693 1110 2726 locis

77 2737 264 2771 difficilibus
278 2739 413 2781 degunt.
746 2741 760 2749 ‘

565 2795 578 2828 1
591 2795 627 2829 4.

120 2852 420 2892 Syracusanorum
432 2852 611 2885 decimam.
627 2852 736 2885 Refert
753 2854 878 2886 Demon
891 2855 1113 2895 Syracusanos

81 2906 189 2931 rerum
204 2899 296 2940 copia
317 2899 488 2932 affluentes
506 2900 661 2941 suffragio
683 2900 866 2933 decrevisse
887 2901 1047 2933 decimam
1065 2910 1114 2934 eo·

80 2953 153 2976 rum
165 2968 175 2984 ,
190 2954 264 2986 quae
279 2946 483 2987 possiderent
494 2970 503 2986 ‚
519 2947 702 2988 portionem
718 2947 903 2989 impendere
924 2948 958 2980 in
977 2949 1114 2990 templo·

30 3007 31 3010 ¹
81 3000 154 3024 rum
169 2991 450 3034 instaurationem,
467 2994 500 3026 in
517 2995 650 3027 donaria
662 2996 695 3027 et
708 2995 874 3028 sacrificia.
893 2997 1054 3037 Congesta
1067 2997 1114 3029 sic

81 3046 196 3080 magna
207 3040 352 3081 pecuniae
366 3041 412 3081 vi,
427 3041 513 3082 vulgi
532 3041 645 3074 tritum
659 3043 710 3075 est
722 3051 871 3075 sermone
891 3043 1112 3084 proverbium.

568 3107 630 3140 15.

125 3166 324 3200 Phoenicum
337 3171 455 3210 pacta.
480 3170 667 3210 Phoenices,
685 3171 743 3212 qui
757 3173 984 3214 Carthaginem
1002 3174 1113 3205 condi-

84 3211 212 3266 derunt,
229 3223 332 3255 quum
347 3216 390 3248 ad
410 3216 546 3258 Libyam
567 3218 709 3250 navibus
726 3219 939 3260 appulissent,
957 3224 1114 3261 rogarunt

85 3258 170 3312 illius
195 3261 333 3302 regionis
362 3263 502 3304 incolas,
533 3266 570 3297 ut
598 3265 687 3306 ipsos
723 3266 901 3307 reciperent
927 3269 1056 3299 noctem
1083 3270 1115 3300 et

85 3305 182 3338 diem.
199 3308 270 3340 Hoc
284 3310 393 3342 autem
413 3310 596 3352 impetrato,
615 3312 781 3345 discedere
803 3313 999 3353 noluerunt,
1016 3313 1111 3354 quasi

2099 125 2171 159 381

1144 217 1258 269 μένειν
1284 215 1347 264 τὴν
1382 209 1471 268 ἦχον
1498 213 1599 268 ἄχρις
1618 204 1714 256 αὖθις
1742 214 1804 250 τοῦ
1828 210 1901 254 ἑνὸς
1924 209 2115 264 ἐφάψηται.
2130 209 2178 248 ‘H

1144 276 1318 330 παροιμία
1337 275 1374 314 δὲ
1387 276 1426 314 οὔ
1440 289 1544 328 φησιν
1563 275 1593 312 εἷ
1614 271 1663 325 μὴ
1686 270 1832 325 χαλκίον
1853 269 1903 320 ἓν,
1917 269 1995 309 ἀλλ’
2011 270 2051 308 οὒ
2071 269 2180 316 λε’ὅη-

1144 350 1207 378 τας
1229 334 1252 381 ἢ
1271 334 1436 389 τρίποδας
1449 331 1610 377 πολλούς.

1199 400 1345 438 Pinedo
1359 400 1511 451 scripsit
1533 397 1596 450 μὲν
1616 401 1635 438 ὃ
1653 396 1785 449 Δήμων
1802 410 1874 448 pro
1890 395 2050 446 vulgato
2068 394 2182 432 Μενε-

1147 457 1283 509 δήμων,
1299 459 1455 497 Suidam
1465 467 1649 510 sequutus
1665 459 1713 510 (v.
1729 458 1873 496 Δωδων.
1889 454 2011 508 χαλκ.)
2023 471 2030 492 :
2042 455 2183 505 legitur

1147 519 1332 557 Demonis
1350 532 1490 557 nomen
1506 519 1621 557 etiam
1652 519 1693 556 in
1722 517 1823 557 Bibl.
1855 517 1987 566 Coisl.,
2011 514 2081 553 ubi
2097 517 2183 553 Ste-

1149 578 1267 629 phani
1283 581 1374 628 Byz.
1408 579 1664 629 fragmentum
1693 585 1827 615 exstat.
1853 579 1899 615 In
1928 575 2062 614 eadem
2082 574 2180 613 Bibl.

1151 637 1266 675 Coisl.
1299 637 1440 687 legitur
1457 636 1526 675 ’καὶ
1552 646 1641 675 ante
1668 635 1858 687 διαμένειν,
1884 635 1989 687 quod
2012 635 2054 673 in
2078 635 2184 685 vulg.

1150 697 1334 734 omissum
1353 703 1421 733 est.
1449 698 1523 733 Pro
1541 689 1636 738 αὖθις
1664 695 1810 733 ibidem
1838 695 2030 746 reperitur
2051 691 2092 731 ἄν
2113 708 2184 741 τις,

1152 756 1259 807 quod
1273 756 1483 806 praeferunt
1492 755 1751 793 Montfaucon.
1764 764 1802 793 et
1810 755 1966 793 Preller.
1976 754 2184 804 (Polemon.

1153 816 1285 867 fragm.
1307 829 1346 866 p.
1372 814 1454 874 57),
1479 822 1594 865 atque
1615 815 1676 852 hic
1705 814 1859 866 quidem
1893 815 1947 852 ita
1978 814 2106 851 locum
2125 813 2187 851 in-

1155 882 1414 926 terpretatur:
1430 876 1556 911 Durat
1578 887 1687 911 sonus
1709 876 1862 920 tamdiu,
1900 875 2078 923 quamdiu
2106 877 2187 923 quis

1147 937 1283 985 pulsat
1295 947 1409 970 unam
1429 932 1651 983 expeloibus
1677 935 1759 978 illis,
1783 932 1848 969 abs
1881 946 1955 982 qua
1971 934 2024 969 ad
2047 942 2186 970 ceteras

1149 1001 1376 1044 propagetur
1388 1005 1508 1029 sonus.
1539 990 1613 1030 Sed
1630 989 1731 1043 ἄχρις
1750 1005 1827 1030 non
1849 992 2035 1043 significat
2048 1007 2186 1042 quam-

1155 1056 1230 1101 diu,
1245 1062 1284 1091 et
1300 1051 1459 1090 omnino
1473 1051 1608 1088 inutile
1626 1059 1683 1088 est
1702 1050 1919 1100 observare,
1936 1065 2074 1090 sonum
2094 1065 2187 1103 per—

1157 1113 1295 1151 durare
1310 1111 1469 1159 tamdiu,
1484 1110 1668 1161 quamdiu
1681 1111 1766 1161 quis
1780 1111 1919 1162 pulset,
1936 1112 2040 1162 quod
2054 1121 2189 1163 sponte

1156 1171 1400 1223 intelligitur3
1432 1169 1472 1208 id
1495 1183 1589 1208 vero
1615 1170 1883 1221 explicandum
1907 1179 1976 1218 est,
2004 1171 2190 1221 quamdiu

1158 1230 1270 1269 duret
1299 1243 1415 1268 sonus
1443 1243 1519 1266 una
1546 1228 1779 1280 impulsione
1796 1228 1996 1266 excitatus.
2016 1232 2192 1268 Tuentur

1159 1284 1254 1333 αὖθις
1274 1289 1432 1328 Siebelis
1447 1296 1485 1326 et
1498 1288 1680 1326 Welcker
1694 1287 1759 1339 (ad
1776 1288 1958 1326 Philostr.
1976 1290 2119 1338 Imagg.
2141 1292 2191 1337 II,

1161 1350 1223 1396 33,
1246 1363 1284 1401 p.
1314 1348 1420 1399 566),
1444 1360 1612 1398 quorum
1631 1347 1694 1384 hic
1726 1347 1802 1385 loci
1816 1347 2112 1398 explicationem
2131 1348 2195 1385 ad-

1160 1409 1240 1447 dit:
1259 1410 1373 1445 donec
1390 1409 1613 1457 adprimum
1631 1408 1792 1452 redierit,
1811 1408 1909 1443 unde
1922 1415 2040 1443 motus
2057 1411 2148 1444 exiit
2158 1416 2197 1444 et

1159 1469 1267 1512 hunc,
1281 1476 1392 1517 puta,
1415 1468 1534 1502 denuo
1550 1470 1696 1511 excitet,
1717 1467 1815 1502 unde
1842 1479 1952 1502 novus
1973 1479 2141 1502 sonorum
2161 1474 2200 1503 et

1160 1526 1410 1564 vibrationum
1432 1528 1468 1561 in
1486 1523 1607 1561 orbem
1637 1534 1804 1561 actarum
1835 1526 1922 1561 ordo
1937 1528 2072 1574 incipit,
2088 1538 2195 1574 pau-

1161 1589 1263 1624 latim
1297 1594 1437 1622 tantum
1463 1583 1691 1633 impulsionis
1708 1585 1942 1621 vehementia
1970 1585 2197 1620 decrescente

1161 1655 1200 1683 et
1212 1649 1484 1695 languescente,
1503 1647 1575 1680 nisi
1591 1647 1672 1692 quis
1686 1657 1798 1680 unum
1826 1657 1876 1680 ex
1902 1643 2076 1681 lebetibus
2102 1644 2179 1680 inlu'

1162 1705 1277 1742 hendo
1310 1717 1374 1740 seu
1393 1716 1417 1739 a
1432 1706 1603 1751 proximo
1632 1704 1863 1752 reprimendo
1880 1703 1935 1739 his
1953 1705 2198 1740 circulationi-

1165 1765 1230 1802 bus
1234 1764 1357 1813 finem
1376 1766 1552 1811 imponat.
1572 1761 1647 1799 Sed
1665 1761 1783 1799 verba
1800 1760 1901 1814 ἄχρις
1919 1759 1959 1799 ἄν
1976 1777 2028 1806 τις
2045 1766 2105 1800 τοῦ
2127 1760 2200 1806 ἑνὸς

1164 1822 1341 1877 ἐφάψηται
1378 1834 1456 1858 non
1489 1819 1587 1858 bene
1622 1820 1835 1858 redduntur
1873 1834 1944 1872 per
1973 1821 2122 1859 «donec
2151 1821 2199 1860 ad

1164 1883 1334 1935 primum
1353 1879 1512 1918 redierit
1533 1879 1599 1931 (sc.
1615 1879 1744 1931 sonus)
1758 1897 1786 1927 »,
1800 1888 1838 1917 et
1855 1881 1982 1918 nullus
1995 1880 2070 1917 hoc
2086 1880 2200 1919 modo

1164 1939 1427 1978 vibrationum
1451 1939 1636 1977 terminus
1666 1939 1871 1988 indicatur,
1900 1947 1944 1977 ut
1972 1939 2094 1977 verba
2128 1940 2201 1978 ista

1166 2000 1278 2051 plane
1314 2012 1600 2050 supervacanea
1628 2012 1710 2037 esse
1736 1999 1953 2037 videantur.
1988 2002 2071 2038 Nos
2107 1993 2203 2043 αὖθις

1167 2058 1324 2109 quidem
1344 2057 1585 2096 defendimus
1597 2088 1608 2106 ,
1626 2058 1679 2096 ita
1699 2071 1792 2096 vero
1814 2058 1943 2096 locum
1965 2059 2202 2110 interpreta-

1167 2132 1276 2156 mur:
1292 2118 1405 2156 durat
1423 2131 1552 2164 sonus,
1570 2117 1693 2155 donec
1706 2131 1826 2155 unum
1842 2118 1950 2156 illum
1967 2118 2094 2156 denuo
2114 2119 2202 2169 quis

1169 2178 1296 2229 pulset
1329 2191 1381 2215 sc.
1402 2179 1420 2215 ὁ
1440 2175 1513 2219 ἑνὸς
1532 2175 1738 2228 ἁπτόμενος.
1772 2180 1967 2215 Docemur
1998 2178 2117 2229 igitur
2142 2178 2203 2215 his

1168 2236 1307 2283 verbis,
1324 2249 1461 2274 sonum
1485 2236 1696 2286 perdurare
1717 2250 1838 2288 usque
1858 2237 1950 2275 dum
1977 2251 2048 2289 per
2070 2251 2202 2275 omnes

1169 2298 1300 2349 pelves
1320 2305 1556 2349 propagatus
1576 2297 1642 2346 sit,
1666 2305 1726 2345 ut,
1748 2298 1934 2348 paulatim
1961 2298 2204 2346 decrescens,

1171 2358 1252 2397 fere
1271 2357 1446 2404 desinat,
1471 2370 1591 2407 quum
1611 2356 1660 2394 ad
1679 2357 1851 2394 ultimam
1880 2358 2124 2408 pervenerit;
2144 2370 2204 2395 so-

1171 2430 1263 2454 num
1282 2428 1352 2467 per
1371 2430 1490 2454 unum
1512 2416 1719 2454 circuitum
1748 2416 1961 2467 perdurare
1978 2430 2023 2454 eo
2042 2417 2127 2467 ipso
2149 2415 2202 2453 si-

1171 2476 1386 2527 gnificatur,
1406 2475 1510 2526 quod
1528 2489 1648 2526 quum
1678 2475 1727 2513 ad
1752 2475 1856 2513 orbis
1875 2476 1989 2514 finem
2010 2474 2202 2526 pervenit,

1173 2535 1297 2586 prima
1316 2535 1438 2586 pelvis
1458 2535 1587 2573 denuo
1607 2535 1794 2586 pulsanda
1808 2535 1874 2582 sit,
1892 2543 1935 2572 ut
1947 2548 2069 2572 novus
2086 2546 2204 2572 sono-

1171 2644 1214 2677 ob
1230 2653 1299 2678 rem
1329 2645 1392 2677 hoc
1407 2645 1471 2677 dici
1495 2645 1536 2676 de
1551 2645 1592 2677 iis
1615 2645 1767 2684 tradunt,
1787 2645 1842 2686 qui
1864 2644 2022 2677 insidiose
2036 2645 2203 2685 paciscun-

1171 2695 1235 2725 tur.
1259 2692 1385 2726 Similia
1400 2694 1502 2725 Demo
1520 2693 1560 2725 de
1574 2693 1806 2733 Metapontinis
1822 2693 1941 2724 narrat.

1220 2794 1414 2827 Testudinis
1429 2802 1570 2826 carnem
1589 2795 1655 2826 aut
1666 2793 1749 2825 edas
1773 2794 1840 2825 aut
1853 2801 1918 2824 non
1943 2792 2036 2826 edas.
2057 2793 2205 2826 Testudi-

1174 2841 1224 2874 nis
1240 2850 1327 2882 caro,
1345 2841 1372 2874 si
1387 2841 1522 2882 paulum
1543 2841 1624 2880 edis,
1640 2841 1800 2872 tormenta
1816 2839 1904 2879 sacit;
1919 2840 1948 2871 si
1961 2840 2102 2873 multum
2118 2840 2202 2878 edis,

1173 2892 1309 2930 purgat3
1326 2889 1413 2920 unde
1426 2887 1636 2930 proverbium
1652 2889 1760 2918 ortum
1772 2887 1832 2918 est.
1851 2888 1964 2918 Demo.

1217 2983 1363 3015 Dodona.
1383 3003 1426 3009 —-
1445 2984 1504 3014 Est
1521 2984 1628 3014 autem
1647 2983 1703 3013 AEs
1718 2980 1922 3012 Dodonaeum
1947 2981 2156 3022 proverbium
2171 2981 2204 3014 in

1174 3031 1324 3071 loquaces
1340 3053 1348 3069 ‚
1381 3029 1431 3061 uti
1470 3031 1572 3061 Demo
1617 3030 1729 3060 auctor
1765 3029 1840 3060 est:
1866 3028 1947 3069 quia
1970 3028 2128 3062 Dodonaei
2150 3031 2204 3062 Jo-

1176 3077 1226 3108 vis
1242 3076 1400 3116 templum
1418 3083 1530 3106 muros
1543 3083 1609 3106 non
1628 3073 1735 3114 habet,
1753 3074 1811 3106 sed
1826 3074 1969 3115 tripodas
1984 3074 2141 3115 plurimos
2155 3085 2203 3108 ar-

1176 3123 1319 3155 ctissime
1332 3123 1394 3154 sibi
1410 3122 1549 3154 invicem
1563 3123 1705 3163 Junctos‚
1721 3122 1802 3154 adeo
1817 3126 1854 3154 ut
1869 3122 1896 3154 si
1912 3132 2014 3154 unum
2030 3125 2203 3165 percutias,

1176 3170 1347 3210 strepitum
1367 3169 1465 3201 simul
1486 3169 1529 3200 ob
1543 3172 1729 3201 contactum
1746 3170 1788 3202 ad
1811 3179 2077 3212 unumquemque
2092 3181 2205 3205 eorum

1174 3217 1377 3248 transmittas
1391 3240 1401 3256 ,
1423 3217 1479 3257 qui
1502 3215 1677 3257 perdurat,
1700 3226 1804 3258 usque
1823 3217 1902 3250 dum
1927 3226 2027 3251 sonus
2046 3220 2088 3252 ad
2103 3229 2204 3252 unum

1176 3264 1270 3296 illum
1298 3264 1427 3297 redierit
1454 3266 1551 3305 atque
1577 3264 1684 3297 denuo
1709 3265 1762 3297 hic
1788 3266 1948 3307 pulsetur.
1972 3269 2009 3300 In
2034 3268 2206 3309 proverbio

1175 3313 1284 3344 autem
1300 3312 1432 3344 nonnisi
1443 3312 1484 3344 de
1497 3321 1563 3344 uno
1578 3312 1697 3346 dicitur
1712 3313 1833 3353 aheno,
1862 3323 1928 3347 non
1942 3324 2019 3348 vero
2035 3316 2076 3349 de
2094 3316 2207 3349 multis

39 3376 46 3389 >
85 3353 172 3394 pacti
186 3354 335 3396 ruissent,
351 3365 385 3390 se
400 3359 512 3391 noctes
528 3361 561 3391 et
576 3359 645 3392 dies
658 3359 702 3392 ibi
722 3369 893 3393 mansuros
909 3370 990 3393 esse.
1006 3363 1112 3398 Quam
1159 3358 1331 3391 lebetibus
1347 3359 1414 3392 sive
1429 3359 1618 3400 tripodibus.
