2294 3704
141 195 266 224 XLVIII

138 270 199 308 καὶ
211 269 342 317 πίστιν,
362 268 580 319 ἐμπίπλαται
596 269 665 305 τῶν
681 264 760 304 κατ’
775 266 879 302 αὐτοῦ
900 265 1132 316 βλασφημιῶν
1145 292 1156 311 ,

139 323 168 382 ᾧ
185 327 263 371 τοὺς
291 326 353 378 μὲν
377 325 600 373 ἀδικηθέντας
620 323 698 362 τότε
716 320 935 373 σύγγνωστόν
955 323 1049 360 ἐστιν
1071 321 1155 364 ἴσως

140 387 223 440 ἄχρι
249 390 311 433 τῆς
335 389 382 430 εἷς
408 385 610 430 ἀναίσθητον
643 384 746 435 ὀργῆς
773 379 948 432 χαλεποὺς
978 381 1154 431 γενέσθαι·

139 445 218 489 τοὺς
236 446 267 483 δ’
287 444 426 497 ὕστερον
447 441 705 494 συγγράφοντας
722 440 766 477 τὰ
781 438 1011 492 πεπραγμένα
1030 439 1089 478 καὶ
1104 442 1154 492 τῷ

141 502 204 554 μὲν
236 503 300 556 βίῳ
322 501 370 553 μὴ
388 498 603 546 λυπηθέντας
624 499 747 545 αὐτοῦ,
763 500 814 550 τῷ
834 497 870 535 δὲ
894 496 987 550 λόγῳ
1011 497 1155 551 χρωμέ-

138 576 233 610 νους,
251 564 273 608 ἡ
294 560 373 604 δόξα
388 562 608 611 παραιτεῖται
627 554 676 606 μὴ
697 556 774 606 μεθ’
789 554 932 609 ὕὸρεως,
956 555 1045 607 μηδὲ
1067 555 1156 607 μετὰ

143 618 361 671 βωμολοχίας
377 616 548 659 ὀνειδίζειν
565 613 627 656 τὰς
645 613 837 668 συμφοράς·
855 608 902 652 ὧν
919 614 1014 653 οὐδὲν
1032 613 1155 666 ἀπέχει

139 678 197 715 καὶ
217 678 273 715 τὸν
292 676 430 730 ἄριστον
448 674 580 726 ἀνδρῶν
605 674 645 710 ἐκ
659 673 767 724 τύχης
782 679 982 725 μετασχεῖν.
1007 674 1155 711 Deinde

139 750 231 774 vero
275 735 472 784 Ephorum
514 731 782 782 reprehendit,
813 732 917 782 quod
952 732 1155 770 Philistum

138 793 368 839 laudaverit,
389 789 445 837 ὃς,
474 788 599 841 καίπερ
616 788 664 827 ὢν
692 788 884 833 δεινότατος
910 788 1040 833 ἀδίκοις
1061 790 1156 842 πρά-

137 867 247 902 γμασι
269 850 328 887 καὶ
348 854 510 902 πονηροῖς
527 847 644 895 ἤθεσιν
676 847 895 900 εὐσχήμονας
920 847 1030 890 αἰτίας
1051 863 1154 901 περι-

138 910 276 957 ὃαλεῖν,
304 907 364 946 καὶ
390 906 510 957 λόγους
538 905 680 958 ἔχοντας
709 905 839 957 κόσμον
867 905 1034 959 ἐξευρεῖν,
1057 907 1156 949 αὐτὸς

137 967 238 1006 αὐτὸν
259 967 297 1004 οὗ
318 964 461 1003 δύναται
488 964 603 1003 πάντα
633 963 883 1015 μηχανώμενος
904 963 1079 1009 ἐξελέσθαι
1095 967 1156 1011 τῆς

135 1028 287 1079 γραφῆς,
309 1026 356 1067 ὡς
377 1025 414 1061 οὗ
433 1020 762 1076 φιλοτυραννότατος
789 1021 977 1074 ἀνθρώπων
1004 1021 1155 1073 γένοιτο,

135 1083 195 1121 καὶ
212 1082 366 1134 μάλιστα
381 1080 522 1119 πάντων
548 1079 600 1117 ἀεὶ
623 1078 782 1126 ζηλώσας
802 1080 862 1117 καὶ
879 1079 1058 1131 θαυμάσας
1076 1096 1158 1134 τρυ-

136 1140 203 1195 φὴν
220 1141 279 1179 καὶ
302 1139 447 1189 δύναμιν
471 1137 530 1176 καὶ
557 1135 725 1180 πλούτους
749 1137 807 1175 καὶ
827 1137 958 1188 γάμους
981 1137 1061 1181 τοὺς
1086 1141 1154 1176 τῶν

135 1199 324 1254 τυράννων.
354 1196 460 1236 Ἀλλὰ
494 1195 561 1250 γὰρ
585 1195 758 1235 Φιλίστου
785 1199 803 1234 ὃ
828 1195 917 1247 μήτε
939 1195 1000 1240 τὰς
1017 1195 1157 1250 πράξεις

136 1258 288 1296 ἐπαινῶν
299 1287 308 1305 ,
325 1255 413 1307 μήτε
431 1253 494 1298 τὰς
510 1253 618 1306 τύχας
634 1253 805 1298 ὀνειδίζων
821 1253 1088 1305 ἐμμελέστατος.

193 1321 246 1355 De
262 1320 402 1366 scriptis
423 1315 580 1352 Philisti.
596 1340 645 1347 -
661 1313 795 1351 Suidas
812 1328 820 1350 z
838 1312 1026 1362 Φιλίσκος,
1047 1313 1069 1360 ἢ
1087 1315 1158 1352 Φί-

135 1378 250 1418 λιστος
271 1372 506 1428 Συρακούσιος
601 1370 729 1425 ἔγραψε
754 1371 922 1410 Σικελικά
935 1388 942 1395 ·
964 1371 1037 1410 ἔστι
1061 1371 1097 1411 δὲ
1113 1373 1157 1411 τὰ

136 1434 220 1488 πρὸς
235 1432 416 1479 ’Ἕλληνας
439 1433 555 1475 αὐτοῖς
578 1430 778 1484 πραχθέντα
794 1430 974 1484 διαφόρως.
999 1431 1070 1470 Καὶ
1090 1432 1157 1471 Γε-

135 1491 336 1543 νεαλογίαν·
354 1490 434 1543 περὶ
464 1489 647 1538 Φοινίκης,
677 1488 737 1527 καὶ
764 1488 854 1527 ἄλλα
879 1488 958 1527 τινὰ
986 1490 1066 1544 περὶ
1097 1493 1158 1538 τῆς

135 1551 241 1599 νήσου
275 1549 450 1594 Σικελίας.
479 1549 627 1586 Deinde
646 1561 654 1586 :
677 1547 845 1591 Φίλιστος
867 1548 1111 1602 Ναυκρατίτης
1133 1548 1156 1595 ἢ

135 1608 391 1664 Συρακούσιος·
465 1605 626 1650 συνέταξε
647 1605 682 1644 δὲ
699 1606 827 1658 τέχνην
847 1605 1075 1660 Ῥητορικὴν,
1090 1608 1156 1645 Αἷ-

134 1666 311 1720 γυπτιακὰ
339 1669 373 1706 ἐν
405 1664 550 1718 βιὸλίοις
581 1664 635 1713 ιδ’,
660 1664 830 1704 Σικελικὰ
857 1666 891 1703 ἐν
924 1665 1070 1717 βιὸλίοις
1099 1675 1156 1714 ια’,

135 1727 219 1781 πρὸς
235 1727 293 1765 τὸν
311 1725 530 1779 Τρικάρανον
558 1723 660 1774 λόγον
673 1754 683 1771 ,
705 1723 784 1776 περὶ
805 1723 1055 1777 Ναυκράτεως,
1078 1724 1156 1778 περὶ

135 1785 316 1824 Διονυσίου
345 1788 405 1822 τοῦ
433 1781 598 1836 τυράννου
627 1781 745 1833 βιὸλία
771 1783 823 1829 ς’,
851 1781 930 1835 περὶ
956 1784 1018 1828 τ’ῆς
1046 1783 1154 1832 Αἴγυ-

135 1843 245 1882 πτίων
277 1841 452 1893 θεολογίας
481 1840 598 1893 βιὸλία
621 1838 668 1891 γ’,
705 1839 946 1892 Δημηγορίας·
975 1839 1034 1877 καὶ
1066 1839 1158 1878 ἄλλα

134 1902 232 1941 τινά·
249 1901 329 1954 περὶ
349 1899 483 1947 Λιὸύης
498 1899 557 1937 καὶ
578 1897 717 1951 Συρίας.
743 1899 994 1936 Diversorum
1013 1899 1159 1950 scripta

135 1975 157 1999 a
177 1962 294 2000 Suida
313 1958 519 1998 commixta
538 1969 618 1993 esse
636 1963 744 1992 extra
763 1955 1039 1994 dubitationem
1054 1957 1159 2007 posi-

136 2029 217 2057 tum
244 2028 312 2057 est.
341 2022 375 2056 A
401 2014 595 2055 veteribus
615 2014 751 2052 Siciliae
771 2022 918 2051 tantum
931 2023 969 2051 et
982 2015 1158 2065 Dionysii

133 2079 307 2124 historia,
323 2091 365 2114 ac
377 2083 561 2127 praeterea
573 2073 665 2110 nihil
684 2072 839 2109 Philisto
859 2072 1083 2123 assignatur.
1099 2076 1159 2111 De

134 2147 215 2175 arte
238 2136 405 2174 oratoria
421 2133 530 2180 liber,
554 2140 596 2170 ut
612 2144 728 2182 supra
744 2131 930 2174 vidimus,
958 2131 1006 2168 ad
1033 2132 1157 2169 Phili-

134 2209 241 2233 scum
281 2194 470 2232 Milesium
509 2191 693 2242 pertinet3
730 2189 778 2226 ad
816 2189 978 2226 eundem
1020 2197 1155 2226 aucto-

133 2268 236 2300 rem,
257 2253 362 2304 quod
390 2252 469 2302 jam
499 2249 750 2288 Ruhnkenius
780 2248 943 2300 (Histor.
970 2256 1065 2285 orat.
1089 2250 1155 2286 Gr.

133 2326 172 2363 p.
205 2312 428 2361 LXXXIII)
455 2308 672 2360 perspexit,
706 2307 918 2345 Conciones
950 2306 1158 2343 referendae

134 2379 233 2408 sunt.
265 2373 372 2420 Opus
406 2367 486 2421 περὶ
521 2366 691 2412 Φοινίκης
723 2364 970 2402 tribuendum
1005 2365 1157 2401 videtur

133 2429 284 2467 Philino
304 2427 570 2478 Agrigentino,
591 2425 656 2475 qui
677 2424 791 2475 primi
809 2423 899 2460 belli
931 2422 1064 2459 Punici
1091 2422 1155 2459 hi-

134 2499 289 2537 storiam
304 2497 456 2548 scripsit
471 2505 584 2546 atque
600 2495 774 2532 facillime
790 2507 877 2531 cum
893 2494 1054 2532 Philisto
1069 2507 1157 2530 con-

135 2557 245 2594 fundi
272 2556 409 2607 potuit.
440 2554 555 2602 Quod
589 2554 636 2591 ad
670 2554 818 2603 reliqua
842 2552 988 2589 Philisti
1020 2564 1155 2602 opera,

134 2629 252 2666 quum
281 2614 435 2653 nonnisi
464 2614 587 2652 Suidae
613 2612 829 2650 testimonio
857 2619 912 2648 tot
938 2609 1155 2647 nominibus

133 2684 311 2725 suspecto
330 2675 368 2712 in
386 2674 560 2711 notitiam
578 2682 744 2709 nostram
766 2671 959 2718 venerint,
980 2670 1153 2720 supinam

134 2734 262 2783 potius
302 2731 564 2783 lexicographi
605 2730 874 2781 negligentiam
914 2740 1154 2774 accusemus,

135 2804 248 2840 quam
278 2792 479 2842 temporis,
504 2789 609 2841 quod
634 2790 728 2826 nulli
760 2801 893 2826 eorum
917 2786 1155 2838 pepercerit,

134 2850 328 2899 injuriam.

187 2903 364 2940 Historiae
387 2904 521 2941 Siculae
541 2903 578 2940 in
603 2902 696 2940 duas
717 2909 846 2952 partes
869 2908 982 2938 erant
1007 2899 1154 2946 divisae,

135 2974 296 3011 quarum
327 2963 444 2999 altera
467 2971 611 3013 septem
637 2961 745 2998 libris
770 2961 856 3010 plus
885 2971 998 3009 quam
1026 2958 1154 2995 octin-

134 3028 270 3071 gentos
294 3033 412 3057 annos
439 3021 657 3070 complexa,
680 3018 840 3057 exordio
865 3018 966 3055 facto
992 3017 1081 3053 inde
1106 3015 1153 3053 ab

135 3079 407 3129 antiquissimis
423 3080 557 3117 Siciliae
578 3077 828 3129 temporibus,
849 3077 897 3115 ad
913 3076 972 3114 Ol.
991 3077 1054 3126 93,
1070 3077 1091 3113 3
1106 3075 1155 3112 ad

135 3146 365 3188 captumque
385 3138 633 3187 Agrigentum
654 3136 817 3174 deducta
836 3144 917 3179 est;
938 3134 1068 3181 altera,
1087 3132 1154 3170 ubi

136 3196 245 3246 prior
264 3195 485 3232 substiterat
504 3195 703 3244 incipiens,
724 3194 831 3231 libris
854 3201 1037 3244 quattuor
1057 3205 1116 3229 res
1133 3205 1153 3229 a

135 3253 323 3303 Dionysio
351 3253 500 3290 seniore
526 3261 647 3301 gestas
674 3266 792 3301 usque
813 3253 859 3289 ad
887 3259 1050 3288 mortem
1072 3251 1154 3301 ejus

137 3313 215 3365 (01.
244 3313 334 3359 103,
356 3310 393 3362 τι)
420 3310 623 3349 enarravit.
653 3310 814 3346 Diodor.
838 3313 952 3356 XIII,
978 3311 1061 3346 103.
1086 3309 1153 3346 His

137 3381 329 3422 tamquam
341 3370 488 3406 tertiam
498 3377 643 3419 partem
656 3367 796 3404 addere
809 3368 895 3404 licet
907 3380 1016 3417 opus,
1028 3368 1065 3404 in
1075 3380 1153 3417 quo

998 178 1066 218 DE
1093 177 1346 220 PHILISTO.

1217 265 1368 305 duobus
1395 267 1502 306 libris
1524 282 1585 307 res
1608 270 1783 320 Dionysii
1800 270 1967 321 junioris
1980 285 2050 322 per
2063 273 2232 324 quinque

1214 337 1334 363 annos
1347 326 1524 377 usquead
1543 328 1602 367 01.
1623 335 1709 375 104,
1722 342 1757 376 2,
1767 339 1989 379 persecutus
1997 339 2063 368 est.
2073 332 2232 370 Diodor.

1214 384 1302 431 XV,
1313 384 1375 433 89.
1387 386 1533 422 Etenim
1545 386 1728 423 tredecim
1742 387 1810 424 hos
1824 387 1943 425 libros
1953 402 2072 426 unum
2085 397 2234 428 tantum

1215 441 1497 490 quodammodo
1507 456 1647 494 corpus
1659 445 1830 483 effecisse
1841 446 1930 483 inde
1941 455 2115 497 apparet,
2126 448 2234 499 quod

1215 500 1399 550 Stephan.
1420 504 1508 552 Byz.
1527 516 1634 540 voce.
1667 502 1812 556 Ἇρὸέλη
1842 514 1880 542 et
1898 505 2059 558 Κραστός
2091 506 2233 546 librum

1217 558 1462 596 tredecimum
1483 560 1622 598 laudat.
1635 562 1808 600 Potuisse
1822 571 1947 600 tamen
1969 564 2081 601 etiam
2098 565 2232 616 singu-

1215 615 1268 652 las
1288 625 1413 666 partes
1430 625 1621 668 tamquam
1639 619 1842 669 singularia
1860 633 1979 671 opera
1993 622 2156 659 discerni
2164 622 2235 659 do—

1215 684 1346 709 cemur
1362 674 1470 712 aCic.
1482 677 1533 712 ΙΙ.
1553 678 1622 726 Ep.
1637 676 1686 713 ad
1703 677 1890 723 Quintum
1903 679 2007 715 fratr.
2025 681 2082 716 13.
2093 682 2234 718 «Utros

1215 729 1296 779 ejus
1308 731 1487 784 (Philisti)
1503 733 1682 771 habueris
1693 734 1814 772 libros
1824 734 1916 782 (duo
1935 737 2035 773 enim
2045 745 2134 774 sunt
2143 751 2234 775 cor—

1215 789 1339 838 pora),
1355 803 1403 828 an
1419 799 1616 842 utrosque,
1629 792 1769 829 nescio.
1790 795 1854 829 Me
1871 794 1990 843 magis
2014 793 2062 832 de
2081 795 2234 844 Diony-

1215 846 1272 883 sio
1291 846 1495 885 delectat.»
1517 849 1573 887 Cf.
1604 849 1763 898 Dionys.
1783 849 1867 887 Hal.
1885 857 1909 886 t.
1932 853 1986 898 II,
2003 864 2040 901 p.
2066 854 2152 896 131,
2168 865 2233 900 17:

1215 904 1370 958 Διῄρηκε
1396 907 1598 945 historiam
1626 920 1732 944 suam
1761 908 1808 951 εἷς
1835 908 2028 961 ἐπιγραφὰς
2047 909 2128 957 δύο,
2154 911 2235 964 περὶ

1215 964 1378 1008 Σικελίας
1397 965 1458 1015 μὲν
1485 964 1548 1012 τὴν
1576 964 1746 1018 προτέραν
1767 965 1969 1019 ἐπιγράφων
1982 997 1991 1013 ,
2012 967 2093 1021 περὶ
2111 970 2237 1006 Διονυ-

1216 1023 1290 1061 σίου
1312 1024 1425 1072 δὲτὴν
1445 1025 1588 1079 ἑτέραν,
1609 1025 1684 1064 ἔστι
1703 1025 1738 1063 δὲ
1765 1025 1847 1077 μία·
1866 1026 2041 1065 καὶτοῦτο
2059 1027 2174 1078 γνοίης
2191 1026 2235 1066 ἂν

1215 1081 1283 1120 ἀπὸ
1313 1086 1374 1120 τοῦ
1402 1083 1521 1128 τέλους
1545 1086 1607 1130 τῆς
1635 1085 1834 1131 Σικελικῆς.
1864 1088 2010 1122 Neuter
2035 1085 2156 1123 libros
2187 1085 2236 1124 de

1217 1142 1404 1193 Dionysio
1420 1142 1566 1192 juniori
1587 1151 1799 1189 memorat,
1815 1156 1912 1192 quos
1930 1156 2055 1193 neque
2075 1143 2235 1181 Diodor.

1215 1203 1299 1247 XV,
1322 1206 1370 1250 94
1396 1201 1436 1238 in
1466 1209 1689 1251 computum
1719 1213 1828 1238 suum
1850 1201 1980 1238 refert.
2006 1204 2135 1247 Quare
2154 1202 2237 1239 haec

1217 1271 1316 1307 pars,
1343 1259 1501 1295 omuino
1518 1259 1643 1296 minus
1662 1259 1827 1309 cognita,
1845 1259 1967 1296 serius
1990 1260 2140 1297 tandem
2159 1273 2237 1298 ma-

1211 1315 1288 1366 jori
1307 1317 1362 1354 illi
1380 1318 1489 1368 operi
1504 1317 1684 1367 adjuncta
1701 1330 1782 1354 esse
1801 1317 1965 1355 videtur.
1989 1322 2046 1356 Ex
2067 1318 2126 1356 his
2143 1331 2237 1356 vero

1216 1375 1324 1413 facile
1342 1376 1568 1426 intelligitur
1576 1375 1822 1426 Suidam,ubi
1832 1389 1892 1413 res
1903 1376 2049 1414 Siculas
2061 1377 2237 1414 undecim

1216 1433 1322 1470 libris
1344 1435 1580 1485 conscriptas
1594 1447 1674 1471 esse
1688 1434 1793 1480 dicit,
1812 1434 1974 1484 primam
1985 1443 2022 1472 et
2034 1434 2237 1472 secundam

1218 1492 1331 1529 totius
1354 1493 1481 1543 operis
1502 1501 1663 1543 partem,
1688 1492 1754 1529 ubi
1778 1493 1951 1543 Dionysii
1974 1493 2143 1531 historiae
2170 1506 2238 1532 sex

1216 1550 1335 1588 libros
1365 1552 1542 1601 assignat,
1570 1551 1774 1589 secundam
1799 1560 1836 1589 et
1858 1551 2008 1588 tertiam
2033 1559 2182 1602 partem
2195 1552 2237 1589 in

1218 1623 1336 1647 unum
1355 1610 1560 1660 collegisse.

1269 1670 1493 1714 Rationem,
1528 1684 1604 1721 qua
1634 1683 1694 1707 res
1723 1677 1885 1707 narratae
1915 1669 1955 1706 in
1992 1669 2160 1719 singulos
2193 1668 2239 1707 li-

1217 1727 1309 1766 bros
1330 1728 1543 1779 dispertitae
1565 1728 1726 1775 fuerint,
1748 1741 1793 1765 ex
1812 1728 2035 1778 fragmentis
2053 1735 2148 1778 quot
2172 1740 2238 1764 su-

1217 1796 1377 1836 persunt
1406 1787 1592 1826 Goellerus
1608 1786 1806 1824 constituit
1822 1786 1919 1823 hanc
1937 1799 1945 1822 :
1966 1802 1982 1819 α
1998 1789 2074 1824 Res
2090 1785 2236 1832 Cocali,

1217 1846 1288 1893 ait,
1325 1846 1503 1884 Philistus
1530 1845 1702 1883 narravit
1726 1849 1850 1894 primo
1878 1843 1981 1881 libro
2008 1844 2236 1882 Siculorum.

1217 1903 1363 1942 Ibidem
1384 1917 1582 1942 recensum
1597 1903 1675 1953 egit
1687 1903 1934 1953 populorum,
1949 1902 2015 1952 qui
2028 1901 2237 1952 antiquitus

1216 1962 1257 2000 in
1275 1962 1403 2001 Sicilia
1423 1961 1691 1999 consederunt.
1717 1963 1763 1998 V.
1794 1960 1957 1997 Diodor.
1976 1963 2029 2007 V,
2058 1960 2141 1997 2-6.
2167 1960 2236 1996 Se-

1217 2024 1333 2058 cundo
1359 2020 1459 2058 libro
1486 2020 1533 2057 de
1561 2018 1722 2056 coloniis
1751 2018 1978 2055 Graecanicis
2005 2017 2124 2065 dixit,
2152 2029 2238 2068 quae

1218 2080 1257 2116 in
1269 2079 1396 2118 Sicilia
1411 2078 1573 2115 conditae
1589 2085 1690 2114 sunt.
1707 2077 1764 2114 Cf.
1781 2076 1898 2113 Thuc.
1912 2079 1976 2123 VI,
1995 2077 2083 2121 2-63
2097 2074 2236 2114 Strabo

1220 2141 1290 2185 VI,
1307 2151 1344 2187 p.
1366 2142 1442 2186 409
1469 2141 1551 2173 Am.
1588 2138 1703 2172 Tertio
1742 2134 1858 2180 libro,
1883 2141 1927 2171 ut
1958 2133 2055 2170 mihi
2081 2133 2236 2184 quidem

1216 2195 1382 2241 videtur,
1402 2207 1626 2245 progressus
1642 2201 1699 2231 est
1716 2192 1764 2230 ad
1794 2205 1953 2242 regnum
1973 2192 2150 2238 Gelonis3
2169 2205 2235 2230 ra-

1218 2255 1359 2291 tionem
1394 2252 1590 2303 exposuit,
1623 2265 1699 2301 qua
1727 2251 1932 2301 imperium
1967 2249 2040 2287 sibi
2066 2251 2235 2300 paravit;

1218 2312 1382 2362 reliquas
1400 2324 1460 2348 res
1479 2323 1501 2347 a
1528 2323 1617 2360 rege
1636 2309 1843 2346 clarissimo
1862 2322 1931 2359 per
1949 2317 2093 2358 septem
2115 2321 2235 2346 annos

1217 2378 1339 2419 gestas
1360 2369 1550 2406 tractavit.
1567 2371 1612 2406 V.
1630 2367 1792 2408 Diodor.
1808 2369 1878 2404 IX.
1896 2370 1986 2404 Haec
2005 2366 2053 2404 ad
2067 2367 2235 2417 spatium

1217 2429 1402 2479 temporis
1432 2428 1624 2479 pertinent
1652 2427 1740 2462 inde
1767 2424 1816 2461 ab
1845 2425 1908 2462 Ol.
1934 2437 2006 2470 72,
2043 2436 2065 2460 α
2093 2424 2142 2461 ad
2170 2423 2233 2462 01.

1218 2489 1280 2536 75,
1299 2489 1331 2525 3.
1353 2489 1514 2534 Quartus
1532 2486 1629 2523 liber
1644 2485 1802 2522 fortasse
1816 2482 2107 2533 comprehendit
2119 2495 2234 2533 regna

1216 2547 1394 2585 Hieronis
1410 2544 1728 2594 Thrasybulique.
1746 2541 1906 2579 Diodor.
1923 2543 1993 2588 XI,
2014 2541 2152 2579 38-68.
2169 2541 2232 2579 Ol.

1218 2606 1286 2653 75,
1309 2607 1351 2651 33
1383 2605 1454 2650 78,
1489 2606 1524 2640 3.
1555 2605 1649 2639 Tum
1672 2605 1797 2650 quinto
1821 2599 1921 2637 libro
1949 2611 2148 2650 aggressus
2177 2609 2234 2638 est

1217 2672 1389 2713 tempora
1407 2661 1543 2699 Siciliae
1556 2659 1822 2697 florentissima
1838 2666 1927 2708 post
1942 2658 2156 2696 libertatem
2173 2661 2234 2708 Sy-

1216 2722 1359 2760 racusis
1383 2719 1613 2758 vindicatam
1641 2717 1898 2768 expulsosque
1915 2725 2110 2766 tyrannos.
2138 2719 2231 2755 Ine-

1215 2788 1319 2825 rant,
1348 2786 1464 2829 puto,
1488 2777 1600 2814 etiam
1622 2775 1722 2813 bella
1742 2788 1830 2812 cum
1850 2774 1984 2812 Siculis
2008 2782 2047 2812 et
2069 2776 2232 2812 Ducetio

1214 2847 1336 2891 gesta;
1355 2836 1546 2875 excidium
1565 2834 1771 2886 Agrigenti.
1789 2833 1950 2871 Diodor.
1977 2835 2056 2880 XI,
2070 2834 2140 2881 67,
2157 2833 2229 2880 683

1213 2900 1304 2942 XII,
1326 2897 1388 2933 82.
1411 2895 1471 2933 Ol.
1502 2895 1563 2942 78,
1579 2895 1619 2938 33
1639 2906 1710 2942 91,
1739 2905 1771 2930 1.
1796 2893 1931 2928 Sextus
1955 2890 2093 2928 deinde
2121 2890 2230 2939 liber,

1214 2969 1291 3006 quo
1309 2953 1544 3004 Thucydidis
1565 2951 1722 3001 vestigia
1744 2950 1832 3000 legit
1848 2950 1958 2999 (teste
1970 2949 2126 2986 Theone
2138 2952 2232 2987 Pro-

1215 3027 1341 3064 gymn.
1354 3026 1392 3062 p.
1406 3025 1429 3060 9
1442 3011 1584 3048 Heins.:
1600 3007 1671 3047 Τὸν
1687 3006 1838 3045 Ἀττικὸν
1850 3005 1929 3044 ὅλον
1946 3005 2097 3056 πόλεμον
2111 3006 2146 3043 ἐν
2159 3011 2230 3048 τοῖς

1213 3072 1408 3112 Σικελικοῖς
1425 3070 1464 3107 ἐκ
1479 3071 1539 3106 τοῦ
1556 3065 1770 3106 Θουκυδίδου
1788 3063 2012 3115 μετενήνοχε,
2033 3072 2070 3101 et
2086 3064 2216 3101 Plutar

1214 3130 1286 3167 cho
1301 3130 1381 3166 Nic.
1393 3141 1425 3164 e.
1442 3141 1454 3163 1
1470 3124 1556 3167 :⁶A;
1573 3128 1654 3174 γοῦν
1678 3122 1892 3169 Θουκυδίδης
1906 3121 2066 3172 ἐξήνεγκε
2083 3120 2143 3158 καὶ
2159 3120 2221 3159 Φί-

1211 3189 1327 3230 λιστος
1343 3184 1483 3237 πράξεις
1495 3213 1505 3231 ,
1525 3182 1598 3220 ἐπεὶ
1617 3183 1798 3234 παρελθεῖν
1818 3182 1879 3218 οὐκ
1896 3179 1988 3227 ἔστι,
2021 3178 2174 3230 μάλιστά
2188 3193 2223 3230 γε

1214 3245 1255 3294 δὴ
1273 3245 1331 3284 τὸν
1349 3242 1474 3297 τρόπον
1489 3240 1547 3279 καὶ
1561 3239 1623 3286 τὴν
1639 3239 1787 3277 διάθεσιν
1801 3241 1860 3276 τοῦ
1877 3238 1996 3291 ἀνδρὸς
2011 3238 2142 3288 (Niciae
2159 3236 2224 3287 sc.)

1212 3304 1278 3344 ὑπὸ
1295 3304 1432 3342 πολλῶν
1455 3299 1511 3339 καὶ
1541 3297 1702 3349 μεγάλων
1721 3299 1840 3334 παθῶν
1869 3294 2134 3346 καλυπτομένην
2159 3309 2221 3331 πε-

1215 3360 1415 3417 ριεχούσας,
1445 3355 1647 3411 ἐπιδραμὼν
1680 3353 1856 3409 βραχέως,
1876 3354 1935 3392 καὶ
1956 3352 2011 3391 διὰ
2028 3356 2097 3392 τῶν
2115 3355 2226 3404 ἀναγ-
