2320 3684
139 207 214 240 332

136 302 175 325 τε
201 285 266 333 τὴν
303 286 407 323 αὐτου
429 283 530 334 (cod.
570 281 677 320 Leid.
709 279 848 333 ἑαυτοῦ)
881 279 1072 327 ἀπώλειαν,
1106 280 1167 319 καί

137 345 218 398 περὶ
237 342 378 391 κηδείας
405 340 518 388 ἠξίου·
546 338 665 392 διόπερ
695 337 867 387 ἀναστὰς,
899 337 1109 411 ἕξερυπάρου
1128 338 1168 378 τὸ

138 404 280 442 εἴδωλον
306 400 363 440 διὰ
389 399 513 452 πυρός·
551 397 614 436 εἴθ’
645 396 753 440 οὕτως
787 395 894 450 ἔθαψε
929 395 994 443 τὴν
1025 396 1168 452 τέφραν,

138 463 313 517 ἐπιφανῶς
345 474 407 497 του
443 457 575 496 Κίλλου
598 455 696 510 ἠρίον
735 455 792 493 ἐπ’
811 457 905 508 αὐτῷ
935 454 1080 510 ἐγείρας,
1108 455 1169 494 καὶ

139 520 224 574 πρὸς
240 521 291 572 τῷ
310 517 399 570 ἠρίῳ
419 517 521 553 αὐτοῦ
539 513 700 564 ἐδείματο
720 513 823 566 ἱερὸν,
842 513 1013 552 Κιλλαίου
1034 513 1168 552 Ἀπόλ-

141 581 249 621 λωνος
279 571 583 630 προσαγορεύσας,
604 570 661 609 διὰ
690 570 731 609 τὸ
762 572 939 625 αἰφνιδίως
958 572 1016 611 τὸν
1038 572 1167 612 Κίλλον

141 640 338 683 ἀποθανεῖν,
368 635 406 672 οὐ
438 631 506 684 μὴν
529 630 621 670 ἀλλὰ
649 630 709 668 και
736 630 838 670 πόλιν
858 631 999 680 κτίσας,
1030 631 1167 672 Κίλλαν

140 695 323 742 κέκληκεν.
356 692 398 732 Ὁ
431 690 549 743 μέντοι
584 690 715 733 Κίλλος
745 689 804 728 καί
829 690 918 741 μετὰ
953 690 1100 730 θάνατον
1119 693 1170 744 τῷ

145 754 280 794 Πέλοπι
314 753 407 790 δοκεῖ
439 749 697 799 συλλαὸέσθαι,
730 748 823 793 ὅπως
852 748 1077 803 περιγένηται
1109 752 1170 787 τοῦ

141 811 323 862 Οἰνομάου
343 811 378 848 ἐν
405 811 455 862 τῷ
474 810 600 860 ἀγῶνι·
631 811 654 856 ἡ
678 806 814 861 ἱστορία
836 807 934 861 παρὰ
953 806 1169 861 Θεοπόμπῳ

195 868 549 909 Cf.Schol.Pind.
586 868 825 916 Ol.1‚39;
854 867 1171 918 Lycophr.161;

141 934 267 969 Tzetz.
285 929 387 966 adv.
411 928 482 964 156
501 941 557 977 sq.
574 926 721 975 ;schol.
746 926 926 977 Apollon.
947 926 1021 964 Rh.
1038 927 1171 975 1‚752.

195 987 450 1027 Welckerus
440 1000 481 1024 m
501 985 600 1024 libro
628 985 675 1023 de
691 985 806 1035 Cyclo
826 987 938 1022 Hom.
966 998 1004 1035 p.
1023 998 1073 1034 29
1096 985 1174 1023 haec

144 1047 265 1099 petita
295 1059 376 1083 esse
408 1044 541 1082 statuit
561 1057 611 1081 ex
643 1043 899 1093 Theopompo
924 1044 1173 1093 grammatico

144 1108 193 1158 τῷ
234 1102 466 1155 συναγαγόντι
501 1118 581 1146 τους
626 1100 763 1153 μύθους.
804 1101 977 1139 Eundem
1013 1102 1174 1153 intelligi

145 1165 226 1203 vult
247 1177 310 1215 ap.
329 1163 453 1201 Schol.
475 1161 522 1200 ad
539 1163 691 1209 XXIV,
713 1161 822 1205 428:
844 1157 1055 1210 Θεόπομπός
1070 1174 1173 1212 φησιν

144 1221 364 1275 Ἀλέξανδρον
390 1222 544 1274 Φεραῖον
570 1218 736 1258 Διόνυσον
768 1218 826 1256 τὸν
850 1219 885 1256 ἐν
910 1220 1120 1269 Παγασαῖς,
1138 1218 1173 1261 ὃς

144 1283 302 1320 ἐκαλεῖτο
334 1279 489 1322 Πέλεκος
506 1308 516 1327 ,
554 1277 706 1316 εὐσεὸεἷν
755 1275 938 1330 διαφόρως.
978 1278 1174 1315 Καταπον-

144 1338 311 1382 τωθέντος
337 1337 373 1376 δὲ
401 1336 496 1377 Ἀλεζ
482 1337 626 1390 οἱνδρου
651 1334 854 1378 Διόνυσος”
834 1349 918 1387 οναρ
947 1333 1091 1377 ἐπιστάς
1109 1350 1177 1373 τινι

144 1401 213 1436 τῶν
249 1397 376 1436 ἁλιέων
408 1396 588 1434 ἐκέλευσεν
622 1393 810 1433 ἀναλαὸεῖν
842 1393 900 1431 τὸν
936 1391 1070 1466 φορμὸν
1105 1395 1175 1432 τῶν

143 1459 270 1506 ὄστων,
291 1459 309 1495 6
331 1455 368 1494 δὲ
390 1454 541 1493 ἀνελθὼν
565 1455 598 1497 ἐς
621 1454 819 1506 Κραννῶνα
838 1457 909 1495 τοῖς
929 1451 1068 1495 οἰκείοις
1085 1451 1176 1490 ἀπέ-

145 1517 281 1563 δωκεν,
313 1517 344 1552 οἱ
384 1513 421 1552 δὲ
468 1512 611 1567 ἔθαψαν.
641 1512 833 1563 Equidem
866 1511 995 1550 nullus
1022 1511 1175 1559 dubito,

145 1576 238 1627 quin
251 1575 330 1612 haec
345 1573 392 1611 ad
407 1573 703 1623 Theopompum
720 1571 858 1609 Chium
874 1570 1074 1608 referenda
1088 1571 1177 1619 sint,

145 1635 212 1684 qui
246 1634 286 1671 in
319 1633 539 1680 historicis,
582 1631 651 1668 ubi
682 1629 730 1668 de
765 1629 988 1668 Alexandro
1016 1630 1176 1667 Pheraeo

145 1706 272 1731 sermo
296 1690 552 1729 instituendus
575 1697 680 1740 er,at
700 1689 761 1727 vel
790 1689 830 1726 in
853 1688 955 1725 libro
977 1687 1056 1741 περὶ
1077 1690 1177 1726 εὗσε-

145 1750 240 1794 ὃείας
250 1781 260 1799 ‚
276 1763 359 1801 quae
370 1750 433 1787 hic
445 1749 493 1787 de
509 1746 778 1787 καταποντώσει
795 1747 946 1797 tyranni
959 1760 1029 1785 nai
1029 1756 1177 1796 rantur,

145 1811 211 1848 vix
232 1810 418 1847 omiserit.

199 1936 356 1970 Tzetzes
372 1932 419 1969 ad
443 1932 638 1983 Lycophr.
650 1944 705 1968 vs.
732 1935 831 1978 1724
847 1928 936 2003 Περὶ
953 1927 990 1967 δὲ
1008 1931 1071 1976 τῆς
1090 1929 1179 1967 διαι-

147 1990 274 2045 ρέσεως
291 2007 352 2037 της
375 2006 435 2028 του
460 1989 583 2028 Ἡλίου
603 1987 780 2041 βασιλείας
797 1989 844 2030 εἷς
860 1986 938 2030 τοὺς
966 1989 1070 2026 αὐτοῦ
1090 1994 1177 2026 παῖ-

147 2051 208 2094 δας
229 2050 363 2096 Αἰήτην
395 2065 454 2087 και
477 2047 610 2086 Αλωέα
634 2046 847 2098 Θεόπομπος
866 2049 884 2084 6
904 2048 987 2090 Χῖος
1008 2046 1177 2097 Εὐμήλου

146 2111 209 2155 τ’ῆς
238 2107 407 2162 Κορίνθου
437 2109 612 2160 ἱστορικου
640 2109 787 2152 ποιητοῦ
815 2104 992 2157 μέμνηται
1017 2105 1178 2158 λέγοντος

148 2166 275 2211 οὕτως·

230 2237 307 2268 Ἀλλ’
323 2236 374 2268 ὅτε
390 2236 416 2268 δ’
432 2236 545 2274 Αἰήτης
560 2237 613 2268 καὶ
629 2236 756 2273 Ἀλωευς
772 2235 942 2276 ἐξεγένοντο

231 2283 356 2315 Ἠελίου
371 2295 405 2315 τε
416 2285 470 2315 καὶ
484 2283 659 2321 Αντιόπης·
676 2283 745 2315 τότε
761 2284 787 2314 δ’
805 2283 917 2322 ἄνδιχα
934 2283 1039 2325 χώρην

231 2330 369 2362 δάσσατο
387 2331 495 2363 παισὶν
513 2331 593 2366 ἑοῖς
599 2331 759 2373 Ιπερίονος
778 2330 890 2371 ἀγλαὸς
905 2330 980 2367 υἱός·

230 2379 267 2416 ἣν
281 2379 335 2419 μὲν
351 2378 448 2409 ἔναιεν
461 2378 612 2417 Ἀσωπὸς,
632 2379 687 2416 τὴν
704 2378 780 2420 πόρε
795 2378 852 2418 δίῳ
865 2379 986 2410 Ἀλωεῖ·

230 2426 268 2464 ἣν
283 2425 308 2456 δ’
323 2425 438 2467 Ἐφύρη
454 2424 629 2464 κτεάνισσᾈ
645 2425 742 2465 Αἰήτῃ
759 2425 857 2456 δῶκεν
876 2425 1010 2457 ἅπασαν.

149 2533 266 2565 magno
281 2523 392 2556 dolore
407 2523 449 2555 ob
462 2524 531 2564 eJus
547 2525 684 2555 mortem
698 2523 825 2562 arrecto,
835 2524 932 2555 etiam
949 2532 1006 2564 per
1022 2524 1184 2555 somnium

150 2571 295 2611 adstitit,
311 2571 448 2603 exitium
467 2579 563 2602 suum
580 2570 761 2602 lamentans
781 2573 814 2602 et
824 2570 921 2601 sunus
938 2572 1060 2611 petens.
1079 2572 1185 2608 Quare

149 2594 302 2657 surrexit'‚
318 2617 549 2649 simulacrum
541 2626 613 2658 igne
629 2620 797 2658 purgavit,
811 2617 927 2649 deinde
943 2617 1091 2657 sepelivit
1111 2617 1185 2650 Cilli

152 2665 309 2704 cinerem,
326 2664 534 2705 sepulcr-'um
526 2673 560 2695 ln
574 2665 644 2705 ejus
659 2665 814 2696 honorem
831 2664 998 2704 magnifice
1013 2665 1132 2704 erexit,
1150 2667 1183 2696 et

151 2720 252 2752 prope
268 2712 453 2765 sepulcrum
467 2712 630 2743 exstruxit
641 2711 811 2752 templum,
821 2711 907 2751 quod
919 2710 1059 2751 Apollini
1072 2712 1184 2743 (3111Ὧο

151 2759 366 2795 consecravit,
387 2759 466 2799 quia
482 2759 585 2791 Gillus
601 2758 766 2800 repentina
783 2760 886 2789 morte
905 2766 922 2789 e
942 2758 1007 2789 vila
1026 2761 1182 2797 cesseiat;

152 2806 232 2846 quin
249 2806 346 2837 etiam
362 2805 475 2837 urbem
491 2805 649 2846 condidit,
667 2813 765 2846 quam
784 2804 900 2837 Cillam
914 2804 1102 2845 appellavit.
1121 2804 1184 2837 Cil-

153 2852 203 2884 lus
219 2861 295 2885 vero
307 2853 404 2884 etiam
420 2854 495 2894 post
505 2856 644 2885 mortem
658 2852 768 2893 Pelopi
782 2851 905 2883 auxilio
921 2851 1022 2883 fuisse
1034 2851 1164 2884 videtur
1175 2875 1184 2890 ,

153 2901 191 2930 ut
203 2900 404 2931 OEnomaum
419 2899 581 2931 vinceret'
573 2909 606 2931 m
617 2898 805 2932 certamine.
820 2900 998 2931 Narrantur
1011 2898 1081 2930 haec
1096 2897 1181 2939 apud

153 2947 412 2987 Theopompum.

622 3011 710 3044 340.

195 3062 242 3093 De
259 3062 341 3094 Solis
358 3062 444 3102 regni
464 3061 693 3095 distributione
709 3063 794 3095 inter
811 3062 879 3103 ejus
894 3061 989 3100 filios,
1003 3063 1130 3094 AEetam
1151 3062 1184 3094 et

156 3107 301 3147 Aloeum‚
310 3109 538 3150 Theopompus
548 3109 650 3141 Chius
657 3109 790 3142 adducit
798 3109 969 3142 Eumelum
977 3109 1183 3141 corinthium

156 3156 283 3194 poetam
301 3155 504 3195 historicum,
521 3155 567 3187 ita
581 3155 768 3188 dicentem·

219 3219 280 3249 Sed
296 3230 390 3258 quum
407 3220 517 3251 Al-:etes
532 3227 561 3250 et
579 3222 694 3251 Aloeus
710 3222 772 3251 uati
789 3228 890 3251 esseut

222 3266 293 3294 Sole
309 3273 339 3295 et
356 3267 510 3306 Antiopa.
528 3275 592 3296 tum
609 3270 640 3297 in
656 3269 732 3297 duas
748 3276 853 3308 partes
869 3275 982 3298 terram

220 3312 401 3341 divisitfiliis
419 3316 480 3342 suis
498 3315 683 3353 Hyperionis
697 3315 779 3344 filius
794 3315 941 3344 illustris:

220 3369 312 3397 quam
335 3362 456 3398 Asopus
471 3361 655 3400 incoluerat,
671 3373 737 3391 eam
753 3363 886 3401 praebuit
907 3363 1013 3391 divino
1025 3363 1141 3397 Aloeo;

220 3415 312 3445 quam
328 3416 401 3436 vero
415 3407 538 3447 Ephyra
562 3415 717 3448 tenuerat,
733 3419 799 3438 eam
813 3410 916 3439 AEetae
931 3410 1017 3440 dedit
1042 3419 1177 3440 omnem.

1202 1153 1212 1739 l

876 194 1179 235 THEOPOMPI
1206 195 1537 237 FRAGMENTA.

1310 283 1423 322 Αἰήτης
1439 284 1465 315 δ’
1481 283 1529 326 ἄρ’
1543 283 1623 315 ἑκὼν
1637 283 1744 325 Βούνῳ
1773 283 1934 326 παρέδωκε
1948 284 2120 326 φυλάττειν,

1311 329 1431 362 εἰσόκεν
1448 331 1540 367 αὐτὸς
1554 330 1630 372 ἀνὴρ
1646 331 1688 366 εἰς
1703 331 1829 373 ὕστερον
1845 331 1930 368 αυθις
1945 332 2047 364 ἵκοιτο

1310 377 1330 416 ἢ
1346 377 1376 413 ἐξ
1389 377 1495 409 αὐτοῖό
1508 387 1570 414 τις·
1590 377 1642 409 ὅδε
1657 377 1757 419 ᾤχετο
1771 378 1909 419 Κολχίδα
1921 381 2023 419 γαῖαν.

1228 433 1436 485 Σημείωσαι
1455 433 1492 472 δὲ
1508 438 1624 485 τοῦτο,
1644 433 1697 472 ὅτι
1715 436 1746 472 οι
1769 433 1812 485 μὲ
1815 451 1832 472 ν
1848 435 1964 472 λοιποὶ
1982 438 2050 473 τῶν
2067 437 2251 490 ἱστορικῶν

1229 491 1370 546 Πέρσης
1404 492 1463 530 καὶ
1491 491 1614 531 Ἡλίου
1651 493 1777 536 παῖδάς
1809 508 1894 547 φασι
1924 493 1982 532 τὸν
2022 494 2157 542 Αἰήτην
2191 494 2253 533 καί

1230 550 1382 600 Ἀλωέα,
1404 554 1422 590 6
1442 550 1478 589 δὲ
1499 550 1665 603 Εὔμηλος
1693 555 1790 595 ουτος
1822 550 2002 600 Ἀντιόπης
2029 553 2089 591 καὶ
2116 553 2252 592 Ἡλίου.

1282 610 1450 648 Eandem
1475 610 1671 648 historiam
1700 611 1841 661 repetit
1866 614 1992 649 Tzetz.
2011 612 2058 649 ad
2077 618 2254 660 v.1024,

1231 677 1268 707 et
1288 670 1415 709 Schol.
1438 671 1546 708 Pind.
1567 671 1624 708 Ol.
1644 674 1767 719 XIII,
1786 677 1832 717 74
1845 699 1855 717 ,
1877 671 1945 708 ubi
1966 671 2150 722 postremi
2164 684 2256 710 ver-

1231 741 1294 766 sus
1312 742 1358 766 ex
1376 730 1536 767 Eumelo
1553 730 1657 767 allati
1674 730 1854 780 leguntur
1872 730 1948 767 ita:

1314 798 1434 830 εἰσόκεν
1449 799 1539 836 αὐτὸς
1554 799 1666 839 ἵκοιτο,
1683 800 1701 838 ἢ
1717 799 1747 835 ἐξ
1762 799 1866 830 αὐτοῖό
1881 810 1925 836 τις
1939 799 2029 837 ἄλλος

1314 846 1334 884 ἢ
1349 857 1434 886 παις,
1442 847 1490 884 ηδ
1508 846 1635 883 υἱωνός·
1654 848 1671 878 ὁ
1685 847 1711 878 δ’
1726 846 1826 887 ᾤχετο
1842 847 1981 888 Κολχίδα
1993 850 2094 888 γαῖαν.

1234 901 1279 935 In
1309 902 1436 937 Tzetz.
1467 900 1553 937 loco
1577 900 1731 937 Geelius
1754 899 1859 950 apud
1878 901 2134 940 Wichersium
2163 904 2260 942 scri—

1233 957 1403 995 bendum
1424 959 1640 1009 proponit.
1657 957 1680 1004 ἢ
1697 960 1765 996 τῶν
1783 956 1818 1002 ἐξ
1841 959 1946 996 αὐτου
1966 973 2038 1002 τις
2056 962 2074 998 6
2097 960 2127 998 δ’
2145 961 2260 1014 ὤχετο

1233 1031 1267 1054 κ.
1286 1032 1317 1054 τ.
1344 1017 1379 1054 λ.
1403 1020 1648 1055 -Ceterum
1667 1018 1868 1055 Welkerus
1898 1018 1922 1055 l.
1948 1018 1972 1055 l.
2001 1018 2075 1056 hoc
2105 1033 2261 1072 quoque

1235 1075 1370 1126 fragm
1420 1076 1677 1126 Theopompo
1723 1075 1862 1114 Cnidio
1909 1076 2176 1125 tribuendum,
2217 1093 2262 1118 ac

1234 1132 1371 1170 Chium
1403 1145 1473 1183 per
1503 1146 1674 1171 errorem
1708 1146 1731 1171 a
1766 1137 1903 1172 Tzetze
1939 1135 2138 1175 laudatum
2179 1151 2262 1175 csse

1236 1191 1465 1241 suspicatur.

1289 1301 1522 1340 scholiastes
1542 1301 1734 1352 Apollonii
1754 1302 1826 1341 Rh.
1849 1304 1913 1350 IV,
1933 1317 1990 1344 vs.
2022 1319 2037 1342 1
2050 1306 2152 1353 187:
2173 1305 2264 1346 Θεό-

1236 1375 1375 1409 πομπος
1392 1360 1599 1413 ἀμφιφορεῖς
1615 1358 1777 1411 λέγεσθαί
1797 1375 1882 1413 φησι
1900 1361 1979 1406 τους
1996 1363 2054 1401 ὑπ’
2070 1363 2168 1402 ἐνίων
2190 1381 2257 1416 με-

1237 1418 1378 1470 τρητάς.
1396 1418 1487 1457 Cod.
1504 1420 1621 1456 Paris.
1640 1419 1861 1473 Ἀμφιφορεῖς
1882 1419 2043 1472 λέγονται
2062 1423 2154 1461 κατὰ
2171 1423 2262 1463 Θεό-

1238 1493 1401 1529 πομπον,
1433 1476 1490 1521 οὒς
1509 1480 1541 1515 οἱ
1558 1478 1657 1516 ἄλλοι
1686 1479 1861 1532 μετρητάς
1883 1495 1981 1533 φασι.
1998 1485 2099 1519 Num
2133 1492 2266 1521 noster

1239 1538 1287 1575 sit
1306 1538 1368 1575 hic
1385 1538 1684 1588 TheopomPUS‚
1698 1551 1746 1575 an
1763 1539 1872 1587 alius,
1885 1539 2037 1579 difficile
2053 1550 2110 1579 est
2130 1541 2267 1592 dijudi-

1238 1606 1346 1643 catu3
1367 1596 1441 1634 hoc
1459 1604 1585 1634 tamen
1606 1596 1858 1647 probabilius.

1292 1708 1418 1746 Schol.
1444 1707 1643 1758 Aristoph.
1664 1656 1849 1749 Ra31li.2vs.
1876 1724 1973 1749 220:
1995 1710 2146 1764 Χύτροι,
2164 1712 2266 1765 ἑορτὴ

1238 1768 1322 1842 παρ’
1336 1768 1526 1815 Ἀθηναίοις
1542 1767 1708 1820 γινομένη
1723 1785 1772 1821 τῳ
1787 1771 1965 1824 Διονύσῳ·
1986 1771 2107 1822 ἄγεται
2119 1772 2155 1810 δὲ
2169 1772 2266 1827 παρὰ

1238 1827 1368 1874 ταύτην
1384 1826 1447 1874 τὴν
1468 1826 1594 1875 αἰτίαν,
1613 1827 1656 1873 ἣν
1677 1828 1736 1865 καί
1754 1810 1826 1868 'Ge'
1781 1844 1966 1903 Νοπομπος
1993 1830 2163 1869 ἐκτίθεται
2179 1832 2268 1892 γρά-

1239 1902 1312 1939 φων
1336 1885 1443 1925 οὕτω·
1472 1885 1743 1930 «Διασωθέντας
1761 1881 1820 1926 οῧν
1840 1887 1920 1932 τους
1937 1889 2156 1943 ἀνθρώπους,
2177 1894 2270 1945 ᾑπερ

1239 1945 1433 1997 ἔθάῤῥησαν
1450 1943 1655 1998 ἡμέρα,τῷ
1673 1945 1802 1993 ταύτης
1825 1945 1970 1998 ὀιόματι
1988 1954 2268 2003 προσαγορεῦσαι

1238 2003 1298 2040 καί
1318 2002 1381 2050 τὴν
1395 2002 1551 2056 ἑορτὴν”
1530 2019 1682 2041 απασαν·
1695 2003 1815 2042 ἔπειτα
1827 2003 1918 2043 θύειν
1932 2007 2046 2050 αυτοῖς
2059 2006 2168 2050 ἔθος”
2149 2022 2271 2059 εχουσι

1238 2063 1307 2099 τῶν
1326 2061 1389 2111 μὲν
1405 2061 1612 2112 Ολυμπίων
1631 2064 1715 2100 θεῶν
1728 2063 1838 2101 οὐδενὶ
1852 2079 1892 2101 το
1906 2063 2088 2136 παράπαν,
2103 2065 2221 2140 Ἑρμῇ
2233 2065 2271 2104 δὲ

1240 2119 1387 2158 Χθονίω·
1408 2136 1468 2158 και
1484 2123 1546 2167 τῆς
1561 2119 1704 2175 χύτρας,
1719 2121 1761 2167 ἣν
1780 2120 1902 2175 εψουσι
1915 2122 2042 2167 πάντες
2056 2123 2189 2162 οἱκατὰ
2206 2123 2269 2172 τὴν

1238 2179 1352 2224 πόλιν,
1373 2179 1482 2222 οὐδεις
1510 2179 1649 2230 γεύεται
1678 2196 1747 2218 των
1768 2179 1906 2234 ἱερέων·
1926 2185 2028 2221 τοῦτο
2063 2182 2099 2220 δὲ
2132 2198 2272 2221 ποιουσι

1238 2241 1281 2290 τῇ
1301 2237 1442 2291 ἡμέρα,
1462 2238 1522 2276 καὶ
1548 2237 1627 2282 τους
1657 2238 1736 2277 τότε
1762 2239 2066 2292 παραγενομένους
2095 2240 2159 2280 ὑπὲ
2145 2245 2268 2295 ρτῶν

1239 2296 1483 2335 ἀποθανόντων
1502 2297 1689 2336 ἱλάσασθαι
1707 2314 1765 2336 τον
1780 2298 1823 2336 ‘E
1811 2314 1932 2352 ρμην.
1943 2317 1958 2334 »
1969 2299 2121 2351 Ἤγοντο
2133 2300 2199 2339 δὲ’
2180 2302 2274 2352 αγῶα
2315 2343 2317 2346 ⁴

1238 2371 1290 2398 νες
1315 2355 1432 2394 αὐτόθι
1449 2359 1480 2394 οἰ
1501 2355 1666 2410 Χύτρινοι
1684 2357 1910 2408 καλούμενοι,
1929 2358 2021 2397 καθά
2047 2374 2133 2412 φησι
2161 2358 2273 2398 Φιλό·

1239 2429 1339 2467 χορος
1363 2416 1398 2452 ἐν
1420 2417 1464 2467 τῇ
1481 2414 1564 2467 ἕκτῃ
1582 2431 1652 2453 των
1670 2415 1846 2454 Ἀτθίδων.

1307 2526 1421 2555 AEetes
1437 2533 1541 2556 autem
1561 2527 1666 2556 volens
1682 2538 1747 2557 eam
1764 2529 1852 2557 Buuo
1868 2528 1962 2558 tradit
1977 2529 2146 2558 curandam
2158 2551 2167 2567 ,

1305 2573 1388 2602 Dum
1405 2575 1470 2612 ipse
1484 2580 1591 2613 postea
1607 2575 1723 2604 rediret
1737 2576 1783 2603 vir
1793 2597 1802 2614 ‚
2063 2575 2270 2616 [Colchidem.
2312 2580 2313 2583 ’

1308 2620 1366 2649 Vel
1379 2620 1490 2659 aliquis
1502 2631 1539 2649 ex
1553 2622 1622 2660 ipso
1633 2628 1739 2656 natus;
1756 2623 1821 2661 ipse
1831 2632 1904 2652 vero
1921 2632 1952 2652 se
1967 2623 2123 2652 contulit
2114 2634 2146 2651 in
2161 2630 2273 2652 terram

1244 2675 1418 2716 observes,
1435 2677 1577 2717 reliquos
1594 2678 1766 2710 historicos
1778 2679 1906 2710 AEetam
1922 2681 1954 2710 et
1971 2679 2107 2710 Aloeum
2120 2681 2228 2711 Persae
2237 2679 2271 2711 et

1244 2724 1336 2759 Solis,
1354 2724 1453 2756 istum
1473 2734 1549 2756 vero
1564 2726 1735 2757 Eumelum
1750 2725 1899 2766 Antiopae
1911 2728 1943 2758 et
1960 2726 2042 2758 Solis
2058 2726 2142 2758 filios
2157 2726 2272 2758 dicere.
2316 2743 2317 2746 κ

1284 2834 1470 2876 Ἀμφιφορεῖς
1498 2836 1677 2867 secundum
1695 2785 1942 2877 T3h⁴36pompum
1960 2836 2112 2868 dicuntur
2129 2846 2212 2878 quos
2223 2845 2272 2869 ce·
2304 2823 2311 2865 ,Ι

1242 2881 1302 2914 teri
1321 2882 1468 2924 μετρητὰς
1483 2883 1611 2914 vocant.
2302 2884 2303 2887 ’

1711 2931 1798 2963 342.

1283 2981 1409 3021 Chytri,
1420 2981 1538 3013 festum
1548 2981 1790 3014 Atheniensium
1802 2982 1928 3014 Baccho
1941 2991 2074 3014 consecl
2075 2983 2184 3023 atum
2193 2981 2270 3014 cele-
2295 2984 2306 2987 ““

1242 3028 1354 3060 bimatu}
1367 3028 1450 3059 hanc
1465 3028 1507 3059 ob
1522 3036 1663 3067 causam,
1673 3038 1771 3068 quam
1785 3030 2013 3070 Theopompus
2029 3039 2159 3070 quoque
2175 3038 2268 3070 expo·
2295 3033 2304 3042 ⁸

1242 3076 1302 3114 nit,
1316 3074 1362 3106 ita
1375 3074 1533 3106 scribens:
1548 3076 1728 3106 «Homines
1741 3084 1758 3107 e
1772 3075 1895 3107 diluvio
1906 3079 2051 3108 servatos
2059 3077 2190 3108 nomine
2201 3079 2270 3117 ejus
2296 3095 2298 3098 >

1242 3122 1328 3161 diei,
1344 3130 1409 3161 quo
1428 3121 1553 3153 animos
1579 3121 1776 3161 erexissent,
1796 3123 1973 3163 appellasse
1996 3125 2103 3155 totum
2122 3123 2265 3155 testum:

1242 3171 1311 3202 tum
1319 3177 1442 3201 morem
1452 3169 1491 3200 iis
1504 3147 1856 3210 esse‚utOly11]J›i6r11111
1868 3171 1997 3211 quidem
2009 3171 2143 3202 deorum
2155 3169 2269 3202 sacrifi·
2289 3171 2292 3174 ’

1242 3219 1315 3248 cent
1327 3216 1560 3255 omninonulli;
1569 3216 1726 3248 Meiwcuiio
1742 3226 1818 3249 vero
1836 3219 1976 3250 Inser.no
1985 3221 2092 3258 Atque
2109 3217 2200 3258 chytv
2202 3224 2275 3250 am
2288 3218 2305 3240 ³:

1243 3263 1476 3304 (ollam)‚quam
1487 3271 1600 3294 omnes
1614 3266 1757 3302 coquunt
1775 3264 1808 3294 in
1825 3263 1916 3303 urbe,
1926 3273 2021 3295 nemo
2037 3265 2147 3303 gustat
2162 3272 2267 3296 sacer·

1241 3310 1365 3343 (lotum.
1378 3311 1447 3341 Hoc
1461 3309 1583 3341 faciunt
1597 3318 1635 3341 eo
1650 3309 1713 3349 dic,
1721 3312 1753 3341 et
1765 3310 1820 3350 qui
1836 3313 1906 3341 tum
1921 3309 2041 3342 adsunt
2059 3319 2116 3351 pro
2134 3309 2268 3342 mortuis

1241 3358 1369 3398 placant
1383 3357 1610 3388 Mercurium.
1612 3357 1748 3389 moelem
1750 3358 1886 3389 abantur
1902 3357 1946 3390 ibi
1961 3357 2161 3398 certamina,
2183 3358 2266 3398 Chy-

1241 3410 1323 3442 tnina
1336 3409 1549 3450 ap1›ellata‚ut
1559 3410 1768 3442 Philochorus
1778 3410 1860 3442 libro
1873 3414 1965 3443 sexto
1977 3410 2147 3443 Atthidum
2158 3413 2187 3442 ιι
2188 3409 2263 3441 adit
