2320 3684
139 167 213 200 200

926 159 1092 198 TIMAEI
1119 158 1448 200 FRAGMENTA.

138 248 169 286 οἱ
188 248 223 285 ἐν
241 248 361 290 αὐταῖς
373 248 612 290 κατοικοῦντες
629 244 764 298 ἄριστοι
777 245 1005 298 σφενδονῆται
1018 261 1025 268 ·
1045 246 1081 283 αἱ
1094 243 1160 299 γὰρ
1227 248 1361 284 Timoeo
1376 257 1413 284 et
1427 249 1563 294 Sileno,
1587 251 1826 298 Aphrodisias
1840 250 1913 287 :ab
1924 253 2102 301 indigenis
2120 254 2238 289 Iuno-

139 304 285 359 μὴτέρες
305 307 433 353 αὐτῶν,
461 306 507 347 ὡς
538 302 637 356 ἔφην,
666 302 820 341 τιθέασιν
849 302 909 341 ἐπί
938 318 1030 347 τινος
1060 301 1160 347 ξύλου

143 362 255 417 ἄρτον,
277 363 337 402 καὶ
363 365 400 401 οὗ
419 361 584 416 πρότερον
613 360 766 400 ’διδόασιν
789 362 903 406 αὐτοῖς
921 367 1055 414 φαγεῖν,
1079 361 1160 415 πρὶν

142 422 349 461 καταὸαλεῖν
388 421 446 459 τὸν
482 419 596 473 ἄρτον.
624 420 682 459 Cf.
712 420 1038 458 Pseudo-Aristot.
1076 421 1100 459 l.
1135 421 1160 460 l.

139 494 172 520 c.
192 482 254 531 89.

192 596 291 635 Plin.
309 598 357 633 H.
378 598 426 633 N.
464 598 527 643 IV,
556 596 600 633 16
621 610 630 633 ι
659 598 819 633 Timoeus
836 596 1024 634 historicus
1041 610 1066 634 a
1081 599 1164 634 Bri-

139 658 268 691 tannia
303 658 477 691 introrsus
512 668 580 691 sex
605 656 746 691 dierum
780 659 1011 705 navigatione
1034 655 1164 693 abesse

138 715 227 750 dicit
253 716 412 750 insulam
428 714 589 758 Micam,
612 717 648 750 in
666 727 741 763 qua
757 716 952 751 candidum
964 714 1162 764 plumbum

133 777 336 822 proveniat.
351 775 418 809 Ad
432 786 515 809 eam
535 775 735 810 Britannos
748 773 910 811 vitilibus
929 778 1084 824 navigiis
1099 788 1163 812 co-

139 835 191 868 rio
230 835 454 869 circumsutis
486 835 674 882 navigare.
716 834 856 870 verum
905 833 944 871 h.
972 833 998 872 1.
1028 841 1164 871 auctor

139 888 227 927 libri
244 888 291 927 de
308 893 489 927 Mensura
521 889 626 928 orbis
655 897 763 928 terrae
781 890 962 942 (Duillius
992 892 1013 941 §
1035 892 1071 943 8)
1090 904 1163 942 pro

144 949 303 984 Timoeus
323 947 413 997 legit
431 948 608 996 Pytheas,
640 948 694 985 ita
720 956 764 987 ut
794 962 881 986 cum
911 950 1066 1000 Heynio
1090 952 1164 1001 (De

138 1005 234 1044 font.
257 1005 421 1042 Diodori
453 1018 491 1056 p.
527 1007 575 1053 73
610 1004 707 1058 not.)
731 1006 976 1044 statuendum
1001 1008 1071 1054 sit,
1101 1007 1163 1045 vel

138 1063 322 1113 Pytheam
337 1063 613 1102 Massiliensem
627 1065 826 1103 nominare
840 1066 1006 1104 Plinium
1023 1066 1164 1104 voluis-

138 1135 190 1169 se,
210 1123 270 1159 vel
283 1122 464 1171 Pytheam
485 1123 719 1173 exscriptum
732 1137 814 1162 esse
832 1137 854 1162 a
872 1124 1034 1175 Timaeo,
1052 1124 1163 1162 sicuti

138 1181 271 1219 fecerit
288 1181 326 1218 in
350 1181 444 1220 locis
463 1181 713 1233 sequentibus
745 1182 794 1220 de
813 1183 970 1220 succino
992 1196 1060 1221 seu
1079 1182 1158 1221 ele-

137 1248 231 1279 ciro.

614 1300 676 1338 33.

191 1358 298 1396 Idem
341 1358 434 1397 ibid.
466 1362 532 1403 IV,
563 1372 641 1406 27:
676 1362 822 1396 Insuloe
853 1362 1057 1408 complures
1086 1363 1165 1396 sine

136 1417 343 1454 nominibus
361 1431 402 1454 eo
421 1421 492 1454 situ
517 1418 570 1468 (in
583 1420 739 1455 Oceano
753 1416 1073 1468 septemtrionali)
1091 1427 1166 1454 tra—

133 1478 280 1512 duntur.
304 1477 367 1512 Ex
385 1475 516 1525 quibus
531 1485 618 1512 ante
630 1476 832 1524 Scythiam,
850 1489 938 1524 quoe
950 1479 1168 1525 appellatur

134 1536 336 1578 Ram-onia,
363 1547 476 1570 unam
490 1533 619 1571 abesse
637 1535 711 1570 diei
728 1547 848 1579 cursu,
870 1537 907 1570 in
933 1548 1046 1583 quam
1066 1539 1166 1572 veris

135 1602 295 1642 tempore
299 1592 478 1640 fluctibus
496 1596 670 1630 electrum
684 1597 865 1641 ejiciatur,
892 1596 1053 1631 Timoeus
1065 1609 1164 1644 pro-

134 1652 236 1688 dulit.

621 1709 684 1748 34.

185 1774 293 1812 Idem
310 1773 405 1813 ibid.
422 1776 589 1822 XXVII,
613 1788 626 1811 ι
639 1789 654 1812 1
674 1788 684 1812 :
700 1775 865 1823 Pytheas
879 1775 1012 1820 scribit,
1037 1778 1165 1813 Gutto-

135 1831 254 1878 nibus,
271 1835 487 1870 Germanioe
504 1837 618 1883 genti,
641 1836 758 1870 accoli
777 1838 995 1871 oestuarium
1008 1836 1160 1880 Oceani,

136 1892 399 1928 Montonomon
432 1896 592 1929 nomine.
674 1891 736 1929 Ab
752 1893 819 1929 hoc
839 1895 915 1929 diei
934 1897 1166 1943 navigatione

135 1953 294 1988 insulam
308 1950 437 1989 abesse
450 1951 614 1988 Ahalam
624 1966 636 1987 :
651 1954 738 1988 illuc
749 1965 838 1988 vere
844 1952 1023 2000 fluctibus
1035 1953 1168 1990 advehi

135 2007 382 2060 (succinum),
405 2018 442 2046 et
456 2023 534 2047 esse
554 2013 710 2047 concreti
721 2015 836 2047 maris
845 2021 1164 2060 purgamentum:

136 2070 275 2104 incolas
299 2081 375 2117 pro
409 2071 509 2118 ligno
527 2070 585 2105 ad
599 2072 720 2118 ignem
753 2073 806 2105 uti
838 2083 893 2114 eo,
909 2074 1167 2119 proximisque

140 2127 309 2163 Teutonis
340 2129 515 2165 vendere.
547 2130 643 2165 Huic
671 2136 710 2164 et
738 2129 899 2165 Timoeus
917 2130 1080 2175 credidit,
1102 2131 1170 2166 sed

135 2187 293 2222 insulam
312 2186 495 2223 Basiliam
518 2190 671 2223 vocavit.

620 2244 684 2282 35.

188 2307 296 2345 Idem
315 2306 409 2345 ibid.
431 2310 497 2353 IV,
518 2320 588 2346 22:
617 2311 667 2345 In
698 2312 776 2358 ipso
795 2313 914 2358 capite
931 2311 1101 2356 Boeticoe,
1117 2309 1166 2348 ab

136 2370 222 2403 ostio
238 2365 337 2414 freti
346 2379 529 2415 passuum
559 2369 647 2403 XX
645 2368 684 2402 V
698 2370 790 2405 mill.
828 2370 955 2412 Gadis,
984 2371 1095 2419 longa
1114 2367 1170 2420 (ut

139 2422 311 2473 Polybius
322 2423 461 2475 scribit)
477 2427 544 2462 XI
542 2428 568 2461 I
575 2428 666 2462 mill.
670 2453 682 2470 ,
696 2428 774 2462 lata
787 2429 858 2462 III
871 2429 963 2463 mill.
971 2441 1165 2476 passuum.

141 2483 257 2521 Abest
275 2497 300 2520 a
332 2488 536 2520 continente
558 2487 738 2533 proxima
762 2493 876 2533 parte
908 2488 1029 2521 minus
1049 2487 1168 2534 pedes

139 2542 252 2579 DCC.
288 2544 432 2591 reliqua
461 2544 553 2591 plus
588 2551 725 2591 septem
743 2544 803 2580 M.
814 2556 1009 2591 passuum.
1043 2546 1167 2592 Ipsius

138 2604 294 2650 spatium
326 2601 410 2636 XV
420 2601 480 2637 M.
490 2614 673 2650 passuum
693 2609 757 2638 est.
779 2599 904 2637 Habet
923 2603 1094 2650 oppidum
1114 2606 1167 2638 ci-

138 2663 230 2695 vium
259 2661 520 2704 Romanorum,
547 2661 647 2708 quod
661 2661 878 2708 appellatur
890 2660 1060 2708 Augusta
1081 2660 1167 2697 urbs

139 2719 239 2754 Iulia
260 2719 461 2756 Gaditana.
478 2717 539 2754 Ab
557 2731 599 2755 eo
615 2720 743 2763 latere,
760 2732 831 2767 quo
845 2720 1068 2767 Hispaniam
1087 2733 1167 2768 spe—

138 2786 223 2822 ctat,
239 2776 416 2826 passibus
426 2778 517 2824 fiere
535 2785 692 2822 centum,
709 2779 829 2813 altera
847 2779 968 2813 insula
987 2786 1043 2813 est
1055 2780 1166 2827 longa

141 2838 212 2871 ῙΙῙ
227 2837 287 2872 Μ.
300 2849 407 2884 pass.
429 2837 521 2880 lata,
547 2839 583 2871 in
603 2848 678 2884 qua
686 2839 796 2885 prius
814 2837 987 2885 oppidum
1007 2837 1165 2872 Gadium

140 2893 218 2932 ficit.
239 2895 402 2931 Vocatur
418 2892 468 2931 ab
487 2892 635 2943 Ephoro
654 2903 693 2932 et
715 2894 921 2940 Philistide,
943 2894 1101 2942 Erythia
1116 2908 1128 2930 :
1141 2907 1166 2930 a

140 3031 219 3055 esse.
236 3025 318 3057 Sunt
338 3027 446 3057 autem
467 3034 578 3058 earum
602 3025 717 3059 incolae
733 3025 849 3068 optimi
873 3026 1062 3059 fundatores
1073 3036 1083 3066 ;
1100 3035 1166 3058 ma-

141 3071 204 3102 tres
217 3071 315 3111 enim,
348 3074 384 3104 ut
398 3072 479 3112 dixi,
498 3072 529 3104 in
546 3073 632 3114 ligno
651 3073 792 3114 quodam
808 3082 923 3115 panem
943 3075 1088 3115 ponunt,
1110 3082 1169 3106 nec

141 3116 230 3156 prius
251 3117 291 3148 iis
309 3118 470 3150 edendum
482 3119 664 3152 concedunt
680 3128 779 3160 quam
793 3120 979 3161 dejecerint.

182 3221 230 3252 De
245 3222 351 3254 causis
373 3225 473 3255 aestus
497 3224 607 3263 maiis,
619 3174 706 3265 ὃοῗῳ.
738 3227 840 3258 XVII.
874 3225 1098 3258 Aristoteleset
1112 3226 1170 3258 He-

143 3267 273 3299 raclitus
283 3276 356 3299 eum
371 3278 389 3300 a
414 3270 480 3301 sole
494 3269 561 3303 fieri
574 3271 688 3303 aiunt..
695 3273 873 3304 ..Timaeus
886 3282 1016 3305 causam
1031 3273 1170 3313 imputat

139 3312 343 3352 fluminibus,
359 3324 432 3354 quae
446 3324 484 3347 cx
501 3318 667 3349 montibus
682 3319 812 3350 Gallicis
837 3319 869 3350 in
886 3319 1083 3352 Atlanticum
1098 3328 1169 3360 pro-

142 3358 303 3391 currentia
317 3367 414 3396 mare,
431 3359 464 3392 id
480 3369 616 3394 excursu
636 3372 696 3395 suo
710 3364 890 3404 propellant
904 3366 1002 3406 atque
1021 3366 1168 3406 augeant,

1220 308 1286 342 nis.
1314 307 1499 353 Majorem
1525 309 1683 345 Timaeus
1707 309 1933 346 Cotinussam
1961 312 2066 359 apud
2079 324 2141 348 eos
2165 323 2238 348 νο-

1220 372 1341 400 catam
1361 369 1440 401 ait:
1455 370 1569 402 nostri
1591 368 1782 404 Tartesson
1799 371 2006 417 appellant,
2032 370 2143 406 Poeni
2162 372 2240 407 Ga—
2277 412 2282 417 ,

1220 422 1290 466 dir,
1312 426 1363 459 ita
1377 424 1518 460 Punica
1535 427 1664 475 lingua
1682 439 1804 475 sepem
1822 428 2066 476 significante.
2084 429 2241 476 Erythia

1220 481 1318 516 dicta
1333 489 1399 524 est,
1419 486 1592 530 quoniam
1613 486 1714 532 Tyrii
1733 484 1950 534 Aborigines
1972 498 2094 522 eorum
2111 490 2180 523 orti
2192 485 2243 523 ab

1224 541 1406 586 Erythraeo
1421 546 1510 578 mari
1519 540 1758 588 ferebantur.
1772 545 1821 579 In
1839 543 1911 579 hac
1932 543 2117 590 Geryones
2134 542 2244 580 laabi—

1222 605 1319 633 tasse
1334 610 1359 633 a
1377 597 1595 646 quibusdam
1617 604 1886 647 existimantur,
1903 615 2055 650 quorum
2073 611 2244 639 armenta

1222 658 1401 694 Hercules
1425 657 1633 696 abduxerit.
1653 661 1751 697 Sunt
1769 664 1834 710 qui
1850 663 1966 697 aliam
1993 674 2071 698 csse
2096 675 2194 707 eam,
2210 670 2248 699 et

1222 727 1347 756 contra
1366 722 1595 758 Lusitaniam
1623 722 1860 769 arbitrentur,
1883 714 2247 773 eodemque'nomine

1222 780 1407 826 (litandam
1427 779 1478 816 ibi
1493 783 1736 829 appellatam.

1275 836 1404 874 Verba
1420 842 1531 887 ipsius
1548 843 1707 888 spatium
1733 842 1816 877 XV
1830 849 2007 892 suspecta
2025 850 2115 880 sunt
2142 845 2247 880 Har-

1224 894 1343 932 duiuo
1366 898 1822 946 propterantecedentia.
1843 903 1917 938 Pro
1952 903 2063 951 longa
2093 903 2167 938 III
2188 902 2247 939 M.

1217 966 1397 1002 passuum
1417 957 1496 991 lata
1529 955 1640 993 codd.
1655 957 1770 1008 Regg.
1789 962 1825 994 in
1847 961 1994 1009 longum
2009 961 2110 995 miIle
2119 963 2249 1008 passi—

1227 1011 1291 1049 bus
1311 1016 1404 1051 lata.
1426 1014 1657 1053 Latitudinis
1686 1029 1863 1055 mensura
1884 1018 2072 1056 excidisse
2086 1017 2246 1055 videtur.

1224 1072 1299 1107 Pro
1321 1071 1551 1109 Cotinussam
1568 1076 1673 1122 apud
1684 1088 1744 1111 eos
1773 1075 1886 1114 codd.
1902 1076 1994 1127 Reg.
2021 1090 2035 1113 1
2049 1106 2059 1124 ,
2077 1075 2184 1114 Colb.
2211 1088 2227 1112 ι
2239 1105 2251 1123 ,

1225 1141 1264 1179 2,
1279 1130 1394 1168 Paris.
1427 1130 1553 1169 chiffl.
1577 1140 1614 1169 et
1633 1134 1756 1170 Parm.
1786 1133 1954 1173 habent:
1971 1137 2205 1172 Potinussam
2224 1147 2251 1170 a

1215 1191 1351 1236 puteis.
1372 1189 1562 1226 Pleilisticle
1582 1191 1809 1229 mutandum
1829 1206 1910 1231 esse
1926 1194 1966 1232 in
1985 1194 2137 1231 Philisto
2153 1205 2250 1244 pro-

1224 1244 1406 1284 babiliter
1419 1246 1583 1296 conjecit
1597 1249 1749 1288 Goeller.

1695 1318 1758 1359 36.

1279 1379 1472 1419 Plutarch.
1510 1384 1567 1419 De
1579 1382 1710 1432 placit.
1734 1383 1873 1434 philos.
1894 1398 1933 1436 p.
1961 1399 2033 1436 901
2063 1387 2252 1425 WecheL:

1228 1438 1311 1480 Πως
1330 1436 1530 1488 ἀμπώτιδες
1541 1439 1717 1491 γίγνονται
1747 1441 1808 1480 καὶ
1827 1442 2061 1496 πλημμύραν,
2083 1445 2135 1490 ιζ’.
2156 1444 2253 1499 Ἀρι·

1226 1495 1404 1546 στοτέλης,
1426 1497 1678 1551 Ηράκλειτος“
1665 1515 1732 1538 υπο
1757 1503 1818 1539 τοῦ
1836 1501 1975 1548 ἡλίου...
1981 1501 2155 1554 ,Τίμαιος
2173 1502 2253 1548 τους

1225 1554 1466 1605 ἓμὸάλλοντας
1488 1557 1668 1608 ποταμους
1693 1560 1740 1602 εἷς
1759 1559 1823 1607 τὴν
1845 1559 2070 1610 Ἀτλαντικὴν
2098 1560 2156 1600 διὰ
2191 1563 2254 1609 τῆς

1226 1614 1401 1661 Κελτικῆς
1429 1616 1563 1667 ὀρεινης
1596 1617 1770 1667 αἰτιᾶται,
1806 1621 2048 1672 προωθοῦντας
2083 1618 2147 1671 μὲν
2176 1625 2254 1664 ταῖς

1226 1670 1359 1726 ἐφόδοις
1389 1673 1449 1712 καὶ
1483 1674 1700 1729 πλημμύραν
1734 1680 1938 1727 ποιοῦντας,
1970 1676 2183 1732 ὑφέλκοντας
2213 1677 2252 1717 δὲ

1225 1736 1300 1774 ταῖς
1319 1731 1555 1782 ἀναπαύλαις,
1575 1733 1635 1772 καὶ
1655 1734 1862 1785 ἀμπώτιδας
1887 1736 2249 1782 κατασκευάζοντας...

1280 1791 1338 1828 Cf.
1355 1791 1681 1831 Pseudo-Ariston
1701 1793 1725 1831 l.
1746 1794 1770 1835 l.
1789 1808 1821 1832 c.
1850 1795 1922 1842 56;
1947 1795 2041 1833 Plin.
2058 1799 2106 1835 H.
2138 1799 2186 1835 N.
2201 1798 2254 1845 II,

1228 1861 1289 1895 27.

1703 1923 1766 1961 37.

1284 1985 1408 2035 Etym.
1430 1989 1506 2024 M.:
1526 1987 1696 2034 Γαλατία,
1729 1986 1850 2041 χώρα·
1867 1987 2072 2040 ὠνομάσθη,
2103 1987 2150 2032 ὥς
2169 2003 2254 2043 φησι

1226 2041 1388 2093 Τίμαιος,
1406 2042 1476 2082 ἀπὸ
1493 2045 1667 2094 Γαλάτου,
1686 2045 1881 2091 Κύκλωπος
1897 2047 1958 2086 καὶ
1974 2046 2152 2091 Γαλατίας
2168 2049 2254 2101 (leg.

1227 2102 1433 2155 Γαλατείας)
1452 2105 1538 2143 υἱοῦ.

1280 2164 1336 2203 Cf.
1360 2163 1521 2201 Diodor.
1538 2167 1582 2210 V,
1607 2170 1672 2212 24,
1693 2165 1920 2203 Parthenius
1939 2167 2046 2204 Erot.
2081 2180 2114 2205 c.
2144 2167 2195 2204 30
2217 2174 2255 2205 et

1229 2237 1292 2273 29,
1310 2222 1501 2261 Ammian.
1519 2226 1602 2270 XV,
1618 2238 1653 2274 9.
1673 2224 1808 2262 Galliae
1824 2224 2031 2276 descriptio
2046 2224 2150 2276 apud
2163 2225 2255 2264 Dio·

1228 2282 1367 2320 dorum
1391 2294 1530 2332 magna
1559 2282 1693 2320 saltem
1725 2297 1775 2321 ex
1806 2291 1915 2334 parte
1934 2297 1955 2322 e
1970 2284 2111 2322 Timaeo
2134 2285 2254 2335 petita

1227 2341 1390 2379 videtur.
1410 2343 1458 2379 V.
1476 2340 1668 2379 Niebuhr.
1689 2342 1712 2379 l.
1730 2342 1754 2379 l.
1776 2345 1882 2393 II,p.
1902 2342 1978 2382 255
1997 2351 2036 2382 et
2048 2345 2182 2393 Heyne
2197 2346 2255 2381 De
2301 2335 2310 2342 ⁶

1227 2399 1399 2438 fontibus
1413 2399 1578 2438 Diodori
1598 2414 1635 2451 p.
1656 2406 1703 2449 74
1723 2409 1803 2439 not.

1705 2471 1770 2510 38.

1281 2540 1490 2585 StraboIV‚
1501 2555 1538 2592 p.
1554 2541 1648 2579 183.
1661 2540 1750 2595 Περὶ
1768 2540 1803 2580 δὲ
1819 2542 1888 2580 τῶν
1905 2544 1966 2580 τοῦ
1986 2539 2155 2582 Ῥοδανοῦ
2170 2555 2255 2581 στο-

1229 2597 1368 2650 μάτων,
1388 2598 1565 2642 Πολυὸιος
1593 2598 1696 2651 μὲν’
1680 2606 1826 2654 επιτιμᾶ
1845 2600 2010 2653 Τιμαίῳ,
2027 2600 2141 2653 φήσας
2167 2594 2254 2639 ειναι

1228 2658 1278 2709 μὴ
1312 2658 1570 2709 πεντάστομον,
1605 2658 1696 2698 ἀλλὰ
1731 2659 1907 2711 δίστομον.
1946 2659 2194 2714 Ἀρτεμίδωρος
2217 2658 2255 2699 δῖ

1227 2716 1413 2770 τρίστομον
1430 2716 1537 2768 λέγει.

1281 2777 1464 2814 Timaeum
1485 2786 1700 2827 sequuntur
1718 2777 1903 2826 Plin.111,
1925 2783 1946 2822 4
1968 2786 2006 2815 et
2025 2778 2187 2816 Diodor.
2205 2782 2254 2827 V,

1231 2835 1279 2872 25
1295 2843 1333 2872 et
1348 2838 1482 2873 Festus
1501 2834 1672 2873 Avienus
1692 2836 1740 2874 de
1759 2836 1950 2875 Rhodano
1974 2835 2014 2873 in
2040 2839 2118 2875 Ora
2135 2837 2255 2875 Mari-
2303 2876 2308 2897 ἶ

1227 2894 1318 2931 tima
1334 2907 1368 2931 v.
1379 2894 1467 2931 680.

1227 3033 1420 3066 rursumque
1432 3024 1654 3066 subsistentia,
1670 3025 1751 3058 illud
1765 3026 1928 3059 retrahant
1943 3026 2040 3067 atque
2053 3026 2252 3059 deminuam.

1269 3124 1395 3157 Galatia
1418 3133 1537 3157 nomen
1578 3124 1697 3165 habet,
1711 3080 1771 3158 3u7t'.
1795 3125 1938 3158 Timaeus
1956 3125 2047 3166 dicit,
2069 3134 2090 3158 a
2115 3125 2252 3166 Galato,

1228 3172 1381 3213 cyclopis
1403 3173 1436 3204 et
1457 3172 1598 3204 Galateae
1620 3172 1697 3204 filio.
1734 3220 1781 3252 38

1270 3272 1316 3303 De
1331 3270 1478 3302 Rhodani
1493 3270 1585 3302 ostiis
1601 3270 1753 3311 Polybius
1766 3271 1925 3303 Timaeum
1943 3271 2159 3313 reprehendit,
2174 3277 2252 3310 non,

1229 3317 1522 3406 ἱῖἑὲἓρὺέἷῑιιίηφιο,
1541 3317 1597 3350 sed
1612 3317 1678 3350 duo
1696 3326 1767 3351 esse
1784 3326 1940 3351 asserens.
1958 3318 2180 3352 Artemidorus
2191 3315 2251 3349 tria
