2320 3684
756 124 1079 168 PHILOCHORI
1106 121 1439 163 FRAGMENTA.

528 218 589 255 53.

100 279 240 317 Euseb.
257 282 359 316 Arm.
377 280 424 316 N.
447 282 537 326 914,
557 289 597 327 p.
619 277 692 314 302
705 274 754 312 ed
766 273 843 311 Mai
858 287 867 309 :
883 274 962 309 Alii
978 272 1083 320 apud

50 338 298 375 Philochorum
315 336 381 388 (sc.
400 339 614 375 Homerum
625 333 765 371 vixisse
783 330 934 381 dicunt)
951 333 1080 367 Ionica

46 399 263 446 migratione
319 395 505 444 Archippo
558 396 732 442 principe
798 391 1079 428 Atheniensium

40 464 233 504 perpetrm,
258 458 308 491 ita
342 463 384 491 ut
408 453 514 491 rebus
532 454 660 489 Iliacis
681 455 864 501 posterior
893 453 943 486 sit
971 451 1083 484 annis

49 514 245 552 CLXXX.

101 579 263 629 Syncell.
283 592 322 630 p.
347 578 433 626 180,
451 575 676 630 1);“Ομηρον
696 573 846 622 ποιητὴν
875 574 907 612 οἳ
927 570 990 624 μὲν
1018 586 1083 610 πε-

50 637 83 692 ρὶ
104 636 278 691 Κράτητα
313 635 381 689 πρὸ
403 639 465 683 τῆς
500 635 740 689 Ἡρακλειδῶν
784 631 931 672 καθόδου
979 629 1083 685 φασὶν

47 694 227 748 γεγονέναι
243 725 254 744 ,
281 696 312 733 οἱ
332 693 368 733 δὲ
390 694 470 747 περὶ
488 693 743 748 Ἐρατοσθένην
762 691 851 744 μετὰ
870 690 931 738 ἔτη
959 688 986 744 ρ’
1014 691 1083 727 τῶν

50 756 238 808 Τρωϊκῶν,
267 755 300 792 οἳ
328 751 365 791 δὲ
389 753 469 805 περὶ
493 752 720 806 Ἀρίσταρχον
752 749 845 790 κατὰ
875 749 939 798 τὴν
974 749 1086 788 Ἰωνι-

49 812 114 861 κὴν
134 810 297 852 ἀποικίαν
319 813 409 864 μετὰ
424 810 485 859 ἔτη
512 813 556 866 ρ’,
579 813 610 850 οἱ
646 809 682 849 δὲ
709 810 789 865 περὶ
807 809 1006 863 Φιλόχορον
1027 806 1085 846 ἐπὶ

49 875 112 920 τῆς
132 872 288 918 Ἰωνικῆς
302 870 464 915 ἀποικίας
482 870 562 909 καθ’
573 869 636 909 ἕνα
649 873 718 909 τῶν
734 868 791 909 διὰ
812 868 887 922 βίου
905 868 1085 923 ἀρχόντων

50 929 237 978 Ἀθήνησιν
254 929 468 984 Ἄρχιππον,
488 928 577 981 μετὰ
593 929 639 968 τὰ
654 928 802 983 Τρωϊκὰ
821 927 914 968 ἔτεσι
933 927 1004 982 ρπ’.

105 994 185 1028 Aut
203 1004 385 1028 numerus
406 989 434 1043 ρ’
453 998 543 1041 post
562 989 692 1028 Ἰωνικ.
715 991 777 1027 ἀπ.
799 997 1006 1041 corruptus
1018 997 1086 1035 est,

51 1057 119 1087 aut
144 1049 262 1087 verba
293 1047 383 1101 μετὰ
405 1048 466 1096 ἔτη
487 1046 515 1100 ρ’
543 1048 701 1086 omnino
732 1048 895 1086 delenda
918 1056 1020 1091 sunt,
1044 1055 1088 1085 ut

53 1121 139 1159 quae
170 1121 219 1146 ex
252 1106 569 1146 antecedentibus
596 1106 678 1160 περὶ
715 1106 841 1160 Ἔρατ.
864 1105 954 1158 μετὰ
976 1105 1036 1153 ἔτη
1058 1102 1086 1159 ρ’

51 1166 128 1204 huc
147 1167 370 1218 irruperint.
395 1170 471 1205 Pro
492 1166 550 1204 ἐπὶ
573 1168 636 1213 τ’ἧς
658 1165 747 1204 Ἰων.
767 1167 828 1204 ἀπ.
848 1165 952 1204 haud
971 1165 1088 1203 dubie

54 1225 299 1265 scribendum
320 1224 464 1279 ὕστερον
485 1227 548 1272 τῆς
567 1225 659 1264 Ἰων.
684 1226 761 1273 ἀπ.,
781 1233 825 1262 ut
859 1238 907 1263 ex
934 1233 1090 1262 antece-

55 1285 161 1323 denti
182 1293 220 1323 et
235 1299 285 1323 ex
300 1285 475 1336 sequenti
495 1285 709 1335 fragmento
725 1292 900 1335 apparet.

515 1348 565 1386 54
595 1362 630 1389 a.

110 1409 226 1447 Clem.
247 1408 356 1446 Alex.
377 1410 518 1445 Strom.
541 1407 573 1456 Ι,
592 1421 630 1458 p.
667 1408 741 1446 326
766 1405 895 1457 Sylb.:
916 1404 1003 1445 Ἀπὸ
1021 1407 1090 1444 τῶν

56 1468 230 1520 Τρωϊκῶν
250 1465 308 1504 ἐπὶ
330 1465 394 1513 τὴν
414 1464 577 1519 Ὁμήρου
602 1464 751 1517 γένεσιν,
772 1466 863 1504 κατὰ
876 1463 1091 1518 Φιλόχορον,

57 1523 181 1564 ἑκατὸν
199 1524 414 1578 ὀγδοήκοντα
434 1523 496 1572 ἔτη
519 1524 672 1577 γίνεται,
693 1523 835 1578 ὕστερον
853 1525 916 1570 τῆς
936 1523 1094 1570 Ἰωνικῆς

57 1583 229 1628 ἀποικίας.

512 1644 562 1683 54
592 1642 632 1681 b.

113 1706 259 1746 Gellius
290 1709 361 1753 ΙΙΙ,
398 1720 459 1754 11,
491 1706 544 1744 ait
564 1719 572 1742 ε
592 1707 713 1755 Super
728 1715 840 1743 oetate
860 1709 1013 1743 Homeri
1041 1715 1097 1743 at*

59 1781 131 1817 que
156 1766 308 1803 Hesiodi
319 1778 393 1801 non
410 1769 650 1810 consentitur3
666 1768 735 1801 alii
751 1768 952 1802 Homerum
983 1779 1095 1814 quam

59 1827 261 1864 Hesiodum
290 1829 470 1872 majorem
502 1834 593 1862 natu
616 1824 742 1873 fuisse
785 1828 1020 1874 scripserunt,
1060 1830 1097 1861 in

61 1890 164 1935 queis
179 1883 420 1921 Philochorus
432 1893 471 1920 et
485 1884 750 1933 Xenophanes.

524 1941 574 1982 54
605 1956 636 1979 c.

117 2006 326 2041 Grammat.
343 2009 419 2039 vet.
439 2015 500 2053 ap.
520 2001 804 2054 Schellenberg.
825 2001 1041 2042 Antimach.
1062 2015 1099 2053 p.

71 2066 160 2111 114,
183 2057 490 2111 59εἈναξιμένης
530 2058 591 2097 καὶ
623 2059 818 2111 Δαμάστης
831 2060 894 2100 καὶ
927 2060 1102 2115 Πίνδαρος

65 2120 152 2159 Χῖον
172 2118 230 2157 τὸν
247 2117 410 2172 “Ὀμηρον
429 2117 681 2171 ἀποφαίνονται
749 2118 949 2173 Φιλόχορος
966 2118 1003 2158 δὲ
1022 2120 1103 2175 Ἀρ-

66 2193 170 2229 γειον.

516 2242 661 2254 *-

473 2286 628 2326 LIBER
652 2287 724 2325 ΙΙΙ.

121 2344 238 2383 Liber
272 2345 407 2382 tertius
445 2345 649 2396 complecti
685 2345 842 2383 videtur
877 2358 998 2383 annos
1036 2345 1107 2384 du-

70 2412 201 2442 centos
220 2403 358 2454 viginti
390 2404 483 2451 duo,
505 2417 527 2441 a
544 2407 710 2442 Creonte
730 2405 913 2442 archonte
934 2405 1104 2456 (Olymp.

70 2465 214 2510 XXIV,
237 2461 276 2514 3)
294 2476 413 2514 usque
430 2463 478 2501 ad
493 2464 649 2514 Olymp.
664 2464 831 2511 LXXX,
860 2478 896 2516 1,
911 2477 988 2514 quo
1005 2476 1106 2502 anno

73 2541 201 2551 ,-.-.

562 2582 625 2614 53.

89 2680 93 2684 .
117 2653 296 2685 Homerum
308 2653 438 2693 poetam
451 2654 526 2684 ante
540 2652 783 2685 Heraclidarum
802 2654 943 2686 reditum
960 2654 1110 2689 floruisse

78 2698 201 2739 dicunt,
218 2701 256 2731 ut
269 2700 393 2738 Grates,
411 2699 591 2732 secundum
607 2701 855 2733 Eratosthenem
871 2704 1001 2734 centum
1018 2703 1111 2736 annis

78 2748 153 2788 post
165 2755 312 2779 eversam
325 2747 468 2787 Trojam‚
484 2747 605 2779 secund
611 2756 666 2779 um
679 2748 902 2780 Aristarchum
915 2758 954 2781 eo
967 2752 1112 2792 tempore

81 2802 146 2834 quo
159 2793 268 2826 Ionica
283 2794 411 2826 colonia
429 2794 570 2826 deducta
583 2796 652 2833 est,
674 2795 868 2827 Philochoro
887 2798 1019 2829 auctore
1040 2799 1114 2839 post

81 2839 253 2872 deductam
272 2841 414 2873 Ionicam
443 2841 615 2881 coloniam,
633 2842 788 2874 archonte
801 2843 975 2884 Archippo,
994 2853 1058 2876 uuo
1074 2854 1115 2877 ex

82 2887 291 2920 archontibus
311 2888 344 2919 in
360 2892 554 2929 perpetuum
575 2889 710 2929 creatis,
727 2894 799 2930 post
816 2898 962 2923 eversam
985 2893 1114 2934 Trojam

83 2934 175 2967 annis
190 2937 323 2967 centum
334 2936 508 2977 octoginta.

546 3012 595 3045 54
623 3018 656 3045 a.

128 3081 155 3110 A
186 3080 387 3120 temporibus
427 3081 574 3122 Trojanis
620 3091 725 3123 usque
754 3083 795 3115 ad
823 3086 931 3116 ortum
972 3086 1117 3125 Homeri,

87 3133 128 3157 ex
141 3126 321 3158 Philochori
346 3127 479 3168 quidem
495 3129 670 3168 sententia,
688 3134 918 3172 computantur
940 3136 1072 3165 centum
1086 3136 1119 3166 et

89 3172 251 3213 octoginta
266 3173 340 3205 anni
359 3176 434 3215 post
448 3176 593 3207 Ionicam
608 3176 781 3209 deductam
797 3179 970 3212 coloniam.

551 3254 600 3287 54
629 3259 663 3287 c.

136 3325 371 3365 Anaximenes,
403 3329 577 3360 Damastes
599 3330 631 3360 et
659 3329 820 3362 Pindarus
843 3332 1020 3363 Homerum
1050 3340 1120 3363 esse

96 3370 213 3404 Chium
232 3372 405 3414 declarant,
424 3375 634 3408 Philochorus
648 3385 725 3409 vero
740 3385 816 3410 eum
830 3386 903 3410 esse
919 3377 1086 3416 Argivum.

2089 126 2162 159 393

1138 212 1327 263 Areopagi
1351 209 1558 248 auctoritas
1589 220 1698 259 paene
1719 206 1869 245 sublata
1896 214 1953 245 est
1987 208 2168 257 gravissi-

1140 282 1317 320 mamque
1342 267 1563 319 respublica
1585 265 1704 304 subiit
1723 265 1984 304 mutationem.
2015 269 2074 303 Ex
2095 266 2170 304 hoc

1140 328 1241 365 enim
1264 327 1366 365 libro
1387 334 1511 364 sumta
1543 334 1648 373 sunt,
1669 338 1751 376 quae
1775 332 1982 362 narrantur
2006 325 2053 362 de
2078 323 2171 379 ὅρκῳ

1140 385 1225 439 πρὸς
1243 386 1329 439 λίθῳ
1349 400 1371 424 a
1393 386 1533 425 Solone
1548 384 1694 423 sancito
1714 383 1773 435 (fr.
1810 382 1888 432 65),
1924 383 1972 421 de
2002 384 2172 434 Hippar-

1141 445 1213 482 cho
1245 445 1305 497 (fr.
1337 445 1417 495 67),
1449 444 1496 482 de
1532 443 1653 481 demis
1697 456 1720 481 a
1757 442 1949 482 Clisthene
1986 442 2172 480 institutis

1144 502 1205 552 (fr.
1241 517 1287 550 71
1333 502 1447 554 sqq.)‚
1483 502 1531 540 de
1561 502 1748 540 Mercurii
1782 509 1906 540 statua
1918 501 1960 539 in
1987 501 2073 539 soro
2088 501 2172 538 col-

1143 561 1280 609 locata,
1317 561 1469 612 Olymp.
1505 564 1672 608 LXXII,
1695 574 1717 598 2
1743 561 1803 613 (fr.
1830 562 1878 598 82
1903 575 1913 604 ς
1951 560 1998 598 cf.
2020 559 2171 599 Boeckh.

1144 633 1181 671 p.
1222 618 1283 671 14)
1307 649 1317 668 ‚
1358 620 1405 658 de
1436 620 1625 658 Theorico
1674 628 1761 658 ante
1795 620 1950 671 Olymp.
2006 621 2175 666 LXXX,

1150 692 1188 727 1,
1222 692 1243 716 a
1277 679 1424 716 Pericle
1456 680 1667 717 constituto
1704 679 1765 731 (fr.
1797 679 1867 725 853
1897 679 1945 716 cf.
1982 679 2175 717 Plutarch.

1144 737 1277 775 Pericl.
1297 751 1330 775 c.
1350 742 1402 788 9),
1423 737 1471 775 de
1492 738 1641 776 AEthaea
1660 738 1769 787 urbe,
1787 751 1873 790 quae
1888 738 1929 775 in
1950 738 2178 776 Helotarum

1147 797 1370 845 rebellione,
1393 798 1550 849 Olymp.
1574 801 1743 837 LXXIX
1775 800 1885 844 facta,
1899 798 2060 849 alicujus
2088 811 2176 836 mo-

1146 858 1264 896 menti
1326 866 1407 896 erat
1443 858 1456 909 (
1478 858 1524 894 fr.
1567 857 1636 905 873
1680 858 1728 895 cf.
1775 857 1946 908 Thucyd.
1973 860 1992 895 I
2010 886 2020 904 ‚
2063 870 2130 894 101
2154 855 2178 905 ).

1146 916 1335 968 Lysandri
1369 916 1577 954 citharistae
1606 916 1860 955 Philochorus
1890 917 1929 954 in
1959 916 2036 954 hoc
2077 915 2179 953 libro

1147 976 1364 1014 meminisse
1386 974 1551 1022 videtur,
1581 974 1650 1012 ubi
1670 974 1719 1012 de
1737 976 2077 1013 Panathenaeorum
2096 988 2181 1012 cer-

1148 1034 1355 1073 taminibus
1375 1033 1531 1071 musicis
1562 1046 1585 1071 a
1610 1033 1749 1072 Solone
1771 1034 1954 1072 institutis
1970 1034 2031 1072 vel
2049 1033 2117 1072 ubi
2133 1033 2182 1071 de

1146 1094 1247 1132 ludis
1266 1093 1424 1143 Pythiis,
1450 1100 1538 1142 post
1564 1093 1733 1144 primum
1761 1091 1905 1130 bellum
1936 1106 2085 1131 sacrum
2119 1093 2183 1130 in-

1149 1153 1341 1201 stauratis,
1356 1151 1564 1190 dicendum
1585 1160 1679 1190 erat.

1412 1222 1475 1260 55.
1505 1221 1677 1273 [Olymp.
1698 1222 1852 1267 XXIII,
1871 1223 1926 1271 4.]

1203 1292 1344 1332 Strabo
1362 1295 1467 1339 VIII,
1486 1305 1525 1343 p.
1549 1291 1622 1339 557
1646 1291 1740 1329 Alm.
1772 1290 1865 1343 (175
1885 1290 2044 1341 Tzsch.)‚
2073 1298 2185 1340 post-

1151 1365 1267 1402 quam
1297 1351 1408 1398 dixit,
1431 1354 1631 1401 Tyrtaeum
1650 1351 1690 1388 in
1716 1349 1906 1388 Eunomia
1936 1348 2117 1397 scribere,
2148 1361 2188 1385 se

1152 1410 1294 1448 Erineo
1327 1410 1543 1461 profectum
1588 1423 1671 1447 esse
1705 1409 1745 1446 in
1782 1409 2104 1459 Peloponnesum,
2135 1407 2189 1444 ita

1155 1471 1282 1521 pergit
1297 1484 1305 1506 z
1320 1469 1438 1508 ‘'sse-*te
1456 1468 1479 1516 ἢ
1499 1472 1611 1507 ταῦτα
1631 1467 1812 1522 ἠκύρωται
1836 1467 1881 1506 τὰ
1899 1468 2032 1519 ἐλεγεῖα
2045 1465 2093 1514 ,ἢ
2114 1468 2190 1506 Φι-

1152 1526 1291 1581 λοχόρῳ
1311 1527 1520 1575 ἀπιστητέον
1535 1526 1594 1565 καὶ
1612 1525 1843 1566 Καλλισθένει
1863 1526 1923 1565 καὶ
1939 1525 2057 1569 ἄλλοις
2074 1524 2191 1563 πλείορ

1155 1601 1209 1624 σιν
1230 1587 1400 1635 εἰποῦσιν,
1431 1585 1466 1630 ἐξ
1498 1585 1650 1632 Ἀθηνῶν
1682 1583 1745 1623 ’καὶ
1778 1585 1944 1638 Ἀφιδνῶν
1983 1582 2191 1637 ἀφικέσθαι,

1156 1643 1346 1692 δεηθέντων
1358 1643 1644 1695 Λακεδαιμονίων
1662 1642 1754 1682 κατὰ
1772 1643 1932 1698 χρησμὸν
1943 1674 1953 1693 ,
1971 1642 2006 1687 ὃς
2025 1642 2192 1681 ἐπέταττε

1156 1703 1242 1756 παρ’
1265 1702 1456 1750 Ἀθηναίων
1478 1702 1600 1741 λαὸεῖν
1617 1701 1787 1754 ἡγεμόνα.

1640 1774 1705 1811 56.

1213 1845 1354 1883 Athen.
1372 1847 1479 1890 XIV,
1493 1856 1574 1894 7‚p.
1588 1843 1738 1891 630,F:
1751 1843 1797 1882 Οἱ
1815 1841 1979 1885 Λάκωνες
1999 1826 2034 1880 ἐν
2045 1847 2117 1885 τοῖς
2133 1857 2196 1880 πο-

1159 1902 1279 1954 λέμοις
1306 1900 1352 1941 τὰ
1370 1901 1548 1956 Τυρταίου
1570 1900 1754 1953 ποιήματα
1777 1899 2123 1952 ἀπομνημονεύοντες
2144 1900 2198 1939 εὔ-

1162 1965 1291 2016 ρυθμον
1311 1961 1448 2008 κίνησιν
1471 1965 1664 1999 ποιοῦνται.
1700 1959 1897 2014 Φιλόχορος
1918 1959 1955 1999 δέ
1976 1975 2084 2013 φησι,
2103 1975 2194 2014 κρα-

1161 2022 1338 2070 τήσαντας
1356 2020 1657 2073 Λακεδαιμονίους
1686 2021 1898 2068 Μεσσηνίων
1924 2020 1981 2059 διὰ
2012 2020 2077 2068 τὴν
2098 2023 2198 2073 Τυρ-

1162 2081 1261 2121 ταίου
1277 2080 1505 2135 στρατηγίαν,
1523 2082 1558 2119 ἐν
1575 2086 1652 2124 ταῖς
1668 2080 1866 2134 στρατείαις
1883 2079 1956 2122 ἔθος
1971 2079 2198 2128 ποιήσασθαι,

1164 2139 1205 2179 ἂν
1224 2138 1562 2186 δειπνοποιήσωνται
1582 2138 1641 2177 καὶ
1660 2138 1905 2188 παιονίσωσιν,
1929 2139 2023 2192 ᾄδειν
2044 2139 2122 2177 καθ’
2139 2137 2199 2176 ἕνα

1165 2199 1365 2254 Τυρταίου,
1394 2198 1522 2252 κρίνειν
1551 2197 1587 2236 δὲ
1612 2198 1669 2237 τὸν
1693 2197 1919 2251 πολέμαρχον
1939 2198 1999 2237 καὶ
2022 2191 2126 2236 ἆθλον
2147 2198 2200 2235 δι-

1166 2258 1263 2299 δόναι
1285 2262 1335 2313 τῷ
1353 2260 1495 2297 νικῶντι
1518 2256 1632 2311 κρέας.

1439 2333 1503 2373 57.
1534 2335 1704 2386 [Olymp.
1723 2338 1856 2382 XLVI,
1877 2334 1929 2386 3.]

1221 2402 1355 2443 Suidas
1381 2417 1416 2440 v.
1444 2402 1677 2455 Σεισάχθειαε
1696 2402 1908 2456 Χρεωκοπία
1936 2402 2112 2453 δημοσίων
2141 2401 2201 2440 καὶ

1168 2463 1366 2508 ἰδιωτικῶν,
1387 2461 1431 2508 ἢν
1460 2461 1675 2513 εἰσηγήσατο
1706 2460 1842 2501 Σόλων.
1872 2460 2022 2514 Εἴρηται
2057 2461 2093 2498 δὲ
2118 2460 2201 2513 παρ’

1563 2574 1716 2612 LIBER
1744 2575 1815 2612 III.

1216 2679 1357 2712 Proinde
1371 2681 1429 2711 aut
1449 2679 1499 2711 his
1514 2678 1663 2712 versibus
1679 2678 1711 2709 in
1725 2678 1821 2719 elegis
1853 2677 2025 2709 auctoritas
2052 2677 2204 2717 derogata

1171 2725 1244 2766 fuit,
1261 2728 1318 2758 aut
1336 2726 1417 2758 fides
1439 2726 1645 2764 Philochoro,
1668 2724 1857 2757 Callistheni
1875 2723 2009 2764 aliisque
2031 2723 2203 2764 compluri-

1171 2773 1233 2805 bus
1255 2773 1402 2805 habenda
1426 2782 1492 2804 non
1513 2775 1581 2811 est,
1604 2774 1661 2812 qui
1684 2781 1758 2804 eum
1781 2770 1916 2803 Athenis
1941 2773 2037 2811 atque
2053 2771 2204 2811 Aphidna

1171 2821 1377 2854 tradiderunt
1386 2820 1515 2852 venisse
1528 2819 1847 2852 Lacedaemoniorum
1858 2820 1984 2858 rogatu,
1996 2818 2126 2850 oraculo
2136 2819 2203 2859 Jus-

1172 2877 1282 2900 sorum
1297 2868 1413 2900 ducem
1429 2867 1469 2898 ab
1485 2866 1734 2899 Atheniensibus
1752 2874 1891 2897 sumere.

1215 2960 1454 2994 Lacedaemonii
1477 2960 1511 2991 in
1526 2959 1619 2991 bellis
1635 2959 1780 2991 carmina
1796 2959 1916 2999 Tyrtaei
1931 2959 2124 3000 recitantes,
2146 2968 2203 2992 nu-

1176 3017 1301 3040 meroso
1315 3016 1412 3048 passu
1433 3006 1632 3047 gradiuntur.
1652 3005 1863 3038 Philochorus
1887 3015 1964 3039 vero
1979 3007 2042 3047 ait,
2057 3007 2204 3040 Lacedae-

1175 3055 1314 3092 monios,
1328 3055 1498 3094 postquam
1510 3053 1593 3085 duce
1602 3055 1731 3093 Tyrtaeo
1747 3053 1923 3086 Messenios
1940 3057 2155 3095 superassent,
2169 3056 2203 3088 in

1174 3100 1433 3142 expeditionibus
1453 3099 1576 3132 bellicis
1599 3109 1722 3132 morem
1743 3100 1938 3142 instituisse,
1958 3104 2004 3141 ut,
2022 3111 2113 3134 coena
2133 3112 2202 3144 per-

1177 3151 1259 3185 acta,
1281 3149 1313 3179 et
1326 3147 1496 3178 decantato
1503 3146 1636 3186 hymno,
1650 3147 1767 3188 singuli
1774 3150 1925 3181 canerent
1938 3149 2056 3189 Tyrtaei
2070 3149 2203 3191 aliquod

1177 3203 1319 3232 carmen,
1335 3193 1436 3234 Judex
1452 3195 1560 3224 autem
1579 3195 1666 3227 esset
1680 3194 1922 3235 Polemarchus‚
1939 3197 1972 3228 et
1987 3195 2100 3229 victori
2122 3205 2203 3238 prae-

1177 3241 1280 3272 mium
1298 3240 1388 3272 daret
1400 3248 1540 3272 carnem.

1220 3333 1415 3375 Σεισάχθεια.
1441 3354 1483 3359 —
1512 3335 1672 3367 Remissio
1699 3335 1884 3369 debitorum
1907 3338 1973 3369 tam
2001 3337 2203 3379 publicorum

1180 3389 1277 3421 quam
1294 3381 1494 3421 privatorum
1507 3406 1516 3422 ,
1532 3391 1631 3423 quam
1651 3382 1833 3416 introduxit
1849 3383 1957 3417 Solon.
1980 3385 2072 3417 Dicta
2087 3387 2137 3418 est
2151 3393 2204 3417 au·
