2320 3684
818 113 1098 156 HELLANICI
1126 119 1459 165 FRAGMENTA.

550 196 632 235 143.

125 269 266 309 Euseb.
289 272 411 319 Praep.
434 280 567 318 evang.
587 270 648 313 X,
678 280 740 314 12,
762 280 800 318 p.
823 269 915 318 498,
931 269 1102 309 ΒεΚατὰ

71 329 112 369 τὸ
131 327 432 368 ὀκτωκαιδέκατον
452 325 527 370 ἔτος
547 327 609 372 τῆς
628 324 884 377 Ἀγαμέμνονος
911 328 1101 379 βασιλείας,

6 385 10 388 ⁴
69 386 179 428 Ἴλιον
204 386 311 435 ἑάλω,
339 386 576 438 Δημοφῶντος
596 387 658 422 τοῦ
683 383 833 432 Θησέως
860 385 1102 437 βασιλεύοντος

70 445 236 494 Ἀθήνησι
262 447 313 499 τῷ
332 443 460 497 πρώτῳ
476 441 562 491 ἔτει,
588 444 841 498 Θαργηλιῶνος
860 459 969 495 μηνος
986 445 1102 484 δευτέ-

70 520 114 559 ρᾳ
131 505 189 544 ἐπὶ
209 503 315 550 δέκα,
333 501 380 547 ὥς
396 517 482 556 φησι
500 500 679 547 Διονύσιος
693 504 710 541 ὁ
726 501 887 556 Ἀργεῖος.
967 502 1102 542 Ἑλλά-

67 578 185 614 νικος,
209 560 388 613 δωδεκάτῃ
408 561 674 614 Θαργηλιῶνος.

119 622 224 660 Idem
249 633 293 659 ex
318 620 518 659 Hellanico
538 621 657 659 tradit
671 621 787 659 etiam
802 622 977 660 Clemens
990 623 1099 661 Alex.

67 682 207 719 Strom.
229 682 266 726 1,
287 692 324 730 p.
350 679 442 724 321,
462 682 565 717 D.—

538 770 625 808 144.

116 846 242 881 Tzetz.
262 841 459 881 Posthom.
486 842 717 889 768—780:

208 923 303 960 Μῆνα
318 921 352 953 δὲ
366 921 426 960 ἤδη
446 920 546 963 ἐρείω,
563 920 648 964 ἦμάρ
665 923 693 954 τ’
709 922 764 961 ἠδέ
785 933 819 955 τε
832 923 916 966 ὥρην

207 967 408 1011 οἷκτροτάτου
419 968 621 1009 λυκάὸαντος,
634 969 667 1006 ὃς
680 969 778 1011 ἄλγεα
793 970 909 1008 θήκατο
925 971 1030 1015 Τροίῃ.

208 1015 377 1054 Δωδεκάτη
397 1016 452 1056 μὲν
467 1015 520 1054 ἔην
535 1015 630 1057 μηνὸς
647 1018 878 1059 Θαργηλιῶνος,

206 1062 260 1095 τόν
277 1064 303 1105 ῤ’
320 1062 491 1106 Αἰωνάριον
505 1063 669 1102 κικλήσκει
686 1064 741 1106 μὲν
765 1065 928 1106 Λογγῖνος·

206 1109 412 1152 Ἰαννουάριον
425 1110 452 1141 δ’
468 1109 570 1153 ἀνέρες
583 1109 693 1147 πάντες
708 1111 867 1144 καλέουσι.

204 1156 268 1193 Νὺξ
289 1156 316 1188 δ’
328 1156 376 1199 ἄρ’
395 1156 448 1195 ἔην
465 1157 580 1198 μέσση,
596 1157 721 1200 λαμπρῆ
738 1158 764 1189 δ’
781 1158 922 1191 ἐπέτελλε
936 1159 1062 1200 σελήνη,

205 1205 358 1246 παρθένου
373 1204 542 1237 εἷσελάασα
556 1204 669 1248 δρόμον
687 1205 868 1247 μεγάλοισιν
883 1206 914 1238 ἐν
934 1206 1070 1250 ἄστροις,

204 1251 310 1290 ἠελίου
326 1251 402 1293 ἀμφ’
418 1251 587 1295 Αἶγόκερον
604 1252 725 1295 Κρόνου
738 1253 825 1285 οἶκον
841 1253 955 1291 ἐόντος.

204 1300 372 1332 Καλλιστὼ
383 1300 409 1332 δ’
426 1300 521 1342 ἱέρεια
534 1301 668 1338 κλειναῖς
690 1301 727 1341 ἦν
747 1302 778 1334 ἐν
801 1302 938 1341 Ἀθήναις

206 1348 405 1391 οἷκτροτάτου
422 1348 557 1390 μεγάλου
572 1350 773 1388 λυκάὸαντος.
793 1352 889 1393 Κείνῃ
904 1353 936 1384 ἐν
952 1353 1030 1396 ὥρῃ,

205 1395 292 1437 κείνῃ
305 1397 406 1435 νυκτὶ,
423 1397 441 1428 ὁ
456 1397 590 1434 Λέσὸιος
604 1398 783 1435 Ἑλλάνικος
805 1398 901 1431 ἀείδει
918 1422 928 1439 ,

205 1442 263 1474 σὺν
284 1445 330 1484 τῷ
351 1444 405 1475 καὶ
422 1445 531 1486 Δοῦρις
542 1466 551 1483 ,
569 1444 682 1487 Τροίαν
698 1445 791 1477 ἑλέειν
805 1447 1018 1488 Παναχαιοὺς,

205 1489 314 1522 οἴκαδέ
328 1491 356 1522 τ’
369 1490 525 1532 ἐλθέμεναι
538 1492 648 1534 λυγρὸν
660 1493 714 1526 τὸν
730 1492 840 1525 νόστον
858 1494 989 1532 ἰδόντας.

560 1550 623 1588 45.

111 1610 253 1650 strabo
289 1614 350 1661 13,
374 1626 412 1663 p.
443 1550 550 1651 6021:
576 1613 785 1659 Ἑλλάνικος
804 1615 844 1655 δὲ
865 1617 1094 1670 χαριζόμενος

56 1665 128 1713 τοῖς
147 1668 320 1718 Ἰλιεῦσιν,
340 1663 409 1714 οἷος
425 1673 444 1709 ὁ
459 1669 591 1709 ἐκείνου
609 1675 715 1723 μῦθος
729 1703 739 1721 ,
759 1680 943 1728 συνηγορεῖ
959 1677 1010 1730 τῷ
1029 1675 1093 1723 τὴν

56 1725 166 1775 αὐτὴν
196 1721 284 1767 εἶναι
309 1728 411 1767 πόλιν
434 1729 499 1777 τὴν
527 1733 587 1768 νῦν
617 1733 662 1784 τῇ
688 1730 780 1770 τότε.
810 1734 954 1772 Eadem
975 1735 1094 1774 habet

55 1788 230 1826 Eustath.
252 1788 300 1826 ad
332 1789 378 1828 ΙΙ.
402 1790 445 1836 Δ,
465 1802 504 1840 p.
523 1791 610 1835 460.

527 1859 615 1898 146.

107 1923 263 1960 Tzetzes
282 1921 321 1960 in
335 1922 645 1972 Posthomericis,
660 1925 705 1962 13
721 1925 878 1976 sqq.‚de
888 1926 1090 1965 Penthesi—

61 1980 132 2018 lea:

196 2077 305 2109 Ταῦτα
321 2078 375 2119 μὲν
397 2077 452 2110 ὧδ’
471 2079 489 2110 ὁ
505 2078 635 2117 Κόϊντος
650 2081 711 2118 ἑοῖς
726 2080 873 2114 ἐπέεσσιν
892 2081 1000 2114 ἀείδει.

198 2124 387 2165 Ἑλλάνικος,
404 2126 524 2164 Λυσίας
539 2127 573 2159 δὲ
584 2128 638 2159 καὶ
651 2128 738 2160 ἄλλοι
753 2128 858 2171 ἄνδρες
872 2128 984 2170 ἀγαυοὶ

197 2171 267 2212 φὰν,
291 2172 381 2204 ἕνεκα
396 2174 542 2216 σφετέρης
559 2174 667 2217 ἀρετῆς
682 2175 828 2214 ἐπιήλυθε
839 2177 950 2219 Τροίῃ,

197 2219 289 2256 κῦδος
304 2219 476 2260 ἀεξήσασα,
494 2221 579 2259 ὅπως
594 2233 627 2254 τε
645 2222 773 2264 γάμοισι
789 2224 903 2265 μιγείη.

196 2266 272 2303 Ταῖς
286 2266 345 2309 γὰρ
354 2266 503 2299 ἀπαίσιόν
519 2268 586 2300 ἐστι
608 2270 683 2312 παρ’
698 2269 828 2313 ἀνδράσι
844 2272 974 2312 βήμεναι
988 2271 1073 2313 εὐνῇ,

196 2312 224 2343 εἰ
247 2313 289 2353 μὴ
303 2313 358 2353 μὲν
373 2314 555 2355 πολέμοισιν
574 2315 790 2358 ἀριστήσωσιν
801 2318 853 2349 ὑπ’
866 2318 987 2360 ἄνδρας.

195 2358 265 2395 Τὼς
282 2359 337 2400 μὲν
351 2361 569 2394 Πενθεσιλείαν
585 2362 708 2404 ἐλθέμεν
724 2364 784 2405 οἵγ’
797 2364 946 2406 ἐρέουσιν.

2138 145 2189 180 65

1213 209 1347 246 Sturz:
1365 213 1434 249 «V.
1461 212 1522 263 15,
1542 225 1615 263 pro
1642 213 1807 262 ἐπιήλυθε
1835 218 1964 256 malim
1983 220 2187 269 ἐπελήλυθε.

1160 267 1206 301 V.
1238 267 1298 313 18,
1323 281 1396 318 pro
1425 271 1662 323 ἀριστήσωσιν
1686 274 1746 312 ὑπ’
1765 275 1892 330 ἄνδρας
1918 281 2188 330 reponendum

1166 331 1297 372 putem
1318 327 1570 378 ἀριστεύσωσιν
1585 331 1641 369 ἐπ’
1656 332 1794 386 ἄνδρας.
1809 335 1934 375 Etiam
1949 336 2128 386 ἀεξήσασα
2152 354 2187 379 v.

1164 381 1209 417 16
1231 387 1459 424 mutaverim
1479 388 1518 425 in
1533 388 1738 437 ἀεξήσουσα.
1751 409 1767 427 »

1212 441 1272 478 Ad
1285 444 1423 482 Troica
1440 446 1639 487 referenda
1652 450 1831 490 videntur
1846 453 1960 492 etiam
1974 468 2126 507 ea,quae
2142 458 2189 495 de

1158 500 1332 549 Dactylis
1362 503 1472 542 Idaeis
1485 519 1530 543 ex
1549 509 1746 549 Hellanico
1769 521 1898 551 narrat
1914 514 2040 554 Schol.
2070 517 2189 567 Apol-

1158 556 1235 594 lon.
1266 559 1338 597 Rh.
1358 563 1395 608 1,
1415 577 1429 599 1
1444 577 1527 613 129.
1544 567 1640 605 Vide
1660 569 1865 621 Pherecyd.
1889 572 1934 611 fr.
1954 588 1988 621 7.

1530 753 1826 826 ‹DOINIKIKAJ

1210 883 1278 920 Ge.
1302 882 1501 923 Cedrenus
1520 886 1559 923 in
1585 890 1751 941 Synopsi
1776 892 2023 935 historiarum
2049 900 2124 938 vol.
2153 915 2187 948 1,

1155 952 1194 991 p.
1219 954 1279 987 11,
1299 943 1329 980 C
1343 942 1404 980 ed.
1426 944 1544 983 Paris.
1566 947 1677 995 1647.
1698 949 1763 989 fol.
1781 965 1789 987 :
1812 953 1858 991 Οἱ
1881 953 1917 992 δὲ
1935 954 1980 993 τὰ
1998 958 2187 998 Φοινικικὰ

1155 998 1455 1053 συγγραψάμενοι,
1476 1002 1640 1050 Ἡσίοδός
1655 1021 1694 1044 τε
1712 1007 1774 1046 καὶ
1793 1008 1998 1062 Ἑκαταῖος,
2016 1014 2187 1055 Ἑλλάνι-

1155 1058 1301 1106 κος,καὶ
1319 1062 1338 1098 ὁ
1349 1059 1739 1118 Ἀκουσίλαος,’Έφορός
1751 1082 1790 1106 τε
1804 1068 1865 1106 καὶ
1881 1070 2063 1117 Νικόλαος.
2083 1077 2185 1114 «Sed

1154 1125 1338 1156 utverum
1356 1119 1492 1170 fatear,
1507 1122 1601 1161 mihi
1616 1125 1772 1174 quidem
1790 1135 1892 1166 totus
1906 1130 2066 1170 Cedreni
2081 1133 2188 1172 locus

1154 1176 1262 1214 nullo
1280 1178 1399 1216 modo
1418 1179 1495 1218 huc
1508 1194 1622 1231 posse
1640 1184 1778 1222 referri
1795 1186 1959 1226 videtur.
1980 1192 2188 1230 Desumtus

1155 1243 1212 1272 est
1227 1236 1344 1282 enim,
1363 1237 1430 1275 sed
1448 1239 1591 1289 passim
1610 1241 1749 1280 vitiose
1770 1245 1997 1296 exscriptus,
2017 1261 2065 1285 ex
2082 1253 2188 1287 Jose—

1154 1294 1222 1344 phi
1246 1295 1438 1335 Archaeol.
1466 1312 1499 1345 1,
1527 1304 1549 1343 4
1576 1309 1688 1349 extr.,
1706 1301 1774 1340 ubi
1793 1303 1875 1342 haec
1894 1305 2097 1356 leguntur:
2116 1309 2188 1347 Καὶ

1154 1352 1327 1393 Μανέθων
1353 1357 1371 1393 ὃ
1387 1354 1451 1403 τὴν
1465 1358 1534 1395 τῶν
1550 1359 1755 1410 Αἰγυπτίων
1775 1363 2014 1414 ποιησάμενος
2034 1367 2188 1420 ἀναγρα-

1156 1411 1238 1466 φὴν,
1255 1413 1316 1452 καὶ
1333 1415 1524 1468 Βηρωσσὸς
1547 1419 1565 1456 ὁ
1583 1417 1628 1456 τὰ
1656 1420 1845 1459 Χαλδαϊκὰ
1873 1422 2098 1475 συναγαγὼν,
2126 1426 2185 1463 καὶ

1153 1470 1286 1524 Μῶχός
1302 1488 1340 1511 τε
1356 1473 1415 1512 καὶ
1432 1474 1608 1520 Ἑστιαῖος
1622 1508 1632 1526 ,
1649 1477 1709 1516 καὶ
1729 1479 1815 1533 πρὸς
1833 1482 1947 1526 αὐτοῖς
1962 1485 1980 1520 ὁ
1994 1482 2186 1534 Αἰγύπτιος

1154 1528 1361 1583 Ἱερώνυμος
1374 1563 1384 1582 ,
1402 1534 1433 1571 οἱ
1455 1533 1500 1572 τὰ
1521 1535 1714 1576 Φοινικικὰ
1740 1538 2007 1592 συνταξάμενοι,
2036 1557 2187 1595 συμφω-

1151 1592 1248 1627 νοῦσι
1283 1596 1355 1636 τοῖς
1392 1592 1451 1631 ὑπ’
1488 1594 1575 1645 ἐμοῦ
1606 1595 1817 1649 λεγομένοις·
1850 1598 2010 1644 Ἡσίοδός
2046 1616 2097 1648 τε,
2126 1602 2187 1639 καὶ

1151 1647 1341 1695 Ἑκαταῖος
1359 1652 1421 1691 καὶ
1442 1652 1670 1704 Ἑλλάνικος,
1695 1657 1757 1696 καὶ
1783 1658 2006 1704 Ἀκουσίλαος
2090 1663 2185 1700 ἱστο-

1152 1712 1250 1762 ροῦσι
1268 1709 1348 1754 τοὺς
1367 1712 1536 1765 ἀρχαίους
1553 1714 1729 1762 ζήσαντας
1748 1715 1809 1764 ἔτη
1834 1717 1946 1770 χίλια.
1973 1720 2184 1766 Eusebius,

1151 1769 1218 1819 qui
1238 1770 1403 1809 eundem
1426 1772 1555 1810 locum
1579 1776 1774 1827 excerpsit
1793 1776 1845 1829 (v.
1879 1778 1925 1816 fr.
1960 1781 2183 1827 LXXXIX),

1151 1836 1291 1877 praeter
1310 1830 1416 1878 alias,
1437 1844 1524 1882 quae
1545 1846 1624 1871 non
1652 1829 1728 1873 huc
1761 1837 1983 1888 pertinent,
2006 1837 2182 1876 lectionis

1150 1886 1407 1935 diversitates,
1434 1899 1523 1941 post
1539 1890 1672 1944 Ἱερών.
1691 1893 1810 1932 habe-t
1832 1893 1868 1932 οῗ
1885 1911 1961 1934 τε.»
1986 1898 2109 1935 Sturz.

1531 2099 1806 2138 ΚΥΠΡΙΑΚΑ.

1620 2202 1707 2243 147.

1200 2293 1332 2344 steph.
1354 2296 1440 2344 Byz.
1461 2307 1469 2330 :
1490 2292 1698 2346 Καρπασία,
1727 2293 1828 2337 πόλις
1849 2293 2008 2348 Κύπρου,
2031 2294 2073 2341 ἣν
2099 2297 2172 2334 Πυ-

1145 2352 1304 2405 γμαλίων
1328 2351 1475 2401 ἔκτισεν,
1493 2354 1540 2396 ὣς
1573 2351 1782 2396 “Ἐλλάνικος
1802 2353 1837 2390 ἓν
1860 2358 1931 2396 τοῖς
1950 2356 2177 2407 Κυπριακοῖς.

91 2564 184 2596 Anno
206 2562 295 2604 regni
313 2515 717 2606 Agamemnoxliiffdecimo
734 2570 850 2601 octavo
875 2571 1008 2611 captum
1030 2573 1080 2603 est

49 2608 158 2651 Ilium,
175 2611 400 2652 Demophonte
412 2612 526 2645 Thesei
544 2613 611 2647 filio
626 2615 760 2649 Athenis
781 2619 951 2658 regnante,
974 2617 1079 2658 primo

49 2657 120 2697 ejus
134 2666 236 2697 anno,
254 2657 307 2691 die
318 2667 396 2691 vero
414 2660 638 2702 Thargelionis
657 2663 779 2696 mensis
797 2664 991 2696 duodecimo
1007 2688 1015 2704 ,
1040 2668 1078 2697 ut

48 2703 224 2747 Dionysius
244 2705 383 2746 Argivus
397 2709 510 2740 auctor
525 2711 574 2741 est
591 2720 598 2737 ε
671 2710 870 2752 Hellanicus,
886 2711 1078 2745 duodecimo

50 2749 279 2792 Thargelionis.

516 2828 602 2861 144.

90 2889 164 2921 Jam
177 2889 283 2922 dicam
297 2899 441 2924 mensem
457 2894 490 2925 et
503 2892 589 2926 diem
608 2896 641 2926 et
655 2894 769 2927 horam
786 2896 964 2929 tristissimi
980 2898 1074 2938 anni,

50 2935 106 2976 qui
118 2936 245 2970 dolores
258 2939 348 2972 dedit
361 2939 520 2980 Trojanis.
534 2941 754 2975 Duodecimus
767 2946 835 2976 erat
841 2945 965 2977 mensis
977 2945 1076 2977 Thar-

50 2981 194 3023 genonis,
211 2993 309 3025 quem
323 2986 511 3018 AEonarium
527 2987 606 3020 dicit
617 2989 784 3030 Longinus
800 2991 944 3032 quidem,
960 2994 1078 3024 Janua-

50 3027 134 3060 rium
162 3039 238 3063 vero
257 3041 370 3065 omnes
393 3033 539 3066 homines
564 3035 736 3076 appellant.
759 3038 831 3069 Nox
850 3040 918 3070 erat
943 3038 1052 3071 media
1065 3062 1074 3078 ‚

50 3075 218 3115 splendida
229 3078 306 3111 luna
320 3081 433 3112 exorta
457 3083 507 3113 est
531 3082 672 3123 Virginis
689 3092 785 3124 agens
801 3093 934 3116 cursum
950 3085 1075 3126 magnis

49 3120 81 3152 in
95 3123 201 3164 nstris,
217 3124 295 3157 dum
304 3126 357 3158 Sol
370 3127 412 3159 ad
424 3127 670 3169 Capricornum,
687 3130 786 3163 Croni
794 3131 941 3172 domum,
969 3140 1076 3164 versa-

51 3166 158 3200 batur.
176 3171 309 3204 Callisto
328 3182 406 3205 vero
422 3174 574 3206 sacerdos
590 3177 659 3207 erat
685 3176 781 3209 claris
801 3177 834 3208 in
851 3178 987 3210 Athenis
1010 3179 1078 3216 (Ar-

48 3222 107 3255 gis)
120 3216 307 3250 tristissimo
319 3219 374 3252 illo
386 3229 503 3261 magno
515 3230 611 3254 anno.
624 3222 684 3255 llla
695 3224 785 3263 hora,
803 3223 858 3256 illa
870 3227 964 3256 nocte
976 3224 1078 3256 Hella-

48 3261 140 3294 nicus
155 3263 290 3297 Lesbius
302 3268 421 3306 cantat,
434 3276 509 3300 cum
521 3277 625 3310 eoque
636 3269 731 3302 Duris
741 3271 883 3311 ,Trojam
895 3270 1019 3311 cepisse
1026 3272 1080 3302 Pa-

49 3310 209 3350 nacliaeos,
225 3311 423 3355 domumque
438 3316 607 3348 revertisse
617 3317 743 3349 tristem
763 3318 902 3350 reditum
916 3317 1074 3349 videntes.

204 3369 403 3401 ‘FRAGMENTA
425 3372 676 3405 Hts'romcomm.

1618 2517 1704 2550 145.

1184 2569 1370 2602 Hellanicus
1383 2568 1550 2602 Iliensium
1561 2568 1696 2609 gratiam
1711 2570 1844 2610 captans
1851 2577 1940 2600 more
1949 2576 2008 2600 suo
2019 2568 2166 2608 affirmat,

1139 2619 1300 2649 recentem
1316 2625 1393 2648 cum
1408 2615 1542 2656 antiqua
1558 2615 1672 2647 urbem
1688 2615 1824 2647 eandem
1844 2623 1923 2647 esse.

1610 2685 1698 2718 146.

1180 2744 1259 2775 Haec
1273 2742 1404 2783 quidem
1422 2742 1468 2774 ita
1483 2741 1623 2779 Quintus
1645 2742 1713 2774 suis
1735 2741 1931 2773 carminibus
1947 2741 2046 2773 canit.
2063 2741 2164 2774 Hella-

1136 2790 1231 2822 nicus
1243 2798 1322 2821 vero
1337 2792 1370 2821 et
1386 2788 1502 2830 Lysias
1518 2788 1637 2829 aliique
1649 2788 1710 2820 viri
1726 2788 1867 2820 celebres
1883 2787 1997 2819 dicunt
2011 2797 2019 2819 :
2033 2790 2163 2830 propter

1136 2836 1290 2869 virtutem
1306 2845 1397 2868 suam
1410 2835 1499 2868 venit
1511 2836 1639 2876 TroJam
1651 2858 1660 2874 ‚
1679 2837 1715 2866 ut
1738 2834 1871 2875 gloriam
1905 2836 2035 2874 augeret
2055 2837 2088 2867 et
2114 2845 2170 2868 nu-

1135 2883 1213 2924 ptiis
1240 2883 1406 2924 gauderet.
1435 2882 1503 2915 Illis
1532 2882 1620 2914 enim
1644 2881 1880 2922 inauspicatum
1903 2884 1954 2913 est
1982 2890 2057 2914 cum
2088 2883 2167 2915 viris

1136 2931 1372 2970 concumbere,
1398 2929 1460 2961 nisi
1482 2929 1574 2961 bellis
1608 2931 1720 2960 contra
1741 2928 1850 2960 hostes
1871 2928 2089 2962 inclaruerint.
2118 2932 2168 2963 Ita

1136 2978 1369 3010 Penthesileam
1384 2976 1430 3008 illi
1447 2976 1560 3008 dicunt
1575 2975 1701 3007 venisse
1713 2976 1853 3016 Trojam.

1513 3120 1782 3160 CYPRIACA.

1610 3209 1697 3243 147.

1179 3266 1347 3308 carpasia,
1367 3266 1444 3298 urbs
1473 3267 1590 3307 Cypri,
1608 3276 1705 3308 quam
1720 3267 1904 3308 Pygmalion
1934 3268 2090 3310 condidit,
2102 3277 2157 3301 au-

1138 3317 1225 3347 ctore
1238 3313 1402 3346 Hellanico
1424 3313 1456 3344 in
1475 3314 1653 3355 cypriacis.

1878 3381 1899 3412 5
