2320 3684
155 203 205 241 40

156 303 211 341 ρος
219 289 250 326 6
267 285 483 359 συγγραφενς
503 283 713 336 μνημονεύει
737 284 860 331 αὐτοῦ,
877 285 923 326 ὣς
947 283 1182 346 παλαιοτέρου

155 347 251 390 ὄντος
268 346 329 385 καὶ
344 344 523 399 Ἡροδότῳ
539 342 600 387 τὰς
618 341 780 396 ἀφορμὰς
799 341 1008 386 δεδωκότος·
1029 346 1048 382 6
1073 343 1104 381 δ’
1123 347 1182 382 οὖν

156 405 292 450 Ξάνθος
319 407 354 444 ἐν
393 408 437 456 τῇ
474 402 618 455 δευτέρα
648 403 718 440 τῶν
748 402 934 440 Λυδιακῶν
963 401 1183 455 Ἀδραμύτην

157 465 244 518 φησὶ
266 467 336 503 τῶν
360 464 483 502 Λυδῶν
514 459 663 513 βασιλέα
682 462 821 514 πρῶτον
840 467 1007 512 γυναῖκας
1027 461 1186 514 εὐνουχί-

157 540 281 572 σαντα,
296 524 447 576 χρῆσθαι
465 522 585 564 αὐταῖς
599 519 676 558 ἀντὶ
692 519 825 572 ἀνδρῶν
839 518 1023 572 εὐνούχων.

210 583 352 621 Eadem
388 580 486 631 Gygi
518 579 743 617 tribuuntur
782 592 845 629 ap.
881 580 1112 629 Hesychium
1147 587 1185 617 et

156 642 333 687 suidam,
351 640 418 691 qui
441 638 575 677 eodem
606 637 766 675 Xantho
787 646 945 676 auctore
975 651 1022 675 ex
1050 638 1183 676 eodem

157 700 256 738 libro
275 700 356 737 haec
374 699 414 736 in
429 697 598 735 medium
619 696 846 747 proferunt:
863 694 950 735 ’Ὅτι
968 697 1105 749 πρῶτος
1120 694 1187 734 Γύ-

157 775 219 810 γης
238 761 256 796 6
275 758 399 797 Λυδῶν
419 754 580 809 βασιλεὺς
602 759 769 806 γυναῖκας
782 753 994 806 εὖνούχισεν,
1010 753 1104 798 ὅπως
1123 756 1186 793 αὖ-

155 823 230 860 ταῖς
249 818 365 870 χρῷτο
383 815 436 853 ἀεὶ
455 813 665 859 νεαζούσαις.

210 877 271 914 Cr.
281 889 290 912 ε
305 894 316 907 «
329 879 455 922 Quam
465 887 547 912 rem
566 874 620 911 sic
634 872 808 923 expediri
823 886 938 924 posse
948 872 1186 911 arbitrantur

155 935 317 972 Vossius
329 937 387 971 De
401 933 535 970 histor.
550 935 617 970 Gr.
632 939 671 969 et
686 931 803 970 Sevin
824 932 865 968 in
889 931 1107 968 Recherclzes
1124 945 1190 968 sur

156 997 207 1031 les
228 998 298 1030 mis
332 994 378 1029 tle
396 993 534 1040 Lydz‘e,
556 990 768 1042 (Me'moires
794 992 840 1026 de
867 992 1007 1027 l’Acad.
1027 992 1092 1027 des
1115 994 1186 1027 1η-

154 1058 274 1102 script.
309 1061 402 1089 tom.
420 1051 482 1101 V),
499 1058 542 1088 ut
558 1049 738 1088 Xanthus
752 1048 904 1086 dicatur
917 1048 1092 1099 junxisse
1119 1062 1188 1087 va-

155 1112 230 1149 rias
245 1112 293 1149 de
309 1124 385 1148 una
396 1109 607 1159 eademque
620 1121 662 1146 re
680 1108 901 1154 sententias,
917 1121 1012 1158 quas
1026 1107 1072 1145 de
1083 1117 1188 1146 vete-

155 1186 241 1209 rum
261 1173 360 1209 fama
380 1170 588 1222 acceperit.
600 1168 794 1206 Meursius
809 1162 943 1205 contra
962 1168 1001 1204 in
1021 1168 1124 1205 notis
1138 1168 1186 1206 ad

153 1231 320 1280 Hesych.
343 1230 468 1268 Miles.
490 1242 528 1280 p.
559 1230 631 1275 176
661 1228 701 1264 in
722 1227 908 1264 alterutro
927 1227 1106 1264 mendam
1122 1227 1205 1264 in-‘

154 1303 237 1327 esse
255 1289 484 1340 suspicatur.
513 1291 600 1335 Qua
624 1287 673 1324 de
693 1300 734 1324 re
750 1285 1039 1323 difficultatibus
1062 1286 1188 1337 impe—

154 1348 247 1396 dita,
260 1357 303 1386 ut
320 1361 449 1386 meum
467 1347 551 1397 ipse
565 1345 754 1396 judicium
777 1345 1023 1395 interponam
1035 1374 1045 1392 ,
1062 1346 1187 1395 possis

154 1407 268 1445 etiam
293 1407 346 1444 ita
367 1405 570 1456 conjicere,
593 1412 634 1442 ut
649 1417 725 1442 non
753 1413 829 1441 tam
847 1403 960 1454 regis,
978 1417 1094 1454 quam
1114 1417 1186 1441 au—

155 1466 273 1503 ctoris
300 1478 441 1502 nomen
461 1464 501 1501 in
523 1463 720 1513 Hesychio
751 1462 911 1513 ejusque
932 1462 1187 1513 compilatore

154 1524 274 1562 Suida
286 1531 516 1574 corruptum
534 1522 653 1561 dicas.
667 1525 751 1560 Jam
774 1523 805 1560 si
819 1522 1005 1560 Λυδιακῶν
1022 1523 1188 1574 scripto-

154 1597 214 1621 res
233 1583 539 1633 circumspicias,
567 1582 756 1619 succurrit
789 1581 1002 1632 Xenophili
1030 1595 1186 1634 nomen,

154 1642 264 1692 cujus
281 1639 436 1683 Λυδικὰς
456 1642 613 1694 ἱστορίας
640 1641 773 1679 laudat
796 1644 1024 1691 Anonymus
1043 1642 1084 1679 in
1105 1650 1184 1680 tra-

151 1709 257 1737 ctatu
285 1701 331 1738 de
366 1699 607 1746 mulieribus,
631 1714 717 1751 quae
742 1700 847 1737 bello
883 1700 1105 1738 claruerunt
1131 1701 1185 1752 (in

152 1759 321 1795 Bibliotlz.
347 1761 384 1795 d.
418 1762 519 1796 alten
557 1762 632 1797 Lit.
659 1774 694 1797 α.
733 1762 858 1796 Kunst
879 1761 932 1803 11,
952 1759 1016 1810 3):
1037 1768 1079 1797 ut
1113 1760 1186 1810 igi-

153 1826 217 1855 tur
239 1819 303 1855 ille
324 1818 483 1856 fortasse
499 1820 644 1868 Gygem
662 1818 880 1869 prodiderit
903 1819 985 1868 ejus
1003 1815 1185 1870 nequitiae

151 1878 405 1914 inventorem.
419 1877 544 1915 Possis
555 1877 668 1914 etiam
685 1876 732 1914 de
751 1880 956 1927 Xenagora
970 1878 1184 1927 cogitare,a

151 1949 242 1985 quo,
258 1943 398 1986 praeter
412 1943 550 1983 cetera,
563 1935 704 1986 Lydias
718 1936 834 1973 etiam
852 1949 913 1973 res
928 1935 1087 1974 traditas
1103 1950 1185 1975 esse

151 1995 359 2032 verisimile
379 2003 446 2032 est.
471 2012 486 2029 »

203 2056 235 2091 E
250 2053 411 2091 Xantho
433 2053 553 2105 petita
581 2053 760 2091 videntur
776 2053 888 2092 etiam
910 2054 992 2092 haec
1023 2068 1086 2106 ap.
1111 2056 1183 2094 Ni-

151 2114 298 2151 colaum
315 2117 426 2151 Dam.
451 2127 490 2164 p.
515 2113 577 2160 50,
599 2126 681 2163 sqq.
707 2127 717 2149 :

203 2177 290 2217 εὈτι
306 2177 454 2228 Μάγνης
471 2171 513 2224 ἦν
531 2176 620 2230 ἀνὴρ
634 2178 852 2231 Σμυρναῖος,
868 2177 974 2222 καλὸς
989 2176 1053 2226 τὴν
1075 2177 1181 2228 ἰδέαν,

150 2236 239 2280 εἴτις
249 2236 309 2275 καὶ
318 2237 434 2283 ἄλλος,
443 2236 582 2283 ποιήσει
592 2251 629 2274 τε
642 2235 701 2274 καὶ
713 2239 865 2289 μουσικῇ
879 2236 1033 2288 δόκιμος.
1042 2237 1180 2285 Ἤσκη-

149 2311 189 2333 το
205 2294 241 2333 δὲ
257 2294 371 2333 καὶτὸ
385 2297 489 2348 σῶμα
504 2296 688 2348 διαπρεπεῖ
698 2294 834 2348 κόσμῳ,
848 2296 1002 2348 ἁλουργῆ
1019 2295 1183 2348 ἀμπεχό-

150 2369 250 2404 μενος
264 2352 323 2391 καὶ
340 2353 452 2405 κόμην
464 2353 598 2407 τρέφων
615 2355 737 2407 χρυσῷ
757 2352 895 2407 στρόφῳ
909 2353 1185 2407 κεκορυμὸωμέ-

150 2428 233 2460 νην·
248 2411 385 2465 περιῄει
398 2428 436 2450 τε
446 2411 508 2455 τὰς
518 2411 636 2455 πόλεις
649 2411 930 2463 ἐπιδεικνύμενος
944 2412 1007 2460 τὴν
1024 2415 1178 2460 ποίησιν.

150 2470 289 2509 Τούτου
309 2469 346 2508 δὲ
368 2469 493 2509 πολλοὶ
523 2469 567 2522 μὲ
552 2486 587 2509 ..ν
619 2469 679 2509 καὶ
715 2469 816 2509 ἄλλοι
849 2471 965 2524 ἤρων,
993 2471 1108 2523 Γύγης
1144 2471 1181 2510 δὲ

150 2529 284 2581 μαλλόν
297 2546 332 2568 τι
348 2528 526 2597 ἐφλέγετο,
546 2545 605 2567 και
620 2528 722 2568 αὐτὸν
739 2533 814 2582 εἶχε
829 2529 990 2568 παιδικά.
1006 2532 1035 2569 Γ
1037 2546 1180 2574 υναικας

149 2599 189 2635 γε
214 2582 284 2636 μὴν
317 2583 434 2626 πάσας
468 2581 650 2633 ἐξέμηνεν,
676 2581 758 2620 ἔνθα
790 2581 926 2633 ἐγένετο
955 2586 973 2622 6
1008 2584 1179 2635 Μάγνης,

151 2642 305 2694 μάλιστα
325 2640 438 2686 δὲτὰς
457 2640 677 2693 Μαγνήτων
702 2640 764 2679 καὶ
785 2645 891 2689 συνῆν
917 2644 1049 2686 αὐταῖς.
1072 2646 1119 2682 Οἱ
1144 2642 1180 2681 δὲ

149 2701 272 2740 τούτου
287 2706 462 2754 συγγενεῖς
478 2700 699 2754 ἀχθόμενοι’
684 2699 742 2738 επὶ
755 2703 800 2761 τῇ
818 2699 969 2753 αἰσχύνῃ
981 2731 991 2749 ,
1002 2700 1176 2755 πρόφασιν

148 2761 400 2812 ποιησάμενοι,
418 2758 502 2798 ὅτι’
487 2775 522 2799 εν
538 2765 608 2803 τοῖς
626 2758 744 2798 ἔπεσιν
762 2762 846 2811 ᾐσεν
857 2762 874 2796 6
891 2759 1038 2811 Μάγνης
1056 2761 1179 2798 Λυδῶν

148 2819 327 2872 ἀριστείαν
356 2821 391 2858 ἐν
414 2818 622 2872 ἱππομαχία
644 2817 730 2871 πρὸς
758 2817 969 2869 Αμαζόνας,
998 2819 1110 2856 αὐτῶν
1140 2816 1175 2856 δὲ

149 2878 244 2917 οὐδὲν
276 2878 458 2929 ἐμνήσθη,
490 2873 694 2922 ἐπαΐξαντες
725 2875 1022 2929 περικατέῤῥηξάν
1047 2892 1085 2914 τε
1110 2875 1174 2923 τὴν

150 2938 279 2983 ἐσθῆτα
292 2968 301 2985 ,
321 2936 380 2975 καὶ
399 2935 462 2980 τὰς
485 2935 598 2987 κόμας
614 2935 788 2989 ἐξέκειραν
805 2966 816 2984 ,
837 2935 897 2973 καὶ
916 2933 1177 2982 πᾶσανλώὸην

147 2995 374 3047 προσέθεσαν.
391 2995 476 3048 Ἐφ’
492 2989 541 3038 οἷς
557 2994 691 3046 ἤλγησε
709 2994 864 3045 μάλιστα
877 2992 1006 3045 Γύγης,
1018 2993 1078 3031 καὶ
1093 2995 1179 3031 πολ·

148 3052 246 3096 λάκις
267 3055 312 3095 εἷς
336 3053 399 3100 τὴν
422 3053 623 3106 Μαγνήτων
648 3056 713 3104 γῆν
734 3052 891 3092 ἐνέὸαλε.
907 3051 1019 3095 Τέλος
1039 3050 1076 3089 δὲ
1098 3067 1178 3103 χει-

150 3115 270 3164 ροῦται
283 3110 347 3158 τὴν
363 3111 464 3150 πόλιν
478 3128 486 3136 ·
501 3111 702 3150 ἐπανελθὼν
717 3110 754 3150 δὲ
772 3113 820 3156 εἷς
838 3110 986 3165 Σάρδεις
996 3141 1007 3158 ,
1019 3108 1179 3162 πανηγύ-

154 3186 221 3224 ρεις
240 3170 430 3217 ἐποιήσατο
451 3173 740 3224 μεγαλοπρεπεῖς,

149 3326 313 3361 Herodoto
327 3326 494 3358 materiam
511 3326 669 3358 scribendi
683 3327 932 3368 suppeditasset.
955 3326 1104 3358 Xanthus
1117 3325 1171 3366 igi·

150 3378 215 3413 tur,
225 3374 248 3405 1.
260 3376 278 3403 2
294 3373 390 3414 Lyd„
414 3374 623 3414 Adramyteu,
638 3373 694 3414 ait,
711 3374 877 3414 Lydorum
895 3382 1014 3414 regem,
1031 3373 1173 3414 primum

150 3420 286 3455 seminas
324 3423 501 3461 casn-asse,
525 3421 635 3462 eisque
652 3429 750 3452 usum
771 3429 843 3453 esse
866 3421 938 3452 loco
956 3421 1102 3452 virorum
1119 3428 1174 3452 eu-

931 199 1132 238 XANTHI
1160 198 1490 239 FRAGMENTA.

1296 289 1391 333 Quae
1407 285 1455 323 de
1477 284 1578 323 bello
1599 293 1733 322 contra
1757 287 1970 324 Amazones
1997 295 2035 324 et
2060 287 2109 325 de
2130 288 2263 329 habitu

1241 353 1365 394 poetae
1384 344 1483 395 epici
1503 352 1872 389 commemorantur,
1883 345 2108 384 Welckerus
2119 359 2141 384 a
2154 350 2266 387 Xan-

1242 403 1310 440 tho
1324 411 1458 441 nostro
1475 404 1595 441 aliena
1609 411 1751 450 censet,
1769 411 1807 440 et
1823 403 2023 441 historiam
2041 417 2202 455 arguere
2216 407 2266 446 ad

1243 469 1367 510 poetae
1382 461 1543 512 alicujus
1559 475 1666 499 exem
1673 461 1779 511 plum
1790 462 2010 512 aDionysio
2025 464 2265 503 adornatam.

1242 522 1300 556 Ex
1320 519 1490 570 ejusdem
1512 520 1688 570 Lydiacis
1708 520 1865 558 fluxisse
1892 521 2060 567 videtur,
2077 523 2183 573 quod
2203 537 2266 575 ap.

1242 578 1337 616 Plin.
1355 582 1402 617 H.
1425 582 1474 618 N.
1508 582 1594 627 VII,
1618 579 1682 626 38,
1708 579 1882 630 legimus,
1900 579 1968 618 ubi
1998 589 2088 631 post
2117 582 2267 620 cladem

1243 637 1435 687 quandam
1454 639 1739 689 Magnesiorum
1758 639 1971 677 Candaules
1985 652 2054 677 rex
2071 640 2269 690 Lydorum

1243 695 1385 733 dicitur
1416 696 1618 734 «Bularchi
1637 697 1827 747 picturam
1848 698 1951 735 illius
1973 698 2081 736 exitii
2105 700 2190 750 pari
2203 713 2269 738 re-

1244 755 1422 806 pendisse
1442 769 1549 797 auro,
1563 774 1578 790 2>
1599 759 1691 805 Quae
1711 770 1781 794 suo
1800 765 1960 795 auctore
1980 757 2216 808 dignissima.

1297 814 1422 852 Etiam
1450 824 1652 865 sequentes
1673 815 1724 866 (p.
1759 815 1916 865 52-——69
1943 815 2078 868 Orelli)
2109 817 2158 855 de
2198 821 2270 858 Sa-

1243 872 1390 924 dyatte‚
1422 873 1589 923 Alyatte,
1622 874 1832 925 Croesoque
1869 874 2039 913 historiae
2073 888 2094 912 e
2121 877 2270 915 Xanthi

1243 931 1420 981 Lydiacis
1455 932 1639 970 desumtae
1662 946 1743 970 esse
1762 933 1956 971 videntur.
1991 936 2073 971 Nec
2105 942 2231 973 tamen
2247 949 2268 975 a

1242 990 1367 1039 Lydio
1386 999 1520 1028 nostro
1540 1004 1603 1029 eas
1620 991 1812 1042 profectas
1831 1005 1912 1030 esse
1933 992 2052 1030 totius
2079 994 2271 1032 narratio-

1243 1050 1301 1086 nis
1321 1058 1452 1087 tenore
1470 1050 1764 1088 demonstratur.

1295 1107 1382 1147 “Ὀτι
1417 1108 1625 1156 Σαδυάττης
1659 1112 1677 1148 6
1707 1111 1830 1148 Λυδῶν
1863 1109 2046 1162 βασιλευς,
2076 1109 2271 1150 Ἀλυάττεω

1242 1172 1338 1215 παῖς,
1351 1160 1394 1214 ην
1407 1165 1469 1218 μὲν
1483 1166 1528 1205 τὰ
1539 1167 1692 1218 πολέμια
1703 1174 1872 1219 γενναῖος,
1887 1168 2002 1212 ἄλλως
2016 1167 2052 1207 δὲ
2066 1168 2269 1214 ἀκόλαστος.

1243 1225 1316 1264 Καὶ
1329 1225 1397 1278 γάρ
1416 1241 1501 1263 ποτε
1517 1225 1581 1273 τὴν
1597 1229 1723 1265 ἑαυτοῦ
1743 1226 1908 1280 ἀδελφὴν,
1925 1233 2077 1280 γυναῖκα
2094 1227 2271 1277 Μιλήτου,

1244 1283 1365 1337 ἀνδρὸς
1401 1284 1567 1335 δοκίμου,
1585 1285 1736 1328 καλέσας
1754 1286 1807 1339 ἐφ’
1822 1286 1914 1339 ἱερὸν
1944 1286 2003 1340 βίᾳ
2020 1287 2172 1339 ᾔσχυνεν
2179 1318 2191 1336 ,
2210 1287 2272 1326 καὶ

1244 1342 1284 1381 τὸ
1313 1342 1434 1381 λοιπὸν
1464 1342 1571 1389 αὐτὴν
1598 1342 1692 1395 ἴσχει
1716 1350 1877 1396 γυναῖκα.
1906 1344 1950 1385 Ὁ
1978 1345 2015 1383 δὲ
2041 1345 2198 1393 Μίλητος
2227 1341 2270 1395 ἦν

1244 1402 1406 1446 Μέλανος
1417 1406 1477 1440 τοῦ
1493 1401 1607 1453 Γύγου
1618 1402 1781 1456 γαμὸροῧ
1796 1402 1975 1456 ἀπόγονος.
1989 1406 2270 1458 Δυσανασχετῶν

1245 1458 1281 1498 δὲ
1299 1460 1356 1499 ἐπὶ
1373 1459 1519 1510 τούτοις,
1537 1460 1672 1514 φεύγων
1687 1460 1801 1515 ᾤχετο
1818 1464 1864 1506 εἷς
1883 1462 2092 1502 Δασκύλιον.
2107 1464 2272 1503 Σαδυάτ-

1243 1535 1306 1566 της
1328 1518 1364 1558 δὲ
1381 1521 1540 1558 κάκεῖθεν
1560 1518 1664 1558 αὐτὸν
1683 1519 1838 1564 ἐξέωσεν.
1861 1521 1903 1560 Ὁ
1920 1520 1956 1559 δὲ
1977 1521 2204 1576 ἀπεχώρησεν
2223 1524 2272 1566 εἷς

1245 1577 1503 1631 Προκόννησον.
1530 1578 1735 1626 Σαδυάττης
1765 1578 1801 1618 δὲ
1828 1579 1944 1631 ὀλίγον
1974 1579 2116 1635 ὕστερον
2139 1580 2270 1633 ἔγημεν

1244 1636 1364 1690 ἑτέρας
1391 1635 1452 1675 δύο
1482 1642 1650 1689 γυναῖκας
1683 1637 1852 1685 ἀλλήλαις
1886 1638 2054 1692 ἀδελφὰς,
2087 1638 2147 1677 καὶ
2177 1637 2284 1692 ἴσχει·

1243 1697 1392 1747 παῖδας,
1419 1697 1458 1734 ἐκ
1479 1695 1542 1747 μὲν
1571 1698 1633 1743 τῆς
1656 1696 1850 1744 Ἀττάλην,
1879 1699 1919 1735 ἐκ
1948 1696 1984 1736 δὲ
2004 1700 2066 1744 τῆς
2089 1695 2270 1751 Ἀδραμυν

1242 1755 1380 1800 νόθους·
1402 1757 1442 1794 ἐκ
1463 1754 1499 1793 δὲ
1521 1771 1583 1802 της
1607 1757 1711 1793 αὑτοῦ
1737 1756 1887 1809 ἀδελφῆς
1906 1755 2046 1808 γνήσιον
2064 1755 2268 1804 Ἀλυάττην.

1296 1814 1384 1854 clO‘tv.
1399 1814 1616 1863 Ἀλυάττης’
1605 1829 1622 1852 ο
1637 1813 1850 1853 Σαδυάττεω
1863 1813 1945 1863 υἱὸς,
1961 1813 2120 1866 βασιλευς
2131 1814 2271 1868 Λυδῶν,

1243 1872 1307 1916 ἕως
1326 1873 1389 1925 μὲν
1405 1872 1479 1917 νέος
1493 1876 1550 1920 ἠν,
1571 1866 1775 1926 ὑὸριστὴς’
1751 1888 1794 1920 ην
1811 1872 1870 1911 καὶ
1890 1872 2093 1922 ἀκόλαστος,
2109 1871 2215 1916 ἐκὸὰς
2233 1871 2271 1912 δὲ

1243 1934 1289 1976 εἷς
1300 1931 1423 1986 ἄνδρα,
1435 1931 1718 1993 σωφρονέστατος
1727 1948 1784 1971 και
1803 1932 2030 1974 δικαιότατος.
2043 1931 2270 1984 Ἔπολέμησε

1244 1990 1280 2029 δὲ
1298 1990 1529 2045 Σμυρναίοις,
1549 1991 1609 2029 καὶ
1629 1985 1717 2030 εἷλεν
1736 1993 1850 2030 αὐτῶν
1865 1990 1906 2029 τὸ
1925 1989 2026 2030 ἄστυ.

1294 2048 1382 2089 (Ότι
1411 2049 1598 2097 Ἀλυάττης
1614 2053 1632 2089 6
1646 2050 1800 2105 Κροίσου
1814 2049 1948 2103 πατὴρ,
1958 2065 2018 2088 του
1996 2049 2153 2088 Λυδῶν
2168 2052 2271 2102 βασι-

1242 2108 1380 2156 λε’ως,’
1364 2125 1422 2148 επι
1437 2108 1574 2162 Καρίαν
1591 2109 1807 2163 στρατεύων,
1826 2108 2049 2163 περιήγγειλε
2057 2114 2127 2152 τοῖς
2144 2111 2269 2147 ἑαυτοῦ

1231 2169 1383 2221 στρατὸν
1391 2167 1486 2220 ἄγειν
1505 2169 1551 2211 εἷς
1547 2168 1757 2229 Σάρδεις’
1741 2184 1776 2207 εν
1794 2167 1912 2222 ἡμέρα
1933 2170 2046 2220 τακτῇ
2060 2197 2070 2215 ,
2087 2168 2122 2206 ἐν
2142 2170 2192 2211 οἱς
2208 2166 2270 2206 καὶ

1243 2225 1409 2280 Κροίσῳ,
1430 2220 1568 2271 ὅστις
1545 2230 1586 2274 ἠν
1612 2229 1718 2266 αὐτου
1744 2226 1983 2282 πρεσὸύτατος
2011 2229 2081 2265 τῶν
2109 2225 2266 2273 παίδων,

1243 2284 1364 2337 ἄρχειν
1377 2284 1682 2337 ἀποδεδειγμένος’
1679 2289 1705 2325 Α
1712 2285 1922 2340 δραμυττίου
1932 2285 1991 2324 καὶ
1990 2284 2144 2346 Θήὸηςω
2133 2283 2265 2323 πεδίου.

1241 2343 1286 2383 Ὁ
1307 2342 1365 2390 δὲ,
1382 2346 1429 2387 ὣς
1447 2344 1575 2399 φασὶν,
1597 2344 1666 2384 υπὸ
1685 2345 1875 2389 ἀκολασίας
1892 2345 1960 2397 οὐχ
1976 2338 2045 2387 οἰός
2065 2359 2103 2382 τε
2121 2347 2183 2391 ἠν,
2206 2343 2269 2382 καί

1241 2418 1316 2446 πως
1336 2402 1541 2451 διεὸέὸλητο
1563 2404 1648 2458 πρὸς
1673 2403 1731 2443 τὸν
1751 2403 1903 2457 πατέρα.
1927 2401 2143 2454 Βουλόμενος
2166 2401 2203 2440 δὲ
2230 2403 2267 2441 ἐν

1239 2464 1328 2516 τῷδε
1347 2462 1437 2516 τῷ”
1418 2478 1509 2516 εργῳ
1544 2462 1788 2502 ἀπολύσασθαι
1805 2462 1866 2506 τὰς
1886 2461 2020 2510 αἰτίας,
2039 2461 2101 2501 καὶ
2125 2463 2267 2516 ἀπορῶν

1239 2521 1360 2560 ὁπόθεν
1370 2521 1587 2573 μισθώσαιτο
1595 2521 1796 2575 ἐπικούρους
1802 2519 2078 2574 (μισθωτοῖςγὰρ
2085 2519 2267 2573 ἐχρῶντο),

1240 2575 1342 2628 ἠλθεν
1372 2580 1431 2619 ἐπὶ
1465 2580 1675 2628 Σαδυάττην
1711 2580 1771 2619 τὸν
1808 2579 1963 2633 ἔπαρχον
1997 2577 2262 2618 πλουσιώτατον

1240 2639 1364 2677 Λυδῶν
1400 2639 1483 2679 ὄντα
1495 2671 1505 2688 ,
1535 2639 1750 2684 δανείζεσθαι
1782 2637 1999 2691 βουλόμενος.
2020 2636 2066 2677 Ὃ
2094 2635 2132 2674 δὲ
2162 2635 2265 2674 αὐτὸν

1239 2700 1377 2750 πρῶτον
1407 2698 1590 2749 ἀναμένειν
1621 2698 1800 2737 ἐκέλευσεν
1827 2697 1897 2751 πρὸ
1924 2699 1993 2735 τῶν
2016 2697 2149 2749 θυρῶν,
2180 2693 2264 2748 ἄχρι

1237 2757 1427 2804 λούσηται·
1459 2755 1549 2808 μετὰ
1584 2756 1621 2795 δὲ
1658 2757 1904 2809 ἐντυγχάνοντι
1932 2753 2178 2808 ἀποκρίνεται,
2210 2752 2266 2791 ὅτι

1237 2815 1360 2853 πολλοὶ
1380 2817 1500 2860 παῖδες
1514 2809 1581 2854 εἶεν
1597 2815 1781 2868 Ἀλυάττῃ,
1799 2810 1848 2859 οἷς
1860 2821 1967 2853 πᾶσιν
1981 2816 2011 2852 εἰ
2025 2812 2142 2860 δεήσοι
2158 2810 2264 2850 αὐτὸν

1238 2873 1400 2928 ἀργύριον
1431 2873 1586 2925 διδόναι,
1619 2876 1682 2912 οὐκ
1714 2872 1914 2925 ἐξαρκέσει·
1948 2874 2070 2911 οὐκοῦν
2101 2872 2271 2924 (Kuster.

1236 2933 1374 2984 οὔκουν)
1392 2933 1509 2970 δοῦναι
1529 2932 1693 2985 δεομένῳ.
1710 2933 1860 2984 Κροῖσον
1876 2930 1913 2969 δὲ
1937 2929 2159 2982 ἀποτυχόντα
2181 2930 2265 2966 τάν·-

1236 2989 1375 3043 θρώπου
1395 2992 1442 3034 εἷς
1456 2989 1548 3044 Ἔφε
1552 3006 1610 3029 σον
1621 2989 1806 3044 ἀφικέσθαι
1824 2988 1915 3027 κατὰ
1926 2988 2103 3035 ζήτησιν’
2083 2986 2262 3040 αργυρίου.

1238 3049 1311 3089 Και
1329 3048 1407 3087 τότε
1431 3047 1494 3099 μὲν
1515 3047 1681 3093 εὔξασθαι
1700 3051 1744 3098 τῇ
1763 3046 1959 3100 Αρτέμιδι,
1979 3049 2009 3085 εἷ
2031 3045 2262 3098 βασιλεύσειε,

1235 3107 1293 3147 τὸν
1314 3111 1406 3146 οἰκον
1423 3107 1563 3146 ἅπαντα
1579 3106 1805 3160 καθιερώσειν
1822 3121 1881 3144 του
1898 3104 2063 3159 ἐμπόρου.
2074 3099 2146 3144 Ἦν
2162 3104 2200 3143 δέ
2212 3120 2264 3148 τις

1239 3167 1380 3222 Κροίσῳ
1413 3167 1531 3221 φίλος,
1564 3166 1651 3220 ἀνὴρ
1679 3166 1788 3217 Ἴων,
1818 3165 1930 3216 ὄνομα
1956 3164 2160 3217 Παμφάης,
2190 3162 2263 3208 υἱὸς

1235 3322 1646 3362 nuchorum.-—(Xanthus,
1661 3321 1887 3363 Lyd.‚narrat)
1901 3321 2043 3361 primum
2054 3321 2188 3360 Gygem,
2203 3321 2261 3360 Ly-

1235 3371 1351 3403 dorum
1369 3378 1492 3411 regem,
1507 3369 1657 3401 mulieres
1673 3370 1851 3408 castrasse,
1870 3370 1908 3400 ut
1920 3367 1960 3400 iis
1977 3375 2106 3409 semper
2120 3367 2215 3399 aetate
2227 3367 2260 3398 et

1237 3419 1339 3450 forma
1355 3416 1544 3450 florentibus
1559 3418 1711 3449 uteretur.
