2320 3684
813 142 1110 182 THEOPOMPI
1139 144 1475 184 FRAGMENTA.

561 229 652 267 231.

131 301 349 353 Antigonus
375 303 521 350 Caryst.
542 313 575 337 c.
600 301 692 337 180:
708 298 799 353 Περὶ
818 297 855 337 δὲ
871 300 1109 353 Θεσπρωτοὺς

77 361 118 398 ἐκ
136 362 199 407 τῆς
214 363 278 411 γῆς
297 359 469 412 ἄνθρακας
489 357 694 411 ὀρύττεσθαι
709 388 720 406 ,
751 357 917 401 δυνατοὺς
939 357 1107 410 κάεσθαι,

76 417 291 469 Θεόπομπόν
306 433 392 471 φησι
411 415 661 469 καταγράφειν.

130 477 190 517 Cf.
205 477 351 516 Plinius
363 479 567 524 XXXVII,
587 489 607 522 7
628 491 637 513 :
656 477 727 513 Est
739 485 779 512 et
798 479 1002 514 Antracitis
1033 491 1107 527 ap-

70 538 222 587 pellata*
235 540 272 573 in
292 536 501 584 leespmtia
510 534 655 583 fossilis
671 534 886 572 carbonibus
902 539 1041 573 similis.

546 609 635 650 232.

127 683 285 718 Tzetzes
303 680 353 718 ad
375 680 571 732 Lycophr.
599 694 653 719 vs.
692 681 793 731 1439
809 696 817 718 :
832 680 876 720 ‘H
896 680 964 736 γὰρ
991 682 1108 736 μήτηρ

72 742 135 776 τοῦ
150 737 373 792 Ἀλεξάνδρου
384 768 395 788 ,
409 743 431 787 ἡ
449 738 650 791 Ὀλυμπιὰς
661 770 671 788 ,
687 741 735 783 εἷς
752 738 906 793 Πύρῤον,
920 739 978 779 τὸν
994 741 1058 794 Ἀχ
1061 742 1109 779 ιλ-

72 795 178 845 λέως,
197 795 257 835 καὶ
271 795 436 845 ”Ελενον,
459 796 518 835 τὸν
546 797 712 852 Πριάμου
725 827 736 847 ,
759 798 800 836 τὸ
816 798 914 850 γένος
941 798 1106 838 ἀνέκαθεν

73 853 250 909 ἀνέφερεν,
269 853 316 899 ὥς
335 870 421 909 φησι
447 855 660 908 Θεόπομπος
684 856 745 895 καὶ
767 856 984 911 Πύρανδρος.
1001 857 1107 897 Ἀνοί-

70 928 125 964 γει
139 911 229 952 δὲτὸ
243 913 362 967 γένος,
380 916 399 952 ὁ
417 913 481 966 μὲν
498 913 637 968 Πῦῤῥος
652 917 699 959 εἷς
717 915 863 965 Αἰακὸν,
877 918 895 955 ὁ
912 915 948 954 δὲ
960 914 1109 961 Ἕλενος

72 973 119 1016 εἷς
131 973 324 1026 Δάρδανον.
339 974 397 1012 Cf.
419 977 440 1013 J
444 975 560 1013 ustin.
575 977 705 1024 XVII,
734 976 770 1012 3.

543 1054 633 1093 233.

122 1126 267 1164 Plinius
285 1129 334 1164 H.
363 1129 412 1165 N.
435 1129 504 1173 ΙΙΙ,
527 1126 595 1164 15:
613 1128 842 1164 Pandosiam
868 1129 1103 1166 Lucanorum

69 1184 195 1222 urbem
225 1187 349 1234 fuisse
386 1187 640 1236 Theopompus
676 1196 806 1224 auctor
838 1198 910 1233 est,
952 1193 988 1224 in
1030 1203 1106 1238 qua

69 1246 290 1281 Alexander
304 1247 472 1294 Epirotes
491 1245 709 1282 occubuerit.

122 1303 397 1354 Theopompea
410 1304 528 1354 igitur
542 1303 651 1341 dabit
664 1307 684 1342 J
687 1305 804 1342 ustin.
821 1307 910 1353 XII,
929 1319 950 1343 2
965 1320 972 1342 :
990 1307 1106 1342 Porro

67 1364 300 1408 Alexander,
331 1377 400 1399 rex
418 1365 540 1412 Epiri,
571 1368 609 1400 in
642 1366 792 1400 Italiam
817 1378 842 1400 a
878 1367 1099 1411 Tarentinis,

68 1424 215 1458 auxilia
237 1423 411 1459 adversus
429 1424 593 1459 Bruttios
611 1423 904 1472 deprecantibus,
927 1427 1105 1461 sollicita-

68 1488 140 1524 tus,
165 1483 216 1516 ita
234 1482 364 1529 cupide
371 1480 564 1530 profectus
573 1481 721 1529 fuerat,
744 1484 862 1518 veluti
874 1486 911 1518 in
933 1484 1105 1520 divisione

66 1537 164 1575 orbis
183 1546 379 1584 terrarum,
399 1542 614 1576 Alexandro
634 1541 867 1589 Olympiadis
881 1545 1013 1578 sororis
1024 1555 1105 1578 suoe

57 1598 144 1645 filio
177 1599 323 1643 Oriens,
352 1598 423 1635 sibi
449 1599 626 1636 Occidens
653 1609 751 1636 sorte
779 1604 986 1650 contigisset
992 1615 1007 1646 ;
1029 1615 1103 1638 non

66 1659 242 1692 minorem
259 1669 381 1692 rerum
402 1660 595 1694 materiam
620 1661 657 1693 in
677 1660 810 1704 Italia,
833 1658 981 1706 Africa,
1004 1660 1103 1696 Sici-

68 1715 132 1759 lia,
154 1728 265 1763 quam
284 1717 347 1751 ille
365 1718 402 1751 in
420 1718 516 1752 Asia
539 1725 579 1752 et
595 1720 632 1752 in
653 1717 781 1753 Persis
798 1717 1002 1755 habiturus.
1019 1721 1104 1755 Huc

66 1772 277 1818 accedebat,
304 1775 415 1823 quod,
436 1778 531 1812 sicut
544 1776 765 1812 Alexandro
786 1778 934 1826 Magno
950 1778 1104 1827 Delphi—

65 1844 110 1868 ca
126 1835 278 1869 oracula
299 1834 452 1870 insidias
471 1837 508 1870 in
527 1836 767 1881 Macedonia,
790 1839 840 1872 ita
853 1836 937 1872 leuic
950 1849 1102 1886 respon—

64 1903 143 1926 sum
162 1892 346 1927 Dodonoei
360 1893 459 1928 Iovis
477 1891 603 1929 urbem
630 1894 856 1931 Pandosiam
879 1908 1102 1944 amnemque

63 1949 306 1986 Acherusium
325 1949 554 2002 (cavendum)
562 1954 812 2000 praedixerat.
835 1954 933 2000 Quoe
945 1962 1102 2002 utraque

65 2021 145 2045 cum
168 2012 204 2044 in
232 2011 345 2058 Epiro
364 2013 496 2055 essent,
528 2014 684 2060 ignarus
706 2014 836 2049 eadem
864 2021 903 2049 et
921 2016 958 2048 in
983 2015 1100 2051 Italia

64 2080 156 2112 esse,
179 2069 233 2104 ad
249 2070 472 2106 declinanda
488 2067 658 2118 fatorum
675 2074 848 2120 pericula
860 2076 1099 2121 peregrinam

63 2128 231 2163 militiam
247 2129 412 2176 cupidius
429 2131 604 2178 elegerat.
616 2132 748 2179 Igitur,
767 2144 878 2179 quum
892 2134 928 2166 in
944 2133 1098 2168 Italiam

62 2189 235 2230 venisset,
254 2190 420 2235 primum
436 2190 491 2224 illi
509 2187 643 2225 bellum
658 2203 740 2226 cum
754 2192 888 2239 Apulis
897 2189 996 2237 fuit:
1013 2204 1100 2238 quo-

61 2256 143 2280 rum
159 2248 300 2294 cognito
319 2244 419 2282 urbis
429 2243 530 2294 fato,
556 2246 653 2284 brevi
665 2257 753 2297 post
772 2257 946 2297 tempore,
965 2262 1097 2297 pacem

61 2311 100 2339 et
111 2307 312 2340 anticitiam
333 2317 413 2341 eum
433 2318 519 2355 rege
547 2319 670 2342 eorum
686 2306 795 2355 fecit.
821 2310 919 2344 Erat
935 2321 1099 2357 namque

61 2370 148 2398 tunc
178 2367 349 2412 temporis
381 2363 468 2401 urbs
506 2367 640 2414 Apulis
678 2369 944 2413 Brundusium,
983 2381 1096 2416 quam

62 2423 188 2466 AEtoli‚
212 2426 356 2470 sequuti
376 2432 450 2459 tum
471 2421 587 2472 satiza
618 2439 738 2462 rerum
764 2429 801 2462 in
831 2428 939 2474 Tr0J‘a
967 2436 1095 2476 gesta—

62 2492 142 2516 rum
162 2483 404 2518 clarissimum
429 2495 476 2518 ac
500 2482 762 2521 nobilissimum
792 2486 919 2522 ducem
939 2488 1094 2522 Diome-

15 2576 19 2580 Α
59 2538 157 2582 dem,
181 2540 440 2586 condiderant5
459 2543 527 2578 sed
539 2545 642 2591 pulsi
657 2542 707 2579 ab
726 2546 871 2592 Apulis,
902 2548 1096 2581 consulen-

62 2603 115 2632 tes
133 2600 298 2643 oracula,
322 2612 533 2648 responsum
562 2612 796 2651 acceperant,
833 2602 963 2649 locum,
986 2617 1093 2652 quem

61 2659 282 2703 repetissent,
300 2668 482 2707 perpetuo
507 2674 752 2709 possessuros.
788 2665 873 2699 Hac
904 2666 1017 2712 igitur
1045 2677 1095 2699 ex

61 2725 172 2750 causa
198 2729 275 2764 per
310 2719 449 2766 legatos
483 2732 563 2755 cum
605 2719 691 2756 belli
727 2725 1007 2758 comminatione
1032 2736 1094 2758 re-

59 2775 158 2808 stitui
174 2772 244 2810 sibi
264 2774 314 2811 ab
331 2777 467 2825 Apulis
488 2777 614 2815 urbem
623 2783 917 2828 postulaverant.
942 2781 1017 2817 Sed
1030 2780 1095 2818 ubi

2124 158 2199 190 317

1168 232 1257 270 urbe
1271 238 1506 284 sepelierant,
1531 245 1754 285 perpetuam
1777 236 1828 274 ibi
1845 239 1967 275 sedem
2000 239 2200 279 habituros.

1166 293 1289 340 Atque
1310 298 1362 330 ita
1390 292 1557 344 defuncti
1580 308 1762 344 responsO,
1794 297 1857 333 diu
1876 296 2002 335 urbem
2014 302 2200 348 possede-

1167 359 1264 388 runt.
1291 353 1400 399 Quod
1419 351 1565 402 factum
1582 367 1692 403 quum
1713 358 1934 404 cognovisset
1962 357 2197 404 Alexander,

1167 413 1394 458 antiquitatis
1401 411 1498 460 fata
1510 421 1723 459 veneratus,
1747 413 1840 451 bello
1858 417 2061 465 Apulorum
2089 417 2203 454 absti-

1167 471 1255 504 nuit.
1290 471 1408 507 Gessit
1430 481 1467 508 et
1497 485 1578 508 cum
1610 474 1763 510 Bruttiis
1796 476 2027 524 Lucanisque
2065 475 2200 514 bellum

1168 529 1375 576 multasque
1405 529 1512 567 urbes
1529 535 1644 581 cepit,·
1666 541 1742 569 tum
1773 541 1812 570 et
1837 547 1917 570 cum
1934 536 2202 584 IVIetapontinis

1168 593 1207 621 et
1218 587 1400 623 Pediculis
1416 597 1452 625 et
1465 592 1641 628 Romanis
1653 589 1784 640 soedus
1802 596 2075 643 amicitiamque
2095 591 2198 643 fecit.

1167 644 1245 680 Sed
1255 646 1390 682 Bruttii
1404 649 1616 698 Lucanique
1624 665 1734 699 quum
1744 655 1889 688 auxilia
1906 665 1931 688 a
1932 653 2109 701 finitimis
2119 667 2202 690 con-

1170 706 1382 749 traxissent,
1403 710 1524 743 acrius
1543 707 1676 745 bellum
1696 714 1901 759 repetivere.
1929 710 1991 747 Ibi
2005 725 2074 748 rex
2084 716 2200 759 juxta

1169 760 1296 798 urbem
1315 764 1541 802 Pandosiam
1560 776 1597 803 et
1596 768 1742 814 flumen
1768 770 1992 815 Acheronta,
2010 784 2082 807 non
2091 775 2202 820 prius

1158 819 1301 866 fatalis
1321 823 1389 857 loci
1401 828 1541 873 cognito
1559 830 1718 872 nomine,
1741 841 1852 876 quam
1874 831 2063 875 occideret,
2081 834 2200 866 inter-

1159 879 1289 928 ficitur
1296 893 1313 924 ;
1333 885 1563 931 moriensque
1582 898 1654 920 non
1679 889 1716 921 in
1727 890 1858 935 patria
1864 887 1988 935 fuisse
2012 887 2080 925 sibi
2099 893 2203 938 peri-

1167 942 1328 977 culosam
1348 950 1515 988 mortem,
1528 953 1687 993 propter
1699 959 1811 994 quam
1836 951 2001 995 patriam
2027 945 2197 998 fugerat,

1168 1001 1362 1037 intellexit.
1394 1000 1533 1050 Corpus
1560 1007 1641 1050 esus
1678 1004 1803 1040 Thurii
1821 1005 1967 1054 publice
1998 1008 2199 1044 redemtum

1166 1061 1367 1107 sepulturae
1381 1063 1624 1098 tradiderunt.

1220 1120 1278 1156 Ex
1293 1118 1694 1172 eodemTheopompo
1705 1120 1859 1160 fluxisse
1869 1132 1964 1174 puto
1971 1124 2052 1162 haec
2062 1129 2082 1163 J
2085 1126 2201 1167 ustini

1165 1179 1269 1224 VIII,
1290 1178 1313 1214 6
1326 1193 1334 1214 z
1349 1179 1427 1214 Sed
1438 1192 1505 1215 nec
1523 1192 1547 1215 a
1555 1184 1742 1229 proximis
1757 1195 1890 1218 manus
1909 1182 2069 1220 abstinet
2086 1184 2198 1236 (Phi-

1166 1236 1311 1288 lippus)
1327 1251 1335 1274 :
1352 1241 1531 1288 siquidem
1561 1241 1764 1288 Arrnbam,
1797 1256 1920 1292 regem
1953 1246 2070 1292 Epiri,
2094 1250 2203 1282 uxori

1164 1309 1245 1332 suoe
1276 1297 1491 1346 Olympiadi
1526 1303 1714 1345 artissima
1755 1305 1973 1349 cognatione
2005 1306 2196 1348 junctum,

1160 1357 1301 1403 pellere
1317 1369 1426 1406 regno
1439 1360 1586 1402 statuit,·
1602 1367 1712 1407 atque
1725 1361 1982 1396 Alexandrum
1988 1365 2200 1411 privignum

1163 1418 1252 1460 esus,
1277 1419 1400 1451 uxoris
1421 1416 1651 1465 Olympiadis
1653 1417 1834 1465 fratrem,
1851 1432 2006 1467 puerum
2036 1420 2202 1458 honestae

1159 1474 1454 1521 pulchritudinis,
1480 1478 1516 1511 in
1537 1477 1800 1513 Macedoniam
1817 1482 1964 1514 nomine
1987 1483 2117 1515 sororis
2133 1493 2200 1515 ar-

1164 1536 1281 1578 cessit,
1305 1538 1476 1583 omnique
1507 1537 1624 1571 studio
1655 1538 1888 1573 sollicitatum
1922 1551 1987 1586 spe
2014 1542 2133 1588 regni,
2155 1543 2203 1575 si-

1163 1594 1299 1629 mulato
1329 1606 1456 1630 amore
1481 1596 1535 1630 ad
1550 1599 1668 1643 stupri
1682 1597 1990 1633 'consuetudinem
2009 1599 2194 1646 perpulit,

1163 1655 1306 1698 majora
1335 1655 1372 1688 in
1391 1666 1432 1688 eo
1451 1652 1623 1702 obsequia
1645 1653 1836 1691 habiturus
1859 1658 1931 1691 sive
1964 1659 2201 1693 conscientiae

1157 1711 1299 1758 pudore
1315 1714 1388 1747 sive
1406 1716 1512 1762 regni
1534 1711 1717 1761 beneficio,
1738 1715 1858 1761 Quum
1877 1718 1991 1764 igitur
2001 1716 2055 1751 ad
2068 1719 2202 1765 viginti
2264 1753 2269 1759 ,

1161 1782 1279 1805 annos
1285 1775 1523 1819 pervenisset,
1543 1781 1708 1821 ereptum
1730 1772 1890 1810 Arruboe
1903 1787 2053 1824 regnum
2082 1788 2198 1823 puero

1161 1830 1358 1865 admodum
1393 1832 1517 1876 trudit,
1550 1833 1721 1867 scelestus
1754 1836 1790 1868 in
1822 1841 1985 1881 utroque.
2010 1834 2111 1870 Nam
2132 1847 2200 1869 nec

1161 1891 1198 1923 in
1215 1901 1256 1923 eo
1267 1892 1333 1935 J'us
1359 1893 1585 1938 cognationis
1603 1894 1770 1935 servavit,
1796 1895 1854 1927 cui
1872 1893 2012 1928 ademit
2029 1905 2193 1942 regnum,

1161 1956 1199 1983 et
1221 1960 1318 1992 eum,
1350 1952 1409 1984 cui
1440 1950 1552 1994 dedit,
1589 1951 1813 1998 impudicum
1842 1949 1941 1997 fecit
1964 1959 2052 1987 ante
2083 1965 2195 1999 quam

1160 2017 1296 2053 regem.

1575 2071 1798 2085 “OQ——

1520 2120 1671 2159 LIBER
1699 2121 1836 2160 XLIV.

1630 2185 1722 2226 234.

1211 2247 1437 2296 Harpocrat.
1459 2259 1467 2281 :
1485 2245 1689 2299 Τετραρχία
1773 2244 1826 2285 ὅτι
1849 2246 1886 2285 δὲ
1906 2247 2087 2291 Φίλιππος
2114 2249 2192 2285 καθ’

1159 2303 1310 2350 ἑκάστην
1325 2302 1455 2342 τούτων
1469 2305 1538 2342 τῶν
1564 2306 1693 2357 μοιρῶν
1710 2303 1880 2358 ἄρχοντας
1906 2305 2121 2354 κατέστησε,
2138 2307 2194 2344 δε-

1159 2361 1360 2408 δηλώκασιν
1376 2361 1476 2401 ἄλλοι
1491 2379 1549 2412 τε,
1563 2363 1624 2402 καὶ
1644 2366 1663 2402 ὁ
1679 2363 1891 2417 Θεόπομπος
1910 2366 1945 2403 ἐν
1959 2368 2002 2418 τῇ
2016 2380 2192 2419 τεσσαρα-

1156 2424 1266 2473 κοστῇ
1287 2421 1453 2476 τετάρτῃ.

1210 2481 1264 2518 Cs.
1285 2482 1483 2519 Demosth.
1501 2482 1667 2534 Philipp.
1692 2486 1815 2534 111,p.
1832 2484 1894 2530 68;
1921 2482 2076 2520 Aristid.
2100 2486 2188 2528 t.11‚

1155 2552 1192 2590 p.
1212 2552 1300 2589 229.

1627 2605 1715 2644 235.

1207 2663 1413 2702 Athenaeus
1429 2668 1493 2711 VI,
1515 2678 1553 2715 p.
1584 2670 1674 2714 249,
1698 2668 1739 2702 C.
1758 2668 1817 2702 D:
1839 2663 2020 2703 Φίλιππον
2045 2662 2082 2701 δέ
2101 2678 2187 2717 φησι

1153 2721 1368 2773 Θεόπομπος
1398 2724 1433 2760 ἐν
1459 2725 1502 2774 τῇ
1534 2722 1682 2775 τετάρτῃ
1711 2722 1772 2761 καὶ
1810 2724 2075 2774 τεσσαρακοστῇ
2115 2724 2185 2760 τῶν

1152 2780 1329 2835 Ἱστοριῶν
1349 2782 1570 2835 Θρασυδαῖον
1594 2781 1651 2819 τὸν
1672 2780 1852 2820 Θετταλὸν
1872 2783 2094 2827 καταστῆσαι
2114 2783 2183 2819 τῶν

61 2831 193 2879 Apulis
222 2837 407 2872 oraculum
438 2839 606 2882 innotuit,
645 2839 850 2887 interfectos
888 2842 1026 2890 legatos
1054 2844 1091 2876 in
1152 2842 1326 2891 ὁμοεθνῶν
1341 2839 1521 2893 τύραννον,
1538 2840 1661 2893 μικρὸν
1679 2838 1740 2890 μὲν
1762 2839 1844 2877 ὄντα
1863 2838 1926 2886 τὴν
1944 2838 2102 2890 γνώμην,
2117 2838 2182 2877 κό-

531 2987 620 3020 231.

103 3044 198 3084 Apud
213 3046 422 3088 Thesprotios
435 3058 475 3082 ex
494 3052 576 3082 terra
592 3051 759 3092 carbones,
776 3053 943 3086 materiam
960 3053 1090 3085 combu-
1121 3045 1124 3092 P

65 3088 196 3131 stivam,
212 3093 310 3126 effodi
323 3095 570 3138 Theopompum
587 3099 726 3132 scribere
741 3100 828 3132 dicit.

529 3170 618 3203 232.

103 3223 206 3258 Mater
217 3227 401 3269 Alexandn'‚
418 3230 598 3273 Olympias,
618 3242 720 3274 genus
734 3235 845 3267 retulit
858 3235 899 3267 ad
916 3236 1089 3276 Pyrrhum,

66 3271 199 3305 Achillis
223 3273 342 3315 filium,
362 3279 394 3309 et
421 3278 579 3311 Helenum
591 3305 600 3320 ,
617 3281 739 3314 Priami
759 3282 860 3314 filium
874 3307 883 3323 ‚
907 3286 944 3315 ut
958 3283 1091 3315 tradunt

1507 2982 1659 3020 LIBER
1688 2982 1828 3020 XLIV.

1194 3087 1415 3120 Tetrarchia...
1428 3085 1613 3126 Philippum
1619 3040 1746 3126 20131iisue
1757 3086 1878 3129 τετράδι
1890 3087 2074 3128 praefecisse
2088 3098 2185 3121 suum

1148 3135 1305 3176 ἄρχοντα,
1329 3142 1404 3165 cum
1427 3133 1481 3164 alii
1497 3133 1669 3173 scriptores
1688 3132 1846 3175 docuere,
1861 3136 1931 3166 tum
1950 3135 2181 3178 Theopompus

1150 3180 1234 3212 libro
1254 3180 1501 3220 quadragesimo
1515 3182 1642 3220 quarto.

1620 3234 1640 3266 2
1648 3235 1666 3266 3
1674 3235 1695 3266 5
1701 3259 1709 3267 .

1192 3285 1377 3326 Philippum
1392 3307 1401 3324 ‚
1429 3286 1538 3317 narrat
1574 3285 1801 3327 Theopompus
1842 3286 2057 3319 Historiarum
2101 3288 2183 3320 libro

65 3317 291 3361 Theopompus
307 3325 340 3354 et
355 3325 551 3364 Pyrandrus.
566 3329 711 3369 Pyrrhus
725 3338 801 3362 vero
815 3330 855 3362 ab
875 3333 974 3363 AEaco
989 3339 1091 3372 genus
1151 3331 1396 3373 quadragesimo
1411 3335 1537 3372 quarto,
1557 3332 1780 3365 Thrasidaeum
1800 3333 1989 3366 Thessalum
2004 3336 2181 3375 tyrannum

63 3365 200 3405 repetiit,
221 3367 363 3401 Helenus
376 3379 395 3402 a
412 3371 573 3405 Dardano.

1154 3378 1364 3411 constituisse
1390 3379 1595 3420 popularium
1611 3403 1621 3420 ‚
1646 3380 1811 3413 hominem
1828 3381 1936 3422 exigui
1961 3381 2107 3423 ingenii,
2124 3381 2181 3415 sed
