2294 3704
102 196 212 226 Lxxu

103 271 241 309 manda
274 280 351 319 est,
383 279 426 309 ut
442 271 739 321 Theopompum
769 276 945 318 putemus
974 267 1122 317 Philip-

105 343 215 380 pum,
232 330 337 381 quod
353 329 401 367 ad
418 329 572 367 vivendi
587 328 772 364 rationem
783 334 820 362 et
835 325 942 375 regni
960 324 1123 374 augendi

71 392 74 396 '
105 389 292 434 studium,
311 402 397 425 cum
414 387 597 436 Dionysio
626 385 763 422 Siciliae
790 392 954 433 tyranno
970 396 1125 433 compa-

105 447 246 484 ravisse
271 447 333 496 (cf.
359 447 404 483 fr.
433 446 518 492 146,
540 445 586 480 de
605 443 781 493 Dionysii
801 442 954 488 indole,
974 456 1060 480 cum
1075 442 1122 480 fr.

111 506 182 542 136
201 505 248 542 de
263 503 429 554 Philippi
446 503 693 551 charactere).
711 501 889 538 Narravit
906 501 1023 551 igitur
1033 514 1125 551 quo-

107 563 220 600 modo
245 563 452 612 Dionysius
469 562 575 610 regni
598 562 690 598 fines
713 560 847 611 quavis
866 561 1015 598 ratione
1041 573 1125 610 pro-

107 622 206 658 ferre
225 621 432 666 studuerit,
453 637 468 652 «
488 619 695 669 quomode,
727 627 928 669 postquam
948 622 1125 664 Graecos,

108 680 174 730 qui
197 680 372 730 proxima
390 678 512 715 Italici
531 678 645 715 maris
663 678 775 714 litora
799 677 998 724 tenebant,
1017 676 1125 714 devi-

109 747 232 784 cerat,
259 737 440 774 finitimos
469 750 642 786 quosque
659 749 858 786 aggressus
879 736 946 781 sit,
970 748 1125 772 omnes-

109 809 184 846 que
218 795 340 832 Graeci
360 795 525 832 nominis
556 796 706 832 Italiam
730 794 966 845 possidentes
998 794 1126 830 hostes

109 853 182 892 sibi
199 853 447 890 destinaverit
471 867 479 888 :
502 866 586 902 quae
614 861 744 903 gentes
774 866 851 889 non
873 860 1038 903 partem,
1063 850 1128 888 sed

110 913 328 949 universam
347 911 427 949 fere
445 911 593 949 ltaliam
611 924 656 949 ea
676 919 899 962 tempestate
918 922 1129 959 occupave-

110 978 209 1008 rant.
228 987 243 1003 »
260 973 469 1020 Postquam
489 969 592 1006 hunc
616 970 654 1006 in
675 969 832 1006 modum
854 969 985 1019 paucis
1002 967 1129 1005 verbis

109 1029 282 1066 Justinus
293 1027 383 1079 (XX
394 1058 404 1075 ,
425 1027 460 1079 1)
475 1029 650 1077 Dionysii
666 1028 824 1066 consilia
840 1027 1130 1078 significaverat,

111 1087 159 1124 ad
183 1087 350 1137 origines
364 1086 520 1124 urbium
546 1087 763 1124 Italicarum
782 1094 819 1123 et
839 1086 1072 1137 populorum
1091 1097 1130 1121 se

114 1146 319 1183 convertit.
348 1148 430 1194 Qua
453 1146 493 1182 in
511 1158 553 1182 re
570 1148 738 1194 Trogum
758 1145 1050 1195 Theopompum
1071 1156 1130 1180 se-

111 1213 244 1241 cutum
261 1217 361 1249 esse,
381 1212 496 1253 atque
514 1212 634 1240 totum
649 1204 750 1241 illius
762 1211 880 1254 caput
899 1203 947 1240 de
964 1202 1073 1240 Italia
1085 1215 1132 1239 ex

112 1265 251 1303 Nostro
270 1264 425 1300 fluxisse
442 1264 569 1300 nullus·
586 1263 733 1302 dubito.

164 1323 286 1360 Libris
312 1327 481 1359 vicesimo
510 1325 665 1359 secundo
691 1331 728 1359 et
754 1326 924 1360 vicesimo
954 1325 1055 1357 tertio
1084 1319 1131 1357 ad

111 1382 335 1431 Philippum
367 1394 544 1418 reversus
569 1381 649 1431 ejus
682 1395 741 1419 res
769 1383 807 1419 in
847 1380 1064 1419 Chalcidice
1095 1388 1132 1416 et

113 1440 279 1478 Thracia
297 1447 420 1489 gestas
448 1440 608 1476 ulterius
623 1448 850 1490 prosecutus
870 1447 937 1476 est.
957 1460 1004 1467 —-
1024 1437 1133 1474 Libro

115 1501 292 1547 vigesimo
324 1507 453 1546 quarto
487 1496 649 1544 bellum,
677 1498 781 1547 quod
813 1497 902 1535 dum
934 1496 1134 1546 Philippus

113 1555 315 1605 Olynthios
337 1555 552 1593 debellabat
575 1556 655 1606 (Ol.
678 1570 764 1604 107,
788 1563 831 1602 43
851 1570 884 1594 v.
908 1558 1068 1605 Kriiger.
1094 1555 1134 1592 in

114 1615 280 1651 Clinton.
311 1617 351 1651 F.
385 1616 432 1652 H.
457 1627 494 1663 p.
525 1615 610 1664 144)
639 1615 886 1652 Athenienses
916 1615 955 1652 in
989 1614 1135 1652 Euboea

114 1673 272 1724 gessisse
286 1671 480 1720 videntur,
498 1686 627 1710 ansam
642 1673 745 1710 dedit
763 1688 847 1724 quae
863 1674 1029 1711 Pericles
1045 1673 1135 1710 olim

115 1740 250 1767 contra
277 1730 373 1767 hanc
386 1731 549 1768 insulam
563 1732 682 1781 egerit
703 1732 892 1770 diductius
906 1731 1136 1782 exponendi.

114 1817 166 1824 -..
185 1790 246 1827 Ol.
269 1791 355 1836 108,
380 1803 393 1825 1
414 1790 611 1840 Philippus
627 1791 798 1839 Olyntho
812 1791 957 1840 potitus
976 1799 1012 1827 et
1023 1789 1137 1839 hujus

114 1848 222 1886 urbis
251 1848 388 1898 opibus
409 1849 662 1898 locupletatus
679 1857 823 1886 ceteras
843 1848 956 1885 urbes
975 1847 1047 1885 sibi
1069 1847 1139 1884 ad-

114 1915 311 1944 versantes
325 1907 600 1957 perterrefecit.
613 1910 711 1944 Tum
725 1906 877 1943 tandem
892 1907 1139 1943 Athenienses

115 1973 269 2015 apertos
289 1977 329 2002 se
351 1965 520 2014 Philippi
543 1964 673 2001 hostes
693 1964 855 2015 professi
880 1972 969 2001 sunt
994 1964 1139 2014 palam-

117 2036 191 2072 que
208 2030 341 2059 contra
359 2035 446 2059 eum
465 2021 751 2073 belligerarunt.
781 2021 945 2060 Μάλιστα
973 2021 1001 2058 δ’
1021 2019 1142 2064 αὐτοὺς

116 2080 299 2134 παρώξυνε
317 2083 512 2133 προστῆναι
527 2083 589 2126 τῆς
610 2080 779 2124 Ἑλλάδος
796 2078 1023 2132 Δημοσθένης
1038 2083 1055 2118 ὃ
1076 2079 1142 2133 ῥή-

116 2156 210 2192 τωρ,
240 2139 433 2182 δεινότατος
461 2136 508 2176 ὢν
531 2141 598 2176 τῶν
627 2140 706 2177 κατ’
722 2138 870 2181 ἐκείνους
895 2138 974 2181 τοὺς
999 2138 1143 2191 χρόνους

116 2198 314 2246 Ἑλλήνων,
334 2198 493 2236 Diodor.
524 2201 640 2244 XVI,
663 2199 725 2243 54.
748 2198 810 2237 Ab
839 2199 898 2235 his
918 2198 1143 2235 Demosthe-

117 2258 175 2295 nis
197 2256 547 2304 exhortationibus,
581 2257 733 2307 opinor,
762 2256 928 2306 antiquae
955 2256 1142 2306 majorum

118 2317 249 2366 gloriae
269 2324 307 2353 et
328 2316 512 2353 virtutum
536 2324 574 2353 et
593 2315 705 2352 avitae
733 2315 930 2364 dignitatis
958 2315 1142 2352 memoria

118 2375 264 2412 animos
282 2374 571 2411 Atheniensium
589 2374 790 2412 excitantis
811 2374 1005 2424 profectus
1024 2373 1144 2411 Theo-

119 2445 286 2483 pompus
330 2432 419 2468 libro
442 2437 610 2469 vicesimo
633 2437 756 2481 quinto
774 2433 1034 2470 demonstrare
1065 2441 1142 2470 stu-

118 2492 201 2529 duit
219 2503 334 2530 vanas
356 2504 437 2530 esse
467 2499 506 2528 et
530 2492 634 2528 fictas
663 2492 865 2541 plerasque
886 2492 1037 2528 illarum
1057 2493 1144 2542 opi-

120 2550 278 2586 nionum
290 2579 300 2598 ,
314 2549 454 2599 quibus
473 2550 631 2599 gloriam
649 2563 755 2587 suam
773 2551 829 2586 illi
840 2549 1143 2599 jactabant.Qu0

119 2608 205 2644 loeo
230 2621 349 2657 quum
383 2608 483 2645 inter
516 2608 590 2645 alia
619 2609 731 2645 etiam
764 2608 922 2653 foedera,
950 2622 1032 2659 quae
1057 2623 1143 2646 cum

119 2668 242 2704 Persis
269 2667 461 2717 pepigisse
481 2667 727 2708 Athenienses
747 2666 1021 2716 gloriabantur,
1038 2681 1145 2705 com-

121 2726 292 2762 mentitia
318 2739 399 2762 esse
423 2725 599 2771 dixisset,
620 2725 737 2775 idque
767 2738 814 2762 ex
844 2725 964 2763 literis
991 2727 1146 2775 ionicis,

125 2783 264 2833 quibus
306 2784 410 2834 pacis
456 2784 697 2821 conditiones
731 2784 962 2833 consignatae
993 2793 1118 2822 essent
1136 2815 1146 2832 ,

123 2842 440 2890 demonstrasset,
472 2842 519 2880 de
537 2843 737 2880 literarum
760 2843 972 2879 ionicarum
1001 2844 1147 2892 origine

123 2900 233 2948 plura
254 2900 442 2938 disseruit.
475 2905 650 2939 Ceterum
680 2909 769 2951 post
796 2900 988 2950 expositas
1022 2915 1081 2938 res
1106 2901 1145 2938 in

123 2957 284 2995 Thracia
301 2967 445 3009 gestas,
464 2960 537 2997 hoc
554 2961 651 3011 ipso,
671 2968 713 2997 ut
738 2959 901 3006 videtur,
917 2959 1017 2996 libro
1049 2974 1145 2997 con-

123 3017 238 3053 vertit
261 3029 299 3053 se
319 3017 366 3053 ad
391 3018 531 3055 bellum
549 3033 720 3064 sacrum,
740 3019 795 3056 uti
816 3018 1045 3056 concludere
1061 3020 1148 3057 lieet

125 3087 170 3112 ex
197 3074 319 3111 Schol.
340 3076 466 3124 Apoll.
498 3077 622 3116 Rhod.
637 3081 702 3124 IV,
723 3078 797 3126 973
822 3076 882 3128 (fr.
900 3077 998 3129 177).
1016 3082 1148 3129 Itaque

127 3131 217 3168 libro
258 3136 429 3169 vicesimo
456 3145 558 3171 sexto
588 3137 806 3186 Philippum
843 3136 1015 3174 videmus
1045 3137 1148 3188 apud

127 3190 353 3237 Thessalos,
401 3193 466 3241 qui
502 3207 588 3230 eum
625 3196 781 3232 Boeotiis
812 3208 901 3232 eum
946 3205 1150 3233 oraverant

127 3250 170 3279 ut
201 3243 412 3292 professum
452 3245 632 3283 adversus
666 3248 876 3285 Phocenses
909 3248 1043 3286 ducem
1077 3263 1148 3286 ex-

128 3299 290 3347 hiberet,
317 3302 456 3339 J'ustin.
478 3306 589 3349 VIII,
623 3310 656 3347 4.
684 3305 805 3355 Hujus
827 3306 916 3343 belli
946 3307 1150 3357 expositio-

130 3371 216 3402 nem
238 3360 363 3398 multis
383 3361 635 3411 probabiliter
654 3363 950 3414 digressionibus
984 3367 1150 3405 interru-

942 179 1008 216 DE
1037 177 1365 226 THEOPOMPO.

1182 274 1288 316 ptam
1321 266 1570 318 sequentibus
1605 266 1713 305 libris
1747 281 1849 304 nune
1882 267 2042 318 perditis
2076 268 2203 306 conti-

1183 326 1315 363 nuavit
1345 339 1465 376 usque
1491 325 1540 363 ad
1567 325 1698 363 librum
1734 330 1971 374 tricesimum,
1996 325 2065 364 ubi
2085 340 2203 377 quum

1183 383 1230 421 de
1265 384 1606 435 Amphictyonibus
1649 398 1773 422 sermo
1808 385 1854 421 sit
1878 413 1887 430 ,
1918 384 2013 422 illud
2053 393 2204 436 tempus

1183 442 1368 493 arguitur,
1384 456 1461 492 quo
1489 443 1691 494 Philippus
1718 444 1757 481 in
1777 443 2098 493 Amphictyonum
2115 456 2207 480 con-

1184 502 1310 539 silium
1330 502 1517 549 adscitus,
1538 509 1575 538 et
1605 501 1710 551 quod
1744 501 1958 538 Phocenses
1993 500 2207 539 habuerant

1184 561 1355 611 suffragii
1373 560 1436 611 jus
1468 562 1508 598 in
1542 574 1629 598 eum
1660 561 1827 598 delatum
1851 569 1907 598 est
1930 561 2007 609 (Ol.
2047 560 2132 606 108,
2153 560 2206 611 3).

1185 621 1242 655 Ex
1262 618 1332 655 hac
1354 619 1481 668 operis
1510 626 1620 669 parte
1650 631 1693 656 ea
1715 631 1869 668 quoque
1898 618 2021 668 petita
2037 631 2118 655 esse
2137 617 2208 655 de-

1186 676 1277 713 bent
1293 689 1378 725 quae
1404 676 1609 713 laudantur
1634 689 1682 713 ex
1700 676 1940 726 Theopompi
1960 675 2210 728 συγγράμματι

1185 732 1264 786 περὶ
1280 736 1348 771 τῶν
1372 735 1411 771 ἐκ
1430 735 1573 786 Δελφῶν
1588 732 1806 780 συληθέντων
1823 733 2015 785 χρημάτων
2035 734 2097 784 (fr.
2123 736 2210 782 182,

1191 790 1290 841 183).
1308 795 1401 839 Quae
1413 791 1571 829 donaria
1584 791 1804 829 recensendi
1822 800 1950 843 aptam
1970 792 2061 830 dare
2075 801 2211 844 potue-

1186 858 1275 887 runt
1291 851 1531 887 occasionem
1555 851 1660 900 pacis
1681 851 1932 898 conditiones,
1947 851 2088 902 quibus
2103 852 2212 890 Pho-

1187 921 1316 945 censes
1329 908 1426 958 jussi
1447 917 1535 945 sunt
1552 909 1756 958 quotannis
1766 912 1838 947 LX
1852 910 2081 947 talentorum
2093 911 2214 949 vecti·

1189 967 1246 1016 gal
1268 966 1341 1004 deo
1348 967 1529 1018 pendere,
1549 966 1670 1004 donec
1682 980 1866 1005 summam
1884 969 1923 1006 in
1935 968 2083 1007 tabulas
2092 969 2213 1008 sacri-

1189 1026 1276 1077 legii
1290 1035 1460 1076 tempore
1474 1026 1630 1063 relatam
1639 1027 1893 1064 exsolverent.
1911 1028 2022 1068 Diod.
2032 1029 2212 1075 xv1,6o.

1245 1103 1261 1118 α
1275 1085 1405 1123 Rebus
1425 1086 1844 1136 Phocicis-compositis
1870 1087 1983 1137 legati
2009 1087 2216 1125 Athenien-

1191 1143 1289 1180 sium
1314 1151 1488 1193 petentes
1520 1156 1653 1192 pacem
1685 1143 1733 1180 ad
1767 1143 1986 1194 Philippum
2014 1153 2213 1183 venerunt.

1192 1201 1341 1248 Quibus
1357 1201 1499 1238 auditis
1513 1209 1550 1238 et
1567 1202 1650 1251 ipse
1668 1202 1813 1251 legatos
1825 1202 1993 1240 Athenas
2011 1217 2096 1240 cum
2111 1205 2216 1254 pacis

1192 1259 1479 1297 conditionibus
1508 1259 1629 1305 misit,
1655 1260 1788 1310 ibique
1815 1273 1863 1298 ex
1882 1262 2094 1300 commodis
2109 1271 2217 1301 utro-

1192 1332 1353 1369 rumque
1382 1332 1455 1368 pax
1487 1319 1588 1355 facta
1618 1327 1716 1356 est.»
1744 1319 1883 1356 Justin.
1913 1323 2026 1367 VIII,
2058 1328 2095 1365 4.
2125 1324 2217 1360 Haec

1193 1377 1284 1413 libro
1323 1381 1500 1414 tricesimo
1524 1381 1650 1426 primo
1682 1378 1831 1414 narrari
1863 1377 2104 1426 debuerunt,
2141 1393 2218 1430 qua

1194 1436 1394 1473 occasione
1425 1435 1524 1473 bene
1558 1436 1686 1486 potuit
1709 1436 1833 1473 foedus
1856 1436 1951 1473 illud
1978 1437 2013 1475 ἐν
2030 1437 2218 1492 ἀπορῤήτῳ

1194 1493 1314 1543 (quod
1333 1493 1382 1529 ad
1401 1493 1464 1530 Ol.
1490 1492 1576 1540 105,
1598 1493 1619 1528 3
1640 1493 1818 1543 pertinet)
1845 1496 2138 1533 commemorari
2154 1496 2216 1548 (fr.

1199 1551 1297 1603 189).
1317 1573 1370 1580 ·—-
1389 1550 1508 1587 Libris
1536 1555 1711 1587 tricesimo
1741 1554 1897 1588 secundo
1931 1560 1969 1590 et
2002 1557 2104 1590 tertio
2139 1555 2220 1605 egit

1195 1610 1241 1647 de
1267 1607 1580 1646 contentionibus
1608 1617 1646 1646 et
1671 1609 1840 1647 motibus
1869 1611 1908 1647 in
1932 1604 2218 1662 Peloponneso,

1195 1669 1319 1718 deque
1340 1667 1524 1717 Philippo
1560 1667 1798 1706 invasionem
1825 1669 2027 1708 minitante
2053 1670 2115 1721 (cf.
2136 1675 2218 1710 De-

1196 1725 1333 1762 mosth.
1345 1727 1410 1763 Or.
1429 1725 1477 1762 de
1491 1738 1584 1775 pace
1600 1739 1638 1776 p.
1657 1727 1720 1772 61,
1732 1727 1767 1774 8,
1783 1727 1877 1764 Phil.
1894 1731 1946 1774 II,
1960 1742 1998 1778 p.
2015 1729 2064 1766 68
2081 1730 2220 1781 sq.).—

1196 1787 1253 1822 Ex
1286 1783 1375 1820 libro
1400 1787 1578 1833 trigesimo
1597 1794 1726 1833 quarto
1753 1786 1847 1823 nihil
1883 1795 2067 1837 superest.
2094 1791 2221 1827 Pauca

1197 1843 1260 1879 illa
1283 1855 1330 1879 ex
1347 1842 1449 1878 libris
1465 1847 1647 1892 trigesimo
1679 1848 1804 1892 quinto
1830 1853 1868 1882 et
1896 1850 2075 1896 trigesimo
2099 1857 2222 1884 octavo

1197 1900 1245 1937 ad
1265 1901 1441 1950 regiones
1461 1901 1562 1938 circa
1580 1905 1742 1938 Pontum
1763 1902 1852 1939 sitas
1869 1912 2054 1954 spectant,
2074 1905 2114 1941 in
2127 1918 2222 1955 quas

1200 1973 1221 1996 a
1237 1958 1422 2008 Byzantio
1447 1959 1544 1996 urbe
1572 1973 1593 1997 a
1620 1960 1800 2011 Philippo
1827 1971 2052 2013 oppugnata
2077 1976 2220 2001 excur—

1201 2030 1262 2054 sus
1296 2017 1428 2054 fecisse
1447 2018 1604 2055 videtur
1650 2019 1753 2055 Libri
1768 2024 1967 2057 tricesimus
1979 2035 2109 2068 nonus,
2125 2036 2222 2071 qua-

1200 2078 1430 2126 dragesimus
1468 2085 1506 2114 et
1540 2079 1846 2127 quadragesimus
1885 2083 2029 2128 primus
2068 2081 2220 2131 longam

1202 2134 1477 2184 digressionem
1504 2134 1754 2172 continebant
1783 2135 1831 2173 de
1862 2137 1978 2174 rebus
2004 2138 2218 2188 Dionysio-—

1201 2206 1297 2232 rum.
1318 2197 1402 2232 Huc
1416 2193 1636 2231 referendus
1655 2195 1759 2232 locus
1771 2195 1933 2233 Diodori
1949 2197 2070 2246 (XVI,
2085 2211 2104 2244 7
2114 2212 2145 2235 1.
2159 2198 2220 2237 Ol.

1207 2265 1297 2301 109,
1322 2251 1359 2302 2)
1380 2267 1387 2289 :
1407 2251 1651 2303 Θεόπομποςὸ
1671 2254 1757 2296 Χῖος
1779 2255 1813 2292 ἐν
1835 2256 1879 2305 τῇ
1896 2256 1965 2292 τῶν
1989 2256 2220 2294 Φιλιππικῶν

1200 2311 1337 2366 ἱστορίᾳ
1362 2311 1529 2357 κατέταξε
1554 2319 1645 2366 τρεῖς
1673 2313 1812 2365 βίὸλους
1830 2314 2056 2367 περιεχούσας
2076 2317 2221 2361 Σικελι-

1201 2369 1265 2414 κὰς
1293 2370 1457 2423 πράξεις·
1488 2370 1677 2423 ἀρξάμενος
1705 2371 1741 2409 δὲ
1769 2372 1838 2410 ἀπὸ
1864 2375 1926 2419 τῆς
1953 2373 2136 2412 Διονυσίου
2159 2378 2222 2413 τοῦ

1202 2429 1438 2483 πρεσὸυτέρου
1463 2429 1662 2484 τυραννίδος
1692 2431 1767 2481 (Ol.
1791 2433 1855 2481 93,
1880 2433 1918 2481 3)
1949 2432 2066 2478 διῆλθε
2096 2431 2221 2485 χρόνον

1203 2489 1288 2526 ἐτῶν
1308 2487 1543 2537 πεντήκοντα,
1565 2489 1626 2527 καὶ
1646 2489 1879 2543 κατέστρεψεν
1896 2491 1943 2533 εἷς
1961 2489 2024 2537 τὴν
2047 2490 2222 2531 ἔκπτωσιν

1203 2546 1385 2584 Διονυσίου
1410 2550 1471 2584 τοῦ
1506 2546 1673 2601 νεωτέρου
1704 2547 1777 2599 (Ol.
1806 2550 1891 2596 106,
1922 2563 1937 2585 1
1965 2550 2025 2587 vel
2056 2551 2221 2601 ¹09,2)·

1204 2604 1271 2642 εἰσὶ
1289 2604 1327 2643 δὲ
1347 2607 1380 2642 αἷ
1401 2604 1515 2656 βίὸλοι
1534 2611 1624 2658 τρεῖς
1644 2605 1714 2644 ἀπὸ
1731 2609 1794 2653 τῆς
1813 2605 1876 2657 μα’
1888 2606 1971 2660 ἄχρι
1985 2610 2045 2654 τῆς
2061 2607 2132 2659 μγ’.
2150 2610 2224 2647 Di-

1205 2678 1291 2701 cere
1311 2663 1446 2701 debuit
1464 2663 1532 2702 ἀπὸ
1550 2667 1612 2710 τῆς
1628 2664 1681 2702 λθ’
1698 2664 1781 2719 ἄχρι
1798 2668 1859 2712 τῆς
1881 2665 1954 2716 μα’.
1975 2667 2095 2705 Simul
2108 2668 2148 2705 in
2163 2668 2223 2706 his

1205 2723 1300 2760 alius
1318 2723 1479 2760 Diodori
1504 2737 1613 2760 error
1634 2723 1948 2773 deprehenditur.
1984 2726 2080 2763 Nam
2103 2739 2224 2776 quum

1206 2781 1306 2818 dicat
1326 2781 1622 2831 Theopompum
1640 2783 1917 2832 quinquaginta
1936 2796 2123 2821 annorum
2141 2798 2224 2835 spa-

1207 2840 1300 2876 tium
1323 2840 1562 2890 complexum
1581 2853 1680 2887 esse,
1710 2841 1885 2890 Dionysii
1905 2839 2078 2885 ἔκπτωσις
2098 2843 2222 2893 perti-

1207 2906 1313 2935 neret
1334 2898 1382 2935 ad
1405 2898 1558 2948 Olymp.
1581 2899 1666 2944 106,
1693 2912 1707 2934 1
1725 2927 1736 2948 ,
1768 2913 1844 2948 quo
1859 2913 1957 2937 anno
1974 2901 2059 2937 exul
2079 2901 2221 2950 migra-

1207 2957 1260 2993 vit
1280 2957 1318 2993 in
1337 2957 1500 2993 Italiam.
1523 2955 1598 2994 Sed
1613 2969 1733 3005 quum
1755 2958 2007 2995 certissimum
2022 2959 2071 2995 sit
2090 2959 2222 2998 Theo-

1208 3027 1391 3063 pompum
1422 3015 1537 3051 etiam
1564 3014 1612 3050 de
1637 3014 1757 3051 altero
1785 3015 1963 3065 Dionysii
1995 3017 2114 3055 exilio
2144 3018 2221 3069 (Ol.

1213 3085 1298 3121 109,
1316 3086 1351 3118 2,
1372 3085 1406 3109 v.
1425 3073 1471 3109 sr.
1493 3072 1583 3123 216)
1599 3071 1733 3121 egisse,
1751 3082 1911 3123 apparet
1924 3075 2136 3113 Diodorum
2153 3090 2223 3114 an-

1208 3146 1345 3170 norum
1366 3146 1569 3170 numerum
1602 3141 1887 3183 computantem
1904 3134 1985 3171 haec
2005 3135 2083 3173 duo
2109 3137 2222 3175 exilia

1208 3191 1426 3229 confudisse
1438 3206 1447 3237 ;
1462 3205 1549 3229 nam
1558 3192 1724 3228 voluisse
1735 3205 1822 3228 eum
1831 3193 1960 3231 verbis
1969 3193 2151 3232 Διονυσίου
2160 3193 2222 3233 ἔκ-

1208 3265 1342 3288 πτωσιν
1366 3250 1572 3287 secundum
1600 3250 1756 3286 exilium
1778 3250 1989 3301 designare,
2002 3253 2083 3302 jam
2109 3267 2155 3290 ex
2175 3267 2222 3291 eo

1209 3308 1448 3358 intelligitur,
1467 3307 1570 3357 quod
1586 3308 1666 3358 ipse
1682 3308 1811 3357 paullo
1827 3318 1915 3347 ante
1933 3311 1980 3362 (c.
1999 3312 2060 3363 70)
2082 3311 2224 3361 Diony-

1210 3368 1306 3406 sium
1331 3368 1555 3406 Corinthum
1576 3367 1714 3404 abiisse
1737 3367 1888 3409 dlxerit‚
