2320 3684
830 111 879 150 IN
911 109 1141 149 MARMOR
1170 110 1384 150 PARIUM.

94 205 235 242 Verum
256 209 461 252 antequam
478 212 683 251 pergamus
695 206 733 237 et
745 211 792 237 ex
810 199 893 249 ipsa
911 198 1069 236 historia

42 261 269 302 sententiam
291 268 462 298 nostram
484 257 786 309 comprobemus
800 286 809 303 ,
834 256 1068 294 monendum

41 329 99 359 est
118 329 357 371 quantopere
373 319 605 370 primitivos,
623 330 721 367 quos
739 325 888 353 veteres
916 317 1070 353 annales

41 378 290 425 exhibebant,
308 391 492 416 numeros
513 377 676 414 seriores
693 383 869 413 auctores
881 374 1067 412 obscura-

41 437 179 483 verint.
197 437 317 474 Multa
336 450 425 474 sane
443 437 482 473 in
502 436 560 473 his
576 435 767 472 debentur
785 433 931 471 mendis
949 433 1068 470 libra-

42 496 201 542 riorum,
226 495 337 547 plura
356 504 482 534 autem
501 494 653 532 turbata
674 502 762 531 sunt
781 506 827 530 eo
847 492 952 543 quod
974 492 1068 530 scri-

41 563 185 606 ptoreS,
197 555 262 605 qui
273 555 437 605 priscam
449 553 700 604 computandi
711 553 897 589 rationem
911 564 1068 602 prorsus

0 662 1 665 Ἴ
41 612 291 663 ignorabant,
322 626 584 664 saepenumero
616 610 805 648 rotundos
838 611 848 656 (
865 624 961 660 quos
997 623 1067 646 nos

0 668 6 706 ζ’
36 671 116 722 jam
135 671 313 723 dicimus)
329 686 511 710 numeros
526 679 739 722 posuerunt
758 684 830 721 pro
847 670 922 707 illis
943 669 1008 719 qui
1026 682 1067 706 re

40 742 132 767 vera
150 738 188 768 et
211 731 287 780 ipsi
304 730 461 768 rotundi
482 730 772 781 quodammodo
791 736 920 774 erant,
942 741 1066 777 neque

0 794 2 798 ’
41 796 165 827 tamen
208 801 289 826 esse
326 789 538 827 serioribus
574 788 818 825 videbantur.
858 786 922 824 Sic
958 785 1067 822 verbi

39 860 154 885 causa
177 847 314 886 Euseb.
336 861 408 899 pro
428 848 536 885 annis
555 848 627 885 illis
653 848 738 896 ¹89,
753 859 848 897 quos
866 845 1067 882 Philocho-

38 920 104 944 rus
135 907 236 944 inter
262 910 436 957 Ogygem
469 916 505 945 et
526 910 735 957 Cecropem
765 905 917 955 elapsos
947 903 1042 941 dicit
1057 932 1066 950 ‚

41 968 151 1019 ponit
171 981 254 1017 ¹90·
276 969 457 1006 Similiter
477 981 549 1019 pro
569 969 617 1005 63
638 967 886 1005 nominantur
902 966 952 1002 60
966 994 976 1012 ,
994 978 1066 1015 pro

0 1040 2 1042 ’
44 1027 115 1064 126
138 1026 270 1065 dicunt
292 1041 378 1075 120,
397 1036 468 1065 etc.
500 1027 615 1075 Quod
635 1035 701 1065 aut
721 1039 769 1063 ex
791 1025 920 1062 studio
947 1023 1066 1061 modo

37 1093 249 1123 memorato
270 1086 542 1138 explicandum
563 1094 642 1133 est,
659 1093 723 1123 aut
744 1084 850 1130 inde,
877 1083 983 1134 quod
1002 1084 1066 1120 lu—

0 1190 1 1194 *
37 1156 148 1181 nares
165 1157 287 1182 annos
312 1153 512 1183 mutarunt
531 1145 573 1182 in
589 1144 745 1182 solares.
769 1142 967 1181 Posterius
989 1155 1068 1192 prae

36 1204 173 1242 ceteris
186 1204 289 1242 cadit
302 1205 605 1243 ineruditionem
619 1203 973 1241 Alexandrinorum
1006 1200 1066 1250 (*).

89 1263 159 1300 His
187 1265 393 1314 praemissis
414 1264 614 1301 videamus
644 1262 691 1299 de
714 1263 863 1313 epocha
886 1260 1066 1311 Trojana.

36 1322 262 1360 Tenendum
280 1336 373 1361 vero
393 1331 451 1361 est
470 1324 554 1361 aliis
573 1322 741 1373 primum
756 1352 764 1367 ,
785 1321 869 1358 aliis
886 1321 1066 1358 ultimum

35 1379 129 1418 belli
147 1393 291 1418 annum
309 1395 380 1432 pro
400 1382 558 1433 epochae
574 1394 737 1418 numero
765 1379 913 1416 haberi.
934 1382 1067 1416 Annos

36 1438 326 1477 numerabimus
359 1454 381 1478 a
411 1441 535 1491 prima
566 1438 822 1490 Olympiade3
855 1451 943 1475 nam
976 1438 1067 1488 qnia

35 1497 111 1536 haec
142 1499 227 1549 ipsa
265 1498 490 1552 παράπηγμα
522 1499 562 1536 in
600 1507 696 1536 vett.
729 1499 945 1550 ἀναγραφαῖς
978 1504 1068 1547 post

37 1557 193 1609 Olymp.
224 1561 242 1595 Ι
271 1558 426 1596 demum
449 1557 676 1609 compositis
698 1570 780 1594 esse
804 1556 960 1603 debuit,
984 1556 1065 1592 sine

36 1614 156 1653 dubio
170 1616 337 1666 Trojana
357 1630 433 1655 aera
451 1617 545 1655 totis
560 1616 677 1667 cyclis
694 1616 743 1653 ab
763 1616 923 1666 Olymp.
956 1618 975 1652 Ι
994 1615 1066 1651 erit

35 1673 217 1726 sejuncta.

86 1736 263 1771 Marmor
278 1736 433 1771 Parium
454 1732 738 1784 expeditionem
756 1739 892 1769 contra
907 1729 1065 1780 Trojam

28 1791 146 1844 ponit
178 1799 248 1838 441
279 1793 342 1830 vel
375 1807 395 1840 7
433 1800 468 1834 ><
505 1794 553 1829 63
586 1805 619 1829 a.
647 1799 736 1830 ante
767 1791 925 1840 Olymp.
951 1793 983 1833 Ι,
1005 1790 1064 1826 vel

43 1865 138 1900 ¹217
159 1861 248 1890 ante
271 1853 362 1891 Chr.
388 1852 459 1890 Hic
479 1865 662 1889 numerus
683 1850 859 1902 plurimis
879 1848 991 1899 prob
985 1857 1066 1886 itus

37 1922 117 1949 esse
142 1910 295 1959 debuit,
318 1911 532 1962 praesertim
552 1910 690 1948 Atticis
710 1909 990 1960 scriptoribus·
982 1937 992 1954 ,
1018 1922 1066 1945 ex

36 1983 159 2021 eoque
201 1971 370 2021 profecti
413 1979 501 2008 sunt
541 1969 679 2007 calculi
719 1967 984 2007 Eratosthenis
1028 1975 1066 2004 et

35 2029 273 2080 Apollodori.

34 2114 92 2138 um
105 2106 158 2139 die
182 2107 250 2140 zeit
263 2107 320 2139 der
334 2106 620 2140 Heraclidenwand
626 2115 706 2147 rung
722 2105 1043 2145 niedergeschrieben
1055 2130 1064 2145 ,

35 2161 72 2186 so
88 2155 212 2186 miisste
225 2155 326 2186 schon
341 2155 465 2186 damals
482 2154 554 2186 eine
578 2154 714 2194 Uebung
738 2153 795 2185 der
815 2152 1066 2185 schreibekunst

33 2199 102 2232 und
123 2198 266 2241 zugleich
291 2201 342 2234 ein
361 2201 445 2233 Eiser
460 2201 512 2232 fiir
529 2200 794 2240 Aufbewahrung
815 2199 1065 2239 denkwtirdiger

34 2247 133 2280 Facta
154 2249 234 2280 statt
247 2248 407 2288 gerunden
423 2248 528 2280 haben
538 2272 548 2288 ,
567 2247 624 2280 der
638 2247 708 2279 sich
724 2247 784 2279 mit
801 2246 858 2278 der
873 2247 1066 2287 Duritigkeit

34 2294 103 2328 und
130 2295 456 2336 Unzuverlaessigkeit
479 2295 536 2327 der
563 2294 785 2335 griechischen
810 2294 1000 2326 Geschichte
1030 2294 1065 2326 in

36 2338 145 2374 &esen
155 2342 411 2375 sahrhunderten
424 2342 516 2374 nicht
525 2343 696 2381 vertragen
712 2340 789 2372 will.
800 2341 858 2371 Die
868 2340 1066 2381 griechische

34 2388 222 2421 Geschiohte
237 2390 361 2421 musste
376 2389 462 2421 daun
486 2388 655 2428 friihzeitig
669 2387 734 2420 den
749 2387 919 2419 character
940 2388 1064 2428 gleich-

35 2435 164 2476 zeitiger
185 2436 363 2468 Annalistik
385 2436 515 2476 zeigen,
539 2437 625 2468 etwa
649 2435 712 2467 wie
734 2434 786 2467 die
811 2435 980 2467 roemische
1000 2445 1064 2468 von

35 2481 94 2516 der
109 2482 176 2515 zeit
194 2482 251 2515 der
269 2483 430 2524 Republik
447 2492 501 2515 an.
518 2496 533 2511 »

36 2543 54 2552 κ
78 2529 123 2571 (*)
147 2533 237 2562 Hanc
252 2531 438 2571 temporum
469 2529 699 2562 tractationem
728 2538 902 2570 agnoscere
919 2530 998 2561 mihi
1019 2531 1065 2562 vi-

36 2575 113 2609 deor
123 2576 157 2609 in
174 2577 322 2618 Apollod.
341 2581 390 2618 11,
408 2582 439 2617 5,
459 2581 509 2618 11,
521 2577 578 2609 ubi
597 2578 751 2609 Hercules
765 2577 890 2608 labores
907 2578 1066 2618 peregisse

35 2621 153 2656 dicitur
170 2634 177 2655 :
193 2625 224 2656 ἐν
240 2624 299 2665 (sic
312 2625 421 2664 codd.;
442 2625 477 2656 in
496 2625 588 2657 editt.
603 2625 661 2665 ἑνὶ)
677 2626 748 2666 μηνὶ
771 2625 860 2666 (μησὶ
884 2633 926 2656 111.
945 2626 1063 2667 vatic.)

36 2671 88 2704 καὶ
101 2672 200 2704 ἔτεσιν
216 2672 311 2704 ὀκτώ.
329 2673 476 2704 Profecto
487 2681 551 2704 non
565 2672 691 2704 invenit
712 2673 783 2704 haec
798 2673 833 2704 in
844 2673 1045 2706 carminibus
1055 2699 1064 2715 ‚

37 2718 93 2751 scd
108 2720 327 2760 computando
344 2720 437 2752 eruit.
453 2720 634 2752 Verisimile
649 2729 727 2752 vero
747 2722 797 2752 est
813 2721 956 2752 veterem
975 2721 1063 2753 sabu-

38 2765 101 2798 iam
113 2766 238 2799 labores
263 2769 409 2808 peractos
429 2767 550 2800 dixisse
574 2776 695 2800 novem
722 2767 816 2799 annis
838 2767 1063 2809 (lunaribus),

35 2813 93 2854 qni
130 2815 225 2856 μέγαν
264 2819 450 2848 Graecorum
493 2815 630 2847 ἐνιαυτὸν
670 2814 864 2847 efficiebant.
906 2818 1066 2848 Praeterea

36 2867 154 2893 novem
185 2870 339 2894 numerus
366 2871 498 2902 magnas
533 2865 641 2903 partes
669 2862 734 2903 agit
770 2863 804 2894 in
835 2863 982 2896 Herculis
1019 2864 1064 2895 hi-

37 2908 136 2940 storia
162 2908 313 2949 (Leonem
335 2908 490 2942 interficit
513 2912 550 2941 18
573 2917 676 2941 annos
689 2910 803 2947 natus;
827 2917 902 2940 cum
921 2913 957 2942 18
975 2911 1064 2943 navi-

36 2953 98 2988 bus
123 2957 235 2988 contra
256 2956 385 2996 Trojam
407 2956 657 2997 proficiscitur).
681 2955 794 2988 Iamsi
812 2955 929 2989 doctus
954 2960 1065 2991 noster

40 3001 308 3044 chronographus
329 3004 461 3036 lunares
474 3012 578 3036 annos
591 3003 632 3035 ad
653 3003 772 3035 solares
789 3003 952 3035 revocavit
963 3004 1016 3044 (63
1032 3014 1061 3036 a

115 3064 156 3077 =
167 3054 206 3082 60
225 3059 254 3082 a.
284 3051 378 3083 solar.
382 3051 408 3091 ),
423 3051 562 3092 repperit
582 3054 600 3083 8
614 3059 667 3083 an.
681 3055 698 3082 5
712 3059 816 3082 mens.
832 3050 974 3091 Ideoque
987 3052 1066 3084 scri-

10 3103 18 3122 ³
37 3094 176 3129 bendum
191 3097 284 3130 foret.
298 3098 321 3130 ε’
334 3099 410 3140 μησὶ
425 3098 506 3130 καὶ”
493 3109 591 3130 ετεσιν
606 3099 702 3138 ὀκτὼ,
716 3098 890 3130 νθὶπέντε
907 3109 939 3139 μ.
951 3110 982 3130 κ.
998 3099 1022 3131 ἔ.
1034 3100 1062 3132 ὁ.

12 3142 153 3182 §Eadem
175 3145 276 3185 ratio,
291 3147 328 3177 ut
348 3146 506 3186 suspicor,
520 3147 574 3177 ost
587 3146 669 3178 alius
685 3145 813 3186 loci(1‚
829 3149 861 3186 9,
877 3148 929 3184 27,
945 3146 996 3186 6),
1008 3146 1063 3178 ubi

12 3190 234 3230 Argonautas
249 3191 328 3224 dicit
344 3193 395 3224 τὸν
409 3192 509 3225 πάντα
524 3194 619 3224 πλοῦν
636 3193 812 3225 absolvisse
827 3193 858 3224 ἐν
872 3194 889 3224 δ
903 3194 985 3226 (δυσὶ
1003 3198 1062 3235 Ly-

12 3187 29 3299 ἦξε-ΞΛΜ

12 3236 148 3278 cophr
170 3239 241 3276 175)
258 3240 346 3280 μησί.
364 3240 490 3272 Excidit
511 3241 567 3272 aut
592 3241 675 3272 ὀκτὼ
698 3240 811 3280 ἔτεσιν,
829 3242 884 3272 aut
906 3240 1062 3281 scriptum

15 3282 99 3319 fuit
115 3284 146 3316 ἐν
159 3286 268 3318 ἑκατὸν
281 3288 334 3319 καὶ
348 3287 430 3329 δυσι,
455 3287 544 3328 quod
559 3286 726 3319 librarium
742 3286 880 3320 offendit
890 3311 901 3328 ,
919 3287 975 3329 qui
991 3288 1062 3320 ideo

16 3331 146 3366 ἑκατὸν
161 3333 318 3366 omiserit.

2080 123 2152 159 571

1186 199 1271 234 Vita
1300 201 1471 245 Homeri,
1503 211 1589 248 quae
1608 197 1680 236 sub
1701 200 1886 238 Herodoti
1911 202 2067 241 nomine
2083 204 2158 242 cir-

1131 256 1356 304 cumfertur,
1374 269 1395 294 a
1415 255 1531 306 Troja
1552 257 1599 294 ad
1618 258 1774 309 Olymp.
1796 262 1814 297 Ι
1834 267 1994 310 exputat
2013 274 2048 300 a.
2068 268 2157 311 494.

1131 315 1203 352 Hic
1221 329 1404 353 numerus
1427 316 1474 352 de
1495 316 1632 354 excidii
1655 331 1757 355 anno
1777 318 2061 369 intelligendus.
2084 323 2159 359 Ita-

1130 387 1205 424 que
1239 374 1436 424 expeditio
1470 376 1693 414 collocanda
1723 391 1756 414 a.
1790 377 1862 421 504
1900 379 1958 416 vel
1992 381 2014 416 8
2046 387 2079 422 Χ
2108 382 2158 419 63

1129 441 1217 470 ante
1242 434 1397 483 Olymp.
1418 437 1434 470 I
1455 449 1504 469 z
1531 436 1629 472 1280
1651 444 1738 473 ante
1754 437 1891 474 Christ.

1182 491 1286 528 Idem
1304 502 1550 530 numerusest
1559 496 1746 541 Herodoti,
1766 496 1844 545 qui,
1860 504 2016 533 utrccte
2027 498 2160 535 statuit

1129 550 1283 588 Clinton
1303 554 1344 589 F.
1366 555 1413 589 H.
1435 565 1470 602 p.
1494 553 1539 599 6,
1561 553 1704 590 excidii
1721 567 1861 592 annum
1886 556 2016 606 posuit
2039 569 2159 603 127o;

1128 610 1294 662 ideoque
1323 612 1580 662 expeditionis
1614 627 1754 652 annum
1799 617 1909 653 1280.
1950 639 1998 644 -
2032 617 2159 655 Distat

1127 670 1316 707 Herodoti
1340 671 1508 709 calculus
1534 672 1582 709 ab
1608 674 1674 710 illo
1701 675 1906 712 Marmoris
1930 689 2007 713 uno
2031 677 2159 725 cyclo;

1128 741 1295 778 quocum
1317 729 1502 779 quadrat,
1520 731 1624 780 quod
1644 734 1876 782 Argonautae
1892 734 1994 784 apud
2013 734 2158 772 Herod.

1126 789 1164 830 Ι,
1185 787 1206 823 3
1227 801 1304 824 una
1327 796 1473 825 tantum
1501 791 1746 839 generatione
1768 799 1840 842 (z
1864 797 1921 840 1s2
1941 793 2052 842 cycl.)
2071 801 2159 831 ante

1127 845 1273 884 bellum
1303 846 1408 897 Troj.
1441 858 1659 897 ponuntur3
1690 863 1808 899 quum
1833 850 1898 887 alii
1922 865 1987 888 cos
2011 860 2160 903 ponant

1131 918 1147 942 1
1174 906 1231 950 ila
1255 905 1352 955 cycl.
1374 914 1462 943 ante
1481 908 1668 957 epocham
1687 908 1904 959 Trojanam.

1179 966 1312 1001 Aretes
1338 965 1441 1015 apud
1470 967 1667 1005 Censorin.
1700 970 1758 1004 De
1785 967 1847 1005 die
1868 976 1943 1005 nat.
1974 983 2006 1007 c.
2030 982 2075 1005 21
2109 970 2158 1021 (v,

1127 1022 1262 1060 Timaei
1300 1023 1345 1060 fr.
1388 1024 1472 1061 152.
1504 1025 1560 1062 Cf.
1590 1026 1679 1062 Vita
1722 1026 1885 1075 Timaei),
1909 1040 1931 1064 a
1962 1028 2080 1077 Troja
2111 1029 2160 1066 ad

1127 1082 1285 1132 Olymp.
1302 1085 1322 1120 I
1354 1092 1530 1120 numerat
1545 1097 1665 1121 anuos
1682 1084 1754 1128 514
1769 1098 1779 1130 ;
1797 1085 1900 1135 quod
1916 1086 2160 1124 referendum

1126 1149 1182 1178 est
1212 1140 1260 1177 ad
1293 1154 1434 1178 annum
1464 1142 1740 1192 expeditioni5‚
1768 1143 1822 1180 ita
1848 1151 1892 1180 ut
1916 1144 2063 1194 epocha
2083 1158 2157 1195 po-

1127 1200 1199 1237 sita
1229 1200 1278 1236 sit
1308 1200 1350 1237 in
1384 1214 1484 1237 anno
1516 1202 1656 1239 excidii
1692 1202 1792 1252 (504
1832 1210 1920 1239 ante
1954 1202 2109 1254 Olymp.
2142 1207 2160 1241 I

1126 1274 1179 1295 =
1202 1259 1301 1297 1280
1321 1267 1409 1297 ante
1431 1260 1551 1310 Chr.).

1178 1321 1291 1354 Duris
1304 1319 1453 1355 Samius
1468 1332 1530 1369 ap.
1549 1319 1666 1356 Clem.
1686 1319 1790 1356 Alex.
1808 1321 1938 1357 Strom
1956 1322 1988 1364 I,
2004 1332 2041 1369 p.
2058 1320 2132 1366 337
2147 1334 2156 1357 :

1126 1376 1195 1414 ἀπὸ
1219 1376 1349 1429 Τροίας
1374 1375 1537 1419 ἁλώσεως
1563 1376 1621 1415 ἐπὶ
1647 1377 1709 1424 τὴν
1729 1376 1954 1431 Ἀλεξάνδρου
1975 1379 2022 1420 εἷς
2044 1377 2160 1416 Ἀσίαν

1127 1434 1289 1473 &nieuw
1314 1445 1491 1473 numerat
1516 1435 1577 1483 ἔτη
1603 1435 1715 1488 χίλια.
1745 1440 1882 1487 Itaque
1907 1436 2023 1487 Troja
2050 1445 2163 1489 capta

1126 1503 1225 1532 esset
1249 1496 1346 1539 1334
1372 1504 1458 1532 ante
1482 1495 1596 1539 Chi-‚3
1622 1495 1883 1545 expeditionis
1905 1509 2026 1533 annus
2057 1497 2157 1541 1344

1126 1554 1185 1590 vel
1201 1583 1210 1600 ,
1238 1553 1270 1590 si
1292 1554 1496 1591 Marmoris
1522 1554 1691 1591 rationes
1714 1554 1924 1604 sequimur,
1951 1556 2048 1599 1343
2073 1564 2162 1592 ante

1127 1612 1231 1659 Chr„
1253 1612 1327 1659 567
1359 1613 1420 1649 vel
1437 1628 1487 1647 :-
1505 1626 1528 1661 9
1555 1620 1589 1653 ><
1624 1613 1673 1649 63
1691 1621 1791 1659 ‚ante
1811 1613 1967 1663 Olymp.
1987 1616 2031 1660 1;
2053 1613 2159 1663 quod

1128 1670 1282 1708 duobus
1300 1671 1416 1720 cyclis
1435 1685 1456 1708 a
1472 1674 1669 1708 Marmore
1688 1670 1813 1708 distat.

1181 1731 1277 1767 Cum
1307 1729 1456 1767 Duride
1487 1730 1680 1766 consentit
1719 1732 1892 1767 Timoeus.
1925 1732 2024 1767 Nam
2057 1729 2162 1780 quod

1126 1789 1245 1827 Clem.
1274 1789 1379 1826 Alex.
1412 1789 1437 1825 l.
1472 1789 1495 1825 l.
1529 1789 1623 1825 dicit
1652 1802 1739 1826 eum
1770 1801 1790 1825 a
1819 1788 1936 1838 Troja
1967 1797 2081 1839 capta
2113 1789 2162 1827 ad

1126 1848 1281 1898 Olymp.
1314 1851 1333 1885 I
1359 1860 1562 1884 numerare
1599 1861 1632 1885 a.
1665 1853 1754 1895 417,
1776 1847 1817 1884 id
1840 1848 1976 1884 falsum
2007 1861 2089 1884 esse
2114 1860 2162 1885 ex

1126 1907 1209 1943 aliis
1228 1920 1310 1957 quae
1331 1906 1379 1943 de
1390 1906 1527 1944 Timaei
1550 1906 1800 1957 chronologia
1816 1914 2014 1957 comperta
2033 1905 2159 1943 habe-

1126 1978 1236 2010 mus,
1267 1966 1481 2003 luculenter
1513 1974 1689 2016 apparet.
1718 1965 1819 2003 Vide
1849 1979 1934 2016 quae
1964 1965 2011 2003 de
2043 1979 2087 2002 ea
2118 1979 2159 2003 re

1126 2025 1379 2074 exposuimus
1420 2025 1461 2062 in
1490 2025 1580 2063 Vita
1613 2024 1758 2062 Timaei.
1785 2027 1882 2062 Cum
1915 2025 2061 2062 Timaeo
2093 2038 2157 2076 ap.

1126 2083 1243 2120 Clem.
1262 2084 1367 2121 Alex.
1387 2084 1634 2134 componitur
1652 2083 1879 2122 Clitarchus,

1179 2143 1296 2180 Duris
1327 2157 1445 2193 quum
1478 2156 1588 2180 suum
1624 2143 1780 2193 epochae
1807 2141 1984 2192 Trojanae
2015 2154 2158 2179 annum

1125 2201 1385 2239 verisimiliter
1399 2202 1578 2240 sumserit
1590 2215 1637 2238 ex
1655 2201 1885 2252 anagraphis
1902 2201 2160 2250 templiJuno-

1125 2261 1183 2298 nis
1199 2261 1350 2308 Samiae,
1362 2260 1470 2311 cujus
1487 2262 1612 2299 cultus
1626 2260 1675 2299 ab
1688 2261 1922 2300 illoJunonis
1933 2261 2081 2310 Argivae
2094 2260 2160 2299 de-

1126 2320 1273 2357 rivatur
1288 2319 1603 2370 (v.Men0dotu1n
1620 2321 1971 2371 ap.Athen.XV,p.
1986 2321 2075 2366 672,
2096 2319 2158 2370 A),

1125 2379 1290 2417 eundem
1312 2393 1513 2417 numerum
1533 2388 1734 2430 exspectes
1757 2379 1805 2417 ab
1833 2379 2033 2417 Hellanico
2051 2380 2159 2429 posi-

1126 2445 1209 2474 tum
1229 2451 1311 2476 esse
1341 2439 1380 2475 in
1411 2438 1696 2476 Sacerdotibus.
1717 2440 1893 2477 Attamen
1917 2439 2157 2485 Hellanicus,

1124 2496 1156 2534 si
1181 2496 1337 2547 quidem
1356 2506 1458 2535 recte
1479 2511 1566 2534 cum
1587 2498 1820 2535 Philochoro
1842 2497 2002 2545 aliisque
2027 2495 2158 2532 Atthi-

1124 2556 1215 2594 dum
1270 2557 1526 2608 scriptoribus
1559 2558 1809 2608 componitur
1852 2555 1974 2606 (Hell.
2009 2555 2056 2592 fr.
2092 2555 2156 2601 63,

1124 2616 1295 2654 Philoch.
1310 2617 1361 2667 8),
1375 2617 1415 2653 in
1424 2616 1590 2667 Trojana
1608 2616 1758 2667 epocha
1775 2615 1823 2652 ad
1841 2612 2044 2652 Marmoris
2057 2625 2157 2649 com-

1124 2683 1260 2726 putum
1296 2675 1475 2725 proxime
1500 2675 1704 2712 accessisse
1730 2674 1856 2711 debet.
1891 2676 1988 2710 Nam
2021 2681 2155 2709 aucto-

1125 2747 1185 2772 res
1205 2734 1322 2771 modo
1342 2733 1446 2771 allati
1473 2733 1521 2770 ab
1539 2737 1698 2784 Ogygeo
1722 2732 1867 2769 diluvio
1884 2731 1932 2768 ad
1960 2731 2114 2781 Olymp.
2138 2733 2155 2770 I

1124 2806 1345 2830 numerasse
1366 2792 1548 2829 dicuntur
1567 2805 1687 2829 annos
1712 2804 1824 2828 1020.
1853 2794 1938 2828 Jam
1959 2803 2077 2840 quum
2105 2788 2154 2826 ab

1124 2855 1260 2902 Ogyge
1288 2851 1337 2889 ad
1363 2854 1574 2901 Cecropem
1595 2851 1693 2900 cycli
1718 2851 1793 2887 sint
1814 2858 1911 2897 tres,
1937 2862 1960 2886 a
1983 2852 2156 2899 Cecrope

1124 2925 1214 2950 vero
1243 2911 1290 2949 ad
1317 2911 1431 2948 finem
1457 2910 1668 2948 Menesthei
1703 2922 1770 2946 sex
1798 2908 1894 2958 cycli
1925 2916 2154 2955 statuantur,

1124 2971 1274 3022 epocha
1303 2970 1471 3020 Trojana
1501 2969 1654 3007 caderet
1673 2968 1713 3005 in
1734 2981 1769 3004 a.
1793 2979 1893 3015 1229
1921 2980 1954 3004 a.
1981 2966 2069 3004 Chr.
2094 2966 2154 3004 vel

1126 3031 1201 3074 453
1229 3037 1318 3067 ante
1343 3029 1501 3078 Olymp.
1523 3031 1554 3064 Ι.
1585 3026 1837 3063 Philochorus
1856 3025 1975 3075 igitur
1993 3038 2015 3062 a
2042 3028 2153 3062 Mar-

1123 3101 1230 3126 more
1253 3101 1297 3125 12
1313 3087 1422 3124 annis
1439 3086 1621 3124 differret.
1641 3088 1735 3131 Quae
1755 3084 1973 3122 differentia
1991 3084 2152 3121 fortasse

1125 3146 1292 3184 tollenda
1319 3153 1376 3183 est
1406 3145 1480 3191 ita,
1514 3152 1556 3182 ut
1606 3143 1646 3180 in
1677 3142 1899 3180 Philochori
1930 3142 2064 3193 fragm.
2085 3142 2153 3196 ,ακὲ

1124 3206 1225 3243 facili
1243 3217 1374 3242 errore
1393 3204 1579 3253 scriptum
1602 3210 1745 3239 statuas
1768 3215 1839 3252 pro
1861 3200 1941 3254 “²⁷1'-

1176 3284 1191 3298 «ι
1201 3268 1387 3313 Excerpta
1400 3262 1591 3312 Barbara,
1607 3261 1809 3299 Boeckhius
1824 3261 1887 3307 ait,
1902 3275 1923 3299 a
1937 3260 2152 3299 Menesthei

1125 3325 1230 3370 exitu
1258 3324 1316 3361 vel
1338 3322 1446 3359 initio
1475 3321 1786 3372 DemophontiS.
1808 3320 2041 3371 computatis
2067 3319 2151 3357 sin-
