2320 3684
756 180 1087 225 APOLLODORI
1114 180 1439 225 FRAGMENTA.

49 279 129 321 πους
160 273 443 329 μετῳκισμένων,
472 271 530 316 οὒς
560 271 619 310 καὶ
648 273 667 309 ὃ
698 269 863 324 Ἀράξης,
887 269 934 313 ὥς
964 286 1068 324 φησιν

50 334 323 388 Ἀπολλόδωρος,
343 332 412 371 ἀπὸ
429 334 492 378 τῆς
510 329 694 384 Ἀρμενίας
712 328 830 381 ὁρίζει.

100 453 224 492 Schol.
246 451 294 490 ad
316 455 430 490 Hom.
451 450 497 488 11.
517 450 566 498 Θ,
597 449 671 493 284
687 477 698 497 ,
718 448 921 486 Herculem
942 457 1072 486 narrat

47 511 163 563 ’froja
191 510 360 562 potitum
385 509 577 548 Hesionen
606 507 797 558 captivam
820 507 972 544 muneri
1000 507 1071 545 de-

48 573 148 611 disse
178 569 396 618 Telamoni,
417 576 530 619 atque
552 567 673 604 filium
693 579 806 617 quem
825 565 888 603 hic
907 579 955 604 ex
971 569 1073 603 Tro-

47 630 135 682 jana
167 629 328 667 muliere
348 627 576 678 suscepisset
601 626 839 663 nominatum
860 638 940 663 esse
971 627 1073 662 Teu-

50 702 170 728 crum.
199 686 342 726 Addit:
368 685 414 725 Ἡ
442 683 480 723 δὲ
501 683 637 738 ἱστορία
666 682 909 737 ἀκριὸέστερον
937 681 1074 735 εἴρηται

49 746 147 801 παρὰ
183 762 221 785 τε
263 744 379 788 ἄλλοις
416 745 558 786 πολλοῖς
599 742 659 781 καὶ
702 740 800 794 παρὰ
851 741 1073 794 Ἀπολλωνίῳ

53 809 66 859 (
77 803 328 856 Ἀπολλοδώρῳ
346 801 534 854 Heynius)
568 803 620 854 τῷ
662 801 899 854 γραμματικῷ
946 801 980 838 ἐν
1024 802 1074 852 τῷ

52 863 200 918 δευτέρῳ
221 865 291 901 τῶν
314 863 423 913 γενῶν
444 861 530 913 (leg.
549 860 628 914 περὶ
647 861 746 898 νεῶν.
768 859 894 898 Schol.
915 858 1075 909 Didymi

52 925 87 964 ἓν
104 920 290 974 καταλόγῳ
307 919 423 971 νεῶν).

452 981 666 997 *ooo——

450 1024 603 1064 LIBER
629 1023 676 1063 V.

522 1088 610 1126 163.

107 1150 308 1189 Athenaeus
326 1149 403 1196 111,
431 1162 468 1197 7,
486 1161 525 1199 p.
557 1148 621 1195 82,
650 1149 680 1184 B
703 1160 711 1183 τ
737 1144 824 1184 “O-:2
853 1144 889 1183 δὲ
909 1147 930 1191 ἡ
954 1144 1078 1188 Σιδοῦς

53 1211 116 1255 τ’ἧς
136 1205 305 1261 Κορίνθου
330 1206 403 1244 ἐστ).
428 1205 547 1256 κώμη,
566 1203 704 1247 Ῥιανὸς
731 1202 867 1257 εἴρηκεν
892 1204 927 1240 ἐν
952 1201 1076 1256 πρώτῃ

55 1265 285 1319 Ἡρακλείας,
324 1263 384 1303 καὶ
427 1267 446 1303 ὁ
478 1262 736 1315 Ἀπολλόδωρος
770 1264 789 1300 ὃ
821 1261 997 1309 Ἀθηναῖος
1042 1263 1077 1300 ἐν

55 1326 207 1379 πέμπτῳ
226 1325 306 1379 περὶ
323 1327 409 1363 νεῶν
429 1322 637 1375 καταλόγου.

468 1391 689 1406 ——-···——-

445 1438 595 1474 LIBER
622 1435 712 1474 VII.

535 1493 620 1531 164.

110 1556 242 1608 Steph.
267 1559 358 1606 ByZ.
377 1567 386 1591 ε
408 1552 533 1601 Λιταὶ,
558 1551 658 1596 πόλις
689 1551 892 1599 Λακωνική.
911 1549 1081 1591 Ἀπολλό-

58 1617 164 1670 δωρος
184 1613 334 1667 ἑὸδόμῳ.

525 1670 611 1709 165.

110 1738 249 1778 Strabo
267 1739 377 1785 VIII,
395 1750 435 1787 p.
458 1735 548 1783 566,
567 1738 602 1774 A
617 1732 724 1786 (368)
742 1746 752 1772 :
777 1733 922 1771 Primas
950 1737 1081 1784 Argo-

58 1799 122 1836 lici
139 1798 242 1835 sinus
263 1804 390 1848 partes
403 1798 587 1842 Lacones,
608 1793 755 1843 reliqua
778 1793 911 1843 Argivi
940 1801 1080 1831 tenent.

58 1861 254 1895 Laconum
270 1864 327 1894 est
342 1855 443 1892 inter
459 1853 550 1891 alias
568 1852 683 1890 urbes
700 1851 761 1889 καὶ
778 1854 800 1898 ἡ
820 1850 954 1904 λιμηρὰ
978 1850 1082 1890 Ἐπί-

60 1916 194 1968 δαυρος,
211 1916 257 1957 ὡς
273 1910 524 1966 Ἀρτεμίδωρός
541 1926 658 1965 φησιν.
678 1909 936 1963 Ἀπολλόδωρος
956 1909 992 1948 δὲ
1010 1912 1083 1949 Κυ-

60 1972 172 2027 θήρων
198 1971 346 2019 πλησίον
371 1973 502 2023 ἱστορεῖ
529 1970 678 2017 ταύτην·
707 1968 884 2019 εὐλίμενον
909 1967 946 2006 δὲ
975 1963 1082 2007 οὖσαν

62 2031 219 2085 βραχέως
232 2030 291 2069 καὶ
308 2027 593 2080 ἐπιτετμημένως
605 2027 768 2080 Λιμηρὰν
784 2029 960 2081 εἰρῆσθαι,
977 2029 1024 2071 ὡς
1042 2028 1083 2065 ἂν

61 2090 263 2144 λιμενηρὰν,
294 2087 596 2140 μεταὸεὸληκέναι
616 2086 653 2125 δὲ
675 2086 839 2138 τοῦνομα.
864 2087 920 2126 Cf.
951 2088 1081 2138 Steph.

59 2152 151 2200 Byz.
169 2150 209 2187 in
229 2147 440 2201 Ἐπίδαυρος
458 2155 495 2185 et
512 2146 636 2197 intpp.

60 2294 331 2335 commigrarunt,
350 2300 432 2333 quos
449 2291 547 2324 etiam
565 2293 687 2323 Araxes
698 2313 708 2329 ‚
725 2291 763 2323 ut
781 2290 827 2322 ait
848 2278 1083 2332 Apollodorus}

61 2342 102 2374 ab
122 2341 274 2375 Armenia
294 2340 432 2381 separat.

529 2403 617 2437 162.

2077 191 2150 224 457

1287 271 1441 310 LIBER
1469 271 1566 312 VIII
1594 271 1660 309 ET
1687 269 1994 318 SEQUENTES.

1601 329 1686 366 166.

1182 387 1399 438 Stephanus
1411 402 1419 424 :
1431 386 1580 430 Ὤλενος
1646 386 1902 439 Ἀπολλόδωρος
1917 384 1952 424 δὲ
1966 387 2153 440 ἀρσενικῶς

1131 443 1238 490 αὐτήν
1274 459 1378 497 φησιν
1399 445 1434 482 ἐν
1465 443 1576 498 ὀγδόῳ
1598 447 1659 483 τοῦ
1687 446 1773 483 νεῶν
1807 443 2002 495 καταλόγου
2017 460 2026 468 ·
2045 463 2060 479 «
2080 444 2152 484 Τὸν

1128 498 1279 540 Ὤλενον
1317 502 1376 540 καὶ
1409 501 1471 549 τὴν
1505 502 1698 550 Παλλήνην
1730 507 1789 542 νῦν
1823 501 1886 554 μὲν
1918 501 2034 541 οὐκέτι
2065 497 2152 542 εἶναι

1130 558 1363 610 συμὸέὸηκεν.
1383 578 1398 595 »

1601 620 1686 658 167.

1184 675 1323 716 Strabo
1348 679 1409 725 X,
1439 689 1465 727 p
1506 679 1602 728 696,
1622 679 1801 731 A(353>,
1827 680 1880 738 ,de
1911 680 2155 731 Cephallenia

1132 735 1223 772 olim
1243 737 1359 773 Samo
1377 743 1414 772 et
1432 738 1542 774 Same
1562 736 1663 775 dicta
1686 752 1694 774 :
1720 737 1977 791 Ἀπολλόδωρος
2009 737 2045 776 δὲ
2075 738 2154 783 τοτὲ

1133 791 1196 844 μὲν
1215 793 1250 831 ἐν
1282 794 1332 844 τῷ
1353 791 1500 844 ἐπιθέτῳ
1518 792 1630 844 λέγων
1651 795 1850 834 διεστάλθαι
1868 795 1930 843 τὴν
1951 797 2154 848 ὁμωνυμίαν

1134 851 1187 902 (in
1214 851 1298 888 aliis
1322 850 1434 888 codd.
1459 851 1711 905 ἀμφιὸολίαν),
1732 853 1892 892 εἰπόντα·
1910 872 1925 888 «
1956 854 2094 906 Σάμοιό
2117 871 2156 895 τε

1131 907 1416 957 παιπαλοέσσης,
1433 927 1448 942 υ
1466 910 1512 952 ὣς
1529 909 1592 957 τὴν
1609 913 1713 957 νῆσον
1730 911 1895 963 λέγοντα·
1915 911 1995 951 τοτὲ
2014 913 2044 951 δ’
2064 915 2157 953 ἀντι-

1132 967 1325 1022 γράφεσθαι
1345 968 1413 1006 δεῖν
1427 983 1436 991 ·
1455 985 1471 1002 «
1489 969 1664 1023 Δουλιχίῳ
1682 986 1720 1008 τε
1744 970 1857 1023 Σάμῳ
1876 988 1965 1020 τε»,
1985 970 2077 1010 ἀλλὰ
2106 971 2156 1023 μὴ

1134 1026 1262 1079 «Σάμῃ
1272 1042 1310 1065 τε
1319 1045 1348 1076 »‚
1357 1026 1461 1074 δῆλός
1474 1028 1548 1065 ἐστι
1561 1027 1624 1075 τὴν
1640 1027 1702 1079 μὲν
1715 1028 1814 1067 πόλιν
1825 1030 1951 1082 Σάμην
1964 1031 2022 1069 καὶ
2035 1031 2157 1082 Σάμον

1133 1083 1346 1136 συνωνύμως
1367 1085 1627 1136 ὃπολαμὸάνων
1660 1086 1882 1139 ἐκφέρεσθαι,
1902 1087 1965 1135 τὴν
1998 1089 2033 1127 δὲ
2052 1092 2157 1136 νῆσον

1134 1142 1258 1194 Σάμον
1277 1141 1398 1194 μόνον·
1419 1142 1472 1182 ὅτι
1498 1142 1565 1197 γὰρ
1585 1143 1694 1195 Σάμη
1717 1144 1856 1196 λέγεται
1874 1149 1896 1192 ἡ
1915 1145 2034 1196 πόλις,
2054 1148 2157 1194 δῆλον

1135 1195 1224 1240 εἶναι
1236 1200 1276 1240 ἔκ
1289 1218 1328 1241 τε
1339 1205 1400 1240 τοῦ
1415 1202 1702 1256 διαριθμούμενον
1714 1203 1791 1247 τοὺς
1802 1203 1845 1249 -ἕξ
1868 1204 2016 1252 ἑκάστης
2028 1205 2160 1249 πόλεως

1136 1263 1337 1314 μνηστῆρας
1371 1260 1499 1314 φάναι,
1518 1260 1616 1300 α’Έκ
1638 1277 1676 1300 τε
1710 1261 1836 1313 Σάμης
1863 1261 2004 1315 πίσυρές
2035 1279 2074 1301 τε
2101 1263 2160 1301 καὶ

1136 1319 1246 1358 ε’ίκοσι
1271 1322 1379 1373 φῶτες
1398 1318 1502 1368 ἔασι,
1521 1338 1536 1354 »
1561 1320 1621 1358 καὶ
1645 1322 1684 1358 ἐκ
1708 1324 1769 1358 τοῦ
1798 1320 1877 1374 περὶ
1905 1323 1967 1367 τ’ἧς
1986 1320 2162 1373 Κτιμένης

1135 1377 1242 1428 λόγου
1260 1394 1268 1402 ·
1290 1395 1305 1412 «
1325 1377 1402 1425 Τὴν
1425 1377 1487 1429 μὲν
1507 1377 1628 1417 ἔπειτα
1645 1378 1807 1430 Σάμηνδ’
1830 1378 1995 1417 ἔδοσαν.»

1189 1437 1296 1475 Idem
1319 1451 1357 1488 p.
1381 1450 1478 1486 700,
1511 1440 1541 1475 C
1571 1437 1623 1488 (p.
1644 1437 1756 1489 457),
1794 1438 1842 1475 de
1871 1438 1996 1475 insula
2014 1439 2165 1476 Asteria

1133 1497 1244 1549 juxta
1278 1498 1567 1550 Cephalleniam
1590 1514 1598 1536 ε
1619 1497 1662 1538 Ὁ
1694 1498 1730 1537 δὲ
1760 1498 2017 1553 Ἀπολλόδωρος
2049 1499 2163 1550 μένειν

1137 1555 1196 1595 καὶ
1221 1559 1295 1604 νῦν,
1321 1555 1382 1594 καὶ
1416 1555 1597 1608 πολίχνιον
1630 1555 1725 1608 λέγει
1750 1558 1785 1595 ἐν
1803 1558 1890 1610 αὐτῇ
1911 1557 2165 1610 Ἀλαλκομενὰς

1137 1613 1177 1652 τὸ
1190 1613 1245 1652 ἐπ’
1265 1615 1361 1667 αὐτῷ
1379 1615 1429 1667 τῷ
1447 1615 1563 1667 ἰσθμῷ
1581 1614 1752 1667 κείμενον.

1191 1736 1296 1775 Idem
1330 1739 1388 1785 X,
1413 1751 1452 1789 p.
1478 1738 1574 1788 706,
1609 1741 1645 1776 A
1672 1741 1726 1789 (p.
1743 1738 1834 1789 460)
1859 1752 1867 1775 :
1899 1738 2165 1777 Artemidorus

1138 1795 1357 1834 Chalcidem
1385 1796 1465 1834 sive
1496 1796 1687 1834 chalciam
1706 1797 1856 1835 AEtoliae
1878 1806 2048 1834 montem
2066 1797 2167 1835 inter

1138 1854 1351 1892 Acheloum
1369 1863 1408 1891 et
1434 1855 1664 1892 Pleuronem
1685 1855 1816 1906 ponit3
1835 1853 2093 1908 Ἀπολλόδωρος
2113 1853 2162 1905 δὲ,

1139 1914 1185 1956 ὡς
1206 1910 1372 1966 πρότερον
1405 1905 1501 1951 εἷπον
1535 1914 1596 1965 (p.
1634 1915 1708 1963 692
1725 1943 1736 1962 ‚
1765 1917 1799 1952 A
1815 1942 1825 1958 ‚
1862 1917 1890 1951 B
1922 1914 2031 1965 [451]
2047 1944 2058 1962 ,
2101 1915 2167 1952 sed

1140 1971 1382 2022 Apollodoro
1402 1985 1480 2009 non
1500 1971 1690 2024 laudato),
1708 1970 1795 2025 ὑπὲρ
1817 1973 1879 2018 τῆς
1889 1971 2091 2024 Μολυκρίας
2106 1971 2165 2011 καὶ

1142 2027 1206 2076 τὴν
1225 2030 1387 2068 Χαλκίδα
1414 2029 1474 2068 καὶ
1500 2028 1564 2077 τὴν
1585 2030 1791 2084 Ταφιασσὸν
1809 2030 1868 2068 καὶ
1887 2028 1951 2078 τὴν
1971 2031 2168 2070 Καλυδῶνα

1142 2086 1270 2140 μεταξὺ
1287 2089 1447 2142 ἱδρῦσθαι
1464 2088 1550 2142 φησὶ
1568 2092 1632 2135 τ’ἧς
1651 2089 1836 2133 Χαλκίδος.

1194 2145 1293 2184 Ibid.
1330 2147 1460 2198 paullo
1492 2156 1581 2198 post
1599 2163 1608 2185 :
1628 2149 1703 2195 Τῆς
1720 2147 1755 2185 δὲ
1776 2147 1963 2199 μεσογαίας
1990 2147 2081 2186 κατὰ
2105 2146 2167 2195 μὲν

1508 2290 1662 2330 LIBER
1695 2292 1791 2331 VIII
1800 2322 1810 2331 .

1182 2411 1304 2443 Olenus
1381 2411 1596 2453 Apollodorus
1613 2361 1794 2445 inigculino
1815 2421 1928 2453 genere
1947 2414 2030 2445 hanc
2051 2423 2165 2446 vocem

102 2463 246 2497 Historia
265 2461 454 2504 explicatius
472 2463 620 2493 narratur
639 2461 711 2492 tum
730 2458 771 2490 ab
792 2458 864 2490 aliis
887 2458 997 2490 multis
1015 2458 1085 2490 tum
1141 2467 1302 2499 usurpans
1315 2458 1394 2491 dicit
1411 2459 1445 2490 in
1465 2461 1583 2491 octavo
1600 2459 1739 2491 Navium
1755 2460 1890 2500 catalogi
1908 2470 1916 2491 ε
1944 2472 1959 2487 «
1982 2460 2119 2492 Olenum
2136 2463 2167 2492 et

62 2511 103 2544 ab
131 2510 322 2552 Apollodoro
343 2508 553 2550 grammatico
574 2507 608 2539 in
635 2506 717 2538 libro
751 2505 893 2538 secundo
914 2505 1020 2545 operis
1046 2505 1086 2537 de

62 2558 201 2591 Navium
217 2554 373 2598 catalogo.

458 2657 612 2696 LIBER
640 2658 688 2697 V.

529 2728 615 2762 163.

106 2783 274 2815 Siduntem
301 2782 410 2814 vicum
432 2790 502 2814 esse
531 2782 693 2814 Corinthii
720 2791 807 2823 agri,
834 2783 979 2815 Rhianus
1006 2782 1088 2815 dixit

65 2829 169 2871 primo
181 2829 263 2861 libro
279 2829 451 2870 Heracleae,
466 2830 499 2860 et
512 2828 727 2869 Apollodorus
742 2829 945 2862 Atheniensis
973 2830 1088 2871 quinto

67 2876 107 2908 de
121 2875 261 2908 Navium
280 2875 445 2916 catalogo.

439 2977 594 3016 LIBER
621 2978 708 3018 VII.

533 3052 621 3086 164.

109 3111 208 3152 Litae‚
230 3112 309 3145 urbs
330 3112 498 3145 Laconica.
523 3114 737 3155 Apollodorus
759 3117 907 3157 septimo.

534 3178 621 3211 165.

108 3234 308 3274 Epidaurum
335 3234 497 3266 Limeram
524 3235 737 3275 Apollodorus
764 3236 914 3277 Cytheris
947 3236 1087 3268 vicinam

70 3278 165 3319 facit,
186 3282 295 3321 aitque
315 3281 357 3313 ob
373 3284 486 3322 portus
515 3281 526 3322 (
544 3283 646 3314 limen
662 3282 690 3315 is
711 3284 823 3315 Graece
840 3283 981 3323 dicitur)
1000 3292 1088 3314 com-

28 3345 30 3347 ·
70 3326 256 3360 moditatem
277 3328 476 3359 Limeneram
489 3351 498 3367 ‚
520 3337 557 3360 ac
578 3332 689 3369 postea
706 3330 836 3362 conciso
856 3330 1015 3363 vocabulo
1035 3330 1085 3362 Li-

70 3381 189 3405 meram
212 3374 310 3407 fuisse
324 3375 593 3415 cognominatam.

1143 2519 1159 2535 «
1176 2507 1328 2539 Pallenen
1342 2516 1429 2540 nunc
1444 2507 1575 2548 quidem
1590 2517 1655 2540 non
1672 2508 1811 2549 amplius
1827 2516 1898 2541 esse
1912 2508 2056 2548 contigit.
2077 2521 2092 2535 n

1183 2617 1398 2658 Apollodorus
1413 2617 1491 2649 alibi
1503 2617 1648 2658 quidem,
1661 2618 1802 2650 vitandae
1813 2616 2028 2658 ambiguitatis
2039 2625 2163 2657 caussa,

1142 2664 1314 2697 salebrosae
1336 2666 1551 2705 cognomento
1573 2666 1707 2696 Samum
1729 2663 1903 2704 distingui,
1921 2672 1958 2694 ac
1979 2672 2036 2703 pro
2058 2663 2166 2694 insula

1141 2711 1219 2752 poni
1239 2711 1390 2750 tradens,
1413 2711 1488 2743 alibi
1513 2724 1528 2739 α
1551 2711 1800 2751 Dulichiumque
1822 2712 2035 2749 Samumque,
2058 2722 2073 2736 υ
2099 2718 2164 2741 non

1145 2771 1160 2786 a
1186 2761 1367 2798 Samenque
1390 2771 1406 2785 »
1434 2757 1531 2788 scribi
1555 2757 1686 2796 volens,
1712 2757 1789 2789 satis
1812 2755 1969 2794 ostendit,
1995 2763 2029 2787 se
2050 2756 2166 2796 putare

1142 2805 1255 2837 urbem
1278 2807 1395 2836 Samen
1417 2806 1613 2844 Samumque
1633 2804 1817 2844 promiscue
1834 2802 2007 2843 appellari,
2024 2801 2164 2833 insulam

1142 2861 1220 2884 vero
1231 2854 1365 2883 Samum
1382 2851 1559 2890 duntaxat;
1579 2859 1654 2881 nam
1677 2849 1749 2881 urbi
1770 2857 1887 2880 nomen
1905 2857 1976 2881 esse
1998 2851 2112 2880 Samen
2132 2849 2165 2881 li-

1142 2907 1239 2939 quere
1255 2907 1295 2930 ex
1308 2906 1358 2936 eo,
1372 2897 1461 2938 quod
1476 2905 1591 2937 procos
1603 2905 1805 2935 enumerans,
1818 2895 1872 2936 qui
1885 2904 1903 2927 e
1917 2895 2032 2936 quavis
2047 2894 2166 2927 fuerint

1142 2946 1240 2985 urbe,
1262 2944 1379 2976 dixerit
1397 2954 1404 2975 :
1432 2956 1447 2971 α
1469 2943 1592 2983 Viginti
1609 2951 1724 2975 venere
1746 2944 1842 2974 Samo
1856 2943 1992 2983 juvenes
2013 2943 2164 2982 quatuor-

1142 3000 1216 3032 que,
1241 3004 1256 3019 »
1280 2994 1312 3022 et
1333 2990 1421 3031 quod
1442 2989 1482 3022 de
1503 2989 1652 3022 Ctimena
1672 2991 1822 3021 narratur
1845 2998 1853 3020 :
1879 3000 1895 3016 a
1916 2989 2009 3020 Hanc
2029 2988 2165 3029 posthac

1142 3038 1259 3070 misere
1280 3039 1406 3069 Samen.
1427 3047 1443 3064 n

1183 3084 1395 3125 Apollodorus
1406 3083 1582 3115 etiamnum
1596 3090 1724 3114 manere
1740 3081 1784 3113 ait
1793 3081 1950 3114 Asteriam
1961 3081 2110 3122 insulam,
2121 3082 2164 3114 in·

1142 3140 1205 3171 que
1221 3140 1260 3162 ea
1275 3130 1462 3171 oppidulum
1479 3129 1718 3169 Alalcomenas,
1736 3129 1767 3160 in
1785 3129 1856 3170 ipso
1871 3129 2014 3170 positum
2024 3129 2160 3161 Isthmo.

1184 3234 1408 3275 Apollodorus,
1423 3234 1508 3266 sicut
1520 3234 1594 3266 ante
1609 3234 1700 3273 dixi,
1715 3234 1901 3266 Chalcidem
1916 3234 1986 3266 sive
1999 3234 2162 3266 Chalciam

1143 3284 1284 3313 montem
1296 3290 1332 3313 su
1338 3290 1393 3322 pra
1407 3280 1595 3321 Molycn'am
1610 3283 1642 3312 et
1651 3280 1835 3314 Chalcidem
1847 3282 1880 3313 et
1891 3281 2115 3322 Taphiassum,
2130 3282 2164 3313 et

1143 3328 1340 3368 Calydonem
1353 3328 1499 3367 collocat,
1509 3329 1543 3359 in
1552 3328 1659 3360 medio
1666 3328 1833 3360 Pleuronis
1842 3329 1874 3360 et
1881 3327 2042 3360 Chalcidis
2059 3327 2159 3359 urbis.

1182 3378 1218 3408 In
1236 3375 1478 3408 mediterraneis
1496 3374 1582 3416 apud
1607 3375 1818 3408 Acarnaniam
1840 3375 2052 3416 Apollodorus
2069 3383 2161 3415 quos-
