2320 3684
143 218 217 251 312

867 209 1166 248 THEOPOMPI
1192 210 1530 252 FRAGMENTA.

142 299 221 336 clea
238 307 276 336 et
291 298 338 336 de
357 298 530 336 Clearchi
558 296 759 348 tyrannide
778 296 951 347 legimus.
979 295 1170 334 Probabi-
1201 294 1206 316 ¹
1231 296 1291 335 καὶ
1308 296 1391 335 τάδε
1406 298 1550 352 γράφει·
1573 317 1587 331 u
1604 300 1756 341 Νυσαῖος
1773 301 1791 337 ὃ
1810 298 1992 337 Διονυσίου
2008 302 2069 337 τοῦ
2087 298 2256 354 προτέρου

142 358 213 395 lius
226 366 280 396 est
293 357 519 396 Strabonem
533 359 623 404 XII,
635 369 673 406 p.
687 357 776 402 816,
788 355 1045 406 Theopompo
1062 368 1172 393 usum
1231 355 1324 404 υἱὸς,
1346 356 1462 409 κύριος
1481 359 1550 394 τῶν
1568 358 1603 394 ἐν
1629 357 1869 410 Συρακούσαις
1887 356 2070 408 γενόμενος
2088 358 2258 411 πραγμά-

143 430 223 454 esse
240 426 408 454 auctore.

617 477 706 515 201.

198 538 336 577 Strabo
354 539 448 584 XII,
467 550 505 587 p.
525 537 624 580 542:
643 534 856 586 Θεόπομπος
872 533 908 573 δὲ
930 535 1173 589 Μαριανδυνόν

143 612 228 651 φησι
256 596 381 650 μέρους
409 598 472 642 τῆς
499 594 750 649 Παφλαγονίας
772 593 922 648 ἄρξαντα
948 594 1015 633 ὑπὸ
1034 596 1174 634 πολλῶν

144 654 455 707 δυναστευομένης,
474 654 663 693 ἐπελθόντα
679 653 743 701 τὴν
761 656 830 692 τῶν
858 653 1043 708 Βεὸρύκων
1067 669 1175 693 κατα-

144 721 240 768 σχεῖν
251 731 258 738 ·
280 715 322 762 ἣν
338 715 367 752 δ’
383 713 548 763 ἐξέλιπεν,
568 712 749 765 ἐπώνυμον
761 715 885 752 ἑαυτοῦ
904 716 1120 753 καταλιπεῖν.

615 774 707 814 202.

197 834 306 871 Idem
322 836 416 882 XII,
437 847 476 884 p.
497 835 586 882 547,
603 837 655 871 B:
673 831 772 879 Φησὶ
791 831 828 870 δὲ
845 831 953 880 αὐτὴν
971 833 1175 884 (Amisum)

144 890 358 943 Θεόπομπος
393 890 553 945 πρώτους
584 890 780 939 Μιλησίους
804 890 948 940 κτίσαι,
975 889 1175 930 Καππαδό-

144 966 214 988 κων
239 950 412 1004 ἄρχοντας
427 967 435 975 ·
455 950 571 1005 τρίτον
589 951 619 989 δ’
648 951 707 989 ὑπ’
726 948 970 998 Ἀθηνοκλέους
996 949 1056 988 καὶ
1077 949 1177 997 Ἀθη-

145 1008 251 1047 ναίων
272 1011 544 1060 ἐποικισθεῐσαν,
559 1013 712 1064 Πειραιᾶ
734 1012 1048 1061 μετονομασθῆναι.

198 1072 326 1107 Locus
343 1078 474 1121 aperte
494 1071 662 1108 mutilus.
679 1073 807 1117 Quare
821 1068 1069 1108 Casaubonus
1087 1081 1177 1118 pro-

146 1128 255 1166 bavit
271 1130 413 1167 veteris
429 1130 651 1181 interpretis
672 1130 875 1167 lectionem
897 1145 904 1166 :
927 1121 1002 1166 εἶτα
1022 1129 1178 1166 Καππα-

147 1186 257 1226 δόκων
279 1186 445 1241 ἄρχοντα.
464 1191 642 1227 Ceterum
663 1189 737 1226 hoc
755 1189 853 1226 sicut
873 1187 977 1238 quod
997 1187 1177 1238 praecedit

148 1246 402 1296 fragmentum
424 1248 685 1286 verisimiliter
698 1248 934 1286 Wichersius
954 1247 1045 1283 huic
1061 1247 1178 1283 maxi-

149 1317 209 1341 me
223 1304 323 1342 libro
342 1305 492 1354 tribuit,
510 1315 631 1356 quum
649 1307 695 1344 de
710 1307 865 1358 populis
883 1313 998 1355 atque
1015 1304 1178 1342 urbibus

147 1363 196 1400 ad
209 1367 374 1402 Pontum
391 1365 487 1402 ineo
505 1379 719 1403 sermonem
733 1365 847 1402 fuisse
868 1364 1082 1414 fragmento
1102 1377 1177 1400 200

149 1423 370 1462 doceamur.

616 1477 692 1514 203
701 1510 703 1513 .

204 1542 419 1592 Stephanus
436 1556 443 1578 :
457 1540 641 1579 Οἷδάντιον
653 1571 663 1588 ,
681 1539 780 1583 πόλις
795 1540 986 1593 Ἰλλυριῶν.
1011 1539 1181 1590 Θεόπομ-

148 1615 210 1644 πος
224 1602 453 1640 Φιλιππικῶν
475 1601 672 1653 τριακοστῷ
691 1598 814 1651 ὀγδόῳ.

480 1719 630 1754 LIBER
667 1716 852 1756 XXXIX.

618 1780 710 1820 204.

202 1840 409 1878 Athenaeus
437 1842 491 1888 X,
518 1853 556 1890 p.
586 1838 675 1886 435,
702 1842 750 1877 F:
771 1837 834 1877 Ἐν
855 1837 897 1885 ,δὲ
923 1840 965 1890 τῇ
989 1839 1180 1892 τριακοστῇ

149 1897 254 1950 ἐνάτῃ
283 1897 406 1950 φησίν·
426 1897 623 1936 «Ἀπολλοκ
648 1896 755 1945 ἄτης,
777 1899 796 1935 ὃ
821 1895 1004 1935 Διονυσίου
1029 1899 1090 1934 τοῦ
1119 1913 1179 1934 τυ-

152 1955 276 2009 ράννου
297 1955 386 2004 υἱὸς,
407 1955 601 2000 ἀκόλαστος
627 1971 669 2002 ην
699 1954 759 1993 καὶ
777 1954 984 2008 φιλοπότης·
1017 1954 1077 1992 καὶ
1110 1957 1180 1993 τῶν

150 2014 410 2053 κολακευόντων
434 2013 524 2057 τινὲς
548 2013 651 2052 αὐτὸν
695 2012 952 2067 παρεσκεύαζον
979 2015 1024 2056 ὣς
1048 2012 1099 2051 ἔνι
1114 2013 1183 2064 μά-

151 2073 254 2110 λιστα
282 2071 548 2124 ἀλλοτριώτατα
576 2071 663 2124 πρὸς
692 2070 750 2109 τὸν
778 2069 915 2124 πατέρα
942 2071 1148 2108 διακεῖσθαι.
1165 2090 1179 2105 »

152 2130 225 2170 Καὶ
246 2131 449 2185 Ἱππαρῖνον
469 2129 505 2168 δὲ
522 2130 580 2169 τὸν
595 2134 655 2168 τοῦ
675 2130 870 2177 Διονυσίου,
891 2129 1010 2183 φησὶν,
1031 2129 1098 2167 ὑπὸ
1113 2129 1180 2180 με’-

153 2193 214 2237 θης
227 2193 462 2244 τυραννοῦντα
487 2191 757 2242 ἀποσφαγῆναι·
777 2188 857 2242 περὶ
882 2188 918 2225 δὲ
944 2191 1003 2226 τοῦ
1024 2188 1180 2227 Νυσαίου

195 2359 423 2400 Theopompus
434 2357 559 2394 scribit,
571 2358 832 2398 Mariandynum,
845 2367 946 2398 quum
959 2358 1185 2400 Paphlagoniae

154 2405 190 2438 in
225 2406 344 2438 multas
359 2405 499 2438 ditiones
514 2405 629 2438 divisae
653 2408 778 2446 partem
803 2405 999 2445 possideret,
1028 2406 1185 2438 invasisse

155 2451 338 2494 Bebryeum
353 2453 516 2494 regionem
531 2454 629 2494 atque
643 2461 832 2493 occupasse,
846 2452 977 2485 nomine
992 2461 1012 2484 a
1025 2461 1060 2485 se
1074 2453 1184 2485 relicto

154 2500 198 2541 ei,
218 2508 319 2541 quam
332 2501 407 2533 ante
420 2501 579 2533 tenuerat.

195 2606 425 2646 Theopompus
449 2606 585 2644 narrat,
612 2603 704 2635 initio
731 2612 803 2635 eam
820 2603 992 2644 (Amisum)
1014 2613 1033 2635 a
1051 2603 1184 2636 Milesiis

154 2653 256 2686 fuisse
268 2652 449 2691 conditam3
466 2651 582 2684 deinde
596 2660 615 2682 a
627 2650 856 2692 cappadocum
869 2651 1033 2692 principe;
1051 2651 1183 2683 tertium

155 2702 263 2732 autem
278 2699 319 2731 ab
334 2699 508 2731 Athenoele
523 2700 555 2731 et
572 2697 824 2730 Atheniensibus
847 2698 1083 2739 frequentatam
1100 2698 1183 2730 colo-

154 2747 204 2779 nis
214 2770 223 2786 ,
238 2748 271 2779 et
284 2746 442 2779 Piraeeum
456 2745 558 2778 fuisse
573 2744 826 2777 denominatam.

624 2797 715 2833 203.

198 2851 404 2890 OEdantium‚
421 2851 499 2882 urbs
518 2850 712 2891 lllyriorum,
727 2851 767 2883 de
782 2860 846 2892 qua
862 2851 1090 2891 Theopompus
1103 2849 1182 2881 libro

155 2900 273 2931 octavo
289 2902 321 2930 et
338 2898 506 2939 trigesimo
524 2898 789 2940 Philippicorum.

490 3022 644 3060 LIBER
673 3022 856 3060 XXXIX.

201 3138 378 3170 Tricesimo
403 3148 489 3170 nono
514 3138 596 3170 libro
626 3138 879 3180 (Theopompus)
914 3138 959 3170 ait
983 3148 990 3169 ε
1021 3151 1035 3165 «
1060 3138 1184 3179 Apollo-

160 3186 262 3214 crates
277 3208 284 3222 ,
301 3184 446 3225 Dionysii
464 3185 665 3225 (superioris)
683 3186 813 3226 tyranni
843 3185 929 3217 filius
944 3209 953 3226 ,
968 3185 1108 3217 lascivus
1124 3186 1186 3218 fuit

158 3232 190 3261 et
205 3229 352 3262 ebriosus
372 3241 379 3260 t
397 3232 608 3272 nonnullique
633 3241 672 3263 ex
700 3233 769 3273 ejus
794 3232 1051 3265 adsentatoribus
1073 3233 1185 3265 effece-

160 3278 244 3315 rant,
266 3279 303 3307 ut
324 3286 420 3316 quam
436 3281 575 3310 maxime
591 3278 789 3312 abalienatus
803 3281 887 3312 esset
902 3281 1050 3320 apatre.»
1068 3280 1185 3321 Hippa-

160 3322 267 3353 rinum
295 3325 402 3354 autem
415 3348 424 3363 ,
448 3324 596 3364 Dionysii
615 3325 734 3366 filium,
762 3335 800 3358 eo
821 3327 908 3367 quod
923 3327 1070 3358 ebriosus
1086 3329 1119 3358 et
1137 3329 1186 3367 ty-

161 3369 312 3400 rannicus
341 3369 477 3407 fuisset,
505 3372 551 3403 ait
573 3372 774 3404 interfectum
794 3381 876 3405 esse.
904 3375 950 3405 De
975 3375 1092 3413 Nysaeo
1109 3382 1186 3406 vero

161 3414 258 3447 etiam
281 3416 352 3447 haec
367 3416 479 3448 scribit
496 3427 502 3447 z
523 3430 536 3443 a
554 3420 701 3457 Nysaeus,
718 3419 892 3460 superioris
909 3419 1057 3459 Dionysii
1076 3419 1162 3451 filius
1173 3443 1182 3459 ,

1202 480 1210 705 ἱ

1230 429 1315 462 των,
1350 416 1634 454 κατεσκευάσατο
1655 415 1843 470 τέθριππον
1867 415 1926 454 καὶ
1957 415 2021 463 τὴν
2046 418 2176 463 ἐσθῆτα
2194 415 2258 463 τὴν

1232 475 1395 522 ποικίλην
1428 475 1611 525 ἀνέλαὸεν,
1625 475 1676 514 ἔτι
1695 476 1731 515 δὲ
1750 476 1808 514 καὶ
1822 475 1885 522 τὴν
1904 475 2098 529 ὀψοφαγίαν
2119 476 2181 514 καὶ
2195 475 2259 523 τὴν

1233 534 1468 588 οἰνοφλυγίαν,
1487 534 1546 572 καὶ
1561 534 1624 581 τὴν
1644 537 1713 572 τῶν
1733 535 1868 573 παίδων
1891 534 1950 572 καὶ
1967 534 2031 580 τὴν
2045 536 2113 572 τῶν
2138 549 2262 586 γυναι-

1231 594 1302 631 κῶν
1322 592 1434 647 ῧὸριν,
1460 593 1519 631 καὶ
1534 592 1598 640 τὴν
1612 596 1682 631 τῶν
1704 594 1819 632 ἄλλων
1846 591 1911 631 ὅσα
1935 594 2108 632 συντελεῖν
2127 591 2263 636 τούτοις

1231 650 1378 705 πέφυκε,
1396 651 1456 690 καὶ
1470 651 1532 699 τὴν
1548 652 1681 690 δίαιταν
1699 653 1816 704 διῆγεν
1831 651 1951 697 οὕτως.
1965 670 1980 685 »
1993 653 2047 690 Cf.
2061 653 2196 690 AElian.
2217 655 2260 689 V.

1230 714 1277 749 H.
1301 715 1351 760 II,
1375 718 1437 757 41.

1701 765 1791 803 205.
2261 795 2264 797 Α

1287 818 1525 869 Stephanus:
1542 817 1665 866 Ἀσαὶ,
1692 817 1797 869 κώμη
1833 817 2023 870 Κορίνθου.
2051 814 2264 867 Θεόπομπος

1232 878 1422 928 τριακοστῇ
1444 875 1570 929 ἐννάτῃ
1586 878 1836 915 Φιλιππικῶν·
1862 875 2009 924 «heaut,
2032 874 2094 913 καὶ
2120 873 2266 918 Μαυσὸς

1232 935 1352 985 κῶμαι
1372 934 1523 986 μεγάλαι
1538 934 1598 972 καὶ
1613 935 1892 988 πολυάνθρωποι.
1908 952 1923 968 »
1938 934 1994 972 Cf.
2013 934 2057 972 fr.
2084 935 2169 984 193.

1708 993 1798 1032 206.

1287 1045 1413 1083 Idem:
1434 1044 1649 1099 Μερούσιον,
1671 1046 1799 1100 χωρίον
1827 1045 2001 1094 Σικελίας,
2028 1046 2074 1088 ὡς
2099 1042 2264 1095 Θεόπομ-

1235 1118 1297 1147 πος
1313 1105 1542 1142 Φιλιππικῶν
1561 1107 1758 1157 τριακοστῷ
1769 1105 1911 1157 ἕννάτῳ.
1925 1108 2051 1142 Locus
2069 1117 2117 1150 70
2134 1103 2266 1141 stadiis

1237 1175 1259 1199 a
1275 1164 1472 1212 Syracusis
1493 1171 1681 1211 remotus,
1700 1172 1743 1200 ut
1759 1164 1973 1214 Stephanus
1991 1162 2094 1200 dicit.

1709 1221 1799 1261 207.

1289 1273 1414 1310 Idem:
1430 1273 1612 1326 Ξιφωνία,
1631 1273 1730 1317 πόλις
1753 1273 1926 1317 Σικελίας.
1959 1271 2171 1323 Θεόπομπος
2189 1273 2264 1312 Φι-

1236 1333 1413 1369 λιππικῶν
1422 1335 1618 1386 τριακοστῷ
1629 1332 1774 1386 ἐννάτῳ.
1786 1334 1842 1371 Cf.
1854 1332 2012 1371 Diodor.
2023 1332 2104 1369 Eel.
2118 1335 2267 1380 XXIII,

1239 1392 1275 1437 6,
1296 1391 1434 1428 Strabo
1450 1394 1514 1440 VI,
1536 1405 1574 1443 p.
1593 1398 1680 1436 410.

1717 1449 1806 1488 208.

1291 1502 1397 1539 Idem
1423 1516 1429 1538 z
1464 1501 1620 1540 Ἁλικύαι
1632 1533 1642 1550 ,
1685 1502 1787 1546 πόλις
1829 1500 2008 1544 Σικελίας·
2043 1499 2265 1552 Θεόπομπος.

1239 1564 1369 1607 Quum
1386 1562 1595 1611 Dionysius
1610 1561 1676 1614 (ol.
1695 1563 1758 1611 96,
1781 1561 1816 1614 1)
1840 1561 2210 1611 Carthaginiensium
2227 1561 2268 1598 in

1240 1621 1368 1658 Sicilia
1387 1621 1501 1659 urbes
1521 1630 1764 1672 oppugnaret
1782 1629 1820 1659 et
1847 1635 1958 1673 agros
1990 1629 2174 1667 vastaret,
2194 1623 2268 1659 Ha-

1240 1681 1369 1730 lycaei,
1401 1689 1505 1718 metu
1531 1681 1712 1731 perculsi,
1743 1682 1866 1719 missis
1894 1683 1934 1720 in
1961 1691 2085 1720 castra
2111 1681 2269 1732 legatis,

1239 1740 1460 1776 societatem
1474 1752 1562 1776 cum
1580 1753 1626 1776 eo
1642 1740 1866 1790 junxerunt.
1892 1742 2053 1780 Diodor.
2074 1743 2181 1788 XIV,
2202 1740 2265 1786 54.

1239 1797 1407 1836 Eandem
1424 1811 1505 1835 rem
1525 1798 1803 1849 Theopompus
1821 1813 1993 1838 narrasse
2010 1799 2173 1838 videtur.

1717 1857 1806 1896 209.

1293 1909 1399 1946 Idem
1410 1924 1418 1946 :
1431 1907 1574 1948 Αἷθικία
1585 1939 1595 1955 ,
1611 1910 1658 1953 ὣς
1671 1909 1829 1948 Κιλικία.
1854 1909 2065 1962 Θεόπομπος
2078 1913 2269 1964 τριακοστῇ

1239 1967 1364 2020 ἐννάτῃ
1398 1969 1679 2007 Φιλιππικῶν....
1703 1968 1766 2007 Ἐν
1796 1970 1974 2024 Θετταλίᾳ
1993 1968 2137 2023 δ’ᾤκουν
2155 1971 2191 2008 ἐν
2218 1971 2268 2024 τῷ

1241 2025 1363 2079 Πίνδῳ
1379 2025 1463 2079 ὄρει.

1709 2080 1799 2120 210.

1292 2131 1420 2169 Idem:
1444 2130 1606 2185 Ὑδροῦς,
1633 2132 1791 2187 φρούριον
1822 2134 2021 2187 ἀρσενικῶς.
2057 2133 2270 2186 Θεόπομπος

1239 2191 1434 2243 τριακοστῷ
1454 2190 1596 2243 ἐννοίτῳ.

1245 2299 1413 2340 Syracusis
1429 2309 1536 2332 rerum
1553 2301 1676 2342 potitus
1688 2325 1696 2340 ‚
1712 2302 1884 2343 quadrigas
1901 2302 1964 2334 sibi
1982 2303 2084 2344 parari
2101 2303 2197 2343 jussit
2211 2327 2220 2343 ,
2238 2305 2269 2336 et
2312 2318 2313 2321 ¹

1244 2347 1438 2387 variegatam
1451 2350 1575 2379 vestem
1591 2349 1726 2388 sumsit;
1743 2349 1783 2381 ad
1798 2349 1868 2381 haec
1882 2350 1976 2390 gulae,
1991 2350 2080 2388 vino,
2095 2358 2269 2391 puerorum

1245 2394 1365 2434 amori,
1387 2394 1578 2427 feminarum
1595 2396 1715 2436 stupris
1728 2420 1737 2436 ,
1756 2403 1788 2428 et
1807 2405 1881 2437 quae
1903 2396 2007 2429 solent
2030 2397 2092 2429 alia
2111 2406 2186 2429 cum
2216 2396 2268 2428 his

1245 2441 1420 2481 conjuncta
1438 2440 1558 2482 flagitia
1573 2451 1656 2482 esse,
1672 2442 1723 2474 his
1739 2451 1870 2484 operam
1882 2442 1982 2483 dedit,
1998 2444 2095 2485 atque
2107 2443 2154 2476 ita
2166 2443 2268 2476 vitam

1243 2487 1398 2519 traduxit.
1417 2500 1433 2515 »

1710 2537 1800 2570 205.

1287 2583 1378 2620 Asea,
1395 2581 1488 2613 vicus
1507 2582 1654 2614 Corinthi
1666 2607 1675 2622 ‚
1702 2585 1832 2615 auclore
1847 2584 2056 2625 Theopompo
2071 2591 2178 2615 rerum
2199 2581 2269 2615 Phi-
2314 2619 2315 2622 Ἴ

1244 2627 1436 2668 lippicarum
1451 2628 1533 2660 libro
1546 2638 1632 2660 nono
1644 2631 1676 2661 et
1687 2630 1851 2669 trigesimo
1867 2640 1875 2661 :
1892 2643 1908 2658 α
1922 2634 1996 2662 Asae
2013 2633 2046 2662 et
2060 2631 2193 2662 Mausus
2203 2628 2269 2661 vici

1244 2675 1351 2715 magni
1368 2677 1444 2707 sunt
1459 2677 1492 2706 et
1507 2675 1621 2707 incolis
1638 2675 1831 2716 frequentes.
1850 2690 1866 2704 ι»

1284 2773 1461 2806 Merusium
1471 2797 1480 2812 ‚
1506 2773 1672 2806 castellum
1704 2730 1820 2808 S2igii3iae
1832 2800 1841 2816 ‚
1875 2778 1967 2817 cujus
1998 2775 2145 2808 meminit
2167 2775 2267 2808 Theo-

1244 2829 1383 2861 pompus
1402 2820 1484 2852 libro
1499 2829 1586 2852 nono
1601 2823 1633 2852 et
1648 2821 1812 2862 trigesimo
1829 2823 2091 2864 Philippicorum.

1711 2876 1800 2907 20⁵.

1286 2926 1458 2966 Xiphonia,
1473 2926 1553 2957 urbs
1568 2926 1695 2965 Siciliae,
1712 2927 1752 2959 de
1766 2890 1830 2969 qua
1842 2929 2071 2970 Theopompus
2085 2927 2167 2960 libro
2181 2936 2266 2959 nono
2303 2914 2310 2963 ,ᾗ

1245 2974 1277 3005 et
1293 2972 1457 3013 trigesimo
1472 2973 1736 3013 Philippicorum.

1287 3073 1440 3113 Halicyae,
1456 3072 1534 3105 urbs
1551 3073 1679 3112 Siciliae,
1695 3029 1824 3106 aizlgtire
1840 3075 2057 3116 Theopompo.

1710 3129 1799 3160 209.

2288 3063 2294 3079 l

1287 3177 1448 3216 AEthicia,
1467 3178 1515 3209 uti
1532 3178 1661 3218 Cilicia,
1677 3180 1808 3211 auctore
1827 3179 2036 3220 Theopompo
2064 3180 2180 3211 Rerum
2197 3177 2266 3210 Phi·
2282 3196 2316 3218 ἦ,

1244 3225 1434 3266 lippicarum
1451 3225 1532 3257 lihro
1547 3234 1632 3257 nono
1645 3227 1678 3258 et
1696 3226 1896 3266 trigesimo...
1914 3229 1950 3258 In
1964 3226 2130 3258 Thessalia
2146 3224 2265 3256 habita·
2288 3224 2298 3262 ζ’

1245 3273 1322 3305 bant
1335 3272 1369 3304 in
1382 3272 1485 3304 Pindo
1502 3274 1623 3304 monte.

1711 3322 1799 3354 210.

1287 3372 1436 3413 Hydrus,
1458 3372 1643 3411 castellum,
1663 3373 1858 3407 masculine,
1882 3373 2108 3414 Theopompus
2129 3379 2216 3404 nono
2230 3371 2264 3404 et

1245 3419 1408 3460 trigesimo
1425 3419 1687 3460 Philippicorum.
