2320 3684
778 131 1098 170 PHILOCHORI
1129 129 1458 170 FRAGMENTA.

2106 129 2179 163 391

110 227 302 274 Excerpta
341 220 474 261 histor.
493 220 532 258 in
554 219 722 257 Crameri
745 212 936 257 Anecdot.
973 219 1089 257 Paris.
1148 233 1213 268 κα,
1235 217 1384 270 μηδέπω
1395 216 1474 258 τότε
1496 218 1565 255 τῶν
1583 214 1771 263 Ἀθηναίων
1795 212 2039 264 προσεχόντων
2059 215 2102 260 τῆ
2123 217 2186 251 θα-

58 283 134 322 vol.
169 295 205 330 2,
245 282 332 328 146,
352 285 421 325 πίῃ
453 276 525 318 Τὸν
552 275 796 329 Μινώταυρον,
819 275 857 314 ὃν
892 275 1091 329 Φιλόχορος

57 343 187 392 ἱστορεῖ
206 339 264 378 τὸν
283 337 388 391 Μίνω
406 335 602 391 στρατηγὸν
619 334 793 387 γενέσθαι.

545 396 607 435 40.

109 461 206 498 Plut.
231 459 346 499 Thes.
373 472 406 496 c.
430 471 475 507 19
490 472 498 495 :
513 455 644 507 Δήμων
660 454 720 494 τὸν
741 456 882 506 Ταῦρον
903 456 1093 508 ἀναιρεθῆ-

57 519 114 559 ναί
137 534 223 573 φησι
243 517 302 556 τὸν
327 520 388 555 τοῦ
415 516 518 555 Μίνω
537 514 745 569 στρατηγὸν,
757 515 791 552 ἓν
803 516 853 567 τῷ
872 513 988 565 λιμένι
1017 515 1093 552 δια-

57 581 306 631 ναυμαχοῦντα
319 607 329 626 ,
345 580 405 615 τοῦ
422 574 572 622 Θησέως
589 573 795 616 ἐκπλέοντος
806 589 814 597 ·
840 575 887 617 ὡς
908 571 945 611 δὲ
980 572 1094 612 Φιλό-

57 652 160 691 χορος
185 634 368 689 ἱστόρηκε,
394 634 453 673 τὸν
479 635 597 686 ἀγῶνα
613 636 673 672 τοῦ
702 631 806 670 Μίνω
831 633 1092 680 συντελοῦντος,

58 695 212 741 ἐπίδοξος
259 694 308 733 ὢν
355 694 512 736 ἅπαντας
551 691 657 730 πάλιν
703 690 858 738 νικήσειν
893 693 911 728 ὁ
955 692 1094 743 Ταῦρος

58 757 243 809 ἐφθονεῖτο.
276 753 347 793 Καὶ
380 751 449 807 γὰρ
475 755 498 799 ἦ
521 750 665 802 δύναμις
693 751 797 788 αὐτοῦ
831 749 888 788 διὰ
917 748 977 788 τὸν
1006 748 1092 802 τρό-

59 829 123 853 πον
147 808 191 862 ἧν
218 812 396 866 ἐπαχθὴς,
432 810 493 850 καὶ
525 809 690 858 διοιὸολὴν
724 802 831 862 εἶχεν,
872 811 919 853 ὡς
943 811 988 862 τῇ
1010 810 1094 848 Πα-

59 873 168 926 σιφοίῃ
200 871 418 920 πλησιάζων.
458 869 523 909 Διὸ
562 869 623 908 καὶ
660 872 721 907 τοῦ
762 867 913 915 Θησέως
956 867 1094 913 ἀξιοῦν-

0 962 3 981 :
59 947 116 976 τος
156 930 414 984 ἀγωνίσασθαι,
449 927 692 982 συνεχώρησεν
727 930 745 967 ὃ
781 927 915 971 Μίνως.
965 926 1095 972 Ἔθους

0 1005 5 1020 ‘>
61 990 98 1030 δὲ
120 990 215 1035 ὄντος
233 992 268 1029 ἐν
289 989 414 1044 Κρήτη
437 990 581 1027 θεᾶσθαι
598 987 659 1026 καὶ
680 985 744 1031 τὰς
761 992 951 1038 γυναῖκας,
972 985 1094 1040 Ἀριά-

0 1051 7 1096 }
60 1052 122 1099 δνη
146 1054 308 1105 παροῦσα
323 1048 410 1103 πρός
421 1064 459 1087 τε
472 1047 536 1096 τὴν
558 1046 636 1101 ὄψιν
655 1045 830 1098 ἐξεπλάγη
850 1048 912 1084 τοῦ
930 1043 1093 1095 Θησέως,

0 1126 4 1138 ³
59 1110 119 1149 καὶ
157 1109 222 1157 τὴν
259 1109 405 1156 ἄθλησιν
444 1105 621 1158 ἐθαύμασε
657 1104 800 1144 πάντων
840 1104 1092 1159 κρατήσαντος.

0 1179 4 1187 ’
58 1169 199 1214 Ἡσθεὶς
220 1167 256 1207 δὲ
282 1167 342 1208 καὶ
366 1166 538 1213 δΜίνως,
560 1165 715 1218 μάλιστα
736 1168 798 1204 τοῦ
817 1163 959 1219 Ταύρου
981 1181 1095 1204 κατα-

0 1250 4 1251 ’
58 1227 310 1272 παλαισθέντος
349 1226 409 1265 καὶ
445 1223 810 1280 προπηλακισθέντος,
845 1223 1007 1263 ἀπέδωκε
1041 1226 1092 1278 τῷ

60 1289 175 1336 Θησεῖ
197 1286 276 1331 τοὺς
294 1286 422 1330 παῖδας
436 1284 496 1324 καὶ
516 1286 623 1330 ἀνῆκε
640 1286 684 1336 τῇ
698 1282 799 1322 πόλει
814 1283 871 1322 τὸν
892 1282 1038 1335 δασμόν,

111 1348 301 1397 Pasiphae
325 1346 498 1395 Daphnis
533 1343 726 1380 dicebatur
748 1344 961 1392 Spartanis,
998 1346 1098 1393 quod

9 1415 16 1421 ’·
60 1411 262 1445 certissima
279 1407 431 1442 oracula
448 1405 565 1440 daret.
579 1404 667 1439 Fuit
687 1412 726 1439 et
754 1402 938 1439 Cretensis
962 1406 1094 1452 regina

57 1469 266 1504 Minotauri
274 1474 396 1515 partu
403 1463 562 1512 famosa
573 1477 587 1507 ,·
615 1476 686 1511 quo
712 1461 900 1510 interfecto
937 1463 1095 1499 Theseus

0 1543 4 1550 ·
57 1525 218 1563 abduxit
241 1526 434 1561 Ariadnen
473 1535 624 1559 uxorem
656 1521 726 1558 sibi
745 1531 782 1558 et
784 1522 873 1570 filio
895 1524 1095 1570 Hippolyto

0 1597 2 1601 ·
58 1586 261 1623 Phoedram
279 1598 291 1620 .·
315 1587 385 1628 cui,
414 1583 617 1631 Serapione
643 1582 781 1618 Rhodio
812 1590 850 1617 et
879 1581 1095 1618 Philochoro

2 1651 3 1654 ’
58 1641 305 1696 (auctoribus),
329 1646 407 1678 vim
433 1643 557 1677 intulit
574 1645 655 1688 ejus
657 1639 790 1688 forma
819 1649 960 1688 captus,
982 1655 1096 1678 uxore

59 1711 204 1739 necata.
224 1704 275 1738 At
288 1701 456 1737 Phoedra
476 1701 671 1749 indignata
679 1700 810 1748 filium
820 1704 928 1749 patri
947 1703 1096 1737 incusa—

12 1762 120 1807 fvit,
143 1762 244 1810 quod
257 1773 296 1797 se
316 1761 568 1809 appellasset:
582 1762 648 1807 qui
667 1759 771 1795 diras
785 1759 956 1808 insiliam
965 1764 1097 1806 jacta-

59 1823 118 1866 vit,
136 1834 223 1869 quoe
240 1828 336 1856 ratoe
343 1818 529 1866 suerunt:
546 1831 570 1854 a
584 1821 659 1854 suis
675 1821 772 1854 enim
787 1821 890 1866 equis
903 1821 940 1854 in
954 1818 1095 1855 rabiem

57 1883 176 1916 versis
192 1883 364 1915 innocens
380 1879 581 1927 discerptus
594 1885 659 1914 est.
673 1877 735 1914 Sic
757 1879 862 1914 illam
880 1878 926 1913 de
938 1891 978 1914 se
996 1887 1033 1914 et
1042 1892 1098 1914 so-

61 1951 140 1974 rore
154 1940 326 1973 ultionem
343 1939 488 1985 scripsit
508 1937 634 1984 Lupus
655 1937 813 1972 Anilius.
838 1937 945 1972 Idem
974 1936 1099 1974 scribit

60 2000 97 2032 in
109 1998 252 2033 Helene
261 1996 456 2044 tragoedia.
471 1997 528 2032 Ex
536 1995 728 2045 Appuleio
736 1997 795 2032 De
808 1994 1094 2046 orthographia.

62 2058 260 2093 Postrema
292 2053 501 2092 Diibnerus
533 2053 586 2091 ita
618 2054 787 2091 correxit
807 2069 815 2091 :
844 2055 905 2091 Sic
920 2057 987 2091 illa
1000 2057 1047 2092 de
1059 2069 1098 2092 se

58 2123 97 2152 et
106 2128 226 2151 sorore
240 2117 412 2151 ultionem
434 2117 571 2150 sumsit.
590 2116 714 2163 Lupus
733 2116 880 2150 Anilius
894 2115 989 2151 idern
1007 2119 1099 2151 scri-

62 2172 115 2210 bit
130 2177 167 2210 in
181 2176 327 2211 Helene
347 2174 544 2223 tragoedia.

548 2230 570 2268 4
580 2231 594 2268 1
603 2259 611 2266 .

113 2297 305 2336 Plutarch.
345 2296 458 2334 Thes.
496 2309 528 2333 c.
572 2297 617 2332 16
655 2299 713 2344 L.‚
749 2309 781 2333 c.
821 2310 860 2344 ¹7
898 2300 942 2335 H.
958 2311 966 2333 :
983 2296 1100 2335 ψιλό-

62 2370 165 2408 χορος
191 2354 288 2408 παρὰ
315 2354 446 2407 Σκίρου
467 2353 571 2408 φησὶν
592 2355 632 2392 ἐκ
655 2356 858 2405 Σαλαμῖνος
886 2355 945 2393 τὸν
974 2355 1100 2402 Θησέα

63 2414 180 2453 Λαὸεῖν
200 2412 416 2468 κυὸερνήτην
438 2412 501 2464 μὲν
525 2413 733 2461 Ναυσίθοον,
758 2413 901 2468 πρῳρέα
921 2413 956 2452 δὲ
978 2414 1099 2453 Φαία-

65 2525 264 2558 Athenarum
280 2524 404 2556 tributo
428 2524 618 2557 liberaretur
633 2549 642 2565 ,
657 2524 748 2566 quod
765 2525 977 2558 Philochorus
1005 2526 1105 2559 tradit

64 2571 204 2605 Atthidis
221 2571 304 2604 libro
320 2570 475 2603 secundo.

105 2620 325 2653 Minotaurum
339 2619 552 2652 Philochorus
565 2618 643 2652 dicit
656 2620 777 2652 Minois
790 2619 909 2653 ducem
925 2620 1038 2654 fuisse.

551 2687 615 2720 40.

108 2751 235 2782 Demon
249 2752 405 2789 Taurum,
422 2750 542 2782 Minois
558 2750 686 2789 ducem,
703 2750 911 2782 intersectum
927 2760 999 2784 esse
1012 2751 1056 2784 ait
1070 2753 1103 2783 in

67 2797 179 2838 proelio
187 2797 304 2833 navali,
313 2797 401 2838 quod
412 2806 486 2829 cnm
495 2798 618 2829 Theseo
629 2798 662 2828 in
683 2800 780 2838 portu
790 2798 918 2835 inierat,
932 2808 1034 2839 quum
1052 2800 1105 2832 hic

67 2843 216 2877 solveret.
232 2846 277 2877 Ut
291 2844 505 2876 Philochorus
519 2853 597 2876 vero
610 2844 722 2884 tradit,
739 2845 773 2876 in
783 2845 939 2878 invidiam
955 2846 1103 2887 incurrit,

69 2891 156 2932 quod
172 2891 207 2923 in
225 2891 312 2924 ludis
331 2891 430 2924 etiam
440 2914 448 2926 ‚
462 2900 544 2932 quos
560 2891 664 2924 edidit
677 2892 784 2924 Minos
796 2916 805 2932 ,
820 2901 935 2925 omnes
954 2893 1102 2926 victurus

67 2946 141 2979 esse
151 2938 338 2979 putabatur.
359 2939 508 2971 Potentia
525 2939 612 2971 enim
634 2948 700 2979 qua
715 2939 884 2971 fruebatur
906 2940 1015 2972 invisa
1035 2946 1105 2973 erat

70 2983 112 3016 ob
124 2987 193 3026 ejus
209 2985 350 3017 indolem
372 2994 410 3017 ac
422 2994 541 3025 mores,
555 2987 588 3018 et
604 2985 733 3017 crimini
748 2986 777 3018 ei
801 2986 914 3019 datum
928 2989 998 3027 est,
1016 2988 1104 3028 quod

73 3040 150 3064 cum
169 3032 327 3074 Pasiphae
342 3032 612 3065 consuetudinem
629 3033 771 3066 haberet.
790 3036 898 3072 Quare
913 3044 1014 3075 quum
1029 3036 1106 3067 The-

73 3086 147 3112 seus
163 3082 326 3112 certamen
341 3082 473 3121 peteret,
489 3089 564 3112 eum
580 3080 710 3113 admisit
724 3081 844 3113 Minos.
867 3083 979 3119 Quum
994 3083 1103 3114 autem

73 3133 145 3158 mos
165 3128 251 3158 esset
267 3126 354 3168 apud
373 3130 562 3167 Cretenses,
583 3129 621 3160 ut
639 3130 672 3160 et
694 3128 824 3161 feminae
841 3129 1034 3170 spectaculis
1053 3129 1104 3160 in-

73 3173 231 3205 teressent
242 3197 250 3212 ,
277 3174 416 3207 Ariadne
442 3184 585 3216 praesens
609 3175 798 3218 obstupuit,
817 3185 919 3217 quum
945 3177 1104 3208 Theseum

72 3219 272 3261 conspiceret
284 3223 316 3252 et
327 3221 482 3254 virtutem
497 3230 566 3263 ejus
582 3222 615 3254 in
629 3223 781 3255 certando
797 3233 909 3255 omnes
923 3223 1105 3264 superantis

36 3290 41 3293 .
77 3265 232 3298 admirata
248 3269 308 3300 est.
336 3268 442 3300 Minos
460 3278 535 3301 vero
551 3272 583 3302 et
599 3270 668 3311 ipse
693 3271 824 3311 gavisus
840 3273 901 3309 est,
919 3270 1008 3311 quod
1023 3273 1105 3302 Tau·

74 3322 129 3346 rus
145 3313 353 3355 ignominiose
372 3318 553 3356 prostratus
572 3320 674 3357 esset,
692 3318 735 3349 ob
751 3327 886 3358 eamque
901 3327 967 3350 rem
984 3317 1106 3349 Theseo

73 3358 190 3393 liberos
205 3362 345 3394 restituit
363 3364 396 3394 et
411 3363 544 3395 Athenis
563 3364 722 3396 tributum
739 3365 873 3398 remisit.

1149 277 1277 329 λοίσσῃ.

1641 339 1704 377 42.

1204 407 1390 455 Harpocr.
1408 418 1442 442 v.
1458 404 1605 457 Σκίρον;
1628 402 1699 442 Καὶ
1722 403 1865 449 Ἀθηνᾶν
1887 400 1923 440 δὲ
1943 402 2104 456 Σκιράδα
2128 419 2186 441 τι-

1153 464 1265 512 μῶσιν
1287 462 1483 511 Ἀθηναῖοι,
1504 462 1545 509 ἣν
1564 462 1762 516 Φιλόχορος
1778 460 1840 513 μὲν
1858 462 1892 499 ἐν
1916 460 2060 516 δευτέρᾳ
2073 460 2185 500 Ἀτθί-

1153 522 1209 565 δος
1225 522 1295 561 ἀπὸ
1317 522 1448 576 Σκίρου
1458 522 1549 567 τινὸς
1571 522 1785 562 Ἐλευσινίου
1805 520 1962 573 μάντεως
1980 524 2186 571 κεκλῆσθαι,

1154 582 1318 636 Πραξίων
1340 583 1376 622 δὲ
1394 585 1428 622 ἐν
1448 582 1479 635 β’
1496 585 1709 637 Μεγαρικῶν
1736 582 1806 622 ἀπὸ
1821 582 2009 636 Σκίρωνος.

1205 643 1332 681 Habes
1342 644 1474 681 eadem
1493 642 1597 693 apud
1605 643 1729 681 Schol.
1740 643 1787 680 ad
1797 642 1991 693 Aristoph.
2013 642 2115 680 Eccl.
2131 657 2140 679 ι
2151 643 2187 690 8,

1153 701 1226 739 nisi
1245 702 1351 753 quod
1372 710 1460 753 post
1479 700 1657 753 Σκίρωνος
1680 701 1822 752 legitur
1839 704 1900 740 τοῦ
1929 700 2188 744 συνοικίσαντος

1154 760 1355 811 Σαλαμῖνα.
1371 761 1505 799 Suidas
1518 771 1555 799 et
1571 761 1730 799 Photius
1739 759 2055 811 Harpocrationis
2067 759 2188 797 verba

1153 818 1349 857 exhibent.

1644 889 1707 927 43.

1205 953 1345 991 Athen.
1363 955 1414 1000 II,
1430 967 1456 1004 p
1482 953 1572 1003 495,
1591 956 1635 1001 E,
1651 953 1699 991 de
1715 954 1920 1004 pentaploa
1938 953 2091 1004 poculo,
2111 967 2190 1004 quo

1153 1012 1219 1063 qui
1236 1025 1352 1050 cursu
1371 1012 1543 1050 vicerant
1560 1011 1825 1050 donabantur:
1841 1011 2066 1061 Μνημονεύει
2083 1013 2190 1059 αὐτῆς

1153 1069 1351 1124 Φιλόχορος
1370 1071 1405 1108 ἐν
1427 1070 1570 1124 δευτέρᾳ
1590 1069 1752 1114 Ἀτθίδος.

1639 1140 1702 1179 44.

1206 1212 1395 1259 Harpocr.
1410 1223 1418 1245 :
1434 1206 1651 1262 Ὀσχοφόροι
1705 1206 1784 1260 περὶ
1793 1208 1861 1245 τῶν
1873 1206 2073 1260 ὀσχοφόρων
2092 1207 2191 1246 ἄλλοι

1152 1283 1190 1305 τε
1204 1266 1383 1321 εἰρήκασι,
1402 1266 1462 1305 καὶ
1486 1265 1686 1320 Φιλόχορος
1701 1267 1735 1304 ἐν
1755 1268 1799 1318 τῇ
1818 1265 2012 1317 δωδεκάτῃ.

1207 1329 1475 1379 Oschophoria
1491 1329 1662 1367 Theseus
1679 1328 1857 1372 instituit,
1877 1341 1996 1378 quare
2015 1342 2091 1365 non
2114 1329 2190 1365 du·-

1153 1388 1356 1426 bitandum
1372 1396 1439 1434 est,
1460 1388 1553 1438 quin
1574 1401 1646 1439 pro
1661 1388 1696 1436 ἐν
1720 1389 1763 1439 τῇ
1788 1386 1971 1439 δωδεκάτῃ
1989 1388 2192 1438 legendum

1154 1448 1202 1486 sit
1231 1448 1266 1485 ἐν
1286 1449 1329 1499 τῇ
1363 1445 1524 1500 δευτέρῳ
1545 1447 1653 1484 facile
1685 1447 1786 1484 enim
1820 1445 1861 1484 ιδ’
1884 1447 1978 1485 oriri
2000 1448 2128 1497 potuit
2145 1460 2192 1484 ex

1154 1506 1392 1544 antecedenti
1415 1507 1494 1543 iota
1513 1505 1746 1557 subscripto.

1640 1570 1704 1607 45.

1208 1636 1408 1674 Plutarch.
1443 1635 1557 1675 Thes.
1597 1649 1629 1673 c.
1659 1636 1706 1674 35
1736 1635 1852 1673 tradit
1882 1636 2086 1674 Herculem
2122 1635 2195 1672 im-

1159 1704 1329 1747 petrasse
1364 1693 1413 1732 ab
1456 1694 1633 1733 Aidoneo
1669 1695 1865 1741 Molosso,
1897 1704 1939 1732 ut
1958 1695 2105 1732 Theseo
2141 1694 2191 1731 li—

1157 1753 1347 1792 bertatem
1369 1753 1563 1802 redderet,
1582 1754 1764 1804 huncque
1782 1753 1942 1790 vinculis
1972 1752 2195 1804 expeditum

1160 1812 1318 1851 rediisse
1346 1813 1532 1851 Athenas.
1559 1816 1659 1850 Tum
1691 1814 1842 1863 pergit:
1862 1811 1933 1851 Καὶ
1961 1810 2026 1850 ὅσα
2058 1813 2196 1863 ὑπῆρχε

1156 1870 1285 1923 τεμένη
1308 1870 1476 1925 πρότερον
1493 1873 1588 1924 αὐτῷ
1602 1901 1612 1919 ,
1629 1873 1692 1917 τῆς
1708 1869 1844 1914 πόλεως
1860 1869 2041 1918 ἐξελούσης
2059 1901 2069 1918 ,
2088 1870 2197 1908 ἅπαν-

1156 1947 1202 1969 τα
1237 1930 1448 1984 καθιέρωσεν
1485 1929 1675 1983 εΗρακλεῖ,
1711 1929 1771 1968 καὶ
1809 1929 2090 1983 προσηγόρευσεν
2121 1929 2196 1968 ἀντὶ

1158 1989 1322 2037 Θησείων
1347 1988 1560 2043 ἹΙροίκλεια,
1588 1987 1681 2036 πλὴν
1703 1988 1900 2042 τεσσάρων,
1925 1990 1970 2032 ὡς
1999 1987 2196 2042 Φιλόχορος

1157 2047 1340 2103 ἱστόρηκεν

1650 2114 1713 2152 46.

1212 2179 1354 2217 Euseb.
1376 2182 1481 2216 Arm.
1502 2182 1545 2216 E.
1568 2180 1657 2226 618,
1678 2193 1716 2230 p.
1739 2179 1828 2227 288,
1849 2179 1908 2217 ed.
1936 2180 2032 2216 Mai.-
2049 2179 2197 2216 Fabula

1160 2249 1282 2289 raptoe
1299 2241 1536 2287 Proserpinae
1562 2238 1612 2275 ab
1636 2240 1801 2275 AEdoneo
1829 2240 2075 2275 Molossorum
2099 2253 2196 2288 rege.

1160 2302 1257 2335 Huic
1274 2307 1358 2334 erat
1371 2299 1510 2334 validis
1523 2297 1696 2334 membris
1709 2302 1811 2334 canis
1831 2297 2024 2343 Cerberus,
2044 2302 2109 2346 qui
2132 2300 2198 2333 de-

1162 2359 1246 2394 inde
1280 2358 1482 2394 Pirithoum
1515 2359 1569 2393 ad
1598 2359 1842 2406 stuprandam
1889 2359 2076 2393 mulierem
2117 2370 2196 2392 cum

1170 2417 1303 2453 Theseo
1323 2417 1555 2453 accedentem
1585 2418 1722 2454 occidit.
1753 2417 1929 2453 Theseum
1952 2430 2056 2461 vera,
2085 2429 2197 2464 quum

1204 2580 1418 2612 Philochorus
1437 2581 1478 2612 ab
1495 2581 1585 2613 Sciro
1606 2535 1885 2611 ait4e1x·Salamine
1908 2579 2068 2610 Theseum
2084 2578 2196 2618 guber-

1162 2630 1308 2660 natorem
1329 2628 1543 2660 Nausithoum
1559 2627 1731 2667 accepisse,
1749 2628 1781 2659 et
1794 2627 1962 2658 Phaeacem
1978 2634 2081 2665 prorae
2097 2628 2196 2657 recto-

1163 2675 1335 2716 rem,quod
1342 2675 1486 2707 nondum
1500 2674 1713 2707 Athenienses
1723 2682 1790 2706 rem
1802 2673 1997 2705 maritimam
2008 2673 2194 2705 tractarent.

1205 2775 1419 2808 Athenienses
1433 2775 1546 2807 colunt
1556 2728 1735 2806 Miness'm
1755 2772 1899 2814 Σκιράδα,
1915 2781 2012 2812 quam
2031 2771 2196 2804 Philocho-

1163 2833 1219 2856 rus
1239 2823 1273 2855 in
1294 2822 1437 2855 secundo
1454 2821 1597 2853 Atthidis
1620 2829 1639 2852 a
1661 2820 1751 2852 sciro
1773 2822 1846 2851 vate
1861 2818 2003 2859 quodam
2030 2818 2196 2851 Eleusinio

1162 2871 1283 2902 dictam
1299 2872 1344 2902 ait
1360 2880 1369 2909 ;
1386 2869 1526 2901 Praxion
1543 2868 1574 2899 in
1598 2867 1740 2900 secundo
1756 2867 2003 2907 Megaricorum,
2021 2875 2040 2898 a
2052 2867 2195 2899 Scirone.

1642 2922 1705 2954 43.

1204 2975 1389 3016 Pentaploa.
1406 2974 1553 3007 Meminit
1573 2974 1671 3014 huJus
1683 2973 1792 3005 calicis
1809 2972 2035 3012 Philochorus,
2050 2973 2194 3005 secundo

1161 3024 1245 3056 libro
1257 3022 1419 3055 Atthidos.

1644 3069 1708 3101 44.

1205 3125 1253 3155 De
1275 3122 1496 3162 Oschophoris
1512 3131 1587 3154 cum
1605 3121 1659 3153 alii
1675 3121 1852 3153 meminere
1863 3145 1873 3162 ,
1891 3122 1963 3154 tum
1981 3120 2195 3153 Philochorus

1162 3171 1244 3202 libro
1260 3169 1452 3201 duodecimo
1473 3169 1553 3210 [imo
1569 3168 1736 3210 secundo].

1646 3218 1710 3250 45.

1208 3273 1253 3301 Ac
1272 3278 1477 3310 quaecunque
1499 3268 1633 3301 delubra
1649 3271 1723 3301 ante
1739 3268 1802 3301 sibi
1822 3269 1949 3301 fuerant
1964 3278 1983 3300 a
1997 3269 2128 3300 civitate
2147 3277 2194 3299 as⁶

1165 3317 1298 3356 signata,
1308 3317 1452 3348 Theseus
1459 3318 1576 3347 cuncta
1583 3316 1724 3356 Herculi,
1734 3317 1874 3357 quatuor
1880 3315 2034 3356 exceptis,
2043 3314 2192 3354 sacravit¹

1165 3363 1311 3404 dixitque
1331 3373 1388 3404 pro
1405 3364 1535 3396 Theseis
1551 3363 1713 3399 Heraclea,
1730 3366 1765 3396 ut
1779 3367 1892 3396 auctor
1908 3363 2119 3396 Philochorus
2132 3363 2191 3394 est.
