2320 3684
647 130 979 173 APOLLODORI
1006 132 1364 176 BIBLIOTHECAE
1392 131 1443 186 ΙΙ,
1457 139 1495 173 5.

11 227 156 273 θουσῶν,
176 223 363 278 Στρυμόνα
382 222 610 276 μεμψάμενος
639 219 699 258 τὸν
726 219 901 271 ποταμὸν,
925 219 1040 259 πάλαι

11 284 199 338 τὸ’ῥεῖθρον
232 282 371 321 πλωτὸν
397 280 448 331 ὃν,
471 279 657 332 ἐμπλήσας
687 277 851 332 πέτραις,
881 277 1042 317 ἄπλωτον

11 342 175 390 ἐποίησε,
193 340 252 380 καὶ
269 340 330 384 τὰς
347 338 430 393 βόας
462 340 636 392 Εὐρυσθεῖ
663 336 813 388 κομίσας
840 335 980 376 δέδωκε.
998 337 1043 376 Ὁ

11 400 49 440 δὲ
67 401 176 445 αὐτὰς
188 399 379 439 κατέθυσεν
398 397 509 451 ‘'Hpqt.

66 460 101 512 (ι
114 460 148 512 ι)
163 457 407 498 Τελεσθέντων
425 454 462 494 δὲ
477 457 546 494 τῶν
563 453 676 493 ἄθλων
695 453 747 493 ἑνὶ
755 452 841 506 μηνὶ
858 453 920 492 καὶ
932 452 1043 492 ἔτεσιν

11 516 125 567 ὀκτὼ,
143 516 192 569 μὴ
208 514 483 571 προσδεξάμενος
511 512 708 568 Εὐρυσθεὺς
735 511 795 551 τόν
815 528 855 552 τε
882 514 952 551 τῶν
981 516 1042 551 τοῦ

14 575 147 628 Αὖγίου
172 573 423 627 βοσκημάτων,
446 571 506 611 καὶ
531 571 590 611 τὸν
618 573 682 619 τῆς
706 569 830 624 ὕδρας,
862 569 1043 609 ἑνδέκατον

13 634 178 681 ἐπέταξεν
185 628 288 673 ἆθλον
301 632 385 687 παρ’
396 631 612 686 Ἑσπερίδων
624 630 759 693 χρύσεα
768 632 866 683 μῆλα
877 630 1044 683 κομίζειν.

68 694 219 734 2Ταῦτα
236 691 272 731 δὲ
288 686 347 745 ἧν,
363 693 441 745 οὔχ,
460 692 507 735 ὥς
524 707 614 735 τινες
636 694 746 740 εἶπον,
765 691 800 729 ἐν
819 689 949 742 Λιὸύῃ,
967 690 1045 728 ἀλλ’

13 751 72 793 ἐπὶ
93 755 155 791 τοῦ
171 749 358 794 Ἄτλαντος
382 752 417 789 ἐν
445 748 715 804 Ὑπερὸορεόις·
745 748 767 787 ἃ
795 749 854 788 Διὶ
891 747 1046 800 γήμαντι

13 810 113 864 Ἥρα
131 808 344 863 ἐδωρήσατο.
366 807 570 862 Ἓφύλασσε
588 807 625 847 δὲ
640 807 728 847 αὖτὰ
754 807 891 861 δράκων
912 806 1046 845 ἀθάνα-

14 884 93 917 τος,
113 870 281 923 Τυφῶνος
305 867 365 907 καὶ
397 866 583 919 Ἐχίδνης,
610 865 764 920 κεφαλὰς
785 865 877 918 ἔχων
898 864 1022 905 ἑκατόν
1036 881 1044 890 ·

16 929 144 982 ἐχρῆτο
162 926 198 966 δὲ
214 933 344 981 φωναῖς
362 926 545 970 παντοίαις
560 925 619 965 καὶ
633 925 820 969 ποικίλαις.
839 923 944 964 Μετὰ
961 923 1046 963 τού-

15 1001 77 1026 του
84 984 122 1024 δὲ
132 984 335 1039 Ἑσπερίδες
345 983 549 1038 ἐφύλαττον,
558 983 674 1036 Αἴγλη
684 1014 694 1033 ,
709 982 874 1037 Ἐρύθεια
882 1011 893 1031 ,
905 982 1046 1032 Ἑστία,

18 1041 221 1098 Ἐρέθουσα.

72 1100 332 1156 δΠορευόμενος
345 1094 404 1140 οῧν
425 1099 483 1139 ἐπὶ
499 1100 658 1152 ποταμὸν
667 1098 868 1154 Ἐχέδωρον
884 1094 961 1147 ἧκε.
975 1098 1048 1139 Κύ-

15 1175 97 1205 κνος
117 1159 173 1209 δὲ,
188 1159 308 1214 Ἄρεος
325 1159 385 1198 καὶ
411 1159 597 1214 Πυρήνης,
622 1160 669 1203 εἷς
696 1157 916 1211 μονομαχίαν
944 1158 1046 1197 αὐτὸν

17 1220 260 1272 προύκαλεῖτο.
279 1217 399 1272 Ἄρεος
419 1216 454 1256 δὲ
467 1222 589 1257 τοῦτον
610 1218 848 1266 ἐκδικοῦντος,
863 1217 923 1256 καὶ
944 1233 1046 1256 συνι-

18 1276 164 1321 στάντος
180 1276 414 1330 μονομαχίαν,
434 1276 572 1329 βληθεὶς
587 1275 750 1331 κεραυνὸς
771 1275 876 1327 μέσος
894 1275 1047 1329 ἀμφοτέ-

21 1351 90 1391 ρων
112 1335 246 1375 διαλύει
272 1334 336 1383 τὴν
369 1334 505 1388 μάχην.
526 1336 542 1360 4
559 1335 716 1379 Βαδίζων
735 1332 771 1373 δὲ
791 1335 834 1373 δι’
853 1334 1049 1388 Ἰλλυρίων,

21 1394 82 1434 καὶ
93 1393 251 1433 σπεύδων
263 1393 322 1432 ἐπὶ
337 1392 496 1445 ποταμὸν
511 1392 712 1447 Ἠριδανὸν,
726 1389 791 1441 ἧκε
803 1393 889 1448 πρὸς
898 1392 1051 1447 Νύμφας

20 1451 102 1496 Διὸς
120 1451 181 1491 καὶ
219 1450 384 1503 Θέμιδος.
403 1451 420 1476 ⁵
437 1445 551 1491 Α’ῧται
583 1450 773 1502 μηνύουσιν
800 1452 895 1503 αὐτῷ
916 1449 1048 1505 Νηρέα.

24 1509 219 1551 Συλλαὸὼν
234 1508 270 1548 δὲ
288 1509 390 1548 αὐτὸν
410 1508 628 1561 κοιμώμενον
657 1509 718 1548 καὶ
748 1509 915 1553 παντοίας
948 1510 1051 1548 ἐναλ-

21 1569 200 1609 λάσσοντα
217 1567 373 1623 μορφὰς,
391 1567 494 1616 ἔδησε
506 1584 514 1592 ·
535 1567 596 1606 καὶ
613 1569 677 1606 οὐκ
696 1566 816 1617 ἔλυσε,
838 1567 956 1622 πρὶνῆ
977 1583 1050 1619 μα-

22 1631 93 1668 θεῖν
117 1628 200 1683 παρ’
223 1629 347 1675 αὐτοῦ,
381 1631 451 1667 ποῦ
479 1626 685 1680 τυγχάνοιεν
707 1625 751 1665 τὰ
771 1627 891 1678 μῆλα,
922 1627 982 1665 καὶ
1015 1628 1051 1665 αἱ

19 1686 241 1741 Ἑσπερίδες.
259 1684 391 1725 Μαθὼν
412 1685 462 1736 δὲ,
478 1685 615 1734 Λιὸύην
635 1684 951 1739 διεξῄει.6Ταύτης
964 1685 1052 1724 ἐδα-

27 1745 142 1786 σίλευε
171 1751 255 1790 παῖς
289 1745 508 1788 Ποσειδῶνος
543 1744 717 1794 Ἀνταῖος,
756 1743 793 1789 ὃς
829 1743 907 1789 τοὺς
939 1744 1053 1790 ξένους

26 1804 229 1856 ἀναγκάζων
249 1803 412 1842 παλαίειν
432 1802 564 1856 ἀνῄρει.
578 1802 703 1857 Τούτῳ
714 1800 751 1842 δὲ
767 1803 928 1842 παλαίειν
946 1805 1054 1856 ἀναγ-

24 1862 214 1914 καζόμενος
241 1861 426 1916 (Ηρακλῆς
439 1892 450 1911 ,
487 1861 660 1916 ἀράμενος
696 1862 838 1914 ἅμμασι
878 1861 1052 1916 μετέωρον

26 1921 161 1966 κλάσας
188 1921 380 1960 ἀπέκτεινε.
410 1920 587 1961 Ψαύοντα
620 1919 688 1974 γὰρ
714 1924 796 1971 γῆς,
830 1920 1053 1976 ἰσχυρότερον

28 1980 211 2019 συνέὸαινε
229 1979 395 2032 γίνεσθαι.
421 1979 485 2019 Διὸ
506 1978 566 2019 καὶ
585 1981 658 2027 Γῆς
671 1979 761 2024 τινὲς
778 1979 910 2034 ἔφασαν
931 1984 1053 2019 τοῦτον

23 2032 118 2079 εἶναι
136 2041 259 2078 παῖδα.

81 2098 98 2124 7
108 2097 210 2138 Μετὰ
223 2096 358 2145 Λιὸύην
379 2095 415 2136 δὲ
429 2097 607 2149 Αἴγυπτον
622 2096 760 2150 διεξῄει.
769 2097 911 2146 Ταύτης
933 2098 1056 2137 ε’ὅασί-

27 2157 105 2195 λευε
122 2155 284 2210 Βούσιρις
300 2158 518 2200 Ποσειδῶνος
540 2162 622 2200 παῖς
640 2156 699 2195 καὶ
729 2156 977 2206 Λυσιανάσσης
993 2161 1056 2205 τῆς

26 2214 203 2269 Ἐπάφου.
230 2210 343 2259 Οῧτος
367 2214 445 2259 τοὺς
469 2214 582 2259 ξένους
608 2214 703 2254 ἔθυεν
730 2215 787 2253 ἐπὶ
824 2217 935 2268 βωμῷ
954 2215 1054 2266 Διὸς,

29 2273 122 2313 κατά
132 2290 167 2312 τι
176 2273 305 2324 λόγιον.
322 2272 471 2312 8Ἐννέα
489 2272 556 2328 γὰρ
573 2273 635 2321 ἔτη
653 2273 781 2328 ἀφορία
795 2273 859 2322 τὴν
876 2274 1055 2328 Αἴγυπτον

26 2332 215 2371 κατέλαὸε.
238 2332 398 2387 Φράσιος
416 2331 452 2370 δὲ
472 2331 580 2371 ἐλθὼν
603 2334 643 2371 ἐκ
661 2332 808 2386 Κύπρου
820 2362 831 2384 ,
854 2333 977 2385 μάντις
991 2333 1054 2381 τὴν

31 2390 245 2442 ἐπιστήμην,
271 2389 336 2445 ἔφη
369 2389 433 2438 τὴν
467 2390 612 2444 ἀφορίαν
643 2390 867 2441 παύσασθαι,
885 2391 945 2430 ἐὰν
962 2391 1055 2437 ξένον

31 2448 140 2504 ἄνδρα
158 2452 209 2503 τῷ
228 2449 285 2489 Διὶ
305 2448 462 2504 σφάξωσι
478 2450 556 2488 κατ’
576 2449 660 2493 ἔνος.
679 2448 842 2503 Βούσιρις
861 2449 898 2488 δὲ
925 2452 1055 2490 ἐκεῖνον

30 2510 168 2562 πρῶτον
197 2507 328 2562 σφάξας
351 2507 410 2546 τὸν
446 2507 583 2559 μάντιν,
612 2506 689 2551 τοὺς
724 2508 909 2554 κατιόντας
944 2508 1057 2554 ξένους

30 2565 170 2621 ἔσφαζε.
191 2567 208 2592 ⁹
227 2566 445 2621 Συλληφθεὶς
469 2561 526 2605 adv
541 2566 597 2606 καὶ
619 2566 814 2620 Ἡρακλῆς,
839 2574 909 2612 τοῖς
927 2571 1056 2622 βωμοῖς

31 2624 337 2679 προσεφέρετο,”“τὰ
354 2625 390 2665 δὲ
407 2624 520 2677 δεσμὰ
540 2625 739 2679 διαρρήξας,
763 2626 822 2666 τόν
834 2643 873 2665 τε
892 2626 1056 2682 Βούσιριν

33 2683 165 2723 καὶτὸν
186 2684 317 2723 ἐκείνου
336 2685 446 2723 παῖδα
466 2683 737 2738 Ἀμφιδάμαντα
760 2684 961 2736 ἀπέκτεινε,
982 2686 1057 2738 [καὶ

34 2741 90 2782 τὸν
109 2742 245 2797 κήρυκα
266 2742 445 2794 Χάλὸην].

85 2801 117 2827 ¹⁰
134 2799 276 2846 Διεξιὼν
294 2800 330 2839 δὲ
348 2801 479 2850 Ἀσίαν,
497 2802 735 2856 Θερμυδραῖςῖ,
754 2802 904 2842 Λινδίων
918 2802 1056 2855 λιμένι,

34 2859 227 2913 προσίσχει.
248 2859 320 2900 Καὶ
342 2860 515 2913 βοηλάτου
534 2861 625 2906 τινὸς
643 2860 753 2906 λύσας
768 2863 827 2902 τὸν
842 2862 957 2918 ἕτερον
987 2866 1056 2902 τῶν

35 2918 169 2972 ταύρων
183 2918 252 2958 ἀπὸ
269 2921 331 2965 τῆς
347 2918 503 2970 ἁμάξης,
523 2921 688 2973 εὐωχεῖτο
709 2920 826 2965 θύσας.
845 2922 890 2962 Ὁ
914 2922 950 2961 δὲ
969 2925 1057 2975 βοη-

36 2975 145 3025 λάτης
169 2980 306 3030 βοηθεῖν
326 2979 440 3031 ἑαυτῷ
473 2977 522 3029 μὴ
553 2978 760 3030 δυνάμενος,
784 2979 867 3023 στὰς
887 2981 944 3019 ἐπί
969 2997 1059 3025 τινος

35 3033 132 3090 ὄρους
143 3042 328 3090 κατηρᾶτο.
343 3035 407 3075 Διὸ
418 3035 478 3075 καὶ
495 3041 567 3083 νῦν,
581 3037 720 3077 ἐπειδὰν
736 3037 863 3078 θύωσιν
875 3038 1057 3093 Ἡρακλεῖ,

37 3092 125 3146 μετὰ
137 3097 296 3148 καταρῶν
311 3098 414 3134 τοῦτο
431 3095 633 3149 πράττουσι.

92 3152 269 3207 1’Παριὼν
278 3152 314 3192 δὲ
323 3154 499 3208 Ἀραὸίαν,
514 3154 556 3193 Ἦ
563 3155 722 3207 μαθίωνα
738 3156 864 3195 κτείνει
877 3158 987 3196 παῖδα
995 3160 1060 3197 Τι-

38 3212 156 3251 θωνοῦ.
177 3211 247 3251 Καὶ
264 3211 322 3250 διὰ
337 3215 398 3260 τ’ῆς
423 3212 556 3261 Λιὸύης
574 3214 749 3268 πορευθεὶς
764 3215 821 3253 ε’πὶ
839 3215 903 3263 τὴν
921 3215 987 3260 ἔξω
1003 3216 1060 3254 θά-

37 3269 184 3317 λασσαν,
203 3272 374 3309 καταπλεῖ
386 3287 393 3295 ·
413 3266 452 3310 οῧ
467 3272 508 3310 τὸ
522 3271 627 3316 δέπας
645 3274 922 3325 καταλαμὸάνει.
946 3275 977 3299 ¹2
987 3272 1059 3313 Καὶ

39 3327 237 3380 περαιωθεὶς
253 3328 309 3366 ἐπὶ
332 3328 394 3376 τὴν
413 3329 553 3384 ἤπειρον
573 3330 635 3379 τὴν
669 3332 829 3386 ἀντικρὺ,
858 3331 1057 3376 κατετόξευ-

2054 141 2123 174 141

1105 242 1194 276 sans,
1207 235 1387 277 navigabile
1401 238 1475 268 ante
1496 234 1627 275 flumen,
1643 234 1736 267 alveo
1750 233 1912 275 lapidibus
1926 234 2068 275 oppleto,
2082 234 2130 266 in-

1104 293 1283 334 navigabile
1310 294 1388 326 fecit
1404 303 1412 325 :
1430 302 1467 326 ac
1483 293 1647 326 traductas
1661 292 1762 327 boves
1778 292 1962 334 Eurystheo
1977 291 2129 331 tradidit,

1104 350 1163 389 qui
1179 349 1370 383 sacrificavit
1387 359 1441 383 eas
1455 350 1590 384 Junoni.

1148 464 1213 504 (11)
1237 464 1380 497 Peractis
1396 464 1447 497 his
1462 464 1628 497 laboribus
1644 463 1742 496 unius
1756 462 1876 496 mensis
1891 463 1924 496 et
1940 463 2014 496 octo
2032 471 2131 495 anno-

1105 531 1177 555 rum
1190 521 1307 563 spatio,
1323 523 1525 563 Eurystheus
1537 531 1644 564 neque
1659 522 1752 554 illum
1766 523 1986 554 armentorum
1998 523 2130 562 Augeae,

1105 587 1211 620 neque
1226 578 1320 610 illum
1343 579 1454 619 hydrae
1471 579 1660 620 admittens,
1683 579 1894 612 undecimum
1912 578 2057 612 laborem
2072 580 2130 611 im-

1105 636 1225 679 posuit,
1242 637 1280 668 ut
1295 636 1336 668 ab
1349 637 1579 678 Hesperidibus
1596 646 1693 670 aurea
1709 638 1794 670 mala
1810 639 2003 679 apportaret.

1147 700 1244 731 2Haee
1258 707 1336 731 vero
1348 707 1425 739 non,
1445 702 1482 730 ut
1503 700 1707 740 quorundam
1721 701 1772 732 est
1784 700 1953 740 sententia,
1975 699 2008 731 in
2031 697 2132 739 Libya

1105 759 1208 798 erant,
1223 757 1282 790 sed
1294 756 1380 798 apud
1395 757 1558 789 Atlantem
1575 757 1610 788 in
1625 758 1711 789 terra
1731 757 2032 798 Hyperboreorum;
2057 764 2132 797 quae

1105 814 1181 847 Jovi
1197 814 1231 846 in
1246 814 1368 856 nuptiis
1378 814 1446 846 suis
1459 815 1546 846 Juno
1561 813 1748 846 donaverat.
1763 814 1973 848 Custodiebat
1985 823 2022 846 ea
2035 813 2132 846 draeo

1106 872 1318 912 immortalis,
1335 871 1502 913 Typhonis
1517 873 1550 904 et
1569 871 1726 904 Echidnae
1747 874 1855 912 natus,
1878 873 2052 914 centiceps,
2075 870 2132 912 qui

1106 932 1205 965 variis
1220 932 1253 964 et
1269 929 1454 971 multigenis
1472 929 1610 962 vocibus
1626 930 1791 962 utebatur.
1807 932 1880 962 Una
1895 939 1970 962 cum
1992 930 2055 962 hoc
2079 938 2133 962 cu-

1107 989 1289 1023 stodiebant
1306 987 1511 1029 Hesperides,
1522 986 1623 1028 AEgle,
1641 987 1787 1028 Erythia,
1801 987 1914 1019 Hestia
1931 987 2131 1028 (Hesper-iar)

1106 1050 1277 1083 Erethusa.

1149 1108 1335 1140 ³Prosectus
1346 1105 1443 1147 igitur
1449 1104 1605 1138 Hercules
1618 1103 1657 1136 ad
1670 1103 1875 1136 Echedorum
1884 1103 2020 1136 fluvium
2033 1103 2134 1143 venit,

1108 1165 1165 1198 ubi
1181 1167 1314 1206 Cycnus
1328 1163 1442 1196 Martis
1467 1171 1486 1195 e
1500 1162 1615 1194 Pirene
1631 1161 1718 1193 filius
1735 1160 1777 1192 ad
1795 1160 1956 1202 singulare
1974 1163 2133 1193 certamen

1108 1233 1182 1257 eum
1197 1221 1400 1265 provocavit.
1418 1223 1513 1254 Hunc
1529 1219 1609 1252 dum
1625 1221 1712 1251 Mars
1731 1220 1843 1251 tuetur
1856 1221 1888 1250 et
1903 1218 2062 1259 singulare
2075 1227 2136 1250 cer-

1108 1285 1215 1315 tamen
1241 1281 1396 1322 adJuvat,
1418 1280 1541 1312 fulmen
1564 1279 1709 1311 medium
1730 1278 1815 1311 inter
1832 1278 2007 1318 utrumque
2022 1285 2041 1308 a
2056 1275 2137 1308 coelo

1109 1341 1288 1374 demissum
1305 1348 1446 1381 pugnam
1469 1338 1604 1371 dirimit.
1621 1340 1635 1359 ⁴
1647 1339 1712 1370 Iter
1732 1336 1850 1369 deinde
1868 1344 1924 1377 per
1939 1335 2081 1375 Illyriam
2095 1334 2138 1366 fa-

1109 1401 1198 1434 ciens
1211 1409 1248 1432 ac
1262 1407 1438 1442 properans
1453 1398 1495 1431 ad
1505 1397 1684 1430 Eridanum
1703 1395 1859 1434 fluvium,
1876 1394 1967 1427 venit
1985 1394 2025 1427 ad
2045 1396 2140 1435 Nym-

1109 1460 1191 1501 phas
1214 1461 1298 1492 Jove
1327 1460 1420 1490 natas
1433 1459 1465 1490 et
1491 1455 1657 1489 Themide.
1677 1459 1691 1478 ὅ
1708 1456 1767 1487 Hae
1782 1453 1926 1492 indicant
1944 1452 1974 1485 ei
1989 1455 2138 1485 Nereum.

1110 1521 1214 1557 Quem
1221 1517 1431 1551 dormientem
1438 1514 1681 1557 comprehendit
1686 1515 1718 1546 et
1725 1511 1872 1554 quamvis
1882 1511 2069 1552 omnigenas
2083 1510 2142 1542 sor-

1110 1585 1181 1609 mas
1189 1576 1402 1609 alternantem
1411 1574 1568 1614 devinxit,
1580 1581 1640 1605 nec
1649 1571 1739 1615 prius
1745 1570 1867 1603 dimisit
1876 1578 1972 1611 quarn
1981 1569 2143 1602 didicisset

1111 1635 1151 1667 ab
1166 1644 1206 1667 eo
1226 1634 1363 1667 ubinam
1387 1632 1474 1664 mala
1488 1632 1595 1663 essent
1615 1632 1648 1662 et
1669 1628 1874 1670 Hesperides.
1892 1627 1985 1666 Quod
2006 1626 2142 1659 edoctus

1111 1693 1268 1737 percurrit
1283 1692 1432 1733 Libyam.
1451 1691 1573 1732 ⁶Hujus
1588 1691 1724 1722 rexerat
1738 1687 1879 1728 Neptuni
1894 1686 1979 1718 filius
1994 1687 2141 1725 Antaeus,

1111 1753 1166 1795 qui
1182 1753 1324 1786 advenas
1335 1750 1450 1783 luctari
1464 1758 1575 1783 secum
1582 1751 1711 1781 coactos
1723 1746 1938 1780 interimebat.
1951 1747 2035 1779 Cum
2042 1753 2081 1777 eo
2088 1744 2143 1785 igi·

1111 1813 1167 1845 tur
1179 1809 1296 1843 luctari
1309 1810 1422 1850 jussus
1435 1807 1591 1840 Hercules
1607 1806 1641 1838 in
1656 1806 1758 1838 altum
1777 1805 1906 1837 sublato
1918 1803 1996 1836 loris
2009 1801 2144 1835 nodosis

1112 1877 1187 1902 ossa
1202 1867 1370 1908 confregit,
1379 1868 1475 1907 atque
1488 1865 1535 1897 ita
1549 1863 1686 1896 necavit.
1699 1864 1782 1896 Nam
1795 1862 1852 1895 ubi
1867 1863 1986 1894 terram
1998 1860 2143 1901 contigit,

1113 1926 1279 1959 robustior
1301 1933 1428 1966 semper
1452 1921 1604 1956 surrexit.
1633 1923 1740 1959 Quare
1763 1922 1842 1953 sunt
1864 1919 1921 1961 qui
1941 1927 2017 1952 eum
2037 1920 2145 1951 Terrae

1112 1984 1216 2017 filium
1231 1983 1351 2017 dicant.

1155 2110 1250 2142 ⁷Post
1262 2109 1399 2150 Libyam
1415 2109 1590 2150 AEgyptum
1605 2106 1796 2149 peragravit.
1814 2105 1920 2146 Hujus
1932 2113 1990 2137 rex
2004 2105 2072 2137 erat
2084 2106 2144 2137 Bu-

1115 2175 1202 2217 siris,
1221 2174 1365 2215 Neptuni
1378 2173 1464 2205 filius
1479 2181 1521 2205 ex
1536 2171 1732 2213 Lysianassa
1754 2170 1892 2212 Epaphi.
1910 2171 1942 2202 Is
1958 2178 1999 2202 ex
2014 2168 2144 2201 oraculo

1114 2241 1256 2282 quodam
1270 2240 1411 2272 advenas
1426 2238 1460 2270 in
1470 2237 1564 2270 Jovis
1579 2245 1635 2269 ara
1647 2234 1846 2268 immolabat.
1864 2235 2011 2267 “Etenim
2026 2241 2144 2265 novem

1115 2316 1174 2348 per
1189 2315 1292 2338 annos
1307 2306 1467 2346 AEgyptus
1483 2311 1634 2344 agrorum
1653 2301 1819 2334 sterilitate
1834 2300 2035 2333 laboraverat
2060 2301 2144 2331 Tum

1115 2371 1269 2404 Phrasius
1293 2371 1385 2402 vates
1404 2377 1422 2401 e
1442 2371 1552 2409 cypro
1570 2366 1747 2399 adveniens
1766 2373 1916 2406 agrorum
1942 2363 2142 2396 sterilitatem

1116 2437 1296 2470 desituram
1309 2442 1382 2467 esse
1395 2432 1641 2475 pronuntiavit,
1661 2430 1688 2463 si
1708 2430 1816 2462 virum
1833 2429 1995 2470 hospitem
2009 2429 2144 2468 quotan-

1115 2502 1168 2534 nis
1182 2500 1256 2534 Jovi
1271 2497 1497 2532 mactaverint.
1514 2496 1640 2530 Busiris
1652 2495 1763 2536 itaque
1775 2498 1883 2526 vatem
1895 2493 1986 2525 illum
2001 2492 2142 2533 primum

1115 2563 1298 2598 immolavit
1311 2565 1343 2595 et
1361 2562 1505 2595 advenas
1519 2560 1671 2600 deinceps
1694 2558 1841 2600 jugulare
1868 2556 2003 2589 solebat.
2021 2558 2036 2577 ⁹
2049 2556 2143 2587 com-

1117 2627 1299 2669 prehensus
1323 2626 1422 2667 igitur
1439 2624 1540 2657 etiam
1565 2621 1721 2655 Hercules
1740 2621 1782 2653 ad
1798 2629 1869 2652 aras
1885 2618 2082 2650 trahebatur.
2100 2618 2143 2650 At

1117 2692 1257 2734 diruptis
1272 2691 1415 2723 vinculis
1430 2691 1464 2722 et
1477 2688 1609 2722 Busirin
1628 2691 1661 2719 et
1682 2689 1752 2726 eJ'us
1770 2684 1873 2716 filium
1893 2680 2142 2723 Amphidaman-

1117 2760 1182 2790 tem
1199 2755 1330 2789 necavit
1347 2755 1393 2796 (et
1408 2752 1555 2787 Chalben
1573 2749 1782 2792 praeconem).

1159 2823 1188 2842 ¹⁰
1206 2818 1322 2851 Itinere
1335 2824 1390 2856 per
1405 2814 1514 2847 Asiam
1526 2813 1622 2852 facto,
1651 2811 1685 2842 in
1711 2806 1925 2847 Thermydras
1951 2804 2142 2838 Lindiorum

1117 2879 1246 2919 portum
1262 2874 1397 2917 appulit,
1413 2881 1451 2904 ac
1462 2870 1595 2903 bubulci
1613 2866 1792 2908 cujuspiam
1806 2865 1942 2897 alterum
1957 2865 2087 2895 taurum
2102 2861 2143 2894 de

1117 2936 1260 2977 plaustro
1280 2934 1425 2967 solutum
1445 2933 1478 2963 et
1499 2930 1676 2965 mactatum
1699 2924 1851 2958 comedit.
1875 2926 1960 2956 Tum
1981 2921 2141 2955 bubulcus

1118 3003 1220 3035 quum
1237 2992 1406 3026 defendere
1418 2998 1453 3022 se
1470 2997 1537 3020 non
1549 2987 1669 3028 posset,
1686 2984 1720 3016 in
1736 2984 1847 3016 monte
1872 2981 2014 3023 quodam
2038 2980 2141 3013 consi-

1118 3054 1207 3086 stens
1218 3052 1317 3092 coepit
1331 3047 1500 3082 exsecrari.
1515 3045 1675 3083 Quocirca
1683 3043 1872 3082 etiamnum,
1887 3041 1942 3073 ubi
1949 3040 2079 3074 Herculi
2094 3049 2141 3072 sa-

1118 3120 1172 3143 cra
1186 3110 1320 3147 faciunt,
1334 3116 1410 3139 cum
1426 3103 1702 3139 exsecrationibus
1718 3102 1751 3134 id
1765 3101 1932 3143 peragunt.

1161 3168 1273 3200 ¹¹Hinc
1286 3166 1449 3207 profectus
1462 3164 1495 3195 in
1507 3162 1658 3195 Arabiam
1671 3161 1895 3194 Emathionem
1907 3157 2026 3191 occidit
2038 3157 2140 3189 filium

1118 3225 1260 3260 Tithoni.
1277 3225 1319 3257 Et
1341 3232 1397 3264 per
1413 3221 1552 3262 Libyam
1571 3229 1706 3262 pergens
1728 3219 1767 3252 ad
1791 3227 1880 3262 mare
1898 3218 2041 3251 exterius
2053 3240 2063 3258 ,
2085 3216 2140 3248 ubi

1118 3293 1136 3315 a
1150 3283 1221 3315 Sole
1236 3281 1394 3323 scyphum
1407 3280 1542 3321 accepit,
1552 3278 1787 3319 navigationem
1795 3277 1880 3309 fecit.
1897 3276 2141 3308 ¹2Transvectus

1119 3343 1150 3374 in
1167 3340 1384 3374 continentem
1394 3349 1433 3371 ex
1449 3339 1584 3372 adverso
1600 3339 1705 3380 sitam,
1720 3338 1754 3370 in
1771 3339 1916 3371 Caucaso
1932 3337 2042 3367 monte
2056 3334 2141 3375 aqui-
