2320 3684
137 213 212 251 2154

137 309 250 343 ‘niuem
270 303 492 347 corruptum
510 306 589 332 esse
612 299 742 343 putat,
762 290 835 327 hoc
861 288 977 326 modo
993 288 1035 325 in
1057 287 1159 325 inte—

135 345 245 408 birum
278 356 358 393 vult
391 353 558 392 restitui:
574 351 648 389 Ἀπ.
670 348 708 387 δέ
727 362 831 402 φησιν
863 348 897 385 ἐν
922 345 1052 399 πρώτῳ
1075 347 1160 384 νεῶν

133 414 319 468 καταλόγῳ
337 413 523 465 Ἄργισσαν
547 408 775 459 ὀνομάζεσθαι
798 423 831 445 κ.
863 423 894 445 τ.
923 407 956 444 λ.
985 406 1059 444 Sed
1083 419 1160 442 non

133 474 182 511 de
199 473 304 511 urbis
317 502 326 519 ,
342 471 406 509 sed
419 470 466 507 de
480 469 569 506 civis
580 467 733 504 nomine
742 466 822 517 jam
840 466 1038 517 quaeritur,
1056 464 1160 515 quod

132 525 303 585 ’Ἀργείους
333 542 413 567 esse
445 526 701 578 Apollodorus
730 525 839 563 dixit.
872 525 918 563 Id
942 525 1081 575 gentile
1104 532 1160 561 est

132 586 299 640 Ἇργείας,
322 586 430 636 cujus
447 584 616 622 nominis
635 584 709 620 alia
729 583 853 621 forma
873 591 956 621 erat
974 581 1159 636 Ἄργισσα,

129 655 173 683 ut
195 646 337 683 indicat
363 643 534 681 Eustath.
556 642 580 679 l.
601 642 649 679 l.:
669 640 799 680 Ἰστέον
821 640 856 680 δὲ
880 640 933 680 ὅτι
954 640 1018 688 τὴν
1043 644 1160 694 ῥηθεῖ-

130 719 195 742 σαν
209 703 394 756 Ἄργισσαν
413 700 575 754 εὕρηνται
595 699 728 739 σπάνιά
744 715 822 739 τινα
838 703 907 739 τῶν
923 699 1159 754 ἀντιγράφων,

128 759 164 800 Ἄ
173 777 286 815 ργειαν
305 760 430 812 ἔχοντα
449 757 759 850 προπαροῙξυΞόνως
781 758 838 798 διὰ
855 758 1050 813 διφθόγγου.

627 831 648 851 ὅ)
680 841 688 850 ο

183 867 344 916 Etymol.
361 869 434 903 M.:
450 865 668 912 Ἀσπληδών·
684 865 768 919 φασὶ
781 864 849 918 γὰρ
863 858 951 903 εἶναι
968 864 1159 913 Σπληδόνα

127 924 186 962 τὸν
210 924 418 978 Πρεσὸῶνος
437 923 497 962 καὶ
513 922 705 978 Στερόπης
726 923 985 978 Ἀπολλόδωρος
1003 923 1040 962 δέ
1054 939 1157 979 φησιν

127 977 388 1031 Ἀσκληπιάδην
409 983 500 1022 οὕτω
518 982 645 1035 λέγειν·
660 982 850 1031 Σπληδόνα
867 983 898 1021 τ’
911 982 1078 1035 ἠγαθέην.

180 1046 373 1081 Truncata
409 1043 512 1091 haec,
533 1056 614 1094 quae
642 1042 689 1080 ad
711 1044 755 1081 ΙΙ.
775 1046 827 1094 Β,
859 1044 929 1080 511
963 1052 1158 1094 spectant,

127 1101 227 1139 sacili
244 1102 402 1152 negotio
422 1102 602 1139 restituas
627 1113 676 1138 ex
693 1102 865 1140 Eustath.
886 1116 924 1153 p.
947 1116 1020 1150 272
1035 1118 1042 1139 :
1057 1101 1103 1141 Ἥ
1123 1101 1159 1140 δὲ

126 1158 331 1207 Ἀσπληδὼν
352 1159 523 1213 γράφεται
554 1161 640 1213 παρ’
659 1158 787 1213 ἑτέροις
819 1159 879 1198 καὶ
910 1159 1018 1213 χωρὶς
1037 1164 1098 1198 τοῦ
1118 1176 1158 1199 α·

126 1217 257 1265 ἐκλήθη
273 1217 310 1256 δὲ
330 1218 399 1256 ἀπὸ
413 1217 645 1266 Ἀσπληδόνος
658 1250 668 1267 ,
689 1221 764 1257 υἱοῦ
782 1219 999 1261 Ποσειδῶνος
1017 1217 1039 1265 ἢ
1058 1218 1159 1271 Πρέ-

127 1277 260 1320 σδωνος
278 1275 300 1323 ἢ
322 1276 554 1330 Ὀρχομένου.
572 1279 631 1316 Cf.
653 1278 786 1329 Steph.
808 1281 898 1327 Byz.
914 1278 951 1315 h.
969 1292 1020 1326 v.,
1041 1279 1158 1316 schol.

127 1337 241 1372 Hom.
263 1335 311 1372 ad
334 1335 357 1373 l.
375 1337 412 1383 1.,
428 1339 553 1385 Etym.
580 1340 650 1384 Μ.,
678 1335 817 1374 Strabo
839 1339 918 1386 IX,
943 1350 981 1388 p.
1010 1337 1084 1385 637
1099 1368 1109 1386 ‚
1130 1340 1159 1376 C

126 1392 249 1443 (415).

608 1447 693 1484 154.

181 1498 314 1548 steph.
329 1502 441 1549 Byz.:
457 1498 628 1551 Ὠρωπός.
711 1498 764 1538 Τὸ
783 1500 915 1538 ε’θνικὸν
938 1500 1157 1555 Ὠρωπιεύς·

126 1554 216 1593 οὕτω
231 1554 298 1609 γὰρ
312 1559 329 1594 ὃ
345 1557 446 1600 αὐτὸς
465 1558 531 1609 (sc.
546 1556 818 1610 Ἀπολλόδωρος)
836 1561 870 1597 ἐν
884 1561 984 1598 Νεῶν
1002 1559 1160 1599 καταλό-

126 1629 177 1666 γῳ
193 1613 315 1666 πρώτῃ
331 1629 337 1638 ·
355 1613 487 1654 «Ἔστι
503 1615 531 1652 δ’
545 1617 566 1662 ἡ
586 1616 697 1668 Γραῖα
712 1615 817 1659 τόπος
829 1647 840 1665 ,
859 1619 928 1655 τῶν
950 1617 1158 1672 Ὠρωπιέων

126 1671 236 1717 πόλις.
251 1690 265 1706 »

606 1727 692 1765 155.

180 1785 318 1822 Strabo
335 1787 413 1831 IX,
434 1799 471 1836 p.
494 1785 566 1822 621
583 1815 593 1833 ‚
619 1789 670 1833 Β,
697 1786 825 1838 (405):
844 1786 990 1826 Οἴονται
1011 1787 1049 1826 δέ
1071 1804 1160 1832 τινες

127 1844 195 1881 δεῖν
212 1843 356 1896 γράφειν
377 1843 436 1895 (11.
451 1847 480 1881 B
495 1873 505 1891 ‚
522 1845 626 1895 508)-

209 1907 296 1938 Ἶσόν
309 1918 341 1938 τε
365 1908 484 1947 ζαθέην,
501 1908 663 1946 Ἀνθηδόνα
677 1909 704 1940 τ’
727 1909 931 1950 ἐσχατόωσαν
944 1921 951 1927 ·

128 1958 336 2003 ἐκτείνοντες
357 1959 420 2006 τὴν
448 1960 592 2014 πρώτην
626 1961 804 2008 συλλαὸὴν
836 1965 1027 2010 ποιητικῶς
1045 1963 1102 2002 διὰ
1121 1964 1162 2003 τὸ

129 2017 269 2070 μέτρον,
284 2018 359 2055 ἀντὶ
378 2021 439 2056 τοῦ

212 2082 311 2114 Νῖσάν
327 2094 360 2114 τε
375 2083 493 2121 ζαθέην·

129 2139 151 2181 ἡ
169 2134 235 2188 γὰρ
257 2135 352 2174 Νῖσα
366 2136 520 2186 οὐδαμοῦ
538 2135 697 2188 φαίνεται
715 2138 777 2183 τῆς
794 2137 981 2184 Βοιωτίας,
995 2138 1042 2182 ὥς
1056 2154 1160 2192 φησιν

131 2193 388 2247 Ἀπολλόδωρος
405 2196 440 2232 ἐν
457 2201 527 2238 τοῖς
545 2194 633 2248 Περὶ
656 2197 741 2233 νεῶν
755 2211 762 2218 ·
781 2194 868 2234 ὥστ’
884 2198 946 2234 οὐκ
966 2196 1007 2236 ἂν
1028 2196 1081 2245 εἴη
1094 2227 1105 2246 ,
1132 2200 1162 2236 εἷ

131 2251 180 2303 μὴ
198 2251 262 2299 τὴν
282 2252 375 2290 Ἴσον
394 2252 501 2296 οὕτως
524 2253 670 2307 εἴρηκεν.

183 2312 327 2349 Eadem
345 2313 516 2349 Eustath.
534 2312 582 2349 ad
600 2326 632 2349 e.
653 2313 677 2349 l.
698 2326 735 2363 p.
752 2326 821 2360 ²71
839 2342 848 2360 ‚
871 2314 939 2352 sed
955 2316 1163 2366 Apollodo-

132 2371 164 2408 ri
190 2384 266 2408 non
284 2371 467 2408 meminit.
490 2371 545 2408 Cf.
569 2374 614 2409 Ο.
636 2371 783 2409 Miiller.
811 2373 996 2412 Orchom.
1011 2389 1049 2426 p.
1071 2377 1159 2414 381.

840 172 1173 240 APOLLonom
1202 197 1536 238 FRAGMENTA.

1275 350 1411 389 Strabo
1445 355 1506 401 X,
1526 364 1561 403 p.
1581 353 1671 400 713,
1695 355 1730 390 A
1765 352 1820 403 (p.
1849 350 1963 402 464):
1985 351 2059 391 Καὶ
2082 350 2252 392 Ἀπολλό-

1223 408 1329 463 δωρος
1346 409 1376 447 δ’
1396 409 1532 464 εἴρηκεν
1550 411 1590 448 ἐκ
1604 413 1666 457 τῆς
1682 409 1852 454 Βοιωτίας
1869 408 2081 453 ἀπελθόντας
2091 409 2251 454 ”Υαντας

1222 469 1431 521 ἱστορεῖσθαι
1445 469 1503 507 καὶ
1519 469 1679 513 ἐποίκους
1698 475 1767 512 τοῖς
1788 470 1959 512 Αἰτωλοῖς
1977 467 2194 520 γενομένους.

1683 532 1771 572 157.

1274 598 1382 636 Idem
1405 599 1470 637 lib.
1492 602 1567 646 IX,
1591 612 1627 649 p.
1666 599 1755 646 637,
1775 602 1804 637 B
1838 598 1891 650 (p.
1915 596 2028 648 416),
2046 605 2250 649 postquam

1221 658 1373 695 Boeotiae
1398 658 1514 696 urbes
1546 665 1815 695 enarraverat:
1837 651 1891 695 Εῧ
1918 655 2166 709 γὰρ,ἰυςυίῐ,
2184 655 2250 704 τὴν

1221 715 1384 763 τοιαύτην
1404 716 1489 764 ὕλην
1511 715 1794 763 ὓποὸεὸλήκασιν
1825 718 1910 766 ἡμῖν
1945 717 1977 752 οἱ
2008 714 2053 752 τὰ
2079 714 2248 768 περὶτῶν

1220 776 1306 813 νεῶν
1341 775 1620 829 συγγράψαντες·
1659 769 1708 818 οἷς
1742 776 2008 824 ἀκολουθοῦμεν,
2028 772 2110 812 ὅταν
2140 775 2251 813 οἰκεῖα

1219 832 1350 885 λέγωσι
1366 834 1452 888 πρὸς
1468 833 1531 882 τὴν
1549 833 1724 886 ἡμετέραν
1745 832 1919 871 ὑπόθεσιν.
1941 835 1997 870 Ex
2017 832 2160 883 quibus
2177 846 2250 885 ap—

1222 901 1330 942 paret
1345 923 1355 943 ,
1377 901 1415 931 et
1433 894 1473 931 in
1492 892 1755 944 superioribus
1773 900 1811 929 et
1832 899 1912 929 toto
1929 891 2103 929 hocloco
2117 891 2164 930 de
2180 905 2252 930 ve-

1221 958 1301 988 tere
1317 952 1464 989 Graecia
1482 952 1594 1002 plura
1627 951 1856 988 Strabonem
1883 964 1931 988 ex
1959 951 2252 989 Commentariis

1220 1009 1278 1047 his
1292 1010 1520 1060 Apollodori
1536 1019 1750 1048 mutuatum
1765 1023 1858 1047 esse.
1875 1013 2054 1058 Heynius.

1683 1079 1768 1117 158.

1273 1144 1405 1195 steph.
1444 1148 1533 1194 Byz.
1553 1158 1560 1181 :
1583 1143 1707 1190 Ἀκτή·
1735 1141 1841 1185 οὕτως
1868 1145 1891 1189 ἡ
1923 1142 2062 1190 Ἀττικὴ
2094 1143 2251 1182 ἐκαλεῖτο

1221 1201 1289 1240 ἀπὸ
1306 1202 1467 1241 Ἀκταίου
1489 1201 1591 1246 τινός.
1611 1201 1714 1255 Ἀνὴρ
1735 1201 1772 1239 δὲ
1786 1195 1827 1248 ἦν
1849 1201 2042 1254 αὐτόχθων,
2058 1204 2106 1247 ὡς
2118 1202 2252 1242 Φαὸω-

1222 1265 1329 1313 ρῑνος,
1351 1260 1385 1304 ὃς
1400 1260 1624 1300 ἐδασίλευσεν
1640 1262 1733 1309 ἐκεῖ,
1760 1259 1819 1299 καὶ
1840 1261 1899 1314 ἀφ’
1921 1263 2045 1299 ἑαυτοῦ
2073 1259 2166 1300 οὕτω
2187 1260 2250 1308 τὴν

1221 1318 1340 1372 χώραν
1358 1318 1521 1370 ὠνόμασε
1542 1319 1601 1357 καὶ
1620 1319 1698 1362 τοὺς
1715 1320 1829 1364 λαούς.
1850 1317 2107 1372 Ἀπολλόδωρος
2126 1319 2163 1358 δὲ
2178 1321 2247 1359 τά-

1220 1371 1340 1409 ναντία
1361 1372 1477 1425 φησίν·
1503 1371 1633 1411 «Οὕτω
1651 1372 1719 1425 γὰρ
1742 1373 1872 1420 ἐκλήθη
1899 1371 1956 1410 διὰ
1982 1371 2021 1410 τὸ
2042 1371 2131 1411 πολὺ
2149 1372 2251 1425 μέρος

1221 1430 1327 1476 αὐτῆς
1344 1433 1581 1470 καθικνεῖσθαι
1600 1433 1647 1475 εἷς
1667 1432 1859 1470 θάλασσαν.
1891 1429 2074 1483 Τριγώνου
2094 1431 2162 1485 γὰρ
2185 1431 2250 1470 οὔκ

1223 1503 1305 1537 σης,
1328 1491 1365 1527 αἱ
1391 1489 1617 1528 συννεύουσαι
1636 1490 1704 1529 ὑπὸ
1722 1490 1761 1529 τὸ
1793 1489 1938 1530 Σούνιον
1957 1489 2167 1544 ἑκατέρωθεν
2192 1490 2252 1528 δύο

1220 1547 1367 1601 πλευραὶ
1384 1547 1553 1601 παράλιοι
1572 1549 1804 1600 τυγχάνουσι,
1832 1547 1878 1586 δι’
1900 1547 1940 1592 ἃς
1953 1550 2023 1587 τῶν
2041 1548 2100 1589 ἐπὶ
2113 1548 2252 1603 Κέκρο-

1220 1620 1284 1648 πος
1296 1607 1411 1658 φυλῶν
1422 1607 1596 1661 τεττάρων
1606 1609 1716 1647 οὐσῶν
1729 1607 1789 1646 δύο
1796 1606 2079 1661 προσηγόρευσαν
2088 1607 2250 1647 Ἀκταίαν

1220 1663 1279 1701 καὶ
1307 1666 1530 1718 Παραλίαν.»
1550 1670 1690 1705 Utrum
1715 1668 1792 1705 haec
1816 1680 1863 1704 ex
1880 1678 1996 1717 opere
2015 1666 2063 1704 de
2084 1667 2250 1704 Navium

1222 1723 1417 1774 Catalogo‚
1440 1737 1487 1761 an
1507 1725 1660 1763 aliunde
1679 1727 1797 1776 petita
1813 1729 1903 1775 sint,
1921 1725 2085 1765 discerni
2101 1725 2250 1775 nequit,

1220 1781 1316 1818 illud
1351 1790 1477 1820 tamen
1507 1784 1764 1823 verisimilius.
1799 1790 1933 1837 Itaque
1966 1786 2068 1823 hunc
2087 1785 2251 1822 maxime

1223 1839 1349 1877 locum
1385 1841 1598 1891 fragmento
1630 1844 1838 1895 assignavi,
1870 1845 1962 1896 quia
1999 1843 2127 1883 Attica
2163 1849 2252 1893 post

1221 1900 1400 1936 Boeotiam
1430 1902 1650 1939 nominatur
1684 1903 1788 1953 apud
1810 1906 2044 1949 Homerum,
2071 1900 2178 1951 cujus
2209 1900 2250 1938 in

1221 1958 1382 1997 navibus
1399 1961 1638 1998 recensendis
1656 1961 1829 2000 ordinem
1853 1963 1968 2000 etiam
1990 1959 2250 2011 Apollodorus

1222 2026 1373 2056 secutus
1393 2027 1468 2066 est,
1490 2020 1547 2056 uti
1565 2028 1603 2057 et
1617 2034 1676 2058 res
1694 2021 1776 2072 ipsa
1793 2020 1928 2058 suadet
1944 2027 2039 2058 etex
2059 2018 2250 2069 fragmen-

1223 2076 1270 2113 tis
1287 2077 1375 2114 libri
1389 2086 1481 2115 nota
1500 2078 1686 2116 distinctis
1706 2079 1794 2117 licet
1812 2079 2036 2129 intelligere.

1617 2193 1772 2233 LIBER
1799 2195 1850 2233 II.

1696 2257 1781 2294 159.

1276 2320 1416 2358 Strabo
1441 2322 1538 2370 VII,
1564 2333 1602 2370 p.
1628 2320 1701 2365 457
1733 2323 1761 2357 B
1780 2319 1886 2371 (298)
1914 2333 1923 2356 :
1949 2316 1990 2357 Ἃ
2017 2317 2049 2355 δ’
2077 2316 2248 2356 Ἀπολλό-

1224 2378 1330 2431 δωρος
1349 2380 1383 2416 ἐν
1399 2380 1450 2432 τῷ
1471 2378 1619 2431 δευτέρῳ
1637 2377 1716 2431 περὶ
1733 2379 1818 2415 νεῶν
1836 2375 2144 2431 προοιμιαζόμενος
2159 2375 2249 2428 εἴρη·

181 2532 342 2573 Aspledon
375 2530 470 2572 (urbs
495 2532 529 2563 in
551 2487 738 2564 Boeloioliilm
752 2534 785 2565 et
800 2535 976 2567 Locrorum
992 2536 1132 2569 confinio
1147 2562 1156 2578 ‚

134 2589 231 2620 quam
252 2579 350 2612 etiam
367 2579 561 2620 Spledonem
578 2579 707 2620 vocant)
724 2581 888 2613 nominata
903 2584 952 2613 est
969 2591 988 2614 a
1001 2583 1160 2623 Spledone

135 2626 312 2658 Presbonis
326 2626 359 2657 et
374 2626 530 2666 Steropae.
549 2624 765 2665 Apollodorus
780 2635 857 2658 vero
871 2627 916 2659 ait
938 2629 1159 2669 Asclepiadem

135 2674 180 2705 ita
196 2673 300 2705 dicere
319 2682 327 2704 :
345 2671 506 2704 Σπληδόνα
518 2673 545 2703 τ’
559 2673 706 2712 ἠγαθέην.

178 2769 343 2807 Οτοῃιιε..Υ
365 2764 503 2805 Gentile,
519 2720 696 2806 oropleifols
715 2766 768 2798 Sic
792 2767 878 2799 enim
902 2766 1116 2808 Apollodorus
1132 2769 1166 2800 li-

138 2813 195 2844 bro
209 2813 315 2854 primo
330 2812 370 2845 de
385 2812 524 2845 Navium
540 2812 712 2853 catalogo:
731 2815 815 2846 «Est
827 2815 934 2846 autem
949 2815 1044 2846 Graea
1061 2815 1163 2854 locuS‚

138 2859 348 2891 oronieorum
362 2859 441 2891 urbs
472 2872 489 2888 ι»

182 2953 263 2984 Sunt
278 2953 334 2993 qui
351 2953 434 2994 apud
451 2907 696 2985 Homeruti15si5d
712 2954 827 2995 putent
842 2959 1055 2987 seruiendum
1071 2965 1080 2986 ε

203 3018 218 3029 «
241 3006 340 3044 Atque
354 3007 435 3034 Isum
451 3016 568 3035 sacram
585 3008 780 3046 positamque
796 3008 981 3038 Anthedona
997 3008 1071 3047 fine,
1087 3022 1102 3034 υ

143 3057 239 3096 priori
254 3056 376 3096 syllaba
390 3059 479 3090 vocis
499 3060 566 3090 Isos
579 3059 702 3099 poetice
714 3059 886 3100 producta,
904 3069 963 3101 pro
977 3071 984 3092 :

389 3110 492 3139 Nisam
509 3121 637 3142 sacram.

144 3162 310 3200 Nusquam
336 3161 420 3192 enim
444 3162 477 3193 in
505 3164 628 3195 Boeotia
655 3164 821 3197 invenitur
836 3165 935 3206 Nisa,
961 3167 1046 3198 sicut
1072 3167 1166 3200 docet

146 3206 359 3247 Apollodorus
375 3208 408 3238 in
427 3211 674 3242 Commentariis
691 3211 731 3243 de
756 3212 906 3245 navibus.
925 3215 1038 3254 Itaque
1056 3213 1163 3245 locum

147 3262 211 3285 non
228 3252 335 3292 habet,
352 3253 414 3285 nisi
427 3256 516 3286 Isum
531 3256 576 3287 ita
595 3257 811 3298 appellaverit.

189 3345 400 3387 Apollodorus
419 3355 546 3388 quoque
563 3306 714 3388 traili5dlit,
734 3352 877 3392 Hyantes
896 3353 1085 3390 memorari,
1109 3353 1164 3394 qui

150 3398 168 3425 e
186 3393 308 3426 Boeotia
326 3394 476 3433 profecti,
498 3395 674 3427 AEtolorum
695 3397 760 3428 siut
777 3398 852 3430 sacti
870 3399 1030 3439 inquilini.

1264 2546 1456 2586 Hujusmodi
1491 2545 1658 2578 materiam
1691 2494 1790 2586 {³502}
1822 2544 1917 2577 nobis
1949 2545 2176 2586 suggesserunt
2200 2544 2247 2577 illi

1223 2592 1280 2632 qui
1304 2593 1337 2624 in
1369 2593 1558 2633 catalogum
1588 2592 1721 2624 Homeri
1743 2591 1898 2632 scripsere
1921 2601 1929 2623 :
1953 2600 2035 2632 quos
2057 2591 2243 2632 sequimur,
2304 2619 2305 2622 ,

1223 2638 1278 2670 ubi
1297 2642 1408 2671 nostro
1427 2641 1617 2680 argumento
1634 2639 1875 2670 accommodata
1890 2638 2098 2670 tradiderunt.

1264 2753 1363 2784 Acte:
1388 2752 1435 2784 sic
1463 2752 1567 2784 Attica
1589 2751 1809 2792 appellabatur
1831 2750 1871 2782 ab
1897 2751 2007 2783 Actaeo
2032 2750 2183 2791 quodam.
2212 2752 2245 2783 Is

1223 2799 1273 2830 vir
1287 2800 1367 2838 suit,
1387 2800 1569 2832 Pliavorino
1586 2801 1734 2839 auctore,
1754 2799 1900 2839 indigena
1912 2823 1921 2837 ,
1942 2798 1997 2838 qui
2014 2798 2059 2829 ibi
2075 2798 2240 2838 regnavit,

1222 2848 1318 2886 atque
1339 2847 1379 2878 de
1404 2855 1438 2878 se
1462 2847 1506 2878 ita
1526 2849 1559 2878 et
1590 2849 1707 2878 terram
1727 2845 1906 2877 nominavit
1927 2847 1959 2876 et
1980 2845 2148 2885 populum.
2180 2845 2244 2878 Sed

1222 2893 1284 2924 alia
1295 2902 1426 2933 prorsus
1443 2893 1557 2925 statuit
1569 2892 1800 2933 Apollodorus,
1819 2891 1957 2930 scilicet,
1973 2891 2018 2923 ita
2033 2900 2104 2923 esse
2122 2891 2243 2924 dictam

1222 2940 1303 2982 παρὰ
1325 2941 1379 2978 τήν
1400 2939 1495 2977 ἀκτὴν
1507 2964 1516 2979 ,
1534 2939 1566 2971 id
1583 2941 1651 2978 est,
1667 2948 1686 2970 a
1700 2939 1823 2975 littore,
1841 2938 1917 2978 quia
1933 2946 2048 2978 magna
2062 2937 2148 2969 illius
2169 2945 2244 2978 pars

1223 2987 1264 3018 ad
1282 2996 1369 3019 mare
1384 2986 1496 3027 vergit.
1511 2989 1620 3023 Quum
1635 2989 1721 3018 enim
1737 2984 1939 3026 triangularis
1954 2984 2008 3024 sit,
2020 2984 2118 3016 latera
2134 2984 2243 3016 utrim-

1223 3042 1286 3074 que
1295 3033 1431 3065 Sunium
1443 3041 1558 3065 versus
1569 3032 1732 3072 vergentia
1745 3031 1823 3062 mari
1837 3030 1992 3071 adjacent.
2003 3033 2071 3063 Hac
2081 3031 2123 3062 de
2129 3039 2243 3063 caussa

1223 3082 1304 3114 duas
1319 3085 1456 3123 quatuor
1472 3081 1613 3113 tribuum
1630 3080 1691 3112 sub
1708 3082 1849 3120 cecrope
1864 3080 2006 3111 Actaeam
2022 3082 2055 3112 et
2083 3080 2241 3112 Paraliam

1223 3128 1433 3170 appellarunt.

1622 3184 1840 3199 *oo-—

1613 3229 1764 3266 LIBER
1793 3230 1842 3267 II.

1266 3354 1344 3390 Quae
1370 3349 1582 3391 Apollodorus
1606 3349 1640 3381 in
1668 3299 1801 3381 effigio
1839 3349 1911 3380 libri
1934 3347 2064 3380 secundi
2086 3347 2126 3379 de
2147 3347 2236 3378 navi-

1224 3398 1284 3430 bus
1300 3398 1409 3437 affert,
1434 3397 1522 3429 nullo
1546 3399 1639 3438 paeto
1661 3397 1830 3437 quadrant.
1859 3395 1985 3428 Laudat
2009 3395 2093 3427 enim
2115 3394 2142 3426 is
2170 3401 2237 3426 sen·
