2294 3704
123 187 282 215 LXXXVI

118 259 249 308 blicis,
270 259 316 298 de
333 258 453 297 literis
471 267 668 309 comperta
686 258 829 296 habent
851 268 889 298 et
909 261 941 298 si
957 274 1042 311 quae
1057 268 1145 299 sunt

117 318 188 355 alia
214 325 427 355 memoratu
458 317 583 368 digua.
616 320 773 355 Summo
797 325 925 356 autem
950 318 1077 356 studio
1102 319 1143 356 in

118 375 355 427 temporibus
373 376 550 426 mythicis
561 384 779 423 versantur,
806 390 891 427 quae
911 377 1037 415 locum
1051 377 1144 415 dant

118 434 241 472 doctis
251 434 572 494 disputatiorffus
587 434 634 471 de
651 434 866 472 fabularum
882 437 1079 474 recondita
1094 437 1143 474 si-

117 493 359 542 gnificatione
382 494 667 543 multorumque
688 494 951 532 institutorum
966 495 1115 546 origine
1132 510 1141 532 :

117 565 195 601 quo
222 552 363 589 facturn
385 561 462 599 est,
483 560 527 589 ut
547 553 869 603 fragmentorum,
898 567 979 604 quae
1000 567 1140 605 super-

116 618 217 657 sunt,
239 611 402 647 maxima
418 623 507 661 pars
525 611 573 648 ad
591 611 851 661 antiquissima
866 612 946 649 haec
966 621 1142 663 tempora

115 671 318 720 pertineat.
338 674 395 708 De
418 671 659 722 temporibus
677 672 868 710 historicis
885 674 1009 712 rarius
1026 681 1140 711 testes

115 728 358 776 adhibentur,
370 729 488 780 idque
501 743 580 768 non
595 730 710 768 modo
726 744 769 769 ea
782 744 830 769 ex
850 745 962 770 causa
981 732 1085 783 quod
1100 733 1138 770 in

114 787 186 824 hac
202 795 310 838 parte
338 788 465 826 minus
489 789 637 840 copiosi
661 800 766 827 erant
792 791 876 841 (etsi
897 804 975 828 non
994 805 1139 838 omnes,

114 855 218 884 certe
240 847 444 898 plerique),
461 848 527 885 sed
539 848 644 899 quod
663 850 861 887 clarissimi
876 850 1047 888 historici
1060 851 1139 888 haec

113 913 370 943 tractaverant
388 924 397 946 ε
423 906 564 956 quibus
583 907 614 944 si
632 907 686 945 illi
704 921 980 959 nonnunquam
1000 909 1141 959 praefe—

111 973 272 1012 runtur,
302 966 376 1003 hoc
406 965 493 1003 ideo
519 966 583 1014 fit,
604 967 711 1017 quod
732 980 792 1006 res
812 968 995 1006 obscuras
1023 977 1139 1019 atque

111 1024 329 1062 reconditas
352 1037 489 1075 magna
506 1024 699 1075 diligentia
719 1027 1083 1077 pervestigaverant‚
1101 1034 1140 1064 et

110 1082 214 1132 quod
237 1096 298 1121 res
323 1083 448 1120 minus
477 1096 610 1134 graves
637 1092 675 1122 et
706 1084 754 1122 ab
775 1085 970 1124 historicis
990 1099 1138 1136 praece-

111 1140 290 1178 dentibus
310 1141 501 1191 neglectas
524 1143 674 1192 prolixe
698 1143 913 1181 tractandas
933 1144 1006 1182 sibi
1030 1158 1137 1181 sum-

110 1208 277 1250 pserant.
297 1200 593 1239 Observandum
612 1203 725 1240 etiam
739 1211 809 1249 est,
827 1203 1029 1241 Atthidum
1046 1205 1139 1240 scri-

110 1267 240 1309 ptores
264 1260 521 1298 accuratiores
543 1261 657 1299 Fuisse
678 1262 718 1298 in
739 1261 1017 1299 constituendis
1038 1270 1137 1298 tem·-

109 1317 271 1368 poribus
291 1333 407 1369 quam
432 1320 638 1358 historicos
652 1320 871 1371 superiores
889 1334 897 1358 :
915 1329 953 1357 et
970 1321 1137 1358 maximo

111 1377 196 1414 usui
228 1377 342 1415 fuisse
371 1378 548 1416 Atthides
569 1379 802 1425 scholiastis‚
824 1379 1078 1429 grammaticis
1100 1388 1137 1417 et

107 1436 393 1487 lexicographis
405 1466 415 1484 ,
441 1451 558 1488 quum
579 1438 617 1475 in
636 1438 682 1475 iis
705 1451 765 1475 res
781 1438 979 1475 commode
998 1451 1135 1475 secun-

110 1493 201 1532 dum
235 1503 452 1546 temporum
483 1496 618 1533 seriem
657 1496 862 1546 dispositas
898 1497 1136 1548 aliorumque

108 1561 308 1591 auctorum
329 1554 377 1591 de
392 1555 438 1591 iis
453 1555 660 1592 sententias
674 1554 852 1592 collectas
865 1563 904 1592 et
918 1564 1050 1594 exacte
1067 1570 1136 1594 ex-

107 1611 292 1648 aminatas
313 1612 540 1662 reperirent.

161 1673 236 1707 Res
255 1670 372 1721 igitur
393 1672 526 1709 Nostri
555 1680 592 1708 et
615 1672 770 1722 copiose
788 1681 989 1724 exponunt
1004 1682 1042 1711 et
1062 1674 1135 1711 ad—

107 1728 231 1766 hibita
249 1738 329 1767 arte
344 1731 474 1767 critica
495 1729 600 1781 (κατὰ
613 1731 745 1774 πλάτος
766 1732 938 1769 Philoch.
959 1734 1029 1782 593
1049 1734 1135 1781 132,

110 1785 358 1836 ἐντελέστατα,
388 1789 590 1827 Clitodem.
617 1790 638 1827 5
656 1790 854 1842 περιττῶς).
874 1794 958 1828 Jam
982 1793 1135 1830 monui-

108 1859 192 1883 mus
210 1860 304 1896 quas
330 1860 389 1884 res
406 1848 667 1898 copiosissime
687 1857 849 1886 tractare
871 1851 1028 1888 soleant.
1056 1854 1134 1889 Ar-

108 1914 184 1943 tem
215 1914 342 1943 autem
362 1907 533 1945 criticam
565 1908 603 1945 in
627 1907 764 1945 fabulis
787 1909 837 1946 ita
860 1918 1061 1956 exercent,
1092 1919 1136 1948 ut

107 1965 281 2015 rejiciant
303 1966 430 2003 omnia
460 1980 546 2017 quae
572 1980 675 2004 mere
697 1968 849 2017 poetica
877 1977 915 2006 et
937 1970 1023 2006 licta
1047 1978 1136 2007 sunt

107 2022 237 2074 (πολλὰ
253 2023 436 2077 ψεύδονται
450 2024 558 2063 ἀοιδοί
572 2025 666 2066 Phil,
682 2026 728 2075 ι),
742 2039 862 2076 eaque
878 2040 926 2064 ex
939 2027 985 2064 iis
1001 2041 1135 2065 eruere

107 2082 302 2130 studeant,
321 2097 407 2133 quae
418 2084 516 2121 ratio
537 2084 703 2135 probare
721 2086 862 2136 possit,
879 2087 938 2123 vel
955 2087 1055 2125 facta
1077 2088 1137 2126 hi-

107 2142 247 2179 storica
268 2143 326 2179 vel
346 2143 524 2181 veritates
540 2143 828 2194 philosophicas
847 2146 983 2195 (Demo
999 2146 1035 2193 3,
1053 2151 1135 2184 An—

107 2199 207 2237 drot.
227 2201 290 2246 28,
308 2214 371 2249 29,
387 2201 557 2238 Philoch.
578 2216 637 2248 10,
659 2205 722 2249 18,
743 2218 801 2253 19,
817 2204 878 2251 28,
900 2205 962 2251 38,
980 2206 1042 2254 39,
1057 2205 1134 2256 46).

106 2261 151 2295 In
179 2259 386 2296 tractandis
421 2260 660 2310 temporibus
688 2261 881 2300 historicis
899 2272 981 2301 arte
1004 2265 1136 2301 critica

107 2317 161 2353 ita
176 2325 357 2363 utuntur,
374 2326 416 2355 ut
441 2320 662 2369 perquisitis
682 2329 858 2358 accurate
878 2323 1135 2360 monumentis

109 2375 376 2427 (Philochorus
416 2378 613 2415 titulorum
661 2379 903 2430 publicorum
939 2381 1136 2419 collectio-

106 2449 194 2474 nem
206 2436 341 2485 edidit,
360 2437 408 2474 de
425 2451 502 2488 qua
518 2439 616 2476 infra
632 2439 805 2492 dicetur),
819 2441 999 2480 adhibitis
1015 2442 1135 2480 docu-

107 2496 245 2534 mentis
289 2496 532 2548 aliorumque
570 2500 765 2537 sententiis
805 2502 1036 2551 comparatis
1077 2516 1135 2540 res

108 2562 301 2592 enarrent.
325 2559 398 2594 Per
417 2569 457 2593 se
479 2570 573 2594 vero
590 2566 716 2607 patet,
744 2571 821 2596 non
839 2561 984 2609 pariter
1004 2574 1136 2599 omnes

107 2621 218 2663 aptos
235 2614 353 2652 fuisse
371 2614 419 2652 ad
436 2615 534 2653 hanc
551 2629 632 2653 rem
650 2617 723 2654 rite
736 2619 993 2667 peragendam
1010 2634 1018 2655 :
1038 2622 1137 2658 Ister

109 2673 265 2723 quidem
282 2674 519 2725 acquievisse
538 2675 691 2713 videtur
704 2677 744 2714 in
760 2677 983 2728 colligendis
1002 2679 1134 2717 vario-

109 2745 194 2769 rum
214 2741 413 2770 auctorum
432 2735 643 2773 sententiis.

160 2792 339 2830 Atthides
363 2793 503 2830 similes
529 2794 645 2832 fuisse
670 2795 863 2832 annalium
886 2803 965 2832 tum
993 2809 1038 2833 ex
1059 2796 1136 2834 fra-

108 2861 218 2899 gmen
225 2851 270 2888 tis
280 2851 499 2890 Philochori
507 2861 543 2890 et
552 2853 798 2891 Androtionis
808 2854 1043 2904 intelligitur,
1057 2863 1135 2893 tum

109 2910 250 2947 diserte
277 2919 438 2948 testatur
457 2912 665 2961 Dionysius
690 2912 893 2963 (Archaeol.
913 2916 950 2960 Ι,
977 2926 1013 2964 p.
1035 2928 1053 2961 7
1077 2914 1135 2951 ed.

109 2968 228 3018 Sylb.)
241 2998 250 3015 ,
273 2968 338 3006 ubi
357 2970 450 3007 dicit
465 2986 472 3007 :
487 2973 576 3014 Ταῖς
591 2975 768 3024 χρονικαῖς
784 2970 1043 3024 παραπλήσιον,
1064 2971 1137 3016 οἵας

110 3024 281 3070 ἐξέδωκαν
298 3028 329 3064 οἱ
348 3026 408 3070 τὰς
423 3028 579 3074 Ἀτθίδας
598 3030 955 3082 πραγματευσάμενοι
968 3046 975 3054 ·
998 3046 1136 3081 μονοει-

111 3084 178 3126 δεῖς
215 3083 282 3137 γὰρ
313 3086 441 3123 ἐκεῖναί
469 3102 507 3124 τε
540 3087 599 3125 καὶ
634 3087 726 3140 ταχὺ
759 3083 1037 3141 προσιστάμὲναι
1067 3095 1137 3133 τοῖς

111 3141 307 3181 ἀκούουσιν.
330 3146 420 3181 Haec
440 3146 607 3184 historiae
625 3148 820 3186 tradendae
841 3150 938 3187 ratio
953 3161 1137 3186 summam

111 3201 265 3251 quidem
284 3202 484 3240 utilitatem
509 3205 671 3254 praebet,
694 3207 758 3244 sed
786 3221 863 3245 non
896 3207 1063 3245 admittit
1082 3215 1139 3244 ta-

110 3260 184 3297 lem
210 3273 337 3297 rerum
366 3263 670 3313 expositionem,
705 3280 790 3316 quae
821 3281 897 3304 non
920 3267 1138 3318 singulatim

111 3318 209 3356 facta
231 3327 447 3367 enumeret,
472 3320 536 3358 sed
559 3323 684 3360 omnia
708 3333 750 3360 ut
777 3333 880 3362 arcte
908 3325 1139 3363 cohaerentia

112 3386 149 3415 ct
173 3377 221 3415 ad
247 3386 391 3416 certum
414 3379 604 3429 quendam
631 3381 743 3419 finem
771 3384 1002 3434 pertinentia
1029 3397 1138 3422 com-

777 177 845 215 DE
873 176 1154 217 ATTHIDUM
1181 176 1566 220 SCRIPTORIBUS.

1202 261 1404 311 plectatur.
1444 263 1483 301 Si
1516 263 1733 301 Philochori
1771 272 1809 301 et
1842 264 2094 303 Androtionis
2127 266 2227 305 ratio

1202 327 1420 371 temporum
1442 321 1746 360 definiendorum
1767 322 1948 361 omnibus
1964 337 2071 374 aeque
2091 324 2224 362 Atthi-

1202 378 1294 416 dum
1326 380 1580 431 scriptoribus
1608 381 1851 420 attribuenda
1877 391 1955 430 est,
1987 382 2227 433 digesserunt

1202 438 1413 476 secundum
1434 440 1661 478 archontum
1683 441 1820 478 seriem
1843 455 1887 479 ea
1914 455 2000 492 quae
2020 450 2109 493 post
2129 455 2225 481 con-

1201 495 1353 533 stitutos
1372 497 1573 535 archontes
1587 506 1689 548 gesta
1703 507 1804 547 sunt,
1828 499 1926 537 iniis
1942 513 2027 550 quae
2040 500 2114 538 hoc
2133 509 2225 540 tem-

1202 566 1275 604 pus
1297 555 1521 604 praecedunt
1538 558 1599 594 vel
1618 556 1720 594 bello
1737 558 1917 608 Trojano,
1942 559 2003 595 vel
2022 559 2224 610 Olympia-

1200 612 1291 650 duin
1314 614 1426 651 initio
1452 615 1510 652 vel
1533 615 1647 652 etiam
1672 616 1767 666 ipsis
1791 617 1872 654 istis
1898 617 2146 656 archontibus
2175 617 2225 656 ad

1201 680 1377 722 tempora
1393 673 1646 712 describenda
1667 675 1726 712 usi
1745 687 1826 712 esse
1844 675 2038 713 videntur.

1250 731 1415 768 Dicendi
1436 745 1555 782 genus
1574 732 1714 770 horum
1741 734 1992 783 scriptorum,
2014 741 2110 772 teste
2127 733 2227 772 Dio-

1198 789 1309 837 nysio
1327 790 1445 827 Halic.
1462 790 1486 827 l.
1506 791 1545 836 l.‚
1567 799 1683 828 tenue
1699 803 1744 828 ac
1762 792 1926 842 simplex
1939 799 2043 839 erat,
2061 791 2102 829 id
2123 791 2227 842 quod

1199 854 1236 884 et
1263 847 1493 898 fragmenta,
1517 849 1558 886 in
1583 849 1725 899 quibus
1747 850 1921 900 ipsorum
1940 850 2060 888 verba
2077 858 2227 888 servata

1199 914 1298 952 sunt,
1314 908 1541 944 confirmant
1560 916 1598 945 et
1617 921 1745 945 rerum
1771 910 1960 960 tractatio,
1977 922 2061 960 quae
2073 909 2121 948 iis
2131 921 2226 960 pro-

1198 965 1283 1014 pria
1302 973 1401 1013 erat,
1423 966 1578 1004 credere
1598 980 1668 1004 nos
1681 966 1803 1016 jubet.

1250 1026 1386 1060 Praeter
1413 1025 1589 1062 Atthides
1616 1025 1728 1076 plura
1754 1026 1828 1063 alia
1854 1038 1974 1076 opera
1994 1038 2226 1077 composue-

1197 1089 1301 1128 runt,
1322 1082 1360 1118 in
1379 1082 1519 1132 quibus
1537 1091 1749 1120 tractarunt
1770 1097 1889 1134 quum
1910 1083 2071 1122 aliarum
2090 1084 2226 1123 civita-

1199 1146 1279 1176 tum
1296 1140 1496 1178 historiam
1516 1150 1595 1180 tum
1618 1155 1711 1179 vero
1726 1143 1890 1180 maxime
1905 1143 2072 1180 historiae
2089 1143 2227 1181 Atticae

1198 1207 1324 1247 partes
1344 1213 1423 1249 prae
1440 1201 1586 1238 caeteris
1608 1215 1742 1251 graves
1758 1203 1818 1239 vel
1838 1201 2031 1239 obscuras.
2054 1206 2227 1253 Egerunt

1196 1256 1236 1292 in
1267 1258 1417 1307 scriptis
1456 1260 1714 1309 peculiaribus
1761 1261 1876 1298 etiam
1911 1261 1958 1298 de
1998 1260 2226 1311 quibusdam

1196 1317 1453 1364 grammaticae
1470 1317 1658 1370 partibus,
1676 1319 1721 1356 iis
1737 1319 1941 1369 imprimis,
1960 1333 2045 1369 quae
2061 1333 2148 1356 cum
2165 1319 2226 1358 hi—

1196 1373 1315 1410 storia
1335 1374 1550 1424 conjunctae
1578 1384 1666 1413 snnt
1690 1377 1751 1414 vel
1774 1377 1822 1414 ad
1847 1390 1931 1414 eam
1949 1377 2226 1427 exquirendam

1196 1444 1368 1480 magnam
1390 1433 1470 1469 vim
1489 1432 1644 1472 habent.
1671 1437 1756 1472 Huc
1782 1435 1979 1485 pertinent
1998 1435 2225 1486 scriptiones

1195 1488 1241 1527 de
1272 1490 1490 1540 proverbiis
1526 1500 1564 1529 et
1590 1492 1637 1530 de
1667 1492 1962 1544 loquutionibus
1992 1494 2137 1533 Atticis,
2179 1497 2225 1533 In

1195 1548 1374 1586 omnibus
1391 1549 1450 1586 his
1469 1550 1623 1600 scriptis
1642 1551 1774 1589 eadem
1790 1551 1938 1590 indoles
1959 1560 2041 1590 erat
2058 1566 2172 1604 quam
2184 1554 2226 1593 in

1195 1606 1418 1645 Atthidibus
1445 1622 1453 1644 ε
1477 1608 1610 1646 eadem
1642 1609 1828 1647 doctrinae
1856 1610 1989 1662 copia,
2021 1611 2155 1650 eadem
2183 1613 2224 1651 in

1195 1667 1409 1717 colligendo
1429 1668 1650 1718 diligentia,
1678 1669 1782 1707 idem
1800 1671 1885 1707 veri
1905 1670 2124 1721 reperiendi
2141 1679 2223 1711 stur

1195 1725 1301 1763 dium
1323 1726 1504 1777 idemque
1523 1727 1676 1765 dicendi
1695 1741 1814 1778 genus
1834 1730 1932 1767 exile
1948 1743 1992 1768 ac
2009 1729 2187 1781 simplex.

1248 1785 1360 1823 Fides
1383 1794 1419 1822 et
1444 1787 1652 1824 auctoritas
1678 1801 1758 1825 non
1785 1788 1965 1828 omnibus
1991 1797 2050 1828 est
2076 1790 2223 1829 eadem.

1194 1847 1277 1882 Prae
1302 1845 1439 1882 ceteris
1462 1846 1660 1896 diligentia
1685 1855 1723 1884 et
1740 1846 1881 1897 judicii
1902 1849 2079 1887 acumine
2097 1849 2225 1887 excel-

1195 1904 1278 1941 lunt
1289 1904 1525 1942 Clitodemus
1540 1913 1578 1942 et
1592 1905 1862 1953 Philochorus;
1881 1908 2073 1946 Androtio
2087 1907 2225 1947 eodem

1196 1962 1273 2000 fere
1289 1963 1375 2000 loco
1396 1963 1595 2002 habendus
1613 1973 1691 2008 est,
1714 1979 1947 2016 quamquam
1967 1967 2138 2004 AElianus
2162 1966 2222 2018 (fr.

1197 2021 1261 2072 36)
1293 2021 1375 2072 ejus
1413 2022 1524 2061 fidem
1560 2024 1773 2075 paululum·
1797 2025 2025 2063 addubitare
2058 2026 2223 2065 videtur.

1195 2080 1462 2119 Phanodemus
1489 2082 1559 2120 etsi
1583 2083 1623 2119 in
1650 2082 1764 2122 rebus
1784 2084 2022 2122 excutiendis
2039 2085 2224 2124 sollicitus

1195 2147 1295 2187 erat,
1311 2140 1439 2178 studio
1457 2148 1583 2178 tamen
1601 2142 1734 2192 patriae
1751 2155 1829 2180 suae
1845 2142 2083 2180 celebrandae
2104 2144 2225 2182 inter-

1196 2197 1286 2235 dum
1310 2198 1494 2249 abreptus
1510 2208 1586 2248 est,
1610 2209 1652 2237 ut
1681 2200 1774 2238 falsa
1790 2201 1971 2240 traderet.
1991 2205 2117 2240 Demo
2135 2202 2224 2241 ideo

1195 2256 1308 2294 nobis
1325 2266 1524 2307 suspectus
1542 2271 1623 2296 esse
1641 2258 1768 2307 debet,
1789 2259 1892 2310 quod
1908 2269 2043 2298 contra
2057 2260 2139 2312 ejus
2153 2264 2225 2299 At-

1197 2315 1341 2354 thidem
1357 2317 1511 2368 scripsit
1527 2317 1780 2356 Philochorus
1792 2348 1802 2366 ,
1826 2327 1962 2357 auctor
1978 2319 2225 2370 diligentissi-

1196 2388 1279 2412 mus
1295 2376 1562 2426 acerrimoque
1577 2377 1762 2427 praeditus
1772 2376 1934 2428 jndicio.
1952 2381 2051 2416 Ister
2066 2391 2145 2416 non
2165 2377 2225 2416 di-

1195 2448 1291 2486 gnus
1308 2443 1364 2472 est
1380 2435 1503 2473 critici
1522 2436 1677 2472 nomine
1697 2444 1734 2472 et
1753 2436 1892 2486 saepius
1912 2435 2222 2487 reprehenditur.

1248 2494 1443 2544 Expositis
1467 2507 1552 2544 quae
1575 2494 1624 2532 ad
1648 2507 1778 2532 omnes
1794 2507 1900 2544 aeque
1915 2493 2116 2532 Atthidum
2134 2495 2225 2533 scri-

1196 2561 1326 2604 ptores
1346 2553 1552 2604 pertinent,
1570 2553 1649 2603 jam
1669 2552 1716 2591 de
1734 2552 1892 2604 singulis
1908 2552 2088 2605 deinceps
2103 2552 2226 2592 disse-

1196 2626 1335 2650 remus.

1632 2699 1782 2711 ...Φ-

1575 2758 1849 2798 CLIDEMUS.

1249 2853 1463 2891 Clidemum
1482 2852 1668 2890 wmnium
1688 2853 1754 2902 qui
1780 2851 1961 2890 Atthides
1989 2851 2226 2903 scripserunt

1196 2913 1476 2950 vetustissimus
1498 2912 1559 2963 (fr.
1585 2912 1644 2962 16)
1670 2912 1799 2949 multis
1827 2910 2001 2949 laudibus
2027 2910 2226 2949 celebran-

1196 2971 1265 3009 dus
1282 2980 1361 3010 est:
1382 2985 1470 3009 nam
1487 2971 1668 3021 copiose,
1692 2979 1826 3008 exacte
1848 2979 1885 3007 et
1901 2969 1979 3006 acri
1991 2968 2141 3020 judicio
2164 2982 2225 3007 res

1196 3039 1329 3069 narrat
1347 3029 1454 3081 (ἰδίως
1467 3029 1526 3067 καὶ
1544 3030 1714 3081 περιττῶς
1735 3029 1780 3066 fr.
1799 3028 1856 3079 5);
1878 3040 2151 3078 nonnunquam
2163 3028 2226 3065 ni-

1198 3090 1270 3126 mia
1289 3097 1345 3127 est
1363 3089 1445 3138 ejus
1463 3088 1674 3138 diligentia,
1689 3086 1755 3123 nbi
1770 3087 1975 3136 exquirere
1987 3086 2125 3132 studet,
2139 3099 2225 3136 quae

1199 3149 1258 3186 vel
1281 3148 1388 3198 parvi
1409 3147 1591 3184 momenti
1612 3146 1770 3183 suntvel
1789 3145 1835 3181 ad
1854 3144 2042 3194 liquidum
2066 3145 2223 3182 omnino

1199 3206 1356 3258 perduci
1367 3220 1443 3243 non
1458 3213 1618 3256 possunt
1634 3204 1694 3255 (fr.
1713 3205 1734 3240 6
1750 3218 1758 3240 ;
1777 3201 1978 3255 ἐξακριὸοῦν
1989 3201 2032 3239 τὰ
2047 3201 2126 3240 καθ’
2138 3201 2224 3240 ἕκα-

1198 3281 1264 3303 στα
1300 3262 1533 3317 βουλόμενος).
1575 3263 1667 3314 Ejus
1694 3263 1855 3300 virtutes
1885 3261 1925 3298 in
1958 3274 2113 3311 quoque
2146 3260 2224 3299 sere

1199 3323 1410 3374 fragmento
1445 3330 1646 3374 apparent.
1700 3323 1876 3368 Quatuor
1923 3319 1959 3356 ei
2001 3318 2225 3358 tribuuntur

1198 3395 1317 3434 opera
1330 3397 1338 3421 ε
