2320 3684
131 204 207 238 882

882 186 1114 228 DEMONIS
1141 185 1475 227 FRAGMENTA.

129 298 214 324 rum
234 282 331 322 ordo
347 280 520 333 incipiat.
540 302 588 308 -
605 276 686 316 Sub
700 276 815 314 finem
835 275 951 325 vulgo
972 273 1159 325 scriptum
1214 273 1302 311 liter
1321 273 1404 325 ipse
1424 275 1559 314 Suidas
1585 275 1678 313 falso
1696 275 1873 314 adhibuit
1890 277 2112 326 articulum,
2131 292 2247 332 quem

131 352 192 382 est
210 344 239 381 εἷ
260 341 309 394 μὴ
329 339 488 394 χαλκίον,
510 339 544 375 ἐν
574 335 670 388 ἄλλῳ
695 332 865 382 λέὸητας,
891 332 998 384 quod
1028 335 1162 370 Mont-

132 402 282 439 faucon.
299 401 354 438 ita
367 397 548 444 correxit,
565 402 610 432 ut
631 392 866 443 scripsimus.

624 446 682 484 18.

186 505 321 546 Suidas
340 519 348 540 :
370 502 578 541 Δωδωναῖον
597 500 774 552 χαλκεῖον.
796 496 883 537 Ἐπὶ
902 498 971 535 τῶν
988 497 1163 550 μακρολο-

132 564 285 617 γούντων
301 579 309 587 ·
329 561 462 611 Δήμων
482 558 553 612 γάρ
571 573 676 612 φησιν
702 555 754 596 ὅτι
770 555 810 595 τὸ
822 559 883 596 τοῦ
903 555 984 600 Διὸς
1003 559 1163 607 μαντεῖον

133 625 168 662 ἐν
186 620 340 673 Δωδώνῃ
368 618 514 666 λέὸησιν
535 618 570 655 ἐν
589 615 710 669 κύκλῳ
731 614 987 669 περιείληπται.
1011 612 1166 657 Τούτους

134 681 170 721 δὲ
183 679 304 734 ψαύειν
321 677 495 725 ἀλλήλους
509 706 519 725 ,
542 675 602 714 καὶ
627 674 852 727 κρουσθέντος
870 677 931 712 τοῦ
955 672 1046 722 ἑνὸς,
1065 676 1165 725 ἠχεῖν

133 743 174 780 ἐκ
190 739 356 791 διαδοχῆς
374 735 527 779 πάντας·
547 736 594 778 ὡς
623 732 681 772 διὰ
699 734 830 772 πολλοῦ
856 731 983 786 χρόνου
1011 731 1166 782 γίνεσθαι

131 802 194 846 τῆς
212 800 303 850 ἠχῆς
337 795 402 843 τὴν
439 794 610 848 περίοδον,
637 792 850 845 Ἀριστείδης
873 790 910 830 δὲ
939 793 986 835 ὥς
1015 789 1166 842 πλάσμα

134 856 338 909 διελέγχων,
362 853 423 892 δύο
451 852 536 906 φησὶ
561 850 706 895 στύλους
732 843 839 900 εἶναι,
864 849 926 889 καὶ
945 849 1003 888 ἐπὶ
1025 847 1087 900 μὲν
1105 851 1166 887 τοῦ

134 915 251 970 ἑτέρου
265 913 420 963 λέὸητα,
437 911 496 951 ἐπὶ
514 909 661 965 θατέρου
680 909 718 948 δὲ
739 910 850 949 παῖδα
875 912 1072 964 κρατοῦντα
1091 907 1164 959 μά-

134 990 258 1026 στιγα,
278 967 319 1020 ἧς
330 971 410 1016 τοὺς
425 970 575 1023 ἱμάντας
589 968 761 1022 χαλκέους
774 967 878 1012 ὄντας
891 967 1088 1019 σειομένους
1107 965 1168 1004 ὕπ’

134 1033 265 1085 ἀνέμου
298 1034 350 1087 τῷ
386 1030 511 1078 λέὸητι
538 1028 765 1084 προσκρούειν
781 1043 789 1052 ·
809 1027 866 1066 τὸν
891 1027 944 1086 δὲῃ
953 1025 1167 1077 τυπτόμενον

133 1093 248 1144 ἠχεῖν.
347 1088 444 1143 Πρὸς
463 1087 639 1140 Δήμωνα·
661 1088 690 1125 εἷ
715 1084 752 1125 δὲ
778 1085 903 1124 πολλοὶ
922 1087 1026 1132 ἠσαν,
1043 1084 1107 1122 οὔκ
1125 1082 1166 1122 ἂν

136 1151 256 1193 ἑνικῶς
276 1147 415 1200 ἐλέγετο
433 1150 456 1195 ἡ
470 1145 658 1201 παροιμία.

189 1207 414 1247 Eustathius
440 1206 489 1245 ad
520 1205 660 1256 Odyss.
685 1204 741 1252 Ξ,
762 1217 800 1255 p.
837 1204 935 1250 1760
955 1202 1086 1240 eadem
1107 1214 1168 1239 re-

136 1269 222 1315 fert,
239 1267 306 1305 sed
330 1270 543 1304 Demonem
562 1278 640 1303 non
663 1263 847 1301 nominat.
863 1265 939 1300 Pro
959 1259 1171 1313 Ἀριστείδης

136 1327 241 1379 apud
274 1326 431 1366 Suidam
470 1332 510 1363 et
549 1323 794 1363 Eustathium
822 1321 941 1371 vulgo
971 1319 1172 1370 legebatur

137 1383 398 1439 Ἀριστοτέλης,
423 1382 491 1422 sed
516 1382 621 1421 istud
647 1394 788 1419 nomen
822 1378 1089 1430 reponendum
1114 1385 1172 1415 est

137 1458 186 1483 ex
212 1443 346 1494 Steph.
380 1445 468 1492 Byz.
497 1442 564 1492 qui
593 1442 658 1489 iis,
682 1453 768 1491 quae
798 1451 916 1489 supra
954 1437 1172 1484 attulimus,

137 1503 220 1541 haec
252 1501 382 1540 addit:
404 1499 624 1553 Προσθετέον
653 1492 711 1537 οῦν
744 1499 795 1550 τῷ
825 1497 1022 1549 περιηγητῇ
1052 1493 1173 1534 Πολέ-

139 1577 230 1613 μωνι
250 1560 401 1614 ἇκριὸῶς
420 1557 485 1607 τὴν
502 1557 677 1605 Δωδώνην
694 1554 919 1607 ἐπισταμένῳ
937 1554 999 1592 καὶ
1013 1553 1175 1607 Ἀριστεί-

139 1620 180 1672 δῃ
197 1618 242 1657 τὰ
265 1617 388 1657 τούτου
409 1615 708 1670 μεταγεγραφότι,
727 1614 865 1666 λέγοντι
891 1612 983 1651 κατὰ
1006 1611 1069 1659 τὴν
1096 1612 1174 1650 δευ-

138 1678 259 1731 τέραν·
281 1677 345 1716 Ἔν
362 1679 406 1729 τῇ
437 1674 592 1728 Δωδώνῃ
625 1676 745 1714 στῦλοι
777 1672 837 1712 δύο
865 1671 1089 1725 παράλληλοι
1114 1670 1174 1710 καὶ

137 1735 313 1790 παρεγγὺς
333 1737 510 1784 ἀλλήλων,
529 1734 589 1773 καὶ
603 1734 661 1773 ἐπὶ
676 1733 739 1786 μὲν
758 1731 903 1785 θατέρου
917 1730 1063 1784 χαλκίον
1081 1729 1174 1769 ἐστὶν

139 1798 178 1834 οὐ
212 1794 324 1847 μέγα,
352 1800 423 1838 τοῖς
445 1793 482 1833 δὲ
517 1797 577 1832 νῦν
596 1791 845 1847 παραπλήσιον
871 1789 1018 1838 λε’ὅησι,
1047 1788 1105 1827 ἐπὶ
1138 1787 1175 1826 δὲ

139 1853 284 1907 θατέρου
304 1852 491 1906 παιδάριον
512 1853 547 1891 ἐν
566 1855 611 1904 τῇ
638 1850 732 1905 δεξιᾷ
754 1849 846 1904 χειρὶ
871 1848 1054 1901 μαστίγιον
1080 1847 1174 1900 ἔχον,

140 1906 179 1950 οῦ
209 1911 302 1950 κατὰ
335 1911 375 1950 τὸ
406 1910 535 1957 δεξιὸν’
555 1910 659 1965 μέρος
683 1913 701 1949 ὁ
723 1909 763 1948 τὸ
781 1907 943 1955 λεὸήτιον
963 1906 1055 1960 ἔχων
1089 1906 1174 1945 κίων

140 1970 299 2018 ἔστηκεν.
321 1969 438 2010 εὈταν
471 1964 530 2008 οῦν
561 1970 690 2022 ἄνεμον
725 1967 845 2020 συμὸῇ
877 1972 989 2015 πνεῖν,
1014 1964 1094 2009 τοὺς
1114 1968 1176 2012 τῆς

142 2029 310 2081 μάστιγος
324 2029 474 2080 ἱμάντας
486 2030 640 2081 χαλκοῦς
656 2027 757 2071 ὄντας
770 2026 897 2078 ὁμοίως
914 2031 986 2069 τοῖς
1002 2026 1176 2072 ἀληθινοῖς

140 2091 263 2141 ἱμᾶσιν
285 2086 542 2141 αἰωρουμένους
574 2086 642 2126 ὑπὸ
671 2090 731 2125 τοῦ
762 2084 960 2136 πνεύματος
995 2082 1178 2122 συνέὸαινε

140 2147 263 2202 ψαύειν
281 2151 342 2186 τοῦ
363 2146 511 2200 χαλκίου
546 2145 607 2185 καὶ
623 2149 726 2184 τοῦτο
740 2143 970 2187 ἀδιαλείπτως
986 2148 1096 2181 ποιεῖν
1115 2142 1178 2187 ἕως

141 2205 182 2244 ἂν
197 2208 215 2244 ὁ
232 2205 356 2257 ἄνεμος
370 2204 530 2258 διαμένῃ.
545 2209 604 2243 De
625 2204 805 2250 Aristide,
821 2204 889 2255 qui
907 2216 1006 2254 opus
1025 2202 1072 2240 de
1085 2216 1178 2253 pro-

141 2265 285 2304 verbiis
322 2266 539 2317 scripserat,
566 2265 646 2303 vid.
678 2264 834 2302 Preller.
862 2263 1007 2302 Polem.
1041 2262 1176 2312 fragm.

142 2339 180 2377 p.
206 2326 269 2375 59.
290 2329 348 2363 De
363 2324 574 2376 proverbio
589 2323 797 2363 Δωδωναῖον
814 2323 979 2375 χαλκεῖον
995 2322 1042 2360 cf.
1063 2322 1179 2359 etiam

143 2383 370 2423 Strabonem
397 2383 464 2422 lib.
491 2387 581 2431 VII,
616 2397 652 2434 p.
679 2386 770 2430 321,
797 2382 877 2433 qui,
899 2390 943 2418 ut
968 2381 1178 2426 Aristides,

143 2443 353 2482 Polemone
389 2443 512 2480 utitur
540 2450 710 2479 auctore.
726 2467 778 2473 --
795 2440 954 2479 Siebelis
977 2440 1180 2478 articulum

142 2510 230 2539 ante
245 2499 319 2544 ἑνὸς
333 2501 631 2554 expungendum
649 2513 731 2537 esse
748 2498 973 2538 censet:sed
991 2497 1180 2550 probabi-

634 2618 696 2650 18.

187 2685 251 2717 AEs
265 2682 492 2716 Dodonaeum.
506 2681 724 2715 Proverbium
735 2681 775 2714 de
788 2680 829 2713 iis
838 2680 895 2721 qui
908 2679 1010 2712 multa
1022 2679 1178 2720 garriunt.

145 2731 275 2762 Demon
295 2729 384 2761 enim
404 2729 531 2769 narrat,
551 2727 709 2761 Dodonaei
730 2727 824 2759 ,lovis
839 2727 1007 2759 oraculum
1020 2726 1180 2759 lebetibus

147 2776 250 2808 fuisse
268 2775 507 2807 circumdatum
528 2775 611 2807 inter
623 2783 659 2807 se
675 2773 852 2815 contiguis;
875 2773 957 2806 adeo
971 2775 1007 2805 ut
1021 2782 1088 2805 uno
1112 2773 1180 2814 pul-

147 2825 231 2863 sato,
249 2823 365 2864 reliqui
391 2831 505 2856 omnes
521 2822 634 2855 ordine
649 2824 838 2854 resonarent
849 2844 858 2861 ,
883 2821 941 2853 diu
957 2821 1094 2853 durante
1109 2821 1180 2853 soni

148 2868 235 2901 illius
249 2869 399 2902 circuitu.
414 2869 574 2908 Aristides
587 2878 665 2902 vero
677 2871 714 2901 ut
727 2869 915 2910 figmentum
932 2867 993 2900 hoc
1003 2867 1181 2908 explodens

149 2914 233 2947 duas
249 2914 328 2947 dicit
346 2924 419 2948 esse
432 2916 603 2948 columnas
613 2940 623 2956 ,
649 2916 683 2948 in
697 2924 834 2957 quarum
850 2915 952 2947 altera
965 2914 1053 2947 lebes
1069 2915 1112 2947 sit
1123 2938 1132 2954 ,
1148 2917 1182 2947 et

150 2961 187 2993 in
202 2962 303 2994 altera
313 2971 394 3003 puer
409 2986 418 3003 ‚
438 2962 600 3003 flagellum
616 2964 747 3003 tenens,
763 2961 855 2995 aereis
870 2961 949 2993 loris
964 2962 1158 2993 instructum
1170 2984 1179 3001 ,

150 3017 225 3050 quae
238 3013 367 3041 avanto
389 3010 506 3050 agitata
523 3010 704 3051 impingant
726 3009 761 3042 in
776 3008 938 3048 lebetem3
961 3009 1018 3049 qui
1032 3008 1181 3049 pulsatus

152 3063 269 3086 sonum
288 3055 373 3088 edat.
392 3074 432 3079 -
448 3057 616 3090 Adversus
644 3059 824 3091 Demonem
840 3065 848 3088 ι
866 3055 894 3088 si
922 3055 1016 3088 multi
1043 3055 1182 3088 fuissent

154 3100 318 3179 [lebet-eq,
343 3104 550 3144 proverbium
571 3105 635 3137 hoc
658 3113 724 3137 non
750 3104 919 3138 efferretur
947 3111 1083 3136 numero
1112 3103 1179 3135 sin-

155 3157 198 3189 gu
212 3157 271 3180 ari.

638 3212 699 3245 19.

197 3265 374 3304 Mysorum
405 3266 579 3306 praedam.
617 3269 851 3302 Demosthenes
876 3277 934 3309 pro
959 3268 1181 3311 Ctesiphonte.

155 3312 216 3343 Est
230 3311 436 3351 proverbium
457 3313 632 3354 usitatum,
650 3316 737 3356 quod
759 3317 882 3348 Demon
907 3316 989 3348 libro
1003 3317 1110 3358 primo
1125 3318 1183 3348 Pa-

155 3358 343 3390 roemiarum
359 3359 473 3391 scribit
488 3361 596 3392 ortum
610 3370 628 3393 a
648 3362 766 3394 vicinis
781 3363 991 3403 praedonibus
1002 3387 1010 3403 ,
1027 3365 1084 3405 qui
1100 3364 1184 3398 Tele-

156 3403 223 3444 pho
238 3412 311 3445 rege
323 3404 455 3438 absente
468 3407 606 3447 Mysiam
622 3408 799 3441 latrociniis
812 3410 1016 3443 infestabant.

1217 331 1378 371 fortasse
1397 333 1502 385 apud
1535 348 1623 372 eum
1651 348 1729 386 quo
1768 349 1858 373 usus
1888 345 1945 374 est
1975 345 2170 376 auctorem
2198 353 2247 378 eo

1218 405 1331 430 sensu
1354 405 1478 444 eoque
1496 394 1596 442 loco,
1624 407 1701 445 quo
1720 394 1860 445 legitur
1883 395 1986 446 apud
2012 397 2246 448 Stephanum

1218 454 1329 501 Byz.,
1354 453 1524 503 positum
1543 453 1686 504 reperit
1706 461 1743 490 et
1765 461 1907 491 temere
1928 454 2004 492 alio
2021 467 2133 493 sensu
2153 456 2249 495 alio-

1219 523 1294 560 que
1311 510 1398 548 loco
1413 512 1628 562 usurpavit.

1706 586 1768 623 19.

1271 657 1519 705 Harpocran:
1539 655 1671 693 Μυσῶν
1685 653 1795 703 λείαν,
1805 653 2031 706 Δημοσθένης
2049 656 2084 693 ἐν
2100 656 2151 709 τῷ
2164 655 2252 710 ὑπὲρ

1219 714 1482 766 Κτησιφῶντος.
1502 711 1685 764 Παροιμία
1696 712 1748 756 τίς
1767 714 1860 752 ἐστιν
1874 713 1964 751 οὕτω
1982 713 2175 765 λεγομένη,
2207 714 2251 762 ἥν

1221 786 1306 824 φησι
1336 770 1469 822 Δήμων
1496 772 1531 809 ἐν
1556 775 1821 825 τεσσαρακοστῇ
1851 771 1931 826 περὶ
1960 774 2159 824 παροιμιῶν
2187 771 2252 819 τὴν

1221 829 1333 883 ἀρχὴν
1349 829 1470 868 λαὸεῖν
1491 829 1560 868 ἀπὸ
1582 832 1652 868 τῶν
1678 829 1977 884 καταδραμόντων
1998 830 2252 882 ἀστυγειτόνων

1219 905 1258 927 τε
1274 889 1333 927 καὶ
1349 890 1489 942 λῃστῶν
1503 888 1567 936 τὴν
1584 889 1724 928 Μυσίαν
1744 888 1836 928 κατὰ
1851 889 1915 937 τὴν
1931 893 1993 928 τοῦ
2011 889 2177 944 Τηλέφου
2192 892 2254 928 τοῦ

1223 947 1393 1001 βασιλέως
1409 947 1623 999 ἀποδημίαν.

1275 1010 1351 1046 Pro
1371 1008 1406 1045 ἐν
1425 1008 1694 1059 τεσσαρακοστῇ
1713 1007 1933 1045 Gronovius
1947 1021 1993 1045 ex
2017 1007 2166 1058 optimo
2191 1020 2253 1045 co-

1223 1066 1308 1104 dice
1327 1066 1493 1104 restituit
1506 1066 1541 1102 ἐν
1555 1063 1691 1116 πρώτῃ,
1702 1065 1806 1115 quod
1823 1074 1861 1103 et
1877 1066 2115 1104 Phavorinus
2128 1065 2256 1114 habet,

1224 1125 1291 1176 qui
1306 1125 1344 1163 h.
1363 1139 1400 1162 v.
1419 1124 1736 1175 Harpocrationis
1761 1124 1879 1162 verba
1900 1125 2051 1175 repetit.
2081 1127 2156 1163 Pro
2184 1123 2258 1172 Δή-

1225 1200 1300 1235 μων
1320 1185 1485 1222 Phavor.
1506 1182 1665 1222 exhibet
1683 1185 1876 1238 Δημοφῶν,
1895 1185 2000 1236 quod
2031 1185 2259 1224 mutandum

1225 1251 1281 1280 est
1300 1243 1340 1280 in
1358 1241 1503 1293 Δήμων.

1712 1309 1777 1348 20.

1279 1381 1403 1420 Schol.
1423 1382 1509 1418 Vat.
1534 1379 1668 1430 Eurip.
1695 1379 1811 1418 Rhes.
1845 1379 1943 1418 250:
1976 1378 2062 1419 εΈνι
2077 1380 2115 1419 δὲ
2134 1381 2258 1436 θάρσος

1234 1442 1268 1479 ἐν
1303 1441 1451 1492 αἰχμαῖς
1488 1436 1574 1476 ποτὲ
1614 1438 1765 1490 Μυσῶν]
1804 1437 1989 1492 Κέχρηται
2025 1438 2062 1478 δὲ
2098 1439 2158 1479 καὶ
2196 1444 2258 1479 νῦν

1227 1499 1424 1554 Εὐριπίδης
1460 1499 1504 1550 τῇ
1539 1496 1714 1550 παροιμίᾳ
1747 1495 1846 1551 παρὰ
1882 1496 1961 1541 τοὺς
1987 1496 2143 1552 χρόνους.
2181 1499 2258 1547 Δή-

1229 1574 1304 1610 μων
1333 1562 1414 1610 γοῦν
1440 1554 1668 1607 ἐξηγούμενος
1695 1555 1775 1610 περὶ
1796 1558 1885 1594 αὐτ..
1915 1556 2019 1611 φησὶν
2044 1559 2091 1601 ὣς
2119 1556 2260 1612 ὕστερον

1228 1620 1297 1657 τῶν
1314 1618 1486 1670 Τρωϊκῶν
1507 1616 1632 1666 λοιμοῦ
1659 1613 1720 1652 καὶ
1744 1617 1871 1668 φθορᾶς
1893 1618 2032 1668 καρποῦ
2055 1617 2262 1670 περιεληλυ-

1230 1676 1325 1719 θυίας
1344 1674 1407 1723 τὴν
1429 1672 1588 1713 Ἑλλάδα
1608 1673 1871 1724 μαντευομένην
1892 1674 1971 1728 περὶ
1991 1677 2061 1713 τῶν
2079 1675 2262 1729 παρόντων

1229 1737 1384 1790 χρῆσθαι
1415 1732 1479 1780 τὴν
1500 1731 1649 1781 Πυθίαν,
1675 1736 1870 1780 τηνικαῦτα
1894 1734 2032 1772 παῦλαν
2060 1735 2176 1778 αὐτοῖς
2191 1737 2261 1773 τῶν

1230 1796 1364 1843 δεινῶν,
1382 1790 1522 1831 ἐπειδάν
1561 1806 1649 1835 τινες
1667 1794 1736 1830 τῶν
1759 1791 1829 1830 ἀπὸ
1845 1791 2101 1844 Ἀγαμέμνονος
2112 1792 2263 1845 ἐχόντων

1229 1852 1381 1905 τὸγένος
1400 1850 1614 1893 πλεύσαντες
1637 1851 1685 1894 εἷς
1710 1849 1842 1904 Τροίαν
1868 1850 1928 1894 τὰς
1961 1849 2079 1895 πόλεις
2098 1851 2264 1901 κτίσωσι,

1229 1911 1290 1950 καὶ
1315 1913 1385 1949 τῶν
1415 1910 1501 1948 θεῶν
1529 1907 1634 1960 τιμὰς
1665 1908 1975 1960 ἀναλαμὸάνωσιν,
2001 1909 2041 1954 ἃς
2074 1909 2265 1964 ἠφανίσθαι

1231 1968 1432 2009 συνέὸαινεν
1453 1966 1520 2006 ὑπὸ
1543 1971 1604 2006 τοῦ
1630 1968 1801 2018 πολεμοῦ.
1834 1966 1979 2015 Ταύτην
2004 1967 2069 2016 τὴν
2097 1967 2263 2020 μαντείαν

1231 2027 1514 2083 παραδεξάμενον
1533 2025 1592 2064 τὸν
1613 2025 1787 2080 Ὀρέστην
1807 2025 1938 2074 συνέὸη
1964 2028 2078 2065 λιπεῖν
2094 2026 2152 2066 τὸν
2175 2028 2262 2080 βίον.

1231 2086 1334 2127 Μετὰ
1360 2085 1396 2125 δὲ
1415 2084 1589 2136 Ὀρέστην
1607 2084 1807 2136 Τισαμενὸν
1831 2085 1952 2124 λαὸεἷν
1979 2083 2044 2133 τὴν
2062 2084 2175 2139 ἀρχὴν
2204 2086 2265 2125 καὶ

1234 2146 1310 2199 μετ’
1330 2147 1459 2184 ἐκεῖνον
1478 2144 1649 2195 Κομήτην
1667 2160 1674 2167 ·
1702 2146 1741 2182 οὐ
1767 2143 1936 2198 χρωμένα
1964 2148 2032 2183 ποῦ
2062 2144 2133 2183 δέοι
2152 2146 2266 2194 πλεῖν,

1232 2204 1324 2244 κατὰ
1341 2203 1408 2258 γὰρ
1429 2202 1611 2243 εὖλάὸειαν
1630 2203 1690 2242 καὶ
1710 2203 1761 2247 δὶς
1776 2203 1836 2241 καὶ
1855 2203 1928 2257 τρὶς
1946 2202 2044 2257 παρὰ
2062 2205 2132 2242 τῶν
2153 2205 2265 2242 αὐτῶν

1233 2262 1466 2316 ἐπανέρχεται
1493 2265 1554 2300 τοῦ
1587 2264 1698 2310 θειοῦ,
1723 2262 1866 2309 δοθῆναι
1899 2261 2076 2315 χρησμὸν,
2109 2261 2168 2300 ἐπὶ
2204 2261 2264 2300 τὸν

1233 2321 1384 2375 ἔσχατον
1406 2323 1539 2360 Μυσῶν
1558 2322 1670 2359 πλεῖν.
1691 2320 2054 2373 Κατολιγωρήσαντας
2070 2319 2107 2362 δὲ
2125 2322 2266 2360 πολλῶν

1234 2378 1538 2433 συνηθροισμένων
1574 2382 1636 2418 τοῦ
1665 2383 1829 2432 χρησμοῦ
1863 2378 2074 2433 ἀφίστασθαι
2106 2378 2166 2417 καὶ
2206 2377 2266 2418 τὸν

1236 2437 1406 2490 Κομήτην
1425 2439 1646 2487 καταλιπεῖν,
1675 2438 1797 2492 μικρὸν
1821 2437 2086 2492 πεφροντικέναι
2101 2436 2268 2489 λέγοντας

1236 2499 1344 2536 αὐτοῦ
1363 2513 1402 2536 τε
1420 2497 1480 2536 καὶ
1499 2500 1559 2535 τοῦ
1576 2499 1701 2536 Μυσοῦ
1724 2496 1886 2549 ἐσχάτου.
1906 2495 2009 2536 Κατὰ
2030 2495 2093 2544 τὴν
2116 2495 2269 2551 ἐρχομέ-

1270 2660 1379 2693 Utitur
1394 2660 1493 2693 etiam
1515 2669 1603 2692 nunc
1615 2660 1787 2702 Euripides
1800 2660 1862 2692 hoc
1874 2660 2053 2701 proverbio,
2069 2662 2181 2692 contra
2192 2662 2269 2693 tem-

1242 2716 1359 2749 porum
1388 2707 1558 2739 rationem.
1579 2709 1683 2740 Demo
1715 2707 1846 2748 quidem
1872 2707 1913 2739 de
1935 2716 1974 2739 eo
1989 2715 2153 2748 exponens
2170 2707 2267 2747 dicit,

1240 2763 1343 2795 quum
1359 2756 1434 2795 post
1448 2754 1569 2786 bellum
1585 2755 1738 2787 Troicum
1754 2754 1937 2796 pestilentia
1953 2754 2114 2786 Graeciam
2132 2754 2268 2787 invasis·

1240 2802 1289 2832 set
1304 2799 1475 2841 frugesque
1487 2802 1598 2832 essent
1616 2800 1762 2841 perditae,
1780 2799 1930 2840 Pythiam
1946 2800 1986 2833 de
2010 2800 2062 2832 his
2084 2800 2181 2833 rebus
2194 2810 2267 2832 oon.

1239 2847 1372 2886 sultam,
1386 2847 1602 2888 respondisse,
1613 2847 1814 2879 calamitates
1827 2849 1896 2879 tum
1911 2846 2007 2879 finem
2021 2847 2186 2880 habituras
2197 2856 2268 2880 esse

1241 2901 1343 2933 quum
1358 2892 1422 2924 viri
1438 2892 1587 2924 nonnulli
1597 2893 1639 2924 ab
1649 2895 1888 2934 Agamemnone
1901 2895 1974 2933 oni,
1989 2893 2117 2934 'frojam
2132 2893 2267 2935 profecti

1240 2941 1272 2972 et
1297 2939 1394 2971 urbes
1420 2939 1585 2972 condituri
1601 2942 1633 2972 et
1651 2940 1776 2972 cultum
1795 2939 1930 2972 deorum
1949 2940 2130 2973 restituturi
2147 2943 2266 2981 essent,

1240 2995 1315 3028 quae
1339 2986 1424 3019 bello
1447 2987 1656 3019 interiissent.
1683 2987 1808 3019 Accidit
1827 2996 1921 3026 vero,
1937 2988 1976 3020 ut
1998 2989 2128 3020 Orestes
2142 3010 2151 3027 ,
2165 2996 2267 3028 quum

1240 3035 1408 3067 oraculum
1431 3034 1628 3076 accepisset,
1640 3034 1710 3067 vita
1726 3034 1866 3066 cederet.
1889 3036 1968 3066 Post
1988 3035 2136 3066 Orestem
2151 3033 2267 3067 deinde

1241 3081 1448 3114 Tisamenum
1463 3089 1597 3121 regnum
1613 3080 1812 3121 suscepisse,
1838 3082 1870 3112 et
1886 3082 1960 3121 post
1980 3081 2067 3112 hunc
2085 3081 2267 3112 cometem.

1241 3128 1326 3162 Huic
1368 3129 1474 3162 denuo
1494 3135 1534 3159 ex
1548 3127 1679 3159 oraculo
1700 3129 1854 3167 quaerenti
1901 3135 2045 3168 quonam
2068 3126 2131 3159 sibi
2146 3126 2267 3168 profici-

1241 3174 1398 3207 scendum
1428 3175 1514 3206 esset
1554 3174 1643 3214 (nam
1669 3173 1816 3214 religiose
1841 3173 1882 3205 de
1909 3174 2022 3206 eadem
2045 3182 2079 3206 re
2100 3173 2151 3206 bis
2171 3175 2205 3205 et
2220 3176 2267 3205 ter

1243 3222 1341 3255 deum
1368 3221 1482 3261 adiit),
1510 3229 1702 3262 responsum
1737 3220 1849 3253 datum
1865 3229 1955 3260 esse,
1978 3219 2268 3262 proficiscendum

1242 3278 1313 3303 esse
1323 3269 1371 3302 ad
1387 3271 1582 3301 extremum
1599 3270 1788 3309 Mysorum.
1809 3271 1919 3306 Quum
1935 3277 2013 3301 vero
2028 3268 2120 3300 multi
2134 3275 2264 3307 eorum,

1243 3316 1299 3357 qui
1312 3315 1494 3357 congregati
1514 3318 1640 3354 essent,
1658 3314 1822 3356 despectui
1843 3315 1999 3347 haberent
2013 3314 2194 3353 oraculum,
2209 3321 2265 3346 eos

1243 3363 1398 3396 defecisse
1407 3363 1440 3394 et
1457 3363 1624 3394 cometem
1639 3361 1832 3401 deseruisse,
1844 3370 1957 3402 parum
1976 3369 2011 3393 se
2026 3369 2138 3394 curare
2161 3360 2266 3393 dioen-

1243 3413 1304 3451 tes,
1327 3411 1360 3443 et
1390 3409 1498 3451 ipsum
1516 3410 1548 3441 et
1576 3410 1758 3442 extremum
1779 3410 1958 3450 Mysorum.
1978 3408 2128 3449 Sequenti
2155 3411 2263 3440 autem
