2320 3684
843 138 1038 178 EPHORI
1065 137 1398 178 FRAGMENTA.

120 284 258 325 Strabo
270 287 335 331 IV,
352 298 383 323 c.
400 290 436 332 4,
450 284 487 328 6,
509 296 548 334 p.
573 284 666 326 304:
681 279 833 334 Ἔφορος
856 278 892 317 δὲ
916 279 981 316 ὓπε
1006 277 1093 316 6022-

62 344 192 384 λουσάν
206 360 244 382 τε
259 346 310 397 τῷ
325 341 460 395 μεγέθει
478 341 571 392 λέγει
582 339 646 387 τὴν
661 337 851 387 Κελτικὴν,
862 336 966 385 ὥστε,
979 293 1092 390 ἕσπερ

65 405 126 440 νῦν
147 402 301 455 Ἰδηρίας
325 401 514 450 καλοῦμεν,
535 396 678 440 ἐκείνοις
700 396 745 434 τὰ
768 397 918 434 πλεῖστα
940 394 1093 448 προσνέ-

35 471 38 474 ’
67 475 144 511 μειν
165 459 270 514 μέχρι
287 457 481 511 Γαδείρων·
511 454 720 510 φιλέλληνάς
741 470 780 493 τε
808 453 992 508 ἀποφαίνει
1014 452 1095 497 τοὺς

67 518 288 572 ἀνθρώπους,
307 515 366 556 καὶ
385 513 500 554 πολλὰ
527 514 622 558 ἰδίως
646 512 742 564 λέγει
767 512 847 567 περὶ
877 513 1004 560 αὐτῶν,
1032 512 1095 550 οὐκ

67 575 205 615 ἐοικότα
223 581 294 619 τοῖς
308 578 381 613 νῦν.
400 572 507 613 Ἴδιον
528 572 565 611 δὲ
585 572 644 611 καὶ
661 575 764 611 τοῦτο
776 587 784 595 ·
810 573 928 609 ἀσκεῖν
945 569 1011 624 γὰρ
1028 571 1095 608 αὖ-

67 633 163 683 τοὺς,
188 633 238 686 μὴ
261 639 385 686 παχεῖς
417 625 527 679 εἶναι,
562 630 652 683 μηδὲ
685 629 950 684 προγάστορας·
976 629 1035 668 τὸν
1066 628 1095 666 δ’

67 691 370 747 ὃπερὸαλλόμενον
387 693 457 729 τῶν
478 689 564 729 νέων
584 689 624 729 τὸ
642 692 704 737 τῆς
723 688 834 737 ζώνης
861 687 998 742 μέτρον,
1030 690 1096 735 ζη-

99 755 242 790 ιοῦσθαι.

68 767 95 803 μ
121 809 267 860 Ephori
292 808 518 846 sententiam
543 806 670 845 reddit
697 809 884 856 Scymnus
914 805 1028 842 Chius
1061 817 1096 842 v.

72 867 159 915 168,
174 867 240 917 qui
255 875 459 918 postquam
477 865 604 903 Gades
633 872 671 902 et
689 867 909 901 Tartessum
925 876 1097 901 comme-

68 926 244 974 moravit,
260 926 386 976 pergit
403 925 476 962 ita:
492 921 613 962 ἔπειτα
628 921 730 976 χώρα
749 920 902 968 Κελτικὴ
922 920 1099 972 καλουμέ-

68 1000 111 1031 νη
125 1014 135 1032 ,
154 982 260 1037 μέχρι
278 986 340 1030 τῆς
359 982 533 1030 Θαλάττης
566 984 629 1029 τῆς
649 979 742 1019 κατὰ
762 979 889 1033 Σαρδὼ
918 979 1097 1030 κειμένης·

67 1039 186 1096 ’Όπερ
203 1040 366 1093 μέγιστον
383 1042 458 1080 ἐστὶ
476 1040 561 1095 πρὸς
578 1040 725 1091 δυσμαῖς
755 1038 862 1082 ἔθνος.
890 1043 937 1076 Et
961 1038 1098 1077 Strabo

69 1104 102 1150 1,
119 1115 156 1152 p.
176 1100 242 1138 58:
258 1100 362 1151 Φημὶ
381 1098 473 1138 κατὰ
491 1098 555 1147 τὴν
574 1101 643 1137 τῶν
665 1097 821 1152 ἀρχαίων
835 1096 1018 1144 Ἑλλήνων
1039 1096 1100 1135 δό-

69 1158 144 1210 ξαν,
161 1158 279 1213 ὥσπερ
298 1159 344 1198 τὰ
358 1158 444 1213 πρὸς
462 1160 598 1212 Βοῤῥᾶν
617 1156 706 1212 μέρη
722 1156 767 1196 τὰ
781 1155 943 1210 γνώριμα
957 1156 1007 1195 ἑνὶ
1026 1155 1101 1195 ὀνό-

71 1234 158 1270 ματι
174 1217 312 1262 Σκύθας
329 1218 491 1266 ἐκάλουν,
505 1216 528 1264 ἢ
543 1216 728 1268 Νομάδας,
743 1218 790 1260 ὡς
804 1215 983 1269 ςὈμηρος,
995 1214 1100 1254 ὔστε-

71 1291 130 1330 ρον
148 1275 185 1314 δὲ
210 1279 270 1314 καὶ
300 1277 369 1314 τῶν
393 1274 479 1330 πρὸς
504 1274 654 1329 ἑσπέραν
680 1272 925 1325 γνωσθέντων,
945 1273 1099 1320 Κελτοὶ,

70 1333 130 1373 καὶ
146 1333 310 1388 Ἴὸηρες,
332 1333 354 1381 ἢ
380 1333 585 1385 συμμίκτως
612 1332 845 1386 Κελτίὸηρες,
881 1331 940 1370 καὶ
966 1332 1099 1371 Κελτο-

70 1391 198 1431 σκύθαι
209 1391 509 1447 προσηγορεύοντο
525 1421 535 1440 ,
555 1391 610 1445 ὕφ’
629 1391 664 1430 ἓν
684 1390 795 1442 ὄνομα
810 1392 880 1429 τῶν
901 1389 1101 1429 καθέκαστα

70 1451 178 1490 ἐθνῶν
197 1449 420 1502 ταττομένων
443 1450 500 1489 διὰ
519 1449 581 1497 τὴν
601 1449 742 1502 ἄγνοιαν
753 1466 762 1470 ··
780 1448 872 1487 οὕτω
894 1446 939 1486 τὰ
961 1448 1102 1500 μεσήμ-

7 1524 11 1527 ’
71 1510 175 1564 ὄρινα
193 1508 329 1557 πάντα,
351 1508 537 1549 Αἰθιοπίαν
560 1510 762 1555 καλεῖσθαι,
785 1507 829 1545 τὰ
847 1506 933 1561 πρὸς
945 1508 1101 1561 ὠκεανῷ.

70 1572 130 1608 De
146 1569 294 1620 reliqua
313 1568 460 1620 Ephori
477 1568 525 1606 de
540 1568 657 1607 Celtis
676 1567 896 1604 narratione
917 1566 959 1604 cf
980 1567 1100 1606 Nicol.

3 1679 10 1686 ³
72 1630 247 1666 Damaso.
265 1629 319 1678 (p.
341 1640 390 1675 70
404 1627 594 1678 supplem.
618 1625 677 1663 ed.
704 1626 851 1672 Orelli),
874 1626 940 1677 qui
958 1639 1025 1663 sua
1055 1639 1100 1664 ex

73 1686 233 1737 Ephoro
246 1685 503 1737 depromsisse
520 1684 683 1776 vidi-tur.

551 1738 572 1775 4
609 1767 619 1777 .

125 1791 264 1830 strabo
274 1794 360 1840 VII,
374 1804 407 1831 c.
429 1805 464 1840 1,
482 1804 518 1842 p.
535 1791 630 1836 450:
646 1793 826 1841 Ineptum
843 1803 925 1828 esse
941 1790 1095 1840 figmen—

74 1858 155 1888 tum
176 1849 340 1887 Cimbros
368 1850 574 1888 immodica
602 1849 716 1887 maris
742 1849 868 1887 eluvie
896 1862 918 1887 e
945 1849 1102 1888 sedibus

74 1909 151 1947 suis
169 1909 298 1960 pulsos
315 1908 441 1946 fuisse.
456 1909 534 1948 Οὐκ
550 1902 588 1946 εῧ
608 1908 638 1946 δ’
661 1907 732 1946 οὐδ’
758 1910 777 1947 ὁ
796 1907 909 1961 φήσας
931 1906 1022 1946 ὅπλα
1043 1907 1103 1946 αἴ-

76 1966 286 2021 ρεσθαιπρὸς
304 1966 364 2012 τὰς
382 1966 635 2021 πλημμυρίδας
649 1965 729 2010 τοὺς
742 1966 922 2019 Κίμὸρους
933 1997 944 2015 ,
964 1966 1035 2005 οὐδ’
1049 1965 1102 2005 ὅτι

76 2025 224 2080 ἀφοὸίαν
245 2028 276 2064 οἱ
290 2025 418 2065 Κελτοὶ
441 2028 646 2075 ἀσκοῦντες,
665 2025 942 2070 κατακλύζεσθαι
964 2024 1026 2069 τὰς
1054 2027 1103 2063 οἰ-

75 2084 153 2128 κίας
169 2084 418 2136 ὑπομένουσιν,
440 2078 502 2124 εἶτ’
523 2086 789 2136 ἀνοικοδομοῦσι
801 2115 811 2134 ,
828 2084 889 2122 καὶ
906 2083 958 2123 ὅτι
971 2084 1100 2123 πλείων

75 2145 191 2186 αὐτοῖς
209 2143 394 2195 συμὸαίνει
422 2142 546 2197 φθόρος
568 2142 603 2188 ἐξ
629 2142 750 2187 ὕδατος
776 2141 799 2190 ἢ
818 2141 994 2194 πολέμου,
1017 2141 1102 2197 ὅπερ

74 2199 227 2255 Ἔφορός
246 2217 363 2255 φησιν.
385 2202 492 2240 Idem
506 2202 572 2241 lib.
591 2206 642 2251 II,
667 2216 698 2240 c.
715 2204 752 2250 3,
780 2216 819 2254 p.
846 2203 931 2250 161,
952 2216 996 2239 ex
1022 2206 1101 2240 Po-

75 2260 245 2298 sidonio:
260 2260 404 2305 Εἷκάζει
415 2259 451 2298 δὲ
464 2260 522 2299 καὶ
535 2259 598 2308 τὴν
615 2262 684 2299 τῶν
699 2260 868 2314 Κίμὸρων
882 2259 942 2298 καὶ
952 2259 1015 2307 τὴν
1034 2263 1101 2299 τῶν

76 2321 250 2370 συγγενῶν
265 2318 493 2364 ἐξανάστασιν
511 2320 551 2358 ἐκ
581 2322 643 2366 τῆς
667 2319 796 2363 οἰκείας
827 2318 988 2371 γενέσθαι
1012 2319 1103 2358 κατὰ

556 2438 620 2470 43.

2097 135 2172 175 245

1151 222 1324 275 θαλάττης
1340 225 1460 280 ἔφοδον
1474 226 1552 278 (οὐκ
1573 225 1661 277 del.)
1676 222 1801 278 ἀθρόαν
1823 223 2023 274 συμὸἅσαν.
2054 225 2175 263 «Cre-

1151 283 1316 322 diderim
1332 284 1533 324 Strabonis
1552 283 1750 338 ἆμάρτημα
1773 282 2001 334 μνημονικὸν,
2022 284 2179 322 Posido-

1151 342 1215 379 nio
1235 343 1500 394 imprudenter
1519 343 1723 381 tribuentis
1746 341 1849 393 quod
1871 342 2021 393 Ephori
2049 343 2177 393 potius

1152 400 1235 438 fuit.
1254 402 1481 440 Posidonius
1496 411 1623 440 autem
1639 401 1733 453 quid
1746 414 1864 453 super
1881 401 1954 438 hoc
1974 402 2177 451 censuerit,

1152 471 1200 496 ex
1233 459 1293 496 his
1309 460 1450 506 verbis,
1468 461 1492 499 l.
1511 464 1598 509 VII,
1613 475 1643 499 c.
1661 475 1696 509 2,
1716 474 1751 509 2,
1768 474 1805 511 p.
1821 460 1910 509 450,
1927 459 1994 498 ubi
2014 460 2061 499 de
2075 461 2179 501 Cim-

1153 515 1245 562 bris,
1280 519 1483 568 apparebit
1501 535 1509 557 :
1536 521 1661 558 Ταῦτα
1694 517 1731 557 δὲ
1765 519 1970 570 (nimirum
2010 533 2092 571 quae
2119 521 2181 558 hic

1155 575 1293 613 Strabo
1307 577 1374 624 ait)
1395 577 1536 621 δικαίως
1562 580 1709 632 ἐπιτιμᾷ
1733 583 1804 622 τοῖς
1832 581 2087 632 συγγραφεῦσιν
2105 581 2181 618 Πο-

1155 632 1351 684 σειδώνιος,
1371 635 1430 673 καὶ
1450 637 1488 673 οὐ
1507 639 1623 680 κακῶς
1637 637 1786 685 εἰκάζει,
1806 635 1859 675 ὅτι
1874 637 2056 690 λῃστρικοὶ
2087 637 2182 683 ὄντες

1155 691 1214 730 καὶ
1234 692 1407 740 πλάνητες
1429 695 1462 732 οἱ
1488 693 1643 747 Κίμὸροι
1674 695 1732 732 καὶ
1768 695 1872 749 μεχρὶ
1908 698 1977 734 τῶν
2006 696 2085 750 περὶ
2119 696 2182 744 τὴν

1156 752 1318 789 Μαιῶτιν
1331 751 1536 798 ποιήσαιντο
1553 753 1772 807 στρατείαν.»
1790 755 2036 794 casaubonus.
2055 756 2184 807 Epho-

1156 821 1200 846 ro
1220 810 1279 847 usi
1297 818 1386 847 sunt
1399 811 1524 849 Nicol.
1543 814 1719 850 Damaso.
1737 826 1774 863 p.
1796 819 1867 857 144
1889 816 1955 851 Or.
1976 813 2072 865 ibiq.
2087 822 2183 852 nott.

1158 880 1196 918 p.
1220 881 1308 915 227,
1323 869 1461 907 AElian.
1475 873 1521 908 V.
1536 873 1583 907 H.
1613 873 1705 917 XII,
1721 872 1782 908 23.
1802 871 1857 909 Cf.
1874 872 2034 910 Aristot.
2061 873 2183 910 Ethic.

1157 926 1400 976 Eudem.III‚
1424 942 1455 976 1,
1469 941 1507 979 p.
1528 929 1627 976 116;
1647 929 1772 967 Ethic..
1787 930 1871 968 Nic.
1897 933 1968 979 ΙΙΙ,
1999 945 2034 980 7,
2072 945 2109 982 p.
2134 933 2184 976 48

1158 984 1216 1022 ed.
1237 985 1343 1036 sylb.

1645 1051 1708 1089 45.

1214 1114 1350 1153 Strabo
1366 1117 1412 1163 V,
1435 1129 1467 1154 c.
1492 1121 1528 1161 4,
1546 1116 1582 1160 5,
1605 1129 1643 1167 p.
1658 1116 1733 1165 375
1749 1130 1758 1155 ε
1777 1115 1930 1170 Ἔφορος
1947 1116 1983 1155 δὲ
1999 1123 2070 1161 τοῖς
2087 1120 2186 1170 Κιμ-

1160 1172 1291 1226 μερίοις
1309 1175 1536 1227 προσοικειῶν
1556 1173 1615 1212 τὸν
1641 1173 1761 1222 τόπον,
1788 1174 1892 1228 φησὶν
1919 1174 2042 1219 αὐτοὺς
2066 1177 2100 1214 ἐν
2126 1192 2187 1214 κα-

1159 1231 1308 1283 ταγείοις
1325 1231 1450 1278 οἰκίαις
1464 1233 1584 1280 οἰκεῖν,
1604 1232 1645 1277 ἃς
1662 1234 1827 1272 καλοῦσιν
1846 1234 2011 1287 ἀργίλλας
2022 1265 2032 1283 ,
2053 1234 2111 1273 καὶ
2132 1235 2189 1273 διά

1158 1307 1262 1330 τινων
1290 1291 1497 1346 ὀρυγμάτων
1514 1292 1598 1345 παρ’
1618 1292 1789 1340 ἀλλήλους
1815 1308 1853 1331 τε
1872 1298 2010 1345 φοιτᾷν,
2030 1293 2088 1331 καὶ
2110 1291 2190 1337 τοὺς

1160 1349 1274 1396 ξένους
1291 1352 1338 1395 εἷς
1352 1350 1393 1389 τὸ
1413 1356 1574 1402 μαντεῖον
1590 1350 1774 1404 δέχεσθαι,
1797 1350 1889 1390 πολὺ
1914 1351 1981 1390 ὑπὸ
2002 1354 2066 1402 γ’ἧς
2090 1353 2189 1405 ἱδρυ-

1161 1408 1284 1461 μένον·
1304 1411 1366 1462 ζῇν
1387 1409 1416 1447 δ’
1437 1409 1506 1449 ἀπὸ
1522 1410 1729 1461 μεταλλείας
1745 1409 1804 1448 καὶ
1817 1412 1887 1448 τῶν
1909 1409 2189 1462 μαντευομένων,

1162 1468 1221 1507 καὶ
1240 1472 1301 1508 τοῦ
1324 1468 1494 1521 βασιλέως
1512 1468 1755 1514 ἀποδείξαντος
1782 1470 1897 1513 αὐτοῖς
1917 1468 2103 1514 συντάξεις.
2121 1463 2190 1508 Εἶ-

1160 1544 1217 1566 ναι
1231 1526 1268 1566 δὲ
1285 1534 1356 1572 τοῖς
1371 1528 1451 1581 περὶ
1471 1527 1512 1566 τὸ
1527 1527 1742 1581 χρηστήριον
1767 1526 1840 1571 ἔθος
1863 1527 2024 1580 πάτριον,
2055 1526 2190 1579 μηδένα

1160 1585 1218 1624 τὸν
1234 1585 1332 1633 ἥλιον
1349 1589 1447 1640 ὁρᾷν,
1468 1585 1560 1624 ἀλλὰ
1578 1588 1641 1633 τ’ῆς
1662 1585 1783 1630 νυκτὸς
1802 1585 1867 1630 ἔξω
1887 1583 2095 1639 πορεύεσθαι
2120 1588 2189 1624 τῶν

1160 1644 1374 1696 χασμάτων·
1393 1645 1452 1683 καὶ
1471 1644 1528 1683 διὰ
1546 1648 1648 1684 τοῦτο
1667 1644 1725 1684 τὸν
1743 1644 1893 1692 ποιητὴν
1910 1645 1989 1698 περὶ
2009 1646 2123 1683 αὐτῶν
2139 1646 2190 1682 εἷ-

1162 1709 1253 1753 πεῖν,
1273 1705 1319 1746 ὡς
1339 1703 1408 1758 ἄρα

1423 1779 1496 1812 οὐδέ
1508 1780 1578 1812 ποτ’
1593 1779 1703 1817 αὐτοὺς

1306 1826 1425 1863 Ἠέλιος
1447 1827 1566 1868 φαέθων
1581 1827 1783 1870 ἐπιδέρκεται.

1153 1890 1332 1942 ϋΥστερον
1353 1888 1389 1928 δὲ
1409 1890 1640 1944 διαφθαρῆναι
1664 1889 1744 1933 τοὺς
1769 1888 1968 1943 ἀνθρώπους
1997 1889 2064 1929 ὑπὸ
2093 1893 2193 1943 βασι-

1159 1947 1249 1992 λέως
1275 1948 1384 1998 τινὸς,
1414 1950 1477 1987 οὒκ
1506 1948 1704 1993 ἀποὸάντος
1732 1950 1827 2002 αὐτῷ
1853 1952 1914 1987 τοῦ
1942 1953 2125 2003 χρησμοῦ·
2152 1949 2192 1987 τὸ

1161 2006 1198 2045 δὲ
1230 2013 1392 2059 μαντεῖον
1434 2007 1484 2046 ἔτι
1519 2007 1725 2059 συμμένειν,
1758 2008 1969 2059 μεθεστηκὸς
1996 2010 2044 2052 εἷς
2078 2007 2191 2062 ἕτερον

1159 2066 1277 2106 τόπον.
2086 2075 2088 2077 ’

1184 2126 1357 2222 dEadem
1377 2126 1533 2164 brevius
1549 2126 1771 2165 Eustathius
1785 2126 1834 2165 ad
1848 2127 1981 2177 Odyss.
1999 2127 2045 2174 A,
2061 2140 2098 2179 p.
2117 2126 2191 2170 416

1161 2199 1181 2223 e
1213 2215 1221 2223 .
1235 2186 1346 2223 Basil.

1643 2254 1706 2292 46.

1217 2319 1355 2357 Strabo
1370 2322 1475 2367 VLc.
1491 2332 1522 2367 1,
1540 2333 1574 2366 7,
1590 2332 1628 2370 p.
1643 2320 1715 2368 397
1732 2334 1739 2355 :
1761 2311 1838 2358 Εἶθ’
1857 2321 1879 2366 ἢ
1898 2317 1997 2362 πόλις
2016 2320 2047 2356 οἱ
2064 2315 2191 2371 Λοκροὶ

1163 2431 1334 2472 praedones
1356 2438 1394 2462 ac
1413 2438 1514 2471 vagos
1532 2429 1631 2463 armis
1653 2429 1692 2462 ad
1709 2429 1853 2462 Maeotim
1873 2438 1977 2470 usque
1995 2429 2100 2460 lacum
2120 2437 2192 2469 pro-

117 2489 269 2531 Ephorus
278 2489 435 2522 celticam
450 2489 571 2530 ingenti
582 2490 657 2522 facit
668 2489 900 2531 magnitudine,
909 2489 956 2522 ita
972 2490 1008 2522 ut
1020 2488 1103 2522 Celti

77 2536 228 2578 pleraque
248 2537 414 2578 Hispaniae
434 2546 522 2568 nunc
540 2537 628 2569 dicta
651 2537 723 2569 loca
748 2545 852 2578 usque
870 2536 910 2568 ad
938 2537 1044 2568 Gades
1060 2538 1104 2569 te·

77 2584 226 2625 nuerint;
244 2584 354 2625 aitque
371 2586 559 2617 Graeoorum
579 2584 759 2616 studiosam
775 2593 845 2616 esse
859 2585 984 2625 gentem
996 2607 1005 2624 ‚
1023 2584 1103 2615 mul-

79 2633 175 2673 taque
194 2631 234 2664 de
257 2631 299 2663 iis
314 2631 485 2672 peculiaria
501 2631 615 2670 tradit,
640 2631 792 2672 praesenti
816 2631 914 2663 statui
940 2640 1005 2663 non
1030 2639 1103 2662 con-

79 2682 239 2711 sentanea.
256 2680 304 2710 De
317 2677 434 2718 quibus
449 2678 511 2710 hoc
529 2687 657 2719 quoque
673 2681 734 2719 est,
747 2679 823 2711 dare
838 2687 968 2719 operam
979 2687 1046 2718 eos,
1064 2687 1104 2710 ne

78 2725 167 2757 obesi
180 2724 269 2764 fiant,
282 2733 362 2757 neve
372 2724 607 2766 prominentem
618 2728 763 2758 ventrem
776 2725 932 2766 habeant3
945 2727 976 2757 et
989 2727 1016 2757 si
1030 2725 1103 2766 quis

80 2771 264 2805 adolescens
309 2772 438 2813 cingulo
468 2772 690 2814 praescriptam
724 2781 909 2805 mensuram
949 2773 1102 2814 excedat,

79 2827 153 2852 cum
168 2819 308 2851 multari.

558 2875 622 2907 44.

121 2931 192 2962 Non
207 2931 294 2962 recte
311 2930 408 2962 etiam
428 2930 468 2971 is,
492 2930 549 2971 qui
568 2940 658 2963 arma
680 2931 835 2963 adversus
852 2932 1102 2964 exundationem

81 2985 192 3018 capere
207 2977 356 3010 Gimbros
369 2978 412 3010 ait
430 2987 437 3009 τ
451 2986 512 3010 nec
527 2978 640 3019 magis,
656 2981 693 3010 ut
707 2979 937 3011 exercitatione
951 2978 1102 3019 intrepidi

81 3022 180 3063 fiant,
206 3024 313 3056 Celtas
336 3025 403 3065 pati
428 3024 544 3057 domos
565 3034 640 3057 suas
663 3025 756 3066 aquis
777 3025 890 3064 obrui,
911 3034 1104 3066 rursumque

81 3069 259 3109 aedificare,
284 3070 456 3111 pluresque
476 3079 586 3103 eorum
609 3071 723 3112 aquis,
746 3080 845 3111 quam
867 3070 951 3103 bello
975 3071 1101 3112 perire3

81 3117 170 3158 quod
187 3117 317 3158 quidem
332 3119 481 3159 Ephorus
496 3118 639 3151 tradidit.

123 3164 314 3204 Gonjectura
326 3166 422 3197 etiam
437 3165 558 3206 colligit
569 3166 774 3199 Cimbrorum
784 3165 912 3207 illisque
921 3167 1102 3199 vicinorum

81 3211 274 3251 populorum
299 3211 520 3252 migrationem
545 3221 562 3244 e
584 3213 688 3254 patria
710 3213 827 3245 saetam
848 3221 918 3245 esse
933 3214 975 3249 oh
996 3214 1103 3246 varias

82 3265 180 3288 mans
192 3265 400 3290 incursiones.

122 3305 200 3336 Haec
214 3303 406 3336 Posidonius
418 3305 488 3345 jure
501 3306 532 3337 in
550 3306 761 3347 scriptoribus
780 3306 994 3347 reprehendit.
1012 3306 1101 3338 Idem

83 3358 148 3382 non
170 3349 279 3391 inepta
302 3351 483 3391 conjectura
498 3352 635 3394 colligit,
662 3352 813 3386 Gimbros
836 3352 982 3386 homines
1002 3351 1103 3384 fuisse

1162 2486 1301 2519 gressos.

1643 2526 1707 2559 45.

1204 2579 1355 2619 Ephorus
1370 2587 1446 2611 vero
1462 2577 1648 2611 Cimmeriis
1663 2578 1771 2609 locum
1787 2576 1877 2608 illum
1905 2575 2108 2613 adscribens,
2132 2575 2192 2606 hos

1163 2625 1307 2658 habitare
1319 2626 1364 2657 ait
1376 2626 1409 2657 in
1417 2624 1632 2657 subterraneis
1644 2624 1799 2664 aediliciis,
1808 2632 1889 2664 quas
1901 2622 2050 2663 aryillas
2063 2624 2191 2661 vocant,

1164 2681 1201 2704 ac
1215 2681 1272 2714 per
1295 2673 1400 2705 fossas
1420 2672 1578 2713 quasdam
1603 2671 1686 2703 inter
1707 2680 1741 2703 se
1756 2677 1938 2702 commeare
1951 2692 1959 2707 ‚
1986 2667 2192 2709 hospitesque

1164 2719 1276 2751 eadem
1295 2720 1350 2751 via
1366 2719 1407 2751 ad
1422 2718 1589 2751 oraculum
1608 2718 1784 2755 adducere,
1810 2717 1872 2748 alte
1887 2708 1970 2747 infra
1984 2717 2102 2747 terram
2118 2724 2192 2747 con-

1164 2766 1268 2799 ditum
1287 2776 1295 2798 :
1314 2767 1436 2798 victum
1460 2775 1516 2798 eos
1540 2765 1678 2797 metallis
1704 2763 1893 2796 effodiendis
1917 2771 2081 2802 quaerere,
2103 2764 2135 2794 et
2150 2762 2190 2794 ab

1163 2813 1203 2846 iis
1220 2813 1376 2854 accipere,
1392 2813 1449 2853 qui
1466 2812 1633 2844 oraculum
1650 2811 1835 2848 consulunt,
1849 2818 1887 2840 ac
1899 2817 2006 2848 regem
2021 2808 2061 2840 iis
2075 2809 2189 2840 consti-

1162 2860 1266 2892 tuisse
1288 2868 1326 2892 eo
1341 2859 1473 2891 nomine
1492 2857 1700 2899 stipendium.
1717 2858 1818 2888 Porro
1838 2855 1893 2896 qui
1911 2855 1996 2896 apud
2021 2855 2189 2887 oraculum

1163 2906 1242 2938 illud
1260 2905 1399 2947 degunt,
1415 2915 1470 2938 eos
1483 2929 1492 2944 ‚
1507 2913 1597 2936 more
1615 2913 1634 2935 a
1653 2902 1830 2943 majoribus
1851 2906 1983 2943 accepto
1994 2924 2004 2942 ‚
2022 2911 2188 2943 nunquam

1162 2953 1272 2985 videre
1302 2953 1401 2985 solem
1414 2976 1423 2992 ‚
1441 2952 1497 2984 sed
1524 2953 1622 2982 noctu
1640 2959 1680 2982 ex
1697 2949 1838 2981 hiatibus
1858 2951 1954 2981 terrae
1969 2948 2118 2990 prodire,
2144 2949 2190 2981 id-

1162 3008 1265 3041 eoque
1277 3000 1317 3031 de
1330 2999 1369 3031 iis
1385 3001 1563 3031 Homerum
1579 2997 1623 3028 ita
1638 2996 1827 3037 scripsisse:

1698 3051 1807 3089 Neque
1820 3060 1957 3089 unquam

1246 3099 1313 3131 illos
1327 3099 1464 3130 illustrat
1477 3097 1634 3126 radiorum
1650 3096 1766 3126 lumine
1779 3096 1883 3127 Titan.

1162 3153 1278 3184 Postea
1291 3150 1444 3190 temporis
1462 3149 1655 3182 Cimmerios
1665 3149 1765 3181 fuisse
1781 3148 1904 3181 deletos
1914 3158 1933 3181 a
1947 3157 2019 3189 rege
2031 3149 2186 3190 quodam,

1163 3201 1255 3239 cujus
1292 3198 1407 3229 eventa
1424 3196 1591 3227 oraculum
1615 3205 1680 3227 non
1704 3196 1969 3237 comprobasset:
1987 3196 2096 3229 sedem
2118 3205 2187 3229 ora-

1163 3245 1226 3277 culi
1239 3245 1303 3276 alio
1316 3243 1504 3276 translatam
1520 3242 1700 3274 etiamnum
1714 3243 1841 3276 durare.

1204 3348 1418 3389 Subsequitur
1428 3347 1507 3380 urbs
1518 3348 1614 3380 Locri
1628 3297 1845 3391 liip‘iiephyrii.
1860 3349 1943 3381 Sunt
1958 3346 1993 3380 hi
2005 3348 2182 3380 Locrenses
