2320 3684
108 210 183 244 316

581 287 668 325 223.

160 347 412 399 Stephanus:
439 345 646 399 Δριλώνιος,
675 344 775 390 πόλις
807 345 968 398 μεγάλη,
1000 347 1136 400 ἐσχάτη

107 406 175 443 τῶν
202 406 394 443 Κελτικῶν.

106 478 171 509 ’ως
185 462 257 515 “7''
587 515 676 552 224.

161 575 283 612 Idem:
296 572 445 612 Μασσία
457 572 576 626 ,χώρα
589 572 804 624 ἀποκειμένη
814 580 885 618 τοῖς
891 575 924 613 Τ
927 575 1136 629 αρτησσίοις.

107 632 160 672 Τὸ
193 632 338 680 ἐθνικὸν,
366 630 582 675 Μασσιανός.
624 630 839 683 Θεόπομπος
868 637 1138 689 τεσσαρακοστῷ

107 690 228 745 τρίτῳ.

587 742 677 780 225.

162 802 289 840 Idem:
305 800 431 854 Ξηρὰ,
457 800 557 844 πόλις
577 801 659 855 περὶ
678 801 739 846 τὰς
763 801 973 856 Ἡρακλείας
996 803 1136 851 στήλας.

107 859 320 912 Θεόπομπος
332 861 604 913 τεσσαρακοστῷ
617 859 736 914 τρίτῳ.

579 919 670 956 226.

162 978 379 1029 Stephanus
401 992 410 1015 :
432 976 650 1031 Ἐλευθερὶς,
673 977 774 1021 πόλις
788 979 956 1023 Βοιωτίας
971 980 1138 1034 Ὠρωποῦ

107 1036 271 1084 πλησίον,
286 1035 400 1074 Κότου
414 1034 476 1074 καὶ
490 1035 660 1087 Ἐγκλέου
676 1052 685 1060 ·
699 1036 912 1088 Θεόπομπος
933 1037 1004 1091 μγ’.

161 1099 235 1133 Pro
262 1093 377 1133 Κότου
409 1094 468 1132 καὶ
495 1094 681 1146 Ἐγκλέου,
697 1105 877 1134 monente
913 1101 1069 1148 Ungero
1101 1098 1139 1135 in

107 1154 280 1193 Theban.
307 1153 494 1192 Paradox.
528 1167 566 1205 p.
596 1154 685 1202 300,
715 1155 960 1193 scribendum
986 1156 1140 1194 videtur

109 1211 223 1251 Κόθου
249 1211 310 1250 καὶ
340 1210 510 1265 Ἄρκλου,
537 1226 584 1250 ex
609 1213 815 1251 Plutarchi.
840 1216 980 1262 Quaest.
1016 1217 1138 1252 Graec.

105 964 115 984 δ

108 1274 252 1320 XXII,
279 1285 318 1322 Ρ.
350 1273 442 1322 296,
480 1274 528 1310 C:
548 1270 756 1325 Ἔτάφησαν
784 1271 821 1310 δὲ
851 1271 947 1325 παρὰ
972 1270 1036 1319 τὴν
1063 1272 1139 1310 ὁδὸν
1196 1297 1206 1310 ,

110 1331 210 1383 (quae
223 1330 272 1368 ab
287 1331 435 1381 Euripo
452 1330 501 1367 ad
517 1330 654 1368 urbem
678 1331 901 1368 Chalcidem
921 1332 1012 1382 erat)
1031 1329 1141 1374 Κόθος

108 1389 168 1428 καὶ
200 1387 344 1442 Ἄρκλος
371 1382 520 1450 (Αἶκλος
551 1389 739 1439 Xyland.;
760 1390 805 1427 cf.
840 1394 977 1427 Zonar.
1007 1393 1038 1438 I,
1068 1404 1140 1436 71:

109 1446 315 1502 Αἴκιστρος,
343 1440 490 1496 Αἶκλος,
517 1447 673 1498 ὀνόματα
698 1446 812 1501 κύρια.
839 1448 978 1486 Strabo
1010 1451 1072 1496 X,
1099 1462 1138 1499 Ρ.

111 1507 291 1555 447,νο1.
311 1510 378 1554 IV,
405 1521 442 1557 Ρ.
471 1510 534 1553 23,
558 1500 688 1550 Αἶκλος
713 1522 773 1544 και
794 1505 918 1550 Κόθος.
954 1478 1139 1557 Marcian.

109 1566 326 1603 Heracleot.
357 1566 446 1615 603)
474 1567 505 1602 οἳ
542 1563 678 1603 Ξούθου
709 1565 812 1603 παῖδε
797 1580 852 1613 ες,
890 1564 1141 1616 ἡβαδίζουσιν

110 1624 150 1661 ἐκ
174 1622 308 1666 πόλεως
335 1623 392 1661 ἐπὶ
413 1622 471 1662 τὸν
486 1622 643 1678 Εὔριπον
664 1623 723 1662 καὶ
741 1626 758 1662 ὁ
777 1621 882 1668 τόπος
904 1622 1025 1676 Τάφος
1049 1622 1143 1663 Παί-

110 1683 178 1720 δων
193 1683 363 1720 καλεῖται.

581 1734 671 1775 ‘’27.

163 1793 302 1831 Strabo
315 1796 401 1841 VII,
416 1807 453 1844 p.
472 1796 560 1843 498,
575 1798 616 1842 Β,
633 1797 687 1832 C:
702 1795 784 1833 Τῶν
805 1792 869 1845 μὲν
890 1797 948 1832 οὖν
963 1792 1143 1846 Ἠπειρω-

109 1852 178 1888 τῶν
208 1849 289 1898 ἔθνη
317 1851 422 1904 φησὶν
450 1855 539 1890 εἶναι
564 1852 777 1903 Θεόπομπος
806 1852 1142 1904 τετταρεσκαίδεκα·

109 1908 241 1948 τούτων
257 1909 294 1948 δὲ
311 1909 516 1955 ἐνδοξότατα
527 1942 537 1960 ,
553 1910 702 1960 Χάονες,
717 1911 778 1950 καὶ
801 1911 997 1959 Μολοττοὶ,
1025 1909 1082 1948 διὰ
1102 1909 1143 1948 τὸ

111 1968 212 2023 ἄρξαι
231 1968 316 2008 ποτὲ
343 1969 459 2017 πάσης
489 1974 551 2018 τῆς
579 1969 847 2022 Ἠπειρώτιδος,
873 1968 1041 2024 πρότερον
1079 1967 1142 2019 μὲν

111 2027 268 2077 Χάονας,
287 2027 427 2081 υστερον
449 2027 485 2066 δὲ
505 2029 720 2071 Μολοττούς·
737 2031 768 2066 οἳ
783 2027 819 2066 δὲ
844 2027 900 2066 διὰ
922 2027 985 2075 τὴν
1011 2043 1052 2065 συ
1056 2025 1142 2078 (γέ-

110 2102 204 2125 νειαν
223 2089 292 2124 τῶν
307 2086 494 2161 ἡβασιλέων
527 2087 653 2126 ἐπιπλέ
639 2103 690 2126 εον
722 2086 922 2134 ηὐξήθησαν
941 2086 966 2147 ’ζ
975 2102 1044 2124 των
1076 2085 1143 2138 γὰρ

111 2146 291 2184 Αἷακιδων
305 2145 416 2197 ἦσαν)
434 2145 494 2183 καὶ
515 2145 571 2184 διὰ
594 2146 633 2184 τὸ
659 2145 756 2199 παρὰ
772 2145 904 2189 τούτοις
929 2149 1018 2183 εἰναι
1043 2144 1083 2182 τὸ
1109 2145 1143 2182 ἐν

111 2203 266 2257 Δωδώνῃ
291 2210 464 2254 μαντεῖον,
481 2204 630 2243 παλαιόν
651 2221 688 2243 τε
706 2221 765 2243 και
780 2203 1009 2256 ὂνομαστὸν”
988 2219 1037 2242 ον.

166 2266 211 2300 In
240 2263 492 2313 sequentibus
511 2264 652 2301 Strabo
677 2265 771 2301 alios
785 2272 976 2312 auctores,
996 2263 1146 2312 Thucy-

113 2321 242 2359 didem
266 2329 304 2358 et
325 2322 541 2372 Ephorum,
561 2331 650 2360 ante
675 2323 808 2360 oculos
826 2322 976 2370 habuit,
996 2335 1066 2359 nec
1082 2330 1143 2358 ta-

112 2394 203 2418 men
221 2381 519 2432 Theopompum
550 2382 763 2432 neglexisse
784 2382 950 2419 videtur.
974 2399 989 2414 «
1012 2384 1145 2428 Certe,

114 2440 353 2478 Wichersius
393 2440 467 2487 ait,
510 2453 594 2490 quae
633 2441 750 2490 paulo
796 2449 887 2491 post
925 2440 1104 2490 leguntur
1135 2453 1144 2475 t

113 2496 242 2550 Ἐγγὺς
268 2497 305 2536 δὲ
325 2501 386 2545 τῆς
413 2497 569 2550 Κιχύρου
595 2498 775 2550 πολίχνιον
806 2498 1014 2550 Βουχαίτιον
1048 2501 1149 2537 Κασ-

155 2694 321 2727 Drilonius
334 2719 343 2735 ,
360 2693 440 2726 urbs
455 2703 573 2735 magna
589 2697 622 2727 et
643 2694 758 2726 ultima
785 2694 960 2726 Celtarum.
986 2693 1114 2726 Gentile
1129 2717 1137 2734 ‚

114 2743 278 2775 Drilonius
289 2765 299 2782 ,
316 2744 397 2774 teste
409 2742 616 2783 Theopompo
633 2741 714 2773 libro
727 2741 822 2773 tertio
837 2744 870 2773 et
882 2740 1138 2782 quadragesimo.

155 2848 287 2888 Massia,
303 2849 390 2889 regio
404 2857 478 2890 quae
493 2848 662 2880 Tartessiis
676 2847 882 2880 adscribitur.
898 2847 1041 2887 Gentile,
1060 2849 1141 2879 Mas-

117 2896 228 2928 sianus
238 2919 246 2934 ,
272 2905 336 2937 quo
358 2896 463 2928 utitur
484 2897 713 2937 Theopompus
727 2895 810 2927 libro
842 2894 939 2927 tertio
963 2897 995 2926 et
1010 2895 1143 2935 quadra·

116 2950 250 2981 geslmo.

587 2996 674 3029 225.

159 3049 254 3085 Xera,
268 3046 345 3078 urbs
359 3047 445 3079 circa
459 3047 634 3080 Herculeas
645 3046 825 3086 columnas,
839 3046 879 3078 de
892 3054 956 3086 qua
968 3045 1144 3087 Theopom-

118 3102 179 3134 pus
195 3093 278 3125 libro
294 3094 387 3125 tertio
407 3097 439 3126 et
451 3094 707 3135 quadragesimo.

586 3149 675 3182 226.

160 3207 360 3247 Eleutheris,
379 3209 455 3241 urbs
476 3211 609 3242 Boeotiae
631 3212 740 3251 Oropo
757 3210 876 3249 vicina,
895 3209 968 3242 Coti
985 3211 1017 3241 et
1038 3208 1146 3241 Euclei

831 205 900 243 ΤΗ
906 204 1138 244 EOPOMPI
1165 206 1493 247 FRAGMENTA.

1190 292 1356 330 σωπαίων
1371 323 1382 342 ,
1424 308 1547 347 μικρον
1593 292 1679 346 ὑπὲρ
1730 296 1791 341 τῆς
1836 295 2010 343 θαλάττης
2057 297 2119 336 ὅν·
2156 299 2216 338 καὶ

1191 349 1362 404 Ἐλάτρια
1399 351 1458 390 καὶ
1495 351 1677 391 Πανδοσία
1715 352 1775 390 καὶ
1808 353 1978 392 Βάτιαι’
1962 370 1998 393 εν
2025 357 2216 411 μεσογαία,

448 404 501 442 'lb
532 402 664 441 ἐθνικὸν
678 402 950 455 Δριλώνιος,ὡς
963 405 1135 458 Θεόπομ-
1191 422 1269 446 non
1305 410 1459 448 aliunde
1512 412 1691 449 arcessita
1724 420 1824 450 sunt.
1865 415 1962 450 Nam
2002 415 2135 453 eadem
2170 429 2217 453 ex

1191 466 1291 505 libro
1317 469 1609 520 quadragesimo
1637 471 1749 508 tertio
1774 471 2019 524 Theopompi
2038 474 2221 512 excitavit

1194 527 1496 577 Harpocration,
1522 529 1562 565 in
1589 529 1804 579 fragmento
1837 531 2029 580 sequenti3
2058 545 2107 569 ex
2141 545 2220 583 quo

1192 585 1277 623 loco
1302 586 1475 625 intellexi
1506 597 1586 625 tum
1617 589 1894 638 fragmentum,
1923 589 1963 626 in
2003 604 2080 640 quo
2119 604 2222 628 nune

1191 657 1404 693 versamur,
1431 653 1512 683 tum
1548 654 1675 684 cetera
1707 647 1755 683 ad
1782 648 1943 697 Epirum
1976 649 2221 699 pertinentia,

1192 716 1240 739 ex
1277 703 1351 741 hoc
1391 704 1491 742 libro
1536 705 1710 742 desumta
1750 719 1843 742 esse.
1859 706 2049 744 ...Verba
2089 708 2221 746 Theo-

1192 762 1327 811 pompi
1340 762 1379 799 in
1392 762 1466 799 hoc
1481 763 1694 813 fragmento
1709 763 1755 800 de
1766 765 1960 801 Molossis:
1976 766 2007 802 οἱ
2027 763 2064 802 δὲ
2083 763 2141 803 διὰ
2159 763 2222 812 τὴν

1193 818 1393 871 συγγένειαν
1412 823 1480 858 τῶν
1501 821 1671 872 βασιλέων
1700 822 1864 860 ἐπιπλέον
1883 822 2101 874 ηὐξήθησαν,
2130 825 2223 862 item

1194 887 1434 929 expresserat
1462 883 1625 930 Trogus.
1645 884 1740 918 Nam
1769 882 1943 919 Justinus
1968 885 2094 931 XVII,
2128 884 2149 920 3
2177 883 2225 920 de

1193 937 1341 986 Pyrrho
1357 952 1365 974 τ
1383 939 1551 987 Opesque
1567 937 1796 989 affinitatum
1814 943 1952 977 auxilio
1966 954 2122 991 magnas
2142 954 2223 990 pa—

1192 999 1325 1034 ravit.»

1661 1059 1749 1097 228.

1246 1124 1529 1174 Harpocration
1554 1138 1562 1160 :
1592 1123 1799 1163 Ἐλάτεια...
1815 1124 2028 1176 Θεόπομπος
2064 1130 2145 1178 γοῦν
2190 1127 2227 1164 ἐν

1193 1185 1458 1235 τεσσαρακοστῇ
1473 1181 1573 1235 τρίτῃ
1590 1212 1601 1233 ,
1617 1181 1786 1236 τέτταρας
1798 1182 1917 1227 πόλεις
1933 1184 2037 1237 φησὶν
2053 1178 2141 1223 εἶναι
2155 1187 2226 1223 τῶν

1194 1239 1460 1289 Κασσωπαίων,
1481 1240 1561 1278 ἀλλ’
1586 1244 1624 1279 οὐ
1657 1246 1748 1293 τρεῖς
1774 1240 1906 1295 (ὥσπερ
1926 1245 1944 1280 ὃ
1972 1242 2227 1294 Δημοσθένης),

1213 1297 1402 1351 Ελάτρειάν
1417 1314 1455 1337 τε
1466 1328 1477 1348 ,
1504 1299 1563 1338 καὶ
1591 1298 1808 1347 Πανδοσίαν,
1832 1299 1892 1338 καὶ
1907 1300 2042 1350 Βιτίαν,
2056 1300 2119 1340 καὶ
2135 1300 2229 1341 Βού-

1194 1370 1314 1408 χεῒαν.

1250 1414 1417 1453 Ἐλάτεια
1430 1425 1469 1454 et
1489 1414 1678 1469 Ἐλάτρεια
1705 1417 1838 1454 formae
1864 1418 2083 1468 promiscue
2113 1432 2228 1456 usur—

1197 1482 1349 1524 pantur.
1371 1478 1447 1513 Pro
1467 1474 1570 1513 Βιτία
1583 1475 1720 1513 Strabo
1732 1478 1817 1523 VII,
1828 1489 1866 1525 p.
1882 1477 1957 1526 498
1979 1477 2137 1515 exhibet
2157 1477 2229 1515 Βα-

1196 1531 1281 1581 τίαι,
1301 1541 1338 1570 et
1352 1533 1559 1585 Βουχαίτιον
1574 1548 1646 1585 pro
1663 1533 1853 1585 Βούχεταν.

1250 1661 1457 1699 Athenaeus
1480 1665 1531 1710 ΙΙ,
1554 1664 1617 1709 43,
1638 1665 1696 1701 D:
1717 1660 1930 1713 Θεόπομπος
1953 1661 1990 1700 δέ
2019 1677 2104 1715 φησι
2133 1661 2231 1716 παρὰ

1195 1718 1254 1757 τὸν
1273 1719 1452 1773 Ἐριγῶνα
1478 1719 1636 1771 ποταμὸν
1665 1720 1723 1765 ὀξὺ
1744 1724 1833 1758 εἶναι
1856 1720 1948 1774 ὕδωρ
1970 1720 2031 1759 καὶ
2054 1720 2133 1764 τους
2168 1720 2231 1760 πί-

1195 1793 1315 1821 νοντας
1329 1778 1413 1816 αὐτὸ
1427 1777 1678 1829 μεθύσκεσθαι,
1692 1778 1783 1817 καθὰ
1796 1794 1856 1817 και
1875 1795 1955 1823 τους
1966 1779 2025 1818 τὸν
2045 1784 2148 1817 οἶνον.

1250 1837 1304 1876 Cf.
1320 1837 1650 1875 PliniusH.N.11.
1671 1841 2227 1887 1022Lyncestisa1ctemaqua,

1196 1910 1282 1945 quoe
1299 1905 1465 1941 vocatur,
1488 1898 1636 1932 acidula
1650 1900 1733 1933 vini
1758 1899 1864 1934 modo
1881 1899 2096 1934 temulentos
2119 1894 2228 1945 facit.

1198 1957 1291 2000 Quae
1320 1968 1367 1992 ex
1392 1954 1648 2005 Theopompo
1677 1955 1799 2005 petita
1826 1969 1908 1993 esse
1933 1955 2158 2005 intelligitur
2184 1967 2230 1991 ex

1197 2013 1263 2050 lib.
1294 2016 1443 2061 XXXI,
1471 2027 1514 2049 2:
1537 2014 1786 2062 Theopompus
1798 2019 1855 2051 ait
1877 2013 2050 2051 inebriari
2062 2011 2232 2062 sontibus

1198 2076 1252 2116 iis,
1275 2085 1363 2120 quos
1378 2073 1550 2109 diximus.
1567 2073 1750 2122 Antigon.
1771 2075 1917 2123 Caryst.
1943 2086 1976 2110 c.
2006 2073 2100 2109 180:
2117 2071 2179 2110 Ἐν
2194 2070 2232 2109 δὲ

1199 2129 1375 2177 Λυκήταις
1395 2130 1481 2182 (leg.
1498 2132 1735 2182 Λυγκησταῖς)
1780 2132 1852 2171 Θε
1834 2147 1992 2183 οπομπον
2022 2131 2167 2184 φάσκειν
2197 2146 2233 2169 τι

1198 2192 1287 2227 εἰναι
1304 2188 1396 2242 υδωρ
1426 2188 1507 2233 ὀξύ
1535 2189 1614 2232 τους
1640 2189 1715 2228 δὲ’
1700 2206 1740 2228 εκ
1757 2190 1880 2229 τούτου
1903 2190 2088 2239 πίνοντας,
2113 2188 2233 2244 ὥσπερ

1199 2246 1258 2285 ἐπι
1279 2249 1348 2285 τῶν
1370 2263 1484 2296 οινων,
1503 2248 1737 2286 ἀλλοιοῦσθαι.

1675 2313 1763 2351 230.

1255 2377 1396 2414 Plinius
1416 2379 1466 2414 H.
1486 2380 1531 2414 N.
1547 2380 1599 2415 IV
1619 2378 1700 2415 init.
1719 2394 1728 2416 :
1755 2381 1928 2415 Tamarus
1950 2392 2068 2424 mons,
2088 2386 2233 2415 centum

1189 2435 1358 2483 fontibus
1371 2441 1466 2472 circa
1480 2438 1633 2482 radices,
1657 2439 1883 2487 Theopompo
1896 2437 2109 2474 celebratas.

1256 2494 1397 2532 Eadem
1412 2495 1516 2546 apud
1533 2496 1653 2533 Solin.
1674 2496 1806 2546 Polyh.
1822 2510 1854 2533 c.
1874 2511 1911 2544 7.

1199 2644 1308 2667 earum
1320 2635 1532 2667 nobilissimae
1542 2639 1618 2667 sunt
1625 2637 1773 2668 Chaones
1779 2639 1811 2668 et
1818 2636 1964 2676 Molossi,
1974 2637 2140 2677 propterea
2146 2637 2236 2677 quod

1199 2682 1275 2714 olim
1297 2683 1357 2714 toti
1377 2683 1474 2723 Epiro
1486 2682 1732 2723 imperaverant,
1742 2683 1831 2724 prius
1845 2684 1976 2724 quidem
1991 2684 2148 2723 Chaones,
2161 2686 2236 2725 post

1199 2729 1260 2760 hos
1273 2728 1419 2767 Molossi,
1432 2729 1490 2768 qui
1511 2732 1543 2759 et
1553 2728 1824 2769 oheognationem
1841 2738 1951 2770 regum
1965 2738 2081 2770 magna
2092 2730 2236 2763 fecerunt

1209 2775 1407 2807 incrementa
1435 2778 1539 2811 (erant
1567 2775 1654 2806 enim
1681 2784 1722 2806 ex
1751 2776 1955 2807 AEacidarum
1974 2776 2107 2816 familia)
2136 2779 2168 2808 et
2191 2777 2234 2809 ob

1207 2822 1409 2854 Dodonaeum
1437 2822 1523 2862 apud
1545 2822 1633 2862 ipsos
1657 2822 1824 2854 oraculum
1852 2825 2016 2854 vetustum
2034 2831 2071 2854 ac
2097 2823 2232 2856 celebre.

1673 2906 1762 2938 228.

1244 2969 1390 3002 Elatea...
1419 2968 1648 3009 Theopompus
1661 2969 1746 3000 enim
1763 2968 1846 3000 libro
1860 2969 2109 3009 quadragesimo
2126 2969 2234 3010 tertio,

1203 3020 1342 3057 quatuor
1357 3015 1506 3047 civitates
1523 3016 1568 3047 ait
1582 3024 1652 3048 esse
1671 3017 1932 3056 cassopaeorum‚
1954 3025 2017 3047 non
2033 3018 2097 3048 tres
2112 3016 2162 3056 (ut
2179 3017 2236 3048 De·

1203 3062 1419 3103 mosthenes)‚
1438 3062 1605 3102 Elati-iam,
1623 3062 1830 3101 Pandosiam,
1851 3063 1968 3094 Bitiam
1985 3065 2017 3094 et
2038 3063 2227 3095 Buchetam.

1675 3143 1764 3175 229.

1246 3212 1473 3251 Theopompus
1489 3219 1565 3244 vero
1592 3211 1638 3242 ait
1660 3213 1755 3250 juxta
1772 3210 1942 3250 Erigonem
1955 3210 2084 3251 (Epiri)
2100 3209 2234 3242 fluvium

121 3254 231 3296 (Gothi
247 3256 280 3285 ct
295 3256 401 3295 Areli)
419 3265 512 3297 opus,
529 3260 659 3290 auctore
671 3258 880 3298 Theopompo
895 3257 977 3289 libro
995 3256 1093 3288 tertio
1114 3259 1147 3288 et
1207 3258 1365 3291 acidulam
1380 3266 1451 3289 esse
1466 3266 1601 3298 aqueum
1618 3266 1715 3297 quam
1729 3257 1785 3297 qui
1805 3256 1934 3297 bibant,
1954 3257 2086 3298 perinde
2100 3265 2156 3288 eos
2170 3256 2234 3289 ine-

120 3300 374 3342 quadragesimo.

586 3352 675 3384 227.

128 3415 132 3418 ·
164 3400 344 3444 Epiroticas
364 3404 472 3440 gentes
489 3402 718 3443 Theopompus
731 3403 775 3434 ait
787 3411 857 3435 esse
873 3402 1116 3444 quatuordecim
1138 3412 1145 3434 ε

1207 3305 1306 3337 briari
1319 3307 1415 3345 atque
1428 3305 1542 3336 vinum
1571 3304 1730 3336 bibentes.

1249 3354 1286 3384 ln
1307 3351 1501 3392 Lyncestide
1526 3352 1754 3392 Theopompus
1781 3350 1825 3382 ait
1848 3359 1965 3391 aquam
1986 3358 2056 3382 esse
2083 3349 2205 3382 acidam
2220 3373 2229 3389 ‚

1212 3409 1308 3442 quam
1324 3398 1378 3440 qui
1393 3398 1516 3438 bibant,
1533 3397 1681 3430 inebriari
1696 3397 1785 3429 velut
1804 3396 1891 3428 vino.

2317 3392 2320 3430 l
