2320 3684
790 165 1032 206 HECATAEI
1060 164 1394 205 FRAGMENTA.
2105 164 2153 198 25

505 260 527 297 3
587 288 595 295 .

91 326 148 363 St.
171 327 213 362 B.
236 320 382 376 Στρώη,
401 317 503 363 πόλις
521 259 669 363 ιῖῗὸύης,
687 316 735 357 ὡς
753 312 834 352 ‘Em
857 311 983 356 Ἀσίας
1003 326 1067 350 πε-

41 382 213 438 ριηγήσει.
234 382 268 420 T
271 380 290 419 ὸ
317 377 449 418 ἐθνικὸν
469 372 687 472 Σέρῖοὲαῖοςῆ
709 367 903 425 Στρωίτης.

93 502 148 538 St.
176 502 217 537 B.
250 493 493 547 Μεταγώνιον,
527 491 628 536 πόλις
659 488 812 538 Λιὸύης·
836 488 920 528 Ἐκ.
947 487 1067 541 Ἀσία.

1382 259 1837 313 ΓΕΝΕΗΛΟΓΙΑ
1849 259 1891 310 Ι.

1447 357 1597 396 LIBER
1624 356 1836 395 PRIMUS.

1597 444 1686 482 332.

1181 504 1331 539 Demet.
1350 505 1408 539 De
1423 502 1562 540 elocut.
1574 507 1594 550 5
1608 516 1629 540 2
1643 517 1651 539 ε
1664 501 1836 542 Βούλεται
1853 501 1974 554 μέντοι
1988 499 2159 550 διάνοιαν,

41 558 214 607 Θηλυκῶς
237 554 274 594 δὲ
296 553 428 601 ταύτην
451 551 548 606 φασί·
574 550 628 592 Τὸ
650 548 781 590 ἐθνικὸν
806 546 1069 601 Μεταγωνίτης·
1129 551 1198 598 οἷον
1221 561 1268 602 ὡς
1286 558 1478 603 Ἑκαταῖός
1504 575 1608 613 φησιν
1633 562 1668 599 ἐν
1691 563 1735 613 τῇ
1766 561 1859 613 ἀρχῇ
1889 562 1952 607 τῆς
1986 558 2158 614 ἱστορίας·

512 611 602 650 325.

1130 617 1345 662 «Ἑκαταῖος
1362 617 1538 664 Μιλήσιος
1557 613 1626 657 ὦδε
1642 622 1813 671 μυθεῖται.
1826 637 1841 654 »
1860 620 1916 657 Cf.
1930 619 2032 657 idem
2048 620 2071 670 §
2090 633 2135 656 12
2149 632 2158 658 :

95 679 149 715 St·
166 677 207 713 Β·
227 671 381 726 Θρῖγκη,
396 670 497 715 πόλῑς
511 669 591 723 περὶ
610 667 673 712 τὰς
693 666 835 715 στήλας·
855 665 936 706 Ἕκ·
958 665 1069 719 Ἀσίᾳ·
1130 676 1323 720 Ἑκαταῖος
1348 676 1523 724 Μιλήσιος
1553 671 1622 716 ὧδε
1651 681 1828 729 μυθεῖται·
1845 677 1928 716 τάδε
1946 677 2090 732 γράφω,
2115 676 2162 721 ὥς

42 733 96 774 Τὸ
115 731 246 772 ἐθνικὸν
265 733 478 785 Θριγκαῖος,
497 729 764 826 ὡςῖΤρικκαῖος.

97 854 150 890 St.
167 853 210 890 B.
231 848 364 901 Θίγγη,
383 846 484 891 πόλις
503 789 653 896 ἰιὸῗης,
679 844 760 885 Ἕκ.
779 842 1002 898 περιηγήσει.
1019 842 1074 883 Τὸ

44 908 177 950 ἐθνικὸν
202 908 361 960 Θίγγιος.

521 963 611 1003 327.

1132 751 1218 789 «μοι
1253 736 1388 783 ἀληθέα
1423 735 1534 774 δοκέει
1562 730 1667 774 εἶναι·
1701 739 1734 775 οἱ
1759 736 1828 791 γὰρ
1853 736 2038 784 Ἑλλήνων
2064 736 2164 788 λόγοι

1133 795 1283 835 «πολλοί
1303 810 1342 833 τε
1361 793 1423 834 καὶ
1440 795 1584 847 γελοῖοι,
1605 794 1749 891 ξὲξμοὶ
1767 795 1964 848 φαίνονται,
1983 796 2109 835 εἰσίν.»

1187 914 1319 966 steph.
1354 917 1444 963 Byz.
1484 910 1670 959 Φάλαννα,
1706 911 1807 955 πόλις
1842 913 2060 967 Πεῤῥαιὸίας
2094 914 2165 953 ἀπὸ

1133 972 1327 1019 Φαλάννης
1345 974 1407 1019 τῆς
1437 970 1555 1022 Τύρου
1579 970 1759 1025 θυγατρός.
1790 971 1980 1017 Ἑκαταῖος
2004 975 2166 1027 ἱστοριῶν

98 1030 153 1066 St·
176 1029 217 1065 Β·
230 1024 408 1073 Μέλισσαν
426 1022 527 1068 πόλις
546 1021 701 1063 Λῑὸόωψ
723 1021 804 1061 Ἕκ·
826 1021 940 1076 Ἀσίᾳ·
962 1018 1006 1062 Ὁ
1025 1022 1077 1059 οῙ“
1133 1031 1266 1085 πρώτῳ
1285 1030 1431 1070 Ἱππίαν
1453 1029 1563 1077 αὐτὴν
1583 1031 1697 1078 καλεῖ,
1725 1029 1786 1068 καὶ
1805 1029 1958 1084 Ἔφορος
1977 1032 2166 1072 Φάλαννον

47 1085 166 1141 κήτωρ
179 1086 409 1129 Μελισσαῖος·
427 1087 451 1132 ἡ
470 1082 572 1155 χώρα
590 1080 807 1122 Μελισσαία.

99 1205 310 1244 Herodian.
329 1202 419 1256 Περὶ
439 1142 716 1255 μονήῗελέξεως
733 1201 758 1238 l.
782 1204 812 1248 Ι,
832 1214 870 1252 p.
895 1200 938 1237 31
958 1215 967 1238 ε
988 1196 1078 1238 Δού-

1136 1090 1243 1138 αὖτὴν
1263 1092 1366 1130 καλεῖ
1386 1091 1421 1129 ἐν
1440 1091 1491 1143 τῷ
1507 1087 1676 1142 τετάρτῳ.

1191 1209 1321 1249 Schol.
1344 1208 1473 1259 Apoll.
1490 1148 1704 1253 Rhosii]
1722 1184 1822 1255 2‘663
1842 1223 1858 1241 «
1871 1207 1918 1245 οἱ
1942 1206 2012 1245 ἀπὸ
2032 1210 2171 1247 Δευκα-

49 1266 127 1318 ρῑζα
147 1263 256 1315 λίμνη
282 1261 381 1317 παρὰ
402 1261 462 1301 τὸν
486 1261 596 1306 Λίζαν
615 1258 788 1311 ποταμόν·
804 1258 998 1302 Ἑκαταῖος
1014 1274 1078 1297 πε·
1138 1268 1289 1311 «λίωνος
1319 1266 1360 1306 τὸ
1382 1266 1481 1320 γε’νος
1513 1267 1652 1320 ἔχοντες
1679 1266 1887 1306 ἐδασίλευον
1917 1266 2170 1314 Θεσσαλίας,»

50 1323 209 1376 ριηγήσει
228 1322 354 1368 Ἀσίας·
377 1324 447 1375 «τῇ
469 1320 505 1360 δὲ
523 1320 630 1374 λίμνῃ
650 1318 803 1374 Δούριζα
815 1318 940 1371 ὄνομα.
955 1337 971 1354 »

104 1443 246 1482 Athen.
267 1445 339 1490 IX,
361 1446 450 1490 410,
468 1444 499 1479 E
513 1456 522 1479 ε
536 1439 603 1484 ‘sse
617 1438 678 1479 καὶ
690 1437 882 1482 “Εκαταῖος
901 1437 1001 1486 δηλοῖ
1018 1435 1041 1484 ἢ
1062 1439 1081 1475 ὃ

50 1501 232 1556 γεγραφὼς
256 1500 321 1546 τὰς
349 1499 576 1554 περιηγήσεις
598 1500 633 1538 ἐν
652 1501 697 1550 τῇ
718 1497 817 1551 Ἀσίᾳ
841 1494 1082 1551 ἐπιγραφομέ-

50 1576 93 1613 νῃ
106 1576 115 1585 ·
139 1562 333 1604 «Γυναῖκες
351 1559 388 1599 δὲ
407 1558 466 1598 ἐπὶ
482 1561 545 1607 τῆς
572 1559 727 1612 κεφαλῆς
754 1555 875 1609 ἔχουσι
909 1554 1077 1611 χειρόμα-

50 1635 151 1673 κτρα.
167 1638 184 1655 »

519 1676 608 1715 330.

104 1741 159 1778 St.
177 1735 409 1788 Β.Εὗε’λγεια,
428 1734 539 1780 πόλις.
557 1734 747 1779 Ἑκαταῖος
766 1735 801 1773 ἐν
830 1732 1052 1789 περιηγήσει.

522 1795 612 1834 331.
853 1813 861 1817 -

105 1861 318 1901 Herodian.
347 1859 439 1913 Περὶ
466 1875 544 1911 μον.
563 1858 707 1907 λέξεως,
746 1859 771 1898 l.
800 1862 832 1906 1,
861 1872 898 1910 p.
924 1860 970 1896 13
996 1872 1024 1896 s.
1045 1872 1081 1895 v.

53 1920 226 1975 Ἄρουρα;
247 1918 422 1973 Κόλουρα·
443 1917 518 1957 ἔστι
535 1918 572 1958 δὲ
588 1917 726 1962 πόλεως
739 1916 851 1969 ὄνομα
870 1916 954 1969 παρ’
973 1916 1085 1956 Ἑκα-

53 1979 162 2033 ταίῳ·
184 1977 331 2018 «Δοκέω
353 1977 390 2017 δὲ
411 1976 568 2030 μάλιστα
584 1975 683 2032 παρὰ
699 1975 895 2029 Κολούραν,
914 1974 973 2014 ἵνα
993 1992 1086 2031 πρη-

55 2056 71 2074 «
81 2041 143 2086 νῆς
160 2036 286 2083 ἕζοντο.
300 2055 316 2072 »

524 2189 544 2222 3
551 2189 572 2222 2
579 2189 599 2222 3
606 2212 614 2220 .

95 2249 200 2290 Stroe,
212 2246 292 2280 urbs
301 2246 427 2289 Libyae,
434 2248 472 2279 ut
478 2247 557 2279 Hec.
566 2245 705 2287 Gentile,
718 2246 861 2279 stroaeus
870 2245 923 2279 vel
935 2246 1082 2280 Stroites.

527 2317 614 2351 324.

98 2376 320 2419 Metagonium
329 2400 339 2416 ,
355 2376 435 2409 urbs
447 2375 579 2417 Lihyae,
594 2376 636 2409 de
649 2384 715 2417 qua
726 2377 898 2409 Hecataeus
915 2376 950 2409 in
970 2375 1084 2417 Libya.

56 2426 182 2513 ξέιιιιίρὲο
207 2423 366 2457 feminino
382 2423 457 2456 haec
473 2423 648 2464 aliquando
660 2422 807 2456 affertur.
828 2423 974 2465 Gentile,
989 2425 1088 2456 Meta-

156 2573 159 2575 .
526 2540 615 2574 325.

96 2599 236 2633 Thrince
246 2622 255 2640 ,
280 2598 361 2631 urbs
379 2598 464 2631 circa
478 2598 647 2631 columnas
658 2621 669 2639 ‚
695 2597 737 2631 de
752 2606 818 2640 qua
832 2599 911 2632 Hec.
935 2598 1064 2632 Gentile
1077 2621 1088 2638 ,

56 2647 240 2688 Trincaeus,
258 2646 306 2680 uti
321 2646 496 2680 Triccaeus.

529 2716 616 2749 326.

98 2773 235 2815 Tbinge,
250 2772 330 2806 urbs
351 2772 481 2814 Libyae,
506 2771 548 2805 de
569 2781 635 2814 qua
656 2773 736 2806 Hee.
753 2772 902 2815 Gentile,
916 2772 1086 2814 Thingius.

531 2839 619 2872 327.

100 2895 242 2936 Melissa,
259 2896 339 2928 urbs
353 2896 506 2938 Libyum,
526 2895 567 2930 de
581 2905 646 2938 qua
663 2897 741 2929 Hec.
759 2896 879 2938 Incola,
895 2897 1087 2930 Melissaeus.

59 2944 173 2986 Regio,
189 2943 359 2976 Melissaea.

530 3010 619 3043 328.

102 3066 240 3106 Duriza,
271 3065 363 3098 lacus
390 3066 432 3099 ad
453 3066 566 3099 Lizam
589 3066 738 3099 nuvium.
762 3068 839 3100 Hec.
859 3077 868 3099 :
887 3080 903 3096 n
918 3068 979 3101 Hic
1000 3067 1090 3100 lacus

61 3113 179 3146 Duriza
190 3113 387 3146 nominatur.
405 3126 423 3142 ι)

532 3185 619 3219 329.

105 3241 391 3280 Quemadmodum
405 3242 505 3275 etiam
519 3245 690 3276 Hecataeus
706 3242 859 3283 declarat,
880 3244 937 3275 aut
958 3242 1091 3284 quicun-

63 3298 127 3331 que
139 3290 251 3320 auctor
265 3291 316 3321 est
330 3289 459 3322 illarum
471 3290 734 3332 Descriptionum
750 3299 824 3331 quae
843 3290 877 3322 in
892 3290 977 3322 libro
990 3290 1091 3322 conti-

62 3338 180 3368 nentur
192 3335 249 3376 qui
270 3337 354 3368 Asia
369 3337 558 3371 inscribitur
576 3348 584 3370 :
603 3350 620 3367 α
637 3337 790 3370 Mulieres
806 3339 914 3370 autem
931 3337 966 3369 in
986 3337 1092 3378 capite

63 3385 189 3424 gestant
204 3382 361 3415 mantilia.
380 3395 395 3412 »

1138 1326 1184 1371 ὥς
1200 1342 1306 1380 φησιν
1317 1325 1506 1371 Ἑκαταῖος
1515 1325 1574 1365 καὶ
1590 1325 1765 1370 ‘Hc-(0805.
1786 1325 1834 1365 ‘H
1851 1326 2036 1365 Θεσσαλία
2050 1323 2085 1363 δὲ
2100 1327 2174 1365 Πε-

1138 1385 1272 1437 λασγία
1300 1386 1462 1424 ἐκαλεῖτο
1491 1384 1561 1424 ἀπὸ
1587 1386 1775 1436 Πελασγοῦ
1800 1387 1861 1423 τοῦ
1893 1383 2173 1436 βασιλεύσαντος.

1140 1447 1187 1483 In
1206 1445 1384 1496 exposito
1397 1444 1766 1483 Deucalionidarum
1780 1456 1919 1495 genere
1938 1444 2175 1481 mentionem

1140 1505 1320 1557 injectam
1340 1518 1422 1549 esse
1444 1505 1624 1543 existimo
1652 1504 1858 1542 Phalannae
1885 1512 2002 1555 atque
2024 1503 2174 1550 Itoniae,

1142 1564 1283 1603 deinde
1299 1564 1523 1602 memoratis
1545 1564 1604 1612 iis,
1621 1563 1749 1616 quiin
1765 1563 1964 1601 Thessalia
1986 1575 2176 1600 remanse-

1142 1632 1244 1671 rant,
1264 1624 1443 1663 transisse
1472 1624 1520 1662 ad
1542 1624 1712 1675 reliquos
1744 1621 1915 1673 ejusdem
1940 1622 2088 1672 stirpis,
2109 1621 2177 1673 qui

1143 1697 1164 1722 e
1185 1683 1384 1722 Thessalia
1399 1684 1439 1721 in
1454 1684 1547 1722 alias
1568 1691 1691 1721 terras
1716 1682 1939 1720 transierint
1961 1680 2094 1732 ibique
2111 1694 2177 1719 re-

1141 1743 1246 1794 gium
1260 1742 1392 1793 adepti
1409 1743 1485 1780 sint
1498 1742 1700 1780 honorem.
1715 1744 1764 1779 Et
1779 1741 1904 1792 primo
1919 1740 2077 1792 quidem
2090 1753 2178 1777 eum

1142 1813 1279 1839 eorum
1305 1814 1367 1839 res
1386 1809 1511 1852 gestas
1534 1800 1762 1851 exposuisse
1781 1799 1988 1851 probabile
2014 1807 2085 1846 est,
2111 1798 2179 1849 qui

1144 1859 1193 1898 ab
1212 1860 1373 1898 Hellene
1393 1860 1643 1898 Deucalionis
1668 1860 1749 1897 filio
1782 1867 1891 1897 erant
1921 1858 2090 1896 oriundi.
2118 1854 2180 1895 Ab

1144 1919 1315 1958 Hellenis
1331 1919 1411 1957 filio
1425 1922 1533 1957 Doro
1549 1919 1759 1957 Dorienses
1777 1918 1963 1970 appellati
1974 1925 2075 1964 sunt,
2087 1930 2181 1967 quo-

1145 1992 1234 2016 rum
1251 1978 1282 2016 si
1296 1987 1438 2016 terram
1461 1979 1563 2016 circa
1587 1978 1702 2016 Pindi
1730 1985 1881 2016 montes
1911 1978 2022 2015 sitam
2043 1976 2181 2013 adum-

1143 2036 1327 2076 braturus
1349 2045 1447 2085 erat,
1472 2036 1682 2088 injicienda
1703 2037 1739 2075 ei
1769 2046 1852 2075 erat
1888 2036 2179 2087 Amphanarum

1623 2173 1643 2205 3
1651 2173 1670 2205 3
1676 2172 1698 2204 0
1704 2195 1712 2202 .

1190 2230 1336 2272 Euelgia‚
1350 2230 1519 2272 oppidum,
1534 2230 1574 2263 de
1592 2239 1659 2272 quo
1680 2231 1863 2263 Hecataeus.

1622 2303 1710 2336 331.

1189 2359 1320 2401 Colura,
1337 2362 1387 2393 est
1401 2360 1491 2393 urbis
1503 2369 1624 2393 nomen
1640 2360 1728 2402 apud
1740 2361 1930 2393 Hecataeum
1946 2369 1954 2391 :
1974 2372 1990 2387 «
2006 2361 2089 2392 Puto
2102 2368 2178 2391 vero

1147 2408 1292 2441 maxime
1308 2417 1408 2451 prope
1425 2408 1592 2449 colmam,
1609 2407 1667 2440 ubi
1683 2408 1777 2450 proni
1789 2407 2011 2441 considebant.
2028 2420 2042 2436 u

1408 2631 1916 2685 GENEALOGIAE.

1469 2764 1620 2800 LIBER
1648 2762 1857 2798 PRIMUS.

1623 2876 1712 2909 332.

1190 2938 1360 2970 Hecataeus
1373 2935 1463 2968 initio
1475 2934 1635 2967 Historiae:
1646 2946 1661 2961 «
1670 2932 1840 2965 Hecataeus
1852 2931 1995 2964 Milesius
2001 2932 2045 2964 ita
2051 2935 2160 2965 narrat
2171 2943 2178 2965 :

1148 2985 1220 3017 haec
1233 2984 1351 3023 scribo,
1371 2985 1408 3014 ut
1429 2982 1510 3013 mihi
1525 2990 1604 3013 vera
1620 2989 1691 3012 esse
1705 2978 1874 3019 videntur-3
1889 2980 2080 3013 Graecorum
2095 2980 2181 3012 enim

1149 3031 1348 3063 narrationes
1361 3030 1473 3062 multae
1490 3031 1523 3061 et
1538 3027 1701 3067 ridiculae,
1721 3028 1758 3059 ut
1773 3026 1923 3068 equidem
1937 3029 2034 3069 puto,
2056 3028 2144 3060 sunt.
2162 3040 2179 3055 ›-

1620 3099 1710 3132 333.

1191 3159 1378 3198 Phalanna,
1410 3157 1488 3189 urbs
1518 3156 1711 3189 Perrhaebiae
1741 3165 1761 3189 a
1781 3157 1967 3197 Phalanne,
1997 3158 2074 3199 Tyri
2102 3158 2177 3190 filia.

1150 3208 1324 3240 Hecataeus
1348 3205 1568 3238 Historiarum
1583 3204 1688 3245 primo
1700 3205 1854 3246 Hippiam
1869 3214 1940 3238 eam
1953 3207 2059 3246 vocat,
2076 3206 2180 3247 Epho-

1151 3263 1207 3286 rus
1230 3255 1339 3286 autem
1361 3252 1444 3284 libro
1466 3253 1583 3293 quarto
1599 3251 1815 3285 Phalannam.

1627 3324 1647 3356 3
1654 3324 1714 3357 34.

1195 3394 1211 3410 «
1220 3382 1284 3420 Qui
1297 3390 1316 3413 a
1331 3381 1526 3415 Deucalione
1534 3382 1690 3423 originem
1702 3382 1864 3415 ducebant
1880 3391 1968 3423 reges
1982 3385 2073 3415 erant
2086 3382 2177 3415 Thes·
