2320 3684
134 191 211 225 302

187 329 424 383 Stephanus:
444 326 569 381 Σιῤῥὰ,
589 326 690 371 πόλις
710 324 879 380 Θρᾴκης·
898 325 1112 378 Θεόπομπος
1129 328 1165 366 ἐν

135 391 365 430 Φιλιππικῶν
384 390 543 441 εἰκοστῷ.

187 514 335 552 Theon.
350 515 462 562 Prog.
484 524 517 547 c.
535 523 556 547 2
571 523 579 547 :
599 509 669 547 Καὶ
684 510 720 547 ἐν
735 510 780 560 τῇ
792 510 933 562 εἰκοστῇ
951 509 1166 561 Θεοπόμπου

134 574 203 611 τῶν
235 571 481 617 Φιλιππικῶν,
509 571 527 608 ὁ
558 568 694 620 [μῦθος]
727 572 786 607 τοῦ
823 567 980 620 πολέμου
1009 569 1069 608 καὶ
1104 572 1168 617 τῆς

135 630 287 683 ὕὸρεως,
307 628 344 667 ὃν
363 632 382 667 ὁ
404 627 586 672 Φίλιππος
606 626 821 682 διεξέρχεται
848 628 935 683 πρὸς
966 628 1045 673 τοὺς
1063 630 1168 670 αὐτο-

136 689 308 743 κράτορας
325 690 394 726 τῶν
412 687 629 728 Χαλκιδέων.
647 689 706 727 Cf.
729 689 866 727 Justin.
890 692 992 738 VIII,
1010 691 1045 728 3.

507 844 660 884 LIBER
687 845 793 885 XXI.

623 921 710 960 140.

190 996 329 1035 strabo
343 999 427 1045 VII,
439 1011 478 1048 p.
493 998 569 1042 488
590 1000 638 1046 A,
651 999 773 1036 B.-.=3
783 1012 825 1046 17
839 998 976 1036 Tzsch.
992 995 1113 1045 εΦησῖ
1135 996 1171 1035 δὲ

136 1058 155 1094 ὃ
181 1054 394 1106 Θεόπομπος
414 1058 484 1094 τῶν
504 1055 684 1108 ὀνομάτων
705 1057 833 1107 (maris
859 1058 958 1095 Ionii
979 1066 1019 1095 et
1039 1057 1172 1095 Adria-

138 1115 222 1167 tici)
240 1114 279 1154 τὸ
307 1113 371 1166 μὲν
400 1114 498 1162 ἥκειν
528 1115 598 1155 ἀπὸ
621 1115 741 1170 ἀνδρὸς
769 1115 994 1168 ἡγησαμένου
1016 1117 1085 1154 τῶν
1110 1114 1173 1154 τόν

137 1191 228 1224 πων,
241 1174 275 1221 ἐξ
293 1174 416 1223 Ἴσσης
439 1174 479 1213 τὸ
497 1174 605 1226 γένος·
621 1174 680 1215 τὸν
696 1174 831 1229 Ἀδρίαν
851 1174 888 1213 δὲ
904 1178 1065 1226 ποταμοῦ
1077 1172 1174 1213 ἐπώ-

137 1249 245 1285 νυμον
259 1233 450 1286 γεγονέναι.
463 1233 610 1274 Στάδιοι
627 1233 657 1271 δ’
677 1232 747 1271 ἀπὸ
767 1235 836 1271 τῶν
851 1232 1035 1285 Λιὸυρνῶν
1052 1232 1110 1271 ἐπὶ
1129 1230 1174 1270 τὰ

141 1291 320 1347 Κεραύνια
335 1294 451 1346 μικρῷ
468 1292 607 1336 πλείους
622 1291 646 1339 ἢ
665 1291 1054 1344 δισχίλιοι.Θεόπομπος
1065 1290 1101 1330 δὲ
1115 1290 1173 1330 τὸν

138 1352 255 1391 πάντα
283 1352 352 1391 ἀπὸ
370 1357 428 1391 τοῦ
448 1357 563 1404 μυχοῦ
579 1354 687 1391 πλοῦν
708 1353 850 1405 ἡμερῶν
871 1350 906 1396 ἓξ
929 1350 1046 1407 εἴρηκε
1058 1365 1066 1373 ·
1086 1353 1174 1404 πεζῇ

140 1410 178 1451 δὲ
193 1411 234 1450 τὸ
250 1414 362 1462 μῆκος
380 1414 442 1458 τῆς
459 1411 647 1466 Ἰλλυρίδος
669 1410 728 1449 καὶ
744 1410 933 1465 τριάκοντα
944 1425 952 1434 ·
972 1409 1174 1455 πλεονάζειν

140 1473 179 1510 δέ
194 1471 366 1522 μοιδοκεῖ.
378 1471 450 1510 Καὶ
465 1471 556 1509 ἄλλα
567 1471 596 1508 δ’
609 1472 648 1510 οὐ
656 1469 766 1509 πιστὰ
775 1469 880 1521 λέγει·
893 1468 934 1508 τό
942 1485 978 1508 τε
987 1472 1177 1522 συντετρῆ-

139 1528 275 1568 σθαιτὰ
290 1529 443 1581 πελάγη,
457 1529 527 1567 ἀπὸ
544 1532 605 1568 τοῦ
631 1529 851 1583 εὑρίσκεσθαι
865 1527 1018 1583 κέραμόν
1038 1545 1076 1567 τε
1095 1528 1178 1569 Θά-

141 1604 214 1627 σιον
229 1588 288 1627 καὶ
303 1590 389 1628 Χῖον
402 1590 437 1627 ἐν
457 1590 508 1642 τῷ
528 1588 690 1642 Νάρωνι·
711 1588 771 1627 καὶ
782 1587 822 1629 τὸ
842 1588 948 1642 ἄμφω
965 1587 1175 1626 κατοπτεύε-

140 1650 221 1686 σθαι
238 1646 283 1685 τὰ
303 1647 441 1698 πελάγη
461 1646 531 1685 ἀπό
548 1663 640 1691 τινος
655 1647 774 1702 ὅρους,
794 1647 854 1686 καὶ
873 1650 943 1686 τῶν
966 1646 1083 1695 νήσων
1102 1650 1172 1686 τῶν

142 1705 360 1759 Λιὸυρνίδων
374 1704 438 1752 τὴν
451 1704 559 1754 θέσιν,
578 1705 670 1746 ὥστε
681 1706 808 1746 κύκλον
825 1705 918 1758 ἔχειν
930 1706 989 1745 καὶ
1000 1721 1175 1745 πεντακο-

142 1764 226 1803 σίων
247 1764 412 1814 σταδίων,
436 1764 496 1803 καὶ
524 1765 565 1804 τὸ
589 1765 648 1804 τὸν
670 1765 803 1819 Ἰστρὸν
827 1765 877 1804 ἑνὶ
901 1767 972 1804 τῶν
992 1764 1177 1817 στομάτων

142 1825 189 1868 εἰς
208 1823 265 1862 τὸν
290 1823 428 1878 Ἀδρίαν
448 1823 652 1875 ἐμὸάλλειν.

197 1887 272 1921 Pro
296 1882 330 1928 ἐξ
352 1881 474 1931 Ἴσσης
490 1914 500 1932 ,
518 1884 624 1934 quod
642 1884 749 1923 dedit
768 1883 1031 1931 Siebenkees.,
1055 1883 1177 1922 Codd.

143 1942 285 1980 habent
318 1940 351 1986 ἐξ
372 1940 463 1989 ἴσης.
501 1943 740 1983 Emendandi
762 1944 821 1981 vel
841 1942 1047 1995 supplendi
1081 1943 1181 1983 viam

145 2009 332 2040 monstrat
365 2001 495 2039 Schol.
530 2003 711 2053 Apollon.
747 2002 819 2040 Rh.
858 2005 924 2050 IV,
947 2002 1021 2039 308
1041 2017 1049 2039 :
1077 2000 1182 2040 Ὠνο-

145 2059 264 2110 μάσθη
300 2058 337 2097 δὲ
362 2058 431 2097 ἀπὸ
461 2059 583 2098 Ἰονίου
612 2060 652 2098 τὸ
677 2060 775 2112 γένος
811 2060 1005 2115 Ἰλλυριοῦ,
1029 2058 1076 2104 ὥς
1096 2074 1182 2114 φησι

144 2117 358 2170 Θεόπομπος
407 2118 442 2156 ἐν
500 2120 647 2173 εἰκοστῷ
698 2118 840 2173 πρώτῳ.
897 2119 1007 2160 Adde
1057 2120 1182 2158 Schol.

145 2178 256 2216 Piud.
285 2177 396 2227 Pyth.
427 2178 502 2227 ΙΙΙ,
534 2192 630 2216 120:
650 2178 706 2218 Τὸ
725 2177 845 2219 Ἰόνιον
877 2178 1028 2230 πέλαγος
1046 2179 1087 2218 τὸ
1102 2179 1182 2233 περὶ

146 2236 312 2276 Σικελίαν
335 2235 375 2274 τὸ
397 2234 510 2287 ὄνομα
529 2236 668 2286 ἔλαὸεν,
687 2239 734 2280 ὡς
761 2237 823 2289 μὲν
850 2236 956 2286 ἔνιοι,
985 2237 1055 2276 ἀπὸ
1075 2237 1181 2282 Ἰοῦς·

146 2295 359 2348 Θεόπομπος
384 2296 420 2335 δὲ
443 2296 512 2335 ἀπὸ
529 2296 671 2346 Ἰονίου,
701 2297 823 2352 ἀνδρὸς
842 2297 1026 2351 Ἰλλυριοῦ.
1053 2301 1182 2336 Tzetz.

146 2356 195 2394 ad
213 2356 405 2407 Lycophr.
422 2358 517 2394 631:
537 2355 582 2395 Ὁ
604 2355 820 2408 Θεόπομπος
853 2356 912 2395 καὶ
938 2357 1039 2395 ἄλλοι
1074 2356 1180 2410 φασιν

621 2495 708 2528 138.

177 2551 320 2605 .⁸i¹f¹¹³’
345 2552 422 2584 urbs
442 2552 599 2585 Thraciae.
616 2553 846 2594 Theopompus
867 2553 917 2594 inss
929 2553 1183 2595 Philippicorum

152 2608 322 2640 vigesimo.

626 2663 712 2696 139.

193 2722 339 2761 itemque
352 2720 385 2752 in
399 2719 556 2762 vigesimo
566 2722 686 2754 Rerum
693 2721 832 2763 Philippi
842 2721 928 2763 apud
938 2722 1185 2764 Theopompum

154 2765 251 2805 libro,
267 2765 342 2798 belli
357 2768 390 2799 et
403 2767 594 2808 injuriarum
608 2768 778 2810 expositio,
795 2777 893 2809 quam
909 2769 954 2802 ihi
968 2769 1079 2810 legatis
1093 2770 1186 2803 Chal-

154 2812 348 2854 cidensium,
360 2814 401 2847 de
413 2823 544 2848 summa
553 2824 661 2848 rerum
678 2815 720 2848 ad
733 2824 768 2848 se
781 2815 902 2856 missis,
913 2816 989 2851 facit
1002 2816 1184 2860 Philippus.

520 2936 674 2977 LIBER
708 2937 815 2978 XXI.

631 3014 719 3047 140.

195 3068 424 3110 Theopompus
431 3069 487 3110 ait,
497 3070 581 3103 Ionii
597 3071 696 3104 maris
707 3080 827 3105 nomen
835 3081 907 3106 esse
915 3075 1024 3107 ortum
1039 3073 1081 3107 ab
1095 3075 1188 3109 Ionio

154 3117 211 3159 qui
225 3116 297 3148 istis
312 3118 391 3150 locis
405 3119 630 3159 imperaverit,
646 3124 739 3161 gente
755 3122 881 3163 Illyrius
896 3123 1044 3165 (Issaeus).
1058 3133 1066 3155 ε
1080 3124 1188 3157 Adriae

110 3172 116 3179 ⁴
155 3167 403 3204 cognomentum
417 3174 435 3196 a
450 3166 583 3199 llumine
598 3176 668 3200 esse
683 3168 873 3202 deductum.
889 3170 998 3202 Stadia
1015 3173 1092 3204 sunt
1106 3181 1124 3203 a
1137 3172 1188 3204 Li·

156 3210 269 3242 bumis
282 3211 321 3242 ad
333 3213 509 3245 Ceraunios
517 3217 644 3246 montes
654 3216 763 3256 paullo
778 3217 871 3258 plura
887 3217 1016 3251 duobus
1032 3219 1186 3252 millibus.

156 3258 384 3299 Theopompus
398 3260 499 3291 totam
511 3261 551 3292 ab
572 3262 688 3294 intimo
705 3263 778 3295 sinu
801 3265 1040 3305 navigationem
1054 3275 1109 3299 sex
1125 3266 1189 3300 die-

149 3305 229 3337 'f'um
252 3313 324 3336 esse
346 3305 508 3345 perhibuit
525 3317 533 3338 ε
550 3309 692 3341 terrestri
708 3311 817 3343 autem
835 3311 949 3345 itinere
967 3313 1132 3354 Illyricum
1147 3314 1190 3347 ad

158 3351 288 3392 triginta
311 3351 380 3383 dies
405 3354 576 3394 peragrari.
603 3356 739 3388 Videtur
769 3360 877 3390 antem
918 3359 1054 3392 nimium
1082 3361 1189 3394 dicere

863 181 929 219 ΤΗ
934 181 1163 221 EOPOMPI
1192 180 1527 222 FRAGMENTA.

1225 268 1297 320 (τὸν
1316 268 1437 309 Ἰόνιον
1453 269 1641 322 κληθῆναι)
1661 269 1732 309 ἀπὸ
1750 269 1873 308 Ἰονίου
1889 270 2060 325 Ἰλλυριοῦ
2079 270 2119 310 τὸ
2133 272 2253 324 γένος,

1226 327 1495 380 βασιλεύσαντος
1516 333 1577 367 τοῦ
1596 328 1717 368 τόπου.
1740 330 1797 369 Cf.
1823 330 1998 369 Eustath.
2020 331 2069 369 ad
2095 333 2255 384 Dionys.

1225 387 1370 439 Perieg.
1390 402 1428 426 v.
1443 402 1513 439 92:
1529 390 1576 428 Οἱ
1593 387 1630 427 δέ
1647 404 1750 442 φασιν
1771 387 1841 427 ἀπὸ
1861 388 2010 437 Ἰάονος,
2025 390 2147 444 ἀνδρὸς
2163 391 2257 431 Ἰτα-

1224 446 1300 495 λοῦ,
1317 445 1340 492 ἢ
1360 445 1430 484 ἀπὸ
1448 445 1583 496 Ἰονίου,
1616 447 1738 501 ἀνδρὸς
1767 446 1941 500 Ἰλλυριοῦ
1971 449 2125 486 Ionium
2153 463 2259 489 mare

1225 506 1463 544 nominatum
1508 520 1602 545 esse.
1636 529 1691 536 -—
1731 507 1857 545 Etiam
1907 520 1994 558 quae
2046 517 2259 559 sequuntur

1225 564 1330 617 apud
1347 564 1590 616 Strabonem,
1612 564 1671 604 τὸν
1689 564 1826 618 Ἀδρίαν
1846 565 1882 603 δὲ
1899 569 2058 615 ποταμοῦ
2075 565 2257 618 ἐπώνυμον

1225 622 1415 675 γεγονέναι,
1434 625 1692 678 suspicionem
1711 634 1930 665 moverunt.
1943 629 2041 664 Nam
2063 626 2103 664 in
2122 626 2258 665 eodem

1229 683 1290 733 (V,
1309 696 1346 733 p.
1372 683 1464 735 328)
1485 684 1668 734 legimus:
1685 682 1764 731 Τὴν
1784 682 1821 722 δὲ
1842 683 1978 740 Ἀδρίαν
1996 686 2148 738 ἐπιφανῆ
2163 684 2261 736 γενέ-

1228 742 1308 778 σθαι
1325 740 1425 780 πόλιν
1440 742 1558 795 φασὶν,
1578 742 1636 796 ἀφ’
1656 736 1697 789 ἧς
1712 742 1772 783 καὶ
1788 742 1942 794 τοῦνομα
1957 745 2009 796 τῷ
2029 741 2151 798 κόλπῳ
2165 743 2261 796 γενέ-

1229 801 1308 837 σθαι
1344 802 1394 852 τῷ
1415 800 1531 855 Ἀδρίᾳ
1544 830 1555 848 ,
1591 801 1718 855 μικρὰν
1758 802 1941 853 μετάθεσιν
1974 800 2095 841 λαὸόν.
2140 807 2262 855 Atque

1228 864 1356 899 Tzetz.
1377 862 1404 899 l.
1420 862 1445 899 l.
1475 876 1522 900 ex
1541 863 1796 914 Theopompo
1824 863 1939 901 docet
1965 863 2120 904 lonium
2141 863 2262 903 filium

1230 919 1345 959 fuisse
1369 919 1502 974 Ἀδρίου
1514 951 1524 969 ,
1542 924 1604 958 τοῦ
1625 920 1704 974 περὶ
1723 924 1826 959 τοῦτο
1844 920 1885 960 τὸ
1907 920 2059 973 πέλαγος
2079 921 2264 967 κτίσαντος

1230 977 1331 1017 πόλιν
1347 978 1411 1026 τὴν
1428 979 1620 1031 λεγομένην
1634 979 1783 1033 Ἀδρίαν.
1803 981 1975 1019 Justinus
1992 981 2157 1033 denique
2172 985 2264 1030 XX,

1235 1052 1268 1086 1,
1299 1038 1617 1089 Theopompum,
1648 1047 1692 1076 ut
1722 1039 1890 1091 videtur,
1924 1048 2076 1078 secutus
2101 1055 2109 1078 :
2145 1043 2264 1078 Adria

1230 1111 1372 1146 quoque
1397 1100 1541 1145 Ιὶζγήεί
1561 1102 1674 1134 maris
1679 1102 1857 1147 proxima
1871 1127 1882 1142 ,
1914 1113 2000 1148 quoe
2019 1108 2058 1136 et
2077 1101 2265 1137 Adriatico

1231 1160 1328 1192 mari
1339 1170 1470 1192 nomen
1483 1158 1596 1202 dedit,
1617 1159 1749 1193 Groeca
1761 1155 1846 1193 urbs
1855 1166 1920 1197 est.
1939 1157 2053 1207 gVide
2073 1166 2200 1199 tamen
2216 1158 2264 1196 de

1231 1215 1269 1252 h.
1289 1214 1312 1252 l.
1333 1214 1526 1252 Niebuhr.
1546 1217 1594 1252 H.
1615 1218 1661 1252 R.
1688 1218 1720 1262 Ι,
1742 1228 1781 1265 p.
1813 1214 1892 1267 56.)
1921 1216 1977 1256 Cf.
2007 1219 2131 1266 Etym.
2150 1220 2203 1256 M.
2224 1230 2263 1258 v.

1233 1272 1379 1325 Ἀδρίας.
1401 1273 1476 1311 Sed
1495 1273 1572 1311 haec
1590 1273 1721 1311 omnia
1746 1274 1799 1311 nil
1823 1282 1978 1324 cogunt,
1997 1283 2042 1312 ut
2062 1289 2134 1327 pro
2152 1290 2285 1314 meh*

1234 1335 1302 1384 μοῦ
1324 1346 1412 1370 cum
1433 1331 1661 1371 Casaubono
1673 1333 1844 1384 legamus
1861 1331 2007 1377 πόλεως.

1713 1415 1800 1454 141.

1290 1486 1530 1538 Stephanus:
1549 1485 1714 1526 Λᾶδεστα
1725 1517 1736 1536 ,
1752 1485 1776 1534 ἢ
1800 1486 1992 1536 Λάδεστον,
2011 1487 2076 1539 μία
2109 1489 2179 1527 τῶν
2197 1489 2267 1530 Λι-

1236 1544 1404 1600 ὅυρνίδων
1421 1544 1538 1592 νήσων
1554 1561 1562 1569 ·
1581 1544 1793 1591 Θεόπομπος
1809 1545 1868 1584 κα’
1886 1547 2133 1588 Φιλιππικῶν.

1713 1627 1801 1666 142.

1291 1697 1500 1735 Athenaeus
1519 1699 1613 1745 XII,
1638 1710 1677 1749 p.
1711 1697 1800 1746 526,
1824 1700 1853 1737 F
1876 1711 1884 1734 :
1910 1699 1987 1737 Κάν
2010 1699 2055 1750 τῇ
2079 1695 2203 1751 πρώτῃ
2232 1694 2270 1735 δὲ

1237 1754 1323 1809 πρὸς
1341 1761 1418 1799 ταῖς
1437 1754 1547 1796 εἴκοσι
1563 1757 1634 1795 τῶν
1653 1757 1884 1795 Φιλιππικῶν
1901 1754 1942 1794 τὸ
1972 1758 2041 1794 τῶν
2062 1755 2268 1810 Ὀμὸρίκων

1239 1814 1343 1867 φησὶν
1360 1813 1472 1863 ἔθνος,
1491 1814 1566 1853 ἔστι
1595 1813 1632 1856 δὲ
1651 1813 1730 1868 περὶ
1750 1814 1810 1854 τὸν
1829 1815 1978 1869 Ἀδρίαν,
1996 1816 2157 1859 ἐπιεικῶς
2181 1807 2270 1856 εἶναι

1239 1872 1474 1928 ἁδροδίαιτον,
1493 1873 1752 1927 παραπλησίως
1777 1889 1815 1912 τε
1839 1873 2004 1926 βιοτεύειν
2034 1880 2106 1918 τοῖς
2126 1874 2269 1922 Λυδοῖς,

1238 1932 1358 1986 χώραν
1385 1949 1424 1971 τε
1448 1931 1541 1985 ἔχειν
1562 1931 1711 1985 ἀγαθὴν,
1729 1931 1805 1972 ὅθεν
1831 1935 2013 1987 προελθεῖν
2033 1935 2080 1978 εἷς
2105 1933 2270 1984 εὔδαιμο-

1239 1990 1328 2029 νίαν.

1716 2055 1802 2094 143.

1294 2123 1468 2161 AElianus
1500 2125 1548 2162 H.
1575 2126 1622 2161 A.
1650 2126 1776 2172 XVII,
1806 2123 1851 2160 16
1879 2138 1888 2160 :
1917 2120 2128 2173 Θεόπομπος
2154 2120 2271 2173 λέγει,

1240 2180 1319 2226 τοὺς
1334 2181 1413 2236 περὶ
1427 2181 1485 2220 τὸν
1496 2181 1631 2236 Ἀδρίαν
1644 2183 1823 2226 οἰκοῦντας
1832 2180 2008 2231 Ἐνετοὺς,
2023 2181 2105 2220 ὅταν
2121 2181 2201 2235 περὶ
2213 2181 2272 2220 τὸν

1241 2240 1365 2295 ἄροτον
1384 2240 1500 2294 τρίτον
1521 2241 1580 2279 καὶ
1597 2240 1727 2294 σπόρον
1741 2243 1763 2288 ἡ
1782 2239 1858 2294 ὥρα
1873 2234 1896 2294 ᾗ
1906 2271 1916 2289 ,
1932 2246 2004 2284 τοῖς
2021 2242 2169 2285 κολοιοῖς
2187 2241 2274 2279 ἀπο-

1241 2299 1398 2338 στέλλειν
1416 2301 1524 2354 δῶρα,
1542 2300 1596 2348 εἴη
1609 2301 1638 2338 δ’
1650 2299 1691 2339 ἂν
1702 2299 1747 2338 τὰ
1756 2300 1851 2354 δῶρα
1869 2298 2002 2354 ψαιστὰ
2014 2298 2115 2349 ἄττα,
2134 2298 2194 2338 καὶ
2212 2314 2275 2350 με-

1244 2359 1422 2411 μαγμέναι
1440 2361 1548 2411 μᾶζαι
1565 2361 1682 2404 καλῶς
1700 2375 1738 2400 τε
1753 2359 1813 2398 καὶ
1833 2353 1888 2398 εὗ·
1905 2357 2131 2412 βεὸούλευται
2150 2357 2186 2397 δὲ
2206 2358 2274 2412 ἄρα

1251 2492 1351 2523 maria
1363 2492 1408 2523 ait
1423 2491 1571 2524 cavernis
1584 2500 1640 2524 seu
1659 2491 1872 2524 foraminibus
1893 2491 2089 2532 quibusdam
2105 2491 2139 2523 in
2151 2492 2217 2524 imo
2232 2491 2274 2524 la·

1245 2539 1391 2572 tentibus
1410 2541 1498 2572 coire
1513 2564 1522 2580 ,
1551 2548 1590 2572 eo
1613 2541 1805 2581 argumento
1819 2563 1828 2579 ‚
1857 2539 1946 2580 quod
1971 2539 2052 2571 later
2077 2538 2216 2571 Thasius
2242 2538 2276 2570 et

1246 2586 1349 2618 Chius
1364 2587 1397 2618 in
1414 2589 1540 2619 Narone
1554 2586 1705 2619 inventus
1723 2586 1765 2618 sit
1782 2596 1789 2618 ε
1810 2588 1843 2619 et
1865 2586 1950 2627 quod
1966 2587 2143 2627 utrumque
2157 2591 2275 2617 marce

1247 2636 1355 2665 monte
1380 2634 1521 2674 quodam
1542 2634 1629 2665 cerni
1644 2634 1804 2672 affirmat,
1822 2635 1854 2665 et
1870 2633 1985 2664 insulis
2005 2631 2191 2665 Liburnicis
2207 2639 2274 2663 am·

1246 2680 1351 2712 bitum
1369 2681 1483 2714 statuit
1506 2681 1757 2720 quingentorum
1775 2679 1978 2719 stadiorum;
1996 2682 2028 2711 et
2045 2678 2132 2719 quod
2154 2680 2275 2713 Istrum

1247 2736 1313 2759 uno
1329 2727 1489 2761 ostiorum
1504 2735 1638 2758 suorum
1654 2727 1687 2759 iu
1703 2727 1837 2762 Adriam
1850 2726 1980 2759 effluere
1995 2725 2103 2758 tradit.

1720 2790 1806 2822 141.

1289 2846 1430 2879 Ladesta
1441 2870 1450 2886 ‚
1467 2846 1535 2879 sive
1552 2847 1729 2879 Ladestum
1741 2872 1750 2887 ,
1771 2857 1837 2880 una
1854 2857 1895 2880 ex
1915 2847 2030 2880 insulis
2045 2845 2276 2888 Libyrnidum,
2303 2874 2306 2876 ,

1247 2895 1288 2927 de
1303 2903 1368 2936 qua
1380 2895 1608 2935 Theopompus
1622 2894 1705 2926 libro
1717 2895 1875 2935 vigesimo
1887 2895 1994 2936 primo
2009 2894 2274 2935 Philippicorum.

1289 3010 1386 3043 Libro
1402 3019 1480 3042 vero
1499 3010 1603 3052 primo
1618 3011 1651 3043 et
1667 3010 1823 3042 vicesimo
1837 3010 2091 3051 Philippicorum
2103 3033 2114 3050 ‚
2138 3009 2275 3042 Umbm-

1249 3066 1322 3089 rum
1335 3057 1463 3097 gentem
1478 3056 1534 3095 ait,
1550 3057 1634 3088 circa
1650 3057 1849 3088 Adriaticum
1867 3065 1956 3089 mare
1971 3056 2164 3089 incolentem
2175 3079 2184 3096 ,
2201 3055 2276 3088 mol·
2294 3064 2295 3067 ’

1247 3104 1327 3136 litiei
1340 3103 1516 3136 admodum
1533 3112 1603 3135 esse
1615 3103 1759 3136 deditam
1774 3127 1783 3143 ‚
1802 3103 1952 3145 idemque
1971 3103 2047 3136 vitae
2059 3112 2161 3145 genus
2179 3105 2278 3144 atquo

1249 3151 1358 3192 Lydos
1372 3152 1548 3185 sectantem
1564 3160 1572 3182 z
1587 3151 1790 3192 incolereque
1803 3151 1938 3186 fertilem
1951 3150 2124 3192 regionem.
2136 3150 2222 3183 unde
2233 3148 2276 3182 ad
2288 3172 2295 3176 »

1247 3199 1444 3241 opulentiam
1460 3199 1526 3231 sint
1540 3199 1655 3232 evecti.

1718 3262 1733 3291 1
1742 3259 1789 3292 43
1796 3282 1804 3289 .

1289 3316 1518 3358 Theopompus
1532 3317 1673 3348 Venetos
1687 3315 1793 3356 inquit
1807 3315 1939 3347 Adriam
1955 3315 2135 3348 accolentes
2146 3339 2155 3356 ,
2173 3321 2275 3356 quum

1249 3362 1403 3395 arationis
1414 3362 1517 3395 tertiae
1533 3364 1566 3394 et
1583 3362 1735 3394 sementis
1756 3361 1911 3394 faciendae
1937 3363 2065 3402 tempus
2080 3360 2188 3399 adest,
2209 3367 2274 3392 mo·
2319 3390 2320 3401 γ

159 3397 250 3429 mihi.
270 3397 332 3430 Sed
354 3400 386 3430 et
408 3398 469 3430 alia
485 3408 600 3440 parum
616 3402 782 3436 credibilia
803 3406 946 3446 profert,
970 3407 1069 3441 veluti
1086 3417 1187 3450 quum
1215 3413 1224 3443 l
1250 3409 1376 3443 nedulis
1390 3410 1554 3452 placentas
1588 3409 1764 3451 quasdam,
1785 3412 1817 3441 et
1835 3417 1942 3441 mazas
1966 3407 2087 3449 optime
2114 3407 2275 3439 consectas
2318 3430 2320 3456 l
