2294 3704
755 140 821 182 DE
848 141 1126 182 ATTHIDUM
1154 142 1537 184 SCRIPTORIBUS.

2056 159 2196 187 Lxxxv

84 233 262 287 γμάτων
296 232 534 286 ἐσομένην,
571 231 661 272 ἀλλ’
695 232 736 277 ἐν
770 232 820 282 τῇ
857 227 1113 281 καθεστώσῃ
1175 230 1626 283 familiaritatem3quare
1647 232 1763 272 etiam
1781 232 2049 273 Callimachius
2066 237 2200 288 appel-

87 293 299 348 πολιτείᾳ.
349 292 576 332 vehementi
627 290 718 327 odio
757 295 1015 340 persequutus
1059 296 1117 324 est

87 353 325 391 Demetrium
337 351 578 390 Poliorceten
590 379 601 399 ,
629 348 696 399 qui
710 346 886 398 quamvis
900 345 1116 383 libertatem

87 411 384 450 Atheniensibus
402 410 599 456 redderet,
616 408 655 446 id
677 416 804 445 tamen
823 405 950 457 specie
970 413 1115 442 tantum

89 471 192 519 lecit,
206 483 338 510 revera
352 477 535 519 tyrannus
548 469 620 506 fuit
633 467 693 519 (fr.
710 481 724 503 1
734 467 809 516 48).
823 464 971 502 Eodem
988 464 1116 501 animo

89 530 160 568 fuit
182 531 222 568 in
251 529 439 568 Demetrii
465 529 610 576 filium,
643 526 878 576 Antigonum
905 527 1116 570 Gonatam‚

89 598 131 626 ut
165 589 232 639 qui
277 588 494 626 libertatem
527 585 817 626 Atheniensium
866 582 1115 634 opprimeret.

88 650 214 698 Atque
240 647 374 699 patriae
402 646 669 696 libertatisque
699 656 830 682 amore
851 649 1014 680 mortem
1042 640 1117 679 sibi

88 706 250 758 paravit.

462 766 742 784 ⁴0&—

517 811 678 850 ISTER.

140 883 277 922 Suidas
307 883 355 922 de
383 887 481 922 Istro
518 882 572 920 sic
605 880 769 920 scribit:
789 878 942 931 Ἴστρος,
970 874 1116 914 Μενάν-

87 942 189 995 δρου,
207 941 365 996 Ἴστρου,
387 943 587 995 Κυρηναῖος
608 939 630 987 ἢ
660 937 855 986 Μακεδὼν,
878 933 1115 989 συγγραφεὺς,

88 1001 325 1054 Καλλιμάχου
337 1002 455 1044 δοῦλος
470 1000 529 1039 καὶ
542 999 726 1054 γνώριμος.
736 997 944 1050 ”Ερμιππος
961 992 997 1032 δὲ
1012 993 1115 1032 αὐτόν

88 1073 174 1112 φησι
193 1060 332 1114 Πάφιον
363 1061 398 1098 ἐν
430 1061 480 1112 τῷ
514 1057 664 1111 δευτέρῳ
693 1059 762 1095 τῶν
793 1052 1059 1108 διαπρεψάντων
1080 1054 1114 1090 ἐν

86 1118 230 1173 παιδείᾳ
255 1118 399 1158 δούλων.
415 1117 579 1172 Ἔγραψε
593 1116 630 1157 δὲ
651 1115 766 1155 πολλὰ
785 1114 845 1154 καὶ
870 1112 1114 1164 καταλογάδην

87 1178 147 1216 καὶ
163 1180 366 1225 ποιητικῶς.

141 1239 318 1289 Toupius
344 1241 417 1289 Ep.
450 1237 534 1279 crit,
556 1251 594 1288 p.
627 1242 695 1282 141
721 1242 852 1274 censet
873 1245 946 1285 pro
969 1230 1116 1271 Μενάν-

87 1298 169 1351 δρου
178 1296 344 1350 ,Ἴστρου
370 1297 617 1335 scribendum
649 1309 730 1333 esse
755 1293 960 1346 Μενάνδρου
982 1293 1114 1344 ἱστορι-

86 1361 326 1396 κοῢ;οοιιῑι·ιι
350 1370 466 1408 quem
492 1355 655 1395 Siebelis
681 1363 785 1393 recte
816 1360 969 1397 monet,
991 1364 1116 1402 neque

86 1419 342 1454 Menandrum
365 1417 565 1466 Ephesium
594 1427 720 1465 neque
739 1411 997 1451 Menandrum
1018 1413 1113 1447 Per--

87 1489 310 1527 gamenum,
333 1489 431 1526 quos
450 1474 607 1512 Vossius
630 1473 730 1511 inter
751 1471 957 1509 historicos
981 1469 1116 1506 incerti

84 1536 159 1573 aevi
188 1535 327 1582 refert,
365 1547 454 1572 cum
490 1533 618 1583 aliqua
651 1529 930 1583 probabilitate
965 1536 1114 1579 patrem

74 1594 209 1632 -tribui
244 1606 356 1644 posse
391 1596 491 1630 Istro
526 1593 731 1640 Cyrenoe05
762 1588 911 1626 mavult
938 1601 1028 1625 vero
1065 1588 1116 1624 ita

1171 290 1271 328 latur
1287 291 1441 340 (Athen.
1456 305 1519 340 v1,
1542 305 1591 329 πο
1614 306 1651 343 p.
1670 306 1767 341 2723
1786 307 1850 342 1x‚
1867 307 1905 343 9,
1926 307 1963 344 p.
1980 294 2087 343 387).

1222 349 1322 386 Hinc
1353 350 1498 387 clarum
1542 359 1600 388 est
1633 364 1710 401 qna
1740 359 1851 390 aetate
1884 354 1984 389 Ister
2021 353 2163 390 vixerit
2187 368 2197 391 z

1171 406 1303 443 eadem
1324 408 1526 455 nimirum,
1544 423 1620 460 qua
1639 411 1916 460 Callimachus,
1942 411 2009 462 qui
2031 412 2197 450 maxime

1171 464 1301 502 floruit
1322 476 1504 516 regnante
1525 469 1730 507 Ptolemaeo
1756 473 1946 520 Euergera
1971 470 2032 509 01.
2062 472 2154 517 133,
2172 485 2194 508 2

1170 525 1315 573 --139,
1338 529 1372 568 4.
1391 525 1497 562 Idem
1513 527 1626 564 etiam
1642 528 1732 566 inde
1747 530 1953 580 colligitur,
1975 529 2078 580 quod
2098 542 2195 567 con-

1172 588 1229 618 tra
1248 584 1390 619 Istrum
1412 584 1564 633 scripsit
1590 587 1763 635 Polemo,
1785 589 1852 638 qui
1874 587 2006 625 floruit
2027 601 2197 639 regnan-

1175 639 1276 677 tibus
1301 641 1505 678 Ptolemaeo
1534 643 1783 695 Philopatore
1806 655 1844 684 et
1875 647 2078 698 Epiphane
2110 647 2197 699 (Ol.

1178 699 1295 748 ι39,4
1313 726 1364 734 -.-
1378 706 1470 750 149,
1488 701 1538 753 4).
1559 703 1617 740 Cf.
1641 705 1943 743 PrellerPolem.
1959 705 2092 757 fragm.
2106 720 2144 758 p.
2161 708 2196 743 8.

1554 793 1818 810 ⁴0⁶——

1214 854 1283 893 DE
1312 855 1564 896 OPERIBUS
1593 857 1783 898 HORUM
1812 843 2157 902 SCRIPTORUM.

1223 937 1427 976 Atthidum
1448 939 1654 989 scriptores
1667 968 1676 985 ‚
1695 953 1858 989 quorum
1879 942 1977 980 vitas
1999 945 2198 982 enarravi-

1171 1009 1266 1042 nius,
1283 1010 1515 1048 quamquam
1530 1012 1607 1035 non
1623 998 1754 1036 eadem
1774 1013 1905 1038 omnes
1922 1010 2031 1039 aetate
2047 1003 2201 1041 eodem—

1170 1068 1243 1105 que
1264 1057 1418 1107 ingenio
1434 1058 1689 1107 scripserunt,
1706 1059 1746 1095 in
1770 1059 1950 1097 universa
1967 1069 2091 1098 tamen
2113 1070 2199 1099 stu-

1169 1114 1322 1153 diorum
1351 1117 1498 1154 ratione
1524 1118 1576 1154 ita
1607 1118 1871 1166 consentiunt,
1899 1127 1943 1156 ut
1973 1121 2093 1158 multa
2124 1121 2200 1158 dici

1170 1174 1330 1225 possint,
1345 1188 1466 1226 quum
1481 1175 1528 1213 ad
1545 1176 1721 1214 Atthides
1738 1185 1820 1214 tum
1837 1177 1885 1215 ad
1904 1179 2048 1229 reliqua
2066 1194 2199 1218 eorum

1169 1234 1312 1285 scripta
1329 1235 1562 1284 pertinentia
1575 1264 1585 1282 ‚
1607 1249 1693 1286 quae
1711 1236 1750 1273 in
1774 1249 1905 1274 omnes
1922 1251 2029 1287 aeque
2050 1238 2198 1276 cadant.

1169 1293 1308 1330 'l'otum
1333 1292 1405 1331 hoc
1423 1294 1796 1345 scriptorumgenus
1813 1296 1852 1332 in
1868 1295 1984 1333 rebus
2000 1298 2204 1347 antiquita-

1171 1349 1348 1401 tibusque
1373 1354 1535 1404 Graecis,
1562 1354 1753 1404 imprimis
1776 1368 1871 1392 vero
1899 1356 2056 1404 Atticis,
2089 1356 2202 1395 docte

1169 1411 1419 1463 adhibitaque
1438 1422 1519 1452 arte
1536 1415 1669 1452 critica
1688 1414 1927 1465 exponendis
1942 1424 2140 1464 versatur,
2163 1417 2202 1454 in

1170 1485 1292 1522 eaque
1310 1487 1351 1510 re
1373 1473 1538 1511 maxime
1555 1487 1595 1511 se
1616 1474 1787 1524 applicat
1807 1473 1854 1511 ad
1870 1475 2126 1525 exquirendas
2143 1489 2203 1513 res

1169 1530 1476 1581 antiquissimas,
1508 1532 1557 1570 ad
1583 1533 1736 1582 mythos
1757 1533 2072 1584 interpretandos
2097 1543 2135 1571 et
2154 1536 2203 1572 ad

1168 1591 1438 1640 persequenda
1453 1592 1595 1640 omnia,
1617 1605 1699 1642 quae
1713 1606 1800 1629 cum
1818 1592 1977 1630 deorum
1993 1594 2099 1631 cultu
2113 1609 2205 1632 con-

86 1653 310 1692 emendari:
330 1650 485 1704 Ἴστρος·
502 1649 706 1703 Μενάνδρου
723 1647 745 1694 ἢ
765 1644 926 1699 Ἴστρου,
946 1646 1009 1684 cui
1026 1647 1117 1684 scri-
1164 1647 1299 1698 juncta
1315 1658 1405 1687 sunt
1427 1663 1548 1701 eaque
1573 1665 1659 1702 quae
1682 1651 1731 1689 ad
1762 1660 1861 1690 artes
1886 1660 1924 1690 et
1954 1653 2083 1691 literas
2113 1667 2202 1704 spe-

86 1721 210 1764 pturae
230 1711 468 1750 simillimum
486 1710 536 1747 sit
549 1709 652 1759 quod
672 1707 777 1759 apud
793 1706 947 1746 Suidam
966 1719 1000 1744 v.
1013 1706 1116 1743 Καλ-

85 1770 245 1818 λισθένης
278 1771 437 1822 legatur.
468 1768 577 1807 Idem
607 1767 797 1814 ostendit,
826 1779 913 1817 quae
946 1765 993 1802 de
1027 1765 1114 1802 Istri

85 1831 213 1882 patria
233 1830 336 1881 apud
359 1829 516 1867 Suidam
543 1827 744 1865 tradantur
768 1825 942 1870 diversa,
960 1824 1062 1861 inter
1076 1837 1115 1861 se

86 1890 283 1929 conciliari
300 1901 435 1940 posse3
451 1900 577 1938 neque
594 1888 754 1934 Istrum,
774 1885 841 1936 qui
865 1898 886 1922 a
908 1884 1115 1922 Plutarcho

89 1951 246 2001 (Quaest.
259 1953 339 1993 Gr„
351 1962 388 1999 p.
404 1946 484 1999 301)
494 1945 940 1990 dicaturAlexandrinus‚
950 1956 971 1980 a
981 1951 1115 1980 nostro

86 2009 267 2048 differre:
290 2011 465 2058 Cyrenen
489 2007 592 2044 enim
608 2019 696 2044 eum
723 2004 906 2042 habuisse
930 2003 1114 2054 patriam,

85 2069 176 2108 inde
210 2082 298 2107 cum
335 2068 569 2106 Callimacho
599 2066 874 2104 Alexandriam
912 2065 1114 2115 migrasse,

86 2129 174 2167 hinc
193 2129 386 2180 Paphum,
400 2127 536 2165 urbem
553 2126 670 2178 Cypri
685 2126 839 2173 insulae,
864 2137 950 2175 quae
967 2124 1007 2161 in
1026 2128 1112 2162 Pto-

86 2189 211 2226 lemaei
231 2195 420 2239 potestate
441 2187 557 2224 fuerit
570 2215 580 2233 ‚
602 2192 864 2222 transvectum
881 2196 962 2221 esse
982 2182 1113 2234 ibique

87 2248 328 2298 aliquantum
343 2246 527 2296 temporis
542 2244 767 2295 transegisse
782 2242 998 2295 putandum
1013 2256 1112 2280 esse:

87 2308 159 2346 hac
200 2319 248 2344 ex
279 2318 394 2343 causa
425 2318 513 2342 enm
550 2303 667 2340 modo
708 2305 961 2352 Cyrenaeum,
998 2301 1114 2339 modo

86 2364 413 2411 Alexandrinum,
442 2362 560 2400 modo
591 2361 802 2412 Paphium,
834 2360 950 2398 modo
979 2363 1113 2398 Mace-

89 2427 228 2465 donem
252 2424 414 2478 (qtrippe
438 2425 628 2472 AEgyptus
649 2419 928 2458 Macedonibus
944 2418 1115 2469 subjecta

88 2488 195 2536 erat)
231 2484 419 2537 appellari
448 2481 633 2536 potuisse.
672 2484 763 2520 Haec
793 2479 922 2518 omnia
954 2487 998 2517 ut
1032 2479 1114 2518 Sie-

85 2543 164 2582 beli
193 2542 440 2582 concedenda
464 2549 571 2590 sunt,
590 2541 642 2579 ita
672 2540 712 2577 in
741 2553 788 2577 eo
812 2551 968 2589 quoque
989 2538 1023 2575 ei
1048 2551 1114 2576 as-

87 2604 223 2642 sentiri
250 2602 458 2650 debemus,
479 2601 584 2651 quod
612 2604 754 2638 Istrum
787 2599 1046 2646 Calatianum‚
1067 2598 1114 2635 de

88 2675 166 2712 quo
195 2661 327 2713 Steph.
354 2664 440 2711 Byz.
461 2661 515 2698 sic
541 2659 674 2697 scribit
702 2674 710 2696 :
733 2655 906 2705 Κάλατις,
932 2655 1112 2707 πολίχνιον

88 2722 124 2759 ἐν
144 2723 188 2773 τῇ
204 2719 364 2773 παραλίᾳ
386 2723 446 2758 τοῦ
464 2717 616 2767 Πόντου,
634 2717 692 2772 ἀφ’
710 2712 749 2756 οῧ
766 2716 901 2769 Ἴστρος
922 2716 1113 2754 Καλατια-

87 2779 159 2826 νὸς,
173 2779 253 2834 περὶ
271 2778 466 2833 τραγῳδίας
484 2777 621 2832 γράψας
637 2777 744 2816 καλὸν
770 2775 917 2829 βιὸλίον,
931 2789 953 2813 a
970 2779 1113 2814 Nostro

87 2839 301 2890 distinguit.
331 2839 406 2878 Sed
440 2852 557 2889 quum
585 2842 683 2876 Ister
710 2837 927 2875 Calatianus
959 2835 1005 2873 de
1033 2845 1112 2873 tra-

89 2899 213 2950 goedia
243 2898 440 2949 scripserit
460 2926 470 2943 ‚
511 2898 751 2948 suspicamur
792 2910 840 2933 ex
881 2896 955 2933 hoc
993 2908 1113 2946 opere

89 2967 242 3010 sumpta
270 2972 351 2996 esse
379 2971 465 3008 quae
494 2958 532 2994 in
557 2957 647 2997 Vita
678 2955 880 3007 Sophoclis
912 2958 1010 2992 Istro
1041 2956 1111 2993 tri-

89 3017 261 3055 buuntur
276 3018 336 3068 (fr.
355 3016 435 3068 51),
457 3016 701 3066 eundemque
719 3019 862 3053 Istrum
876 3015 1110 3053 Calatianum

89 3084 285 3114 auctorem
333 3089 414 3113 esse
464 3076 592 3126 operis
635 3075 740 3126 quod
783 3074 1010 3125 inscriptum
1056 3083 1113 3112 est

89 3134 283 3174 Μελοποιοί
296 3135 377 3186 (49,
397 3135 450 3184 4).

140 3197 238 3231 Ister
268 3194 385 3231 fuisse
417 3193 560 3230 dicitur
589 3206 722 3230 servus
751 3201 788 3230 et
820 3193 966 3230 amicus
992 3193 1111 3231 Calli-

90 3253 236 3298 machi3
265 3252 368 3303 quod
393 3253 446 3290 ita
474 3252 761 3302 intelligendum
791 3260 871 3299 est,
902 3260 943 3290 ut
965 3253 1111 3302 cogite-

89 3325 193 3358 mus,
222 3324 310 3348 eum
341 3311 509 3362 primum
538 3312 760 3350 Callimachi
797 3325 952 3350 servum
977 3312 1110 3359 fuisse,

91 3370 230 3410 deinde
247 3369 296 3407 ab
315 3369 387 3407 hoc
407 3370 599 3408 eruditum
618 3383 699 3408 esse
726 3371 764 3408 in
782 3371 939 3423 ejusque
962 3371 1110 3408 venisse

1170 1716 1286 1746 etant.

1223 1768 1351 1806 Atthis
1368 1777 1425 1805 est
1439 1768 1550 1816 liber,
1568 1769 1606 1807 in
1620 1783 1699 1820 quo
1717 1784 1777 1808 res
1794 1771 1928 1808 Atticae
1942 1779 2202 1822 exponuntur.

1169 1829 1303 1877 Neque
1321 1827 1457 1865 dubito
1477 1829 1568 1878 quin
1583 1830 1663 1879 jam
1683 1830 1758 1880 ipsi
1777 1830 1975 1868 Atthidum
1995 1831 2203 1882 scriptores

1170 1900 1302 1924 vocem
1324 1886 1433 1929 ’Λτθίς
1453 1901 1525 1939 pro
1551 1887 1661 1931 Ἀτθὶς
1683 1888 1889 1941 συγγραφή,
1910 1898 1952 1927 ut
1975 1890 2070 1928 dicit
2098 1894 2202 1929 Pau·-

1169 1946 1292 1984 sanias
1309 1949 1374 1992 VI,
1392 1962 1411 1994 7
1426 1962 1436 1994 ;
1453 1950 1504 1994 X,
1523 1947 1560 1993 8,
1580 1950 1863 1999 usurpaverint,
1883 1962 2003 1999 quum
2019 1950 2204 2001 antiquis-

1168 2006 1254 2043 simi
1279 2020 1435 2053 eorum,
1462 2007 1528 2057 qui
1554 2008 1731 2046 Atthides
1752 2008 1930 2056 laudant,
1956 2009 2029 2047 hoc
2048 2012 2203 2048 nomine

1168 2073 1338 2112 utantur,
1354 2075 1396 2106 ut
1412 2066 1551 2105 Strabo
1567 2067 1620 2105 IX
1635 2082 1669 2119 p.
1682 2069 1753 2104 601
1774 2068 1960 2119 (Philoch.
1977 2069 2110 2119 fragm.
2123 2070 2201 2120 35),

1168 2125 1377 2175 Dionysius
1398 2126 1517 2163 Halic.
1541 2135 1632 2163 tom.
1656 2130 1706 2177 ΙΙ,
1727 2141 1765 2178 p.
1793 2141 1862 2164 122
1885 2127 1990 2178 Sylb.
2012 2129 2199 2178 (Philoch.

1169 2184 1214 2221 fr.
1243 2184 1354 2233 132),
1382 2193 1471 2222 tom.
1492 2188 1549 2227 11,
1574 2199 1612 2235 p.
1642 2187 1712 2222 123
1737 2186 1921 2236 (Philoch.
1943 2187 1991 2224 fr.
2018 2187 2121 2231 135).
2158 2191 2201 2225 In

1169 2243 1227 2281 his
1240 2243 1463 2281 Atthidibus
1485 2257 1545 2281 res
1562 2245 1614 2281 ita
1628 2252 1841 2282 tractantur
1854 2275 1864 2295 ,
1881 2254 1924 2282 ut
1942 2247 2070 2296 potius
2088 2248 2201 2284 colle-

1169 2311 1302 2340 ctanea
1320 2302 1574 2340 exhibeantur
1593 2317 1708 2354 quam
1722 2318 1814 2342 vera
1827 2305 1963 2342 Atticae
1976 2306 2144 2344 historia.
2161 2306 2200 2343 Si

1168 2363 1269 2399 enim
1295 2362 1375 2399 haec
1400 2375 1520 2413 opera
1537 2376 1806 2414 comparamus
1826 2377 1914 2401 cum
1939 2364 1986 2401 iis
2005 2378 2090 2414 quae
2110 2378 2200 2402 vera

1168 2430 1249 2459 arte
1267 2421 1450 2459 historica
1472 2423 1685 2472 composita
1704 2432 1807 2468 sunt,
1827 2423 1867 2460 id
1882 2423 2054 2460 videmus
2070 2423 2201 2460 discri-

1168 2482 1294 2530 minis,
1316 2482 1420 2532 quod
1437 2483 1476 2519 in
1495 2483 1554 2521 his
1570 2484 1734 2522 interior
1753 2497 1882 2522 rerum
1898 2497 2018 2521 nexus
2036 2484 2199 2521 maxima

1168 2555 1256 2579 cum
1275 2555 1365 2579 cura
1388 2541 1611 2592 indagatur,
1641 2551 1858 2594 temporum
1888 2543 2057 2580 conditio
2077 2542 2198 2580 homi-

1168 2614 1338 2651 numque
1365 2615 1492 2640 mores
1524 2603 1699 2640 sollerter
1727 2603 1987 2654 explicantur,
2010 2602 2197 2651 virorum,

1168 2661 1234 2711 qui
1248 2661 1394 2711 aliquas
1410 2670 1538 2712 partes
1551 2662 1721 2700 in-rebus
1735 2661 1907 2712 gerendis
1924 2669 2053 2710 agunt,
2069 2661 2198 2699 vivida

1168 2719 1374 2758 exhibetur
1393 2721 1533 2772 image,
1551 2724 1640 2773 ipsae
1654 2736 1714 2759 res
1728 2730 1842 2772 gestae
1857 2721 2053 2758 enucleate
2071 2734 2114 2758 ac
2128 2722 2200 2759 ele-

1167 2789 1302 2831 ganter
1317 2779 1580 2830 depinguntur
1601 2781 1805 2830 omniaque
1821 2779 1900 2816 haec
1914 2778 1961 2815 ad
1976 2792 2095 2816 unum
2111 2794 2199 2817 cor-

1168 2853 1239 2890 pus
1273 2838 1453 2877 omnibus
1484 2839 1659 2890 partibus
1699 2838 1917 2876 absolutum
1952 2837 2198 2876 efficiendum

1167 2898 1478 2949 conjunguntur3
1502 2899 1540 2935 in
1563 2899 1637 2935 illis
1656 2910 1749 2935 vero
1766 2895 1990 2934 Atthidibus
2008 2897 2103 2935 nihil
2123 2898 2197 2936 nisi

1166 2958 1320 2995 annales
1340 2957 1623 3007 deprehendes,
1650 2956 1790 3006 quibus
1806 2969 1865 2993 res
1884 2957 2001 2995 variae
2020 2958 2101 2995 sine
2121 2959 2197 2997 ulla

1167 3017 1390 3054 necessitate
1404 3029 1586 3052 connexae
1600 3015 1809 3052 secundum
1825 3023 2042 3066 temporum
2059 3018 2196 3056 seriem

1166 3076 1268 3113 nude
1285 3083 1541 3125 exponuntur.
1569 3074 1825 3112 Nihilominus
1853 3075 1997 3113 habent
2023 3076 2087 3114 isti
2106 3078 2197 3115 seri-

1166 3143 1296 3185 ptores
1315 3134 1446 3180 multa,
1467 3146 1551 3182 quae
1571 3146 1708 3183 magna
1723 3133 1836 3170 laude
1855 3133 1969 3185 digna
1986 3135 2073 3174 sint.

1219 3192 1427 3230 Historiam
1446 3191 1495 3228 ab
1512 3191 1707 3229 hominum
1728 3202 1815 3230 ortu
1834 3206 1955 3243 usque
1970 3194 2018 3231 ad
2037 3194 2075 3231 id
2097 3202 2194 3232 tem-

1165 3265 1250 3301 pus,
1269 3263 1347 3299 quo
1362 3250 1435 3299 ipsi
1447 3250 1599 3299 florent,
1611 3250 1817 3300 deducunt,
1835 3252 1898 3289 sed
1915 3260 2055 3302 praeter
2071 3253 2194 3304 ipsam

1166 3308 1363 3347 historiam
1405 3309 1559 3347 tradunt
1590 3324 1675 3361 quae
1708 3310 1757 3348 de
1792 3310 1952 3348 deorum
1984 3312 2107 3358 cultu,
2146 3311 2194 3350 de

1166 3370 1349 3409 festorum
1371 3370 1534 3421 origine,
1556 3370 1603 3408 de
1622 3371 1830 3420 sacrificiis,
1857 3371 1904 3409 (le
1919 3372 2102 3410 institutis
2119 3385 2194 3424 pu-
