2320 3684
617 112 951 156 APOLLODORI
968 108 1332 167 memofflncAE
1349 112 1422 163 111,
1455 117 1493 163 6,
1526 119 1563 153 ⁷.

39 222 97 252 τος
115 204 152 246 δὲ
171 208 276 246 αὖτοῧ
294 204 474 257 κειμένου,
490 201 587 255 παρὰ
601 200 682 244 Διὸς
701 198 920 250 αἰτησαμένη
941 197 1068 244 Ἀθηνᾶ

39 266 226 321 φάρμακον
257 265 402 317 ἤνεγκε,
433 264 476 302 δι’
508 257 547 301 οὗ
581 266 692 300 ποιεῖν
722 258 866 311 ἔμελλεν
895 256 1066 295 ἀθάνατον

40 324 157 364 αὐτόν.
174 323 405 378 4Ἀμφιάραος
424 321 460 361 δὲ
477 318 678 372 αἰσθόμενος
692 321 807 366 τοῦτο,
827 317 939 368 μισῶν
951 313 1070 354 Τυδέα

41 383 94 423 ὅτι
110 383 207 438 παρὰ
225 383 288 431 τὴν
314 381 444 421 ἐκείνου
459 378 606 431 γνώμην
629 376 823 431 εἰςιΘήὸας
847 374 963 413 ἔπεισε
990 371 1070 415 τοὺς

41 442 215 496 Ἀργείους
244 438 511 495 στρατεύεσθαι,
542 438 607 485 τὴν
642 435 876 475 Μελανίππου
911 429 1068 486 κεφαλὴν

42 499 227 552 ἀποτεμὼν
254 498 380 537 ἔδωκεν
412 499 528 550 αὐτῷ·
559 494 847 550 (τιτρωσκόμενος
879 489 915 530 δὲ
938 488 1072 533 Τυδεὺς

41 558 192 598 ἔκτεινεν
212 556 345 607 αὐτόν.)
363 555 427 596 5‘0
447 554 483 594 δὲ
494 553 630 604 διελὼν,
649 554 708 592 τὸν
723 553 913 606 ἐγκέφαλον
932 547 1070 602 ἐξερρό-

41 633 150 672 φησεν
180 615 296 656 αὐτόν.
315 616 382 659 “Ως
415 613 451 653 δὲ
479 607 567 653 εἶδεν
589 613 736 661 Ἀθηνᾶ,
763 612 983 663 μυσαχθεῖσα
1007 607 1071 655 τὴν

41 674 238 731 εὐεργεσίαν
269 673 398 727 ἐπέσχε
416 689 454 711 τε
473 672 533 711 καὶ
562 670 761 726 ἐφθόνησεν.
784 666 1016 721 θἈμφιαράῳ
1037 665 1074 704 δὲ

42 733 203 787 φεύγοντι
217 733 315 788 παρὰ
332 731 492 783 ποταμὸν
511 730 691 783 Ἰσμηνὸν,
712 728 793 783 πρὶν
815 727 882 766 ὑπὸ
900 727 1075 780 Περικλυ-

0 802 2 805 ’
45 794 151 846 μένου
170 792 215 832 τὰ
230 795 325 831 νῶτα
344 794 460 846 τρωθῇ
474 821 484 840 ,
503 789 590 834 Ζεὺς
602 788 767 843 κεραυνὸν
791 786 906 840 βαλὼν
927 785 990 832 τὴν
1007 787 1073 836 γῆν

43 851 235 901 διέστησεν.
255 850 301 890 Ὁ
332 848 368 888 δὲ
386 848 448 888 σὺν
468 851 519 903 τῷ
536 848 669 903 ἅρματι
694 847 754 886 καὶ
780 848 831 900 τῷ
850 843 984 897 ἡνιόχῳ
1003 843 1076 882 Βά-

42 926 147 960 τωνι,
174 912 221 954 ὣς
246 907 282 948 δὲ
311 907 415 958 ἔνιοι,
434 908 671 960 Ἐλαττωνῷ,
695 904 872 960 ἐκρύφθη,
901 902 961 941 καὶ
989 900 1076 944 Ζεὺς

44 969 216 1009 ἀθάνατον
235 967 338 1007 αὐτὸν
357 967 532 1015 ἐποίησεν.
553 964 760 1020 7Ἄδραστον
785 963 821 1002 δὲ
840 962 944 1014 μόνον
970 959 1077 1004 ἵππος

47 1026 207 1067 διέσωσεν
241 1026 377 1082 Ἀρίων.
415 1028 551 1065 Τοῦτον
587 1025 628 1064 ἐκ
662 1023 883 1065 Ποσειδῶνος
914 1019 1076 1071 ἐγέννησε

44 1085 218 1140 Δημήτηρ
249 1086 449 1124 εἰκασθεῖσα
467 1082 605 1138 Ἐρινύϊ
627 1082 719 1122 κατὰ
733 1081 796 1128 τὴν
816 1078 1012 1119 συνουσίαν.

419 1245 641 1276 ΚΕΦΑΛῙΟΝ
657 1243 701 1275 Ζ’.

99 1315 155 1366 (1)
177 1313 300 1369 Κρέων
316 1313 439 1363 δὲ,τὴν
460 1312 630 1360 Θηὸαίων
650 1311 827 1365 βασιλείαν
848 1308 1078 1364 παραλαὸὼν,

16 1404 19 1405 ⁷
46 1372 123 1418 τοὺς
139 1376 209 1412 τῶν
229 1372 390 1428 Ἀργείων
408 1371 553 1427 νεκροὺς
571 1371 709 1426 ἔρριψεν
728 1370 899 1423 ἀτάφους,
924 1369 984 1407 καὶ
1007 1384 1078 1415 κη-

47 1431 148 1484 ρύξας
166 1432 299 1485 μηδένα
317 1430 639 1486 θάπτειν,φύλακας
654 1428 884 1476 κατέστησεν.
894 1433 910 1456 2
923 1426 1080 1479 Ἀντιγό-

45 1505 88 1538 νη
106 1488 162 1539 δὲ,
187 1489 252 1542 μία
268 1492 338 1528 τῶν
357 1489 544 1533 Οἰδίποδος
562 1487 775 1542 θυγατέρων,
801 1485 917 1541 κρύφα
946 1486 986 1525 τὸ
1006 1489 1081 1526 Πο-

46 1549 225 1593 λυνείκους
241 1551 346 1600 σῶμα
363 1547 523 1600 κλέψασα
549 1546 671 1600 ἔθαψε·
698 1546 758 1585 καὶ
788 1548 987 1600 φωραθεῖσα
1014 1545 1081 1584 ὑπὸ

47 1607 232 1661 Κρέοντος,
244 1608 349 1646 αὐτοῦ
365 1609 415 1659 τῷ
431 1606 532 1660 τάφῳ
547 1607 642 1651 ζῶσα
653 1604 860 1659 ἐνεκρύφθη.
875 1601 1082 1657 3Ἄδραστος

47 1666 84 1707 δὲ
100 1669 147 1711 εἷς
165 1666 308 1714 Ἀθήνας
328 1664 556 1718 ἀφικόμενος,
574 1665 632 1704 ἐπὶ
648 1663 707 1703 τὸν
729 1663 856 1703 Ἐλέου
873 1663 993 1714 βωμὸν
1011 1679 1081 1702 κα-

47 1725 192 1780 τέφυγε,
223 1724 283 1764 καὶ
305 1724 490 1779 .ἱκετερίαν
526 1723 614 1774 θεὶς,
637 1722 734 1771 ἠξίου
758 1722 901 1761 θάπτειν
927 1721 1006 1766 τοὺς
1027 1738 1083 1761 νε-

48 1783 160 1839 κρούς.
175 1784 191 1809 ⁴
203 1786 249 1824 Οἱ
262 1782 299 1822 δὲ
318 1783 492 1831 Ἀθηναῖοι
509 1782 598 1835 μετὰ
614 1781 764 1830 Θησέως
783 1779 1059 1836 στρατεύσαντες
1071 1813 1080 1830 ,

49 1845 184 1897 αἱροῦσι
209 1842 334 1890 Θήὸας
345 1873 355 1891 ,
374 1846 433 1881 καὶ
447 1841 526 1886 τοὺς
538 1840 679 1896 νεκροὺς
694 1847 765 1885 τοῖς
784 1840 921 1884 οἰκείοις
945 1838 1082 1879 διδόασι

49 1902 167 1956 θάψαι.
187 1903 291 1949 5Τῆς
311 1899 347 1939 δὲ
362 1900 558 1945 Καπανέως
576 1899 765 1952 καιομένης
787 1906 916 1954 πυρᾶς,
939 1899 1080 1947 Εὖάδνη

48 1963 71 2009 ἡ
88 1960 283 2004 Καπανέως
303 1959 365 2011 μὲν
396 1959 504 2011 γυνὴ,
539 1959 694 2012 θυγάτηρ
726 1957 762 1997 δὲ
794 1957 924 2013 Ἴφιος,
955 1957 1082 2004 ἑαυτὴν

50 2012 206 2073 βαλοῦσα
223 2018 504 2071 συγκατεκαίετο.

103 2079 159 2130 (2)
178 2078 280 2118 Μετὰ
299 2076 336 2117 δὲ
358 2077 419 2126 ἔτη
441 2077 539 2126 δέκα,
560 2080 591 2116 οἱ
611 2079 681 2116 τῶν
704 2076 930 2128 ἀπολομένων
949 2077 1082 2125 παῖδες,

49 2138 233 2186 κληθέντες
254 2139 455 2190 Ἐπίγονοι,
490 2137 690 2188 στρατεύειν
719 2138 776 2176 ἐπὶ
806 2138 931 2186 Θήὸας
965 2153 1082 2191 προῃ-

51 2201 171 2251 ροῦντο
183 2228 193 2247 ,
227 2197 286 2236 τὸν
323 2199 391 2236 τῶν
426 2197 586 2250 πατέρων
627 2197 774 2236 θάνατον
809 2196 1083 2251 τιμωρήσασθαι

52 2255 266 2308 βουλόμενοι.
287 2255 378 2295 2Καὶ
400 2255 668 2307 μαντευομένοις
688 2257 803 2300 αὐτοῖς
818 2259 835 2294 ὃ
852 2255 925 2299 θεὸς
940 2255 1082 2293 ἐθέσπι-

50 2329 90 2353 σε
112 2315 212 2363 νίκην
233 2314 470 2366 Ἀλκμαίωνος
493 2313 702 2365 ἡγουμένου.
718 2315 735 2340 ³
750 2313 796 2353 Ὁ
827 2311 889 2365 μὲν
916 2308 974 2352 οὖν
1002 2313 1083 2352 Ἀλ-

49 2373 186 2425 κμαίων
203 2377 363 2425 ἡγεῖσθαι
392 2376 457 2420 τῆς
475 2372 662 2427 στρατείας
677 2374 717 2410 οὗ
749 2371 979 2424 βουλόμενος,
999 2372 1081 2426 πρὶν

46 2432 210 2472 τίσασθαι
236 2432 299 2481 τὴν
326 2432 484 2495 μητέρα,
510 2431 605 2484 ὅμως
639 2430 877 2485 στρατεύεται.
910 2431 1083 2470 Λαὸοῦσα

50 2493 118 2548 γὰρ
139 2493 314 2548 Ἐριφύλη
333 2492 429 2548 παρὰ
446 2492 671 2547 Θερσάνδρου
689 2495 750 2530 τοῦ
773 2491 1006 2536 Πολυνείκους
1022 2492 1080 2531 τὸν

47 2551 197 2597 πέπλον,
216 2551 396 2591 συνέπεισε
415 2552 475 2591 καὶ
487 2551 567 2595 τοὺς
583 2551 710 2594 παῖδας
729 2550 989 2604 στρατεύεσθαι.
1010 2552 1081 2590 4οἱ

53 2607 89 2648 δὲ
105 2610 261 2662 ἡγεμόνα
279 2610 504 2663 Ἀλκμαίωνα
524 2612 702 2662 ἑλόμενοι,
725 2609 852 2656 Θήὸας
874 2609 1080 2662 ἐπολέμουν.

14 2717 27 2724 -
53 2662 188 2709 ὖ’Ἦσαν
205 2668 240 2708 δὲ
260 2671 291 2708 οἵ
311 2668 580 2724 στρατευόμενοι
599 2667 680 2708 οἵδε·
699 2668 896 2720 Ἀλκμαίων
915 2669 974 2707 καὶ
994 2669 1082 2720 Ἀμ-

53 2727 193 2782 φίλοχος
209 2728 446 2783 Ἀμφιαράου,
471 2727 657 2779 Αἰγιαλεὺς
675 2727 882 2781 Ἀδράστου·
902 2727 1083 2779 Διομήδης

54 2786 213 2831 Τυδέως·
235 2786 429 2841 Πρόμαχος
454 2786 740 2840 Παρθενοπαίου·
766 2785 933 2829 Σθένελος
954 2789 1083 2826 Καπα-

54 2843 145 2889 νέως·
163 2846 383 2900 Θέρσανδρος
395 2845 639 2889 Πολυνείκους·
658 2846 838 2899 Εὐρύαλος
857 2846 1080 2893 Μηκιστέως.

55 2902 108 2955 (3)
129 2899 237 2944 Οῧτοι
260 2906 398 2958 πρῶτον
423 2904 485 2956 μὲν
515 2907 682 2958 πορθοῦσι
715 2903 776 2948 τὰς
815 2903 913 2958 πέριξ
939 2903 1080 2956 κώμας,

51 2959 192 3012 ἔπειτα,
211 2965 281 3002 τῶν
307 2963 479 3011 Θηὸαίων
507 2961 723 3002 ἐπελθόντων
746 2963 1000 3015 Λαοδάμαντος
1019 2968 1080 3002 τοῦ

54 3017 278 3066 Ἐτεοκλέους
310 3023 524 3074 ἡγουμένου,
561 3021 727 3074 γενναίως
762 3022 948 3075 μάχονται.
983 3023 1081 3065 2Καὶ

55 3077 244 3132 ’Λαοδάμας
286 3080 347 3132 μὲν
389 3080 561 3132 Αἰγιαλέα
598 3081 744 3130 κτείνει,
774 3081 1012 3132 Λαοδάμαντα
1047 3081 1082 3120 δὲ

56 3134 265 3190 Ἀλκμαίων.
288 3140 358 3179 Καὶ
379 3140 469 3191 μετὰ
491 3140 550 3178 τὸν
576 3139 699 3178 τούτου
734 3140 894 3188 θάνατον,
927 3140 1082 3187 Θηὸαῖοι

56 3196 309 3251 συμφεύγουσιν
326 3200 373 3243 εἰς
388 3198 432 3237 τὰ
442 3198 555 3252 τείχη.
578 3199 777 3253 3Τειρεσίου
792 3198 828 3238 δὲ
850 3199 1005 3243 εἰπόντος
1021 3201 1083 3238 αὗ-

56 3260 128 3299 τοῖς
139 3255 225 3309 πρὸς
241 3255 303 3308 μὲν
324 3257 496 3311 Ἀργείους
518 3258 655 3311 κήρυκα
675 3258 754 3312 περὶ
783 3257 972 3302 διαλύσεως
990 3260 1083 3296 ἀπο-

55 3312 225 3363 στέλλειν,
245 3314 368 3359 αὖτοὺς
382 3315 417 3354 δὲ
437 3315 587 3369 φεύγειν,
610 3316 695 3369 πρὸς
715 3316 778 3367 μὲν
797 3316 877 3360 τοὺς
892 3316 1081 3367 πολεμίους

214 3391 406 3422 FRAGMENTA
429 3392 676 3423 Hrs‘ronrcon'uu.

2077 122 2144 154 161

1126 215 1228 247 quum
1254 209 1454 242 semianimis
1483 211 1601 252 iaceret
1614 236 1623 252 ,
1641 212 1787 244 Minerva
1807 220 1824 244 a
1841 213 1925 244 Jove
1943 212 2151 254 impetratum

1127 265 1304 298 remedium
1321 268 1440 309 attulit,
1453 278 1518 310 quo
1527 269 1620 302 illum
1636 269 1850 303 immortalem
1865 269 2021 303 redderet.
2034 276 2046 295 ⁴
2058 272 2151 309 Quod

1128 330 1230 362 quum
1245 326 1758 369 animadvertissetAmphiaraus,
1772 328 1918 369 Tydeum
1935 337 2067 370 exosus,
2076 338 2155 370 quo-

1129 381 1216 413 niam
1234 383 1356 424 praeter
1367 387 1559 419 sententiam
1575 397 1667 420 suam
1690 388 1827 429 Argivos
1839 389 1880 421 ad
1895 389 2017 422 bellum
2035 388 2155 421 Theba1

1129 448 1207 471 num
1221 443 1449 484 compulisset,
1465 445 1630 478 desectum
1648 446 1823 489 Melanippi
1838 450 1935 489 caput
1960 447 1989 479 ei
2007 446 2154 479 tradidit.

1132 499 1275 539 (Tydeus
1291 501 1390 541 enim,
1407 511 1508 542 quum
1527 505 1594 544 jam
1610 505 1803 538 vulneratus
1823 507 1918 542 esset,
1937 506 2157 547 Melanippum

1130 557 1358 600 interfecerat.)
1367 564 1381 583 Β
1390 563 1462 598 Quo
1474 561 1526 594 ille
1538 563 1646 595 diviso
1658 564 1823 596 cerebrum
1836 564 1916 596 adeo
1929 564 2106 597 exsorbuit.
2120 564 2159 597 Id

1131 617 1188 649 ubi
1204 617 1349 650 Minerva
1367 619 1610 661 animadvertit,
1627 622 1818 655 beneficium
1840 623 1869 656 ei
1892 623 2042 656 invidens
2062 626 2158 656 retra-

1132 676 1242 708 ctavit.
1266 677 1485 719 ⁶A1nphiarao
1507 688 1583 712 vero
1607 681 1647 713 ad
1671 684 1836 714 Ismenum
1851 683 1988 714 fluvium
2005 682 2158 723 fugienti,

1132 735 1323 776 priusquam
1346 735 1380 767 in
1397 736 1542 768 humeris
1564 745 1583 768 a
1604 739 1824 779 Periclymeno
1840 740 1960 771 vulnus
1982 739 2159 780 acciperet,

1133 792 1275 825 demisso
1292 793 1332 826 ab
1348 796 1431 827 Jove
1446 795 1598 835 fulmine,
1615 798 1700 828 terra
1719 798 1876 838 dehiscit,
1900 800 1996 839 atque
2011 798 2064 830 ille
2084 806 2160 830 cum

1134 859 1232 882 curru
1252 852 1350 884 simul
1367 853 1400 885 et
1418 855 1540 885 Batone
1552 854 1661 895 auriga
1675 878 1684 894 ,
1706 855 1774 887 sive
1787 879 1796 895 ‚
1827 858 1863 887 ut
1880 856 2012 896 quidam
2029 855 2136 888 ferunt
2149 880 2158 890 ,

1134 910 1295 951 Elattono,
1308 913 1402 943 terrae
1417 911 1506 944 hiatu
1517 911 1690 954 absorptus
1703 916 1790 946 estet
1799 916 1905 946 aJove
1920 914 2160 946 immortalitate

1134 968 1348 1002 condonatus.
1363 969 1472 1002 ⁷Solus
1485 970 1643 1003 Adrastus
1653 971 1770 1003 Arione
1780 981 1863 1012 equo
1878 974 1992 1005 vectus
2007 973 2039 1004 in
2055 974 2163 1004 tutum

1135 1029 1252 1061 evasit.
1270 1030 1367 1060 Hunc
1378 1036 1497 1068 equum
1515 1031 1612 1062 Ceres
1628 1029 1660 1060 in
1683 1030 1835 1069 Erinnyis
1849 1030 1987 1062 formam
2011 1038 2106 1061 versa
2122 1038 2162 1061 ex

1135 1087 1273 1122 Neptuni
1290 1087 1462 1119 concubitu
1478 1089 1643 1128 genuerat.
1701 1091 1704 1094 ⁴

1539 1249 1677 1281 CAPUT
1699 1249 1770 1280 VII.

1182 1322 1225 1362 (1)
1249 1323 1365 1361 Creon,
1392 1322 1620 1355 Thebanorum
1651 1331 1789 1363 regnum
1817 1322 1977 1364 adeptus,
2008 1332 2167 1356 caesorum

1138 1381 1332 1422 Argivorum
1358 1390 1493 1422 corpora
1520 1381 1683 1422 insepulta
1702 1382 1857 1423 projecit,
1882 1383 1916 1414 et
1935 1382 2040 1414 edicto
2056 1391 2168 1423 praeci-

1138 1440 1230 1482 piens
1243 1449 1283 1472 ne
1299 1440 1371 1481 quis
1384 1448 1422 1472 ea
1435 1440 1569 1481 sepelire
1584 1442 1722 1481 curaret,
1740 1441 1894 1474 custodes
1913 1442 2074 1483 apposuit.
2094 1444 2166 1474 2Ve·

1140 1508 1213 1531 rum
1235 1500 1420 1540 Antigona,
1441 1508 1507 1532 una
1522 1508 1562 1531 ex
1582 1500 1697 1541 OEdipi
1719 1500 1848 1533 filiabus
1863 1524 1872 1540 ,
1901 1501 1983 1533 clam
2006 1501 2168 1542 Polynicis

1139 1566 1258 1598 corpus
1283 1557 1449 1590 sublatum
1471 1558 1631 1591 humavit.
1663 1558 1724 1606 Sed
1746 1568 1766 1591 a
1787 1561 1924 1592 Creonte
1946 1560 2144 1601 deprehensa
2159 1586 2168 1599 ,

1139 1615 1217 1647 viva
1237 1616 1364 1655 eodem,
1386 1624 1452 1656 quo
1474 1616 1583 1656 frater,
1604 1617 1751 1658 sepulcro
1770 1617 1900 1649 condita
1918 1621 1977 1650 est.
1996 1619 2169 1651 ³Adrastus

1140 1676 1248 1705 autem
1264 1675 1406 1707 Athenas
1420 1675 1595 1716 profectus,
1611 1676 1650 1708 ad
1664 1676 1895 1709 Misericordiae
1907 1686 1995 1709 aram
2012 1677 2169 1719 confugit,

1140 1734 1237 1773 atque
1247 1733 1382 1774 supplex
1396 1733 1591 1766 cadaverum
1607 1734 1789 1766 tumulandi
1801 1736 1996 1780 potestatem
2008 1737 2168 1776 precatur.

1140 1791 1248 1821 ⁴Tum
1265 1790 1488 1830 Athenienses,
1510 1793 1660 1831 suscepta
1681 1791 1906 1831 expeditione,
1939 1791 2062 1823 Theseo
2089 1791 2172 1823 duce

1141 1847 1269 1881 Thebas
1291 1849 1444 1890 capiunt,
1468 1851 1500 1881 et
1515 1850 1721 1881 mortuorum
1742 1858 1879 1890 corpora
1895 1849 1964 1881 suis
1990 1850 2172 1890 sepelienda

1140 1909 1352 1940 concedunt.⁸
1358 1908 1582 1949 conflagrante
1595 1917 1671 1940 vero
1682 1908 1823 1949 Capanei
1836 1918 1924 1950 rogo,
1938 1909 2071 1941 Evadne
2085 1909 2172 1942 illius

1141 1967 1273 2008 conjux,
1288 1967 1398 2008 Iphios
1413 1966 1494 2006 filia,
1515 1967 1549 1998 in
1566 1975 1640 1998 eum
1659 1975 1693 1998 se
1719 1967 1856 2007 conjecit
1871 1970 1904 1999 et
1926 1976 1991 1998 una
2006 1976 2083 1999 cum
2106 1976 2173 1999 ma-

1142 2027 1204 2058 rito
1220 2025 1386 2058 cremavit.

1185 2112 1229 2153 (2)
1263 2111 1396 2144 Decimo
1412 2120 1497 2143 anno
1509 2114 1600 2153 post,
1615 2111 1795 2144 occisorum
1814 2109 1879 2150 tilii,
1904 2120 1986 2151 quos
2009 2112 2171 2152 Epigonos

1141 2177 1271 2214 vocant,
1281 2175 1411 2216 patrum
1425 2174 1546 2207 caedem
1564 2174 1664 2206 ulturi
1677 2176 1788 2206 contra
1798 2173 1970 2206 Thebanos
1986 2174 2107 2206 bellurn
2122 2175 2171 2206 de-

1141 2241 1288 2273 cernunt.
1306 2242 1321 2261 ²
1331 2238 1458 2277 Quibus
1473 2238 1639 2270 oraculum
1653 2237 1894 2271 sciscitantibus
1906 2239 1986 2271 deus
2003 2237 2170 2270 victoriam

1140 2303 1338 2336 vaticinatus
1344 2305 1405 2342 est,
1414 2302 1440 2334 si
1450 2303 1532 2334 duce
1538 2302 1707 2334 uterentur
1714 2302 1908 2335 Alcmaeone.
1922 2303 1998 2335 ³Sed
2008 2303 2170 2335 Alcmaeon

1140 2368 1354 2410 expeditionis
1370 2368 1597 2410 praefecturam
1618 2367 1834 2408 detrectabat,
1851 2368 1912 2400 nisi
1933 2371 2025 2400 antea
2042 2369 2081 2400 de
2104 2377 2168 2399 ma-

1141 2433 1188 2464 tre
1204 2431 1400 2473 supplicium
1417 2431 1589 2464 sumsisset
1596 2442 1606 2471 ;
1632 2431 1735 2464 nihilo
1751 2432 1857 2464 secius
1878 2434 1986 2464 tamen
2003 2433 2034 2464 in
2051 2432 2169 2464 bellum

1141 2495 1318 2528 contendit.
1341 2497 1423 2528 Nam
1446 2505 1547 2537 quum
1573 2496 1727 2537 Eriphyle
1746 2505 1763 2527 a
1789 2496 1990 2528 Thersandro
2009 2496 2170 2536 Polynicis

1140 2561 1206 2593 filio
1222 2561 1353 2603 peplum
1369 2562 1564 2603 accepisset,
1580 2561 1664 2593 filios
1687 2569 1818 2601 quoque
1837 2561 1877 2592 ad
1902 2569 1992 2592 arma
2014 2560 2171 2601 capienda

1141 2625 1286 2657 adduxit.
1301 2625 1364 2658 ⁴Hi
1376 2625 1484 2666 igitur,
1501 2625 1624 2657 delecto
1637 2624 1821 2656 Alcmaeone
1830 2624 1923 2662 duce,
1938 2622 2098 2654 Thebanis
2110 2622 2171 2655 bel-

1140 2689 1209 2721 lum
1224 2689 1413 2722 intulerunt.
1432 2691 1601 2727 sQuorum
1616 2688 1748 2720 nomina
1764 2688 1833 2719 haec
1850 2690 1926 2719 sunt
1941 2687 2121 2720 :Alcmaeon
2138 2692 2171 2720 et

1140 2752 1390 2793 Amphilochus,
1406 2751 1592 2793 Amphiarai
1607 2751 1686 2791 fili1,
1701 2750 1863 2791 AEgialeus
1880 2750 2030 2790 Adrasti,
2047 2751 2171 2783 Diome-

1140 2817 1198 2850 des
1211 2817 1323 2859 Tydei,
1348 2817 1548 2852 Promachus
1571 2815 1814 2856 Parthenopaei,
1834 2815 2003 2848 Sthenelus
2015 2816 2168 2857 Capanei,

1140 2881 1342 2914 Thersander
1370 2880 1532 2921 Polynicis
1546 2902 1556 2918 ,
1572 2879 1733 2919 Euryalus
1760 2878 1917 2910 Mecistei.
1943 2878 1989 2919 (3)
2005 2879 2045 2911 Ηὶ
2063 2879 2170 2920 primo

1140 2946 1273 2988 quidem
1292 2944 1448 2976 finitimos
1467 2942 1551 2974 circa
1570 2942 1662 2973 vicos
1681 2940 1930 2982 depopulantur,
1943 2941 2059 2974 deinde
2074 2951 2169 2982 vero,

1141 3010 1302 3043 Thebanis
1311 3009 1372 3041 sub
1383 3009 1464 3040 duce
1478 3006 1706 3045 Laodamante,
1720 3005 1861 3037 Eteoclis
1873 3005 1939 3037 filio
1948 3029 1957 3045 ‚
1967 3005 2009 3037 ad
2018 3006 2169 3048 proelium

1141 3073 1289 3115 egressis,
1306 3073 1435 3104 strenue
1453 3070 1607 3109 pugnant.
1627 3067 1825 3100 ²Laodamas
1840 3067 2019 3107 AEgialeum
2040 3068 2168 3101 interfe-

1141 3138 1207 3174 cit,
1226 3135 1476 3169 Laodamantem
1503 3141 1581 3164 vero
1600 3132 1783 3170 Alcmaeon;
1805 3121 1877 3172 quo
1895 3140 2000 3172 caeso,
2023 3132 2167 3165 Thebani

1141 3198 1226 3230 intra
1242 3195 1360 3227 moenia
1376 3193 1451 3232 fuga
1467 3200 1501 3224 se
1519 3191 1688 3232 recipiunt.
1707 3189 1847 3224 ³Deinde
1859 3200 1934 3224 vero
1947 3193 2099 3224 monente
2111 3201 2166 3224 eos

1141 3261 1275 3298 Tiresia,
1291 3261 1328 3290 ut
1344 3258 1382 3290 ad
1401 3257 1536 3298 Argivos
1551 3255 1592 3288 de
1607 3264 1686 3297 pace
1697 3256 1836 3297 petenda
1850 3256 2017 3290 mitterent
2041 3265 2165 3298 praeco-

1139 3333 1213 3356 nem
1224 3347 1232 3363 ,
1247 3323 1307 3363 ipsi
1325 3324 1432 3354 autem
1447 3321 1555 3361 fugam
1569 3320 1789 3361 capesserent,
1804 3319 1845 3352 ad
1858 3320 1967 3353 hostes
1983 3329 2163 3362 praeconem

1988 3393 2025 3425 11
