2320 3684
170 199 218 231 88
867 195 971 233 PHE
977 194 1190 235 RECYDIS
1218 196 1547 238 FRAGMENTA.

165 277 294 330 τέχνην
311 277 407 332 παρὰ
426 283 485 318 τοῦ
508 278 654 332 πατρὸς,
674 277 765 316 ὥστε
788 278 866 322 τοὺς
891 280 1108 333 ἀνθρώπους,
1129 280 1186 320 ὅτε

166 335 309 374 κλέπτοι
323 352 357 374 τι
372 367 382 385 ,
398 337 588 384 λανθάνειν,
603 335 661 374 καὶ
683 334 727 373 τὰ
745 335 928 389 θρέμματα
940 341 1002 385 τῆς
1017 339 1112 383 λείας
1123 341 1186 378 ἀλ-

166 394 279 431 λοιοῦν
296 397 343 437 εἰς
357 394 375 432 ὃ
391 395 481 431 θελοι
498 396 650 446 μορφῆς,
664 392 755 431 ὥστε
770 394 936 442 πλείστης
947 397 1048 436 αὐτὸν
1061 398 1186 437 δεσπό-

166 467 230 498 την
249 450 407 502 γενέσθαι
426 451 531 494 λείας.
550 450 595 489 ‘H
614 450 648 488 δὲ
663 451 799 504 ἱστορία
815 453 912 507 παρὰ
930 454 1126 508 Φερεκύδῃ.

201 513 325 547 «Ante
338 509 450 547 verba
464 509 523 547 καὶ
539 509 731 548 Ἀπόλλωνι
738 515 971 551 Munckerus
984 514 1032 552 ad
1045 515 1183 566 Hygin.

166 568 188 605 l.
210 568 232 605 1.
255 569 435 605 omissum
451 576 560 618 putat
574 582 714 606 nomen
727 567 866 623 Ἑρμῇ,
887 572 991 622 quod
1007 586 1097 611 sane
1114 573 1184 611 de-

165 625 325 663 siderari
355 626 504 663 videtur
527 639 549 663 a
567 626 827 676 sequentibus.
854 631 902 666 Et
932 632 1183 669 Buttmannus

165 684 367 734 legendum
393 693 503 734 putat
520 684 721 738 παρελέχθη
746 685 806 724 καὶ
830 684 948 739 Ἑρμῇ
977 687 1035 726 καὶ
1055 687 1182 727 Ἀπόλ-

163 742 261 780 λωνι.
283 743 532 793 Participium
555 744 832 790 ζηλοτυποῦντας
847 758 924 782 1100
947 746 1064 784 habet
1082 748 1184 786 unde

164 800 341 849 pendeat,
359 801 430 838 nisi
444 801 655 852 intelligere
668 803 828 840 velimus
839 796 926 842 εἶναι
941 805 998 842 vel
1014 804 1184 855 γενέσθαι,

163 865 201 894 et
221 866 308 895 ante
327 859 536 908 genitivum
568 858 702 913 Ἑρμοῦ
727 860 964 900 desideratur
988 863 1179 913 particula

163 914 198 952 δὲ
210 945 220 964 ,
240 930 352 967 quam
372 918 697 956 Βο11111.105011111.
711 936 725 952 »
738 920 854 958 Sturz.

216 1040 340 1078 Schol.
361 1041 542 1091 Apollon.
557 1043 576 1078 1
588 1069 598 1087 ‚
612 1041 659 1086 45
674 1054 683 1077 :
699 1040 1015 1091 Ἐπισημαίνεσθαι
1033 1043 1061 1079 δ’
1075 1041 1180 1087 ἄξιον,

162 1102 209 1144 ὥς
229 1097 307 1137 οὔτε
325 1097 485 1141 Ἡσίοδος
503 1098 581 1136 οὔτε
601 1098 802 1152 Φερεκύδης
817 1099 901 1152 φησὶ
918 1100 1184 1150 συμπεπλευκέ-

162 1175 219 1196 ναι
237 1163 306 1201 τοῖς
329 1156 569 1210 Ἀργοναύταις
590 1156 758 1211 Ἴφικλον.

216 1280 342 1319 Schol.
362 1279 542 1330 Apollon.
563 1282 605 1323 Ι,
632 1281 731 1318 152.
748 1279 952 1340 Φερεκύδης
968 1280 1030 1327 τὴν
1047 1279 1183 1333 μητέρα

162 1338 230 1374 τῶν
248 1352 292 1374 πε
278 1336 327 1390 ερὶ
349 1335 461 1384 Ἴδαν,
479 1336 623 1390 Ἀρήνην
644 1336 760 1389 φησὶν,
783 1337 841 1390 ἀφ’
857 1333 933 1384 ἡςὴ
949 1336 1067 1379 πόλις·
1093 1336 1183 1375 Πεί-

164 1395 307 1447 σανδρος
321 1425 330 1442 ,
352 1393 583 1446 Πολυδώραν·
608 1393 814 1447 Θεόκριτος,
835 1395 1062 1434 Λαοκόωσαν.
1076 1389 1184 1433 Οὗτοι

165 1451 201 1490 δὲ
239 1452 458 1503 συνήκμαζον
496 1457 566 1495 τοῖς
599 1452 833 1525 Διοσκούροις.
877 1453 1008 1491 Codex
1046 1453 1183 1491 Paris..

161 1509 307 1563 Ἀρήνην
327 1509 530 1563 Φερεκύδης
548 1510 652 1562 φησὶν
673 1510 808 1564 μητέρα
825 1509 1003 1562 γεγονέναι
1020 1510 1185 1563 Λυγκέως

161 1568 220 1606 καὶ
242 1567 355 1616 Ἴδου,
379 1568 436 1621 ἀφ’
454 1564 530 1616 ἧςῆ
550 1567 650 1612 πόλις
663 1568 788 1622 Ἀρήνη
808 1577 880 1608 etc.

214 1690 956 1751 5011011111011011.Ῑ,645;Φερεκύδης
986 1690 1103 1744 φησὶν,
1131 1691 1184 1730 ὅτι

160 1749 268 1802 δῶρον
288 1752 361 1801 εἶχε
387 1746 483 1801 παρὰ
508 1763 568 1786 του
591 1721 726 1801 ε,Ερμου
749 1751 766 1786 ὁ
794 1749 985 1796 Αἰθαλίδης
971 1778 1008 1800 ,
1047 1749 1087 1788 τὸ
1119 1749 1182 1797 τὴν

158 1805 274 1860 ψυχὴν
292 1809 395 1846 αυτοῦ
412 1805 496 1844 ποτὲ
512 1805 574 1858 μὲν
599 1808 646 1850 εἷς
669 1807 766 1860 ᾅδου,
788 1806 872 1845 ποτὲ
893 1806 983 1845 δὲέν
1007 1813 1077 1852 τοῖς
1097 1807 1182 1862 ὑπὲρ

160 1864 223 1912 τὴν
248 1881 312 1916 γην
326 1864 444 1908 τόποις
457 1859 556 1903 εἶναι.

212 1981 337 2020 801101.
353 1982 526 2031 Apollon.
544 1985 562 2019 I
576 2010 585 2027 ‚
608 1995 726 2030 129οε
740 1980 946 2034 Ἀντίμαχος
966 1982 1000 2019 ἐν
1019 1983 1063 2033 τῇ
1084 1980 1180 2034 Λύδῃ

163 2039 268 2092 φησὶν
286 2038 537 2078 ἐκὸιὸασθέντα
557 2039 614 2077 τὸν
633 2038 813 2092 Ἡρακλέα
834 2038 889 2077 διὰ
915 2039 954 2078 τὸ
971 2039 1183 2093 καταδαρεῐ-

159 2100 240 2135 σθαι
258 2096 321 2143 τὴν
340 2095 451 2151 Ἀργὼ
474 2097 541 2135 ὑπὸ
570 2102 630 2135 τοῦ
650 2097 772 2151 ἥρωος.
807 2097 930 2150 Τούτῳ
962 2098 1023 2136 καὶ
1057 2098 1182 2138 Ποσεί-

160 2156 284 2199 διππος
302 2158 320 2193 ὃ
342 2156 720 2210 ἐπιγραμματογράφος
741 2156 956 2204 ἠκολούθησε
980 2156 1039 2194 καὶ
1068 2159 1183 2211 Φερε-

159 2212 277 2260 κύδης.

215 2272 389 2322 Apollod.
406 2275 444 2318 Ι,
464 2286 501 2321 9,
526 2287 571 2322 19
590 2286 598 2308 ε
617 2270 820 2325 Φερεκύδης
836 2271 939 2310 αὐτὸν
961 2273 996 2310 ἐν
1017 2270 1175 2325 Ἀφέταις

157 2331 219 2375 τῆς
239 2329 439 2373 Θεσσαλίας
453 2330 702 2383 ἀπολειφθῆναι
719 2328 835 2380 λέγει,
854 2332 916 2376 τῆς
930 2330 1067 2383 Ἀργοῦς
1079 2333 1182 2384 φθεγ-

158 2386 325 2438 ξαμένης,
347 2386 395 2438 μὴ
421 2387 583 2426 δύνασθαι
602 2387 715 2441 φέρειν
733 2387 773 2426 τὸ
785 2388 908 2426 τούτου
927 2388 1042 2442 βάρος.

1293 340 1418 379 801101.
1441 343 1612 392 Apollon.
1635 344 1686 391 11,
1710 342 1776 378 181
1801 355 1809 378 :
1826 339 1913 379 Οτι
1928 340 1964 380 δὲ
1978 336 2260 396 ἠρχενὸΦινεὺς

1241 395 1346 450 μέχρι
1359 401 1420 436 τοῦ
1426 399 1618 474 ῗΒοσπόρου
1636 400 1788 452 Θρακῶν
1808 398 1948 437 πάντων
1963 402 2032 438 τῶν
2046 402 2082 439 ἐν
2102 404 2146 454 τῇ
2161 402 2260 457 Ἀσίᾳ

1241 455 1326 507 (εἶσὶ
1349 455 1386 494 δὲ
1408 461 1502 495 οὗτοι
1524 457 1662 496 Βιθυνοί
1679 472 1717 494 τε
1736 457 1873 507 [codex
1890 459 2171 511 Ρ3115.Θυννοὶ]
2199 460 2260 499 καὶ

1242 514 1496 568 Παφλαγόνες),
1524 515 1754 569 Φερεκύδης
1739 530 1774 552 εν
1793 516 1836 566 τῇ
1856 523 1886 558 ς’
1901 515 1996 568 φησί.

1294 640 1422 679 Schol.
1453 642 1629 692 Apollon.
1650 644 1701 687 II,
1725 654 1796 688 271
1818 638 1930 680 ε”Οτι
1955 640 2012 680 διὰ
2038 645 2099 681 τοῦ
2118 643 2261 694 Αἰγαίου

1239 696 1366 737 πόντου
1386 698 1445 736 καὶ
1462 702 1523 737 τοῦ
1544 700 1728 738 Σικελικοῦ
1755 697 1860 742 αὐτὰς
1879 699 2098 752 (Harpyias)
2118 700 2260 740 ἐδίωκον

1241 757 1386 807 (Boreae
1404 758 1499 808 filii),
1521 756 1723 810 Φερεκύδης
1741 757 1776 794 ἐν
1797 755 1879 808 ἕκτῃ
1901 757 1997 810 φησί.

1294 816 1421 853 Schol.
1435 816 1617 866 Apollon.
1630 815 1682 854 ib.
1700 828 1797 866 299:
1814 814 2017 869 Φερεκύδης
2031 817 2066 855 ἐν
2081 817 2113 861 ς’
2128 817 2261 868 (codex

1241 873 1359 912 Paris.
1375 874 1409 911 ἐν
1424 875 1467 925 τῇ
1483 872 1517 924 γ’
1518 874 1531 925 )
1545 873 1663 927 φησὶν,
1682 875 1728 917 εἷς
1740 873 1780 912 τὸ
1800 872 1903 916 σπέος
1916 872 2021 917 αὐτὰς
2040 874 2262 928 (Harpyias)

1240 937 1358 985 φυγεῖν
1377 934 1440 979 τῆς
1455 932 1597 986 Κρήτης
1606 932 1645 971 τὸ
1659 933 1726 971 ὑπὸ
1739 935 1790 986 τῷ
1805 931 1902 987 λόφῳ
1914 935 1965 987 τῷ
1982 933 2019 973 'A
2025 938 2207 988 ργινοῦντι.

1294 1049 1636 1123 801101.Αὼ0011011
1660 1054 1698 1097 I,
1722 1022 1813 1100 139:
1830 1050 1875 1091 ‘O
1894 1049 2038 1101 Ἴδμων,
2066 1052 2112 1095 ὡς
2133 1052 2262 1105 ἱστορεῖ

1241 1106 1465 1159 Φερεκύδης,
1498 1112 1580 1151 παῖς
1613 1111 1654 1154 ῆν
1688 1080 1867 1162 ζΑστερίας
1899 1111 1960 1155 τῆς
1999 1107 2162 1162 Κορώνου
2201 1109 2261 1148 καὶ

1241 1163 1456 1210 Απόλλωνος
1469 1195 1478 1213 ,
1495 1169 1534 1203 οὓ
1555 1165 1614 1203 καὶ
1634 1166 1815 1215 Λαοθόης,
1836 1166 2006 1219 Θέστωρ·
2026 1170 2087 1205 τοῦ
2101 1165 2137 1205 δὲ
2157 1167 2260 1206 Κάλ-

1239 1236 1315 1272 χας.
1338 1222 1543 1276 Ἀναιρεῖται
1564 1221 1601 1260 δὲ
1618 1222 1786 1274 ΗΙδμων
1770 1239 1805 1262 εν
1833 1225 2075 1278 Μαριανδυνία
2103 1224 2171 1263 ὑπὸ
2198 1225 2262 1264 κά-

1239 1294 1267 1316 π
1289 1294 1340 1317 ου.

1269 1294 1286 1332 ρ
1725 1338 1787 1376 71.

1294 1395 1419 1433 Schol.
1449 1395 1630 1446 Apollon.
1650 1399 1701 1444 II,
1723 1402 1793 1441 411
1812 1412 1821 1435 :
1841 1399 1985 1447 Agrum
2013 1398 2123 1435 inum
2145 1400 2261 1437 Marti

1240 1467 1409 1501 sacrum,
1429 1467 1545 1504 quem
1579 1454 1810 1504 Apollonius
1835 1455 2036 1508 τετράγυιον
2068 1465 2196 1509 vocat,
2224 1465 2263 1496 et

1241 1525 1355 1561 quem
1386 1514 1514 1550 AEetes
1530 1512 1682 1550 duobus
1700 1513 1817 1551 tauris
1847 1513 2077 1564 aeripedibus
2101 1522 2140 1552 et
2161 1515 2260 1566 igni-

1244 1570 1363 1607 vomis
1380 1570 1523 1620 junctis
1555 1570 1726 1619 colebat,
1746 1570 2054 1623 πεντηκοντόγυιον
2079 1572 2164 1626 φησὶ
2187 1574 2262 1612 Φε-

1241 1626 1383 1679 ρεκύδης
1415 1629 1450 1666 ἐν
1482 1631 1527 1678 τῇ
1560 1628 1655 1681 ἕκτῃ.
1688 1630 1820 1668 Codex
1854 1631 1969 1669 Paris.
1998 1632 2125 1669 omisit
2152 1632 2188 1669 ἐν
2215 1633 2260 1683 τῇ

1239 1683 1335 1737 ἕκτῃ.

1292 1746 1348 1782 De
1364 1745 1480 1783 tauris
1497 1746 1588 1796 ipsis
1612 1746 1693 1784 haec
1726 1747 1843 1784 habet
1860 1748 1959 1785 idem
1983 1748 2110 1786 Schol.
2140 1748 2187 1786 ad
2225 1762 2258 1787 v.

1240 1805 1314 1841 230
1332 1819 1340 1839 :
1359 1802 1446 1841 εὈτι
1466 1802 1681 1855 χαλκόποδες
1704 1807 1736 1843 οἱ
1762 1809 1883 1858 ταῦροι
1902 1805 1961 1844 καὶ
1985 1809 2054 1858 πῦρ
2072 1805 2233 1850 πνέοντες
2248 1836 2259 1855 ,

1238 1860 1298 1899 καὶ
1318 1860 1521 1914 Φερεκύδης
1537 1862 1636 1915 φησί.

1655 1937 1826 1950 —an—

1529 1981 1679 2019 LIBER
1708 1980 1968 2021 SEPTIMUS.

1291 2041 1453 2091 Reliqua
1501 2055 1589 2092 pars
1634 2042 1890 2093 expeditionis
1940 2048 2257 2094 Argonautarum.

1237 2100 1362 2135 Draco
1380 2098 1428 2136 ab
1446 2100 1582 2137 Iasone
1604 2101 1827 2138 interfectus
1841 2099 1937 2152 (72),
1957 2100 2140 2150 Absyrtus
2163 2100 2260 2152 (73),

1237 2157 1373 2194 Medea
1403 2158 1529 2195 Iasoni
1552 2166 1590 2195 et
1618 2159 1757 2196 Bacchi
1787 2158 2004 2196 nutricibus
2021 2159 2259 2209 juventutem

1237 2216 1438 2253 restituens
1456 2216 1548 2266 (74).
1567 2219 1759 2254 Hactenus
1774 2218 1821 2255 de
1836 2218 1986 2255 Crethei
2000 2230 2049 2254 ex
2066 2220 2167 2268 Tyro
2183 2217 2262 2254 filio

1236 2276 1395 2318 AEsone,
1419 2273 1576 2324 ejusque
1605 2282 1748 2325 nepote
1774 2278 1919 2312 Iasone.
1944 2275 2111 2312 Alterum
2142 2274 2258 2312 filium

1236 2332 1421 2369 Cretheus
1440 2331 1576 2369 habuit
1598 2332 1877 2382 Amythaonem
1889 2361 1899 2379 ‚
1918 2332 1978 2370 01ιὶ
1995 2340 2104 2370 erant
2121 2332 2206 2370 Bias
2221 2339 2260 2369 01

1237 2390 1462 2441 Melampus,
1485 2391 1532 2428 de
1548 2390 1689 2441 quibus
1713 2399 1837 2428 exstat
1850 2391 2103 2442 fragmentum
2123 2391 2171 2437 75
2194 2390 2257 2441 (cf.

159 2530 244 2562 furto
261 2538 336 2571 opes
359 2530 503 2571 collegit:
522 2531 604 2562 lianc
625 2531 709 2562 enim
721 2533 822 2563 artem
838 2533 1002 2571 acceptam
1024 2531 1136 2563 hahuit
1159 2541 1179 2563 a
1208 2540 1213 2571 ι
1237 2534 1347 2570 pterea
1369 2531 1458 2572 quod
1475 2534 1559 2572 Argo
1575 2533 1672 2573 hujus
1691 2532 1797 2564 herois
1812 2532 1939 2574 pondus
1955 2540 1990 2564 se
2005 2531 2143 2572 persen-e
2155 2531 2254 2563 haud·

158 2579 257 2618 patre,
272 2578 319 2615 ut,
338 2577 365 2608 si
380 2577 538 2609 furaretur
551 2577 682 2617 aliquid,
694 2579 840 2609 homines
853 2577 975 2616 lateret,
991 2580 1023 2609 et
1039 2579 1180 2618 pecudes

158 2623 332 2663 pra-dando
345 2623 476 2655 abactas
488 2624 521 2655 in
534 2624 710 2664 quamlibet
726 2623 861 2658 formam
875 2626 1025 2664 mutaret;
1041 2625 1177 2665 ideoque

159 2679 305 2710 magnam
322 2679 432 2702 earum
448 2671 575 2712 copiam
592 2671 785 2712 possidebat.

200 2780 340 2820 Iphiclus
354 2790 458 2822 neque
473 2790 492 2813 a
506 2731 688 2823 Ρ11010οξᾶ40
697 2790 802 2823 neque
816 2781 857 2814 ab
871 2781 1012 2814 Hesiodo
1025 2780 1107 2813 inter
1120 2784 1180 2813 Ar-

161 2830 315 2866 gonautas
330 2829 476 2860 refertur.

639 2882 700 2915 65.

200 2930 266 2962 Idne
282 2933 314 2962 ct
332 2933 450 2972 Lyncei
485 2933 625 2966 fratrum
659 2934 760 2975 mater
778 2934 828 2966 est
844 2936 963 2973 Arene,
985 2942 1003 2964 a
1018 2941 1083 2973 qua
1098 2933 1176 2964 urbs

159 2985 275 3008 nomen
291 2979 421 3019 accepit.

635 3034 698 3066 66.

199 3080 374 3112 AEthalidcs
391 3082 423 3113 id
439 3084 561 3124 accepit
575 3085 697 3116 donum
713 3093 731 3115 3
743 3084 914 3123 Mercurio,
930 3085 967 3115 ut
983 3085 1054 3124 ejus
1070 3083 1178 3115 anima

159 3126 255 3157 modo
272 3126 400 3166 inorco,
417 3130 512 3160 modo
544 3131 574 3161 in
588 3140 705 3171 corpus
721 3131 845 3163 rediens
871 3130 953 3163 inter
982 3130 1128 3162 homines
1143 3129 1177 3161 in

160 3174 243 3203 terra
259 3173 378 3204 versari
394 3178 512 3215 posset.

638 3230 701 3262 67.

199 3275 353 3308 Hercules
368 3278 405 3309 ut
425 3286 443 3309 e
469 3288 550 3310 nave
586 3280 787 3320 egrederetur
809 3281 952 3313 monitus
981 3284 1047 3320 051,
1076 3289 1177 3321 quum

163 3320 246 3359 Argo‘
261 3321 367 3354 1101015
389 3323 528 3363 pondere
544 3325 640 3356 nimis
655 3330 889 3365 aggravaretur.

201 3369 352 3406 1101011105
368 3370 499 3409 Aplielis
533 3371 705 3403 Thessaliae
741 3373 830 3412 u1·‚he
863 3374 993 3406 relictus
1024 3374 1084 3412 est,
1107 3383 1177 3414 pluo
1205 3404 1209 3411 ,

1240 2587 1403 2620 quaquam
1415 2588 1510 2620 posse
1523 2579 1700 2611 dictitabat.

1278 2683 1417 2715 Phineus
1436 2691 1539 2723 usque
1553 2683 1594 2715 ad
1608 2632 1788 2724 Bospoglsm
1801 2683 1991 2715 Thracicum
2006 2682 2158 2715 omnibus
2173 2682 2258 2715 Asioe

1236 2728 1363 2768 populis
1379 2729 1542 2770 (Bithynis
1558 2731 1591 2762 et
1607 2729 1879 2771 Paphlagonibus)
1897 2730 2077 2772 imperavit.

1278 2840 1387 2892 Boreae
1402 2838 1459 2870 filii
1467 2847 1522 2879 per
1537 2848 1625 2871 mare
1641 2789 1785 2880 AEgagfm
1798 2841 1830 2871 et
1849 2839 1994 2871 Siculum
2013 2839 2171 2880 Harpyias
2186 2847 2254 2880 pcr-

1236 2887 1440 2971 εθῗὶιεῇέξιῃεεξ
1450 2931 1484 2962 10
1506 2939 1676 2963 cavernam
1690 2932 1855 2972 sugerunt,
1871 2940 1944 2972 quae
1963 2932 1995 2963 in
2018 2933 2179 2969 creta.est
2194 2930 2256 2963 sub

1235 2977 1315 3009 colle
1331 2978 1517 3018 Arginunte.

1276 3082 1389 3114 Idmon
1406 3082 1490 3113 filius
1503 3084 1570 3114 erat
1580 3032 1863 3121 Asteriaeizoroni
1877 3081 1960 3120 filiae,
1974 3084 2006 3113 et
2020 3082 2187 3122 Apollinis.
2199 3082 2251 3115 Id-

1236 3130 1324 3161 moni
1347 3138 1386 3161 ex
1409 3130 1551 3161 Laothoe
1572 3130 1640 3160 erat
1661 3129 1811 3167 Thestor,
1828 3129 1920 3168 quus
1942 3128 2025 3159 filius
2038 3128 2088 3160 est
2103 3127 2250 3161 Calchas.

1234 3176 1348 3208 Idmon
1364 3175 1396 3207 in
1411 3175 1633 3216 Mariandynia
1648 3175 1688 3206 ab
1705 3184 1781 3215 apro
1797 3175 1981 3206 interfectus
1997 3175 2057 3206 est.

1275 3282 1356 3320 Ager
1370 3279 1504 3311 Martius
1522 3279 1631 3319 (quam
1649 3234 1796 3311 1350711101)
1810 3279 1899 3310 AEete
1911 3279 2023 3318 jussus
2035 3278 2149 3317 aravit)
2165 3277 2252 3319 quin-

1235 3326 1388 3367 quaginta
1399 3327 1546 3366 jugerum
1562 3327 1640 3357 erat.

1278 3372 1373 3404 Tauri
1389 3373 1479 3404 erant
1496 3372 1594 3404 aeneis
1612 3371 1749 3412 ungulis,
1766 3373 1798 3403 et
1813 3371 1918 3411 ignem
1939 3370 2112 3411 spirabant.
