2294 3704
106 192 203 220 XLVI

107 265 342 311 interfuerit,
359 264 407 302 ad
430 262 596 301 adultam
617 260 695 297 fere
711 264 860 295 aetatem
885 254 962 304 jam
982 265 1121 304 perve—

109 325 208 362 nisse
227 322 419 374 putandus
438 328 506 358 est.
533 318 678 355 Clarius
696 316 768 352 hoc
788 314 910 351 elucet
928 325 975 348 ex
994 323 1117 348 narra-

112 383 212 419 tione
243 379 402 418 Diodori
438 380 550 422 XIII,
586 389 648 424 91.
690 371 839 410 Etenim
877 383 996 420 quum
1035 376 1122 418 post

109 439 357 489 Agrigentum
391 448 413 472 a
446 433 655 471 Hamilcare
688 441 862 467 eversum
894 427 1120 476 Dionysius,

109 495 365 535 Hermocratis
384 492 501 536 filius,
525 490 638 527 duces
662 501 721 525 res
747 485 1123 536 Carthaginiensibus

111 553 325 605 prodidisse
343 550 543 593 dictitaret,
567 555 604 584 et
625 545 811 597 populum
829 544 875 581 ad
893 543 1124 594 supplicium

112 612 159 649 de
186 611 256 648 illis
284 606 507 646 sumendum
535 604 718 654 instigans
743 615 792 640 ne
823 602 1077 653 praestitutum
1103 614 1124 637 a

112 671 192 719 lege
214 677 360 716 tempus
379 671 664 714 exspectarent,
694 661 759 699 sed
785 661 969 699 continuo
997 672 1125 710 poenas

111 727 342 777 infligerent,
365 722 646 770 exhortaretur,
667 719 908 770 magistratus
927 731 1013 756 eum
1038 726 1127 754 tam·

113 798 225 836 quam
244 782 346 834 pacis
366 779 602 817 turbatorem
631 777 839 815 secundum
862 777 963 826 leges
986 776 1125 812 multa—

115 851 213 880 runt.
230 845 372 879 Verum
391 838 593 884 Philistus,
617 836 676 874 vir
703 835 841 886 opibus
867 834 1031 871 maxime
1046 833 1129 883 pol-

113 903 212 948 lens,
241 899 398 937 multam
426 909 498 946 pro
524 909 570 933 eo
599 895 784 942 exsolvit,
813 906 970 943 quaeque
1001 892 1128 929 animo

115 959 373 1009 concepisset,
394 955 602 993 edisserere
624 954 758 1003 jussit,
787 952 930 989 addens
959 964 1015 996 se,
1044 951 1130 988 licet

114 1031 182 1069 per
200 1025 321 1054 totum
338 1015 392 1052 illi
405 1014 504 1051 diem
525 1013 680 1050 multam
695 1011 898 1061 irrogaturi
915 1017 1057 1056 essent,
1075 1023 1132 1046 ar-

115 1082 269 1125 gentum
295 1086 366 1124 pro
393 1073 477 1122 ipso
495 1082 764 1120 expensurum.
791 1072 876 1106 Haec
897 1067 1073 1105 incidunt
1091 1066 1130 1103 in

113 1134 174 1172 Ol.
192 1134 264 1182 93,
287 1132 321 1170 3.
340 1134 439 1169 Tum
459 1130 576 1179 igitur
591 1128 811 1174 Philistum,
831 1135 873 1164 ut
897 1140 936 1164 re
956 1125 1130 1163 familiari

115 1191 163 1229 ad
193 1190 343 1228 libitum
374 1189 431 1225 uti
457 1196 494 1226 et
519 1199 646 1224 coram
671 1186 817 1237 populo
846 1185 952 1235 loqui
983 1191 1132 1235 posset,

115 1251 200 1300 plus
229 1247 364 1298 viginti
389 1246 498 1284 annis
527 1252 657 1282 natum
687 1245 801 1281 fuisse
820 1243 976 1281 omnino
994 1249 1050 1279 est
1064 1254 1134 1278 ne-

116 1307 332 1346 cessarium.

172 1369 296 1412 Quem
314 1363 536 1413 magistrum
553 1360 732 1398 habuerit
748 1373 825 1397 non
846 1367 1004 1397 constat.
1027 1359 1135 1398 Sevi-

117 1437 189 1461 nus
210 1421 364 1473 quidem
382 1421 515 1471 (Me'm.
534 1422 579 1456 de
595 1421 740 1455 l'Acad.
758 1421 820 1455 des
845 1417 1130 1467 belles—lettres),

120 1491 212 1521 tom.
232 1483 342 1526 XIII,
360 1492 398 1530 p.
417 1477 456 1529 2)
475 1491 561 1515 eum
583 1478 758 1516 Isocratis
778 1477 1005 1528 discipulum
1022 1477 1136 1514 fuisse.

120 1539 277 1588 intelligi
293 1539 378 1575 vult
394 1550 442 1574 ex
458 1537 535 1574 Cic.
554 1535 601 1574 de
618 1538 724 1574 Orat.
746 1538 804 1583 Π,
830 1549 877 1572 22
890 1564 900 1582 ,
920 1535 987 1574 ubi
1006 1553 1022 1570 κ
1041 1539 1137 1573 Ecce

121 1599 208 1646 tibi,
225 1597 366 1646 inquit,
381 1603 536 1633 exortus
555 1601 611 1631 est
635 1597 822 1631 Isocrates
842 1594 1020 1643 magister
1042 1594 1138 1631 isto-

120 1670 205 1694 rum
235 1655 424 1701 omnium,
451 1652 558 1703 cujus
586 1665 607 1689 e
634 1651 726 1689 ludo
754 1660 946 1701 tamquam
971 1665 1019 1688 ex
1038 1664 1138 1702 equo

119 1717 286 1766 Trojano
302 1713 491 1752 innumeri
506 1713 699 1763 principes
717 1712 909 1757 exierunt,
922 1710 987 1748 sed
1006 1725 1139 1749 eorum

57 1793 61 1797 ›
122 1775 260 1826 partim
284 1774 323 1810 in
354 1785 514 1823 pompa,
539 1770 736 1821 partimin
763 1769 843 1806 acie
868 1769 1033 1806 illustres
1060 1783 1140 1808 esse

123 1833 341 1871 voluerunt.
360 1834 492 1880 Itaque
509 1838 547 1866 et
562 1829 630 1875 illi,
648 1828 937 1878 Theopompus,
951 1827 1139 1877 Ephorus,

121 1891 314 1936 Philistus,
334 1890 553 1934 Naucrates,
571 1887 756 1936 multique
773 1886 836 1923 alii
855 1885 1000 1923 naturis
1023 1886 1139 1923 diffe—

122 1957 230 1995 runt,
250 1949 444 1985 voluntate
460 1954 584 1984 autem
604 1954 690 1983 sunt
709 1945 850 1982 similes
867 1944 966 1981 inter
985 1957 1082 1990 sese,
1103 1952 1142 1981 et

123 2006 302 2057 magistri.
322 2023 336 2038 n
367 2004 440 2043 Sed
462 2018 509 2042 ne
530 2004 653 2041 dicam
677 2015 790 2053 quam
812 2015 948 2052 parum
978 2002 1052 2039 hoc
1073 2016 1140 2039 ve-

124 2065 245 2103 rimile
266 2063 318 2101 sit'
334 2070 494 2114 propter
519 2063 695 2100 Isocratis
715 2069 864 2099 aetatem
884 2060 1014 2111 paucis
1030 2061 1140 2098 dum-

124 2129 227 2159 taxat
245 2123 352 2159 annis
374 2121 531 2159 Philisto
551 2119 718 2170 majoris,
737 2128 776 2157 et
795 2128 952 2170 propter
970 2119 1010 2156 id
1039 2119 1142 2169 quod

125 2180 174 2217 de
203 2188 375 2231 tempore
409 2193 485 2230 quo
523 2179 654 2216 ludum
677 2178 871 2229 aperuerit
891 2191 939 2215 ex
969 2178 1140 2215 Pseudo—

123 2239 327 2277 Plutarcho
346 2238 358 2289 (
370 2240 444 2276 Vit.
462 2241 501 2276 X
529 2246 624 2275 orat.
644 2251 681 2288 p.
701 2236 793 2289 672)
814 2244 1053 2288 compertum
1072 2237 1141 2274 ha·—

124 2297 389 2345 bemus3alius
417 2304 538 2334 exstat
569 2296 670 2347 apud
704 2297 925 2334 Ciceronem
956 2295 1020 2347 (de
1033 2298 1140 2333 Orat.

124 2358 178 2401 11,
206 2355 268 2407 13)
283 2356 408 2401 locus,
428 2355 496 2392 ubi
521 2355 659 2393 diserte
687 2355 869 2393 Philistus
892 2354 940 2391 ab
967 2355 1143 2392 Isocratis

125 2413 320 2465 discipulis
338 2414 574 2452 discernitur.
592 2431 606 2448 «
622 2415 743 2461 Hunc,
763 2413 900 2463 inquit,
918 2421 1143 2451 consecutus

126 2481 183 2509 est
201 2473 423 2522 Syracusius
439 2473 631 2518 Philistus,
650 2473 730 2522 qui,
752 2485 870 2523 quum
885 2472 1061 2521 Dionysii
1082 2479 1144 2522 ty-

127 2530 235 2567 ranni
267 2531 579 2568 familiarissimus
610 2539 726 2576 esset,
757 2530 876 2567 otium
909 2543 1018 2567 suum
1050 2543 1139 2567 con-

126 2588 259 2625 sumsit
285 2589 323 2625 in
351 2588 509 2626 historia
537 2588 759 2636 scribenda,
780 2589 1019 2639 maximeque
1038 2589 1142 2626 Thu-

126 2646 298 2695 cydidem
315 2656 390 2695 est,
408 2647 505 2684 sicut
521 2647 614 2684 mihi
633 2647 795 2693 videtur,
810 2647 989 2684 imitatus.
1009 2651 1143 2685 Postea

127 2716 238 2748 vero,
259 2718 306 2741 ex
327 2705 533 2742 clarissima
555 2705 661 2755 quasi
689 2704 853 2742 rhetoris
873 2705 1040 2752 officina,
1067 2706 1144 2743 duo

130 2773 349 2812 praestantes
376 2765 553 2815 ingenio,
581 2765 858 2815 Theopompus
881 2773 919 2802 et
948 2765 1143 2815 Ephorus,

128 2820 177 2857 ab
210 2824 373 2860 Isocrate
402 2823 583 2873 magistro
616 2822 770 2872 impulsi
803 2835 842 2860 se
872 2822 920 2859 ad
949 2823 1143 2860 historiam

129 2879 396 2917 contulerunt:
418 2894 567 2918 caussas
597 2880 754 2917 omnino
782 2893 976 2931 nunquam
1008 2881 1143 2932 attige-

130 2944 230 2972 runt.
243 2953 259 2970 n
274 2940 365 2983 Quae
384 2951 441 2975 res
455 2939 661 2976 Goellerum
675 2939 894 2985 commovit,
909 2947 950 2976 ut
968 2939 1006 2976 in
1023 2939 1143 2989 priori

131 2994 215 3030 loco
236 3007 307 3044 pro
333 2996 506 3032 Philistus
536 2996 811 3034 restituendum
840 3005 1010 3035 censeret
1030 2999 1145 3034 Phili-

131 3065 222 3088 scus.
253 3051 371 3101 quue
399 3067 532 3090 verum
561 3067 642 3092 esse
669 3068 714 3092 eo
743 3054 923 3092 libentius
952 3056 1143 3105 largieris,

131 3122 207 3158 quo
239 3110 473 3159 frequentior
502 3120 557 3148 est
577 3113 677 3161 apud
702 3122 848 3150 veteres
869 3114 1004 3151 horum
1027 3114 1145 3151 nomi-

132 3180 221 3204 num
240 3167 421 3205 confusio.
440 3170 709 3219 Intelligendus
739 3180 794 3208 est
814 3180 940 3209 autem
959 3173 1144 3210 Philiscus

132 3225 313 3272 Milesius,
333 3226 508 3263 Isocratis
529 3227 692 3274 auditor,
708 3229 839 3266 Timaei
858 3230 1027 3267 historici
1048 3243 1144 3280 prae-

133 3291 267 3333 ceptor
284 3283 432 3334 (Suidas
448 3286 480 3322 T
484 3283 624 3333 ίμαιοςλ,
641 3287 703 3335 qui
726 3295 861 3336 praeter
874 3288 989 3325 vitam
1008 3289 1143 3338 Lysiae,

132 3342 242 3378 etiam
277 3340 402 3393 τέχνην
435 3341 616 3394 ῥητορικὴν
668 3346 884 3393 composuit
929 3345 978 3383 ab
1010 3346 1143 3384 eodem

972 167 1038 205 DE
1064 163 1316 207 PHILISTO.

1181 253 1296 292 Suida
1322 267 1393 306 per
1417 267 1586 292 errorem
1613 255 1795 294 historico
1828 264 1959 294 nostro
1993 257 2188 296 tributam.

1179 312 1346 350 —Alius
1365 313 1522 351 Philisto
1540 314 1716 363 magister
1731 328 1754 352 a
1771 315 1888 353 Suida
1904 316 2016 353 datur
2027 319 2191 367 Evenus,

1181 378 1292 419 poeta
1311 371 1509 421 elegiacus.
1529 372 1642 419 Quod
1656 372 1735 422 jam
1755 386 1824 423 per
1840 387 1879 411 se
1898 387 1975 410 non
1989 374 2191 412 admodum

1181 426 1399 477 probabile,
1431 437 1646 480 temporum
1680 432 1963 482 computatione
1989 432 2194 471 labefacta-

1182 494 1255 523 tur.
1273 489 1369 524 Nam
1389 501 1507 537 quum
1532 488 1610 525 duo
1639 489 1714 526 sint
1741 491 1862 527 Eveni
1888 490 2006 538 Parii,
2039 490 2195 540 elegiaci

1182 552 1304 595 poetae
1323 546 1581 594 (Eratosthen.
1600 560 1661 597 ap.
1682 550 1802 598 Harp.
1819 561 1846 585 s.
1867 561 1903 584 v.
1926 546 2085 599 Εὔηνος),
2106 562 2198 599 quo·

1183 616 1267 639 rum
1288 603 1382 640 alter
1402 604 1461 642 Ol.
1483 605 1554 643 138
1575 605 1688 655 vixit,
1716 606 1812 642 alter
1832 618 1944 653 vero,
1964 607 1995 644 si
2017 607 2111 644 fides
2128 607 2197 644 ha-

1184 660 1309 698 benda
1330 662 1500 699 Maximo
1532 663 1650 712 Tyrio
1669 663 1878 712 (Dissertat.
1895 665 1963 708 38,
1985 677 2024 715 p.
2044 670 2120 715 449
2137 665 2198 704 ed.

1185 732 1258 756 sec.
1281 720 1405 758 Davis.
1419 720 1445 770 ),
1469 723 1659 758 Socratem
1679 729 1799 758 artem
1827 722 2016 771 poeticam
2050 723 2199 771 docuit,

1186 785 1321 814 neuter
1341 778 1486 815 Philisti
1503 779 1681 828 magister
1697 791 1776 816 esse
1789 779 1926 829 potuit.
1943 780 2104 818 Diversa
2117 782 2200 819 Sui—

1186 835 1252 872 das
1271 835 1483 874 confudisse
1501 835 1664 874 videtur.

1239 896 1373 944 Itaque
1398 908 1517 945 quum
1547 894 1594 932 de
1621 893 1856 945 juvenilibus
1895 895 2043 934 Philisti
2069 895 2203 934 studiis

1188 953 1328 990 certius
1348 953 1504 990 omnino
1516 953 1610 990 nihil
1626 962 1865 1004 compertum
1890 953 2110 1003 habeamus,
2127 955 2204 1005 pri·

1191 1025 1292 1048 mum
1309 1011 1414 1062 quod
1442 1011 1658 1049 indubitata
1684 1012 1920 1062 antiquitatis
1938 1013 2011 1050 fide
2029 1026 2206 1063 pronun·-

1191 1070 1284 1107 tiare
1312 1071 1417 1117 licet,
1448 1070 1542 1108 illud
1575 1078 1632 1108 est
1667 1070 1771 1120 quod
1806 1084 1922 1121 supra
1956 1085 2004 1108 ex
2034 1071 2206 1108 Diodoro

1190 1129 1459 1178 apposuimus,
1486 1141 1622 1179 nempe
1657 1129 1770 1166 fuisse
1799 1129 1998 1166 Philistum
2028 1129 2203 1179 Dionysii

1191 1187 1351 1224 senioris
1371 1188 1556 1224 fautorem
1567 1215 1576 1232 ,
1599 1199 1762 1237 eumque
1777 1186 1917 1237 opibus
1936 1187 2013 1225 suis
2030 1195 2068 1224 et
2083 1187 2208 1224 consi-

1191 1245 1250 1282 liis
1268 1245 1315 1282 ad
1333 1244 1614 1295 adipiscendam
1631 1245 1870 1294 tyrannidem
1887 1244 1990 1282 haud
2009 1245 2208 1282 minimum

1193 1303 1392 1353 adjuvisse.
1413 1307 1490 1341 Nec
1510 1303 1634 1341 minus
1649 1303 1680 1340 is
1701 1317 1748 1340 ne
1771 1304 1809 1340 in
1831 1303 1997 1341 adversis
2013 1303 2128 1341 rebus
2150 1311 2209 1353 ty·

1194 1375 1336 1400 rannus
1378 1362 1425 1399 de
1465 1362 1585 1399 salute
1616 1374 1684 1398 sua
1716 1361 1959 1412 desperaret,
2001 1361 2210 1399 constantia

1195 1421 1310 1458 animi
1337 1429 1374 1458 et
1402 1420 1583 1457 firmitate
1611 1418 1751 1457 effecit.
1777 1422 1873 1458 Nam
1892 1419 1959 1457 uhi
1981 1420 2043 1457 vix
2063 1420 2211 1458 firmato

1194 1480 1358 1531 imperio
1377 1478 1602 1529 Syracusani
1635 1492 1739 1516 arma
1758 1479 1797 1516 in
1826 1487 2027 1529 tyrannum
2048 1492 2212 1517 conver-

1196 1546 1325 1576 terunt
1353 1538 1457 1575 acin
1490 1545 1611 1574 tantas
1635 1551 1721 1574 eum
1749 1538 1938 1587 angustias
1965 1537 2211 1588 redegerunt,

1196 1605 1259 1644 ut,
1292 1596 1396 1634 omni
1432 1609 1499 1646 spe
1532 1595 1665 1633 tuendi
1700 1596 1935 1646 principatus
1967 1595 2131 1646 abjecta,
2165 1609 2212 1634 ex

1197 1655 1326 1693 amicis
1349 1662 1558 1705 quaereret,
1584 1668 1661 1704 quo
1679 1663 1790 1704 pacto
1815 1668 1893 1691 non
1912 1668 2068 1705 prorsus
2085 1654 2212 1704 inglo—

1197 1715 1335 1751 riosam
1351 1712 1564 1762 tyrannidis
1580 1712 1860 1750 abdicationem
1879 1713 2041 1759 faceret,
2064 1712 2214 1750 Heloris

1198 1771 1396 1823 respondit
1413 1786 1421 1808 :
1441 1772 1615 1821 pulcrum
1640 1771 1842 1820 sepulturae
1860 1779 2036 1808 ornatum
2059 1784 2139 1808 esse
2156 1779 2214 1820 ty-

1198 1830 1398 1867 rannidem
1411 1858 1423 1876 ,
1447 1830 1660 1879 Polyxenus
1680 1830 1891 1876 consuluit,
1914 1837 1956 1866 ut
1975 1830 2215 1867 velocissimo

1199 1902 1298 1939 equo
1318 1901 1524 1925 conscenso
1544 1887 1644 1924 intra
1664 1887 2031 1938 Carthaginiensium
2057 1888 2148 1926 fines
2175 1901 2216 1926 se

1199 1948 1386 1992 auferret3
1410 1955 1448 1984 at
1469 1945 1665 1996 Philistus,
1688 1949 1742 1983 Te
1761 1945 1882 1993 decet,
1902 1945 2043 1995 inquit,
2063 1959 2139 1982 non
2160 1946 2216 1983 ci-

1200 2013 1278 2042 tato
1294 2018 1393 2055 equo
1411 2018 1458 2042 ex
1477 2004 1671 2041 dominatu
1691 2005 1856 2050 avolare,
1877 2004 1940 2041 sed
1962 2004 2022 2041 vel
2041 2003 2216 2042 cruribus

1202 2072 1363 2102 tractum
1385 2063 1509 2101 reniti.
1524 2067 1649 2113 Atque
1669 2063 1766 2100 hanc
1791 2062 2015 2100 sententiam
2034 2070 2218 2111 tyrannus

1200 2123 1397 2173 amplexus
1427 2130 1493 2159 est.
1523 2122 1586 2160 Sic
1611 2121 1767 2159 Diodor.
1794 2124 1903 2168 XIV,
1935 2121 1957 2157 8
1989 2134 2037 2158 ex
2058 2122 2216 2166 Timaeo;

1200 2181 1300 2219 idem
1323 2195 1414 2219 vero
1440 2194 1663 2231 responsum
1691 2181 1765 2218 alio
1787 2181 1873 2218 loco
1900 2182 2020 2226 (XX,
2055 2180 2146 2227 78),
2170 2193 2215 2217 ex

1201 2240 1332 2289 ipsius,
1347 2247 1389 2276 ut
1407 2239 1571 2286 videtur,
1582 2239 1729 2276 Philisti
1744 2237 1903 2276 historia
1919 2237 2076 2288 Megacli
2093 2237 2215 2275 datur.

1201 2298 1255 2336 Cf.
1278 2297 1468 2335 Plutarch.
1481 2297 1595 2334 Dion.
1618 2298 1679 2338 35.
1703 2299 1909 2347 Utcunque
1931 2296 1998 2341 sit,
2021 2303 2215 2333 auctorem

1201 2364 1374 2393 nostrum
1406 2355 1689 2405 tyrannicorum
1721 2368 1869 2392 morum
1908 2354 2072 2393 amicum
2101 2354 2216 2392 fuisse

1203 2422 1282 2451 tum
1313 2413 1466 2451 aliunde
1505 2422 1672 2460 constat,
1701 2422 1782 2450 tum
1810 2413 2032 2463 intelligitur
2059 2426 2104 2450 ex
2130 2413 2216 2450 loco

1202 2473 1392 2510 Plutarchi
1410 2472 1537 2523 (Dion.
1567 2486 1599 2509 c.
1631 2471 1706 2522 11),
1724 2485 1851 2521 quem,
1879 2484 1995 2521 quum
2021 2470 2132 2508 simul
2153 2484 2216 2508 se-

1203 2532 1356 2582 quentia
1383 2531 1528 2568 Philisti
1559 2530 1631 2567 fata
1664 2539 1810 2576 narret,
1839 2530 1948 2566 liceat
1987 2528 2216 2567 adscribere.

1202 2588 1247 2628 ‘O
1266 2588 1332 2643 γὰρ
1361 2587 1401 2635 δὴ
1431 2587 1619 2635 Φίλιστος,
1649 2588 1719 2634 ait,
1740 2587 1775 2632 ἐξ
1795 2588 1906 2639 ἀρχῆς
1923 2602 1961 2625 τε
1981 2589 2025 2637 τῇ
2044 2586 2218 2639 τυραννίδι

1203 2646 1438 2698 καθισταμένῃ
1460 2645 1720 2699 προθυμότατον
1742 2646 1862 2684 ἑαυτὸν
1878 2643 2053 2698 παρέσχε,
2073 2644 2132 2682 καὶ
2153 2644 2216 2691 τὴν

1204 2705 1311 2759 ἄκραν
1330 2703 1522 2759 διεφύλαξε,
1540 2706 1766 2758 φρουραρχῶν
1785 2702 1842 2742 ἐπὶ
1859 2701 1968 2741 πολὺν
1993 2701 2130 2755 χρόνον.
2146 2696 2216 2741 ’Ἦν

1204 2763 1239 2802 δὲ
1259 2763 1378 2815 λόγος,
1401 2765 1446 2806 ὡς
1471 2763 1530 2802 καὶ
1549 2765 1592 2815 τῇ
1617 2763 1723 2816 μητρὶ
1741 2761 1925 2808 πλησιάζοι
1948 2765 2009 2799 τοῦ
2029 2760 2218 2814 πρεσὸυτέ-

1204 2838 1262 2876 ρου
1279 2821 1475 2873 Διονυσίου,
1490 2825 1549 2860 τοῦ
1566 2821 1731 2874 τυράννου
1747 2819 1795 2871 μὴ
1813 2819 2035 2858 παντάπασιν
2060 2821 2218 2871 ἀγνοοῦν-

1202 2895 1269 2923 τος.
1299 2879 1402 2919 Ἐπεὶ
1426 2878 1462 2918 δὲ
1481 2879 1653 2925 Λεπτίνης
1679 2881 1718 2918 ἐκ
1746 2878 1926 2930 γυναικὸς,
1956 2877 1999 2924 ἢν
2022 2876 2216 2931 διαφθείρας

1203 2937 1309 2990 ἑτέρῳ
1335 2941 1560 2976 συνοικοῦσαν
1582 2935 1684 2989 ἔσχε,
1713 2935 1907 2987 γενομένων
1926 2935 2021 2988 αὐτῷ
2040 2935 2131 2973 δυοῖν
2152 2937 2214 2972 θυ-

1201 2995 1376 3049 γατέρων,
1403 2994 1467 3042 τὴν
1492 2994 1611 3047 ἑτέραν
1641 2994 1747 3032 ἔδωκε
1767 2993 1947 3046 Φιλίστῳ,
1970 2991 2058 3044 μηδὲ
2083 2991 2216 3046 φράσας

1201 3054 1285 3108 πρὸς
1313 3053 1512 3092 Διονύσιον·
1539 3053 1708 3106 ὀργισθεὶς
1735 3054 1862 3096 ἐκεῖνος
1889 3051 1952 3097 τὴν
1981 3049 2044 3102 μὲν
2070 3056 2216 3101 γυναῖκα

1201 3116 1261 3150 τοῦ
1281 3111 1452 3150 Λεπτίνου
1473 3111 1581 3158 δήσας
1601 3113 1636 3149 ἐν
1654 3110 1774 3154 πέδαις
1802 3108 1977 3163 καθεῖρξε,
2003 3108 2061 3147 τὸν
2085 3107 2121 3146 δὲ
2140 3108 2216 3148 Φί-

1202 3172 1318 3208 λιστον
1341 3169 1485 3216 ἐξήλασε
1514 3168 1675 3211 Σικελίας
1688 3168 1762 3220 (Ol.
1789 3168 1857 3218 98,
1874 3169 1926 3216 4),
1953 3164 2103 3220 φυγόντα
2119 3165 2216 3219 παρὰ

1203 3227 1315 3273 ξένους
1327 3227 1422 3271 τινὰς
1434 3229 1480 3271 εἷς
1491 3226 1550 3265 τὸν
1566 3227 1702 3281 Ἀδρίαν
1712 3242 1720 3250 ·
1734 3225 1818 3264 ὅπου
1833 3225 1890 3262 καὶ
1908 3225 1998 3263 δοκεῖ
2011 3223 2053 3262 τὰ
2069 3225 2215 3262 πλεῖστα

1204 3289 1374 3326 συνθεῖναι
1392 3289 1453 3332 τῆς
1470 3285 1621 3339 ἱστορίας
1640 3284 1819 3337 σχολάζων
1846 3283 1907 3335 (cf.
1930 3283 2026 3321 Plut.
2047 3286 2104 3322 De
2127 3283 2214 3320 exil.

1204 3360 1241 3396 p.
1263 3346 1335 3392 637
1357 3345 1502 3396 steph„
1518 3358 1552 3395 p.
1572 3343 1645 3382 605
1669 3341 1868 3393 Wechel.).
1885 3342 1938 3380 Οὐ
1951 3339 2017 3394 γὰρ
2031 3341 2214 3388 ἐπανῆλθε,
