2320 3684
871 150 1068 190 EPHORI
1098 153 1431 192 FRAGMENTA.

138 301 355 352 Stephanus
371 313 379 337 :
397 238 679 346 Ἔντελα,1τῗο4’λις
690 295 865 339 Σικελίας.
883 294 1036 349 Ἔφορος
1062 295 1117 338 ις’.

83 354 201 400 ’Ἦσαν
219 359 251 397 δ’
278 360 310 397 οἱ
342 360 513 399 οἰκοῦντες
536 354 729 407 Καμπανοὶ
745 353 785 393 τὸ
798 353 914 405 γένος,
932 354 1118 407 σύμμαχοι

86 416 352 472 Καρχηδονίων.
371 416 428 454 Cf.
445 415 641 511 Diodtir2u⁵s
663 417 769 462 XIV,
791 427 829 463 9.

136 535 364 574 Plutarchus
379 537 438 572 De
452 532 605 571 solertia
627 532 778 570 animal.
800 545 838 582 p.
861 530 956 581 959,
976 534 1007 569 E
1026 546 1034 569 :
1053 530 1116 570 Ἐν

85 592 244 640 Ἀθήναις
263 590 402 646 πρῶτός
421 607 472 634 τις
495 589 562 629 ὑπὸ
586 592 656 629 τῶν
677 588 868 645 τριάκοντα
897 587 1118 642 συκοφάντης

83 650 280 699 ἀποθανὼν,
298 649 491 697 ἐπιτήδειος
507 647 657 700 ἐλέχθη,
671 647 729 686 καὶ
747 646 902 700 δεύτερος
916 646 1044 698 ὁμοίως
1056 647 1116 685 καὶ

82 709 212 764 τρίτος·
253 710 293 748 ἐκ
323 707 447 748 τούτου
472 706 509 745 δὲ
547 706 639 746 κατὰ
677 705 800 760 μικρὸν
834 705 902 753 ἤδη
939 704 1118 760 προϊόντες

81 768 234 816 ἥπτοντο
255 770 325 807 τῶν
343 769 519 815 ἐπιεικῶν,
540 766 600 804 καὶ
627 765 726 809 τέλος
753 763 833 803 οὔτε
860 766 930 803 τῶν
964 764 1116 818 ἀρίστων

81 826 280 881 ἀπέσχοντο
299 827 466 865 πολιτῶν.

136 887 192 926 Cf.
207 886 358 925 Sallust.
368 885 477 923 Catil.
491 885 512 922 5
522 885 835 924 12Lacedoemonii
848 885 993 920 devictis
999 883 1119 920 Athe-

81 945 265 984 niensibus·
281 949 428 996 trigima
456 948 556 981 viros
580 947 795 993 imposuere,
829 946 894 992 qui
919 942 1118 992 rempubli-

81 1019 161 1042 cam
181 1019 304 1042 eorum
335 1012 550 1041 tractarent.
571 1006 624 1040 Hi
636 1006 800 1053 primum
826 1016 969 1052 coepere
995 1006 1118 1052 pessi-

81 1078 181 1102 mum
201 1077 393 1114 quemque,
419 1071 456 1100 et
473 1062 639 1099 omnibus
660 1065 827 1106 invisum,
860 1062 1116 1098 indemnatum

81 1137 214 1161 necare
220 1138 235 1169 ,·
253 1137 299 1160 ea
303 1125 465 1173 populus
496 1124 633 1167 loetari,
666 1130 705 1157 et
729 1124 857 1157 merito
875 1122 993 1157 dicere
1010 1122 1115 1169 fieri.

80 1184 172 1220 Post
192 1182 253 1220 ubi
269 1184 474 1233 paullatim
504 1184 650 1217 licentia
677 1183 796 1225 crevit,
819 1184 938 1227 Juxta
955 1179 1065 1216 bonos
1083 1189 1121 1217 et

81 1243 197 1278 malos
212 1241 397 1278 libidinose
410 1241 623 1289 interficere,
642 1248 776 1276 ceteros
791 1247 890 1275 metu
904 1247 1051 1276 terrere.

242 1366 397 1404 LIBER
431 1363 929 1403 DECIMUSSEPTIMUS.

135 1483 329 1521 Diodorus
344 1486 451 1531 XIV,
474 1497 488 1520 1
502 1497 517 1520 1
543 1498 551 1520 :
574 1481 809 1535 Φαρνάὸαζος
841 1483 860 1520 ὁ
889 1481 1038 1535 Δαρείου
1058 1485 1118 1521 τοῦ

39 1555 42 1557 ’
61 1539 63 1541 ’
83 1541 254 1595 βασιλέως
274 1541 457 1596 σατράπης
474 1540 699 1588 Ἇλκιὸιάδην
714 1540 774 1579 τὸν
790 1540 968 1587 Ἀθηναῖον
989 1540 1119 1579 συλλα-

82 1601 154 1640 6ὼν
173 1602 308 1650 ἀνεῖλε,
334 1599 551 1653 χαρίσασθαι
579 1597 788 1651 βουλόμενος
815 1599 1116 1650 Λακεδαιμονίοις.

80 1662 155 1700 Τοῦ
171 1661 201 1698 δ’
221 1658 372 1714 Ἐφόρου
399 1658 442 1697 δι’
475 1657 585 1702 ἄλλας
613 1656 726 1701 αἰτίας
747 1657 1037 1704 ἐπιὸουλευθῆναι
1055 1673 1118 1709 γε-

79 1719 272 1773 γραφότος,
292 1720 356 1756 οὐκ
370 1717 547 1772 ἄχρηστον
568 1709 657 1755 εἶναι
675 1715 807 1767 νομίζω
824 1718 1032 1769 παραθεῖναι
1053 1715 1117 1764 τὴν

80 1779 338 1832 παραδοθεῖσαν
365 1775 434 1815 ὑπὸ
462 1779 523 1814 τοῦ
554 1773 783 1828 συγγραφέως
807 1773 997 1822 ἐπιὸουλὴν
1026 1775 1118 1814 κατὰ

80 1840 141 1875 τοῦ
157 1835 391 1876 Ἀλκιὸιάδου.
409 1834 510 1882 Φησὶ
529 1832 598 1887 γὰρ
618 1833 710 1872 κατὰ
727 1832 792 1881 τὴν
813 1833 1116 1882 ἑπτακαιδεκάτην

83 1894 216 1947 βίὸλον,
235 1897 352 1949 Κῦρον
373 1893 436 1946 μὲν
453 1893 513 1933 καὶ
537 1892 839 1944 Λακεδαιμονίους
863 1892 977 1946 λάθρα
996 1908 1118 1947 παρα-

81 1954 310 2000 σκευάζεσθαι
327 1953 403 2006 ἅμα
417 1954 583 2004 πολεμεῖν
600 1951 686 2007 πρὸς
700 1951 925 2006 Ἀρταξέρξην
937 1951 995 1991 τὸν
1011 1953 1117 1991 ἀδελ-

82 2011 156 2066 φόν.
178 2011 401 2060 Ἀλκιὸιάδην
421 2010 458 2050 δὲ
487 2011 545 2050 διά
563 2026 667 2050 τινων
688 2009 893 2062 αἰσθόμενον
913 2010 978 2058 τὴν
999 2009 1117 2065 Κύρου

80 2071 296 2126 προαίρεσιν,
329 2072 439 2109 ἐλθεῖν
470 2069 556 2124 πρὸς
583 2069 642 2108 τὸν
662 2069 912 2122 Φαρνάὸαζον,
943 2069 1003 2108 καὶ
1035 2069 1116 2123 περὶ

80 2129 211 2169 τούτων
241 2129 477 2182 ἐξηγήσασθαι
508 2129 599 2168 κατὰ
628 2128 750 2183 μέρος,
768 2127 914 2174 ἀξιῶσαι
942 2128 980 2168 δὲ
1011 2129 1114 2168 αὐτὸν

558 2248 645 2281 124.

124 2307 249 2347 Eutaia,
261 2307 339 2339 urbs
350 2306 480 2346 Siciliae,
498 2305 539 2339 de
548 2315 613 2347 qua
622 2306 774 2348 Ephorus
787 2306 870 2338 libro
881 2305 1114 2339 sextodecimo.

82 2356 181 2386 Erant
196 2356 305 2386 autem
323 2354 393 2395 ejus
417 2352 532 2386 incolae
548 2362 662 2395 genere
679 2354 856 2395 Campani,
878 2353 1117 2395 carthaginien-

81 2410 166 2433 sium
179 2410 272 2434 socu.

555 2455 568 2488 1
578 2456 641 2489 25.

121 2507 257 2540 Athenis
270 2507 412 2549 primum
429 2507 546 2549 aliquis
569 2508 770 2549 sycophanta
785 2517 804 2540 a
818 2507 950 2548 triginta
965 2507 1113 2548 tyrannis

81 2556 232 2595 necatus,
256 2554 373 2596 dignus
395 2554 556 2596 supplicio
575 2554 638 2587 fuit
653 2555 880 2595 existimatus,
907 2555 1051 2596 itemque
1070 2564 1115 2587 se·

80 2601 206 2633 cundus
225 2610 264 2634 ac
286 2602 405 2634 tertius
421 2611 429 2632 ε
445 2601 602 2643 paulatim
624 2601 741 2634 deinde
765 2602 789 2634 ii
808 2601 991 2643 progressi,
1014 2602 1113 2634 etiam

80 2647 198 2690 probos
223 2648 447 2690 arripuerunt,
464 2651 497 2681 et
512 2649 554 2681 ad
578 2651 762 2681 extremum
777 2658 818 2682 ne
837 2648 878 2681 ab
897 2648 1030 2690 optimis
1046 2649 1113 2690 qui-

81 2694 154 2728 dem
170 2695 298 2728 civibus
314 2695 543 2728 abstinuerunt
555 2696 720 2738 injuriam.

487 2769 700 2783 ——Omb—

255 2823 408 2862 LIBER
445 2822 672 2863 DECIMUS
678 2823 947 2863 SEPTIMUS.

550 2894 636 2927 126.

120 2951 365 2991 Pharnabazus,
392 2951 480 2982 Darii
508 2950 592 2991 regis
619 2952 785 2992 satrapes,
806 2950 1004 2982 Alcibiadem
1019 2951 1111 2983 Athe-

81 2997 226 3030 niensem
241 2997 368 3030 insidiis
387 2998 649 3030 circumventum
661 3022 670 3038 ,
688 2998 891 3040 gratificandi
907 2998 1111 3030 Lacedaemo—

79 3044 140 3076 niis
153 3045 274 3086 studio,
286 3045 424 3078 necavit.
439 3047 561 3077 Verum
580 3054 683 3086 quum
699 3046 851 3087 Ephorus
867 3045 946 3078 alias
962 3045 1005 3077 ob
1022 3054 1111 3077 caus-

79 3099 133 3123 sas
156 3100 347 3133 oppressum
362 3101 434 3124 esse
449 3091 567 3132 tradat,
584 3101 650 3124 non
666 3093 748 3125 citra
760 3102 867 3133 operae
886 3092 1025 3134 pretium
1042 3092 1110 3125 sore

14 3142 18 3146 ⁴
79 3137 235 3178 arbitror,
254 3139 299 3178 si,
322 3148 388 3180 quo
408 3139 603 3171 insidiarum
630 3139 730 3172 modo
759 3140 924 3172 sublatum
953 3143 1110 3172 memoret

78 3185 278 3218 Alcibiadem
297 3186 349 3218 hic
374 3186 532 3227 scriptor,
553 3186 758 3228 adjiciamus.
780 3190 817 3219 ln
841 3187 1107 3228 septimodecimo

78 3240 153 3273 ergo
169 3233 252 3267 libro
267 3236 388 3274 narrat,
404 3236 526 3274 Cyrum
549 3243 624 3266 cum
643 3234 899 3267 Lacedaemoniis
918 3234 1000 3266 clam
1021 3236 1108 3266 Arta-

80 3280 170 3312 xerxi
196 3280 286 3312 fratri
309 3281 431 3313 bellum
457 3282 575 3314 inferre
608 3282 828 3314 constituisse.
859 3284 941 3319 Quae
971 3280 1108 3313 consilia

77 3335 178 3367 quum
203 3327 383 3360 Alcibiades
407 3328 615 3361 intellexisset
628 3353 637 3369 ‚
655 3329 697 3361 ad
718 3329 964 3361 Pharnabazum
990 3328 1106 3359 itinere

79 3375 240 3415 suscepto,
256 3374 296 3406 de
311 3375 446 3415 singulis
466 3375 633 3407 certiorem
656 3375 748 3407 illum
763 3375 877 3408 fecisse
895 3385 903 3406 :
922 3374 1103 3416 postulasse

2130 162 2208 207 269

1147 253 1152 286 ι
1178 239 1297 277 δοῦναιΙ
1316 240 1517 283 ἀναδάσεως
1546 240 1622 280 ὁδὸν
1652 241 1737 295 πρὸς
1757 241 1999 295 Ἀρταξέρξην·
2026 243 2211 295 βούλεσθαι

1177 297 1243 350 γὰρ
1261 299 1452 352 ἐμφανίσαι
1465 301 1602 353 πρῶτον
1616 299 1680 348 τὴν
1695 299 1883 348 ἐπιδουλὴν
1899 303 1950 354 τῷ
1970 303 2117 354 βασιλεῖ.
2138 302 2210 342 Τὸν

1178 356 1214 393 δὲ
1229 358 1463 410 Φαρνάὸαζον
1483 358 1684 398 ἀκούσαντα
1702 362 1771 398 τῶν
1795 359 1921 412 λόγων,
1942 361 2212 415 σφετερίσασθαι

1176 413 1240 461 τὴν
1268 417 1499 468 ἀπαγγελίαν,
1527 419 1587 457 καὶ
1624 418 1764 473 πέμψαι
1791 419 1936 463 πιστοὺς
1968 419 2094 474 ἄνδρας
2124 421 2211 476 ὑπὲρ

1177 472 1309 512 τούτων
1329 477 1380 528 τῷ
1414 479 1551 528 βασιλεῖ
1574 478 1805 526 δηλώσοντας.
1833 480 1888 518 Οὔ
1913 477 2063 524 διδόντος
2086 479 2122 519 δὲ
2150 485 2212 519 τοῦ

1177 532 1415 585 Φαρναὸάζου
1450 535 1529 581 τοὺς
1557 537 1861 591 παραπέμψοντας
1894 539 1942 582 εἷς
1963 538 2008 577 τὰ
2029 539 2212 591 βασίλεια,

1177 590 1262 644 φησὶ
1282 590 1341 629 τὸν
1357 590 1420 643 μὲν
1436 592 1663 643 Ἀλκιὸιάδην
1684 599 1839 650 ὁρμῆσαι
1852 596 1937 651 πρὸς
1949 596 2007 635 τὸν
2026 597 2211 652 σατράπην

1175 652 1239 696 τῆς
1267 651 1539 703 Παφλαγονίας,
1572 652 1666 699 ὅπως
1699 655 1742 693 δι’
1770 655 1901 694 ἐκείνου
1932 655 2119 703 ποιήσαιτο
2147 655 2211 704 τὴν

1177 707 1362 747 ἀνάδασιν.
1394 709 1466 748 Τὸν
1498 709 1536 748 δὲ
1567 712 1802 765 Φαρνάὸαζον
1823 713 2020 768 φοίῗηθέντα
2047 714 2096 766 μὴ
2132 716 2212 770 περὶ

1175 766 1308 806 τούτων
1329 767 1463 820 ἀκούσῃ
1486 768 1549 816 τὴν
1573 770 1737 817 ἀλήθειαν
1757 774 1775 810 ὁ
1796 771 1975 824 βασιλεὺς,
1999 774 2213 813 ἐπαποστεῖ-

1178 828 1239 865 λαι
1259 825 1340 872 τοὺς
1368 826 1554 873 ἀνελόντας
1579 829 1671 867 κατὰ
1696 829 1760 878 τὴν
1786 831 1862 870 ὁδὸν
1890 832 1949 871 τὸν
1974 833 2212 881 Ἀλκιὸιάδην.

1177 885 1271 930 Τοὺς
1293 885 1329 925 δὲ
1347 886 1612 932 καταλαὸόντας
1628 887 1663 927 ἔν
1677 905 1746 928 τινι
1764 890 1868 943 κώμῃ
1888 894 1950 937 τῆς
1970 892 2132 946 Φρυγίας
2149 908 2215 931 κα-

1176 944 1426 993 τεσκηνωκότα
1439 977 1449 995 ,
1465 946 1589 990 νυκτὸς
1606 951 1798 1001 περιθεῖναι
1821 948 1931 993 ξύλων
1945 952 2089 997 πλῆθος.
2109 951 2213 990 Ἀνα-

1177 1003 1318 1058 φθέντος
1335 999 1394 1043 οῧν
1414 1007 1546 1044 πολλοῦ
1565 1006 1694 1060 πυρὸς,
1707 1006 1766 1045 τὸν
1782 1007 2007 1056 Ἀλκιὸιάδην
2030 1011 2215 1064 ἐπιχειρῆ-

1178 1079 1239 1103 σαι
1259 1064 1322 1116 μὲν
1342 1064 1554 1117 ἀμύνεσθαι,
1574 1065 1794 1118 κρατηθέντα
1815 1066 1851 1104 δὲ
1871 1067 1938 1105 ὑπὸ
1953 1072 2014 1106 τοῦ
2032 1068 2138 1122 πυρὸς
2154 1069 2214 1108 καὶ

1176 1125 1247 1162 τῶν
1265 1125 1313 1169 εἰς
1327 1123 1431 1163 αὐτὸν
1453 1123 1718 1174 ἀκοντιζόντων,
1738 1126 1958 1172 τελευτῆσαι.

1232 1183 1290 1221 Cf.
1312 1186 1443 1235 Nepos
1457 1184 1536 1222 Vit.
1554 1183 1679 1222 Alcib.
1699 1198 1782 1235 cap.
1807 1199 1853 1235 19
1877 1199 1956 1235 seq.
1972 1194 2010 1223 et
2023 1187 2214 1225 Plutarch.

1178 1256 1211 1280 c.
1228 1244 1291 1293 39,
1307 1257 1475 1294 quorum
1491 1252 1654 1294 uterque
1668 1252 1838 1282 sectatur
1856 1245 2070 1296 Ephorum.

1659 1302 1747 1341 127.

1231 1361 1459 1399 Plutarchus
1472 1361 1549 1400 Vit.
1563 1361 1755 1412 Lysandri
1770 1375 1854 1412 cap.
1873 1364 1983 1400 XVII
1996 1376 2005 1399 ε
2019 1363 2216 1413 Lysander

1179 1421 1340 1459 multam
1359 1421 1560 1472 pecuniam
1581 1430 1649 1459 aut
1667 1421 1772 1459 bello
1791 1430 1829 1459 et
1849 1421 2004 1460 tributis
2022 1436 2217 1473 compara-

1179 1488 1271 1529 tam,
1289 1489 1355 1518 aut
1373 1480 1476 1518 dono
1492 1489 1690 1532 acceptam
1705 1481 2023 1519 Lacedaemonem
2044 1482 2215 1530 miserat,

1147 1535 1153 1612 Ι
1179 1553 1296 1591 quam
1323 1540 1471 1591 antiqui
1501 1540 1621 1578 moris
1649 1540 1826 1579 homines
1846 1554 1868 1578 a
1887 1541 2042 1579 civitate
2076 1541 2214 1592 prohi-

1178 1598 1344 1637 bendam
1363 1607 1608 1637 censuerunt.
1623 1598 1695 1638 Καὶ
1706 1597 1920 1651 Θεόπομπος
1934 1598 1997 1650 μέν
2013 1615 2099 1653 φησι
2112 1601 2217 1653 Σκιῤ-

1179 1656 1340 1711 ραφίδαν,
1357 1656 1513 1712 ’Ἔφορος
1530 1656 1565 1696 δὲ
1580 1657 1762 1709 Φλογίδαν
1785 1651 1874 1697 εἶναι
1894 1658 1953 1696 τὸν
1980 1658 2216 1710 ἀποφηνάμε-

1178 1731 1235 1754 νον
1255 1718 1303 1761 ὥς
1325 1718 1363 1755 οὗ
1382 1716 1452 1770 χρὴ
1482 1715 1741 1771 προσδέχεσθαι
1774 1716 1934 1768 νόμισμα
1964 1721 2118 1770 χρυσοῦν
2153 1717 2212 1756 καὶ

1179 1776 1350 1828 ἀργυροῦν
1378 1777 1425 1819 εἰς
1438 1775 1502 1823 τὴν
1519 1774 1635 1825 πόλιν,
1657 1774 1748 1814 ἀλλὰ
1767 1778 1922 1829 χρῆσθαι
1935 1778 1985 1829 τῷ
2003 1775 2153 1839 πατρίῳ.

1231 1834 1380 1873 Ibidem
1408 1849 1493 1887 cap.
1520 1842 1584 1884 24,
1612 1849 1649 1886 p.
1678 1842 1752 1883 447
1787 1835 1898 1887 (coll.
1916 1849 2000 1886 cap.
2021 1849 2070 1872 20
2092 1836 2183 1887 fin.)
2206 1850 2213 1871 :

1177 1894 1265 1948 Τῶν
1281 1894 1545 1946 ἀναμιχθέντων
1576 1896 1767 1948 Δωριεῦσιν
1801 1893 2042 1947 “Ηρακλειδῶν
2062 1893 2123 1932 καὶ
2146 1910 2215 1932 κα-

1177 1950 1370 1991 τελθόντων
1397 1954 1444 1997 εἰς
1478 1951 1766 2001 Πελοπόννησον,
1784 1952 1874 1992 πολὺ
1899 1951 1962 2004 μὲν
2001 1954 2036 1990 ἐν
2063 1952 2213 2005 Σπάρτῃ

1177 2011 1237 2050 καὶ
1257 2012 1421 2066 λαμπρὸν
1445 2011 1576 2059 ἤνθησε
1607 2010 1725 2063 γένος·
1753 2013 1793 2050 οὗ
1820 2011 1927 2050 παντὶ
1953 2011 1982 2049 δ’
2010 2012 2124 2049 αὐτῶν
2151 2014 2215 2059 τῆς

1179 2071 1362 2123 βασιλικῆς
1395 2074 1503 2124 μετῆν
1533 2072 1716 2123 διαδοχῆς,
1743 2071 1821 2110 ἀλλ’
1837 2070 2040 2109 ἐὸασίλευον
2061 2072 2101 2109 ἐκ
2121 2071 2213 2109 δυοῖν

1178 2130 1282 2169 οἴκων
1301 2129 1420 2182 μόνον,
1435 2130 1691 2184 Εὐρυποντίδαι
1711 2130 1770 2169 καὶ
1786 2129 1944 2182 Ἀγιάδαι
1956 2130 2214 2184 προσαγορευό-

1178 2241 1290 2282 etiam,
1308 2244 1345 2274 ut
1359 2243 1577 2274 commeatum
1589 2241 1652 2274 sibi
1666 2241 1708 2273 ad
1723 2250 1830 2282 regem
1844 2241 1986 2273 traderet
2003 2253 2008 2270 :
2025 2241 2212 2273 consultum

1177 2289 1265 2321 enim
1285 2289 1400 2323 videri.
1416 2290 1454 2322 ut
1469 2290 1596 2330 primus
1612 2288 1683 2330 ipse
1697 2289 1737 2321 de
1753 2288 1917 2321 insidiosis
1934 2288 2023 2321 hisce
2039 2287 2212 2329 molitioni-

1176 2335 1240 2368 bus
1253 2345 1358 2376 regem
1384 2336 1543 2368 edoceret.
1564 2336 1813 2368 Pharnabazum
1833 2344 1909 2368 vero
1925 2335 1977 2367 his
1996 2335 2113 2367 auditis
2130 2334 2211 2366 indi-

1175 2383 1263 2415 cium
1277 2383 1339 2415 sibi
1354 2383 1415 2424 ipsi
1426 2383 1624 2422 vindicasse,
1637 2392 1675 2415 ac
1688 2383 1799 2415 missis
1813 2383 1924 2415 statim
1933 2382 2052 2423 quibus
2069 2382 2210 2413 maxime

1175 2429 1299 2470 fideret,
1318 2439 1387 2462 rem
1403 2432 1505 2462 totam
1528 2430 1593 2471 regi
1612 2430 1786 2463 detexisse.
1811 2431 1921 2468 Quum
1938 2430 2046 2469 itaque
2069 2429 2209 2460 Pharna-

1173 2477 1274 2510 bazus
1290 2478 1397 2510 nullos
1411 2478 1514 2518 daret,
1533 2487 1552 2510 a
1567 2478 1686 2519 quibus
1706 2477 1747 2509 ad
1769 2477 1888 2518 regiam
1904 2476 2131 2515 deduceretur,
2157 2475 2206 2507 Al-

1174 2524 1334 2557 cibiadem
1358 2525 1399 2557 ad
1422 2525 1649 2567 Paphlagoniae
1675 2527 1838 2566 satrapam
1861 2524 1922 2556 iter
1943 2524 2140 2564 arripuisse.
2171 2523 2208 2553 ut

1176 2572 1265 2604 illius
1281 2581 1342 2614 ope
1362 2572 1402 2604 ad
1416 2581 1522 2614 regem
1538 2572 1759 2605 contenderet.
1779 2574 1863 2604 Tum
1886 2568 2149 2609 Pharnabazum,
2166 2577 2207 2600 ne

1172 2619 1294 2652 veritas
1318 2620 1383 2661 regi
1401 2620 1613 2661 proderetur,
1630 2619 1782 2659 veritum,
1810 2617 2001 2650 submisisse
2022 2616 2079 2656 qui
2101 2616 2134 2647 in
2152 2615 2207 2647 via

1170 2666 1372 2700 Alcibiadem
1396 2667 1629 2700 interficerent.
1658 2668 1726 2699 Hos
1741 2689 1750 2702 ‚
1775 2674 1877 2707 quum
1899 2665 1933 2696 in
1962 2664 2036 2695 vico
2062 2663 2204 2704 quodam

1171 2714 1320 2756 Phrygiae
1333 2714 1551 2747 diversantem
1564 2713 1861 2755 deprehendissent,
1878 2720 2029 2752 magnam
2042 2711 2204 2751 lignorum

1172 2763 1317 2802 struem,
1334 2761 1543 2794 tabernaculo
1567 2763 1666 2793 noctu
1685 2761 1929 2800 circumgestam
1944 2782 1953 2797 ‚
1977 2757 2204 2797 succendisse,

1170 2808 1366 2850 flammaque
1392 2808 1653 2849 ingravescente,
1673 2806 1890 2845 Alcibiadem,
1911 2805 2082 2837 defendere
2102 2813 2137 2837 se
2156 2813 2205 2836 co·

1169 2859 1301 2889 nantem
1315 2881 1324 2897 ,
1343 2865 1444 2897 quum
1464 2858 1496 2888 et
1511 2855 1552 2887 ab
1567 2856 1640 2896 igne
1656 2858 1688 2886 et
1709 2854 1932 2886 insidiantium
1944 2853 2061 2894 J'aculis
2076 2861 2205 2895 supera-

1170 2907 1270 2946 retur,
1287 2905 1352 2937 illic
1370 2906 1505 2936 mortem
1521 2902 1706 2944 oppetiisse.

1641 2981 1727 3013 127.

1211 3040 1472 3082 sci1·1·haphidam
1481 3039 1710 3080 Theopompus
1725 3037 1823 3070 refert
1833 3061 1843 3078 ,
1853 3038 2003 3079 Ephorus
2012 3038 2201 3080 Phlogidam

1169 3090 1288 3128 fuisse,
1310 3088 1367 3129 qui
1391 3096 1455 3118 non
1483 3086 1702 3126 recipiendam
1726 3086 1851 3126 Spartae
1877 3088 2042 3118 monetam
2070 3095 2201 3119 auream

1172 3139 1224 3171 vel
1238 3140 1421 3178 argenteam
1439 3134 1577 3174 censuit,
1594 3135 1648 3166 sed
1664 3134 1865 3166 retinendam
1883 3134 2032 3176 patriam.

1208 3188 1256 3217 Ex
1268 3184 1455 3225 posteritate
1466 3181 1685 3223 Herculis,qui
1699 3181 1826 3214 confusi
1836 3191 1910 3214 cum
1921 3182 2130 3215 Don‘ensibus
2139 3182 2204 3214 sue-

1167 3235 1242 3264 runt
1252 3234 1284 3263 et
1296 3231 1328 3262 in
1339 3231 1596 3271 Peloponnesum
1608 3231 1844 3269 remeaverunt,
1855 3238 1971 3271 magna
1980 3231 2013 3262 et
2022 3229 2108 3262 clara
2123 3239 2200 3271 gens

1167 3279 1276 3311 ssoruit
1291 3280 1413 3319 Spartae
1430 3286 1516 3309 :non
1532 3276 1668 3309 admissi
1682 3278 1791 3308 tamen
1806 3276 1847 3308 ad
1859 3277 1947 3318 regni
1960 3277 2199 3310 successionem

1166 3334 1280 3358 omnes
1297 3328 1389 3365 sunt,
1407 3333 1521 3357 verum
1537 3324 1631 3356 haesit
1647 3322 1678 3354 id
1697 3332 1795 3365 penes
1814 3323 1897 3356 duas
1914 3324 2021 3357 solum
2040 3324 2198 3363 familias,

1166 3380 1241 3413 quae
1253 3371 1485 3412 Eurypontidae
1497 3373 1529 3403 et
1543 3369 1676 3411 Agiadae
1692 3370 1947 3412 appellabantur.
1966 3371 2073 3405 Ceteri
2087 3379 2127 3404 ex
2150 3379 2200 3410 ge-
