2320 3684
175 190 223 225 46

226 271 368 309 Eadem
400 271 544 309 habent
569 272 705 310 Suidas
727 285 757 308 s.
785 273 822 308 h.
844 286 880 310 v.
913 282 951 311 et
976 275 1135 313 Photius
1153 276 1191 313 in

173 331 262 367 Lex.
284 343 320 380 p.
339 331 434 379 3963
455 330 520 379 qui
540 337 628 367 ante
647 331 755 369 Θεστ.
785 331 958 369 inserunt
977 337 1057 381 τοῦ,
1075 334 1193 373 verba

171 382 209 426 οῧ
229 388 500 439 μνημονεύει-
514 388 712 441 Φορωνίδος
732 390 927 439 omittunt,
959 401 1075 445 atque
1095 394 1191 433 adeo

170 447 351 498 deinceps
368 449 496 497 legunt
513 447 739 498 simpliciter
757 447 804 492 ὥς
817 464 920 502 φησιν
939 450 1144 497 Ἑλλάνικος
1156 455 1190 491 ἐν

170 503 203 542 6‘
218 506 389 557 (Photius
406 506 502 544 adeo
519 506 554 543 ἐν
568 504 616 556 κ’)
631 505 779 551 Ἀτθίδος
791 538 802 557 ,
828 509 995 560 denique
1020 525 1092 562 pro
1109 511 1190 552 Ἀτ-

167 568 262 602 τικοῦ
280 564 423 602 habent
442 565 595 612 ἀστικοῦ,
614 565 721 616 quod
740 580 876 605 verum
901 569 1064 609 videtur.

661 649 697 686 5.

218 726 376 763 Proclus
387 727 434 764 ad
452 727 607 765 Hesiod.
621 741 657 778 p.
681 742 693 765 ι
704 735 724 774 4
735 729 798 776 1,b
815 746 822 767 :
837 729 1042 776 Ἑλλάνικος
1060 735 1190 786 Φορω-

166 782 230 820 νίδι
252 781 321 821 ἀπὸ
342 783 496 838 Ὀρφέως
510 785 613 839 φησὶν
634 782 721 825 εἶναι
739 786 798 825 τὸν
815 787 987 828 Ἡσίοδον.

360 858 389 869 ’
655 878 689 915 6.

214 953 374 990 Proclus
391 953 431 990 in
451 953 536 991 Vita
549 955 719 1001 Homeri,
737 969 823 1005 quae
842 958 992 995 auctior
1008 958 1111 997 edita
1130 969 1187 998 est

161 1025 182 1049 e
205 1011 290 1048 cod.
313 1012 568 1049 Escurialensi
587 1012 626 1048 in
653 1015 857 1051 Bibliotlzek
872 1018 944 1052 der
962 1020 1025 1054 alc.
1057 1018 1185 1056 Litter.

160 1072 242 1106 and
263 1072 403 1116 Kanst,
428 1079 527 1120 part.
557 1071 588 1118 I,
614 1072 752 1110 Inedit.
776 1087 813 1124 p.
844 1073 1108 1121 8τἙλλάνικος
1126 1079 1187 1117 καὶ

160 1127 356 1179 Δαμάστης
377 1128 438 1166 καὶ
454 1129 655 1183 Φερεκύδης
671 1132 718 1173 εἷς
738 1131 872 1185 Ὀρφέα
891 1132 931 1171 τὸ
953 1133 1048 1185 γένος
1065 1136 1183 1190 παρά-

158 1201 277 1237 γουσιν
297 1187 413 1225 αὐτοῦ.
434 1187 574 1226 Μαίονα
591 1188 659 1242 γάρ
676 1205 761 1243 φασι
779 1190 837 1228 τὸν
858 1191 1018 1246 Ὁμήρου
1035 1194 1184 1247 πατέρα,

158 1244 218 1282 καὶ
233 1247 315 1284 Δῖον
334 1245 393 1284 τὸν
413 1244 578 1285 Ἡσιόδου
597 1246 756 1299 γενέσθαι
786 1249 984 1295 Ἀπελλίδος
996 1282 1006 1299 ,
1026 1256 1086 1290 τοῦ
1106 1255 1185 1291 Με-

158 1304 345 1351 λανωποῦ,
374 1308 435 1343 τοῦ
473 1305 735 1359 Ἐπιφραδέως,
771 1311 830 1346 τοῦ
859 1309 1090 1362 Χαριφήμου,
1126 1315 1186 1350 τοῦ

158 1362 407 1416 Φιλοτερπέως
420 1394 429 1410 ,
449 1367 508 1402 τοῦ
528 1364 703 1415 Ἰδμονίδα
715 1396 725 1414 ,
740 1370 800 1404 τοῦ
820 1366 1015 1416 Εὐκλέους,
1033 1374 1092 1408 τοῦ
1108 1372 1185 1409 Δω·

157 1419 293 1473 ρι’ωνος,
309 1426 367 1460 τοῦ
391 1421 556 1475 Ὀρφέως.

655 1516 688 1553 7.

211 1601 315 1639 Idem
334 1603 489 1640 Proclus
520 1604 557 1640 in
589 1603 723 1641 eadem
749 1604 837 1642 Vita
856 1608 1026 1655 Homeri,
1054 1622 1090 1659 p.
1118 1624 1183 1646 11:

156 1659 314 1714 Γέγραφε
345 1660 501 1707 ποιήσεις
518 1660 589 1708 δύο,
630 1661 764 1700 Ἰλιάδα
806 1663 865 1701 καὶ
884 1663 1107 1714 Ὀδύσσειαν,
1140 1667 1182 1715 ἦν

154 1718 274 1756 Ξένων
295 1719 353 1757 καὶ
375 1719 579 1764 Ἑλλάνικος
599 1722 802 1773 ἀφαιροῦσιν
823 1724 926 1761 αὐτοῦ
940 1739 948 1747 ·
963 1726 994 1762 οἱ
1010 1724 1128 1775 μέντοι
1144 1742 1182 1778 γε

153 1779 292 1831 ἀρχαῖοι
316 1778 375 1816 καὶ
399 1777 455 1817 τὸν
475 1779 613 1818 Κύκλον
633 1780 860 1834 ἀναφέρουσιν
877 1784 923 1825 εἷς
938 1783 1052 1822 αὖτόν.

206 1841 311 1874 «Pro
330 1837 450 1875 Ξένων
485 1839 646 1876 fortasse
679 1841 944 1890 reponendum
965 1851 1022 1880 est
1045 1843 1180 1891 Ζήνων,

152 1911 276 1947 neque
307 1906 432 1935 tamen
462 1899 566 1936 hunc
591 1898 688 1936 bene
718 1913 804 1937 cum
829 1902 1028 1940 Hellanico
1055 1902 1179 1955 jungi,

151 1957 323 2006 Heynius
350 1957 530 1994 ostendit.
556 1958 746 2007 Equidem
782 1959 916 1997 vellem
947 1962 1180 1999 nominasset

150 2013 277 2052 bonus
300 2014 459 2052 Proclus
484 2015 569 2052 illos
597 2016 817 2066 scriptores,
847 2019 914 2068 qui
943 2019 1040 2057 adeo
1078 2022 1178 2058 anti—

151 2073 217 2122 qui
252 2082 389 2119 essent,
418 2082 462 2110 ut
497 2075 642 2124 opponi
656 2084 759 2113 recte
786 2086 943 2126 possent
965 2079 1177 2128 Hellanico,

149 2131 398 2169 historiarum
417 2132 573 2182 quidem
595 2134 756 2172 auctori.
774 2136 920 2183 Quidni
949 2151 1040 2175 vero
1076 2140 1176 2176 Hel·
1203 2140 1208 2151 ⁶

150 2190 295 2227 lanicus
352 2192 622 2241 grammaticus
669 2193 743 2230 hoc
786 2194 872 2232 loco
916 2195 1178 2246 intelligatur?

149 2252 290 2289 Saltem
311 2252 342 2288 is
362 2265 448 2289 cum
466 2255 619 2290 Zenone
643 2253 774 2304 aliquo
789 2257 1051 2303 grammatico,
1075 2270 1112 2295 v.
1139 2271 1171 2296 c.

148 2309 323 2358 Mymfio,
338 2309 449 2359 jungi
480 2319 583 2349 recte
609 2319 748 2361 potest.
777 2314 902 2363 Magis
929 2324 1054 2352 tamen
1079 2315 1171 2353 mihi

149 2367 329 2417 placeret,
349 2370 414 2418 qui
442 2382 581 2407 nomen
603 2379 831 2421 corruptum
861 2371 981 2410 Ξένων
1004 2383 1173 2412 mutaret

149 2426 187 2462 in
206 2425 329 2472 Ἰξίων,
349 2435 389 2464 ut
417 2428 696 2478 intelligeretur
722 2431 942 2469 Demetrius
962 2433 1168 2483 Adramyt-

912 189 1187 228 HELLANICI
1216 189 1540 236 FRAGMENTA.

1252 285 1373 328 tenus,
1389 284 1456 333 qui
1487 299 1563 322 non
1590 300 1678 323 raro
1700 288 1923 338 simpliciter
1945 291 2018 329 hoc
2042 294 2268 343 cognomine

1250 335 1358 381 Ἰξίων
1375 344 1630 393 appellatur.»
1666 348 1790 387 Sturz.
1822 350 1954 400 Adjeci
1977 351 2019 398 ἣν
2041 361 2128 391 ante
2147 353 2266 392 Ξένων

1249 408 1297 433 ex
1309 400 1457 464 codice.
1476 404 1716 444 Hellanicum
1737 410 2024 457 grammaticum
2056 411 2130 449 dici
2152 412 2267 450 hodie

1248 464 1338 494 satls
1359 468 1518 499 constat.

1691 581 1834 591 «ψ-

1618 682 1902 721 ΒΟΙΩΤΙΛΚΑ.

1736 793 1771 830 8.

1294 893 1425 931 Schol.
1441 897 1595 933 Homer.
1620 898 1664 935 Il.
1680 901 1721 942 B,
1739 904 1828 948 494,
1848 912 1886 949 p.
1903 900 1964 947 80,
1985 901 2031 944 43
2050 901 2107 938 ed.
2127 903 2264 942 Bekh:

1241 949 1290 991 ‘H
1327 953 1476 992 Βοιωτία
1506 959 1710 1010 τοπρότερον
1745 957 1857 996 Ἀονία
1893 961 2069 1008 ἐκαλεῖτο,
2095 959 2163 999 ἀπὸ
2194 964 2263 1000 τῶν

1242 1011 1494 1050 κατοικούντων
1531 1015 1565 1052 ἐν
1607 1016 1694 1067 αὐτῇ
1733 1015 1868 1055 Ἀόνων.
1918 1018 2181 1070 Μετωνομάσθη
2226 1018 2263 1058 δὲ

1244 1069 1394 1108 Βοιωτία
1424 1070 1516 1110 κατὰ
1547 1072 1609 1123 μέν
1638 1090 1753 1123 τινας,
1773 1075 1841 1114 ἀπὸ
1870 1078 2022 1115 Βοιωτοῦ
2053 1082 2113 1116 τοῦ
2131 1080 2263 1118 Ποσει-

1243 1127 1348 1171 δῶνος
1369 1128 1439 1178 (sic
1455 1135 1590 1171 Venet.
1608 1147 1616 1169 τ
1636 1134 1789 1183 vulgata
1819 1135 1983 1182 scholia,
2017 1137 2090 1174 υἱοῦ
2114 1135 2265 1186 Ἰτώνου,

1241 1185 1514 1241 ἢΠοσειδῶνος)
1543 1190 1602 1229 καὶ
1630 1190 1764 1244 Ἄρνης.
1788 1191 1886 1242 [Ἴῖτι
1918 1193 1954 1231 δὲ
1972 1195 2118 1233 Βοιωτοὶ
2137 1197 2265 1245 τιμῶσι

1242 1243 1299 1282 τὸν
1331 1246 1535 1300 προπάτορα
1562 1250 1694 1298 αὐτῶν,
1722 1251 1887 1299 Βοιωτὸν,
1923 1251 1995 1290 υἱὸν
2033 1253 2263 1298 Ποσειδῶνος.

1243 1305 1337 1348 Quae
1375 1305 1517 1343 omittit
1547 1309 1660 1357 Ven.]
1705 1309 1795 1346 Καθ’
1834 1308 1969 1363 ἑτέρους
2003 1309 2061 1359 δὲ,
2097 1310 2166 1350 ἀπὸ
2202 1315 2264 1360 τῆς

1242 1362 1421 1409 ἐλαθείσης
1443 1363 1535 1402 κατὰ
1559 1365 1613 1411 τὸ)
1632 1365 1872 1420 πυθόχρηστον
1907 1367 1975 1407 ὑπὸ
2002 1367 2150 1420 Κάδμου
2175 1369 2263 1422 βοός.

1244 1421 1415 1474 Εὐρώπης
1433 1423 1512 1476 γὰρ,
1543 1427 1604 1471 τ’ἧς
1622 1425 1787 1470 Φοίνικος
1817 1426 1999 1481 θυγατρὸς,
2036 1428 2076 1466 ἐκ
2115 1429 2266 1474 Σιδῶνος

1242 1479 1308 1517 ὑπὸ
1343 1479 1422 1525 Διὸς
1454 1482 1690 1536 ἁρπαγείσης,
1726 1484 1868 1536 Κάδμος
1901 1489 1919 1524 ὁ
1953 1485 2096 1539 ἀδελφὸς
2136 1487 2261 1533 αὐτῆς,

1241 1538 1329 1577 κατὰ
1350 1539 1492 1587 ζήτησιν
1512 1542 1679 1596 πεμφθεὶς
1695 1542 1762 1581 ὑπὸ
1777 1547 1836 1582 τοῦ
1852 1543 1999 1597 πατρὸς,
2016 1545 2063 1588 ὡς
2086 1546 2152 1597 οὔχ
2167 1539 2262 1598 εὗρεν

1241 1597 1349 1645 αὐτὴν
1375 1601 1479 1647 (Haec
1494 1602 1622 1639 omnia
1638 1603 1819 1640 videntur
1838 1617 1918 1641 esse
1937 1602 2055 1641 verba
2085 1604 2262 1642 Scholia-—

1240 1668 1318 1706 stae,
1335 1661 1401 1710 qui
1419 1661 1658 1699 narrationes
1672 1663 1858 1700 Hellanici
1872 1670 1909 1700 et
1929 1662 2156 1713 Apollodori
2175 1664 2262 1714 (111,

1245 1734 1277 1764 1,
1306 1720 1340 1770 1)
1359 1720 1398 1757 in
1418 1735 1532 1758 unam
1555 1722 1788 1760 conflaverit.
1809 1725 1904 1769 Quae
1929 1736 2019 1760 mox
2034 1730 2260 1772 sequuntur,

1240 1793 1281 1817 ea
1302 1780 1379 1818 fere
1403 1780 1450 1818 ad
1475 1779 1631 1818 verbum
1657 1780 1773 1818 habet
1794 1781 2020 1832 Apollodor.
2045 1783 2118 1827 ΙΙΙ,
2152 1786 2187 1827 4,
2229 1795 2260 1830 1,

1239 1839 1292 1876 ita
1311 1848 1354 1876 ut
1385 1853 1428 1878 ea
1447 1840 1572 1878 videri
1602 1841 1724 1891 possit
1754 1854 1800 1878 ex
1823 1840 2021 1878 Hellanico
2055 1839 2260 1891 hausisse),

1237 1891 1319 1943 ἧκεν
1334 1899 1381 1941 εἷς
1399 1898 1551 1952 Δελφοὺς
1571 1897 1756 1953 ἐρωτήσων
1777 1897 1835 1937 τὸν
1856 1898 1942 1938 θεόν.
1957 1897 2003 1937 Ὅ
2023 1897 2060 1936 δὲ
2077 1896 2151 1942 θεὸς
2165 1891 2258 1936 εἶπεν

1237 1957 1348 2009 αὐτῷ,
1391 1957 1471 2009 περὶ
1517 1957 1580 2008 μὲν
1626 1957 1802 2011 Εὐρώπης
1847 1956 1896 2008 μὴ
1943 1958 2258 2010 πολυπραγμονεῖν,

1235 2017 1388 2067 χρῆσθαι
1416 2015 1452 2053 δὲ
1481 2017 1664 2069 καθοδηγῷ
1705 2013 1772 2068 βοῒ,
1796 2016 1856 2055 καὶ
1890 2015 1990 2054 πόλιν
2019 2017 2089 2054 ἐκεῖ
2118 2014 2256 2062 κτίζειν,

1235 2072 1315 2111 ἔνθα
1334 2073 1374 2112 ἂν
1393 2074 1480 2122 αὕτη
1502 2077 1548 2118 εἷς
1563 2073 1607 2112 τὰ
1636 2074 1729 2119 δεξιὰ
1765 2074 1850 2126 πέσῃ
1883 2077 2056 2126 καμοῦσα.
2090 2075 2257 2112 Τοιοῦτον

1233 2131 1350 2172 λαὸὼν
1378 2133 1554 2186 χρησμὸν,
1581 2133 1636 2172 διὰ
1658 2133 1816 2173 Φωκέων
1840 2132 2032 2187 ἐπορεύετο.
2066 2125 2169 2179 Εἶτα,
2202 2127 2258 2183 βοῒ

1233 2190 1411 2243 συντυχὼν
1446 2191 1543 2245 παρὰ
1572 2198 1642 2236 τοῖς
1671 2192 1869 2243 Πελάγονος
1902 2190 2110 2244 βουκολίοις,
2144 2188 2255 2242 ταύτῃ

1231 2249 1447 2303 πορευομένῃ
1463 2250 1609 2289 κατόπιν
1627 2249 1753 2289 εἵπετο.
1780 2250 1827 2290 ‘H
1861 2249 1898 2289 δὲ
1928 2250 2098 2295 διεξιοῦσα
2137 2254 2254 2287 πᾶσαν

1232 2309 1413 2358 Βοιωτίαν,
1433 2309 1612 2357 ὄκνήσασα
1633 2310 1795 2357 ἀνεκλίθη
1808 2340 1818 2359 ,
1839 2309 1920 2348 ἔνθα
1929 2313 1988 2348 νῦν
2007 2308 2091 2347 εἰσὶν
2109 2309 2146 2346 αἱ
2179 2307 2258 2354 Θῆ-

1231 2371 1302 2410 6αι.
1347 2368 1560 2421 Βουλόμενος
1599 2369 1636 2407 δὲ
1674 2369 1800 2422 Ἀθηνᾷ
1831 2367 1895 2415 τὴν
1935 2370 2015 2420 βοῦν
2044 2369 2255 2413 καταθῦσαι,

1227 2430 1360 2483 πέμπει
1377 2426 1471 2472 τινὰς
1492 2431 1560 2467 τῶν
1581 2428 1655 2479 μεθ’
1676 2429 1817 2476 ἑαυτοῦ,
1834 2421 2253 2480 ληψόμενουςζνὶἰοίεοη.

644 2609 681 2641 5.

187 2687 372 2741 Hellanicus
386 2688 420 2720 in
436 2687 619 2720 Phoronide
626 2687 804 2720 Hesiodum
823 2688 902 2720 dicit
919 2689 959 2720 ab
975 2689 1107 2730 Orpheo
1114 2690 1172 2722 du-

146 2743 216 2768 cere
231 2735 397 2775 originem.

639 2819 674 2850 6.

186 2892 368 2925 Hellanicus
395 2894 428 2923 et
441 2891 610 2923 Damastes
634 2891 667 2922 et
690 2889 890 2930 Pherecydes
906 2888 1038 2921 Homeri
1069 2897 1170 2929 genus

145 2939 185 2971 ad
202 2939 364 2979 Orpheum
381 2938 535 2970 referunt.
551 2939 713 2970 Maeonem
729 2936 830 2975 enim,
845 2937 970 2977 patrem
983 2935 1126 2974 Homeri,
1140 2936 1172 2966 et

145 2985 252 3024 Dium,
270 2986 401 3017 Hesiodi
421 2987 556 3026 patrem,
578 2984 681 3016 filium
697 2992 769 3016 esse
785 2983 898 3015 dicunt
914 2982 1085 3024 ApellidiS‚
1106 2983 1168 3013 Me·

145 3033 261 3073 lanopi‚
279 3033 482 3073 Epiphradei,
502 3030 721 3073 Chariphemi,
741 3029 948 3072 Philoterpei,
972 3028 1165 3068 Idmonidae,

146 3079 280 3118 Eucleis‚
301 3079 462 3118 Dorionis,
479 3079 608 3120 Orphei.

637 3149 671 3180 7.

184 3222 343 3253 Homerus
360 3221 487 3262 scripsit
503 3222 568 3254 duo
587 3222 733 3255 carmina
747 3246 756 3262 ‚
782 3221 915 3254 Iliadem
930 3223 962 3253 et
975 3220 1168 3261 Odysseam,

144 3276 241 3309 quam
257 3269 452 3309 postremam
466 3268 507 3299 ab
520 3270 660 3301 Homero
674 3269 851 3310 profectam
867 3276 938 3300 esse
952 3269 1070 3308 negant
1087 3268 1172 3298 Zeno

143 3317 176 3347 et
190 3314 389 3354 Hellanicus3
405 3315 458 3346 sed
488 3315 611 3356 antiqui
627 3325 692 3349 nou
708 3315 811 3348 solum
824 3315 905 3354 haec,
920 3314 975 3347 sed
1001 3314 1096 3348 etiam
1113 3315 1173 3354 Cy-

144 3360 230 3393 clum
246 3362 273 3392 ei
288 3361 479 3392 attribuunt.

1604 2599 1866 2640 BOEOTICA.

1722 2704 1758 2736 8.

1273 2794 1396 2825 Boeotia
1416 2793 1506 2834 prius
1528 2791 1632 2824 Aonia
1653 2789 1869 2831 appellabatur
1890 2788 1931 2820 ab
1953 2787 2099 2820 Aonihus
2123 2788 2248 2829 incolis,

1230 2841 1314 2882 quod
1330 2841 1363 2872 in
1370 2840 1503 2872 Boeotiae
1512 2847 1628 2871 nomen
1637 2839 1797 2869 mutatum
1810 2844 1881 2868 esse
1892 2834 2040 2867 nonnulli
2049 2834 2251 2868 contendunt

1229 2896 1248 2918 a
1263 2889 1386 2926 Boeoto‚
1403 2886 1499 2926 (Itoni
1518 2887 1584 2924 aut)
1600 2884 1740 2926 Neptuni
1758 2893 1798 2916 ex
1817 2885 1901 2916 Arne
1916 2881 1993 2914 filio.
2008 2881 2127 2923 [Atque
2139 2881 2250 2936 etiam:

1228 2943 1307 2965 num
1320 2934 1423 2966 Boeoti
1435 2934 1578 2974 primum
1593 2933 1757 2963 auctorem
1769 2929 1930 2962 celebrant
1936 2931 2096 2968 Boeotum,
2109 2929 2249 2970 Neptuni

1229 2980 1356 3021 filium.]
1380 2982 1500 3013 contra
1516 2979 1569 3011 alii
1585 2987 1604 3010 a
1620 2978 1703 3010 bove
1713 3001 1722 3017 ,
1749 2986 1847 3017 quam
1865 2975 1986 3008 oraculi
1998 2976 2090 3016 jussu
2105 2974 2249 3007 cadmus

1227 3027 1313 3067 egit,
1337 3035 1454 3058 nomen
1485 3026 1671 3058 desumtum
1689 3032 1759 3055 esse
1784 3023 1906 3055 dicunt.
1935 3021 2062 3054 Etenim
2078 3022 2250 3063 postquam

1228 3076 1390 3114 Europam
1407 3097 1418 3112 ‚
1445 3072 1608 3104 Phoenicis
1629 3070 1728 3102 filiam
1743 3094 1753 3110 ‚
1777 3078 1795 3101 e
1810 3069 1928 3101 Sidone
1943 3068 2072 3109 Jupiter
2087 3070 2246 3109 rapuerat,

1229 3119 1372 3152 Cadmus
1386 3119 1493 3158 frater,
1508 3120 1545 3150 ut
1551 3125 1693 3150 sororem
1705 3118 1862 3156 quaereret
1874 3117 1990 3156 apatre
2002 3114 2136 3154 missus,
2143 3123 2245 3155 quum

1226 3174 1299 3198 eam
1314 3175 1379 3198 non
1395 3166 1565 3204 inveniret,
1581 3163 1722 3205 Delphos
1738 3162 1826 3194 venit
1840 3161 1938 3194 deum
1957 3160 2174 3200 consulturus,
2191 3160 2248 3201 qui

1227 3211 1271 3243 illi
1302 3221 1343 3244 ne
1374 3213 1499 3244 curiose
1511 3211 1552 3243 de
1565 3213 1694 3250 Europa
1707 3210 1863 3249 quaereret
1883 3207 2048 3249 respondit
2062 3230 2072 3246 ,
2090 3207 2147 3240 sed
2164 3206 2247 3239 bove
2311 3213 2320 3218 ‘

1229 3264 1291 3296 viae
1307 3264 1389 3296 duce
1404 3264 1452 3295 uti
1476 3262 1574 3303 ¹jussit
1589 3264 1684 3301 atque
1698 3260 1809 3292 urbem
1838 3259 1976 3291 condere
1991 3258 2177 3299 ubicunque
2192 3258 2246 3290 illa

1227 3309 1422 3342 ambulando
1447 3308 1572 3340 defessa
1598 3306 1833 3348 procumberet.
1871 3308 1942 3343 Quo
1969 3306 2023 3338 ille
2051 3306 2181 3346 accepto
2198 3311 2245 3335 re-

1230 3365 1348 3401 sponso
1363 3365 1419 3398 per
1434 3354 1647 3388 Phocensium
1663 3355 1779 3385 terram
1804 3353 1864 3386 iter
1887 3353 2022 3385 faciebat
2037 3363 2046 3391 ;
2075 3360 2151 3383 mox
2167 3349 2243 3382 bovi
