2320 3684
184 172 228 210 84

660 257 723 294 46.

235 312 371 349 Suidas
386 327 392 349 :
407 308 496 357 “1“ης
509 340 518 358 ,
533 309 623 348 “rou
637 323 644 332 ·
667 307 820 346 ἐπίθετον
840 306 1024 356 Διονύσου,
1035 309 1082 351 ὡς
1095 307 1203 347 Κλεί-

185 370 302 421 δημος.
322 367 489 415 Ἐπειδὴ,
510 367 627 419 φησὶν,
648 367 870 416 ἐπιτελοῦμεν
887 364 948 410 τὰς
965 365 1083 409 θυσίας
1098 367 1203 420 αὐτῷ,

147 455 153 460 -
186 428 262 466 καθ’
282 427 318 466 ὃν
338 430 356 466 ὁ
373 426 444 469 θεὸς
461 424 512 463 ὕει
528 423 665 478 χρόνον.
684 423 730 463 Ὁ
753 422 790 461 δὲ
810 422 1032 477 Φερεκύδης,
1052 423 1115 471 τὴν
1133 426 1205 464 Σε-

187 485 297 537 μέλην
317 484 410 531 ζ’Υην
426 482 606 534 λέγεσθαι·
631 481 690 520 καὶ
706 480 767 525 τὰς
781 485 842 520 τοῦ
859 481 1027 520 Διονύσου
1045 481 1205 536 τροφοὺς,

185 543 325 586 Ὑάδας.
356 542 498 579 Eadem
525 542 605 580 fere
640 541 786 578 habent
807 540 966 578 Photius
994 541 1034 578 in
1065 542 1206 580 Lexico

190 616 226 653 p.
255 603 343 647 452,
368 600 530 650 Etymol.
548 603 600 637 M.
622 608 660 637 et
678 600 882 638 Phavorin.

239 659 365 696 Schol.
386 658 492 695 Arati
505 658 698 695 Phaenom.
725 671 820 701 172:
838 657 961 703 Θαλῆς
978 655 1043 708 μὲν
1061 656 1121 695 δύο
1140 658 1207 695 αὐ-

186 715 246 760 τὰς
265 717 446 768 (Hyadas)
470 709 564 754 εἶπεν
590 709 696 764 εἶναι,
721 714 784 762 τὴν
805 713 868 766 μὲν
905 715 1052 767 βόρειον,
1078 714 1142 762 τὴν
1172 715 1208 754 δὲ

188 773 311 812 νότιον.
330 773 521 827 Εὐριπίδης
544 772 580 811 δὲ
603 775 638 811 ἐν
658 775 708 827 τῷ
728 772 925 822 Φαέθοντι,
949 779 1051 826 τρεῖς.
1073 773 1210 826 Ἀχαιὸς

189 833 244 881 δὲ,
263 831 304 870 δ’.
327 830 470 875 Ἱππίας
488 831 524 870 δὲ
546 830 606 869 καὶ
627 829 848 885 Φερεκύδης,
868 830 911 876 ζ’.
933 829 976 869 Ἥ
1008 830 1045 869 δὲ
1070 847 1210 885 προσω-

189 891 295 942 νυμία
312 890 418 939 ἐστὶν,
437 889 490 928 ὅτι
513 889 572 928 τὸν
596 888 761 929 Διόνυσον
780 889 1023 943 ἀνεθρέψαντο.
1040 889 1133 938 αΥης
1155 891 1208 939 δὲ,

188 952 206 987 ὁ
225 949 388 992 Διόνυσος
408 963 444 988 v.
462 963 546 999 quae
562 949 610 986 de
626 949 766 987 Bacchi
782 949 937 987 nomine
952 949 1069 987 habet
1081 950 1208 988 Schol.

189 1008 345 1046 Aristid.
367 1022 406 1058 p.
436 1010 507 1046 103
528 1008 731 1046 Frommel.

243 1067 371 1104 Schol.
388 1070 543 1105 Homer.
558 1067 602 1105 Il.
621 1067 665 1113 Σ,
687 1067 760 1110 486
775 1080 784 1103 2
804 1064 895 1109 Τοὺς
905 1064 963 1103 ἐπὶ
976 1067 1045 1104 τῶν
1056 1065 1210 1119 κεράτων

190 1127 251 1162 τοῦ
272 1123 414 1177 Ταύρου
439 1124 529 1162 ἑπτὰ
559 1123 706 1177 ἀστέρας
734 1123 920 1174 κειμένους.
948 1125 1148 1161 Καλοῦνται
1174 1123 1211 1161 δὲ

190 1180 314 1224 Ὑάδες
325 1212 335 1230 ,
353 1181 431 1229 ἤτοι
448 1180 505 1220 διὰ
521 1180 583 1228 τὴν
606 1181 690 1235 πρὸς
706 1181 745 1220 τὸ
762 1182 796 1220 Υ
813 1186 984 1232 στοιχεῖον
1000 1179 1189 1231 ὁμοιότητα
1201 1210 1212 1229 ,

190 1238 350 1287 ἢέπειδὴ
364 1239 468 1277 αἴτιοι
486 1238 627 1293 ὄμὸρων
650 1239 709 1277 καὶ
735 1241 840 1276 ὑετῶν
864 1238 1100 1276 καθίστανται.
1127 1238 1213 1283 Ζεὺς

191 1298 232 1335 ἐκ
265 1301 326 1336 τοῦ
365 1301 477 1352 μηροῦ
500 1296 708 1349 γεννηθέντα
736 1296 901 1335 Διόνυσον
932 1302 1006 1340 ταῖς
1033 1296 1214 1335 Δωδωνίσι

193 1354 356 1410 Νύμφαις
373 1355 508 1409 τρέφειν
522 1354 662 1403 ἔδωκεν,
682 1354 875 1408 Ἀμὸροσίᾳ
886 1385 897 1402 ,
926 1354 1122 1408 Κορωνίδι,
1139 1356 1215 1393 Εὐ-

193 1412 285 1466 δώρῃ
299 1445 309 1463 ,
326 1414 441 1465 Διώνῃ
455 1445 462 1463 ,
484 1412 621 1465 Αἶσύλῃ
634 1443 644 1461 ,
662 1411 825 1457 Πολυξοῖ.
842 1407 956 1452 Αἷται
973 1412 1143 1466 θρέψασαι
1155 1412 1213 1451 τὸν

192 1471 372 1520 Διόνυσον,
387 1471 574 1524 περιῄεσαν
593 1470 652 1509 σὺν
674 1473 767 1524 αὐτῷ
779 1502 790 1520 ,
806 1470 870 1519 τὴν
890 1473 1084 1524 εὑρεθεῖσαν
1100 1470 1215 1522 ἄμπε-

191 1532 250 1568 λον
272 1530 339 1568 ὓπὸ
371 1534 432 1568 τοῦ
455 1533 532 1569 θεοῦ
562 1536 634 1573 τοῖς
657 1529 851 1583 ἀνθρώποις
877 1529 1117 1583 χαριζόμεναι.
1143 1532 1216 1569 Λυ-

193 1592 336 1641 κοῦργος
355 1588 390 1627 δὲ
411 1588 516 1641 μέχρι
531 1591 592 1635 τῆς
615 1588 793 1635 θαλάσσης
812 1586 994 1633 συνεδίωξε
1012 1588 1071 1627 τὸν
1089 1588 1216 1627 Διόνυ-

194 1661 265 1685 σον.
302 1646 462 1690 Ἔκείνας
483 1645 519 1684 δὲ
551 1646 695 1693 ἐλεήσας
724 1649 742 1686 ὁ
771 1645 856 1691 Ζεὺς
882 1645 1144 1700 κατηστέρισεν.
1171 1647 1215 1686 ‘H

195 1705 329 1759 ἱστορία
354 1704 451 1759 παρὰ
471 1705 666 1758 Φερεκύδῃ.

247 1765 344 1802 Ibid.
373 1765 504 1815 paullo
533 1774 620 1815 post
640 1779 649 1802 :
670 1763 894 1817 Φερεκύδης,
917 1763 1073 1818 καθάπερ
1100 1764 1217 1826 πὴροεί-

196 1838 297 1876 ρηται
310 1852 320 1870 ,
337 1823 398 1866 τὰς
416 1821 548 1866 ζΥοίδας
579 1822 784 1865 Δωδωνίδας
808 1822 957 1876 Νύμφας
984 1823 1088 1876 φησὶν
1105 1827 1214 1871 εἶναι,

195 1881 254 1919 καὶ
274 1880 440 1919 Διονύσου
457 1880 612 1933 τροφούς.
633 1879 693 1924 Ἃς
714 1879 1024 1933 παρακαταθέσθαι
1050 1880 1108 1919 τὸν
1128 1880 1215 1919 Διό-

195 1955 295 1977 νυσον
311 1942 355 1991 τῇ
373 1939 455 1978 Ἰνοῖ
468 1938 524 1977 διὰ
542 1939 599 1977 τὸν
617 1941 679 1985 τ’ἧς
693 1937 747 1978 “H
751 1954 810 1991 ρας
827 1937 945 1992 (Pdeme.
976 1939 1063 1978 Καθ’
1082 1938 1119 1978 ὃν
1139 1955 1216 1978 και-

196 1997 252 2050 ρὸν
272 1997 332 2036 καὶ
349 1996 454 2040 αὐτὰς
472 2000 671 2051 Λυκοῦργος
687 1995 817 2041 ἐδίωξε.

246 2058 382 2107 Hygin.
408 2060 511 2094 Poet.
535 2059 688 2094 Astron.
717 2069 755 2102 2,
781 2069 846 2103 αι,
878 2069 916 2106 p.
953 2056 1217 2105 395:Hyades

193 2116 416 2163 Pherecydes
438 2116 671 2151 Atheniensis
700 2113 824 2151 Liberi
851 2118 1008 2150 nutrices
1041 2128 1118 2150 esse
1149 2116 1215 2151 de-

193 2183 383 2219 monstrat,
401 2187 550 2210 numero
567 2182 717 2222 septem,
735 2187 826 2221 quas
843 2177 952 2209 etiam
969 2182 1082 2209 antea
1095 2175 1216 2220 Nym-

190 2233 285 2280 phas
303 2233 514 2268 Dodonidas
538 2233 754 2280 appellatas.
779 2234 921 2267 Harum
960 2235 1110 2267 nomina
1131 2241 1219 2268 sunt

193 2291 272 2326 ltoec
288 2305 299 2325 .·
321 2289 526 2335 Ambrosia,
558 2291 722 2335 Eudora,
749 2290 917 2337 Phesyle,
949 2289 1108 2334 Coronis,
1140 2291 1216 2326 Po—

194 2350 293 2396 lyx0,
314 2349 441 2393 Phoeo,
469 2349 623 2396 Thyene.
640 2350 713 2384 Hoe
741 2350 911 2384 dicuntur
926 2361 950 2383 a
967 2350 1130 2397 Lycurgo
1141 2346 1214 2396 ju—

191 2415 305 2456 gatoe‚
345 2416 382 2442 et
410 2415 555 2455 proeter
585 2405 813 2442 Ambrosiam
849 2419 974 2442 omnes
1004 2407 1057 2441 ad
1079 2406 1214 2454 Thelyn

189 2462 404 2515 profligisse,
434 2474 476 2500 ut
504 2468 559 2500 ait
575 2466 817 2513 Asclepiades.
846 2465 920 2500 Sed
935 2473 977 2500 ut
992 2465 1216 2512 Pherecydes

193 2524 289 2567 dicit,
311 2524 363 2558 ad
386 2522 522 2558 Thebas
539 2521 708 2558 Liberum
729 2524 918 2570 perlatum
938 2523 1075 2558 Junoni
1094 2524 1212 2558 tradi-

193 2583 336 2618 derunt.
359 2582 479 2628 Quam
499 2580 542 2617 ob
565 2594 730 2617 caussam
752 2580 798 2616 ab
832 2583 916 2617 Jove
935 2584 1056 2631 gratia
1078 2584 1129 2616 eis
1161 2590 1216 2617 est

194 2642 325 2685 relata,
343 2641 440 2688 quod
457 2643 554 2676 inter
569 2641 689 2675 sidera
705 2647 793 2675 sunt
809 2643 1025 2675 constitutae.

670 2755 732 2787 46.

235 2807 322 2845 Ὕης,
335 2806 423 2838 Ὕου.
441 2807 537 2846 Hyes‚
552 2805 644 2846 Hyis.
660 2804 847 2845 Epithetum
863 2804 990 2843 Bacchi,
1006 2803 1214 2844 quemadmo-

194 2853 271 2884 dum
285 2853 328 2884 ait
343 2853 521 2884 Clidemus.
536 2854 629 2891 Nam,
645 2851 761 2892 inquit,
779 2851 839 2892 ipsi
853 2850 1008 2882 sacrificia
1024 2851 1160 2881 facimus
1174 2858 1212 2882 eo

195 2901 347 2940 tempore,
362 2908 427 2939 quo
443 2899 522 2930 deus
538 2897 629 2939 pluit.
643 2897 842 2938 Pherecydes
855 2905 931 2928 vero
945 2896 1052 2935 tradit,
1069 2895 1213 2928 Semelen

194 2947 284 2985 Ilyen
304 2946 431 2985 vocari,
449 2948 481 2977 et
496 2945 612 2977 Bacchi
629 2944 770 2977 nutrices
789 2943 930 2984 Hyadas.

235 2992 349 3024 Thales
365 2992 446 3024 duas
466 2992 597 3033 Hyadas
621 2991 745 3030 statuit,
762 2991 894 3023 alteram
907 2989 1210 3031 septemtrionalem,

197 3037 327 3069 alteram
355 3039 592 3070 meridionalem
603 3061 611 3076 ,
642 3038 812 3078 Euripides
833 3037 874 3068 'in
901 3036 1098 3069 Phaethonte
1127 3037 1192 3068 tres
1202 3059 1211 3075 ‚

196 3083 331 3115 Achaeus
346 3086 512 3124 quattuor,
531 3084 664 3125 Hippias
679 3086 711 3116 et
727 3083 925 3124 Pherecydes
946 3085 1080 3123 septem.
1099 3082 1211 3122 Appel-

197 3129 270 3160 latio
283 3130 321 3161 iis
337 3134 436 3161 estex
452 3140 501 3170 eo,
516 3132 604 3171 quod
619 3131 735 3163 Bacchi
754 3131 894 3163 nutrices
913 3127 1015 3169 erant3'
1033 3137 1109 3162 nam
1124 3130 1211 3169 Hyes

196 3185 311 3207 nomen
327 3179 374 3208 est
390 3178 516 3209 Bacchi.

238 3224 364 3262 Septem
381 3224 481 3255 stellae
497 3225 529 3255 in
547 3225 626 3255 tauri
642 3224 794 3256 cornibus
822 3224 936 3265 positae
951 3222 1080 3264 Hyades
1106 3221 1209 3263 appel-

197 3266 314 3305 lantur,
332 3268 379 3298 vel
402 3271 531 3309 propter
546 3270 788 3309 dispositionem
808 3269 849 3300 ad
872 3269 972 3301 literae
988 3271 1013 3301 Υ
1029 3265 1209 3300 similitudi-

195 3322 269 3345 nem
285 3314 505 3353 accedentem,
529 3316 578 3347 vel
598 3317 684 3356 quod
702 3316 826 3356 pluvias
848 3318 880 3347 et
895 3316 1014 3347 imbres
1034 3315 1207 3346 concitant.

196 3360 321 3400 Jupiter
335 3361 508 3400 Bacchum,
537 3371 573 3393 ex
590 3362 708 3394 femore
718 3365 840 3402 natum,
858 3362 1065 3394 nutriendum
1080 3361 1208 3393 tradidit

893 168 1211 208 PHERECYDIS
1239 169 1573 212 FRAGMENTA.

1315 260 1583 311 Mythograph.
1608 263 1645 307 1,
1676 260 1698 309 §
1726 271 1798 295 120
1827 271 1865 309 p.
1891 260 1961 308 39,
1977 259 2037 297 ed.
2066 259 2190 297 Rode:
2212 262 2283 298 Li-

1263 314 1384 353 berum
1400 348 1413 363 ,
1440 327 1647 367 conceptum
1675 325 1775 353 utero
1788 344 1801 362 ‚
1830 319 1976 366 Jupiter
2010 319 2172 353 incendio
2205 323 2282 355 eri-

1255 378 1343 422 puit
1351 402 1364 420 ,
1396 388 1440 411 ac
1448 372 1587 424 femori
1604 379 1715 411 insuit
1728 387 1803 412 suo,
1826 376 1960 411 Postea
1979 377 2162 424 completis
2177 389 2283 412 men-

1262 431 1376 479 sibus,
1419 434 1619 483 Nymphis,
1647 447 1732 482 quoe
1756 435 1919 481 Nysam,
1951 442 2108 470 montem
2135 435 2281 479 Indice,

1257 488 1615 540 perfrequentabant
1633 520 1646 537 ,
1688 494 1782 527 clam
1836 493 1985 528 tradidit
2040 493 2284 529 nutriendum.

1264 549 1408 598 Septem
1434 554 1530 586 enim
1552 548 1711 598 fuerant
1736 563 1895 595 sorores,
1928 551 2067 586 eoedem
2103 551 2287 598 Nympha·

1265 608 1473 644 Dodonides
1504 611 1703 656 appellata.²
1716 634 1729 652 ,
1766 620 1851 656 quoe
1879 620 1904 643 a
1942 610 2104 658 Lycurgo
2139 605 2289 657 fugatoe

1266 665 1319 700 ad
1349 665 1475 701 Thetin
1492 663 1760 715 profugerunt,
1789 673 1832 701 ut
1855 664 1977 701 scribit
1998 665 2224 713 Pherecydes
2251 674 2291 702 et

1266 724 1510 772 Asclepiades.

1321 781 1448 819 Schol.
1467 782 1686 819 Germanici
1702 781 1750 819 ad
1772 784 1942 819 Taurum
1962 794 2000 819 v.
2021 783 2106 829 173,
2125 794 2164 832 p.
2187 781 2260 819 105
2278 797 2287 819 :

1267 840 1314 874 In
1327 843 1428 889 signo
1453 841 1562 876 Tauri
1577 838 1687 888 frons
1713 850 1752 877 et
1772 837 1893 888 facies
1917 841 2066 888 Hyades
2092 849 2285 886 vocantur,

1267 910 1359 946 quas
1376 898 1601 946 Pherecydes
1635 899 1838 934 Athenaeus
1868 902 2025 934 nutrices
2044 897 2168 934 Liberi
2187 899 2288 944 dicit,

1267 969 1353 1004 quoe
1369 957 1577 993 Dodonides
1594 957 1780 1007 Nymphoe
1811 965 2000 994 vocantur.
2038 957 2134 1004 Quoe
2167 970 2247 994 cum
2266 971 2290 993 a

1268 1016 1432 1063 Lycurgo
1446 1019 1689 1063 captivitatem
1708 1019 1876 1051 timentes
1880 1012 2058 1065 filgerent
2079 1014 2228 1060 Thebas,
2244 1029 2292 1051 ne

1268 1071 1335 1108 sibi
1351 1086 1376 1108 a
1390 1074 1534 1108 Junone
1550 1075 1691 1122 aliquid
1712 1082 1946 1122 paterentur,
1968 1075 2114 1122 Jupiter
2127 1075 2215 1110 coelo
2245 1076 2293 1110 il—

1270 1132 1366 1167 latas
1397 1130 1570 1168 sideribus
1596 1132 1794 1177 honoravit,
1834 1132 2053 1180 Hyadesque
2081 1134 2290 1181 appellavit,

1269 1190 1368 1236 quod
1384 1198 1556 1225 nascente
1586 1189 1715 1226 Libero
1735 1203 1798 1226 eas
1817 1193 2007 1235 invenerit;
2041 1203 2134 1238 quas
2169 1193 2206 1225 in
2239 1194 2292 1226 si-

1268 1260 1380 1296 gnum
1419 1251 1588 1295 temporis
1617 1252 1752 1296 posuit,
1776 1250 1840 1284 vel
1859 1248 1956 1295 quod
1986 1250 2062 1284 sint
2078 1249 2259 1296 pluviales
2278 1262 2291 1283 .-

1272 1302 1342 1341 ὔειν
1356 1308 1452 1340 enim
1470 1305 1604 1355 pluere
1616 1314 1683 1350 est,
1704 1309 1791 1354 qaia
1807 1318 1932 1341 earum
1951 1313 2051 1341 ortus
2064 1304 2195 1342 imbres
2210 1319 2294 1342 con—

1271 1366 1361 1399 citat
1379 1377 1391 1398 :
1412 1366 1476 1399 vel
1490 1367 1577 1412 quia
1594 1367 1631 1399 in
1645 1365 1790 1399 modum
1820 1365 1853 1399 Y
1864 1366 2000 1399 litteroe
2013 1367 2148 1413 positoe
2165 1372 2263 1400 sunt.

1328 1420 1436 1458 Idem
1453 1421 1581 1458 Schol.
1602 1413 1650 1458 ⁶ad
1670 1435 1704 1459 v.
1726 1421 1800 1466 254
1819 1434 1915 1472 sqq„
1932 1434 1970 1471 p.
1990 1427 2075 1468 114,
2093 1421 2229 1459 similia
2245 1421 2294 1460 de

1273 1478 1491 1516 Pleiadibus
1521 1487 1672 1517 narrat:
1691 1481 1861 1516 Pleiades
1882 1493 1907 1516 a
1921 1482 2140 1530 pluralitate
2176 1481 2297 1516 Groeci

1272 1546 1409 1574 vocant
1424 1552 1435 1573 .·
1461 1540 1602 1583 Latini,
1632 1551 1674 1574 eo
1692 1539 1790 1587 quod
1799 1551 1887 1574 vere
1905 1541 2132 1583 exoriantur,
2166 1540 2204 1573 V
2199 1542 2295 1588 ergi—

1274 1598 1342 1632 lias
1368 1598 1502 1633 dicunt.
1530 1599 1630 1632 Dicit
1660 1605 1782 1633 autem
1816 1597 2040 1644 Pherecydes
2074 1597 2292 1642 Athenaeus,

1272 1664 1408 1704 septem
1429 1668 1564 1692 sonores
1575 1653 1706 1703 fuisse,
1724 1658 1883 1705 Lycurgi
1887 1655 2009 1703 filias,
2040 1668 2088 1691 ex
2106 1656 2217 1692 Naxo
2233 1658 2295 1691 in-

1273 1716 1353 1750 sula
1365 1727 1378 1749 .·
1398 1722 1437 1750 et
1439 1727 1511 1762 pro
1529 1726 1583 1758 e0,
1604 1715 1702 1762 quod
1719 1713 1888 1750 Liberum
1902 1714 2155 1758 educaverunt,
2172 1727 2196 1749 a
2209 1715 2297 1750 Jove

1274 1775 1371 1808 inter
1387 1774 1507 1809 sidera
1523 1781 1610 1808 sunt
1628 1774 1771 1808 relatoe.

1328 1830 1442 1881 Apud
1483 1830 1609 1868 Schol.
1650 1833 1761 1868 Hom.
1780 1869 1782 1871 ,
1805 1829 2046 1867 desideratur
2087 1829 2294 1880 septimum

1273 1889 1462 1938 Nymphae
1489 1901 1627 1925 nomen
1654 1886 1771 1926 Φαιώ.
1792 1890 1867 1924 Pro
1888 1885 2005 1934 Διώνη
2036 1887 2292 1925 Valckenaer.

1274 1947 1559 1984 Animadverss.
1577 1946 1625 1984 ad
1642 1951 1815 1983 Ammon.
1835 1948 1912 1992 111,
1949 1958 2007 1992 ια,
2028 1958 2066 1996 p.
2091 1947 2166 1983 208
2184 1945 2294 1997 (159)

1275 2006 1411 2055 reponi
1425 2005 1536 2055 jubet
1546 2002 1688 2051 Θυώνη.
1703 2026 1757 2032 -
1769 2004 1882 2054 Apud
1897 2004 2036 2054 Hygin.
2057 2017 2129 2054 pro
2141 2005 2296 2052 Phesyle

1275 2062 1519 2100 scribendum
1571 2063 1725 2100 videtur
1780 2063 1968 2109 Phoesrle,
2011 2069 2050 2099 et
2091 2062 2294 2112 legendum

1282 2122 1424 2170 Thyone
1443 2134 1515 2172 pro
1540 2122 1682 2170 Yhyene
1701 2129 1739 2158 et
1757 2123 1867 2157 Inoni
1879 2133 1951 2171 pro
1969 2122 2117 2158 Iunoni.

1750 2197 1814 2237 47.

1327 2269 1457 2308 Schol.
1484 2269 1665 2319 Sophocl.
1690 2268 1829 2319 OEdip.
1851 2271 1940 2318 Tyr.
1971 2266 2046 2315 785
2067 2264 2295 2320 εΦερεκύδης

1275 2326 1359 2380 φησὶ
1382 2326 1567 2366 Μέδουσαν
1588 2319 1675 2365 εἶναι
1693 2325 1756 2373 τὴν
1780 2324 1942 2365 Πολύὸου
1963 2330 2132 2378 γυναῖκα,
2152 2323 2295 2375 θυγατέ-

1276 2401 1319 2439 ρα
1340 2385 1374 2424 δὲ
1395 2385 1608 2439 Ὀρσιλόχου
1630 2388 1690 2423 τοῦ
1706 2385 1898 2438 ἀδελφειοῦ.

1729 2455 1780 2492 47
1811 2469 1843 2493 a.

1326 2523 1453 2561 Schol.
1470 2525 1581 2560 Taur.
1602 2522 1642 2560 in
1659 2522 1793 2572 Eurip.
1813 2521 1942 2558 Phoen.
1962 2521 2024 2570 39,
2037 2532 2076 2570 p.
2101 2518 2160 2555 15.
2179 2519 2287 2556 Πολυ-

1274 2579 1387 2633 φήτην
1405 2579 1442 2619 δὲ
1466 2579 1525 2618 τὸν
1545 2579 1681 2633 κήρυκα
1699 2583 1819 2618 τοῦτον
1843 2576 2046 2631 Φερεκύδης
2068 2576 2293 2622 Πολυποίτην

1274 2653 1372 2690 φησα

1273 2747 1431 2788 Nymphis
1446 2747 1632 2786 Dodonaeis,
1654 2746 1844 2786 Ambrosiae,
1863 2744 2028 2784 Coronidi‚
2047 2743 2196 2783 Eudorae,
2214 2742 2291 2774 Dio-

1272 2803 1335 2832 nae,
1353 2794 1482 2834 AEsylae,
1498 2793 1642 2834 Polyxoi,
1665 2793 1813 2833 (Phaeoi).
1836 2793 1895 2823 11ae
1906 2793 2025 2823 terram
2035 2798 2110 2821 cum
2125 2789 2187 2821 deo
2201 2797 2291 2829 pera-

1271 2842 1399 2880 grantes
1423 2840 1489 2872 vite
1519 2840 1559 2871 ab
1587 2848 1625 2871 eo
1651 2840 1783 2871 inventa
1807 2838 1953 2869 homines
1978 2835 2151 2868 donabant.
2167 2836 2289 2867 Verum

1272 2895 1374 2927 quum
1387 2888 1554 2927 Lycurgus
1569 2895 1673 2926 usque
1688 2886 1732 2917 ad
1747 2894 1834 2917 mare
1849 2884 2010 2917 Bacchum
2025 2882 2268 2924 persequeretur
2278 2903 2288 2920 ,

1271 2933 1342 2966 illas
1358 2933 1483 2974 Jupiter
1493 2932 1709 2965 misericordia
1717 2932 1899 2964 commotus
1907 2931 1989 2962 inter
1996 2929 2100 2962 sidera
2110 2927 2289 2960 constituit.

1312 2979 1512 3020 Pherecydes
1527 2979 1656 3019 Hyadas
1673 2978 1750 3010 dicit
1761 2978 1925 3018 Nymphas
1938 2985 2009 3008 esse
2023 2975 2216 3012 Dodonaeas,
2229 2982 2287 3005 nu-

1270 3027 1366 3058 trices
1383 3026 1511 3064 Baccffl,
1530 3034 1627 3066 quem
1642 3027 1771 3065 propter
1790 3023 1928 3056 ,lunonis
1944 3023 2093 3054 timorem
2106 3020 2177 3052 Inoi
2190 3020 2288 3052 tradi-

1271 3073 1415 3112 dissent,
1429 3081 1468 3104 eo
1483 3072 1614 3113 quidem
1636 3074 1780 3112 tempore
1801 3079 1866 3111 quo
1880 3071 1913 3101 et
1929 3070 2016 3110 ipsas
2030 3070 2198 3108 Lycurgus
2218 3075 2288 3107 per-

1270 3121 1400 3152 secutus
1412 3122 1506 3151 esset.

1310 3212 1509 3253 Pherecydes
1538 3211 1705 3243 Medusam
1733 3210 1811 3241 dicit
1842 3208 1955 3249 Polybi
1979 3216 2114 3239 uxorem
2138 3208 2171 3239 et
2185 3205 2286 3237 filiam

1268 3268 1339 3292 esse
1350 3259 1520 3298 Orsilochi‚
1535 3257 1590 3298 qui
1609 3256 1722 3297 Polybi
1740 3256 1836 3287 frater
1853 3256 1975 3287 luisset.

1308 3358 1502 3400 Polyphcten
1515 3356 1583 3389 Laii
1592 3310 1772 3397 praecon‘grzn
1788 3314 1984 3394 igion-ecydes
1996 3351 2181 3392 Polypoeten
2195 3349 2283 3381 dicit.
