2320 3684
792 166 1114 208 PHERECYDIS
1143 169 1477 213 FRAGMENTA.

2127 179 2178 216 '15

56 260 141 298 σιῶν
165 258 225 297 καὶ
245 258 372 296 θυσιῶν
393 255 456 304 τὴν
476 254 594 309 Ἥραν
622 251 885 305 μειλιξάμενος,
906 252 967 292 καὶ
987 255 1086 305 λαμ-
1149 265 1186 294 et
1205 258 1410 297 Phavorin.
1430 259 1470 297 in
1489 273 1524 299 v.
1553 258 1762 314 Ἀκρίσιος)ε
1783 259 1987 314 Φερεκύδης
2009 261 2045 300 ἐν
2070 262 2179 301 δωδε-

56 317 156 357 ὅάνει
170 316 260 372 πρὸς
287 315 402 368 γάμον
417 313 658 369 Ἰφιάνασσαν,
677 311 774 351 ἕδνον
790 311 900 359 αὐτὴν
919 314 990 350 τῶν
1023 314 1086 350 ἷα-

55 378 179 431 τρειῶν
195 373 482 430 καρπωσάμενος.
495 370 541 411 Ἢ
558 370 596 410 δὲ
612 369 751 424 ἱστορία
767 369 1085 425 παρὰᾸΦερεκύδῃ.

110 435 238 473 Verba
250 433 482 487 ἁμαρτουσῶν
561 428 849 483 παραγενόμεναι
941 429 1005 469 καὶ
1029 430 1088 469 διὰ

56 498 157 533 τοῦτο
173 493 295 546 μάντις
313 491 362 530 ὤν
382 491 556 530 mendam
583 490 819 529 contraxisse
850 490 962 528 docet
997 504 1088 527 ver-

55 553 197 592 borum
209 551 447 590 anacolfltffia
465 558 504 587 et
525 548 756 587 narrationis
774 562 895 587 nexus
911 549 1086 586 interru-

56 620 147 664 ptus
161 627 170 650 :
186 624 275 649 nam
310 609 385 648 dici
421 608 584 647 debebat
616 609 763 660 puellas
800 609 892 646 istas
926 615 1088 658 propter

57 670 242 722 flagitium
263 681 373 708 suum
392 668 549 707 insaniae
565 667 705 706 morbo
719 668 874 706 affectas
894 680 987 705 esse.
1006 670 1086 705 Ita-

57 742 133 781 que
166 728 286 768 verba
326 725 611 782 παραγενόμεναι
701 719 796 765 οἷκον
815 740 837 764 a
850 725 1090 776 ”Pherecyde

55 789 191 838 aliena,
207 788 336 827 nescio
350 787 451 826 unde
469 787 600 839 petita,
620 799 642 824 a
660 786 774 824 docto
794 785 962 837 quodam
986 798 1091 823 mar-

56 847 135 899 gini
156 847 351 898 adscripta
371 842 625 895 esse,⁰deinde
652 845 691 883 in
723 853 871 883 textum
893 844 1092 895 irrepsisse

55 915 165 958 puto.
183 909 228 945 In
247 904 494 956 sequentibus
510 917 604 943 vero
623 903 682 942 καὶ
701 901 759 942 διὰ
781 906 891 942 τοῦτο·
902 901 1025 954 μάντις
1042 900 1091 940 ὢν

56 963 345 1018 παραγενόμενος
359 964 478 1002 latere
507 962 688 1001 videntur
703 975 712 998 :
729 977 764 1000 κ.
792 962 822 1000 δ.
851 977 883 1000 τ.
920 962 1090 1012 ἐμμανῶν

55 1022 250 1075 γενομένων
268 1023 329 1074 (cf.
347 1022 520 1074 Apollod.
541 1025 591 1070 H,
612 1036 648 1070 2,
662 1035 684 1059 2
695 1019 899 1073 εγενόμεναι
915 1019 952 1058 δὲ
969 1022 1092 1071 ἐμμα-

55 1080 156 1134 νεῖς),
181 1091 219 1121 et
239 1096 325 1134 quae
343 1081 571 1121 antecedunt
588 1096 596 1117 :
614 1079 672 1119 διὰ
689 1079 753 1128 τὴν
770 1083 810 1120 ἐκ
826 1080 987 1127 νεότητος
1007 1081 1091 1118 ἀνε-

57 1142 290 1195 πιλεγιστίαν,
302 1143 498 1194 ‘siquidem
510 1151 613 1181 recte
629 1140 785 1190 habent,
799 1143 854 1180 ita
872 1142 1093 1193 explicave-

57 1203 145 1251 rim,
155 1211 199 1241 ut
211 1203 446 1254 significent:
460 1210 623 1254 propter
635 1201 854 1253 juventutis
876 1194 954 1240 suae
973 1214 1093 1239 venu-

57 1270 193 1300 statem
217 1266 428 1310 Junonem,
447 1262 472 1300 i.
491 1275 524 1300 e.
540 1262 711 1312 liffiieum
730 1261 815 1312 ejus
833 1261 1093 1308 simulacrum,

58 1329 203 1360 temere
219 1321 430 1359 contemtui
445 1319 639 1359 habentes.
657 1323 756 1359 Nam
768 1319 809 1358 τὸ
826 1318 1009 1372 τῆςἽτΙρας
1018 1317 1096 1363 ξόα-

57 1392 121 1418 νον
129 1378 354 1427 ἐξηυτέλισαν
365 1388 409 1418 ut
419 1393 467 1418 ex
476 1379 648 1418 Acusilao
659 1387 788 1417 narrat
799 1378 1021 1430 Apollodor.
1034 1379 1056 1416 l.
1071 1379 1093 1417 l.

111 1500 240 1539 schol.
259 1499 442 1551 Azpollon.
460 1502 510 1546 Π,
525 1513 623 1550 992:
646 1497 825 1551 Ἁρμονία,
844 1497 964 1551 νύμφη
981 1493 1071 1542 Nat<
1085 1512 1094 1521 ·

57 1551 99 1604 ἧς
122 1557 182 1596 καὶ
210 1557 330 1612 Ἄρεος
359 1555 555 1609 Ἀμαζόνας
579 1550 676 1595 εἶναι
703 1555 1039 1610 φησὶ«Φερεκύδης,
1062 1549 1094 1609 ᾧ

57 1614 180 1654 ἕπεται
194 1614 434 1659 Ἀπολλώνιος.

109 1677 217 1715 Idem
235 1676 282 1714 ad
304 1690 339 1713 v.
361 1682 436 1727 994
458 1675 585 1714 verbis
611 1675 812 1726 Apollonii
826 1673 948 1719 ἄλσεος
968 1674 1096 1725 Ἀκμο-

55 1736 141 1775 νίοιο
157 1736 362 1788 adscripsit
384 1736 464 1774 haec
480 1751 487 1773 ε
505 1735 612 1775 'Eam
628 1734 665 1774 δὲ
680 1734 760 1788 περὶ
775 1735 834 1777 τὸν
855 1734 1093 1789 Θερμώδοντα

56 1795 164 1847 (cod.
188 1796 304 1839 Pax-is.
323 1790 629 1848 {itfispumssovtt).
644 1793 835 1846 Μέμνηται
853 1796 958 1833 αὐτοῦ
983 1796 1096 1848 Φερε-

55 1854 163 1902 κύδης
190 1855 226 1892 ἐν
258 1852 302 1907 β’.
316 1854 480 1907 ἶΝρῐεῐῃ
503 1855 745 1893 numeralem
766 1855 851 1892 cdd.
876 1853 993 1892 Paris.
1014 1867 1092 1891 non

51 1912 202 1965 habet.)
219 1914 293 1952 Sed
310 1913 414 1952 haud
428 1912 558 1961 dubie,
581 1913 634 1951 ait
649 1916 790 1961 Sturz.,
802 1927 889 1952 cum
902 1913 1094 1952 Brunckio

54 1973 259 2025 legendum
292 1981 350 2010 est
374 1970 607 2024 Ἀλκμονίοιο,
648 1982 809 2024 propter
839 1974 1013 2011 scholion
1045 1973 1093 2010 ad

54 2032 254 2083 Apollonii
272 2045 324 2079 v„
337 2033 433 2081 373:
449 2030 632 2093 anaqam
650 2030 829 2084 Ἄλκιμον,
851 2019 1006 2085 atsaiwi.
1023 2031 1094 2071 Τί-

54 2105 112 2134 νος
126 2088 164 2135 δὲ
185 2089 339 2144 παερὸς,
365 2091 403 2128 οὐ
423 2086 582 2145 φέρεταί,
606 2090 653 2137 ὥς
673 2107 758 2145 φησι
782 2090 999 2144 Φερεκύδης.
1017 2095 1092 2130 ΡιῸ

55 2149 136 2197 his,
161 2148 257 2192 τίνος
273 2148 310 2187 δὲ
328 2148 481 2203 πατρὸς,
500 2151 540 2195 οἰ)
562 2136 722 2203 φέρεται,
742 2151 865 2188 codex
883 2151 1000 2189 Paris.
1020 2151 1090 2189 ha·-

55 2207 144 2247 bet:
162 2201 210 2246 ιῖὖ
227 2210 245 2246 ὁ
263 2207 382 2261 πατὴρ
400 2209 588 2260 ἀγνοεῖται.
601 2210 700 2247 Hinc
712 2223 869 2261 quoque
882 2211 1092 2248 emendan-

55 2266 125 2305 dus
143 2276 201 2308 est
229 2267 337 2305 locus
353 2270 419 2306 Ste
449 2267 484 2305 h.
513 2271 604 2318 Byz.
628 2281 636 2304 :
658 2266 845 2320 Ἀκμόνια,
871 2267 972 2313 πόλις
989 2271 1091 2322 Φρυε

55 2325 144 2378 γίας.
157 2355 192 2376 ..1.
217 2325 347 2365 Κτίσαι
366 2325 396 2364 δ’
417 2325 525 2374 αὐτὴν
541 2324 699 2377 Ἄκμονα
720 2326 779 2365 τὸν
800 2326 961 2369 Μανέως.
982 2326 1091 2366 Ἔστι

49 2383 221 2439 1ἰοιζςρῇλλο
239 2384 421 2437 Ἀκμόνιον
439 2383 644 2438 λεγόμενον,
661 2388 707 2430 ὡς
727 2385 941 2440 Φερεκύδης.
957 2387 1091 2426 Scribe

55 2437 270 2495 Ἄλκμὸνιον.
359 2453 368 2465 ³
483 2448 501 2459 ⁷
519 2470 545 2494 t
1049 2461 1051 2463 ¹

543 2503 605 2541 26.

106 2566 235 2623 Scholz
247 2554 428 2618 Apdllon.
441 2570 508 2615 lv,
530 2561 695 2620 1091'(et
712 2567 881 2606 Eudocia
896 2582 935 2620 p.
953 2569 1016 2616 32,
1034 2582 1088 2619 sq.

1146 314 1244 369 κάτῳ
1263 317 1392 368 (Phav.
1408 326 1446 357 et
1464 319 1561 358 Eud.
1577 318 1773 371 δωδεκάτῃ)
1787 321 1930 373 ἱστορεῖ,
1949 321 1996 363 ὡς
2010 320 2179 375 Ἀκρίσιος

1146 381 1255 426 γαμεῖ
1275 376 1475 429 Εὐρυδίκην
1500 376 1564 424 τὴν
1589 377 1867 430 Λακεδαίμονος·
1887 381 1957 418 τῶν
1985 377 2022 417 δὲ
2048 379 2179 431 γίνεται

1147 433 1270 481 Δανάη
1283 450 1292 458 ·
1319 435 1493 490 χρωμένῳ
1529 437 1565 475 δὲ
1597 438 1692 490 αὐτῷ
1722 438 1787 491 (τῷ
1812 436 2009 477 Ἀπόλλωνι
2041 447 2180 477 temere

1148 492 1256 530 addit
1274 492 1357 530 cod.
1388 494 1519 542 Paris.)
1548 494 1629 548 περὶ
1657 495 1798 549 ἄρσενος
1826 494 1970 542 παιδὸς,
1995 495 2142 551 ἔχρησεν
2163 500 2181 536 ὁ

1150 548 1224 593 θεὸς
1242 550 1277 588 ἐν
1294 552 1427 600 Πυθοῖ,
1443 550 1496 589 ὅτι
1512 554 1608 606 αὐτῷ
1629 552 1691 605 μὲν
1709 554 1773 592 οὔκ
1787 553 1885 593 ἔσται
1903 560 1987 598 παῖς
2001 554 2123 609 ἄρσην,
2142 557 2182 593 ἐκ

1149 606 1187 646 δὲ
1202 611 1266 655 τ’ῆς
1284 609 1467 663 θυγατρός·
1491 611 1576 664 πρὸς
1597 606 1637 650 οἷ
1658 612 1761 651 αὐτὸν
1783 613 1834 651 δεῖ
1852 613 2057 653 ἀπολέσθαι.
2079 614 2125 655 Ὅ
2145 614 2181 652 δὲ

1149 667 1349 707 ἐπανελθὼν
1383 670 1515 720 (Phav.
1539 671 1736 724 παρελθὼν)
1764 674 1809 716 εἷς
1845 671 1968 727 Ἄργος
1979 704 1990 723 ,
2025 673 2181 724 θάλαμον

1149 733 1242 766 ποιεῖ
1264 729 1420 780 χαλκοῦν
1442 730 1477 767 ἐν
1494 731 1537 782 τῇ
1556 731 1644 781 αὐλῇ
1663 733 1726 777 τῆς
1743 731 1854 775 οἰκίας
1874 731 1966 770 κατὰ
1988 735 2053 785 γ’ἥς
2065 763 2075 781 ,
2099 732 2182 772 ἔνθα

1149 785 1213 834 τὴν
1233 786 1376 834 Δανάην
1393 786 1526 840 εἰσάγει
1540 787 1630 839 μετὰ
1644 791 1707 836 τῆς
1721 795 1847 843 τροφοῦ
1859 821 1868 839 ,
1884 793 1918 829 ἐν
1935 785 1964 846 ᾧ
1978 791 2086 839 αὐτὴν
2105 792 2184 846 ἐφύ-

1149 845 1293 894 λασσεν,
1309 845 1405 890 ὅπως
1424 846 1459 890 ἐξ
1479 847 1587 893 αὐτῆς
1604 853 1687 890 παῖς
1705 847 1755 898 μὴ
1775 848 1930 900 γένηται.
1949 850 2133 904 Ἐρασθεὶς
2147 850 2183 889 δὲ

1152 903 1236 948 Ζεὺς
1257 907 1320 951 τῆς
1338 904 1480 953 παιδὸς,
1499 905 1540 943 ἐκ
1558 909 1618 944 τοῦ
1647 905 1772 961 ὀρόφου
1795 911 1917 962 χρυσῷ
1935 908 2184 962 παραπλήσιος

1152 966 1222 1017 ῥεῖ·
1242 967 1265 1011 ἡ
1279 961 1316 1002 δὲ
1337 962 1548 1016 ὑποδέχεται
1567 966 1617 1017 τῷ
1632 965 1764 1018 κόλπῳ·
1801 966 1859 1004 καὶ
1875 967 2027 1020 ἐκφήνας
2043 967 2146 1007 αὑτὸν
2165 971 2184 1007 ὃ

1152 1022 1239 1067 Ζεὺς
1257 1025 1301 1075 τῇ
1319 1022 1417 1061 παιδὶ
1432 1022 1595 1074 μίγνυται
1609 1036 1618 1046 ·
1639 1025 1707 1060 τῶν
1726 1023 1763 1061 δὲ
1778 1024 1910 1075 γίνεται
1924 1025 2081 1079 Περσεὺς
2093 1056 2102 1072 ,
2119 1025 2180 1064 καὶ

1152 1082 1310 1136 ἐκτρέφει
1336 1081 1439 1121 αὗτὸν
1468 1084 1491 1129 ἡ
1521 1081 1644 1129 Δανάη
1664 1081 1724 1120 καὶ
1748 1086 1770 1130 ἡ
1790 1083 1932 1137 τροφὸς,
1967 1083 2185 1137 κρύπτουσαι

1154 1143 1286 1195 (Phav.
1309 1141 1525 1196 κρύπτουσα)
1543 1140 1727 1194 ῘΑκρίσιον
1749 1142 1923 1194 (melius,
1946 1152 1989 1180 ut
2019 1144 2183 1192 videtur,

1153 1201 1241 1239 cod.
1262 1202 1382 1240 Paris.
1405 1199 1520 1254 κρύφα
1540 1198 1743 1254 Ἀκρισίου).
1762 1199 1854 1239 “Οτε
1874 1200 1910 1238 δὲ
1927 1200 2084 1254 Περσεὺς
2095 1202 2185 1255 τριέ-

1153 1276 1215 1307 της
1233 1258 1255 1307 ἢ
1270 1258 1460 1314 τετραέτης
1493 1258 1646 1310 ἐγένετο,
1670 1257 1819 1305 ἤκουσεν
1850 1260 1956 1297 αὐτοῦ
1982 1262 2045 1306 τῆς
2070 1262 2186 1313 φωνῆς

1152 1319 1335 1365 παίζοντος
1347 1334 1355 1343 ·
1372 1318 1432 1358 καὶ
1449 1318 1505 1357 διὰ
1524 1320 1592 1356 τῶν
1614 1316 1834 1370 θεραπόντων
1858 1316 2186 1368 μετακαλεσάμενος

1153 1377 1216 1426 τὴν
1233 1377 1376 1426 Δανάην
1399 1376 1461 1416 σὺν
1479 1379 1523 1430 τῇ
1537 1379 1655 1430 τροφῷ
1668 1407 1678 1424 ,
1697 1375 1760 1424 τὴν
1782 1375 1845 1428 μὲν
1871 1377 2025 1430 ἀναιρεῖ,
2045 1375 2187 1422 Δανάην

1155 1436 1192 1475 δὲ
1204 1436 1354 1490 κατάγει
1383 1435 1443 1476 σὺν
1461 1438 1511 1490 τῷ
1529 1435 1630 1474 παιδὶ
1647 1437 1706 1474 ἐπὶ
1725 1433 1783 1474 τὸν
1803 1435 1871 1474 ὑπὸ
1894 1439 1956 1474 τοῦ
1972 1434 2087 1488 ἑρκίου
2106 1434 2188 1479 Διὸς

1157 1496 1288 1550 βωμόν.
1308 1496 1423 1540 Μόνος
1449 1495 1552 1547 (cod.
1579 1495 1697 1533 Paris.
1729 1493 1846 1546 μόνον)
1867 1493 1904 1532 δὲ
1924 1492 2032 1541 αὐτὴν
2052 1493 2188 1547 ἐρωτᾷ,

1154 1555 1257 1594 πόθεν
1273 1554 1327 1602 εἴη
1351 1556 1440 1607 αὐτῇ
1457 1553 1606 1606 γεγονὼς
1625 1555 1644 1592 ὁ
1663 1558 1756 1597 παῖς.
1781 1553 1827 1592 Ἡ
1844 1551 1881 1591 δὲ
1898 1552 1963 1606 ἔφη
1980 1568 1988 1576 ·
2010 1552 2078 1591 Ἐκ
2094 1551 2187 1594 Διός.

1155 1613 1197 1655 Ὁ
1217 1613 1254 1653 δὲ
1272 1615 1310 1653 οὗ
1324 1614 1502 1662 πείθεται,
1521 1613 1597 1651 ἀλλ’
1617 1614 1664 1656 εἷς
1679 1612 1849 1666 ’λάρνακα
1873 1610 2056 1663 ἐμὸιὸάζει
2085 1611 2186 1663 (cod.

1155 1675 1270 1713 Paris.
1290 1672 1475 1725 ἐμὸάλλει)
1495 1670 1605 1719 αὐτὴν
1623 1669 1714 1723 μετὰ
1726 1675 1788 1710 τοῦ
1810 1670 1950 1715 παιδός·
1969 1669 2028 1709 καὶ
2047 1669 2187 1715 κλείσας

1154 1741 1383 1774 καταποντοῖ.
1410 1733 1481 1773 Καὶ
1505 1731 1689 1787 φερόμενοι
1715 1734 1938 1786 ἀφικνοῦνται
1965 1734 2012 1776 εἷς
2038 1730 2187 1784 Σέριφον

1153 1795 1217 1841 τὴν
1231 1797 1349 1842 νῆσον.
1371 1792 1447 1832 Καὶ
1462 1791 1587 1836 αὐτοὺς
1605 1791 1736 1838 ἐξέλκει
1758 1791 1887 1835 Δίκτυς
1903 1794 1921 1830 ὁ
1934 1789 2164 1845 Περισθένους
2175 1821 2187 1842 ,

1154 1853 1282 1907 δικτύῳ
1305 1851 1466 1892 ἁλιεύων.
1485 1844 1579 1890 Εἶτα
1607 1855 1629 1899 ἡ
1661 1850 1784 1898 Δανάη
1805 1849 1938 1895 ἀνοῖξαι
1957 1849 2104 1890 ἱκετεύει
2123 1849 2186 1897 τὴν

1153 1912 1324 1967 λάρνακα.
1342 1911 1388 1951 ‘O
1408 1910 1444 1950 δὲ
1458 1910 1613 1958 ἀνοίξας,
1629 1910 1689 1948 καὶ
1708 1909 1827 1961 μαθὼν
1841 1907 1964 1953 οἵτινές
1995 1910 2093 1956 εἰσιν,
2111 1908 2188 1960 ἄγει

1153 1974 1200 2017 εἷς
1218 1971 1277 2011 τὸν
1296 1965 1402 2019 οἶκον,
1419 1970 1480 2009 καὶ
1499 1970 1618 2024 τρέφει
1634 1972 1680 2014 ὡς
1706 1969 1746 2008 ἂν
1773 1975 1949 2021 συγγενεῖς
1969 1970 2073 2007 αὐτοῦ
2087 1967 2187 2011 ὄντας

1155 2032 1255 2084 (cod.
1277 2032 1394 2070 Paris.
1418 2029 1577 2083 καθάπερ
1615 2030 1818 2081 συγγενεῖς),
1845 2033 1919 2067 Pro
1936 2030 1970 2066 ἓν
2000 2026 2186 2080 δωδεκάτῳ

1152 2101 1255 2130 recte
1269 2090 1440 2128 Matthiae
1452 2097 1490 2127 et
1503 2089 1666 2128 Clavier.
1681 2088 1730 2126 ad
1741 2088 1923 2139 Apollod.
1940 2101 1977 2138 p.
1992 2088 2040 2124 23
2048 2088 2082 2132 5,
2103 2087 2187 2123 scri-

1152 2150 1320 2192 bendum
1346 2156 1484 2200 putant
1502 2149 1537 2185 ἕν
1555 2146 1704 2200 δευτέρῳ
1719 2177 1729 2195 ,
1750 2160 1837 2184 nam
1869 2147 2000 2184 decem
2038 2153 2184 2182 tantuin

1151 2210 1241 2248 libri
1255 2207 1468 2258 Pherecydi
1489 2207 1723 2254 tribuuntur,
1742 2214 1780 2244 et
1798 2207 1833 2244 ἐν
1848 2206 1937 2245 Tm
1958 2206 1986 2243 B
2007 2205 2186 2242 facillime

1153 2269 1340 2308 confundi
1358 2267 1486 2319 potuit
1503 2280 1589 2304 cum
1604 2267 1638 2303 ἐν
1656 2266 1740 2304 ΤΩΙ
1755 2266 1814 2303 ΙΒ.
1833 2263 1901 2303 Διὰ
1924 2266 1993 2302 τῶν
2016 2261 2186 2317 θεραπόν-

1151 2344 1220 2367 των
1254 2328 1428 2366 Sturzius
1456 2325 1673 2377 glossemati
1698 2324 1832 2362 deberi
1855 2332 1995 2362 censet.

1204 2388 1330 2427 Schol.
1366 2386 1548 2437 Apollon.
1573 2388 1641 2432 IV,
1665 2383 1763 2422 1515
1781 2398 1789 2420 :
1811 2382 1975 2437 Περσέως
1990 2383 2023 2420 ἐν
2044 2380 2183 2434 Σερίφῳ

1152 2446 1242 2500 μετὰ
1258 2450 1320 2495 τῆς
1337 2444 1467 2500 μητρὸς
1489 2445 1667 2497 διάγοντος
1686 2443 1785 2498 παρὰ
1804 2443 1927 2483 Δίκτυϊ
1945 2443 2003 2481 καὶ
2023 2441 2183 2489 ἡὸήσαν-

1150 2523 1206 2551 τος
1227 2507 1325 2558 (cod.
1352 2507 1470 2545 Paris.
1495 2505 1598 2543 addit
1616 2503 1714 2555 ἤδη),
1738 2502 1963 2549 Πολυδέκτης
1989 2504 2007 2539 ὁ
2037 2499 2182 2543 Δίκτυος

1150 2566 1365 2619 ὁμομήτριος
1399 2564 1564 2619 ἀδελφὸς,
1603 2562 1764 2615 βασιλεὺς
1801 2561 1950 2614 Σερίφου
1984 2559 2181 2611 τυγχάνων,

540 2684 603 2717 25.

96 2742 275 2773 Amazones
288 2740 364 2774 filiae
379 2743 456 2774 sunt
471 2741 582 2774 Martis
601 2733 831 2782 en'ljarmonia
843 2743 975 2776 Naiade.

95 2787 283 2821 Alcmonius
310 2788 416 2829 lucus,
443 2783 528 2821 circa
554 2790 844 2828 Thermodontem.
859 2808 901 2814 -
923 2793 1022 2824 Doeas
1058 2793 1091 2824 et

57 2833 192 2867 Alcmon
207 2836 301 2877 cuius
318 2836 419 2877 patris
438 2836 570 2877 suerint,
594 2846 661 2869 non
674 2832 825 2870 traditur.

100 2959 245 2991 Acrisius
260 2968 397 2992 uxorem
410 2960 505 2993 duxit
518 2962 712 3003 Eurydicen,
723 2963 966 2995 Lacedaemonis
978 2963 1087 2995 filiam.

58 3007 109 3038 Ex
124 3005 174 3038 his
184 3008 260 3038 nata
268 3009 318 3039 est
330 3008 451 3041 Danae.
466 3008 517 3041 Illi
529 3018 607 3042 vero
617 3010 657 3042 de
669 3010 758 3051 prole
765 3011 910 3043 mascula
921 3011 1089 3043 oraculum

58 3052 239 3084 consulenti
254 3052 334 3085 deus
349 3052 488 3095 Pythius
509 3057 688 3097 respondit,
708 3066 774 3089 non
790 3057 859 3090 sore
873 3058 1006 3098 quidem
1018 3081 1028 3097 ,
1051 3060 1089 3090 ut

58 3098 129 3152 ipse
142 3098 245 3143 filium
259 3104 442 3141 procrearet
453 3125 462 3142 ,
482 3103 540 3135 sed
562 3104 750 3136 habiturum
768 3114 802 3137 se
817 3114 858 3137 ex
872 3104 938 3137 filia
951 3129 960 3144 ,
985 3114 1003 3136 a
1021 3114 1087 3145 quo

55 3154 118 3187 :pm
140 3147 340 3187 pereundum
370 3152 465 3181 esset.
489 3152 603 3192 Itaque
618 3154 721 3193 Argos
741 3161 891 3185 reversus
909 3153 1089 3184 thalamum

55 3200 185 3225 aeneum
201 3194 263 3226 sub
285 3197 370 3228 terra
391 3196 424 3228 in
440 3197 513 3229 aula
532 3198 651 3231 domus
672 3200 854 3236 exstruxit,
870 3200 903 3231 in
933 3208 998 3240 quo
1014 3209 1089 3231 cum

55 3240 182 3292 nutrice
193 3242 324 3275 Danaen
332 3243 503 3285 conclusit,
520 3244 630 3286 ibique
642 3254 683 3278 ne
697 3245 799 3278 filium
816 3248 940 3287 pareret
953 3247 1091 3279 custodi-

56 3287 118 3318 vit.
133 3286 196 3318 Sed
208 3289 345 3329 Jupiter,
364 3291 478 3331 puellae
490 3300 599 3324 amore
612 3294 738 3334 captus,
753 3294 786 3325 in
801 3293 938 3325 imbrem
955 3303 1089 3326 aureum

56 3338 233 3364 conversus
263 3333 334 3367 fluit
355 3344 396 3368 ex
411 3338 496 3369 tecto
510 3338 543 3369 in
558 3340 628 3380 eJus
645 3340 764 3379 sinum,
781 3342 812 3371 et
826 3342 997 3381 postquam
1019 3341 1091 3380 quis

55 3380 142 3411 esset
154 3379 350 3420 ostenderat,
367 3391 442 3414 cum
455 3391 492 3416 ea
506 3386 706 3418 concumbit.
723 3388 823 3419 Natus
837 3388 937 3418 estex
953 3386 1004 3418 his
1020 3389 1088 3418 Per·

1144 2685 1231 2716 seus,
1248 2684 1346 2717 quem
1360 2677 1470 2707 Danae
1483 2682 1559 2706 cum
1576 2673 1702 2705 nutrice
1711 2672 1793 2704 clam
1806 2670 1931 2703 Acrisio
1943 2668 2105 2701 educavit.
2115 2668 2179 2701 Sed

1145 2733 1249 2766 quum
1264 2723 1411 2756 Acrisius
1427 2721 1536 2755 Persei
1556 2720 1645 2752 trimi
1660 2720 1711 2752 vel
1728 2717 1888 2760 quadrimi
1904 2716 2046 2749 ludentis
2062 2725 2176 2748 vocem

1145 2771 1325 2810 audiisset,
1342 2771 1475 2801 Danaen
1494 2776 1572 2800 cum
1588 2767 1716 2799 nutrice
1736 2764 1886 2797 advocari
1905 2763 2016 2804 jubet,
2043 2765 2076 2795 et
2091 2763 2175 2795 hanc

1144 2817 1277 2859 quidem
1299 2815 1417 2849 occidit
1431 2840 1440 2856 ,
1465 2817 1595 2847 Danaen
1617 2822 1694 2845 vero
1717 2821 1791 2843 cum
1814 2811 1878 2842 filio
1900 2810 1990 2842 ducit
2011 2809 2052 2842 ad
2079 2809 2174 2842 Jovis

1144 2874 1244 2904 aram,
1255 2873 1329 2905 quae
1344 2866 1394 2896 est
1404 2863 1465 2895 sub
1478 2861 1627 2900 maceria,
1640 2859 1747 2899 ibique
1763 2858 1851 2890 solus
1865 2865 1935 2889 eam
1947 2856 2122 2897 interrogat
2135 2866 2176 2889 ex

1144 2921 1287 2953 quonam
1304 2911 1404 2942 filium
1418 2909 1603 2951 peperisset.
1615 2905 1799 2947 Respondet
1820 2904 1874 2936 illa
1889 2913 1897 2935 :
1911 2906 1961 2936 Ex
1976 2905 2070 2936 Jove.
2080 2905 2173 2942 Quod

1145 2969 1209 2991 non
1227 2959 1361 2991 credens
1377 2956 1521 2989 Acrisius
1532 2963 1607 2986 curn
1615 2954 1680 2985 filio
1696 2955 1832 2984 matrem
1848 2953 1883 2983 in
1899 2960 2007 2983 arcam
2024 2951 2175 2992 imponit,

1145 3015 1243 3047 quam
1260 3005 1402 3037 clausam
1419 3003 1452 3034 in
1467 3010 1555 3034 mare
1568 3000 1719 3032 demittit.
1737 2999 1884 3031 Defertur
1900 3007 1938 3030 ea
1953 2997 1994 3030 ad
2004 2998 2176 3039 Seriphum

1144 3052 1293 3091 insulam,
1306 3050 1362 3082 ubi
1385 3049 1509 3089 Dictys,
1520 3047 1715 3079 Peristhenis
1731 3046 1828 3085 filius,
1845 3045 1922 3077 retis
1938 3044 2102 3086 piscatorii
2115 3053 2176 3086 ope

1145 3099 1179 3130 in
1193 3102 1310 3130 terram
1328 3105 1398 3128 eam
1415 3095 1582 3127 subduxit.
1592 3097 1675 3127 Tum
1688 3096 1797 3126 Danae
1810 3102 1851 3126 ex
1864 3101 1902 3125 eo
1916 3092 2007 3133 petit,
2016 3095 2054 3124 ut
2066 3100 2174 3123 arcam

1145 3146 1292 3186 aperiret.
1302 3143 1397 3181 Quod
1411 3145 1582 3183 postquam
1590 3142 1708 3174 fecerat
1715 3143 1747 3173 et
1756 3140 1890 3182 quinam
1903 3142 2010 3172 essent
2022 3148 2175 3180 cognove-

1145 3194 1205 3230 rat,
1219 3192 1352 3223 domum
1371 3199 1464 3222 suam
1489 3189 1579 3221 ducit
1609 3191 1641 3221 et
1668 3188 1725 3221 alit
1755 3197 1823 3229 eos,
1840 3187 1959 3229 quippe
1974 3186 2030 3227 qui
2048 3187 2175 3227 cognati

1145 3242 1262 3272 essent.

1186 3289 1303 3318 Perseo
1323 3286 1356 3317 in
1383 3285 1518 3327 Seripho
1537 3285 1623 3327 apud
1649 3286 1798 3327 Dictyem
1816 3293 1892 3316 cum
1914 3285 2017 3315 matre
2038 3282 2172 3323 degente

1145 3335 1177 3365 et
1195 3335 1262 3374 jam
1275 3333 1490 3374 pubescente,
1511 3332 1720 3373 Polydectes,
1739 3332 1873 3372 Dictyos
1887 3331 1986 3363 frater
2001 3330 2149 3362 uterinus
2161 3352 2170 3367 ,

1146 3381 1201 3420 qui
1219 3383 1288 3411 tum
1303 3380 1458 3421 temporis
1471 3379 1504 3411 in
1521 3379 1627 3411 insula
1642 3380 1810 3421 regnabat,
1829 3387 1931 3419 quum
1952 3380 2082 3410 Danaen
2099 3383 2172 3408 con·
