2320 3684
165 187 238 221 154

718 182 1092 221 ΑΠΟΛΛΟΔΩΡΟΥ
1121 182 1464 223 ΒῙΒΛΙΟΘΗΚΗΣ
1491 186 1533 235 Γ,
1555 185 1613 236 δ’,

159 267 365 317 τεσκεύασε,
399 267 486 312 Ζευς
518 267 644 306 ἔδωκεν
674 269 770 321 αὖτῳ
801 274 949 320 γυναῖκα
981 269 1180 323 Ἁρμονίαν,
1242 281 1373 315 struxit.
1405 284 1533 325 Jupiter
1550 285 1782 324 Harmoniam,
1805 284 1941 318 veneris
1957 285 1990 318 et
2011 286 2126 319 Martis
2141 286 2262 328 filiam,

160 326 364 381 Ἀφροδίτης
382 326 441 365 καὶ
454 325 571 398 Ἄρεος
587 325 772 379 θυγατέρα,
792 326 852 365 καὶ
867 327 995 371 πάντες
1014 326 1098 375 θεοὶ,
1118 343 1182 366 κα-

157 384 361 428 ταλιπόντες
389 384 447 423 τὸν
472 383 634 437 οὐρανὸν,
661 384 696 421 ἐν
719 387 763 435 τῇ
794 383 959 437 Καδμεία
987 384 1045 423 τὸν
1065 385 1179 437 γάμον

159 443 394 495 εὐωχούμενοι
425 441 640 493 ἀνύμνησαν.
661 439 703 466 ²¹
707 443 829 480 Εδωκε
849 441 884 480 δὲ
920 445 1008 495 αὐτῇ
1039 443 1182 495 Κάδμος

158 500 311 549 πέπλον,
339 500 398 539 καὶ
432 500 490 538 τὸν
524 498 839 554 Ἥφαιστότευκτον
874 499 982 554 ὅρμον
1000 532 1010 550 ,
1045 501 1082 540 ὃν
1115 502 1181 540 ὑπὸ

158 558 351 612 Ἡφαίστου
368 558 509 610 λέγουσί
527 575 616 602 τινες
635 559 777 606 δοθῆναι
795 558 951 613 Κάδμῳ,
979 559 1181 614 Φερεκύδης

159 616 194 654 θὲ
213 617 279 655 ὑπὸ
299 616 482 671 Εὐρώπης·
500 617 536 656 ὃν
556 617 652 671 παρὰ
669 618 750 661 Διὸς
768 614 875 665 αὐτὴν
891 618 1022 658 λαὸεῖν.
1036 619 1180 658 3Γίνον-

157 692 214 713 ται
241 675 276 714 δὲ
297 676 435 729 Κάδμῳ
463 675 646 730 θυγατέρες
668 675 732 727 μὲν
767 675 952 725 Αὐτονόη,
986 677 1082 726 Ἰνὼ,
1109 680 1180 718 Σε-

159 734 272 786 μέλη,
309 735 460 787 Ἀγαυὴ,
490 742 572 780 παῖς
597 735 633 774 δὲ
666 736 886 791 Πολύδωρος.
920 737 998 777 Ἰνὼ
1030 737 1093 789 μὲν
1119 732 1178 776 oliv

159 793 311 844 Ἀθάμας
330 793 480 846 ἔγημεν·
515 794 692 843 Αὐτονόην
723 793 760 833 δὲ
786 795 986 850 Ἀρισταῖος·
1017 796 1178 848 Ἀγαυὴν,

159 851 304 904 Ἐχίων.

210 912 268 964 (3)
289 911 450 963 Σεμέλης
468 911 504 950 δὲ
525 911 611 956 Ζεὺς
619 911 915 967 ἐρασθεὶς,”Ηρας
929 912 1044 968 κρύφα
1061 929 1181 952 συνευ-

156 969 306 1014 νάζεται.
334 970 380 1009 ‘H
403 969 459 1019 δὲ,
486 969 740 1019 ἐξαπατηθεῖσα
757 971 824 1010 ὑπὸ
846 971 981 1026 ἽΙρας,
1006 971 1179 1011 κατανεύ-

157 1044 281 1072 σαντος
298 1031 385 1082 αὐτῇ
403 1030 483 1074 Διὸς
500 1036 570 1069 πᾶν
598 1030 638 1069 τὸ
658 1030 796 1078 αἰτηθὲν
821 1030 998 1080 ποιήσειν,
1033 1033 1180 1070 αἰτεῖται

156 1091 310 1127 τοιοῦτον
325 1088 428 1127 αὐτὸν
447 1091 569 1138 ἐλθεῖν,
583 1083 653 1133 οἶος
665 1083 750 1137 ἦλθε
765 1089 1097 1141 μνηστευόμενοςαΗ
1104 1106 1178 1144 ραν.

155 1145 269 1190 2Ζεὺς
287 1146 337 1196 δὲ,
367 1146 416 1199 μὴ
447 1147 635 1198 δυνάμενος
653 1149 852 1196 ἀνανεῦσαι,
886 1149 1115 1202 παραγίνεται
1133 1151 1180 1192 εἷς

155 1203 214 1243 τὸν
236 1206 392 1258 θάλαμον
413 1207 519 1253 αὐτῆς
538 1207 590 1260 ἐφ’
605 1207 777 1260 ἅρματος,
798 1209 993 1259 ἀστραπαῖς
1014 1210 1101 1258 ὁμοῦ
1119 1208 1178 1246 καὶ

157 1265 334 1316 βρονταῖς,
366 1265 425 1303 καὶ
450 1265 614 1319 κεραυνὸν
631 1264 737 1313 ἵησιν.
760 1266 776 1290 3
795 1265 955 1316 Σεμέλης
974 1265 1010 1304 δὲ
1039 1265 1095 1304 διὰ
1120 1265 1178 1304 τὸν

155 1320 261 1374 φόὸον
290 1323 521 1372 ἐκλιπούσης,
548 1323 770 1375 ἑξαμηνιαῖον
806 1323 928 1378 βρέφος
957 1323 1178 1375 ἐξαμὸλωθὲν

155 1381 195 1418 ἐκ
211 1385 271 1419 τοῦ
288 1382 395 1436 πυρὸς
411 1382 587 1436 ἁρπάσας,
609 1381 774 1436 ἐνέρῤαψε
797 1385 847 1435 τῷ
867 1385 980 1436 μηρῷ.
998 1386 1016 1411 4
1028 1383 1180 1421 Ἀποθα-

154 1438 280 1488 νούσης
309 1440 345 1479 δὲ
374 1441 555 1492 Σεμέλης,
593 1443 628 1479 αἱ
662 1441 781 1479 λοιπαὶ
817 1442 965 1493 Κάδμου
997 1441 1180 1496 θυγατέρες

155 1497 337 1550 διήνεγκαν
359 1499 481 1551 λόγον,
515 1503 743 1547 συνευνῆσθαι
769 1503 884 1554 θνητῷ
910 1517 978 1539 τινι
1002 1500 1178 1552 Σεμέλην,

153 1557 212 1595 καὶ
232 1557 518 1612 καταψεύσασθαι
547 1558 648 1608 Διὸς,
673 1559 732 1597 καὶ
754 1559 810 1597 διὰ
826 1563 928 1613 τοῦτο
946 1559 1177 1613 ἐκεραυνώθη.

155 1616 276 1655 ὖΚατὰ
294 1617 330 1655 δὲ
352 1617 410 1656 τὸν
428 1616 551 1672 χρόνον
575 1618 634 1656 τὸν
657 1617 875 1668 καθήκοντα,
891 1618 1057 1658 Διόνυσον
1075 1625 1179 1673 γεννᾷ

155 1675 242 1719 Ζεὺς
260 1675 368 1720 λύσας
391 1676 434 1715 τὰ
455 1677 642 1730 ῥάμματα,
662 1678 722 1716 καὶ
741 1677 880 1716 δίδωσιν
900 1675 1030 1731 Ἑρμῇ.
1065 1678 1110 1717 Ὁ
1142 1677 1178 1717 δὲ

154 1734 288 1785 κομίζει
308 1735 392 1789 πρὸς
414 1735 493 1774 Ἰνὼ
510 1736 569 1774 καὶ
589 1736 809 1788 Ἀθάμαντα,
830 1737 890 1775 καὶ
909 1736 1021 1775 πείθει
1039 1736 1176 1791 τρέφειν

154 1795 201 1836 ὡς
219 1791 336 1846 κόρην.

208 1850 519 1902 6Ἀγανάκτήσασα
543 1850 579 1889 δὲ
597 1850 714 1904 (Ἥρα,
742 1851 869 1902 μανίαν
897 1851 1176 1895 αὐτοῖςένέὸαλε.

155 1909 228 1949 Καὶ
256 1909 409 1961 Ἀθάμας
434 1908 521 1960 μὲν,
552 1909 611 1948 τὸν
630 1908 863 1963 πρεσὸύτερον
886 1911 996 1948 παῖδα
1016 1910 1176 1965 Λέαρχον

154 1985 201 2012 ως
220 1967 346 2022 ἔλαφον
371 1940 540 2022 θηρεύσας
567 1967 780 2007 ἀπέκτεινεν·
800 1967 878 2007 Ἰνὼ
898 1967 953 2018 δὲ,
959 1969 1037 2030 Μτὸν
1067 1972 1178 2009 Μελι-

154 2025 280 2080 κέρτην
301 2029 347 2071 εἰς
363 2042 613 2080 πεπυρωμενον
631 2026 765 2074 λέὸητα
782 2027 926 2081 ῥίψασα,
947 2032 1022 2066 εἶτα
1041 2029 1178 2079 βαστά-

154 2101 267 2135 σασα,
300 2084 389 2137 μετὰ
410 2089 531 2140 νεκροῦ
561 2101 622 2124 του
647 2085 770 2130 παιδὸς
791 2085 901 2133 ἥλατο
933 2085 1024 2124 κατὰ
1051 2090 1176 2139 βυθῶν·

153 2147 168 2172 ⁷
188 2145 247 2184 καὶ
267 2143 443 2183 Λευκοθέα
476 2142 539 2196 μὲν
568 2143 656 2191 αὐτὴ
674 2145 833 2183 καλεῖται
850 2175 860 2193 ,
880 2145 1079 2196 Παλαίμων
1101 2146 1137 2185 δὲ
1159 2150 1178 2186 ὃ

153 2209 253 2252 παῖς,
281 2203 388 2247 οὕτως
404 2202 654 2254 ὀνομασθέντες
681 2202 747 2241 ὑπὸ
775 2206 842 2241 τῶν
874 2202 1074 2242 πλεόντων·
1106 2211 1178 2249 τοῖς

153 2261 419 2315 χειμαζομένοις
446 2261 513 2316 γὰρ
535 2265 729 2314 βοηθοῦσιν.
750 2261 897 2309 8Ἔτέθη
919 2261 954 2300 δὲ
980 2263 1037 2301 ἐπὶ
1062 2266 1177 2303 Μελι-

153 2321 258 2376 κέρτῃ
277 2320 369 2373 ἀγὼν
387 2324 455 2359 τῶν
474 2321 650 2372 Ἰσθμίων,
671 2320 827 2375 Σισύφου
845 2320 971 2365 θέντος.

206 2377 389 2420 9Διόνυσον
419 2378 456 2418 δὲ
483 2378 569 2423 Ζεὺς
600 2380 646 2422 εἷς
665 2378 779 2433 ἔριφον
808 2379 958 2424 ἀλλάξας
979 2379 1036 2418 τὸν
1062 2380 1178 2435 ινΗρας

152 2439 259 2492 θυμὸν
279 2439 420 2492 ἔκλεψε·
446 2438 506 2476 καὶ
534 2436 655 2476 λαὸὼν
674 2438 776 2477 αὐτὸν
795 2437 931 2492 Ἑρμῆς
959 2439 1044 2492 πρὸς
1069 2439 1176 2492 Νύμ-

152 2515 217 2553 φας
244 2497 403 2550 ἐκόμισεν
434 2498 468 2535 ἐν
493 2494 594 2549 Νύσῃ
619 2499 682 2543 τῆς
714 2496 827 2539 Ἀσίας
853 2496 1104 2548 κατοικούσας,
1136 2498 1176 2543 ἃς

151 2557 292 2611 ὕστερον
313 2555 398 2599 Ζεὺς
414 2555 667 2609 καταστερίσας
682 2554 864 2606 ὠνόμασεν
881 2555 1022 2599 εΥάδας.

206 2616 261 2670 (4)
282 2614 455 2662 Αὐτονόης
471 2613 508 2652 δὲ
524 2614 584 2653 καὶ
599 2607 794 2668 Ἀρισταίου
811 2620 892 2658 παῖς
911 2614 1076 2660 Ἀκταίων
1096 2615 1175 2667 ἐγέ-

149 2691 249 2723 νετο,
278 2674 313 2718 ὃς
338 2673 491 2727 τραφεὶς·
508 2672 605 2727 παρὰ
631 2673 782 2727 Χείρωνι
815 2672 964 2724 κυνηγὸς
993 2674 1174 2727 ἐδιδάχθη,

150 2734 210 2773 καὶ
234 2732 375 2786 ὕστερον
408 2730 614 2786 κατεὸρώθη
643 2733 678 2770 ἐν
704 2734 755 2785 τῷ
780 2734 973 2785 Κιθαιρῶνι
1005 2731 1071 2770 ὑπὸ
1105 2735 1173 2771 τῶν

150 2791 246 2829 ἰδίων
265 2793 390 2829 κυνῶν.
411 2786 503 2828 2Kal
519 2792 640 2828 τοῦτον
660 2788 862 2836 ἐτελεύτησε
880 2788 938 2826 τὸν
953 2787 1099 2842 τρόπον,
1129 2792 1175 2834 ὡς

151 2866 195 2901 με
180 2866 214 2888 ν
233 2853 290 2888 οὖν
318 2848 539 2892 Ακουσίλαος
554 2847 667 2900 λέγει,
689 2847 899 2899 μηνίσαντος
916 2863 977 2885 του
995 2847 1075 2891 Διὸς
1088 2878 1098 2895 ,
1120 2847 1173 2886 ὅτι

151 2907 410 2959 ἐμνηστεύσατο
430 2907 613 2968 Σεμέλην·
633 2908 704 2951 3ὡς
720 2906 756 2945 δὲ
780 2909 811 2945 οἱ
833 2906 1008 2954 πλείονες,
1038 2922 1090 2944 οτι
1109 2906 1172 2954 τὴν

149 2967 312 3020 Ἄρτεμιν
331 2965 524 3017 λουομένην
557 2967 654 3004 εἶδε·
679 2982 738 3004 και
754 2981 840 3020 φασι
865 2964 928 3013 τὴν
957 2964 1031 3003 θεὸν
1059 2980 1174 3018 παρα-

150 3028 272 3078 χρῆμα
301 3028 405 3063 αὐτου
429 3024 492 3071 τὴν
518 3023 653 3079 μορφὴν
683 3026 730 3068 εἷς
756 3024 884 3077 ἔλαφον
913 3021 1085 3071 ἀλλάξαι,
1112 3023 1171 3062 και

150 3089 221 3126 τοῖς
237 3082 418 3133 ἑπομένοις
437 3085 531 3136 αὐτῷ
548 3083 766 3130 πεντήκοντα
785 3083 885 3121 κυσιν
905 3081 1069 3133 ἐμὸαλεῖν
1087 3081 1171 3120 λύσ-

151 3157 236 3189 σαν,
262 3141 318 3195 ὑφ’
341 3145 388 3180 ων
414 3142 543 3180 κατὰ”
522 3158 661 3194 αγνοιαν
688 3141 836 3196 ἑὸρύθη.
852 3145 870 3170 ⁴
884 3139 1117 3192 Ἀπολομένου
1135 3140 1171 3179 δὲ

152 3199 362 3248 Ἀκταίονος,
391 3202 423 3238 οἱ
440 3200 538 3244 κύνες
557 3203 796 3249 ἐπιζητοῦντες
813 3200 871 3239 τὸν
892 3198 1082 3247 δεσπότην,
1102 3215 1171 3238 κα-

150 3257 342 3312 τωρύοντο,
373 3259 431 3296 καὶ
449 3259 591 3306 ζήτησιν
610 3259 831 3310 ποιούμενοι,
863 3258 1170 3313 παρεγένοντοᾼέπὶ

150 3317 190 3356 τὸ
213 3321 273 3355 τοῦ
303 3317 474 3370 Χείρωνος
505 3317 646 3372 ἄντρον·
682 3318 717 3361 ὃς
741 3318 882 3356 εἴδωλον
915 3316 1169 3356 κατεσκεύασεν

151 3375 361 3424 Ἀκταίονος,
382 3375 400 3413 ὃ
416 3375 474 3413 καὶ
493 3375 555 3422 τὴν
574 3375 687 3424 λύπην
707 3378 820 3415 αὐτῶν
840 3375 981 3414 ἔπαυσε.

1240 356 1374 381 uxorem
1389 350 1496 392 dedit,
1510 353 1608 393 atque
1621 361 1735 385 omnes
1750 352 1813 393 dii,
1832 352 1944 385 relicto
1961 353 2080 394 coelo,'
2070 363 2104 386 m
2121 355 2262 391 cadmea

1943 422 2054 456 2Dedit
2073 423 2103 456 ei
2118 424 2262 458 Cadmus

1241 487 1370 529 peplum
1388 490 1421 522 et
1434 490 1553 523 monile
1574 500 1594 523 a
1614 492 1762 524 Vulcano
1777 492 1990 533 fabricatum,
2006 493 2094 534 quod
2108 517 2118 534 ‚
2132 495 2171 526 ut
2184 503 2263 527 non-

1239 419 1390 451 convivio
1412 421 1538 462 excepti
1552 421 1682 463 nuptias
1699 422 1910 455 celebrarunt.

1240 557 1320 589 nulli
1330 558 1453 598 dicunt,
1461 551 1501 592 a'b
1509 560 1580 602 ipso
1585 561 1731 594 Vulcano
1738 564 1915 604 acceperat,
1923 563 2100 596 secundum
2107 564 2263 606 Pherecy-

1239 625 1313 658 dem
1329 635 1405 660 vero
1426 628 1467 660 ab
1482 631 1609 671 Europa
1622 654 1630 669 ,
1647 631 1699 663 cui
1714 632 1842 673 Jupiter
1853 632 1888 665 id
1901 633 2087 667 donaverat.
2103 633 2263 668 ⁸Nascun-

1239 698 1294 729 tur
1307 698 1430 731 Cadmo
1446 699 1520 732 filiae
1532 702 1688 742 Autonoe,
1706 705 1775 743 Ino,
1793 703 1915 736 Semele
1926 728 1935 743 ,
1950 706 2070 746 Agave,
2084 704 2171 741 tilius
2183 713 2262 739 vero

1238 765 1428 806 Polydorus.
1441 770 1498 800 Ino
1509 770 1693 803 Athamanti
1710 773 1832 813 nupsit,
1843 774 1991 806 Autonoe
1998 773 2147 815 Aristaeo,
2154 777 2263 817 Agave

1238 835 1385 867 Echioni.

1234 916 1236 918 ’
1282 914 1328 955 (3)
1351 917 1435 948 Cum
1461 918 1584 951 Semele
1596 920 1735 962 Jupiter,
1765 921 1833 962 ejus
1847 931 1956 955 amore
1973 924 2099 964 eaptus,
2114 923 2198 956 clam
2209 925 2262 958 Ju-

1239 979 1323 1004 none
1339 974 1536 1007 concumbit.
1560 977 1638 1008 Haec
1654 980 1760 1010 autem
1783 979 1825 1010 ab
1850 981 1978 1012 Junone
2005 980 2158 1022 decepta,
2180 983 2264 1015 Jove

1239 1031 1396 1072 quidquid
1411 1032 1598 1075 deposceret
1611 1044 1681 1068 sese
1691 1036 1854 1070 facturum
1868 1038 2051 1079 pollicente,
2065 1048 2106 1072 ex
2119 1048 2158 1072 eo
2167 1040 2262 1081 peut,

1241 1091 1275 1120 ut
1293 1090 1366 1122 talis
1379 1091 1421 1123 ad
1435 1101 1469 1124 se
1483 1093 1627 1134 accedat,
1643 1095 1748 1135 qualis
1767 1097 1892 1129 venerit
1909 1100 1928 1130 J
1931 1098 2048 1131 unonis
2058 1099 2188 1140 nuptias
2197 1108 2264 1132 am·

1238 1147 1342 1181 biens.
1363 1151 1478 1188 2Quod
1494 1161 1596 1192 quum
1624 1154 1751 1195 Jupiter
1769 1155 1909 1188 abnuere
1931 1165 1998 1188 non
2018 1159 2148 1199 posset,
2165 1167 2263 1191 curru

1237 1210 1352 1240 vectus
1375 1210 1491 1242 tonans
1518 1211 1551 1244 ct
1576 1211 1753 1245 fulminans
1777 1214 1846 1254 ejus
1865 1215 2044 1248 thalamum
2070 1216 2261 1257 ingreditur.

1238 1266 1362 1303 ⁵Quare
1375 1269 1496 1300 Semele
1513 1271 1599 1301 metu
1620 1272 1780 1304 exstincta
1795 1276 1983 1306 semestrem
1997 1275 2126 1315 partum
2138 1275 2261 1316 edidit,

1238 1333 1334 1364 quem
1351 1326 1478 1366 Jupiter
1492 1336 1510 1359 e
1521 1328 1630 1360 medio
1640 1329 1809 1370 abreptum
1825 1330 1898 1372 igne
1924 1332 2038 1365 femori
2051 1333 2164 1366 insuit.
2184 1338 2199 1358 ⁴
2210 1337 2263 1368 Se-

1238 1383 1320 1415 mele
1339 1384 1509 1426 exstincta‚
1530 1386 1662 1427 reliquae
1698 1388 1811 1420 Cadmi
1841 1389 1916 1422 filiae
1930 1391 2133 1425 sermonibus
2159 1393 2263 1426 divul-

1238 1444 1314 1482 gant
1346 1452 1418 1475 eam
1452 1453 1527 1477 cum
1540 1446 1725 1479 mortalium
1760 1448 1901 1489 quodam
1930 1449 2161 1492 concubuisse,
2176 1454 2209 1486 et
2221 1453 2264 1486 ab

1238 1503 1320 1533 Jove
1333 1510 1366 1533 se
1382 1510 1599 1543 compressam
1615 1505 1797 1546 mentitam,
1813 1514 1949 1548 eamque
1961 1508 2004 1540 ob
2022 1517 2091 1541 rem
2111 1509 2263 1543 fulmina-

1237 1561 1305 1592 tam
1320 1569 1399 1593 esse.
1415 1566 1429 1584 ³
1439 1564 1590 1603 Congum
1608 1563 1722 1597 deinde
1736 1567 1878 1606 tempore
1895 1566 2040 1610 Jupiter,
2056 1569 2173 1602 solutis
2187 1569 2263 1610 filis,

1237 1618 1417 1660 Dionysum
1437 1621 1522 1662 parit
1537 1631 1677 1663 eumque
1696 1624 1796 1657 tradit
1823 1627 1995 1659 Mercurio.
2018 1627 2080 1660 Hic
2098 1628 2140 1660 ad
2155 1631 2214 1661 Ino
2230 1629 2264 1662 et

1238 1679 1463 1711 Athamantem
1483 1689 1620 1721 puerum
1636 1682 1740 1715 desert
1753 1706 1762 1723 ‚
1779 1683 1884 1725 iisque
1903 1686 2018 1718 suadet
2040 1687 2078 1719 ut
2093 1688 2262 1728 tamquam
2318 1717 2320 1719 .

1237 1737 1376 1778 puellam
1394 1739 1543 1771 educent.

1280 1847 1392 1883 ⁶Qu0d
1404 1847 1516 1889 iniquo
1526 1848 1633 1880 animo
1649 1849 1755 1883 serens
1771 1852 1858 1883 Juno
1871 1851 1912 1884 iis
1928 1852 2069 1886 furorem
2085 1854 2206 1896 injecit.
2219 1858 2264 1891 Et

1237 1908 1393 1940 Athamas
1409 1908 1541 1948 quidem
1563 1909 1718 1949 majorem
1734 1911 1812 1942 natu
1827 1910 1929 1942 filium
1949 1913 2152 1954 Learchum,
2171 1914 2263 1949 velut
2314 1935 2320 1948 ¹.

1237 1973 1369 1997 cervum
1383 1966 1533 2005 venatus,
1551 1964 1726 2006 interfecit3
1745 1967 1803 1998 Ino
1818 1975 1895 1999 vero
1917 1968 2114 2002 Melicertem
2130 1970 2164 2002 in
2181 1971 2264 2006 lebe-
2315 1981 2318 1982 ⁷

1236 2025 1302 2057 tem
1312 2024 1456 2057 fervente
1465 2033 1549 2065 aqua
1558 2024 1690 2065 plenum
1699 2026 1847 2067 conjecit,
1859 2028 1956 2068 atque
1965 2026 2082 2062 deinde
2097 2031 2262 2064 mortuum

1237 2092 1346 2115 secum
1366 2085 1535 2125 asportans
1551 2084 1701 2125 prosiluit
1714 2084 1746 2117 in
1763 2086 1934 2126 profunda.
1957 2089 2019 2120 Ἐἰ
2041 2088 2113 2130 ipsa
2129 2091 2262 2131 quidem
2310 2078 2311 2081 Ἴ

1237 2141 1440 2182 Leucotheae,
1459 2150 1540 2183 puer
1553 2149 1632 2174 vero
1647 2143 1844 2175 Palaemonis
1856 2151 1874 2175 a
1886 2143 2129 2185 navigatoribus
2144 2155 2262 2180 nomen
2303 2159 2306 2161 ·

1236 2201 1428 2241 acceperunt
1449 2210 1456 2232 ε
1474 2210 1550 2232 nam
1570 2203 1762 2242 tempestate
1776 2202 1902 2235 vexatis
1914 2211 2009 2245 opem
2045 2204 2163 2238 serunt.
2195 2211 2209 2230 Ι
2223 2209 2262 2240 ln
2292 2233 2294 2236 ,

1238 2259 1414 2291 Melicertae
1431 2259 1571 2300 denique
1587 2260 1743 2292 honorem
1757 2260 1893 2293 Isthmia
1913 2262 2050 2303 Sisypho
2068 2265 2199 2298 auctore
2211 2265 2261 2298 iu-

1236 2319 1357 2351 stituta
1374 2320 1462 2351 sunt.

1281 2378 1483 2420 ⁹Dionysum
1499 2387 1576 2411 vero
1589 2379 1622 2411 in
1638 2379 1770 2412 hoedum
1787 2380 2052 2414 transformatum
2065 2384 2193 2425 Jupiter
2207 2386 2260 2418 Ju-

1235 2438 1330 2470 nonis
1346 2438 1401 2470 irae
1415 2438 1582 2477 subduxit,
1593 2447 1631 2470 ac
1645 2438 1825 2471 Mercurius
1840 2439 2008 2472 transtulit
2023 2449 2099 2473 eum
2111 2442 2153 2475 ad
2165 2444 2260 2484 Nym-

1235 2499 1326 2540 phas,
1349 2506 1423 2538 quoe
1444 2500 1564 2538 Nysam
1581 2497 1616 2529 in
1637 2498 1713 2529 Asia
1734 2497 1930 2538 incolebant,
1952 2508 2090 2540 quaeque
2110 2503 2223 2542 postea
2239 2511 2261 2535 a
2292 2522 2303 2529 -

1235 2561 1317 2591 Jove
1330 2558 1412 2590 inter
1428 2557 1534 2589 sidera
1549 2557 1715 2589 collocatae
1731 2557 1982 2590 nominabantur
2003 2559 2143 2600 Hyades.

1277 2616 1322 2657 (4)
1357 2617 1522 2649 Autonoes
1535 2616 1568 2647 et
1581 2615 1711 2647 Aristaei
1733 2615 1819 2648 filius
1838 2615 1901 2648 fuit
1917 2617 2069 2657 Actaeon,
2083 2617 2140 2658 qui
2151 2627 2171 2650 a
2185 2617 2258 2650 Chi*
2288 2613 2299 2642 ’ὁ

1234 2690 1312 2713 rone
1323 2680 1480 2712 educatus
1497 2680 1530 2711 et
1544 2679 1751 2710 venationem
1765 2678 1900 2710 edoctus
1915 2679 2029 2720 postea
2040 2687 2060 2711 a
2071 2679 2139 2712 suis
2154 2679 2258 2722 ipsius

1233 2745 1368 2777 canibus
1382 2745 1416 2776 in
1431 2744 1615 2776 Cithaerone
1634 2743 1807 2776 devoratus
1820 2745 1880 2776 est.
1901 2745 2027 2785 statque
2040 2744 2170 2778 huncin
2191 2755 2259 2779 mo-
2293 2728 2299 2762 *⁴

1234 2809 1312 2840 dum
1327 2807 1443 2846 finivit,
1459 2805 1637 2839 secundum
1651 2806 1850 2847 Acusilaum‚
1868 2807 1961 2839 Jovis
1978 2807 2035 2843 im,
2051 2807 2139 2849 quod
2154 2810 2264 2841 semen
2280 2798 2291 2819 '¹

1232 2868 1278 2900 les
1291 2866 1421 2907 nuptias
1433 2865 1599 2897 ambiisset
1613 2876 1622 2905 ;
1639 2866 1835 2898 ³secundum
1854 2865 2024 2907 plerosque
2035 2868 2155 2906 autem,
2170 2865 2258 2908 quod

1233 2934 1368 2967 Dianam
1381 2941 1416 2964 se
1427 2931 1591 2963 lavantem
1601 2931 1840 2971 conspexisset;
1852 2932 1923 2963 tum
1942 2931 2028 2964 enim
2039 2931 2132 2964 deam
2144 2932 2258 2966 dicunt
2283 2924 2290 2929 Γ

1231 2996 1394 3039 extemplo
1413 3005 1488 3028 eum
1500 2996 1533 3028 in
1548 3004 1680 3027 cervum
1693 2999 1922 3035 commutasse,
1933 2998 2030 3038 atque
2048 2997 2258 3039 quinquagiffi

1229 3063 1264 3095 ta
1285 3062 1340 3103 qui
1358 3069 1433 3093 eum
1445 3059 1662 3100 sequebantur
1675 3059 1808 3090 canibus
1822 3059 1944 3091 rabiem
1961 3059 2120 3100 injecisse,
2145 3060 2187 3092 ab
2199 3059 2255 3093 iis·
2318 3073 2320 3111 γ’

1230 3137 1293 3170 que
1305 3126 1422 3167 ignaris
1432 3124 1599 3157 dominum
1606 3132 1676 3155 esse
1691 3123 1900 3164 discerptum.
1921 3125 2112 3164 ⁴Postquam
2122 3125 2254 3158 Actaeon
2276 3138 2282 3179 s

1228 3193 1377 3236 perierat,
1388 3200 1484 3223 canes
1494 3190 1607 3222 berum
1617 3197 1691 3221 cum
1706 3188 1831 3221 ululatu
1843 3189 2039 3230 vestigantes
2050 3190 2092 3222 ad
2102 3190 2254 3224 Chironis
2265 3210 2288 3234 :¹¹

1229 3259 1359 3292 antrum
1391 3255 1600 3293 devenerunt,
1617 3253 1672 3294 qui
1694 3253 1855 3286 Actaeonis
1872 3253 2080 3286 simulacrum
2108 3254 2250 3297 effinxit,

1228 3332 1293 3365 quo
1309 3321 1443 3355 canibus
1462 3319 1587 3361 ohJ'ecto
1602 3318 1711 3352 effecit
1728 3320 1765 3351 ut
1776 3327 1947 3351 moerorem
1962 3317 2167 3360 deponerent.
