2320 3684
159 176 230 210 162

153 254 294 309 κήρυκα
309 254 521 306 πέμπουσιν,
538 251 635 291 αὐτοὶ
653 249 709 300 δὲ,
730 250 1007 295 ἀναὸιὸάσαντες
1031 251 1089 290 ἐπὶ
1121 252 1183 297 τὰς

154 314 292 360 ἀπήνας
307 313 412 352 τέκνα
431 313 491 351 καὶ
516 315 685 363 γυναῖκας
697 340 708 359 ,
729 310 769 348 ἐκ
793 312 856 356 τῆς
871 308 1006 354 πόλεως
1026 309 1181 365 ἔφευγον.

153 371 327 427 4Νύκτωρ
348 371 383 411 δὲ
397 371 453 410 ἐπὶ
488 369 552 417 τὴν
579 368 772 420 λεγομένην
795 370 1022 422 Τιλφοῦσσαν
1050 369 1182 424 κρήνην

152 430 446 485 παραγενομένων
466 431 594 476 αὐτῶν,
615 427 818 482 Τειρεσίας,
845 427 915 466 ἀπὸ
927 427 1056 476 ταύτης
1077 428 1182 479 πιὼν,

154 490 260 528 αὐτοῦ
278 489 336 528 τὸν
363 489 434 541 βίον
452 487 677 541 κατέστρεψε.
694 486 850 534 Θηὸαῖοι
867 485 903 525 δὲ
917 487 974 526 ἐπὶ
989 487 1079 527 πολὺ
1093 489 1184 527 διελ-

154 547 286 597 θόντες,
335 546 435 586 πόλιν
488 546 674 585 Ἑστιαίαν
722 545 903 590 κτίσαντες
957 545 1181 600 κατῴκησαν.

156 607 211 658 (Ι.)
233 607 379 660 Ἀργεῖοι
409 605 446 645 δὲ
476 604 618 659 ὕστερον
643 604 702 644 τὸν
723 604 877 659 δρασμὸν
908 607 979 644 τῶν
1011 605 1182 654 Θηὸαίων

155 664 338 716 μαθόντες,
365 664 512 703 εἰσίασιν
543 666 591 708 εἷς
617 663 681 711 τὴν
709 662 824 712 πόλιν,
843 663 902 702 καὶ
923 665 1184 718 συναθροίζουσι

152 722 216 770 τὴν
239 723 348 772 λείαν,
372 723 432 761 καὶ
459 725 666 777 καθαιροῦσι
681 721 726 760 τὰ
761 721 875 774 τείχη.
895 723 998 769 2Τῆς
1025 721 1062 760 δὲ
1090 722 1185 766 λείας

155 781 257 835 μέρος
278 784 326 825 εἰς
344 780 500 836 Δελφοὺς
519 783 717 833 πέμπουσιν
733 780 926 820 Ἀπόλλωνι
943 781 1002 819 καὶ
1017 780 1082 829 τὴν
1101 784 1184 821 Τει-

155 840 270 893 ρεσίου
294 841 470 893 θυγατέρα
490 839 636 883 Μαντώ.
657 838 816 884 Ηῦξαντο
840 839 907 893 γὰρ
927 840 1041 893 αὐτῷ,
1059 839 1185 887 Θήὸας

154 898 290 944 ἑλόντες
307 899 347 939 τὸ
368 899 557 938 κάλλιστον
575 901 644 938 τῶν
667 897 831 952 λαφύρων
850 897 1048 944 ἀναθήσειν.

210 958 264 1011 (5)
284 957 387 998 Μετὰ
407 956 442 996 δὲ
458 956 522 1005 τὴν
542 957 712 1005 Θηὸαίων
733 957 864 996 ἅλωσιν
882 956 1085 1008 αἰσθόμενος
1103 956 1184 996 Ἀλ-

153 1016 292 1068 κμαίων
308 1017 368 1055 καὶ
391 1016 447 1055 ἐπ’
470 1015 573 1055 αὐτὸν
591 1017 686 1069 δῶρα
708 1016 888 1070 εἰληφυῖαν
906 1014 1098 1069 Ἐριφύλην
1118 1015 1182 1062 τὴν

155 1075 293 1128 μητέρα
304 1107 315 1124 ,
336 1076 470 1127 μᾶλλον
489 1074 732 1127 ἠγανάκτησε’
749 1074 808 1113 καὶ
821 1105 831 1123 ,
849 1074 1046 1128 χρήσαντος
1062 1073 1184 1112 Ἀπόλ-

154 1136 263 1178 λωνος
290 1135 407 1187 αὐτῷ,
441 1132 506 1181 τὴν
546 1133 682 1188 μητέρα
703 1133 916 1172 ἀπέκτεινεν.
938 1132 955 1156 2
970 1129 1087 1171 Ἔνιοι
1121 1132 1182 1183 μὲν

156 1196 289 1246 μᾶλλον
312 1195 452 1247 λέγουσι
479 1193 540 1233 σὺν
575 1192 778 1248 Ἀμφιλόχῳ
804 1195 855 1246 τῷ
883 1193 1022 1246 ἀδελφῷ
1051 1197 1184 1230 κτεῖναι

155 1252 220 1300 τὴν
236 1252 443 1307 Ἐριφύλην,
460 1251 544 1291 ἔνιοι
559 1252 594 1291 δὲ
606 1250 658 1290 ὅτι
678 1250 1049 1303 μόνος.3Ἀλκμαίωνα
1064 1248 1099 1288 δὲ
1118 1265 1184 1300 με·-

153 1313 277 1359 τῆλθεν
317 1311 455 1366 Ἐρινὺς
485 1315 546 1350 τοῦ
573 1309 738 1364 μητρῴου
764 1309 880 1364 φόνου.
909 1309 980 1348 Καὶ
1004 1306 1183 1359 μεμηνὼς,

154 1372 292 1423 πρῶτον
315 1368 377 1422 μὲν
397 1371 443 1413 εἷς
465 1369 648 1423 Ἀρκαδίαν
670 1368 755 1422 πρὸς
771 1367 916 1406 Ὀϊκλέα
934 1366 1183 1421 παραγίνεται,

154 1430 282 1467 ἐκεῖθεν
293 1427 328 1467 δὲ
340 1430 386 1472 εἷς
404 1429 562 1482 Ψωφῖδα
582 1427 668 1481 πρὸς
683 1425 823 1477 Φηγέα.
840 1428 857 1453 4
869 1424 1062 1478 Καθαρθεὶς
1070 1422 1107 1462 δὲ
1126 1423 1185 1462 ὕπ’

155 1489 280 1536 αὐτοῦ,
296 1486 474 1541 Ἀρσινόην
494 1491 600 1538 γαμεῖ
620 1485 683 1533 τὴν
700 1485 824 1523 τούτου
838 1482 1026 1537 θυγατέρα·
1047 1482 1106 1521 καὶ
1125 1482 1184 1521 τόν

154 1562 192 1585 τε
211 1545 317 1600 ὅρμον
338 1546 397 1584 καὶ
416 1545 475 1584 τὸν
499 1544 631 1583 πέπλον
653 1543 760 1583 ἔδωκε
770 1541 1128 1595 ταύτῃ.5Γενομένης
1149 1540 1185 1580 δὲ

154 1605 297 1658 ὕστερον
327 1607 390 1651 τῆς
410 1607 475 1656 γῆς
498 1604 542 1642 δι’
563 1603 665 1642 αὐτὸν
692 1601 842 1657 ἀφόρου,
869 1601 1066 1655 χρήσαντος
1090 1603 1184 1654 αὐτῷ

153 1668 214 1702 τοῦ
234 1667 311 1702 θεοῦ
328 1663 414 1718 πρὸς
432 1663 602 1716 Ἀχελῶον
625 1661 783 1710 ἀπιέναι,
800 1660 860 1699 καὶ
875 1660 957 1715 παρ’
972 1662 1102 1699 ἐκεῖνον
1116 1659 1185 1698 πό-

154 1725 208 1762 λιν
228 1722 495 1774 διαλαμὸάνειν,
510 1721 552 1777 τὸ
571 1719 634 1773 μὲν
654 1723 793 1774 πρῶτον
811 1719 897 1774 πρὸς
911 1719 1020 1759 Οἰνέα
1035 1719 1187 1774 παραγί-

154 1798 250 1821 νεται
273 1783 319 1825 εἷς
334 1782 532 1821 Καλυδῶνα
547 1781 607 1819 καὶ
625 1779 790 1826 ξενίζεται
804 1779 887 1833 παρ’
909 1780 1017 1832 αὐτῷ.
1032 1777 1186 1818 ’Έπειτα

154 1840 365 1894 ἀφικόμενος
387 1842 433 1882 εἷς
453 1838 707 1893 Θεσπρωτοὺς,
726 1841 788 1885 τῆς
806 1836 924 1890 χώρας
942 1836 1184 1876 ἀπελαύνεται.

153 1902 389 1940 6Τελευταῖον
405 1897 441 1936 δὲ
465 1898 522 1936 ἐπὶ
538 1897 599 1941 τὰς
615 1897 788 1950 Ἀχελώου
806 1895 922 1947 πηγὰς
940 1895 1186 1950 παραγενόμε-

153 1975 228 2008 νος,
254 1957 458 2012 καθαίρεταί
473 1973 511 1996 τε
536 1957 594 1995 ὑπ’
612 1957 718 1994 αὐτοῦ
731 1986 742 2005 ,
762 1954 822 1994 καὶ
841 1954 905 2002 τὴν
923 1954 1055 1993 ἐκείνου
1075 1958 1186 2007 θυγα-

153 2017 238 2072 τέρα
257 2015 482 2071 Καλλιρρόην
517 2015 714 2067 λαμὸάνει,
739 2014 798 2053 καὶ
818 2013 855 2052 ὃν
878 2014 1050 2067 Ἀχελῶος
1077 2029 1187 2068 προσ-

154 2076 268 2129 έχωσε
281 2075 386 2114 τόπον
406 2075 528 2118 κτίσας
546 2073 745 2128 κατῴκησε.

207 2133 454 2188 7Καλλιρρόης
477 2131 513 2172 δὲ
540 2133 682 2186 ὕστερον
703 2131 762 2170 τόν
777 2147 815 2170 τε
834 2130 940 2184 δ’ρμον
960 2131 1020 2169 καὶ
1039 2131 1096 2170 τὸν
1118 2131 1185 2170 πέ-

154 2196 241 2234 πλον
262 2194 498 2246 ἐπιθυμούσης
528 2193 663 2242 λαὸεἷν,
681 2192 741 2231 καὶ
761 2191 931 2244 λεγούσης
957 2192 997 2229 οὖ
1025 2191 1187 2238 συνοική-

155 2269 227 2292 σειν
246 2255 361 2306 αὒτῷ,
380 2252 474 2304 εἰμὴ
497 2252 600 2291 λάὸοι
618 2256 730 2291 ταῦτα
742 2267 749 2275 ·
769 2250 820 2289 διὸ
847 2249 1127 2303 παραγενόμενος
1141 2251 1186 2293 εἷς

155 2312 316 2366 Ψωφῖδα
348 2309 558 2362 Ἀλκμαίων,
592 2311 711 2361 Φηγεῖ
748 2308 843 2360 λέγει
879 2308 1104 2346 τεθεσπίσθαι
1125 2310 1187 2354 τῆς

156 2371 284 2421 μανίας
309 2368 518 2420 ἀπαλλαγὴν
546 2371 688 2416 ἑαυτοῦ,
712 2367 793 2406 ὅταν
819 2365 878 2405 τὸν
902 2366 1008 2420 ὅρμον
1031 2368 1078 2410 εἷς
1099 2368 1188 2405 Δελ-

155 2428 238 2482 φοὺς
250 2427 398 2480 κομίσας
414 2429 523 2479 ἀναθῇ
534 2426 594 2464 καὶ
610 2426 668 2464 τὸν
680 2425 825 2464 πέπλον.
837 2427 854 2451 8
865 2425 909 2464 Ὁ
926 2423 975 2474 δὲ,
987 2423 1185 2474 πιστεύσας,

156 2488 288 2527 δίδωσι.
320 2486 552 2534 Μηνύσαντος
584 2483 619 2523 δὲ
652 2485 881 2539 θεράποντος,
901 2482 955 2522 ὅτι
983 2483 1185 2538 Καλλιῤῥόῃ

155 2552 266 2586 ταῦτα
286 2545 406 2585 λαὸὼν
425 2543 598 2596 ἐκόμιζεν,
620 2543 826 2597 ἐνεδρευθεὶς
850 2542 917 2581 ὑπὸ
944 2545 1014 2581 τῶν
1034 2542 1186 2594 Φηγέως

155 2606 304 2655 παίδων,
322 2603 546 2649 ἐπιτάξαντος
566 2607 626 2641 τοῦ
646 2602 811 2654 Φηγέως,
823 2604 1028 2655 ἀναιρεῖται.
1043 2601 1186 2655 9Ἀρσι-

155 2666 237 2713 νόην
255 2665 291 2704 δὲ
315 2662 544 2718 μεμφομένην
568 2664 600 2701 οἱ
630 2665 692 2701 τοῦ
711 2660 863 2713 Φηγέως
891 2661 1012 2703 παῖδες
1031 2660 1187 2711 ἐμὸιὸά-

157 2741 278 2768 σαντες
303 2726 348 2767 εἷς
366 2723 526 2776 λάρνακα
545 2721 745 2773 κομίζουσιν
764 2723 810 2764 εἷς
823 2719 973 2772 Τέγεαν,
994 2719 1053 2758 καὶ
1072 2718 1187 2757 διδόα-

158 2800 211 2822 σιν
252 2782 485 2835 Ἀγαπήνορι,
522 2780 832 2834 καταψευσάμενοι
861 2779 920 2817 τὸν
951 2778 1188 2830 Ἀλκμαίωνος

159 2844 265 2889 αὐτῆς
303 2842 418 2895 φόνον.
462 2840 515 2893 (6)
549 2838 750 2893 Καλλιρρόη
790 2837 826 2876 δὲ
858 2837 922 2885 τὴν
952 2837 1187 2889 Ἀλκμαίωνος

160 2901 335 2939 ἀπώλειαν
360 2903 538 2952 μαθοῦσα,
557 2899 809 2947 πλησιάζοντος
827 2899 914 2949 αὐτῇ
931 2900 991 2935 τοῦ
1012 2895 1109 2945 Διὸς,
1134 2898 1188 2934 αἷ-

159 2966 269 2998 τεῖται
285 2959 362 3002 τοὺς
374 2958 649 3011 γεγεννημένους
659 2959 788 3001 παῖδας
800 2956 835 3002 ἐξ
850 2954 1085 3007 Ἀλκμαίωνος
1098 2956 1186 3008 αὐτῇ

160 3018 319 3069 γενέσθαι
338 3018 487 3062 τελείους
499 3048 508 3064 ,
521 3016 579 3056 ἵνα
593 3017 651 3056 τὸν
670 3021 730 3056 τοῦ
749 3015 880 3070 πατρὸς
890 3014 1056 3054 τίσωνται
1072 3012 1186 3068 φόνον.

161 3076 347 3128 Γενόμενοι
374 3076 408 3115 δὲ
430 3076 590 3130 ἐξαίφνης
609 3079 641 3115 οἱ
660 3077 780 3120 παῖδες
807 3074 953 3123 τέλειοι,
968 3073 1025 3112 ἐπὶ
1041 3072 1104 3120 τὴν
1125 3074 1187 3111 ἐκ-

162 3136 274 3174 δικίαν
295 3139 355 3173 τοῦ
373 3135 502 3188 πατρὸς
518 3134 674 3188 ἐξῄεσαν.
700 3133 830 3174 2Κατόι
849 3133 906 3172 τὸν
926 3131 1028 3172 αὐτὸν
1054 3130 1089 3170 δὲ
1105 3147 1187 3170 και-

163 3194 219 3247 ρὸν
243 3192 278 3231 οἵ
293 3210 330 3231 τε
363 3194 514 3244 Φηγέως
530 3195 651 3238 παῖδες
671 3192 824 3247 Πρόνοος
853 3192 913 3231 καὶ
934 3191 1110 3244 Ἀγήνωρ,
1141 3192 1188 3235 εἷς

162 3252 314 3307 Δελφοὺς
333 3251 531 3303 κομίζοντες
553 3254 729 3290 ἀναθεῖναι
753 3252 812 3290 τὸν
832 3251 939 3306 ὅρμον
958 3250 1018 3288 καὶ
1036 3249 1095 3288 τὸν
1119 3249 1187 3287 πέ-

162 3314 264 3357 πλον,
285 3310 495 3349 καταλύουσι
517 3310 601 3363 πρὸς
626 3309 871 3364 Ἀγαπήνορα,
894 3309 954 3348 καὶ
978 3311 1009 3348 οἱ
1025 3312 1086 3347 τοῦ
1107 3307 1187 3347 Ἀλ-

163 3370 336 3421 κμαίωνος
362 3369 498 3417 παῖδες,
524 3367 730 3421 Ἀμφότερός
748 3384 786 3407 τε
809 3369 868 3406 καὶ
887 3366 1056 3421 Ἀκαρνάν
1070 3383 1078 3391 ·
1095 3368 1112 3394 8
1124 3366 1184 3405 καὶ

736 166 1113 207 ΑΠΟΛΛΟΔΩΡΟΥ
1141 168 1485 210 ΒΙΒΛΙΟΘΗΚΗΣ
1513 171 1556 220 Γ,
1584 169 1619 219 ζ’,
1634 171 1680 218 η’.

1235 265 1381 308 delegant
1391 269 1489 310 atque
1501 269 1690 302 mulieribus
1703 269 1878 311 liberisque
1890 270 1924 303 in
1937 271 2087 304 vehicula
2095 273 2258 315 impositis

1234 334 1346 367 urbem
1365 335 1563 377 relinquunt.
1581 338 1665 376 ⁴Qui
1680 338 1734 370 ubi
1746 340 1845 370 noctu
1862 339 1904 370 ad
1918 338 2122 380 Tilphussam
2136 341 2260 375 sontem

1234 405 1462 445 pervenerunt,
1480 405 1630 446 Tiresias,
1648 415 1749 447 quum
1765 415 1805 439 ex
1823 415 1861 438 eo
1874 415 1991 447 aquam
2002 407 2148 449 bibisset,
2159 409 2261 442 vitam

1234 471 1280 504 ibi
1293 472 1409 506 finivit.
1424 475 1568 508 Thebani
1580 485 1658 509 vero
1673 476 1730 509 diu
1743 477 1947 519 multumque
1962 480 2070 519 vagati
2086 478 2261 512 Hestiaeam

1235 540 1348 575 urbem
1363 543 1588 585 condiderunt,
1606 545 1638 577 in
1654 554 1754 587 eaque
1773 548 1999 580 consederunt.
2023 549 2069 590 (4)
2085 549 2196 590 Argivi
2214 549 2262 582 in-

1236 612 1340 653 terea,
1354 613 1485 654 cognita
1499 614 1726 648 Thebanorum
1747 616 1822 657 suga
1834 640 1843 656 ‚
1866 616 2089 658 ingrediuntur
2113 616 2262 656 Thebas,

1235 684 1379 725 praedam
1392 690 1578 728 congerunt,
1593 697 1704 720 muros
1725 687 1793 720 solo
1815 691 1997 730 exaequant.
2016 687 2262 721 manubiarum

1236 756 1360 804 partem
1376 754 1516 796 Delphos
1539 756 1578 788 ad
1601 757 1783 798 Apollinem
1802 757 1938 790 mittunt
1955 766 2019 789 una
2035 766 2111 790 cum
2127 759 2238 790 Manto
2248 781 2262 796 ,

1236 822 1302 855 filia
1317 823 1459 856 Tiresiae.
1476 826 1642 857 voverant
1654 825 1742 858 enim
1759 835 1805 865 se,
1822 826 1925 867 captis
1940 825 2069 862 Thebis,
2085 825 2264 868 spoliorum

1235 890 1542 932 praestantissimum
1556 892 1602 925 illi
1617 893 1703 925 dono
1719 893 1888 926 missuros.

1279 968 1325 1009 (5)
1362 970 1440 1001 Post
1461 969 1642 1002 Thebamm
1663 971 1826 1003 excidium
1847 972 2012 1004 Alcmaeon
2025 994 2035 1011 ‚
2049 971 2137 1013 quod
2153 972 2266 1004 contra

1237 1041 1272 1065 se
1306 1042 1437 1075 quoque
1459 1034 1546 1066 dona
1563 1035 1738 1076 Eriphylen
1759 1035 1895 1067 matrem
1919 1035 2044 1076 cepisse
2065 1034 2240 1068 resciverat
2253 1057 2264 1074 ‚

1237 1097 1350 1138 maj0ri
1365 1105 1541 1130 succensus
1554 1099 1604 1130 est
1615 1097 1794 1134 iracundia,
1812 1099 1845 1130 et
1859 1100 1990 1138 accepto
2003 1097 2044 1129 ab
2058 1097 2205 1139 Apolline
2219 1106 2266 1130 re·

1237 1168 1370 1202 sponso,
1396 1168 1467 1192 eam
1491 1160 1632 1193 necavit.
1648 1164 1662 1184 2
1676 1160 1830 1193 Nonnulli
1855 1160 1968 1192 dicunt
1996 1169 2073 1192 eum
2096 1169 2162 1192 una
2190 1168 2266 1192 cum

1237 1222 1450 1264 Amphilocho
1462 1223 1577 1263 fratre,
1596 1223 1650 1255 alii
1675 1231 1754 1255 vero
1771 1223 1877 1255 solum
1901 1223 2077 1264 Eriphylen
2093 1223 2264 1255 occidisse.

1237 1290 1251 1309 ³
1263 1285 1326 1318 Sed
1340 1285 1504 1317 Alcmaeon
1517 1285 1559 1317 ob
1571 1285 1684 1317 matris
1696 1285 1818 1317 caedem
1831 1294 1851 1316 a
1865 1284 1972 1317 Furiis
1984 1284 2166 1325 exagitatus
2178 1284 2212 1316 et
2220 1283 2267 1316 iu·

1238 1350 1367 1383 saniens
1383 1350 1526 1391 primum
1541 1349 1630 1382 venit
1645 1349 1680 1381 in
1693 1348 1863 1381 Arcadiam
1877 1348 1918 1381 ad
1937 1347 2073 1389 Oiclem‚
2089 1348 2178 1381 illinc
2189 1349 2267 1380 Pso-

1237 1414 1368 1456 phidem
1380 1414 1421 1446 ad
1436 1414 1599 1455 Phegeum
1612 1413 1766 1455 confugit.
1778 1415 1826 1446 ⁴A
1838 1422 1904 1455 quo
1915 1413 2072 1447 lustratus
2085 1412 2184 1446 tiliam
2197 1413 2268 1454 ejus

1238 1478 1398 1510 Arsinoen
1422 1486 1557 1510 uxorem
1571 1477 1687 1517 duxit,
1704 1477 1799 1518 eique
1816 1486 1874 1518 pro
1896 1485 2030 1509 munere
2045 1475 2182 1518 nuptiali
2199 1484 2268 1508 mo·

1237 1541 1303 1573 nile
1314 1541 1404 1573 dedit
1416 1542 1449 1573 et
1464 1541 1606 1582 peplum.
1623 1542 1637 1560 ὅ
1645 1542 1760 1573 Postea
1772 1549 1850 1573 vero
1862 1540 1916 1572 ubi
1931 1542 2060 1581 propter
2072 1548 2147 1572 cum
2161 1539 2268 1572 nullas

1237 1608 1321 1638 terra
1334 1606 1441 1647 fruges
1452 1606 1570 1646 ederet,
1585 1607 1665 1639 deus
1679 1614 1753 1638 eum
1772 1605 1869 1647 jussit
1881 1605 2010 1638 oraculo
2024 1605 2065 1638 ad
2089 1604 2267 1637 Acheloum

1238 1672 1324 1704 abire
1359 1673 1392 1705 et
1418 1672 1452 1704 in
1479 1673 1637 1713 occupato
1660 1672 1754 1713 juxta
1787 1680 1863 1704 eum
1893 1671 1962 1703 solo
1979 1671 2094 1703 urbem
2115 1670 2264 1703 condere.

1239 1738 1385 1770 Primum
1400 1737 1498 1778 igitur
1513 1736 1712 1778 Calydonem
1735 1736 1950 1778 proficiscitur
1965 1736 2006 1768 ad
2024 1737 2167 1768 OEneum
2182 1759 2191 1775 ‚
2208 1734 2266 1776 qui

1239 1802 1379 1844 hospitio
1394 1811 1470 1835 eum
1482 1801 1612 1843 excipit.
1632 1801 1714 1834 Inde
1729 1801 1769 1834 ad
1789 1802 1986 1842 Thesprotos
2005 1786 2206 1834 contendens
2223 1801 2265 1834 ab
2315 1847 2320 1852 ι

1238 1876 1350 1900 eorum
1363 1866 1482 1899 finibus
1494 1866 1670 1908 repellitur.
1688 1869 1850 1899 ⁸Demum
1865 1866 1907 1898 ad
1921 1866 2052 1898 Acheloi
2073 1866 2178 1899 sontes
2192 1875 2266 1899 con-

1239 1931 1340 1964 cessit
1351 1955 1361 1972 ,
1386 1940 1406 1963 a
1419 1940 1484 1972 quo
1497 1931 1653 1963 lustratus
1669 1930 1869 1963 Callirrhoen
1881 1930 1982 1962 filiam
1999 1930 2087 1972 cepit
2105 1939 2241 1963 uxore-m
2254 1954 2266 1970 ,

1239 1998 1335 2036 atque
1348 1995 1382 2028 in
1405 1995 1474 2028 solo
1488 2004 1507 2027 a
1522 1995 1623 2027 ssuvio
1639 1998 1769 2036 aggesto
1783 1994 1897 2027 urbem
1910 1993 2073 2035 condidit,
2086 1993 2120 2026 in
2134 2003 2200 2036 qua
2218 2002 2267 2027 se·

1239 2061 1314 2093 dem
1327 2060 1388 2092 sibi
1402 2060 1581 2093 constituit.

1280 2142 1293 2160 ⁷
1302 2138 1417 2169 Postea
1432 2136 1608 2170 Callirrhoe
1623 2136 1742 2168 monile
1755 2138 1787 2168 et
1796 2136 1927 2177 peplum
1937 2135 2138 2169 desiderante
2149 2144 2188 2168 ac
2202 2135 2266 2169 nisi

1239 2209 1309 2240 haec
1337 2207 1493 2248 acciperet
1507 2207 1676 2249 amplexus
1694 2207 1722 2239 ei
1739 2208 1906 2239 recusante
1916 2229 1926 2246 ,
1953 2205 2148 2248 Psophidem
2165 2206 2268 2247 prose-

1239 2279 1312 2308 ctus
1325 2276 1488 2308 Alcmaeon
1503 2276 1630 2316 Phegeo
1645 2275 1740 2315 dixit,
1751 2275 1905 2308 vaticinio
1920 2275 2021 2308 fuisse
2032 2276 2265 2316 renuntiatum,

1239 2343 1274 2378 se
1290 2345 1397 2377 furore
1411 2346 1483 2377 tum
1496 2344 1668 2377 liberatum
1684 2345 1735 2384 iri,
1757 2354 1858 2386 quum
1874 2345 1995 2378 monile
2007 2347 2040 2378 et
2050 2345 2183 2387 peplum
2197 2345 2268 2379 Del·

1240 2416 1322 2456 phos
1335 2415 1441 2447 delata
1457 2415 1596 2456 Apollini
1610 2415 1818 2460 dedicaverit.
1835 2423 1849 2441 ⁸
1860 2417 1941 2453 Quae
1961 2415 2065 2448 fidens
2080 2415 2134 2448 ille
2147 2415 2267 2448 reddit.

1244 2486 1364 2516 Verum
1378 2483 1499 2516 famulo
1512 2483 1674 2515 indicante
1687 2492 1761 2515 eum
1773 2483 1815 2515 ad
1827 2483 2031 2523 Callirrhoen
2044 2483 2100 2516 illa
2115 2483 2264 2525 perferre,
2319 2513 2320 2548 γ

1239 2551 1502 2593 Phegeifiliorum
1513 2551 1640 2583 insidiis
1653 2551 1752 2592 patris
1764 2551 1856 2592 jussu
1866 2551 2108 2583 circumventus
2118 2550 2267 2584 interfici-

1239 2617 1490 2651 tur.⁹Arsinoeh
1503 2619 1612 2650 autem
1627 2617 1748 2650 caedem
1763 2617 1915 2650 fratribus
1929 2617 2177 2659 exprobrantem
2187 2618 2267 2651 Phe·

1239 2686 1288 2727 gei
1304 2685 1361 2717 filii
1387 2686 1422 2717 in
1448 2693 1555 2716 arcam
1571 2685 1758 2726 impositam
1786 2687 1923 2726 Tegeam
1955 2685 2144 2725 abducunt,
2168 2687 2266 2727 atque

1241 2753 1419 2794 Agapenori
1434 2753 1581 2793 tradunt,
1598 2752 1638 2784 ab
1649 2762 1687 2784 ea
1701 2753 1896 2785 Alcmaeonis
1912 2753 2035 2785 caedem
2052 2754 2278 2795 perpetratam·

1238 2832 1310 2856 esse
1326 2823 1484 2856 ementiti.
1504 2824 1549 2863 (6)
1560 2824 1686 2855 Interea
1707 2824 1906 2865 Callirrhoe,
1931 2823 2044 2856 audito
2069 2823 2268 2857 Alcmoeonio

1240 2892 1371 2925 interitu
1381 2916 1391 2932 ‚
1409 2892 1487 2924 dum
1504 2900 1571 2923 rem
1585 2900 1659 2923 cum
1675 2900 1713 2923 ea
1724 2891 1862 2924 habebat
1878 2891 2025 2933 Jupiter,
2043 2892 2084 2925 ab
2099 2901 2139 2925 eo
2152 2891 2268 2934 efflagi-

1240 2965 1298 3002 tat,
1312 2963 1349 2994 ut
1360 2970 1443 3003 quos
1461 2970 1502 2994 ex
1516 2961 1700 2993 Alcmaeone
1712 2961 1888 3002 peperisset
1902 2961 1993 2994 liberi
2010 2963 2142 3004 repente
2155 2961 2270 3013 adulta*

1239 3032 1334 3064 aetate
1347 3031 1466 3069 essent,
1479 3039 1544 3071 quo
1556 3030 1656 3071 patris
1672 3038 1782 3062 necem
1799 3030 2042 3062 ulciscerentur.
2061 3032 2133 3068 Qua
2149 3040 2183 3063 re
2210 3031 2274 3064 ims

1239 3098 1442 3142 petrata‚filii
1457 3098 1498 3131 ad
1527 3098 1629 3140 patris
1650 3098 1804 3130 ultionem
1836 3098 1996 3130 exierunt.
2023 3098 2172 3131 2E0dem
2186 3106 2264 3132 vero
2315 3102 2320 3120 .·

1238 3171 1384 3212 tempore
1405 3171 1475 3202 tum
1488 3168 1605 3210 Phegei
1625 3168 1702 3208 filii,
1719 3170 1865 3200 Pronous
1883 3169 1915 3200 et
1931 3170 2060 3209 Agenor
2071 3191 2081 3208 ,
2095 3169 2132 3201 ut
2145 3165 2291 3217 monllaj4
2315 3155 2320 3198 J

1239 3249 1277 3273 ac
1297 3240 1427 3282 peplum
1442 3237 1581 3280 Apollini
1599 3236 1784 3270 dedicarent
1798 3236 1941 3277 Delphos
1956 3236 2208 3278 proficiscentes,
2221 3233 2269 3282 ad*¹
2311 3246 2320 3281 1

1239 3313 1459 3350 Agapenorem
1475 3306 1656 3346 devertunt,
1676 3306 1747 3338 tum
1763 3305 1956 3338 Alcmaeonis
1971 3305 2263 3348 filii‚Amphoterue,
2308 3311 2320 3329 ν’

1239 3378 1271 3410 et
1284 3378 1439 3408 Acarnan.
1455 3373 1517 3406 ²⁵Hi
1528 3372 1635 3413 itaque
1642 3372 1742 3412 patris
1754 3372 1972 3405 interfectores
1984 3381 2002 3404 e
2011 3371 2118 3404 medio
2132 3351 2260 3410 tollunt,
2316 3364 2320 3396 1
