<?xml version="1.0" encoding="UTF-8"?>
<!DOCTYPE html PUBLIC "-//W3C//DTD XHTML 1.0 Transitional//EN"
    "http://www.w3.org/TR/xhtml1/DTD/xhtml1-transitional.dtd">
<html xmlns="http://www.w3.org/1999/xhtml" xml:lang="en" lang="en">
 <head>
  <title>
</title>
<meta http-equiv="Content-Type" content="text/html;charset=utf-8" />
  <meta name='ocr-system' content='tesseract 3.04.00' />
  <meta name='ocr-capabilities' content='ocr_page ocr_carea ocr_par ocr_line ocrx_word'/>
</head>
<body>
  <div class='ocr_page' id='page_1' title='image "./fragmentahistori01mueluoft_0135.png"; bbox 0 0 2320 3684; ppageno 0'>
   <div class='ocr_carea' id='block_1_1' title="bbox 808 145 1428 187">
    <p class='ocr_par' dir='ltr' id='par_1_1' title="bbox 808 145 1428 187">
     <span class='ocr_line' id='line_1_1' title="bbox 808 145 1428 187; baseline -0.008 0"><span class='ocrx_word' id='word_1_1' title='bbox 808 146 1067 187; x_wconf 85' lang='lat' dir='ltr'>CHARONIS</span> <span class='ocrx_word' id='word_1_2' title='bbox 1096 145 1428 186; x_wconf 86' lang='lat' dir='ltr'><strong>FRAGMENTA.</strong></span> 
     </span>
    </p>
   </div>
   <div class='ocr_carea' id='block_1_2' title="bbox 349 235 811 283">
    <p class='ocr_par' dir='ltr' id='par_1_2' title="bbox 349 235 811 283">
     <span class='ocr_line' id='line_1_2' title="bbox 349 235 811 283; baseline -0.024 0"><span class='ocrx_word' id='word_1_3' title='bbox 349 241 472 283; x_wconf 84' lang='grc' dir='ltr'>ΠΕΡΙ</span> <span class='ocrx_word' id='word_1_4' title='bbox 502 235 811 279; x_wconf 82' lang='grc' dir='ltr'>ΛΑΜΨΑΚΟΥ.</span> 
     </span>
    </p>
   </div>
   <div class='ocr_carea' id='block_1_3' title="bbox 68 340 1119 2272">
    <p class='ocr_par' dir='ltr' id='par_1_3' title="bbox 560 340 597 375">
     <span class='ocr_line' id='line_1_3' title="bbox 560 340 597 375; baseline 0 0"><span class='ocrx_word' id='word_1_5' title='bbox 560 340 597 375; x_wconf 87' lang='grc'><strong>6.</strong></span> 
     </span>
    </p>

    <p class='ocr_par' dir='ltr' id='par_1_4' title="bbox 68 393 1119 2272">
     <span class='ocr_line' id='line_1_4' title="bbox 119 393 1098 451; baseline -0.015 -7"><span class='ocrx_word' id='word_1_6' title='bbox 119 409 162 444; x_wconf 90' lang='lat' dir='ltr'><strong>In</strong></span> <span class='ocrx_word' id='word_1_7' title='bbox 178 403 292 443; x_wconf 85' lang='lat' dir='ltr'><strong>rebus</strong></span> <span class='ocrx_word' id='word_1_8' title='bbox 309 398 510 451; x_wconf 85' lang='lat' dir='ltr'>Lampsaci</span> <span class='ocrx_word' id='word_1_9' title='bbox 526 395 727 434; x_wconf 84' lang='lat' dir='ltr'>narrandis</span> <span class='ocrx_word' id='word_1_10' title='bbox 747 394 847 432; x_wconf 87' lang='lat' dir='ltr'><strong>inter</strong></span> <span class='ocrx_word' id='word_1_11' title='bbox 866 393 1098 431; x_wconf 81' lang='lat' dir='ltr'><strong>celebriores</strong></span> 
     </span>
     <span class='ocr_line' id='line_1_5' title="bbox 68 451 1099 516; baseline -0.014 -13"><span class='ocrx_word' id='word_1_12' title='bbox 68 465 150 516; x_wconf 88' lang='lat' dir='ltr'><strong>ejus</strong></span> <span class='ocrx_word' id='word_1_13' title='bbox 171 462 278 501; x_wconf 89' lang='lat' dir='ltr'><strong>urbis</strong></span> <span class='ocrx_word' id='word_1_14' title='bbox 294 460 397 498; x_wconf 88' lang='lat' dir='ltr'><strong>cives</strong></span> <span class='ocrx_word' id='word_1_15' title='bbox 418 454 642 495; x_wconf 87' lang='lat' dir='ltr'><strong>historicum</strong></span> <span class='ocrx_word' id='word_1_16' title='bbox 655 462 829 491; x_wconf 87' lang='lat' dir='ltr'><strong>nostrum</strong></span> <span class='ocrx_word' id='word_1_17' title='bbox 839 451 975 490; x_wconf 83' lang='lat' dir='ltr'><strong>Strabo</strong></span> <span class='ocrx_word' id='word_1_18' title='bbox 992 455 1099 499; x_wconf 84' lang='lat' dir='ltr'><strong>XIII,</strong></span> 
     </span>
     <span class='ocr_line' id='line_1_6' title="bbox 69 510 1100 574; baseline -0.013 -14"><span class='ocrx_word' id='word_1_19' title='bbox 69 536 107 574; x_wconf 88' lang='lat' dir='ltr'><strong>p.</strong></span> <span class='ocrx_word' id='word_1_20' title='bbox 140 522 232 571; x_wconf 78' lang='lat'><strong>882,</strong></span> <span class='ocrx_word' id='word_1_21' title='bbox 260 518 389 557; x_wconf 85' lang='lat' dir='ltr'><strong>refert.</strong></span> <span class='ocrx_word' id='word_1_22' title='bbox 419 519 507 563; x_wconf 87' lang='lat' dir='ltr'><strong>Quo</strong></span> <span class='ocrx_word' id='word_1_23' title='bbox 537 514 578 552; x_wconf 89' lang='lat' dir='ltr'><strong>in</strong></span> <span class='ocrx_word' id='word_1_24' title='bbox 602 514 687 551; x_wconf 92' lang='lat' dir='ltr'><strong>loco</strong></span> <span class='ocrx_word' id='word_1_25' title='bbox 712 525 803 550; x_wconf 90' lang='lat' dir='ltr'><strong>usus</strong></span> <span class='ocrx_word' id='word_1_26' title='bbox 824 510 944 548; x_wconf 79' lang='lat' dir='ltr'><strong>videri</strong></span> <span class='ocrx_word' id='word_1_27' title='bbox 971 519 1100 561; x_wconf 85' lang='lat' dir='ltr'><strong>potest</strong></span> 
     </span>
     <span class='ocr_line' id='line_1_7' title="bbox 68 569 1102 631; baseline -0.013 -13"><span class='ocrx_word' id='word_1_28' title='bbox 68 580 154 631; x_wconf 90' lang='lat' dir='ltr'><strong>ipso</strong></span> <span class='ocrx_word' id='word_1_29' title='bbox 170 579 271 616; x_wconf 89' lang='lat' dir='ltr'><strong>illius</strong></span> <span class='ocrx_word' id='word_1_30' title='bbox 287 588 415 626; x_wconf 88' lang='lat' dir='ltr'><strong>opere.</strong></span> <span class='ocrx_word' id='word_1_31' title='bbox 430 576 526 612; x_wconf 89' lang='lat' dir='ltr'><strong>Nam</strong></span> <span class='ocrx_word' id='word_1_32' title='bbox 544 571 650 623; x_wconf 88' lang='lat' dir='ltr'><strong>quod</strong></span> <span class='ocrx_word' id='word_1_33' title='bbox 666 574 920 621; x_wconf 85' lang='lat' dir='ltr'>Lampsacum</span> <span class='ocrx_word' id='word_1_34' title='bbox 934 569 1102 620; x_wconf 88' lang='lat' dir='ltr'><strong>antiqui-</strong></span> 
     </span>
     <span class='ocr_line' id='line_1_8' title="bbox 70 628 1103 678; baseline -0.013 -1"><span class='ocrx_word' id='word_1_35' title='bbox 70 648 130 677; x_wconf 92' lang='lat' dir='ltr'><strong>tus</strong></span> <span class='ocrx_word' id='word_1_36' title='bbox 144 635 344 676; x_wconf 81' lang='grc' dir='ltr'>Πιτύουσαν</span> <span class='ocrx_word' id='word_1_37' title='bbox 369 633 511 670; x_wconf 88' lang='lat' dir='ltr'><strong>dictam</strong></span> <span class='ocrx_word' id='word_1_38' title='bbox 531 632 596 678; x_wconf 86' lang='lat' dir='ltr'><strong>ait,</strong></span> <span class='ocrx_word' id='word_1_39' title='bbox 618 630 659 668; x_wconf 91' lang='lat' dir='ltr'><strong>id</strong></span> <span class='ocrx_word' id='word_1_40' title='bbox 680 638 719 667; x_wconf 88' lang='lat' dir='ltr'><strong>et</strong></span> <span class='ocrx_word' id='word_1_41' title='bbox 738 643 760 667; x_wconf 88' lang='lat' dir='ltr'><strong>a</strong></span> <span class='ocrx_word' id='word_1_42' title='bbox 783 629 963 667; x_wconf 91' lang='lat' dir='ltr'><strong>Charone</strong></span> <span class='ocrx_word' id='word_1_43' title='bbox 984 628 1103 666; x_wconf 87' lang='lat' dir='ltr'><strong>tradi-</strong></span> 
     </span>
     <span class='ocr_line' id='line_1_9' title="bbox 72 687 1103 741; baseline -0.01 -7"><span class='ocrx_word' id='word_1_44' title='bbox 72 705 152 734; x_wconf 91' lang='lat' dir='ltr'><strong>tum</strong></span> <span class='ocrx_word' id='word_1_45' title='bbox 188 694 303 732; x_wconf 79' lang='lat' dir='ltr'><strong>fuisse</strong></span> <span class='ocrx_word' id='word_1_46' title='bbox 341 691 527 729; x_wconf 85' lang='lat' dir='ltr'><strong>continuo</strong></span> <span class='ocrx_word' id='word_1_47' title='bbox 561 687 764 741; x_wconf 83' lang='lat' dir='ltr'>apparebit</span> <span class='ocrx_word' id='word_1_48' title='bbox 802 701 849 727; x_wconf 88' lang='lat' dir='ltr'><strong>ex</strong></span> <span class='ocrx_word' id='word_1_49' title='bbox 881 687 996 738; x_wconf 90' lang='lat' dir='ltr'><strong>hujus</strong></span> <span class='ocrx_word' id='word_1_50' title='bbox 1023 688 1103 724; x_wconf 86' lang='lat' dir='ltr'><strong>fra-</strong></span> 
     </span>
     <span class='ocr_line' id='line_1_10' title="bbox 69 745 1103 806; baseline -0.01 -14"><span class='ocrx_word' id='word_1_51' title='bbox 69 760 239 806; x_wconf 86' lang='lat' dir='ltr'><strong>gment0‚</strong></span> <span class='ocrx_word' id='word_1_52' title='bbox 274 750 379 802; x_wconf 94' lang='lat' dir='ltr'><strong>quod</strong></span> <span class='ocrx_word' id='word_1_53' title='bbox 403 748 571 787; x_wconf 86' lang='lat' dir='ltr'><strong>servavit</strong></span> <span class='ocrx_word' id='word_1_54' title='bbox 600 748 795 786; x_wconf 81' lang='lat' dir='ltr'><em>Plutarch.</em></span> <span class='ocrx_word' id='word_1_55' title='bbox 831 749 879 784; x_wconf 84' lang='lat' dir='ltr'><strong>de</strong></span> <span class='ocrx_word' id='word_1_56' title='bbox 901 745 1103 784; x_wconf 79' lang='lat' dir='ltr'><strong>virtutibus</strong></span> 
     </span>
     <span class='ocr_line' id='line_1_11' title="bbox 71 805 1102 861; baseline -0.009 -12"><span class='ocrx_word' id='word_1_57' title='bbox 71 813 286 857; x_wconf 81' lang='lat' dir='ltr'><strong>mulierum,</strong></span> <span class='ocrx_word' id='word_1_58' title='bbox 310 823 347 861; x_wconf 88' lang='lat' dir='ltr'><strong>p.</strong></span> <span class='ocrx_word' id='word_1_59' title='bbox 367 809 457 855; x_wconf 78' lang='lat'><strong>255,</strong></span> <span class='ocrx_word' id='word_1_60' title='bbox 479 809 609 846; x_wconf 90' lang='lat' dir='ltr'>A—E.</span> <span class='ocrx_word' id='word_1_61' title='bbox 625 805 770 843; x_wconf 87' lang='lat' dir='ltr'><strong>Eadem</strong></span> <span class='ocrx_word' id='word_1_62' title='bbox 799 805 919 842; x_wconf 80' lang='lat' dir='ltr'><strong>refert</strong></span> <span class='ocrx_word' id='word_1_63' title='bbox 937 805 1102 855; x_wconf 82' lang='lat' dir='ltr'><strong>Polyaen.</strong></span> 
     </span>
     <span class='ocr_line' id='line_1_12' title="bbox 72 863 1102 919; baseline -0.01 -9"><span class='ocrx_word' id='word_1_64' title='bbox 72 874 174 918; x_wconf 87' lang='lat' dir='ltr'>VIII,</span> <span class='ocrx_word' id='word_1_65' title='bbox 192 872 253 919; x_wconf 80' lang='lat'><strong>37,</strong></span> <span class='ocrx_word' id='word_1_66' title='bbox 269 869 409 907; x_wconf 90' lang='lat' dir='ltr'><strong>omissa</strong></span> <span class='ocrx_word' id='word_1_67' title='bbox 422 867 551 914; x_wconf 88' lang='lat' dir='ltr'><strong>fontis,</strong></span> <span class='ocrx_word' id='word_1_68' title='bbox 562 865 664 904; x_wconf 91' lang='lat' dir='ltr'><strong>unde</strong></span> <span class='ocrx_word' id='word_1_69' title='bbox 676 878 720 903; x_wconf 92' lang='lat' dir='ltr'><strong>ea</strong></span> <span class='ocrx_word' id='word_1_70' title='bbox 733 864 928 911; x_wconf 87' lang='lat' dir='ltr'><strong>fluxerint,</strong></span> <span class='ocrx_word' id='word_1_71' title='bbox 954 863 1102 910; x_wconf 87' lang='lat' dir='ltr'><strong>notitia,</strong></span> 
     </span>
     <span class='ocr_line' id='line_1_13' title="bbox 71 923 1105 974; baseline -0.009 -6"><span class='ocrx_word' id='word_1_72' title='bbox 71 930 112 968; x_wconf 86' lang='lat' dir='ltr'><strong>in</strong></span> <span class='ocrx_word' id='word_1_73' title='bbox 129 928 325 967; x_wconf 88' lang='lat' dir='ltr'><strong>nonnullis</strong></span> <span class='ocrx_word' id='word_1_74' title='bbox 346 926 546 965; x_wconf 83' lang='lat' dir='ltr'><strong>discedens</strong></span> <span class='ocrx_word' id='word_1_75' title='bbox 566 924 614 962; x_wconf 84' lang='lat' dir='ltr'><strong>ab</strong></span> <span class='ocrx_word' id='word_1_76' title='bbox 633 924 713 971; x_wconf 87' lang='lat' dir='ltr'><strong>illo,</strong></span> <span class='ocrx_word' id='word_1_77' title='bbox 735 937 821 974; x_wconf 90' lang='lat' dir='ltr'><strong>quae</strong></span> <span class='ocrx_word' id='word_1_78' title='bbox 850 923 1105 961; x_wconf 87' lang='lat' dir='ltr'><strong>observarunt</strong></span> 
     </span>
     <span class='ocr_line' id='line_1_14' title="bbox 71 979 1105 1038; baseline -0.009 -12"><span class='ocrx_word' id='word_1_79' title='bbox 71 988 315 1038; x_wconf 77' lang='lat' dir='ltr'><strong>interpretes.</strong></span> <span class='ocrx_word' id='word_1_80' title='bbox 325 984 522 1025; x_wconf 86' lang='lat' dir='ltr'><strong>Plutarchi</strong></span> <span class='ocrx_word' id='word_1_81' title='bbox 533 996 627 1021; x_wconf 83' lang='lat' dir='ltr'><strong>vero</strong></span> <span class='ocrx_word' id='word_1_82' title='bbox 639 982 718 1020; x_wconf 81' lang='lat' dir='ltr'><strong>haec</strong></span> <span class='ocrx_word' id='word_1_83' title='bbox 729 989 818 1020; x_wconf 91' lang='lat' dir='ltr'><strong>sunt</strong></span> <span class='ocrx_word' id='word_1_84' title='bbox 832 996 839 1018; x_wconf 90' lang='lat'><strong>:</strong></span> <span class='ocrx_word' id='word_1_85' title='bbox 852 981 921 1020; x_wconf 84' lang='grc' dir='ltr'><strong>Ἐκ</strong></span> <span class='ocrx_word' id='word_1_86' title='bbox 932 979 1105 1024; x_wconf 86' lang='grc' dir='ltr'>Φωκαίας</span> 
     </span>
     <span class='ocr_line' id='line_1_15' title="bbox 71 1036 1106 1100; baseline -0.007 -15"><span class='ocrx_word' id='word_1_87' title='bbox 71 1049 133 1085; x_wconf 82' lang='grc' dir='ltr'><strong>τοῦ</strong></span> <span class='ocrx_word' id='word_1_88' title='bbox 147 1045 327 1100; x_wconf 83' lang='grc' dir='ltr'>Κοδριδῶν</span> <span class='ocrx_word' id='word_1_89' title='bbox 359 1043 477 1097; x_wconf 80' lang='grc' dir='ltr'>γένους</span> <span class='ocrx_word' id='word_1_90' title='bbox 496 1036 585 1090; x_wconf 70' lang='grc' dir='ltr'>ἦσαν</span> <span class='ocrx_word' id='word_1_91' title='bbox 603 1040 746 1095; x_wconf 76' lang='grc' dir='ltr'>ἀδελφοὶ</span> <span class='ocrx_word' id='word_1_92' title='bbox 760 1040 897 1093; x_wconf 86' lang='grc' dir='ltr'>δίδυμοι</span> <span class='ocrx_word' id='word_1_93' title='bbox 908 1039 1029 1084; x_wconf 76' lang='grc' dir='ltr'>Φόὸος</span> <span class='ocrx_word' id='word_1_94' title='bbox 1044 1039 1106 1079; x_wconf 83' lang='grc' dir='ltr'><strong>καὶ</strong></span> 
     </span>
     <span class='ocr_line' id='line_1_16' title="bbox 73 1098 1106 1159; baseline -0.007 -15"><span class='ocrx_word' id='word_1_95' title='bbox 73 1105 217 1159; x_wconf 81' lang='grc' dir='ltr'>Βλέψος·</span> <span class='ocrx_word' id='word_1_96' title='bbox 231 1098 279 1142; x_wconf 67' lang='grc' dir='ltr'><strong>ὧν</strong></span> <span class='ocrx_word' id='word_1_97' title='bbox 290 1106 308 1142; x_wconf 94' lang='lat'>6</span> <span class='ocrx_word' id='word_1_98' title='bbox 322 1102 441 1146; x_wconf 73' lang='grc' dir='ltr'>Φόὸος</span> <span class='ocrx_word' id='word_1_99' title='bbox 450 1101 519 1140; x_wconf 78' lang='grc' dir='ltr'><strong>ἀπὸ</strong></span> <span class='ocrx_word' id='word_1_100' title='bbox 531 1104 600 1139; x_wconf 87' lang='grc' dir='ltr'><strong>τῶν</strong></span> <span class='ocrx_word' id='word_1_101' title='bbox 616 1100 805 1140; x_wconf 83' lang='grc' dir='ltr'>Λευκάδων</span> <span class='ocrx_word' id='word_1_102' title='bbox 817 1102 953 1154; x_wconf 90' lang='grc' dir='ltr'>πετρῶν</span> <span class='ocrx_word' id='word_1_103' title='bbox 970 1102 1106 1154; x_wconf 88' lang='grc' dir='ltr'>πρῶτος</span> 
     </span>
     <span class='ocr_line' id='line_1_17' title="bbox 73 1157 1108 1218; baseline -0.005 -15"><span class='ocrx_word' id='word_1_104' title='bbox 73 1166 204 1218; x_wconf 75' lang='grc' dir='ltr'>ἀφῆκεν</span> <span class='ocrx_word' id='word_1_105' title='bbox 225 1162 346 1202; x_wconf 82' lang='grc' dir='ltr'>ἑαυτὸν</span> <span class='ocrx_word' id='word_1_106' title='bbox 369 1163 416 1206; x_wconf 82' lang='grc' dir='ltr'><strong>εἷς</strong></span> <span class='ocrx_word' id='word_1_107' title='bbox 431 1160 625 1207; x_wconf 78' lang='grc' dir='ltr'>Θάλασσαν,</span> <span class='ocrx_word' id='word_1_108' title='bbox 648 1161 694 1202; x_wconf 83' lang='grc' dir='ltr'><strong>ὡς</strong></span> <span class='ocrx_word' id='word_1_109' title='bbox 714 1157 845 1213; x_wconf 82' lang='grc' dir='ltr'>Χάρων</span> <span class='ocrx_word' id='word_1_110' title='bbox 862 1161 881 1197; x_wconf 98' lang='lat'>6</span> <span class='ocrx_word' id='word_1_111' title='bbox 900 1160 1108 1211; x_wconf 87' lang='grc' dir='ltr'>Λαμψακη-</span> 
     </span>
     <span class='ocr_line' id='line_1_18' title="bbox 73 1216 1108 1276; baseline -0.008 -14"><span class='ocrx_word' id='word_1_112' title='bbox 73 1223 128 1268; x_wconf 84' lang='grc' dir='ltr'><strong>νὸς</strong></span> <span class='ocrx_word' id='word_1_113' title='bbox 140 1221 335 1276; x_wconf 75' lang='grc' dir='ltr'>ἱστόρηκεν.</span> <span class='ocrx_word' id='word_1_114' title='bbox 346 1220 469 1272; x_wconf 87' lang='grc' dir='ltr'>Ἔχων</span> <span class='ocrx_word' id='word_1_115' title='bbox 483 1218 519 1258; x_wconf 79' lang='grc' dir='ltr'><strong>δὲ</strong></span> <span class='ocrx_word' id='word_1_116' title='bbox 529 1218 674 1270; x_wconf 86' lang='grc' dir='ltr'>δύναμιν</span> <span class='ocrx_word' id='word_1_117' title='bbox 687 1217 748 1256; x_wconf 80' lang='grc' dir='ltr'><strong>καὶ</strong></span> <span class='ocrx_word' id='word_1_118' title='bbox 764 1216 944 1270; x_wconf 85' lang='grc' dir='ltr'>βασιλικὸν</span> <span class='ocrx_word' id='word_1_119' title='bbox 956 1217 1108 1269; x_wconf 80' lang='grc' dir='ltr'>ἀξίωμα,</span> 
     </span>
     <span class='ocr_line' id='line_1_19' title="bbox 73 1275 1108 1335; baseline -0.007 -15"><span class='ocrx_word' id='word_1_120' title='bbox 73 1281 314 1335; x_wconf 85' lang='grc' dir='ltr'>παρέπλευσεν</span> <span class='ocrx_word' id='word_1_121' title='bbox 333 1282 381 1324; x_wconf 86' lang='grc' dir='ltr'><strong>εἷς</strong></span> <span class='ocrx_word' id='word_1_122' title='bbox 412 1278 548 1332; x_wconf 83' lang='grc' dir='ltr'>Πάριον</span> <span class='ocrx_word' id='word_1_123' title='bbox 568 1277 664 1316; x_wconf 85' lang='grc' dir='ltr'>ἰδίων</span> <span class='ocrx_word' id='word_1_124' title='bbox 686 1276 787 1315; x_wconf 81' lang='grc' dir='ltr'>ἕνεκα</span> <span class='ocrx_word' id='word_1_125' title='bbox 800 1275 1033 1330; x_wconf 75' lang='grc' dir='ltr'>πραγμάτιον·</span> <span class='ocrx_word' id='word_1_126' title='bbox 1048 1275 1108 1314; x_wconf 76' lang='grc' dir='ltr'><strong>καὶ</strong></span> 
     </span>
     <span class='ocr_line' id='line_1_20' title="bbox 74 1333 1111 1394; baseline -0.006 -15"><span class='ocrx_word' id='word_1_127' title='bbox 74 1340 258 1394; x_wconf 85' lang='grc' dir='ltr'>γενόμενος</span> <span class='ocrx_word' id='word_1_128' title='bbox 276 1338 373 1394; x_wconf 82' lang='grc' dir='ltr'>φίλος</span> <span class='ocrx_word' id='word_1_129' title='bbox 391 1337 451 1377; x_wconf 72' lang='grc' dir='ltr'><strong>καὶ</strong></span> <span class='ocrx_word' id='word_1_130' title='bbox 469 1336 562 1382; x_wconf 85' lang='grc' dir='ltr'>ξένος</span> <span class='ocrx_word' id='word_1_131' title='bbox 591 1335 782 1389; x_wconf 87' lang='grc' dir='ltr'>Μάνδρωνι</span> <span class='ocrx_word' id='word_1_132' title='bbox 810 1333 1029 1387; x_wconf 85' lang='grc' dir='ltr'>βασιλεύοντι</span> <span class='ocrx_word' id='word_1_133' title='bbox 1042 1337 1111 1374; x_wconf 87' lang='grc' dir='ltr'><strong>Βε-</strong></span> 
     </span>
     <span class='ocr_line' id='line_1_21' title="bbox 77 1392 1111 1453; baseline -0.007 -15"><span class='ocrx_word' id='word_1_134' title='bbox 77 1398 216 1453; x_wconf 76' lang='grc' dir='ltr'>ὅρύκων</span> <span class='ocrx_word' id='word_1_135' title='bbox 234 1400 303 1436; x_wconf 90' lang='grc' dir='ltr'><strong>τῶν</strong></span> <span class='ocrx_word' id='word_1_136' title='bbox 325 1397 596 1443; x_wconf 80' lang='grc' dir='ltr'>Πιτυοεσσηνῶν</span> <span class='ocrx_word' id='word_1_137' title='bbox 616 1392 986 1448; x_wconf 80' lang='grc' dir='ltr'>προσαγορευομένων,</span> <span class='ocrx_word' id='word_1_138' title='bbox 1005 1393 1111 1441; x_wconf 63' lang='lat'><strong>{6075-</strong></span> 
     </span>
     <span class='ocr_line' id='line_1_22' title="bbox 77 1452 1110 1506; baseline -0.006 -9"><span class='ocrx_word' id='word_1_139' title='bbox 77 1461 163 1505; x_wconf 85' lang='grc' dir='ltr'>θησε</span> <span class='ocrx_word' id='word_1_140' title='bbox 192 1456 252 1497; x_wconf 86' lang='grc' dir='ltr'><strong>καὶ</strong></span> <span class='ocrx_word' id='word_1_141' title='bbox 283 1454 564 1506; x_wconf 87' lang='grc' dir='ltr'>συνεπολέμησεν</span> <span class='ocrx_word' id='word_1_142' title='bbox 590 1455 706 1497; x_wconf 83' lang='grc' dir='ltr'>αὐτοῖς</span> <span class='ocrx_word' id='word_1_143' title='bbox 726 1453 797 1491; x_wconf 79' lang='grc' dir='ltr'><strong>ὑπὸ</strong></span> <span class='ocrx_word' id='word_1_144' title='bbox 818 1455 888 1492; x_wconf 86' lang='grc' dir='ltr'><strong>τῶν</strong></span> <span class='ocrx_word' id='word_1_145' title='bbox 912 1452 1110 1506; x_wconf 87' lang='grc' dir='ltr'>προσοίκων</span> 
     </span>
     <span class='ocr_line' id='line_1_23' title="bbox 77 1511 1112 1568; baseline -0.005 -13"><span class='ocrx_word' id='word_1_146' title='bbox 77 1514 352 1568; x_wconf 79' lang='grc' dir='ltr'>ἐνοχλουμένοις.</span> <span class='ocrx_word' id='word_1_147' title='bbox 366 1514 413 1554; x_wconf 83' lang='lat'><strong>‘0</strong></span> <span class='ocrx_word' id='word_1_148' title='bbox 436 1513 472 1553; x_wconf 84' lang='grc' dir='ltr'><strong>δὲ</strong></span> <span class='ocrx_word' id='word_1_149' title='bbox 491 1511 663 1566; x_wconf 87' lang='grc' dir='ltr'>Μάνδρων</span> <span class='ocrx_word' id='word_1_150' title='bbox 686 1511 795 1559; x_wconf 85' lang='grc' dir='ltr'>ἄλλην</span> <span class='ocrx_word' id='word_1_151' title='bbox 818 1527 857 1551; x_wconf 90' lang='grc' dir='ltr'><strong>τε</strong></span> <span class='ocrx_word' id='word_1_152' title='bbox 879 1511 1012 1559; x_wconf 89' lang='grc' dir='ltr'>πολλὴν</span> <span class='ocrx_word' id='word_1_153' title='bbox 1034 1514 1112 1550; x_wconf 84' lang='grc' dir='ltr'>ἐνε-</span> 
     </span>
     <span class='ocr_line' id='line_1_24' title="bbox 77 1569 1113 1628; baseline -0.004 -15"><span class='ocrx_word' id='word_1_154' title='bbox 77 1573 213 1620; x_wconf 85' lang='grc' dir='ltr'>δείξατο</span> <span class='ocrx_word' id='word_1_155' title='bbox 228 1576 278 1628; x_wconf 81' lang='grc' dir='ltr'><strong>τῷ</strong></span> <span class='ocrx_word' id='word_1_156' title='bbox 293 1572 406 1626; x_wconf 77' lang='grc' dir='ltr'><strong>Φόὸῳ</strong></span> <span class='ocrx_word' id='word_1_157' title='bbox 428 1570 682 1627; x_wconf 76' lang='grc' dir='ltr'>φιλοφροσύνην</span> <span class='ocrx_word' id='word_1_158' title='bbox 700 1570 911 1610; x_wconf 84' lang='grc' dir='ltr'>ἀποπλέοντι</span> <span class='ocrx_word' id='word_1_159' title='bbox 930 1569 990 1609; x_wconf 75' lang='grc' dir='ltr'><strong>καὶ</strong></span> <span class='ocrx_word' id='word_1_160' title='bbox 1010 1570 1113 1624; x_wconf 89' lang='grc' dir='ltr'>μέρος</span> 
     </span>
     <span class='ocr_line' id='line_1_25' title="bbox 76 1628 1112 1686; baseline -0.003 -15"><span class='ocrx_word' id='word_1_161' title='bbox 76 1635 140 1680; x_wconf 74' lang='grc' dir='ltr'><strong>τῆς</strong></span> <span class='ocrx_word' id='word_1_162' title='bbox 161 1649 200 1671; x_wconf 88' lang='grc' dir='ltr'><strong>τε</strong></span> <span class='ocrx_word' id='word_1_163' title='bbox 221 1631 342 1686; x_wconf 84' lang='grc' dir='ltr'>χώρας</span> <span class='ocrx_word' id='word_1_164' title='bbox 363 1630 423 1670; x_wconf 77' lang='grc' dir='ltr'><strong>καὶ</strong></span> <span class='ocrx_word' id='word_1_165' title='bbox 444 1633 507 1677; x_wconf 78' lang='grc' dir='ltr'><strong>τῆς</strong></span> <span class='ocrx_word' id='word_1_166' title='bbox 527 1629 664 1673; x_wconf 86' lang='grc' dir='ltr'>πόλεως</span> <span class='ocrx_word' id='word_1_167' title='bbox 693 1630 897 1682; x_wconf 80' lang='grc' dir='ltr'>ὑπισχνεῖτο</span> <span class='ocrx_word' id='word_1_168' title='bbox 922 1628 1058 1678; x_wconf 85' lang='grc' dir='ltr'>δώσειν,</span> <span class='ocrx_word' id='word_1_169' title='bbox 1083 1631 1112 1668; x_wconf 89' lang='grc' dir='ltr'><strong>εἷ</strong></span> 
     </span>
     <span class='ocr_line' id='line_1_26' title="bbox 81 1685 1113 1765; baseline -0.004 -34"><span class='ocrx_word' id='word_1_170' title='bbox 81 1690 240 1746; x_wconf 77' lang='grc' dir='ltr'>βούλοιτο</span> <span class='ocrx_word' id='word_1_171' title='bbox 255 1693 423 1734; x_wconf 85' lang='grc' dir='ltr'>Φωκαεῖς</span> <span class='ocrx_word' id='word_1_172' title='bbox 445 1688 536 1765; x_wconf 67' lang='grc' dir='ltr'>ἔχων</span> <span class='ocrx_word' id='word_1_173' title='bbox 559 1689 719 1731; x_wconf 86' lang='grc' dir='ltr'>ἐποίκους</span> <span class='ocrx_word' id='word_1_174' title='bbox 744 1688 790 1731; x_wconf 85' lang='grc' dir='ltr'><strong>εἰς</strong></span> <span class='ocrx_word' id='word_1_175' title='bbox 804 1685 867 1734; x_wconf 82' lang='grc' dir='ltr'><strong>τὴν</strong></span> <span class='ocrx_word' id='word_1_176' title='bbox 891 1687 1113 1727; x_wconf 87' lang='grc' dir='ltr'>Πιτυόεσσαν</span> 
     </span>
     <span class='ocr_line' id='line_1_27' title="bbox 80 1744 1115 1805; baseline -0.003 -15"><span class='ocrx_word' id='word_1_177' title='bbox 80 1748 277 1805; x_wconf 83' lang='grc' dir='ltr'>ἀφικέσθαι.</span> <span class='ocrx_word' id='word_1_178' title='bbox 292 1748 428 1792; x_wconf 88' lang='grc' dir='ltr'>Πείσας</span> <span class='ocrx_word' id='word_1_179' title='bbox 446 1764 505 1787; x_wconf 90' lang='grc' dir='ltr'><strong>ουν</strong></span> <span class='ocrx_word' id='word_1_180' title='bbox 516 1746 594 1792; x_wconf 75' lang='grc' dir='ltr'>τοὺς</span> <span class='ocrx_word' id='word_1_181' title='bbox 606 1745 752 1791; x_wconf 88' lang='grc' dir='ltr'>πολίτας</span> <span class='ocrx_word' id='word_1_182' title='bbox 770 1748 788 1784; x_wconf 89' lang='lat'>6</span> <span class='ocrx_word' id='word_1_183' title='bbox 808 1744 928 1791; x_wconf 74' lang='grc' dir='ltr'>Φόὸος</span> <span class='ocrx_word' id='word_1_184' title='bbox 941 1746 1115 1801; x_wconf 87' lang='grc' dir='ltr'>ἐξέπεμψε</span> 
     </span>
     <span class='ocr_line' id='line_1_28' title="bbox 80 1803 1114 1862; baseline -0.004 -13"><span class='ocrx_word' id='word_1_185' title='bbox 80 1809 140 1849; x_wconf 77' lang='grc' dir='ltr'><strong>τὸν</strong></span> <span class='ocrx_word' id='word_1_186' title='bbox 161 1807 307 1862; x_wconf 84' lang='grc' dir='ltr'>ἀδελφὸν</span> <span class='ocrx_word' id='word_1_187' title='bbox 332 1807 461 1859; x_wconf 89' lang='grc' dir='ltr'>ἄγοντα</span> <span class='ocrx_word' id='word_1_188' title='bbox 479 1805 560 1849; x_wconf 79' lang='grc' dir='ltr'>τοὺς</span> <span class='ocrx_word' id='word_1_189' title='bbox 577 1805 746 1848; x_wconf 82' lang='grc' dir='ltr'>ἐποίκους.</span> <span class='ocrx_word' id='word_1_190' title='bbox 762 1804 835 1844; x_wconf 79' lang='grc' dir='ltr'><strong>Καὶ</strong></span> <span class='ocrx_word' id='word_1_191' title='bbox 855 1803 900 1844; x_wconf 80' lang='grc' dir='ltr'><strong>τὰ</strong></span> <span class='ocrx_word' id='word_1_192' title='bbox 927 1804 991 1857; x_wconf 84' lang='grc' dir='ltr'><strong>μὲν</strong></span> <span class='ocrx_word' id='word_1_193' title='bbox 1015 1806 1114 1860; x_wconf 82' lang='grc' dir='ltr'>παρὰ</span> 
     </span>
     <span class='ocr_line' id='line_1_29' title="bbox 80 1863 1114 1921; baseline -0.003 -14"><span class='ocrx_word' id='word_1_194' title='bbox 80 1872 140 1907; x_wconf 87' lang='grc' dir='ltr'><strong>τοῦ</strong></span> <span class='ocrx_word' id='word_1_195' title='bbox 155 1866 370 1921; x_wconf 85' lang='grc' dir='ltr'>Μάνδρωνος</span> <span class='ocrx_word' id='word_1_196' title='bbox 388 1869 545 1920; x_wconf 71' lang='grc' dir='ltr'>ὑπῆρχεν</span> <span class='ocrx_word' id='word_1_197' title='bbox 562 1866 677 1909; x_wconf 79' lang='grc' dir='ltr'>αὐτοῖς</span> <span class='ocrx_word' id='word_1_198' title='bbox 696 1863 817 1918; x_wconf 84' lang='grc' dir='ltr'>ὥσπερ</span> <span class='ocrx_word' id='word_1_199' title='bbox 835 1864 1114 1918; x_wconf 90' lang='grc' dir='ltr'>προσεδόκησαν·</span> 
     </span>
     <span class='ocr_line' id='line_1_30' title="bbox 79 1923 1116 1982; baseline -0.005 -16"><span class='ocrx_word' id='word_1_200' title='bbox 79 1926 248 1982; x_wconf 78' lang='grc' dir='ltr'>ὠφελείας</span> <span class='ocrx_word' id='word_1_201' title='bbox 271 1925 308 1965; x_wconf 81' lang='grc' dir='ltr'><strong>δὲ</strong></span> <span class='ocrx_word' id='word_1_202' title='bbox 331 1924 487 1978; x_wconf 82' lang='grc' dir='ltr'>μεγάλας</span> <span class='ocrx_word' id='word_1_203' title='bbox 516 1924 577 1964; x_wconf 79' lang='grc' dir='ltr'><strong>καὶ</strong></span> <span class='ocrx_word' id='word_1_204' title='bbox 594 1923 735 1979; x_wconf 82' lang='grc' dir='ltr'>λάφυρα</span> <span class='ocrx_word' id='word_1_205' title='bbox 756 1923 817 1962; x_wconf 76' lang='grc' dir='ltr'><strong>καὶ</strong></span> <span class='ocrx_word' id='word_1_206' title='bbox 833 1923 930 1968; x_wconf 89' lang='grc' dir='ltr'>λείας</span> <span class='ocrx_word' id='word_1_207' title='bbox 963 1923 1032 1962; x_wconf 83' lang='grc' dir='ltr'><strong>ἀπὸ</strong></span> <span class='ocrx_word' id='word_1_208' title='bbox 1047 1926 1116 1962; x_wconf 87' lang='grc' dir='ltr'><strong>τῶν</strong></span> 
     </span>
     <span class='ocr_line' id='line_1_31' title="bbox 83 1982 1118 2041; baseline -0.005 -15"><span class='ocrx_word' id='word_1_209' title='bbox 83 1985 282 2041; x_wconf 85' lang='grc' dir='ltr'>προσοίκων</span> <span class='ocrx_word' id='word_1_210' title='bbox 298 1984 485 2039; x_wconf 73' lang='grc' dir='ltr'>βαρὸάρων</span> <span class='ocrx_word' id='word_1_211' title='bbox 501 1983 741 2036; x_wconf 76' lang='grc' dir='ltr'>λαμὸάνοντες</span> <span class='ocrx_word' id='word_1_212' title='bbox 751 2013 761 2030; x_wconf 91' lang='grc'><strong>,</strong></span> <span class='ocrx_word' id='word_1_213' title='bbox 782 1982 959 2037; x_wconf 80' lang='grc' dir='ltr'>ἐπίφθονοι</span> <span class='ocrx_word' id='word_1_214' title='bbox 974 1982 1013 2022; x_wconf 86' lang='grc' dir='ltr'><strong>τὸ</strong></span> <span class='ocrx_word' id='word_1_215' title='bbox 1026 1985 1118 2037; x_wconf 88' lang='grc' dir='ltr'>πρῶ-</span> 
     </span>
     <span class='ocr_line' id='line_1_32' title="bbox 83 2036 1119 2099; baseline -0.004 -14"><span class='ocrx_word' id='word_1_216' title='bbox 83 2061 155 2094; x_wconf 85' lang='grc' dir='ltr'>τον,</span> <span class='ocrx_word' id='word_1_217' title='bbox 174 2039 250 2084; x_wconf 71' lang='grc' dir='ltr'>εἶτα</span> <span class='ocrx_word' id='word_1_218' title='bbox 264 2048 325 2084; x_wconf 82' lang='grc' dir='ltr'><strong>καὶ</strong></span> <span class='ocrx_word' id='word_1_219' title='bbox 341 2042 482 2099; x_wconf 77' lang='grc' dir='ltr'>φοὸεροὶ</span> <span class='ocrx_word' id='word_1_220' title='bbox 499 2049 571 2088; x_wconf 89' lang='grc' dir='ltr'>τοῖς</span> <span class='ocrx_word' id='word_1_221' title='bbox 588 2042 754 2096; x_wconf 75' lang='grc' dir='ltr'>Βέὸρυξιν</span> <span class='ocrx_word' id='word_1_222' title='bbox 768 2036 870 2090; x_wconf 69' lang='grc' dir='ltr'>ἦσαν.</span> <span class='ocrx_word' id='word_1_223' title='bbox 886 2042 1119 2093; x_wconf 83' lang='grc' dir='ltr'>Ἐπιθυμοῦν-</span> 
     </span>
     <span class='ocr_line' id='line_1_33' title="bbox 82 2098 1117 2154; baseline -0.003 -11"><span class='ocrx_word' id='word_1_224' title='bbox 82 2119 138 2149; x_wconf 81' lang='grc' dir='ltr'><strong>τες</strong></span> <span class='ocrx_word' id='word_1_225' title='bbox 174 2098 233 2143; x_wconf 71' lang='grc' dir='ltr'><strong>οῦν</strong></span> <span class='ocrx_word' id='word_1_226' title='bbox 270 2104 385 2142; x_wconf 77' lang='grc' dir='ltr'>αὐτῶν</span> <span class='ocrx_word' id='word_1_227' title='bbox 424 2103 686 2154; x_wconf 73' lang='grc' dir='ltr'>ἀπαλλαγῆναι,</span> <span class='ocrx_word' id='word_1_228' title='bbox 720 2099 778 2139; x_wconf 84' lang='grc' dir='ltr'><strong>τὸν</strong></span> <span class='ocrx_word' id='word_1_229' title='bbox 817 2099 880 2152; x_wconf 85' lang='grc' dir='ltr'><strong>μὲν</strong></span> <span class='ocrx_word' id='word_1_230' title='bbox 917 2101 1117 2154; x_wconf 87' lang='grc' dir='ltr'>Μάνδρωνα</span> 
     </span>
     <span class='ocr_line' id='line_1_34' title="bbox 82 2158 1118 2216; baseline -0.005 -14"><span class='ocrx_word' id='word_1_231' title='bbox 82 2162 235 2216; x_wconf 79' lang='grc' dir='ltr'>χρηστὸν</span> <span class='ocrx_word' id='word_1_232' title='bbox 257 2162 342 2201; x_wconf 76' lang='grc' dir='ltr'>ὄντα</span> <span class='ocrx_word' id='word_1_233' title='bbox 362 2160 422 2200; x_wconf 79' lang='grc' dir='ltr'><strong>καὶ</strong></span> <span class='ocrx_word' id='word_1_234' title='bbox 447 2160 579 2199; x_wconf 86' lang='grc' dir='ltr'>δίκαιον</span> <span class='ocrx_word' id='word_1_235' title='bbox 599 2159 708 2213; x_wconf 87' lang='grc' dir='ltr'>ἄνδρα</span> <span class='ocrx_word' id='word_1_236' title='bbox 727 2159 807 2212; x_wconf 76' lang='grc' dir='ltr'>περὶ</span> <span class='ocrx_word' id='word_1_237' title='bbox 827 2158 905 2203; x_wconf 75' lang='grc' dir='ltr'>τοὺς</span> <span class='ocrx_word' id='word_1_238' title='bbox 932 2158 1118 2207; x_wconf 47' lang='grc' dir='ltr'>ςἘλληνας</span> 
     </span>
     <span class='ocr_line' id='line_1_35' title="bbox 82 2217 1118 2272; baseline -0.003 -12"><span class='ocrx_word' id='word_1_239' title='bbox 82 2223 146 2260; x_wconf 77' lang='grc' dir='ltr'><strong>οὐκ</strong></span> <span class='ocrx_word' id='word_1_240' title='bbox 166 2220 330 2260; x_wconf 85' lang='grc' dir='ltr'>ἔπεισαν·</span> <span class='ocrx_word' id='word_1_241' title='bbox 352 2219 645 2270; x_wconf 82' lang='grc' dir='ltr'>ἀποδημήσαντος</span> <span class='ocrx_word' id='word_1_242' title='bbox 665 2217 702 2255; x_wconf 83' lang='grc' dir='ltr'><strong>δὲ</strong></span> <span class='ocrx_word' id='word_1_243' title='bbox 725 2217 876 2264; x_wconf 84' lang='grc' dir='ltr'>ἐκείνου,</span> <span class='ocrx_word' id='word_1_244' title='bbox 897 2218 1118 2272; x_wconf 81' lang='grc' dir='ltr'>παρεσκευά-</span> 
     </span>
    </p>
   </div>
   <div class='ocr_carea' id='block_1_4' title="bbox 90 2297 273 2306">
    <p class='ocr_par' dir='ltr' id='par_1_5' title="bbox 90 2297 273 2306">
     <span class='ocr_line' id='line_1_36' title="bbox 90 2297 273 2306; baseline 0 1378"><span class='ocrx_word' id='word_1_245' title='bbox 90 2297 273 2306; x_wconf 95' lang='lat' dir='ltr'><strong> </strong></span> 
     </span>
    </p>
   </div>
   <div class='ocr_carea' id='block_1_5' title="bbox 313 2306 876 2370">
    <p class='ocr_par' dir='ltr' id='par_1_6' title="bbox 313 2306 876 2370">
     <span class='ocr_line' id='line_1_37' title="bbox 313 2306 876 2370; baseline 0 0"><span class='ocrx_word' id='word_1_246' title='bbox 313 2331 381 2370; x_wconf 85' lang='lat' dir='ltr'><strong>DE</strong></span> <span class='ocrx_word' id='word_1_247' title='bbox 410 2306 576 2370; x_wconf 71' lang='lat' dir='ltr'><strong>R&#39;Essns</strong></span> <span class='ocrx_word' id='word_1_248' title='bbox 607 2328 876 2370; x_wconf 76' lang='lat' dir='ltr'>LAMPSACL</span> 
     </span>
    </p>
   </div>
   <div class='ocr_carea' id='block_1_6' title="bbox 84 2468 1122 3404">
    <p class='ocr_par' dir='ltr' id='par_1_7' title="bbox 84 2468 1122 3404">
     <span class='ocr_line' id='line_1_38' title="bbox 126 2468 1116 2512; baseline -0.002 -8"><span class='ocrx_word' id='word_1_249' title='bbox 126 2470 279 2505; x_wconf 80' lang='lat' dir='ltr'><strong>cedi-idae</strong></span> <span class='ocrx_word' id='word_1_250' title='bbox 290 2479 417 2512; x_wconf 81' lang='lat' dir='ltr'><strong>genere,</strong></span> <span class='ocrx_word' id='word_1_251' title='bbox 431 2469 535 2511; x_wconf 83' lang='lat' dir='ltr'><strong>patria</strong></span> <span class='ocrx_word' id='word_1_252' title='bbox 549 2469 761 2502; x_wconf 69' lang='lat' dir='ltr'><strong>Phocaeenses</strong></span> <span class='ocrx_word' id='word_1_253' title='bbox 774 2468 907 2502; x_wconf 77' lang='lat' dir='ltr'><strong>fuerunt</strong></span> <span class='ocrx_word' id='word_1_254' title='bbox 919 2468 985 2503; x_wconf 91' lang='lat' dir='ltr'><strong>duo</strong></span> <span class='ocrx_word' id='word_1_255' title='bbox 998 2469 1116 2510; x_wconf 85' lang='lat' dir='ltr'><strong>gemini</strong></span> 
     </span>
     <span class='ocr_line' id='line_1_39' title="bbox 84 2516 1116 2558; baseline -0.002 -8"><span class='ocrx_word' id='word_1_256' title='bbox 84 2518 198 2551; x_wconf 77' lang='lat' dir='ltr'><strong>fratres</strong></span> <span class='ocrx_word' id='word_1_257' title='bbox 211 2517 339 2550; x_wconf 85' lang='lat' dir='ltr'><strong>Phobus</strong></span> <span class='ocrx_word' id='word_1_258' title='bbox 345 2520 377 2550; x_wconf 90' lang='lat' dir='ltr'><strong>et</strong></span> <span class='ocrx_word' id='word_1_259' title='bbox 386 2517 520 2558; x_wconf 87' lang='lat' dir='ltr'><strong>Blepsus</strong></span> <span class='ocrx_word' id='word_1_260' title='bbox 533 2525 688 2558; x_wconf 88' lang='lat' dir='ltr'><strong>:quorum</strong></span> <span class='ocrx_word' id='word_1_261' title='bbox 696 2516 875 2557; x_wconf 89' lang='lat' dir='ltr'><strong>illeprimus</strong></span> <span class='ocrx_word' id='word_1_262' title='bbox 883 2524 902 2548; x_wconf 86' lang='lat' dir='ltr'><strong>a</strong></span> <span class='ocrx_word' id='word_1_263' title='bbox 911 2516 1116 2548; x_wconf 88' lang='lat' dir='ltr'><strong>Leucadibus</strong></span> 
     </span>
     <span class='ocr_line' id='line_1_40' title="bbox 84 2563 1116 2607; baseline -0.003 -10"><span class='ocrx_word' id='word_1_264' title='bbox 84 2565 185 2607; x_wconf 82' lang='lat' dir='ltr'><strong>petris</strong></span> <span class='ocrx_word' id='word_1_265' title='bbox 203 2564 237 2596; x_wconf 92' lang='lat' dir='ltr'><strong>in</strong></span> <span class='ocrx_word' id='word_1_266' title='bbox 252 2573 341 2596; x_wconf 89' lang='lat' dir='ltr'><strong>mare</strong></span> <span class='ocrx_word' id='word_1_267' title='bbox 360 2573 395 2597; x_wconf 89' lang='lat' dir='ltr'><strong>se</strong></span> <span class='ocrx_word' id='word_1_268' title='bbox 409 2564 511 2605; x_wconf 84' lang='lat' dir='ltr'><strong>dedit,</strong></span> <span class='ocrx_word' id='word_1_269' title='bbox 525 2565 562 2596; x_wconf 91' lang='lat' dir='ltr'><strong>ut</strong></span> <span class='ocrx_word' id='word_1_270' title='bbox 579 2564 687 2596; x_wconf 84' lang='lat' dir='ltr'><strong>Charo</strong></span> <span class='ocrx_word' id='word_1_271' title='bbox 702 2565 943 2604; x_wconf 85' lang='lat' dir='ltr'>Lampsacenus</span> <span class='ocrx_word' id='word_1_272' title='bbox 958 2563 1116 2604; x_wconf 88' lang='lat' dir='ltr'><strong>scriptum</strong></span> 
     </span>
     <span class='ocr_line' id='line_1_41' title="bbox 85 2610 1116 2653; baseline -0.002 -9"><span class='ocrx_word' id='word_1_273' title='bbox 85 2611 227 2653; x_wconf 78' lang='lat' dir='ltr'><strong>reliquit.</strong></span> <span class='ocrx_word' id='word_1_274' title='bbox 270 2614 302 2644; x_wconf 83' lang='lat' dir='ltr'><strong>Is</strong></span> <span class='ocrx_word' id='word_1_275' title='bbox 319 2611 451 2644; x_wconf 86' lang='lat' dir='ltr'><strong>Phobus</strong></span> <span class='ocrx_word' id='word_1_276' title='bbox 465 2635 474 2651; x_wconf 95' lang='lat'><strong>,</strong></span> <span class='ocrx_word' id='word_1_277' title='bbox 503 2611 554 2643; x_wconf 85' lang='lat' dir='ltr'><strong>vir</strong></span> <span class='ocrx_word' id='word_1_278' title='bbox 566 2610 711 2652; x_wconf 85' lang='lat' dir='ltr'><strong>potentia</strong></span> <span class='ocrx_word' id='word_1_279' title='bbox 724 2612 758 2643; x_wconf 89' lang='lat' dir='ltr'><strong>et</strong></span> <span class='ocrx_word' id='word_1_280' title='bbox 775 2610 931 2651; x_wconf 75' lang='lat' dir='ltr'><strong>dignitate</strong></span> <span class='ocrx_word' id='word_1_281' title='bbox 956 2610 1116 2652; x_wconf 86' lang='lat' dir='ltr'><strong>praeditus</strong></span> 
     </span>
     <span class='ocr_line' id='line_1_42' title="bbox 85 2658 1115 2700; baseline -0.002 -9"><span class='ocrx_word' id='word_1_282' title='bbox 85 2659 183 2700; x_wconf 85' lang='lat' dir='ltr'><strong>regia,</strong></span> <span class='ocrx_word' id='word_1_283' title='bbox 201 2667 277 2691; x_wconf 92' lang='lat' dir='ltr'><strong>cum</strong></span> <span class='ocrx_word' id='word_1_284' title='bbox 293 2659 478 2699; x_wconf 87' lang='lat' dir='ltr'><strong>navigasset</strong></span> <span class='ocrx_word' id='word_1_285' title='bbox 493 2658 625 2690; x_wconf 90' lang='lat' dir='ltr'><strong>Parium</strong></span> <span class='ocrx_word' id='word_1_286' title='bbox 641 2667 774 2690; x_wconf 87' lang='lat' dir='ltr'><strong>suorum</strong></span> <span class='ocrx_word' id='word_1_287' title='bbox 789 2666 888 2690; x_wconf 85' lang='lat' dir='ltr'><strong>causa</strong></span> <span class='ocrx_word' id='word_1_288' title='bbox 900 2658 1115 2699; x_wconf 87' lang='lat' dir='ltr'><strong>negotiorum,</strong></span> 
     </span>
     <span class='ocr_line' id='line_1_43' title="bbox 87 2705 1118 2747; baseline -0.001 -9"><span class='ocrx_word' id='word_1_289' title='bbox 87 2706 265 2738; x_wconf 81' lang='lat' dir='ltr'>amicitiam</span> <span class='ocrx_word' id='word_1_290' title='bbox 279 2708 312 2738; x_wconf 88' lang='lat' dir='ltr'><strong>et</strong></span> <span class='ocrx_word' id='word_1_291' title='bbox 326 2705 459 2747; x_wconf 88' lang='lat' dir='ltr'><strong>hospitii</strong></span> <span class='ocrx_word' id='word_1_292' title='bbox 474 2705 529 2746; x_wconf 83' lang='lat' dir='ltr'><strong>jus</strong></span> <span class='ocrx_word' id='word_1_293' title='bbox 539 2705 702 2738; x_wconf 81' lang='lat' dir='ltr'><strong>contraxit</strong></span> <span class='ocrx_word' id='word_1_294' title='bbox 715 2714 792 2738; x_wconf 88' lang='lat' dir='ltr'><strong>cum</strong></span> <span class='ocrx_word' id='word_1_295' title='bbox 798 2705 988 2746; x_wconf 79' lang='lat' dir='ltr'><strong>Mandrone,</strong></span> <span class='ocrx_word' id='word_1_296' title='bbox 1003 2705 1118 2746; x_wconf 87' lang='lat' dir='ltr'><strong>Bebry-</strong></span> 
     </span>
     <span class='ocr_line' id='line_1_44' title="bbox 87 2752 1118 2794; baseline -0.001 -9"><span class='ocrx_word' id='word_1_297' title='bbox 87 2761 164 2785; x_wconf 88' lang='lat' dir='ltr'><strong>cum</strong></span> <span class='ocrx_word' id='word_1_298' title='bbox 176 2761 260 2794; x_wconf 89' lang='lat' dir='ltr'><strong>rege,</strong></span> <span class='ocrx_word' id='word_1_299' title='bbox 274 2761 387 2785; x_wconf 90' lang='lat' dir='ltr'><strong>eorum</strong></span> <span class='ocrx_word' id='word_1_300' title='bbox 415 2752 473 2793; x_wconf 91' lang='lat' dir='ltr'><strong>qui</strong></span> <span class='ocrx_word' id='word_1_301' title='bbox 478 2752 720 2794; x_wconf 83' lang='lat' dir='ltr'><strong>Pityoessenses</strong></span> <span class='ocrx_word' id='word_1_302' title='bbox 732 2752 1012 2793; x_wconf 83' lang='lat' dir='ltr'><strong>cognominantur,</strong></span> <span class='ocrx_word' id='word_1_303' title='bbox 1023 2752 1118 2793; x_wconf 87' lang='lat' dir='ltr'><strong>eique</strong></span> 
     </span>
     <span class='ocr_line' id='line_1_45' title="bbox 87 2798 1118 2832; baseline -0.001 0"><span class='ocrx_word' id='word_1_304' title='bbox 87 2808 108 2832; x_wconf 88' lang='lat' dir='ltr'><strong>a</strong></span> <span class='ocrx_word' id='word_1_305' title='bbox 121 2799 238 2832; x_wconf 87' lang='lat' dir='ltr'><strong>vicinis</strong></span> <span class='ocrx_word' id='word_1_306' title='bbox 256 2799 341 2832; x_wconf 87' lang='lat' dir='ltr'><strong>bello</strong></span> <span class='ocrx_word' id='word_1_307' title='bbox 356 2799 508 2832; x_wconf 79' lang='lat' dir='ltr'><strong>infestato</strong></span> <span class='ocrx_word' id='word_1_308' title='bbox 521 2799 678 2831; x_wconf 83' lang='lat' dir='ltr'><strong>auxilium</strong></span> <span class='ocrx_word' id='word_1_309' title='bbox 695 2799 782 2831; x_wconf 90' lang='lat' dir='ltr'><strong>tulit.</strong></span> <span class='ocrx_word' id='word_1_310' title='bbox 797 2798 934 2831; x_wconf 88' lang='lat' dir='ltr'><strong>Mandro</strong></span> <span class='ocrx_word' id='word_1_311' title='bbox 947 2800 1056 2831; x_wconf 87' lang='lat' dir='ltr'><strong>autem</strong></span> <span class='ocrx_word' id='word_1_312' title='bbox 1066 2808 1118 2830; x_wconf 89' lang='lat' dir='ltr'><strong>na-</strong></span> 
     </span>
     <span class='ocr_line' id='line_1_46' title="bbox 88 2845 1119 2888; baseline 0 -10"><span class='ocrx_word' id='word_1_313' title='bbox 88 2845 186 2878; x_wconf 80' lang='lat' dir='ltr'><strong>vibus</strong></span> <span class='ocrx_word' id='word_1_314' title='bbox 201 2845 351 2879; x_wconf 85' lang='lat' dir='ltr'><strong>avebenti</strong></span> <span class='ocrx_word' id='word_1_315' title='bbox 378 2846 493 2879; x_wconf 86' lang='lat' dir='ltr'><strong>Phobo</strong></span> <span class='ocrx_word' id='word_1_316' title='bbox 507 2855 581 2879; x_wconf 90' lang='lat' dir='ltr'><strong>cum</strong></span> <span class='ocrx_word' id='word_1_317' title='bbox 604 2846 665 2878; x_wconf 90' lang='lat' dir='ltr'><strong>alia</strong></span> <span class='ocrx_word' id='word_1_318' title='bbox 680 2846 796 2879; x_wconf 88' lang='lat' dir='ltr'><strong>detulit</strong></span> <span class='ocrx_word' id='word_1_319' title='bbox 816 2845 922 2878; x_wconf 87' lang='lat' dir='ltr'><strong>officia</strong></span> <span class='ocrx_word' id='word_1_320' title='bbox 933 2871 943 2886; x_wconf 93' lang='lat'>‚</span> <span class='ocrx_word' id='word_1_321' title='bbox 962 2848 1034 2878; x_wconf 88' lang='lat' dir='ltr'><strong>tum</strong></span> <span class='ocrx_word' id='word_1_322' title='bbox 1049 2855 1119 2888; x_wconf 88' lang='lat' dir='ltr'><strong>par·</strong></span> 
     </span>
     <span class='ocr_line' id='line_1_47' title="bbox 88 2892 1118 2934; baseline -0.002 -8"><span class='ocrx_word' id='word_1_323' title='bbox 88 2894 157 2926; x_wconf 80' lang='lat' dir='ltr'><strong>tem</strong></span> <span class='ocrx_word' id='word_1_324' title='bbox 172 2892 264 2926; x_wconf 89' lang='lat' dir='ltr'><strong>urbis</strong></span> <span class='ocrx_word' id='word_1_325' title='bbox 279 2893 410 2934; x_wconf 80' lang='lat' dir='ltr'><strong>agrique</strong></span> <span class='ocrx_word' id='word_1_326' title='bbox 423 2892 614 2934; x_wconf 86' lang='lat' dir='ltr'><strong>largiturum</strong></span> <span class='ocrx_word' id='word_1_327' title='bbox 631 2901 666 2925; x_wconf 88' lang='lat' dir='ltr'><strong>se</strong></span> <span class='ocrx_word' id='word_1_328' title='bbox 679 2892 830 2934; x_wconf 86' lang='lat' dir='ltr'><strong>promisit</strong></span> <span class='ocrx_word' id='word_1_329' title='bbox 839 2917 848 2933; x_wconf 92' lang='lat'><strong>,</strong></span> <span class='ocrx_word' id='word_1_330' title='bbox 866 2892 894 2925; x_wconf 87' lang='lat' dir='ltr'><strong>si</strong></span> <span class='ocrx_word' id='word_1_331' title='bbox 906 2893 1118 2925; x_wconf 79' lang='lat' dir='ltr'><strong>Phocaeorum</strong></span> 
     </span>
     <span class='ocr_line' id='line_1_48' title="bbox 90 2939 1120 2981; baseline 0.001 -10"><span class='ocrx_word' id='word_1_332' title='bbox 90 2939 249 2972; x_wconf 86' lang='lat' dir='ltr'><strong>coloniam</strong></span> <span class='ocrx_word' id='word_1_333' title='bbox 261 2940 564 2981; x_wconf 81' lang='lat' dir='ltr'><strong>velletPityoessam</strong></span> <span class='ocrx_word' id='word_1_334' title='bbox 579 2939 747 2972; x_wconf 84' lang='lat' dir='ltr'><strong>deducere.</strong></span> <span class='ocrx_word' id='word_1_335' title='bbox 764 2940 897 2972; x_wconf 86' lang='lat' dir='ltr'><strong>Phobus</strong></span> <span class='ocrx_word' id='word_1_336' title='bbox 911 2948 988 2972; x_wconf 87' lang='lat' dir='ltr'><strong>cum</strong></span> <span class='ocrx_word' id='word_1_337' title='bbox 1000 2940 1032 2972; x_wconf 92' lang='lat' dir='ltr'><strong>id</strong></span> <span class='ocrx_word' id='word_1_338' title='bbox 1047 2949 1120 2972; x_wconf 91' lang='lat' dir='ltr'><strong>con-</strong></span> 
     </span>
     <span class='ocr_line' id='line_1_49' title="bbox 90 2985 1120 3028; baseline 0 -10"><span class='ocrx_word' id='word_1_339' title='bbox 90 2985 199 3018; x_wconf 84' lang='lat' dir='ltr'><strong>silium</strong></span> <span class='ocrx_word' id='word_1_340' title='bbox 214 2985 343 3019; x_wconf 85' lang='lat' dir='ltr'><strong>civibus</strong></span> <span class='ocrx_word' id='word_1_341' title='bbox 358 2987 527 3028; x_wconf 82' lang='lat' dir='ltr'><strong>probasset</strong></span> <span class='ocrx_word' id='word_1_342' title='bbox 538 3011 548 3027; x_wconf 95' lang='lat'><strong>,</strong></span> <span class='ocrx_word' id='word_1_343' title='bbox 575 2987 706 3019; x_wconf 79' lang='lat' dir='ltr'><strong>fratrem</strong></span> <span class='ocrx_word' id='word_1_344' title='bbox 722 2986 813 3019; x_wconf 86' lang='lat' dir='ltr'><strong>misit</strong></span> <span class='ocrx_word' id='word_1_345' title='bbox 827 3011 837 3028; x_wconf 90' lang='lat'><strong>,</strong></span> <span class='ocrx_word' id='word_1_346' title='bbox 861 2988 918 3028; x_wconf 91' lang='lat' dir='ltr'><strong>qui</strong></span> <span class='ocrx_word' id='word_1_347' title='bbox 934 2986 1066 3019; x_wconf 90' lang='lat' dir='ltr'><strong>colonos</strong></span> <span class='ocrx_word' id='word_1_348' title='bbox 1081 2995 1120 3019; x_wconf 90' lang='lat' dir='ltr'><strong>eo</strong></span> 
     </span>
     <span class='ocr_line' id='line_1_50' title="bbox 91 3031 1119 3075; baseline 0.001 -10"><span class='ocrx_word' id='word_1_349' title='bbox 91 3031 273 3066; x_wconf 76' lang='lat' dir='ltr'><strong>deduceret.</strong></span> <span class='ocrx_word' id='word_1_350' title='bbox 287 3033 381 3066; x_wconf 82' lang='lat' dir='ltr'><strong>Stetit</strong></span> <span class='ocrx_word' id='word_1_351' title='bbox 390 3042 467 3066; x_wconf 88' lang='lat' dir='ltr'><strong>sane</strong></span> <span class='ocrx_word' id='word_1_352' title='bbox 481 3033 650 3075; x_wconf 87' lang='lat' dir='ltr'><strong>promissis</strong></span> <span class='ocrx_word' id='word_1_353' title='bbox 663 3034 810 3067; x_wconf 90' lang='lat' dir='ltr'><strong>Mandro.</strong></span> <span class='ocrx_word' id='word_1_354' title='bbox 825 3033 886 3066; x_wconf 92' lang='lat' dir='ltr'><strong>Sed</strong></span> <span class='ocrx_word' id='word_1_355' title='bbox 897 3034 1119 3073; x_wconf 84' lang='lat' dir='ltr'><strong>Phocaeenses,</strong></span> 
     </span>
     <span class='ocr_line' id='line_1_51' title="bbox 91 3080 1120 3122; baseline 0 -10"><span class='ocrx_word' id='word_1_356' title='bbox 91 3088 167 3113; x_wconf 86' lang='lat' dir='ltr'><strong>cum</strong></span> <span class='ocrx_word' id='word_1_357' title='bbox 185 3080 311 3122; x_wconf 83' lang='lat' dir='ltr'><strong>spoliis,</strong></span> <span class='ocrx_word' id='word_1_358' title='bbox 331 3081 458 3122; x_wconf 86' lang='lat' dir='ltr'><strong>praeda,</strong></span> <span class='ocrx_word' id='word_1_359' title='bbox 477 3081 659 3122; x_wconf 87' lang='lat' dir='ltr'><strong>opibusque</strong></span> <span class='ocrx_word' id='word_1_360' title='bbox 670 3081 796 3122; x_wconf 83' lang='lat' dir='ltr'><strong>magnis</strong></span> <span class='ocrx_word' id='word_1_361' title='bbox 811 3089 829 3113; x_wconf 88' lang='lat' dir='ltr'><strong>e</strong></span> <span class='ocrx_word' id='word_1_362' title='bbox 840 3080 988 3114; x_wconf 82' lang='lat' dir='ltr'><strong>finitimis</strong></span> <span class='ocrx_word' id='word_1_363' title='bbox 1007 3081 1120 3113; x_wconf 83' lang='lat' dir='ltr'><strong>barba-</strong></span> 
     </span>
     <span class='ocr_line' id='line_1_52' title="bbox 92 3127 1121 3170; baseline 0 -11"><span class='ocrx_word' id='word_1_364' title='bbox 92 3127 137 3160; x_wconf 91' lang='lat' dir='ltr'><strong>ris</strong></span> <span class='ocrx_word' id='word_1_365' title='bbox 151 3127 332 3169; x_wconf 81' lang='lat' dir='ltr'><strong>potirentur</strong></span> <span class='ocrx_word' id='word_1_366' title='bbox 345 3151 355 3168; x_wconf 89' lang='lat'><strong>,</strong></span> <span class='ocrx_word' id='word_1_367' title='bbox 371 3128 470 3160; x_wconf 85' lang='lat' dir='ltr'><strong>invisi</strong></span> <span class='ocrx_word' id='word_1_368' title='bbox 490 3128 633 3169; x_wconf 88' lang='lat' dir='ltr'><strong>primum</strong></span> <span class='ocrx_word' id='word_1_369' title='bbox 647 3152 656 3168; x_wconf 96' lang='lat'><strong>,</strong></span> <span class='ocrx_word' id='word_1_370' title='bbox 673 3130 748 3170; x_wconf 89' lang='lat' dir='ltr'><strong>post</strong></span> <span class='ocrx_word' id='word_1_371' title='bbox 767 3128 866 3160; x_wconf 89' lang='lat' dir='ltr'><strong>etiam</strong></span> <span class='ocrx_word' id='word_1_372' title='bbox 880 3128 994 3160; x_wconf 87' lang='lat' dir='ltr'><strong>terrori</strong></span> <span class='ocrx_word' id='word_1_373' title='bbox 1007 3128 1121 3168; x_wconf 82' lang='lat' dir='ltr'><strong>Bebry-</strong></span> 
     </span>
     <span class='ocr_line' id='line_1_53' title="bbox 92 3173 1119 3216; baseline 0 -10"><span class='ocrx_word' id='word_1_374' title='bbox 92 3173 186 3206; x_wconf 87' lang='lat' dir='ltr'><strong>cibus</strong></span> <span class='ocrx_word' id='word_1_375' title='bbox 201 3174 343 3207; x_wconf 83' lang='lat' dir='ltr'><strong>fuerunt.</strong></span> <span class='ocrx_word' id='word_1_376' title='bbox 364 3174 540 3216; x_wconf 77' lang='lat' dir='ltr'><strong>cupientes</strong></span> <span class='ocrx_word' id='word_1_377' title='bbox 555 3175 665 3216; x_wconf 88' lang='lat' dir='ltr'><strong>itaque</strong></span> <span class='ocrx_word' id='word_1_378' title='bbox 678 3175 718 3207; x_wconf 94' lang='lat' dir='ltr'><strong>iis</strong></span> <span class='ocrx_word' id='word_1_379' title='bbox 734 3174 874 3215; x_wconf 88' lang='lat' dir='ltr'><strong>liberari,</strong></span> <span class='ocrx_word' id='word_1_380' title='bbox 889 3184 964 3207; x_wconf 91' lang='lat' dir='ltr'><strong>cum</strong></span> <span class='ocrx_word' id='word_1_381' title='bbox 971 3175 1119 3213; x_wconf 89' lang='lat' dir='ltr'><strong>Mandro,</strong></span> 
     </span>
     <span class='ocr_line' id='line_1_54' title="bbox 92 3220 1122 3263; baseline 0 -11"><span class='ocrx_word' id='word_1_382' title='bbox 92 3220 192 3252; x_wconf 87' lang='lat' dir='ltr'><strong>bomo</strong></span> <span class='ocrx_word' id='word_1_383' title='bbox 210 3220 332 3262; x_wconf 90' lang='lat' dir='ltr'><strong>probus</strong></span> <span class='ocrx_word' id='word_1_384' title='bbox 346 3223 378 3253; x_wconf 86' lang='lat' dir='ltr'><strong>et</strong></span> <span class='ocrx_word' id='word_1_385' title='bbox 390 3221 510 3262; x_wconf 79' lang='lat' dir='ltr'><strong>justus,</strong></span> <span class='ocrx_word' id='word_1_386' title='bbox 529 3222 714 3263; x_wconf 85' lang='lat' dir='ltr'><strong>persuaderi</strong></span> <span class='ocrx_word' id='word_1_387' title='bbox 730 3222 793 3254; x_wconf 86' lang='lat' dir='ltr'><strong>sibi</strong></span> <span class='ocrx_word' id='word_1_388' title='bbox 808 3231 874 3254; x_wconf 89' lang='lat' dir='ltr'><strong>non</strong></span> <span class='ocrx_word' id='word_1_389' title='bbox 889 3224 1069 3263; x_wconf 86' lang='lat' dir='ltr'><strong>pateretur,</strong></span> <span class='ocrx_word' id='word_1_390' title='bbox 1085 3224 1122 3253; x_wconf 90' lang='lat' dir='ltr'><strong>ut</strong></span> 
     </span>
     <span class='ocr_line' id='line_1_55' title="bbox 93 3266 1122 3310; baseline -0.001 -11"><span class='ocrx_word' id='word_1_391' title='bbox 93 3267 180 3299; x_wconf 89' lang='lat' dir='ltr'><strong>mala</strong></span> <span class='ocrx_word' id='word_1_392' title='bbox 196 3266 260 3299; x_wconf 81' lang='lat' dir='ltr'><strong>fide</strong></span> <span class='ocrx_word' id='word_1_393' title='bbox 278 3276 354 3300; x_wconf 83' lang='lat' dir='ltr'><strong>cum</strong></span> <span class='ocrx_word' id='word_1_394' title='bbox 373 3268 496 3301; x_wconf 82' lang='lat' dir='ltr'><strong>Graecis</strong></span> <span class='ocrx_word' id='word_1_395' title='bbox 510 3271 627 3309; x_wconf 89' lang='lat' dir='ltr'><strong>ageret,</strong></span> <span class='ocrx_word' id='word_1_396' title='bbox 643 3277 773 3310; x_wconf 85' lang='lat' dir='ltr'><strong>peregre</strong></span> <span class='ocrx_word' id='word_1_397' title='bbox 788 3278 827 3301; x_wconf 89' lang='lat' dir='ltr'><strong>eo</strong></span> <span class='ocrx_word' id='word_1_398' title='bbox 839 3269 996 3310; x_wconf 81' lang='lat' dir='ltr'><strong>profecto,</strong></span> <span class='ocrx_word' id='word_1_399' title='bbox 1017 3267 1122 3299; x_wconf 88' lang='lat' dir='ltr'><strong>moliti</strong></span> 
     </span>
     <span class='ocr_line' id='line_1_56' title="bbox 94 3315 1119 3356; baseline -0.001 -10"><span class='ocrx_word' id='word_1_400' title='bbox 94 3315 185 3354; x_wconf 82' lang='lat' dir='ltr'><strong>sunt,</strong></span> <span class='ocrx_word' id='word_1_401' title='bbox 196 3315 360 3355; x_wconf 84' lang='lat' dir='ltr'><strong>quomodo</strong></span> <span class='ocrx_word' id='word_1_402' title='bbox 375 3323 431 3347; x_wconf 87' lang='lat' dir='ltr'><strong>eos</strong></span> <span class='ocrx_word' id='word_1_403' title='bbox 441 3324 498 3356; x_wconf 89' lang='lat' dir='ltr'><strong>per</strong></span> <span class='ocrx_word' id='word_1_404' title='bbox 511 3315 623 3348; x_wconf 90' lang='lat' dir='ltr'><strong>dolum</strong></span> <span class='ocrx_word' id='word_1_405' title='bbox 634 3318 796 3348; x_wconf 82' lang='lat' dir='ltr'><strong>necarent.</strong></span> <span class='ocrx_word' id='word_1_406' title='bbox 811 3318 988 3356; x_wconf 89' lang='lat' dir='ltr'><strong>Lampsace</strong></span> <span class='ocrx_word' id='word_1_407' title='bbox 1000 3317 1119 3352; x_wconf 85' lang='lat' dir='ltr'><strong>autem,</strong></span> 
     </span>
     <span class='ocr_line' id='line_1_57' title="bbox 95 3360 1122 3404; baseline -0.002 -11"><span class='ocrx_word' id='word_1_408' title='bbox 95 3360 282 3394; x_wconf 80' lang='lat' dir='ltr'><strong>Mandronis</strong></span> <span class='ocrx_word' id='word_1_409' title='bbox 295 3360 381 3401; x_wconf 86' lang='lat' dir='ltr'><strong>filia,</strong></span> <span class='ocrx_word' id='word_1_410' title='bbox 397 3362 501 3402; x_wconf 89' lang='lat' dir='ltr'><strong>virgo,</strong></span> <span class='ocrx_word' id='word_1_411' title='bbox 518 3371 593 3394; x_wconf 91' lang='lat' dir='ltr'><strong>cum</strong></span> <span class='ocrx_word' id='word_1_412' title='bbox 608 3363 745 3395; x_wconf 85' lang='lat' dir='ltr'><strong>insidias</strong></span> <span class='ocrx_word' id='word_1_413' title='bbox 761 3364 939 3404; x_wconf 79' lang='lat' dir='ltr'><strong>praenosset</strong></span> <span class='ocrx_word' id='word_1_414' title='bbox 953 3386 962 3402; x_wconf 87' lang='lat'>‚</span> <span class='ocrx_word' id='word_1_415' title='bbox 979 3362 1122 3402; x_wconf 87' lang='lat' dir='ltr'><strong>primum</strong></span> 
     </span>
    </p>
   </div>
   <div class='ocr_carea' id='block_1_7' title="bbox 258 3421 720 3453">
    <p class='ocr_par' dir='ltr' id='par_1_8' title="bbox 258 3421 720 3453">
     <span class='ocr_line' id='line_1_58' title="bbox 258 3421 720 3453; baseline 0.004 -2"><span class='ocrx_word' id='word_1_416' title='bbox 258 3421 454 3452; x_wconf 71' lang='lat' dir='ltr'><strong>chunm</strong></span> <span class='ocrx_word' id='word_1_417' title='bbox 477 3430 720 3453; x_wconf 72' lang='lat' dir='ltr'><strong>msromconuu.</strong></span> 
     </span>
    </p>
   </div>
   <div class='ocr_carea' id='block_1_8' title="bbox 2131 148 2180 183">
    <p class='ocr_par' dir='ltr' id='par_1_9' title="bbox 2131 148 2180 183">
     <span class='ocr_line' id='line_1_59' title="bbox 2131 148 2180 183; baseline 0.041 -2"><span class='ocrx_word' id='word_1_418' title='bbox 2131 148 2180 183; x_wconf 82' lang='lat'><strong>33</strong></span> 
     </span>
    </p>
   </div>
   <div class='ocr_carea' id='block_1_9' title="bbox 1155 229 2202 1695">
    <p class='ocr_par' dir='ltr' id='par_1_10' title="bbox 1155 229 2197 1521">
     <span class='ocr_line' id='line_1_60' title="bbox 1155 229 2182 286; baseline -0.001 -16"><span class='ocrx_word' id='word_1_419' title='bbox 1155 235 1252 277; x_wconf 86' lang='grc' dir='ltr'>ζοντο</span> <span class='ocrx_word' id='word_1_420' title='bbox 1270 232 1347 276; x_wconf 75' lang='grc' dir='ltr'>τοὺς</span> <span class='ocrx_word' id='word_1_421' title='bbox 1367 235 1533 275; x_wconf 87' lang='grc' dir='ltr'>Φωκαεῖς</span> <span class='ocrx_word' id='word_1_422' title='bbox 1550 230 1641 286; x_wconf 82' lang='grc' dir='ltr'>δόλῳ</span> <span class='ocrx_word' id='word_1_423' title='bbox 1654 231 1860 285; x_wconf 78' lang='grc' dir='ltr'>διαφθεῖραι.</span> <span class='ocrx_word' id='word_1_424' title='bbox 1873 232 1945 270; x_wconf 90' lang='grc' dir='ltr'>Τοῦ</span> <span class='ocrx_word' id='word_1_425' title='bbox 1964 229 2001 268; x_wconf 81' lang='grc' dir='ltr'><strong>δὲ</strong></span> <span class='ocrx_word' id='word_1_426' title='bbox 2013 231 2182 284; x_wconf 76' lang='grc' dir='ltr'>Μάνδρω·</span> 
     </span>
     <span class='ocr_line' id='line_1_61' title="bbox 1155 283 2182 345; baseline 0 -17"><span class='ocrx_word' id='word_1_427' title='bbox 1155 306 1210 334; x_wconf 91' lang='grc' dir='ltr'><strong>νος</strong></span> <span class='ocrx_word' id='word_1_428' title='bbox 1231 295 1253 338; x_wconf 84' lang='grc' dir='ltr'>ἡ</span> <span class='ocrx_word' id='word_1_429' title='bbox 1274 291 1428 345; x_wconf 84' lang='grc' dir='ltr'>θυγάτηρ</span> <span class='ocrx_word' id='word_1_430' title='bbox 1461 290 1660 344; x_wconf 78' lang='grc' dir='ltr'>Λαμψάκη,</span> <span class='ocrx_word' id='word_1_431' title='bbox 1691 288 1859 342; x_wconf 81' lang='grc' dir='ltr'>παρθένος</span> <span class='ocrx_word' id='word_1_432' title='bbox 1888 283 1987 334; x_wconf 65' lang='grc' dir='ltr'>οὖσα,</span> <span class='ocrx_word' id='word_1_433' title='bbox 2013 289 2075 337; x_wconf 87' lang='grc' dir='ltr'><strong>τὴν</strong></span> <span class='ocrx_word' id='word_1_434' title='bbox 2105 291 2182 328; x_wconf 86' lang='grc' dir='ltr'>ἐπι-</span> 
     </span>
     <span class='ocr_line' id='line_1_62' title="bbox 1156 347 2183 403; baseline -0.001 -16"><span class='ocrx_word' id='word_1_435' title='bbox 1156 349 1284 395; x_wconf 52' lang='lat' dir='ltr'><strong>&amp;oux-&gt;qv</strong></span> <span class='ocrx_word' id='word_1_436' title='bbox 1295 350 1466 403; x_wconf 81' lang='grc' dir='ltr'>προέγνω,</span> <span class='ocrx_word' id='word_1_437' title='bbox 1480 349 1539 388; x_wconf 79' lang='grc' dir='ltr'><strong>καὶ</strong></span> <span class='ocrx_word' id='word_1_438' title='bbox 1556 352 1694 403; x_wconf 87' lang='grc' dir='ltr'>πρῶτον</span> <span class='ocrx_word' id='word_1_439' title='bbox 1708 348 1771 401; x_wconf 80' lang='grc' dir='ltr'><strong>μὲν</strong></span> <span class='ocrx_word' id='word_1_440' title='bbox 1789 348 1962 402; x_wconf 81' lang='grc' dir='ltr'>ἐπεχείρει</span> <span class='ocrx_word' id='word_1_441' title='bbox 1975 347 2053 391; x_wconf 70' lang='grc' dir='ltr'>τοὺς</span> <span class='ocrx_word' id='word_1_442' title='bbox 2065 349 2183 401; x_wconf 78' lang='grc' dir='ltr'>φίλους</span> 
     </span>
     <span class='ocr_line' id='line_1_63' title="bbox 1156 405 2183 461; baseline 0 -16"><span class='ocrx_word' id='word_1_443' title='bbox 1156 407 1217 446; x_wconf 85' lang='grc' dir='ltr'><strong>καὶ</strong></span> <span class='ocrx_word' id='word_1_444' title='bbox 1236 407 1379 451; x_wconf 87' lang='grc' dir='ltr'>οἰκείους</span> <span class='ocrx_word' id='word_1_445' title='bbox 1396 407 1617 461; x_wconf 84' lang='grc' dir='ltr'>ἀποτρέπειν,</span> <span class='ocrx_word' id='word_1_446' title='bbox 1633 407 1693 446; x_wconf 82' lang='grc' dir='ltr'><strong>καὶ</strong></span> <span class='ocrx_word' id='word_1_447' title='bbox 1710 406 1884 446; x_wconf 84' lang='grc' dir='ltr'>διδάσκειν</span> <span class='ocrx_word' id='word_1_448' title='bbox 1897 409 1942 450; x_wconf 81' lang='grc' dir='ltr'><strong>ὡς</strong></span> <span class='ocrx_word' id='word_1_449' title='bbox 1957 405 2055 460; x_wconf 85' lang='grc' dir='ltr'>ἔργον</span> <span class='ocrx_word' id='word_1_450' title='bbox 2074 406 2183 445; x_wconf 81' lang='grc' dir='ltr'>δεινὸν</span> 
     </span>
     <span class='ocr_line' id='line_1_64' title="bbox 1158 465 2183 521; baseline 0 -17"><span class='ocrx_word' id='word_1_451' title='bbox 1158 466 1218 505; x_wconf 72' lang='grc' dir='ltr'><strong>καὶ</strong></span> <span class='ocrx_word' id='word_1_452' title='bbox 1247 466 1368 510; x_wconf 72' lang='grc' dir='ltr'>ἀσεὸὲς</span> <span class='ocrx_word' id='word_1_453' title='bbox 1390 468 1583 520; x_wconf 88' lang='grc' dir='ltr'>ἐγχειροῦσι</span> <span class='ocrx_word' id='word_1_454' title='bbox 1608 466 1786 521; x_wconf 86' lang='grc' dir='ltr'>πράττειν,</span> <span class='ocrx_word' id='word_1_455' title='bbox 1806 465 1987 520; x_wconf 84' lang='grc' dir='ltr'>εὐεργέτας</span> <span class='ocrx_word' id='word_1_456' title='bbox 2012 465 2072 504; x_wconf 81' lang='grc' dir='ltr'><strong>καὶ</strong></span> <span class='ocrx_word' id='word_1_457' title='bbox 2092 482 2183 517; x_wconf 89' lang='grc' dir='ltr'>συμ-</span> 
     </span>
     <span class='ocr_line' id='line_1_65' title="bbox 1158 525 2186 579; baseline 0 -15"><span class='ocrx_word' id='word_1_458' title='bbox 1158 525 1293 578; x_wconf 88' lang='grc' dir='ltr'>μάχους</span> <span class='ocrx_word' id='word_1_459' title='bbox 1309 526 1451 579; x_wconf 79' lang='grc' dir='ltr'>ἄνδρας,</span> <span class='ocrx_word' id='word_1_460' title='bbox 1466 532 1524 565; x_wconf 89' lang='grc' dir='ltr'><strong>νῦν</strong></span> <span class='ocrx_word' id='word_1_461' title='bbox 1538 528 1574 565; x_wconf 78' lang='grc' dir='ltr'><strong>δὲ</strong></span> <span class='ocrx_word' id='word_1_462' title='bbox 1591 528 1650 566; x_wconf 85' lang='grc' dir='ltr'><strong>καὶ</strong></span> <span class='ocrx_word' id='word_1_463' title='bbox 1667 527 1824 576; x_wconf 89' lang='grc' dir='ltr'>πολίτας,</span> <span class='ocrx_word' id='word_1_464' title='bbox 1842 525 2186 570; x_wconf 52' lang='grc' dir='ltr'>ἀποκτιννύντεςῘΩς</span> 
     </span>
     <span class='ocr_line' id='line_1_66' title="bbox 1159 582 2185 640; baseline 0 -17"><span class='ocrx_word' id='word_1_465' title='bbox 1159 582 1195 623; x_wconf 85' lang='grc' dir='ltr'><strong>δὲ</strong></span> <span class='ocrx_word' id='word_1_466' title='bbox 1210 586 1273 623; x_wconf 77' lang='grc' dir='ltr'><strong>οὒκ</strong></span> <span class='ocrx_word' id='word_1_467' title='bbox 1292 584 1417 631; x_wconf 85' lang='grc' dir='ltr'>ἔπειθε,</span> <span class='ocrx_word' id='word_1_468' title='bbox 1434 591 1505 628; x_wconf 88' lang='grc' dir='ltr'>τοῖς</span> <span class='ocrx_word' id='word_1_469' title='bbox 1517 584 1674 632; x_wconf 74' lang='grc' dir='ltr'><strong>ςΈλλησι</strong></span> <span class='ocrx_word' id='word_1_470' title='bbox 1691 585 1820 640; x_wconf 77' lang='grc' dir='ltr'>ἔφρασε</span> <span class='ocrx_word' id='word_1_471' title='bbox 1841 585 1956 640; x_wconf 75' lang='grc' dir='ltr'>κρύφα</span> <span class='ocrx_word' id='word_1_472' title='bbox 1975 585 2018 624; x_wconf 82' lang='grc' dir='ltr'><strong>τὰ</strong></span> <span class='ocrx_word' id='word_1_473' title='bbox 2030 584 2185 638; x_wconf 88' lang='grc' dir='ltr'>πραττό-</span> 
     </span>
     <span class='ocr_line' id='line_1_67' title="bbox 1161 641 2184 696; baseline 0 -15"><span class='ocrx_word' id='word_1_474' title='bbox 1161 658 1260 694; x_wconf 86' lang='grc' dir='ltr'>μενα,</span> <span class='ocrx_word' id='word_1_475' title='bbox 1281 642 1340 681; x_wconf 87' lang='grc' dir='ltr'><strong>καὶ</strong></span> <span class='ocrx_word' id='word_1_476' title='bbox 1362 641 1642 695; x_wconf 83' lang='grc' dir='ltr'>παρεκελεύσατο</span> <span class='ocrx_word' id='word_1_477' title='bbox 1658 643 1902 696; x_wconf 80' lang='grc' dir='ltr'>φυλάττεσθαι.</span> <span class='ocrx_word' id='word_1_478' title='bbox 1923 645 1970 683; x_wconf 81' lang='grc' dir='ltr'><strong>Οἱ</strong></span> <span class='ocrx_word' id='word_1_479' title='bbox 1991 642 2039 690; x_wconf 78' lang='grc' dir='ltr'><strong>δὲ,</strong></span> <span class='ocrx_word' id='word_1_480' title='bbox 2065 642 2184 681; x_wconf 88' lang='grc' dir='ltr'>θυσίαν</span> 
     </span>
     <span class='ocr_line' id='line_1_68' title="bbox 1159 700 2187 753; baseline 0 -13"><span class='ocrx_word' id='word_1_481' title='bbox 1159 700 1238 740; x_wconf 78' lang='grc' dir='ltr'>τινὰ</span> <span class='ocrx_word' id='word_1_482' title='bbox 1254 700 1609 753; x_wconf 84' lang='grc' dir='ltr'>παρασκευασάμενοι</span> <span class='ocrx_word' id='word_1_483' title='bbox 1628 701 1687 740; x_wconf 72' lang='grc' dir='ltr'><strong>καὶ</strong></span> <span class='ocrx_word' id='word_1_484' title='bbox 1701 702 1831 750; x_wconf 84' lang='grc' dir='ltr'>θοίνην,</span> <span class='ocrx_word' id='word_1_485' title='bbox 1846 701 2092 747; x_wconf 82' lang='grc' dir='ltr'>ἐξεκαλέσαντο</span> <span class='ocrx_word' id='word_1_486' title='bbox 2108 700 2187 744; x_wconf 73' lang='grc' dir='ltr'>τοὺς</span> 
     </span>
     <span class='ocr_line' id='line_1_69' title="bbox 1160 758 2188 813; baseline 0 -14"><span class='ocrx_word' id='word_1_487' title='bbox 1160 758 1438 806; x_wconf 78' lang='grc' dir='ltr'>Πιτυοεσσηνοὺς</span> <span class='ocrx_word' id='word_1_488' title='bbox 1462 760 1508 802; x_wconf 86' lang='grc' dir='ltr'><strong>εἷς</strong></span> <span class='ocrx_word' id='word_1_489' title='bbox 1526 758 1566 797; x_wconf 80' lang='grc' dir='ltr'><strong>τὸ</strong></span> <span class='ocrx_word' id='word_1_490' title='bbox 1583 760 1801 813; x_wconf 88' lang='grc' dir='ltr'>προάστειον·</span> <span class='ocrx_word' id='word_1_491' title='bbox 1823 760 1945 805; x_wconf 71' lang='grc' dir='ltr'>αὖτοὺς</span> <span class='ocrx_word' id='word_1_492' title='bbox 1965 759 2001 799; x_wconf 83' lang='grc' dir='ltr'><strong>δὲ</strong></span> <span class='ocrx_word' id='word_1_493' title='bbox 2021 759 2188 803; x_wconf 86' lang='grc' dir='ltr'>διελόντες</span> 
     </span>
     <span class='ocr_line' id='line_1_70' title="bbox 1161 815 2189 871; baseline 0 -14"><span class='ocrx_word' id='word_1_494' title='bbox 1161 818 1259 871; x_wconf 91' lang='grc' dir='ltr'>δίχα,</span> <span class='ocrx_word' id='word_1_495' title='bbox 1291 823 1362 861; x_wconf 87' lang='grc' dir='ltr'>τοῖς</span> <span class='ocrx_word' id='word_1_496' title='bbox 1388 815 1450 868; x_wconf 81' lang='grc' dir='ltr'><strong>μὲν</strong></span> <span class='ocrx_word' id='word_1_497' title='bbox 1479 816 1524 854; x_wconf 80' lang='grc' dir='ltr'><strong>τὰ</strong></span> <span class='ocrx_word' id='word_1_498' title='bbox 1551 817 1652 869; x_wconf 88' lang='grc' dir='ltr'>τείχη</span> <span class='ocrx_word' id='word_1_499' title='bbox 1687 818 1938 870; x_wconf 72' lang='grc' dir='ltr'>κατελάὸοντο,</span> <span class='ocrx_word' id='word_1_500' title='bbox 1962 825 2032 862; x_wconf 84' lang='grc' dir='ltr'>τοῖς</span> <span class='ocrx_word' id='word_1_501' title='bbox 2051 817 2087 857; x_wconf 78' lang='grc' dir='ltr'><strong>δὲ</strong></span> <span class='ocrx_word' id='word_1_502' title='bbox 2110 817 2189 861; x_wconf 82' lang='grc' dir='ltr'>τοὺς</span> 
     </span>
     <span class='ocr_line' id='line_1_71' title="bbox 1161 875 2188 931; baseline 0 -16"><span class='ocrx_word' id='word_1_503' title='bbox 1161 875 1360 931; x_wconf 81' lang='grc' dir='ltr'>ἀνθρώπους</span> <span class='ocrx_word' id='word_1_504' title='bbox 1381 876 1528 914; x_wconf 87' lang='grc' dir='ltr'>ἀνεῖλον.</span> <span class='ocrx_word' id='word_1_505' title='bbox 1553 875 1660 914; x_wconf 77' lang='grc' dir='ltr'>Οὕτω</span> <span class='ocrx_word' id='word_1_506' title='bbox 1679 875 1721 923; x_wconf 88' lang='grc' dir='ltr'><strong>δὴ</strong></span> <span class='ocrx_word' id='word_1_507' title='bbox 1740 875 1804 923; x_wconf 85' lang='grc' dir='ltr'><strong>τὴν</strong></span> <span class='ocrx_word' id='word_1_508' title='bbox 1821 876 1921 915; x_wconf 88' lang='grc' dir='ltr'>πόλιν</span> <span class='ocrx_word' id='word_1_509' title='bbox 1942 876 2188 929; x_wconf 87' lang='grc' dir='ltr'>κατασχόντες,</span> 
     </span>
     <span class='ocr_line' id='line_1_72' title="bbox 1161 933 2191 988; baseline -0.001 -13"><span class='ocrx_word' id='word_1_510' title='bbox 1161 934 1219 975; x_wconf 89' lang='grc' dir='ltr'><strong>τόν</strong></span> <span class='ocrx_word' id='word_1_511' title='bbox 1247 951 1286 975; x_wconf 92' lang='grc' dir='ltr'><strong>τε</strong></span> <span class='ocrx_word' id='word_1_512' title='bbox 1317 933 1517 988; x_wconf 85' lang='grc' dir='ltr'>Μάνδρωνα</span> <span class='ocrx_word' id='word_1_513' title='bbox 1542 933 1808 985; x_wconf 84' lang='grc' dir='ltr'>μετεπέμποντο</span> <span class='ocrx_word' id='word_1_514' title='bbox 1830 935 2098 987; x_wconf 72' lang='grc' dir='ltr'>συμὸασιλεύειν</span> <span class='ocrx_word' id='word_1_515' title='bbox 2120 941 2191 979; x_wconf 87' lang='grc' dir='ltr'>τοῖς</span> 
     </span>
     <span class='ocr_line' id='line_1_73' title="bbox 1161 993 2191 1050; baseline -0.001 -15"><span class='ocrx_word' id='word_1_516' title='bbox 1161 998 1246 1050; x_wconf 86' lang='grc' dir='ltr'>παρ’</span> <span class='ocrx_word' id='word_1_517' title='bbox 1264 997 1376 1034; x_wconf 77' lang='grc' dir='ltr'>αὐτῶν</span> <span class='ocrx_word' id='word_1_518' title='bbox 1397 994 1605 1039; x_wconf 87' lang='grc' dir='ltr'>κελεύοντες·</span> <span class='ocrx_word' id='word_1_519' title='bbox 1625 995 1685 1033; x_wconf 81' lang='grc' dir='ltr'><strong>καὶ</strong></span> <span class='ocrx_word' id='word_1_520' title='bbox 1707 993 1769 1042; x_wconf 83' lang='grc' dir='ltr'><strong>τὴν</strong></span> <span class='ocrx_word' id='word_1_521' title='bbox 1795 995 1999 1049; x_wconf 75' lang='grc' dir='ltr'>Λαμψάκην</span> <span class='ocrx_word' id='word_1_522' title='bbox 2022 995 2056 1041; x_wconf 82' lang='grc' dir='ltr'><strong>ἐξ</strong></span> <span class='ocrx_word' id='word_1_523' title='bbox 2079 998 2191 1050; x_wconf 80' lang='grc' dir='ltr'>ἀῤῥω-</span> 
     </span>
     <span class='ocr_line' id='line_1_74' title="bbox 1163 1052 2192 1108; baseline -0.001 -14"><span class='ocrx_word' id='word_1_524' title='bbox 1163 1055 1260 1099; x_wconf 88' lang='grc' dir='ltr'>στίας</span> <span class='ocrx_word' id='word_1_525' title='bbox 1275 1057 1532 1104; x_wconf 80' lang='grc' dir='ltr'>ἀποθανοῦσαν,</span> <span class='ocrx_word' id='word_1_526' title='bbox 1547 1053 1677 1107; x_wconf 87' lang='grc' dir='ltr'>ἔθαψαν</span> <span class='ocrx_word' id='word_1_527' title='bbox 1689 1055 1723 1092; x_wconf 85' lang='grc' dir='ltr'><strong>ἐν</strong></span> <span class='ocrx_word' id='word_1_528' title='bbox 1738 1056 1781 1106; x_wconf 81' lang='grc' dir='ltr'><strong>τῇ</strong></span> <span class='ocrx_word' id='word_1_529' title='bbox 1795 1052 1894 1092; x_wconf 90' lang='grc' dir='ltr'>πόλει</span> <span class='ocrx_word' id='word_1_530' title='bbox 1907 1056 2192 1108; x_wconf 83' lang='grc' dir='ltr'>μεγαλοπρεπῶς,</span> 
     </span>
     <span class='ocr_line' id='line_1_75' title="bbox 1165 1111 2190 1167; baseline -0.001 -14"><span class='ocrx_word' id='word_1_531' title='bbox 1165 1114 1224 1154; x_wconf 71' lang='grc' dir='ltr'><strong>καὶ</strong></span> <span class='ocrx_word' id='word_1_532' title='bbox 1242 1114 1306 1163; x_wconf 82' lang='grc' dir='ltr'><strong>τὴν</strong></span> <span class='ocrx_word' id='word_1_533' title='bbox 1325 1114 1427 1153; x_wconf 89' lang='grc' dir='ltr'>πόλιν</span> <span class='ocrx_word' id='word_1_534' title='bbox 1448 1113 1509 1151; x_wconf 82' lang='grc' dir='ltr'><strong>ἀπ’</strong></span> <span class='ocrx_word' id='word_1_535' title='bbox 1538 1113 1645 1159; x_wconf 72' lang='grc' dir='ltr'>αὐτῆς</span> <span class='ocrx_word' id='word_1_536' title='bbox 1667 1111 1866 1167; x_wconf 74' lang='grc' dir='ltr'>Λάμψακον</span> <span class='ocrx_word' id='word_1_537' title='bbox 1894 1113 2190 1167; x_wconf 87' lang='grc' dir='ltr'>προσηγόρευσαν.</span> 
     </span>
     <span class='ocr_line' id='line_1_76' title="bbox 1165 1171 2194 1225; baseline -0.002 -12"><span class='ocrx_word' id='word_1_538' title='bbox 1165 1173 1270 1213; x_wconf 83' lang='grc' dir='ltr'>Ἐπεὶ</span> <span class='ocrx_word' id='word_1_539' title='bbox 1301 1171 1338 1211; x_wconf 84' lang='grc' dir='ltr'><strong>δὲ</strong></span> <span class='ocrx_word' id='word_1_540' title='bbox 1359 1175 1378 1211; x_wconf 88' lang='lat'>6</span> <span class='ocrx_word' id='word_1_541' title='bbox 1394 1171 1582 1225; x_wconf 86' lang='grc' dir='ltr'>Μάνδρων,</span> <span class='ocrx_word' id='word_1_542' title='bbox 1601 1171 1787 1225; x_wconf 87' lang='grc' dir='ltr'>προδοσίας</span> <span class='ocrx_word' id='word_1_543' title='bbox 1812 1171 1963 1224; x_wconf 78' lang='grc' dir='ltr'>ὑποψίαν</span> <span class='ocrx_word' id='word_1_544' title='bbox 1988 1171 2135 1225; x_wconf 73' lang='grc' dir='ltr'>φεύγων,</span> <span class='ocrx_word' id='word_1_545' title='bbox 2154 1171 2194 1211; x_wconf 80' lang='grc' dir='ltr'><strong>τὸ</strong></span> 
     </span>
     <span class='ocr_line' id='line_1_77' title="bbox 1168 1229 2193 1284; baseline -0.002 -14"><span class='ocrx_word' id='word_1_546' title='bbox 1168 1232 1231 1284; x_wconf 80' lang='grc' dir='ltr'><strong>μὲν</strong></span> <span class='ocrx_word' id='word_1_547' title='bbox 1258 1233 1369 1271; x_wconf 85' lang='grc' dir='ltr'>οἰκεῖν</span> <span class='ocrx_word' id='word_1_548' title='bbox 1392 1230 1467 1282; x_wconf 86' lang='grc' dir='ltr'>μετ’</span> <span class='ocrx_word' id='word_1_549' title='bbox 1493 1232 1607 1269; x_wconf 78' lang='grc' dir='ltr'>αὐτῶν</span> <span class='ocrx_word' id='word_1_550' title='bbox 1640 1229 1884 1284; x_wconf 78' lang='grc' dir='ltr'>παρῃτήσατο,</span> <span class='ocrx_word' id='word_1_551' title='bbox 1913 1231 2041 1275; x_wconf 87' lang='grc' dir='ltr'>παῖδας</span> <span class='ocrx_word' id='word_1_552' title='bbox 2067 1231 2103 1269; x_wconf 78' lang='grc' dir='ltr'><strong>δὲ</strong></span> <span class='ocrx_word' id='word_1_553' title='bbox 2124 1234 2193 1269; x_wconf 83' lang='grc' dir='ltr'><strong>τῶν</strong></span> 
     </span>
     <span class='ocr_line' id='line_1_78' title="bbox 1165 1287 2195 1342; baseline -0.003 -13"><span class='ocrx_word' id='word_1_554' title='bbox 1165 1289 1380 1338; x_wconf 90' lang='grc' dir='ltr'>τεθνηκότων</span> <span class='ocrx_word' id='word_1_555' title='bbox 1391 1289 1452 1329; x_wconf 83' lang='grc' dir='ltr'><strong>καὶ</strong></span> <span class='ocrx_word' id='word_1_556' title='bbox 1463 1295 1632 1342; x_wconf 90' lang='grc' dir='ltr'>γυναῖκας</span> <span class='ocrx_word' id='word_1_557' title='bbox 1645 1288 1772 1336; x_wconf 82' lang='grc' dir='ltr'>ἠξίωσε</span> <span class='ocrx_word' id='word_1_558' title='bbox 1783 1287 2008 1339; x_wconf 89' lang='grc' dir='ltr'>κομίσασθαι·</span> <span class='ocrx_word' id='word_1_559' title='bbox 2018 1289 2195 1327; x_wconf 75' lang='grc' dir='ltr'>καὶταῦτα</span> 
     </span>
     <span class='ocr_line' id='line_1_79' title="bbox 1166 1346 2197 1403; baseline -0.002 -15"><span class='ocrx_word' id='word_1_560' title='bbox 1166 1349 1354 1403; x_wconf 87' lang='grc' dir='ltr'>προθύμως</span> <span class='ocrx_word' id='word_1_561' title='bbox 1372 1348 1469 1387; x_wconf 76' lang='grc' dir='ltr'>οὐδὲν</span> <span class='ocrx_word' id='word_1_562' title='bbox 1489 1347 1717 1396; x_wconf 82' lang='grc' dir='ltr'>ἀδικήσαντες</span> <span class='ocrx_word' id='word_1_563' title='bbox 1733 1346 1944 1400; x_wconf 80' lang='grc' dir='ltr'>ἐξέπεμψαν,</span> <span class='ocrx_word' id='word_1_564' title='bbox 1957 1347 2016 1386; x_wconf 87' lang='grc' dir='ltr'><strong>καὶ</strong></span> <span class='ocrx_word' id='word_1_565' title='bbox 2035 1350 2078 1400; x_wconf 82' lang='grc' dir='ltr'><strong>τῇ</strong></span> <span class='ocrx_word' id='word_1_566' title='bbox 2098 1350 2197 1399; x_wconf 80' lang='grc' dir='ltr'>Λαμ-</span> 
     </span>
     <span class='ocr_line' id='line_1_80' title="bbox 1168 1405 2196 1462; baseline -0.003 -16"><span class='ocrx_word' id='word_1_567' title='bbox 1168 1407 1266 1460; x_wconf 81' lang='grc' dir='ltr'>ψάκῃ</span> <span class='ocrx_word' id='word_1_568' title='bbox 1286 1406 1455 1462; x_wconf 87' lang='grc' dir='ltr'>πρότερον</span> <span class='ocrx_word' id='word_1_569' title='bbox 1478 1406 1633 1461; x_wconf 81' lang='grc' dir='ltr'>ἡρωϊκὰς</span> <span class='ocrx_word' id='word_1_570' title='bbox 1660 1405 1766 1458; x_wconf 82' lang='grc' dir='ltr'>τιμὰς</span> <span class='ocrx_word' id='word_1_571' title='bbox 1788 1405 2031 1458; x_wconf 80' lang='grc' dir='ltr'>ἀποδιδόντες,</span> <span class='ocrx_word' id='word_1_572' title='bbox 2054 1406 2196 1460; x_wconf 73' lang='grc' dir='ltr'>ὕστερον</span> 
     </span>
     <span class='ocr_line' id='line_1_81' title="bbox 1169 1465 2197 1521; baseline -0.003 -15"><span class='ocrx_word' id='word_1_573' title='bbox 1169 1469 1216 1511; x_wconf 82' lang='grc' dir='ltr'><strong>ὡς</strong></span> <span class='ocrx_word' id='word_1_574' title='bbox 1225 1470 1292 1521; x_wconf 84' lang='grc' dir='ltr'><strong>θεῷ</strong></span> <span class='ocrx_word' id='word_1_575' title='bbox 1303 1466 1394 1506; x_wconf 88' lang='grc' dir='ltr'>θύειν</span> <span class='ocrx_word' id='word_1_576' title='bbox 1402 1467 1629 1521; x_wconf 76' lang='grc' dir='ltr'>ἐψηφίσαντο·</span> <span class='ocrx_word' id='word_1_577' title='bbox 1642 1465 1700 1505; x_wconf 74' lang='grc' dir='ltr'><strong>καὶ</strong></span> <span class='ocrx_word' id='word_1_578' title='bbox 1714 1466 1930 1504; x_wconf 77' lang='grc' dir='ltr'>διατελοῦσιν</span> <span class='ocrx_word' id='word_1_579' title='bbox 1944 1465 2036 1505; x_wconf 76' lang='grc' dir='ltr'>οὕτω</span> <span class='ocrx_word' id='word_1_580' title='bbox 2054 1466 2197 1509; x_wconf 87' lang='grc' dir='ltr'>θύοντες.</span> 
     </span>
    </p>

    <p class='ocr_par' dir='ltr' id='par_1_11' title="bbox 1171 1526 2202 1695">
     <span class='ocr_line' id='line_1_82' title="bbox 1223 1526 2201 1577; baseline -0.002 -12"><span class='ocrx_word' id='word_1_581' title='bbox 1223 1530 1301 1565; x_wconf 84' lang='lat' dir='ltr'><strong>«Ex</strong></span> <span class='ocrx_word' id='word_1_582' title='bbox 1319 1527 1394 1565; x_wconf 89' lang='lat' dir='ltr'><strong>hoc</strong></span> <span class='ocrx_word' id='word_1_583' title='bbox 1404 1526 1590 1566; x_wconf 85' lang='lat' dir='ltr'><strong>Charonis</strong></span> <span class='ocrx_word' id='word_1_584' title='bbox 1604 1526 1749 1576; x_wconf 87' lang='lat' dir='ltr'><strong>scripto</strong></span> <span class='ocrx_word' id='word_1_585' title='bbox 1761 1526 1880 1563; x_wconf 89' lang='lat' dir='ltr'><strong>multa</strong></span> <span class='ocrx_word' id='word_1_586' title='bbox 1892 1526 2045 1563; x_wconf 86' lang='lat' dir='ltr'><strong>fluxisse</strong></span> <span class='ocrx_word' id='word_1_587' title='bbox 2061 1526 2201 1577; x_wconf 83' lang='lat' dir='ltr'><strong>proba-</strong></span> 
     </span>
     <span class='ocr_line' id='line_1_83' title="bbox 1171 1584 2199 1636; baseline -0.001 -13"><span class='ocrx_word' id='word_1_588' title='bbox 1171 1585 1248 1623; x_wconf 82' lang='lat' dir='ltr'><strong>bile</strong></span> <span class='ocrx_word' id='word_1_589' title='bbox 1266 1594 1335 1633; x_wconf 88' lang='lat' dir='ltr'><strong>est‚</strong></span> <span class='ocrx_word' id='word_1_590' title='bbox 1357 1599 1443 1636; x_wconf 80' lang='lat' dir='ltr'><strong>quae</strong></span> <span class='ocrx_word' id='word_1_591' title='bbox 1462 1585 1602 1636; x_wconf 87' lang='lat' dir='ltr'><strong>passim</strong></span> <span class='ocrx_word' id='word_1_592' title='bbox 1637 1584 1817 1635; x_wconf 84' lang='lat' dir='ltr'><strong>leguntur</strong></span> <span class='ocrx_word' id='word_1_593' title='bbox 1839 1584 1887 1621; x_wconf 84' lang='lat' dir='ltr'><strong>de</strong></span> <span class='ocrx_word' id='word_1_594' title='bbox 1908 1584 2199 1635; x_wconf 81' lang='lat' dir='ltr'><strong>antiquitatibus</strong></span> 
     </span>
     <span class='ocr_line' id='line_1_84' title="bbox 1172 1643 2202 1695; baseline -0.001 -13"><span class='ocrx_word' id='word_1_595' title='bbox 1172 1645 1457 1695; x_wconf 85' lang='lat' dir='ltr'><strong>Lampsacenis‚</strong></span> <span class='ocrx_word' id='word_1_596' title='bbox 1472 1653 1515 1681; x_wconf 90' lang='lat' dir='ltr'><strong>ut</strong></span> <span class='ocrx_word' id='word_1_597' title='bbox 1529 1658 1590 1695; x_wconf 87' lang='lat' dir='ltr'><strong>ap.</strong></span> <span class='ocrx_word' id='word_1_598' title='bbox 1606 1643 1781 1694; x_wconf 89' lang='lat' dir='ltr'><strong>Thucyd.</strong></span> <span class='ocrx_word' id='word_1_599' title='bbox 1800 1647 1866 1688; x_wconf 88' lang='lat' dir='ltr'><strong>VI,</strong></span> <span class='ocrx_word' id='word_1_600' title='bbox 1879 1644 1940 1693; x_wconf 87' lang='lat'><strong>59,</strong></span> <span class='ocrx_word' id='word_1_601' title='bbox 1964 1644 2120 1681; x_wconf 81' lang='lat' dir='ltr'><strong>Aristot.</strong></span> <span class='ocrx_word' id='word_1_602' title='bbox 2138 1644 2202 1681; x_wconf 83' lang='lat' dir='ltr'><strong>Mi-</strong></span> 
     </span>
    </p>
   </div>
   <div class='ocr_carea' id='block_1_10' title="bbox 1172 1703 2199 1791">
    <p class='ocr_par' dir='ltr' id='par_1_12' title="bbox 1172 1703 2199 1791">
     <span class='ocr_line' id='line_1_85' title="bbox 1172 1703 2199 1791; baseline -0.001 -51"><span class='ocrx_word' id='word_1_603' title='bbox 1172 1703 1252 1741; x_wconf 84' lang='lat' dir='ltr'><strong>rab.</strong></span> <span class='ocrx_word' id='word_1_604' title='bbox 1267 1703 1426 1741; x_wconf 86' lang='lat' dir='ltr'><strong>auscult.</strong></span> <span class='ocrx_word' id='word_1_605' title='bbox 1451 1716 1482 1740; x_wconf 88' lang='lat' dir='ltr'><strong>c.</strong></span> <span class='ocrx_word' id='word_1_606' title='bbox 1500 1703 1812 1791; x_wconf 73' lang='lat' dir='ltr'><strong>137,D&#39;107genem</strong></span> <span class='ocrx_word' id='word_1_607' title='bbox 1825 1705 1954 1740; x_wconf 88' lang='lat' dir='ltr'><strong>Laert.</strong></span> <span class='ocrx_word' id='word_1_608' title='bbox 1973 1706 2023 1749; x_wconf 86' lang='grc' dir='ltr'><strong>ΙΙ,</strong></span> <span class='ocrx_word' id='word_1_609' title='bbox 2046 1717 2059 1739; x_wconf 91' lang='lat'><strong>1</strong></span> <span class='ocrx_word' id='word_1_610' title='bbox 2072 1717 2124 1739; x_wconf 83' lang='lat'><strong>1.»</strong></span> <span class='ocrx_word' id='word_1_611' title='bbox 2134 1706 2199 1740; x_wconf 74' lang='lat' dir='ltr'><strong>Cn.</strong></span> 
     </span>
    </p>
   </div>
   <div class='ocr_carea' id='block_1_11' title="bbox 1174 1807 2204 2272">
    <p class='ocr_par' dir='ltr' id='par_1_13' title="bbox 1174 1807 2204 2272">
     <span class='ocr_line' id='line_1_86' title="bbox 1227 1807 2201 1861; baseline -0.001 -14"><span class='ocrx_word' id='word_1_612' title='bbox 1227 1811 1347 1848; x_wconf 81' lang='lat' dir='ltr'><em>Schol.</em></span> <span class='ocrx_word' id='word_1_613' title='bbox 1378 1812 1558 1859; x_wconf 80' lang='lat' dir='ltr'><strong>Apollon.</strong></span> <span class='ocrx_word' id='word_1_614' title='bbox 1578 1812 1635 1855; x_wconf 87' lang='grc' dir='ltr'><strong>ΙΙ,</strong></span> <span class='ocrx_word' id='word_1_615' title='bbox 1665 1822 1685 1845; x_wconf 91' lang='lat'><strong>2</strong></span> <span class='ocrx_word' id='word_1_616' title='bbox 1703 1822 1711 1844; x_wconf 73' lang='grc' dir='ltr'>ι</span> <span class='ocrx_word' id='word_1_617' title='bbox 1729 1807 1859 1861; x_wconf 85' lang='grc' dir='ltr'>Χάρων</span> <span class='ocrx_word' id='word_1_618' title='bbox 1885 1807 1922 1846; x_wconf 83' lang='grc' dir='ltr'><strong>δὲ</strong></span> <span class='ocrx_word' id='word_1_619' title='bbox 1950 1808 2035 1861; x_wconf 83' lang='grc' dir='ltr'>φησὶ</span> <span class='ocrx_word' id='word_1_620' title='bbox 2060 1808 2120 1846; x_wconf 83' lang='grc' dir='ltr'><strong>καὶ</strong></span> <span class='ocrx_word' id='word_1_621' title='bbox 2139 1807 2201 1855; x_wconf 84' lang='grc' dir='ltr'><strong>τὴν</strong></span> 
     </span>
     <span class='ocr_line' id='line_1_87' title="bbox 1175 1866 2204 1921; baseline -0.002 -14"><span class='ocrx_word' id='word_1_622' title='bbox 1175 1869 1435 1921; x_wconf 87' lang='grc' dir='ltr'>Λαμψακηνῶν</span> <span class='ocrx_word' id='word_1_623' title='bbox 1468 1867 1588 1921; x_wconf 81' lang='grc' dir='ltr'>χώραν</span> <span class='ocrx_word' id='word_1_624' title='bbox 1607 1866 1773 1921; x_wconf 89' lang='grc' dir='ltr'>πρότερον</span> <span class='ocrx_word' id='word_1_625' title='bbox 1794 1867 1988 1920; x_wconf 73' lang='grc' dir='ltr'>Βεὸρυκίαν</span> <span class='ocrx_word' id='word_1_626' title='bbox 2021 1868 2204 1906; x_wconf 84' lang='grc' dir='ltr'>καλεῖσθα.</span> 
     </span>
     <span class='ocr_line' id='line_1_88' title="bbox 1174 1925 2204 1980; baseline -0.002 -14"><span class='ocrx_word' id='word_1_627' title='bbox 1174 1926 1244 1966; x_wconf 83' lang='grc' dir='ltr'><strong>ἀπὸ</strong></span> <span class='ocrx_word' id='word_1_628' title='bbox 1264 1930 1334 1966; x_wconf 87' lang='grc' dir='ltr'><strong>τῶν</strong></span> <span class='ocrx_word' id='word_1_629' title='bbox 1355 1926 1641 1974; x_wconf 84' lang='grc' dir='ltr'>κατοικησάντων</span> <span class='ocrx_word' id='word_1_630' title='bbox 1656 1925 1764 1974; x_wconf 81' lang='grc' dir='ltr'>αὐτὴν</span> <span class='ocrx_word' id='word_1_631' title='bbox 1783 1925 1983 1980; x_wconf 74' lang='grc' dir='ltr'>Βεὸρύκων,</span> <span class='ocrx_word' id='word_1_632' title='bbox 2002 1926 2042 1965; x_wconf 86' lang='grc' dir='ltr'><strong>τὸ</strong></span> <span class='ocrx_word' id='word_1_633' title='bbox 2060 1925 2096 1964; x_wconf 80' lang='grc' dir='ltr'><strong>δὲ</strong></span> <span class='ocrx_word' id='word_1_634' title='bbox 2109 1925 2204 1977; x_wconf 85' lang='grc' dir='ltr'>γένος</span> 
     </span>
     <span class='ocr_line' id='line_1_89' title="bbox 1175 1984 2203 2041; baseline -0.003 -16"><span class='ocrx_word' id='word_1_635' title='bbox 1175 1988 1290 2025; x_wconf 78' lang='grc' dir='ltr'>αὐτῶν</span> <span class='ocrx_word' id='word_1_636' title='bbox 1309 1985 1500 2041; x_wconf 85' lang='grc' dir='ltr'>ἠφάνισται</span> <span class='ocrx_word' id='word_1_637' title='bbox 1519 1984 1575 2023; x_wconf 80' lang='grc' dir='ltr'><strong>διὰ</strong></span> <span class='ocrx_word' id='word_1_638' title='bbox 1587 1985 1666 2029; x_wconf 78' lang='grc' dir='ltr'>τοὺς</span> <span class='ocrx_word' id='word_1_639' title='bbox 1681 1984 1885 2037; x_wconf 85' lang='grc' dir='ltr'>γενομένους</span> <span class='ocrx_word' id='word_1_640' title='bbox 1894 1985 2081 2037; x_wconf 84' lang='grc' dir='ltr'>πολέμους.</span> <span class='ocrx_word' id='word_1_641' title='bbox 2098 2003 2113 2019; x_wconf 86' lang='lat'>«</span> <span class='ocrx_word' id='word_1_642' title='bbox 2129 1986 2203 2024; x_wconf 87' lang='lat' dir='ltr'><strong>Sed</strong></span> 
     </span>
     <span class='ocr_line' id='line_1_90' title="bbox 1175 2043 2203 2096; baseline -0.001 -14"><span class='ocrx_word' id='word_1_643' title='bbox 1175 2044 1344 2084; x_wconf 86' lang='lat' dir='ltr'><strong>dubitari</strong></span> <span class='ocrx_word' id='word_1_644' title='bbox 1368 2053 1503 2095; x_wconf 86' lang='lat' dir='ltr'><strong>potest,</strong></span> <span class='ocrx_word' id='word_1_645' title='bbox 1526 2053 1656 2082; x_wconf 81' lang='lat' dir='ltr'><strong>utrum</strong></span> <span class='ocrx_word' id='word_1_646' title='bbox 1682 2045 1788 2096; x_wconf 89' lang='lat' dir='ltr'><strong>quod</strong></span> <span class='ocrx_word' id='word_1_647' title='bbox 1817 2045 2048 2083; x_wconf 71' lang='lat' dir='ltr'><strong>Scholiastes</strong></span> <span class='ocrx_word' id='word_1_648' title='bbox 2075 2043 2203 2090; x_wconf 81' lang='lat' dir='ltr'><strong>habet,</strong></span> 
     </span>
     <span class='ocr_line' id='line_1_91' title="bbox 1175 2101 2204 2157; baseline -0.002 -16"><span class='ocrx_word' id='word_1_649' title='bbox 1175 2102 1330 2141; x_wconf 87' lang='lat' dir='ltr'><strong>fluxerit</strong></span> <span class='ocrx_word' id='word_1_650' title='bbox 1347 2117 1367 2141; x_wconf 91' lang='lat' dir='ltr'><strong>e</strong></span> <span class='ocrx_word' id='word_1_651' title='bbox 1381 2104 1526 2154; x_wconf 87' lang='lat' dir='ltr'><strong>scripto</strong></span> <span class='ocrx_word' id='word_1_652' title='bbox 1539 2101 1620 2157; x_wconf 84' lang='grc' dir='ltr'>περὶ</span> <span class='ocrx_word' id='word_1_653' title='bbox 1640 2104 1855 2155; x_wconf 86' lang='grc' dir='ltr'>Λαμψάκου,</span> <span class='ocrx_word' id='word_1_654' title='bbox 1875 2117 1923 2140; x_wconf 87' lang='lat' dir='ltr'><strong>an</strong></span> <span class='ocrx_word' id='word_1_655' title='bbox 1938 2117 1985 2141; x_wconf 88' lang='lat' dir='ltr'><strong>ex</strong></span> <span class='ocrx_word' id='word_1_656' title='bbox 1998 2101 2089 2155; x_wconf 78' lang='grc' dir='ltr'>ὅροις</span> <span class='ocrx_word' id='word_1_657' title='bbox 2106 2104 2204 2152; x_wconf 86' lang='grc' dir='ltr'>Λαμ-</span> 
     </span>
     <span class='ocr_line' id='line_1_92' title="bbox 1176 2161 2204 2215; baseline -0.003 -15"><span class='ocrx_word' id='word_1_658' title='bbox 1176 2164 1358 2215; x_wconf 87' lang='grc' dir='ltr'>ψακηνῶν,</span> <span class='ocrx_word' id='word_1_659' title='bbox 1377 2175 1475 2213; x_wconf 88' lang='lat' dir='ltr'><strong>quos</strong></span> <span class='ocrx_word' id='word_1_660' title='bbox 1499 2171 1692 2213; x_wconf 85' lang='lat' dir='ltr'><strong>tamquam</strong></span> <span class='ocrx_word' id='word_1_661' title='bbox 1728 2163 1842 2213; x_wconf 86' lang='lat' dir='ltr'><strong>plane</strong></span> <span class='ocrx_word' id='word_1_662' title='bbox 1869 2162 2039 2200; x_wconf 83' lang='lat' dir='ltr'><strong>diversos</strong></span> <span class='ocrx_word' id='word_1_663' title='bbox 2067 2161 2114 2199; x_wconf 85' lang='lat' dir='ltr'><strong>ab</strong></span> <span class='ocrx_word' id='word_1_664' title='bbox 2139 2162 2204 2198; x_wconf 88' lang='lat' dir='ltr'><strong>illo</strong></span> 
     </span>
     <span class='ocr_line' id='line_1_93' title="bbox 1179 2220 1895 2272; baseline 0.001 -15"><span class='ocrx_word' id='word_1_665' title='bbox 1179 2221 1301 2258; x_wconf 88' lang='lat' dir='ltr'><strong>altero</strong></span> <span class='ocrx_word' id='word_1_666' title='bbox 1316 2234 1436 2271; x_wconf 85' lang='lat' dir='ltr'><strong>opere</strong></span> <span class='ocrx_word' id='word_1_667' title='bbox 1452 2220 1621 2272; x_wconf 84' lang='lat' dir='ltr'><strong>sejunxit</strong></span> <span class='ocrx_word' id='word_1_668' title='bbox 1639 2220 1786 2259; x_wconf 88' lang='lat' dir='ltr'><strong>Suidas.</strong></span> <span class='ocrx_word' id='word_1_669' title='bbox 1797 2238 1812 2255; x_wconf 79' lang='grc'>»</span> <span class='ocrx_word' id='word_1_670' title='bbox 1827 2223 1895 2259; x_wconf 74' lang='lat' dir='ltr'><strong>Cn.</strong></span> 
     </span>
    </p>
   </div>
   <div class='ocr_carea' id='block_1_12' title="bbox 1173 2329 2206 3305">
    <p class='ocr_par' dir='ltr' id='par_1_14' title="bbox 1173 2329 2206 3211">
     <span class='ocr_line' id='line_1_94' title="bbox 1173 2329 2203 2367; baseline -0.004 -4"><span class='ocrx_word' id='word_1_671' title='bbox 1173 2338 1192 2363; x_wconf 87' lang='lat' dir='ltr'><strong>a</strong></span> <span class='ocrx_word' id='word_1_672' title='bbox 1206 2330 1350 2363; x_wconf 83' lang='lat' dir='ltr'><strong>facinore</strong></span> <span class='ocrx_word' id='word_1_673' title='bbox 1374 2330 1437 2362; x_wconf 90' lang='lat' dir='ltr'><strong>hoc</strong></span> <span class='ocrx_word' id='word_1_674' title='bbox 1455 2330 1579 2362; x_wconf 85' lang='lat' dir='ltr'><strong>amicos</strong></span> <span class='ocrx_word' id='word_1_675' title='bbox 1601 2331 1634 2362; x_wconf 88' lang='lat' dir='ltr'><strong>et</strong></span> <span class='ocrx_word' id='word_1_676' title='bbox 1656 2330 1855 2362; x_wconf 88' lang='lat' dir='ltr'><strong>domesticos</strong></span> <span class='ocrx_word' id='word_1_677' title='bbox 1880 2332 2023 2361; x_wconf 82' lang='lat' dir='ltr'><strong>avertere</strong></span> <span class='ocrx_word' id='word_1_678' title='bbox 2041 2329 2136 2360; x_wconf 85' lang='lat' dir='ltr'><strong>dictis</strong></span> <span class='ocrx_word' id='word_1_679' title='bbox 2155 2337 2203 2367; x_wconf 83' lang='lat' dir='ltr'><strong>ag-</strong></span> 
     </span>
     <span class='ocr_line' id='line_1_95' title="bbox 1174 2377 2203 2418; baseline -0.004 -8"><span class='ocrx_word' id='word_1_680' title='bbox 1174 2386 1285 2418; x_wconf 88' lang='lat' dir='ltr'><strong>gressa</strong></span> <span class='ocrx_word' id='word_1_681' title='bbox 1300 2379 1361 2417; x_wconf 89' lang='lat' dir='ltr'><strong>est,</strong></span> <span class='ocrx_word' id='word_1_682' title='bbox 1386 2377 1517 2418; x_wconf 83' lang='lat' dir='ltr'><strong>impiam</strong></span> <span class='ocrx_word' id='word_1_683' title='bbox 1534 2377 1654 2410; x_wconf 86' lang='lat' dir='ltr'><strong>docens</strong></span> <span class='ocrx_word' id='word_1_684' title='bbox 1670 2386 1725 2410; x_wconf 90' lang='lat' dir='ltr'><strong>eos</strong></span> <span class='ocrx_word' id='word_1_685' title='bbox 1742 2386 1810 2409; x_wconf 88' lang='lat' dir='ltr'><strong>rem</strong></span> <span class='ocrx_word' id='word_1_686' title='bbox 1826 2378 1858 2409; x_wconf 89' lang='lat' dir='ltr'><strong>et</strong></span> <span class='ocrx_word' id='word_1_687' title='bbox 1876 2378 2017 2409; x_wconf 84' lang='lat' dir='ltr'><strong>atrocem</strong></span> <span class='ocrx_word' id='word_1_688' title='bbox 2048 2378 2203 2416; x_wconf 78' lang='lat' dir='ltr'><strong>perpetra-</strong></span> 
     </span>
     <span class='ocr_line' id='line_1_96' title="bbox 1174 2422 2201 2465; baseline -0.003 -10"><span class='ocrx_word' id='word_1_689' title='bbox 1174 2426 1265 2456; x_wconf 90' lang='lat' dir='ltr'><strong>turos</strong></span> <span class='ocrx_word' id='word_1_690' title='bbox 1278 2449 1288 2465; x_wconf 86' lang='lat'><strong>,</strong></span> <span class='ocrx_word' id='word_1_691' title='bbox 1308 2425 1336 2456; x_wconf 91' lang='lat' dir='ltr'><strong>si</strong></span> <span class='ocrx_word' id='word_1_692' title='bbox 1353 2424 1597 2465; x_wconf 83' lang='lat' dir='ltr'><strong>benefactores,</strong></span> <span class='ocrx_word' id='word_1_693' title='bbox 1627 2426 1659 2456; x_wconf 89' lang='lat' dir='ltr'><strong>et</strong></span> <span class='ocrx_word' id='word_1_694' title='bbox 1680 2433 1820 2465; x_wconf 88' lang='lat' dir='ltr'><strong>quorum</strong></span> <span class='ocrx_word' id='word_1_695' title='bbox 1845 2423 1975 2455; x_wconf 78' lang='lat' dir='ltr'><strong>auxiliis</strong></span> <span class='ocrx_word' id='word_1_696' title='bbox 1994 2423 2026 2454; x_wconf 92' lang='lat' dir='ltr'><strong>in</strong></span> <span class='ocrx_word' id='word_1_697' title='bbox 2049 2422 2132 2453; x_wconf 88' lang='lat' dir='ltr'><strong>bello</strong></span> <span class='ocrx_word' id='word_1_698' title='bbox 2151 2422 2201 2453; x_wconf 86' lang='lat' dir='ltr'><strong>usi</strong></span> 
     </span>
     <span class='ocr_line' id='line_1_97' title="bbox 1175 2470 2201 2512; baseline -0.005 -9"><span class='ocrx_word' id='word_1_699' title='bbox 1175 2474 1301 2511; x_wconf 86' lang='lat' dir='ltr'><strong>essent,</strong></span> <span class='ocrx_word' id='word_1_700' title='bbox 1325 2480 1446 2512; x_wconf 90' lang='lat' dir='ltr'><strong>eosque</strong></span> <span class='ocrx_word' id='word_1_701' title='bbox 1456 2472 1522 2512; x_wconf 87' lang='lat' dir='ltr'><strong>jam</strong></span> <span class='ocrx_word' id='word_1_702' title='bbox 1539 2471 1644 2511; x_wconf 87' lang='lat' dir='ltr'><strong>cives,</strong></span> <span class='ocrx_word' id='word_1_703' title='bbox 1668 2470 1892 2503; x_wconf 79' lang='lat' dir='ltr'><strong>interficerent.</strong></span> <span class='ocrx_word' id='word_1_704' title='bbox 1918 2470 1979 2502; x_wconf 87' lang='lat' dir='ltr'><strong>Ubi</strong></span> <span class='ocrx_word' id='word_1_705' title='bbox 1996 2478 2061 2500; x_wconf 92' lang='lat' dir='ltr'><strong>non</strong></span> <span class='ocrx_word' id='word_1_706' title='bbox 2078 2477 2201 2509; x_wconf 85' lang='lat' dir='ltr'><strong>persua-</strong></span> 
     </span>
     <span class='ocr_line' id='line_1_98' title="bbox 1174 2515 2202 2559; baseline -0.005 -9"><span class='ocrx_word' id='word_1_707' title='bbox 1174 2518 1236 2559; x_wconf 86' lang='lat' dir='ltr'><strong>sit,</strong></span> <span class='ocrx_word' id='word_1_708' title='bbox 1254 2518 1379 2550; x_wconf 87' lang='lat' dir='ltr'><strong>occulte</strong></span> <span class='ocrx_word' id='word_1_709' title='bbox 1396 2518 1519 2550; x_wconf 83' lang='lat' dir='ltr'><strong>Graecis</strong></span> <span class='ocrx_word' id='word_1_710' title='bbox 1540 2518 1620 2559; x_wconf 86' lang='lat' dir='ltr'><strong>quid</strong></span> <span class='ocrx_word' id='word_1_711' title='bbox 1636 2519 1783 2559; x_wconf 86' lang='lat' dir='ltr'><strong>ageretur</strong></span> <span class='ocrx_word' id='word_1_712' title='bbox 1799 2517 1944 2556; x_wconf 87' lang='lat' dir='ltr'><strong>detexit,</strong></span> <span class='ocrx_word' id='word_1_713' title='bbox 1964 2518 2063 2556; x_wconf 88' lang='lat' dir='ltr'><strong>utque</strong></span> <span class='ocrx_word' id='word_1_714' title='bbox 2077 2515 2137 2546; x_wconf 91' lang='lat' dir='ltr'><strong>sibi</strong></span> <span class='ocrx_word' id='word_1_715' title='bbox 2153 2524 2202 2546; x_wconf 83' lang='lat' dir='ltr'><strong>ca-</strong></span> 
     </span>
     <span class='ocr_line' id='line_1_99' title="bbox 1173 2561 2203 2605; baseline -0.005 -8"><span class='ocrx_word' id='word_1_716' title='bbox 1173 2567 1286 2598; x_wconf 86' lang='lat' dir='ltr'><strong>verent</strong></span> <span class='ocrx_word' id='word_1_717' title='bbox 1292 2566 1430 2597; x_wconf 85' lang='lat' dir='ltr'><strong>monuit.</strong></span> <span class='ocrx_word' id='word_1_718' title='bbox 1445 2566 1669 2605; x_wconf 82' lang='lat' dir='ltr'><strong>Phocaeenses,</strong></span> <span class='ocrx_word' id='word_1_719' title='bbox 1691 2564 1847 2597; x_wconf 86' lang='lat' dir='ltr'><strong>sacrificio</strong></span> <span class='ocrx_word' id='word_1_720' title='bbox 1859 2564 1999 2604; x_wconf 83' lang='lat' dir='ltr'><strong>quodam</strong></span> <span class='ocrx_word' id='word_1_721' title='bbox 2014 2565 2045 2594; x_wconf 89' lang='lat' dir='ltr'><strong>et</strong></span> <span class='ocrx_word' id='word_1_722' title='bbox 2054 2561 2203 2593; x_wconf 87' lang='lat' dir='ltr'><strong>convivio</strong></span> 
     </span>
     <span class='ocr_line' id='line_1_100' title="bbox 1175 2607 2201 2654; baseline -0.007 -9"><span class='ocrx_word' id='word_1_723' title='bbox 1175 2614 1341 2654; x_wconf 82' lang='lat' dir='ltr'><strong>apparato,</strong></span> <span class='ocrx_word' id='word_1_724' title='bbox 1357 2612 1602 2653; x_wconf 81' lang='lat' dir='ltr'><strong>Pityoessenses</strong></span> <span class='ocrx_word' id='word_1_725' title='bbox 1618 2612 1651 2644; x_wconf 87' lang='lat' dir='ltr'><strong>in</strong></span> <span class='ocrx_word' id='word_1_726' title='bbox 1679 2611 1871 2644; x_wconf 91' lang='lat' dir='ltr'><strong>suburbium</strong></span> <span class='ocrx_word' id='word_1_727' title='bbox 1886 2617 2077 2642; x_wconf 83' lang='lat' dir='ltr'><strong>evocavere:</strong></span> <span class='ocrx_word' id='word_1_728' title='bbox 2092 2607 2153 2648; x_wconf 90' lang='lat' dir='ltr'><strong>ipsi</strong></span> <span class='ocrx_word' id='word_1_729' title='bbox 2169 2608 2201 2639; x_wconf 88' lang='lat' dir='ltr'><strong>in</strong></span> 
     </span>
     <span class='ocr_line' id='line_1_101' title="bbox 1174 2654 2204 2700; baseline -0.008 -8"><span class='ocrx_word' id='word_1_730' title='bbox 1174 2660 1241 2692; x_wconf 89' lang='lat' dir='ltr'><strong>duo</strong></span> <span class='ocrx_word' id='word_1_731' title='bbox 1257 2659 1354 2692; x_wconf 85' lang='lat' dir='ltr'><strong>divisi</strong></span> <span class='ocrx_word' id='word_1_732' title='bbox 1370 2659 1510 2700; x_wconf 87' lang='lat' dir='ltr'><strong>agmina,</strong></span> <span class='ocrx_word' id='word_1_733' title='bbox 1523 2659 1624 2691; x_wconf 88' lang='lat' dir='ltr'><strong>altero</strong></span> <span class='ocrx_word' id='word_1_734' title='bbox 1638 2658 1750 2691; x_wconf 88' lang='lat' dir='ltr'><strong>urbem</strong></span> <span class='ocrx_word' id='word_1_735' title='bbox 1767 2657 1976 2698; x_wconf 82' lang='lat' dir='ltr'><strong>occuparunt,</strong></span> <span class='ocrx_word' id='word_1_736' title='bbox 1991 2655 2089 2686; x_wconf 86' lang='lat' dir='ltr'><strong>altero</strong></span> <span class='ocrx_word' id='word_1_737' title='bbox 2105 2654 2204 2685; x_wconf 84' lang='lat' dir='ltr'><strong>homi-</strong></span> 
     </span>
     <span class='ocr_line' id='line_1_102' title="bbox 1175 2702 2201 2746; baseline -0.008 -8"><span class='ocrx_word' id='word_1_738' title='bbox 1175 2715 1234 2738; x_wconf 91' lang='lat' dir='ltr'><strong>nes</strong></span> <span class='ocrx_word' id='word_1_739' title='bbox 1248 2706 1506 2738; x_wconf 79' lang='lat' dir='ltr'><strong>trucidaverunt.</strong></span> <span class='ocrx_word' id='word_1_740' title='bbox 1515 2705 1568 2737; x_wconf 90' lang='lat' dir='ltr'><strong>Sic</strong></span> <span class='ocrx_word' id='word_1_741' title='bbox 1581 2704 1658 2736; x_wconf 86' lang='lat' dir='ltr'><strong>urbe</strong></span> <span class='ocrx_word' id='word_1_742' title='bbox 1668 2704 1773 2746; x_wconf 84' lang='lat' dir='ltr'><strong>potiti,</strong></span> <span class='ocrx_word' id='word_1_743' title='bbox 1782 2703 1990 2735; x_wconf 86' lang='lat' dir='ltr'><strong>Mandronem</strong></span> <span class='ocrx_word' id='word_1_744' title='bbox 2004 2702 2201 2738; x_wconf 88' lang='lat' dir='ltr'><strong>acciverunt,</strong></span> 
     </span>
     <span class='ocr_line' id='line_1_103' title="bbox 1178 2749 2201 2794; baseline -0.006 -9"><span class='ocrx_word' id='word_1_745' title='bbox 1178 2755 1214 2785; x_wconf 89' lang='lat' dir='ltr'><strong>ut</strong></span> <span class='ocrx_word' id='word_1_746' title='bbox 1225 2762 1301 2785; x_wconf 88' lang='lat' dir='ltr'><strong>cum</strong></span> <span class='ocrx_word' id='word_1_747' title='bbox 1317 2753 1368 2793; x_wconf 90' lang='lat' dir='ltr'><strong>iis,</strong></span> <span class='ocrx_word' id='word_1_748' title='bbox 1380 2761 1464 2794; x_wconf 89' lang='lat' dir='ltr'><strong>quos</strong></span> <span class='ocrx_word' id='word_1_749' title='bbox 1478 2752 1541 2793; x_wconf 91' lang='lat' dir='ltr'><strong>ipsi</strong></span> <span class='ocrx_word' id='word_1_750' title='bbox 1553 2751 1790 2786; x_wconf 85' lang='lat' dir='ltr'><strong>constituerint,</strong></span> <span class='ocrx_word' id='word_1_751' title='bbox 1802 2758 1865 2781; x_wconf 88' lang='lat' dir='ltr'><strong>una</strong></span> <span class='ocrx_word' id='word_1_752' title='bbox 1875 2749 2036 2789; x_wconf 85' lang='lat' dir='ltr'><strong>regnaret:</strong></span> <span class='ocrx_word' id='word_1_753' title='bbox 2050 2749 2201 2788; x_wconf 86' lang='lat' dir='ltr'><strong>Lampsa-</strong></span> 
     </span>
     <span class='ocr_line' id='line_1_104' title="bbox 1176 2793 2202 2841; baseline -0.008 -8"><span class='ocrx_word' id='word_1_754' title='bbox 1176 2809 1311 2841; x_wconf 89' lang='lat' dir='ltr'><strong>cenque‚</strong></span> <span class='ocrx_word' id='word_1_755' title='bbox 1328 2808 1405 2832; x_wconf 89' lang='lat' dir='ltr'><strong>cum</strong></span> <span class='ocrx_word' id='word_1_756' title='bbox 1415 2808 1498 2832; x_wconf 85' lang='lat' dir='ltr'><strong>eaex</strong></span> <span class='ocrx_word' id='word_1_757' title='bbox 1506 2798 1726 2830; x_wconf 88' lang='lat' dir='ltr'><strong>invaletudine</strong></span> <span class='ocrx_word' id='word_1_758' title='bbox 1741 2799 1869 2828; x_wconf 86' lang='lat' dir='ltr'><strong>mortua</strong></span> <span class='ocrx_word' id='word_1_759' title='bbox 1877 2797 1973 2834; x_wconf 86' lang='lat' dir='ltr'><strong>esset,</strong></span> <span class='ocrx_word' id='word_1_760' title='bbox 1988 2793 2155 2835; x_wconf 84' lang='lat' dir='ltr'><strong>magnifice</strong></span> <span class='ocrx_word' id='word_1_761' title='bbox 2168 2794 2202 2825; x_wconf 92' lang='lat' dir='ltr'><strong>in</strong></span> 
     </span>
     <span class='ocr_line' id='line_1_105' title="bbox 1176 2840 2202 2887; baseline -0.007 -8"><span class='ocrx_word' id='word_1_762' title='bbox 1176 2847 1257 2879; x_wconf 87' lang='lat' dir='ltr'><strong>urbe</strong></span> <span class='ocrx_word' id='word_1_763' title='bbox 1272 2846 1502 2887; x_wconf 88' lang='lat' dir='ltr'><strong>sepeliverunt,</strong></span> <span class='ocrx_word' id='word_1_764' title='bbox 1511 2844 1562 2877; x_wconf 91' lang='lat' dir='ltr'><strong>cui</strong></span> <span class='ocrx_word' id='word_1_765' title='bbox 1577 2847 1609 2876; x_wconf 91' lang='lat' dir='ltr'><strong>et</strong></span> <span class='ocrx_word' id='word_1_766' title='bbox 1615 2844 1655 2876; x_wconf 90' lang='lat' dir='ltr'><strong>ab</strong></span> <span class='ocrx_word' id='word_1_767' title='bbox 1665 2844 1734 2884; x_wconf 76' lang='lat' dir='ltr'><strong>eJ’us</strong></span> <span class='ocrx_word' id='word_1_768' title='bbox 1750 2842 1882 2874; x_wconf 89' lang='lat' dir='ltr'><strong>nomine</strong></span> <span class='ocrx_word' id='word_1_769' title='bbox 1896 2840 2068 2882; x_wconf 84' lang='lat' dir='ltr'><strong>Lampsaci</strong></span> <span class='ocrx_word' id='word_1_770' title='bbox 2084 2849 2202 2873; x_wconf 87' lang='lat' dir='ltr'><strong>nomen</strong></span> 
     </span>
     <span class='ocr_line' id='line_1_106' title="bbox 1176 2887 2203 2934; baseline -0.007 -9"><span class='ocrx_word' id='word_1_771' title='bbox 1176 2893 1412 2934; x_wconf 86' lang='lat' dir='ltr'><strong>imposuerunt.</strong></span> <span class='ocrx_word' id='word_1_772' title='bbox 1427 2893 1471 2924; x_wconf 90' lang='lat' dir='ltr'><strong>Ut</strong></span> <span class='ocrx_word' id='word_1_773' title='bbox 1487 2893 1595 2923; x_wconf 89' lang='lat' dir='ltr'><strong>autem</strong></span> <span class='ocrx_word' id='word_1_774' title='bbox 1610 2890 1760 2929; x_wconf 85' lang='lat' dir='ltr'><strong>Mandro,</strong></span> <span class='ocrx_word' id='word_1_775' title='bbox 1768 2888 1960 2930; x_wconf 85' lang='lat' dir='ltr'><strong>proditionis</strong></span> <span class='ocrx_word' id='word_1_776' title='bbox 1976 2887 2083 2919; x_wconf 85' lang='lat' dir='ltr'><strong>vitans</strong></span> <span class='ocrx_word' id='word_1_777' title='bbox 2099 2887 2203 2927; x_wconf 90' lang='lat' dir='ltr'><strong>suspi-</strong></span> 
     </span>
     <span class='ocr_line' id='line_1_107' title="bbox 1176 2933 2206 2979; baseline -0.008 -7"><span class='ocrx_word' id='word_1_778' title='bbox 1176 2940 1315 2979; x_wconf 90' lang='lat' dir='ltr'><strong>cionem,</strong></span> <span class='ocrx_word' id='word_1_779' title='bbox 1331 2939 1475 2971; x_wconf 88' lang='lat' dir='ltr'><strong>habitare</strong></span> <span class='ocrx_word' id='word_1_780' title='bbox 1490 2946 1566 2969; x_wconf 91' lang='lat' dir='ltr'><strong>cum</strong></span> <span class='ocrx_word' id='word_1_781' title='bbox 1585 2936 1663 2978; x_wconf 88' lang='lat' dir='ltr'><strong>ipsis</strong></span> <span class='ocrx_word' id='word_1_782' title='bbox 1682 2935 1854 2975; x_wconf 87' lang='lat' dir='ltr'><strong>recusavit,</strong></span> <span class='ocrx_word' id='word_1_783' title='bbox 1872 2934 2028 2975; x_wconf 74' lang='lat' dir='ltr'><strong>petiitque</strong></span> <span class='ocrx_word' id='word_1_784' title='bbox 2043 2935 2079 2966; x_wconf 85' lang='lat' dir='ltr'><strong>ut</strong></span> <span class='ocrx_word' id='word_1_785' title='bbox 2095 2933 2206 2965; x_wconf 92' lang='lat' dir='ltr'><strong>mulie-</strong></span> 
     </span>
     <span class='ocr_line' id='line_1_108' title="bbox 1177 2981 2204 3027; baseline -0.007 -8"><span class='ocrx_word' id='word_1_786' title='bbox 1177 2995 1228 3020; x_wconf 88' lang='lat' dir='ltr'><strong>res</strong></span> <span class='ocrx_word' id='word_1_787' title='bbox 1240 2986 1396 3027; x_wconf 85' lang='lat' dir='ltr'><strong>liberique</strong></span> <span class='ocrx_word' id='word_1_788' title='bbox 1411 2985 1638 3017; x_wconf 86' lang='lat' dir='ltr'><strong>defunctorum</strong></span> <span class='ocrx_word' id='word_1_789' title='bbox 1654 2983 1693 3014; x_wconf 91' lang='lat' dir='ltr'><strong>ad</strong></span> <span class='ocrx_word' id='word_1_790' title='bbox 1708 2991 1742 3014; x_wconf 84' lang='lat' dir='ltr'><strong>se</strong></span> <span class='ocrx_word' id='word_1_791' title='bbox 1758 2981 1979 3014; x_wconf 86' lang='lat' dir='ltr'><strong>mitterentur:</strong></span> <span class='ocrx_word' id='word_1_792' title='bbox 1994 2981 2204 3014; x_wconf 85' lang='lat' dir='ltr'><strong>Phocaeenses</strong></span> 
     </span>
     <span class='ocr_line' id='line_1_109' title="bbox 1177 3029 2204 3074; baseline -0.006 -9"><span class='ocrx_word' id='word_1_793' title='bbox 1177 3033 1300 3074; x_wconf 89' lang='lat' dir='ltr'><strong>absque</strong></span> <span class='ocrx_word' id='word_1_794' title='bbox 1318 3032 1407 3064; x_wconf 90' lang='lat' dir='ltr'><strong>omni</strong></span> <span class='ocrx_word' id='word_1_795' title='bbox 1425 3030 1581 3062; x_wconf 86' lang='lat' dir='ltr'><strong>maleficio</strong></span> <span class='ocrx_word' id='word_1_796' title='bbox 1603 3029 1747 3061; x_wconf 86' lang='lat' dir='ltr'><strong>studiose</strong></span> <span class='ocrx_word' id='word_1_797' title='bbox 1776 3037 1832 3061; x_wconf 87' lang='lat' dir='ltr'><strong>eos</strong></span> <span class='ocrx_word' id='word_1_798' title='bbox 1847 3029 2017 3061; x_wconf 90' lang='lat' dir='ltr'><strong>miserunt.</strong></span> <span class='ocrx_word' id='word_1_799' title='bbox 2046 3029 2088 3060; x_wconf 88' lang='lat' dir='ltr'><strong>Et</strong></span> <span class='ocrx_word' id='word_1_800' title='bbox 2111 3029 2204 3060; x_wconf 82' lang='lat' dir='ltr'><strong>Lam—</strong></span> 
     </span>
     <span class='ocr_line' id='line_1_110' title="bbox 1177 3074 2203 3121; baseline -0.007 -9"><span class='ocrx_word' id='word_1_801' title='bbox 1177 3088 1284 3121; x_wconf 86' lang='lat' dir='ltr'><strong>psacae</strong></span> <span class='ocrx_word' id='word_1_802' title='bbox 1292 3087 1394 3120; x_wconf 85' lang='lat' dir='ltr'><strong>quum</strong></span> <span class='ocrx_word' id='word_1_803' title='bbox 1408 3077 1499 3109; x_wconf 87' lang='lat' dir='ltr'><strong>initio</strong></span> <span class='ocrx_word' id='word_1_804' title='bbox 1509 3076 1656 3108; x_wconf 85' lang='lat' dir='ltr'><strong>heroicos</strong></span> <span class='ocrx_word' id='word_1_805' title='bbox 1667 3075 1805 3108; x_wconf 85' lang='lat' dir='ltr'><strong>honores</strong></span> <span class='ocrx_word' id='word_1_806' title='bbox 1819 3074 2019 3114; x_wconf 87' lang='lat' dir='ltr'><strong>habuissent,</strong></span> <span class='ocrx_word' id='word_1_807' title='bbox 2031 3074 2203 3116; x_wconf 91' lang='lat' dir='ltr'><strong>postmodo</strong></span> 
     </span>
     <span class='ocr_line' id='line_1_111' title="bbox 1180 3122 2204 3164; baseline -0.006 -5"><span class='ocrx_word' id='word_1_808' title='bbox 1180 3128 1216 3159; x_wconf 91' lang='lat' dir='ltr'><strong>ut</strong></span> <span class='ocrx_word' id='word_1_809' title='bbox 1226 3123 1611 3158; x_wconf 78' lang='lat' dir='ltr'><strong>numinizsacrificandum</strong></span> <span class='ocrx_word' id='word_1_810' title='bbox 1621 3122 1849 3155; x_wconf 85' lang='lat' dir='ltr'><strong>decreverunt:</strong></span> <span class='ocrx_word' id='word_1_811' title='bbox 1864 3122 1962 3164; x_wconf 90' lang='lat' dir='ltr'><strong>idque</strong></span> <span class='ocrx_word' id='word_1_812' title='bbox 1974 3122 2141 3155; x_wconf 84' lang='lat' dir='ltr'><strong>decretum</strong></span> <span class='ocrx_word' id='word_1_813' title='bbox 2151 3122 2204 3153; x_wconf 91' lang='lat' dir='ltr'><strong>ad-</strong></span> 
     </span>
     <span class='ocr_line' id='line_1_112' title="bbox 1178 3169 1610 3211; baseline -0.012 -6"><span class='ocrx_word' id='word_1_814' title='bbox 1178 3174 1244 3205; x_wconf 90' lang='lat' dir='ltr'><strong>huc</strong></span> <span class='ocrx_word' id='word_1_815' title='bbox 1259 3174 1365 3204; x_wconf 89' lang='lat' dir='ltr'><strong>ratum</strong></span> <span class='ocrx_word' id='word_1_816' title='bbox 1378 3173 1428 3203; x_wconf 88' lang='lat' dir='ltr'><strong>est</strong></span> <span class='ocrx_word' id='word_1_817' title='bbox 1442 3169 1529 3211; x_wconf 90' lang='lat' dir='ltr'><strong>apud</strong></span> <span class='ocrx_word' id='word_1_818' title='bbox 1543 3178 1610 3201; x_wconf 90' lang='lat' dir='ltr'><strong>eos.</strong></span> 
     </span>
    </p>

    <p class='ocr_par' dir='ltr' id='par_1_15' title="bbox 1221 3263 2203 3305">
     <span class='ocr_line' id='line_1_113' title="bbox 1221 3263 2203 3305; baseline -0.002 -8"><span class='ocrx_word' id='word_1_819' title='bbox 1221 3265 1350 3298; x_wconf 86' lang='lat' dir='ltr'><strong>Charon</strong></span> <span class='ocrx_word' id='word_1_820' title='bbox 1364 3263 1442 3296; x_wconf 88' lang='lat' dir='ltr'><strong>dicit</strong></span> <span class='ocrx_word' id='word_1_821' title='bbox 1456 3265 1751 3305; x_wconf 85' lang='lat' dir='ltr'><strong>Lampsacenorum</strong></span> <span class='ocrx_word' id='word_1_822' title='bbox 1767 3264 1887 3296; x_wconf 87' lang='lat' dir='ltr'><strong>terram</strong></span> <span class='ocrx_word' id='word_1_823' title='bbox 1903 3265 1998 3296; x_wconf 86' lang='lat' dir='ltr'><strong>antea</strong></span> <span class='ocrx_word' id='word_1_824' title='bbox 2014 3263 2203 3304; x_wconf 86' lang='lat' dir='ltr'><strong>Bebryciam</strong></span> 
     </span>
    </p>
   </div>
   <div class='ocr_carea' id='block_1_13' title="bbox 1180 3310 2204 3399">
    <p class='ocr_par' dir='ltr' id='par_1_16' title="bbox 1180 3310 2204 3399">
     <span class='ocr_line' id='line_1_114' title="bbox 1180 3310 2204 3354; baseline -0.004 -9"><span class='ocrx_word' id='word_1_825' title='bbox 1180 3312 1370 3354; x_wconf 86' lang='lat' dir='ltr'><strong>appellatam</strong></span> <span class='ocrx_word' id='word_1_826' title='bbox 1390 3319 1461 3343; x_wconf 88' lang='lat' dir='ltr'><strong>esse</strong></span> <span class='ocrx_word' id='word_1_827' title='bbox 1482 3319 1502 3343; x_wconf 88' lang='lat' dir='ltr'><strong>a</strong></span> <span class='ocrx_word' id='word_1_828' title='bbox 1516 3310 1714 3352; x_wconf 75' lang='lat' dir='ltr'><strong>Bebrycibus</strong></span> <span class='ocrx_word' id='word_1_829' title='bbox 1744 3310 1859 3344; x_wconf 91' lang='lat' dir='ltr'><strong>incolis</strong></span> <span class='ocrx_word' id='word_1_830' title='bbox 1874 3335 1883 3351; x_wconf 93' lang='lat'><strong>,</strong></span> <span class='ocrx_word' id='word_1_831' title='bbox 1906 3320 1980 3352; x_wconf 87' lang='lat' dir='ltr'><strong>quae</strong></span> <span class='ocrx_word' id='word_1_832' title='bbox 2006 3313 2113 3343; x_wconf 85' lang='lat' dir='ltr'><strong>tamen</strong></span> <span class='ocrx_word' id='word_1_833' title='bbox 2127 3318 2204 3350; x_wconf 83' lang='lat' dir='ltr'><strong>gens</strong></span> 
     </span>
     <span class='ocr_line' id='line_1_115' title="bbox 1181 3357 1611 3399; baseline -0.005 -8"><span class='ocrx_word' id='word_1_834' title='bbox 1181 3359 1273 3391; x_wconf 89' lang='lat' dir='ltr'><strong>bellis</strong></span> <span class='ocrx_word' id='word_1_835' title='bbox 1286 3366 1419 3399; x_wconf 89' lang='lat' dir='ltr'><strong>prorsus</strong></span> <span class='ocrx_word' id='word_1_836' title='bbox 1434 3357 1539 3389; x_wconf 89' lang='lat' dir='ltr'><strong>deleta</strong></span> <span class='ocrx_word' id='word_1_837' title='bbox 1552 3360 1611 3390; x_wconf 88' lang='lat' dir='ltr'><strong>est.</strong></span> 
     </span>
    </p>
   </div>
   <div class='ocr_carea' id='block_1_14' title="bbox 2025 3425 2045 3455">
    <p class='ocr_par' dir='ltr' id='par_1_17' title="bbox 2025 3425 2045 3455">
     <span class='ocr_line' id='line_1_116' title="bbox 2025 3425 2045 3455; baseline 0 0"><span class='ocrx_word' id='word_1_838' title='bbox 2025 3425 2045 3455; x_wconf 87' lang='grc'>3</span> 
     </span>
    </p>
   </div>
  </div>
 </body>
</html>
