2320 3684
140 164 215 199 106

137 246 336 287 Εἰλείθυιαν
349 279 359 297 ,
395 246 515 301 Ἄρην.
551 246 568 271 ²
588 245 764 294 Μίγνυται
784 244 821 284 δὲ
859 246 1005 289 πολλαῖς
1027 249 1166 293 θνηταῖς

138 322 176 344 τε
198 306 257 344 καὶ
287 306 469 349 ἀθανάτοις
496 305 663 358 γυναιξίν·
695 305 735 342 ἐκ
758 303 820 356 μὲν
851 298 910 343 οὐν
930 303 1083 355 Θέμιδος
1106 307 1166 351 τῆς

139 366 300 419 Οὐρανοῦ
331 370 435 417 γεννᾷ
465 363 678 417 θυγατέρας,
712 361 851 416 “Ωρας,
884 361 1066 416 Εἰρήνην,
1098 365 1168 402 Εὐ-

139 423 262 475 νομίαν
272 454 283 474 ,
301 422 411 470 Δίκην
422 439 430 446 ·
448 423 602 476 Μοίρας,
616 419 772 470 Κλωθὼ,
787 421 964 475 Λάχεσιν,
976 420 1146 475 Ἄτροπον
1157 437 1165 446 ·

139 483 156 509 3
176 484 215 521 ἐκ
223 481 358 528 Διώνης
366 481 401 519 δὲ
410 482 627 535 Ἀφροδίτην·
646 481 662 506 4
671 478 706 525 ἐξ
716 479 922 534 Εὐρυνόμης
929 481 965 520 δὲ
971 484 1034 529 τῆς
1043 481 1168 521 Ὠκεα-

139 545 198 579 νοῦ
220 541 393 594 Χάριτας,
410 540 573 592 Ἀγλαΐην
584 571 594 590 ,
614 538 863 594 Εὐφροσύνην,
884 539 1059 580 Θάλειαν·
1076 542 1116 579 ἐκ
1132 539 1166 578 δὲ

140 599 274 650 Στυγὸς
299 599 519 653 Περσεφόνην
531 615 538 624 ·
579 602 594 626 ⁵
612 601 652 637 ἐκ
689 598 725 637 δὲ
742 598 982 651 Μνημοσύνης
1001 598 1144 643 Μούσας
1156 630 1166 648 ,

139 657 281 711 πρώτην
308 657 370 709 μὲν
395 658 604 707 Καλλιόπην
618 689 628 707 ,
648 651 723 697 εἶτα
750 657 889 707 Κλειὼ,
912 657 1168 710 Μελπομένην,

139 715 345 771 Εὐτέρπην,
376 717 536 770 Ἐρατὼ,
572 716 821 772 Τερψιχόρην,
854 717 1057 771 Οὐρανίαν,
1087 717 1167 758 Θά-

138 777 256 824 λειαν,
287 776 504 828 Πολυμνίαν.

195 835 248 886 (2)
278 834 488 883 Καλλιόπης
513 834 574 887 μὲν
607 829 666 874 οὐν
694 834 755 874 καὶ
773 833 952 888 Οἰάγρου,
983 834 1061 873 κατ’
1090 833 1171 872 ἐπί-κ

139 894 264 939 κλησιν
279 892 316 931 δὲ
337 893 572 944 Ἀπόλλωνος,
586 897 708 943 Αἶνος,
727 892 764 932 ὃν
782 893 960 947 Ἡρακλῆς
977 891 1170 931 ἀπέκτεινε·

139 951 198 989 καὶ
220 951 368 1006 Ὀρφεὺς
393 956 411 991 ὁ
445 953 604 1001 ἀσκήσας
629 951 861 1006 κιθαρῳδίαν,
888 953 924 995 ὃς
948 951 1040 1006 ᾄδων
1067 951 1172 990 ἐκίνει

139 1010 254 1056 λίθους
265 1027 303 1049 τε
315 1012 374 1050 καὶ
385 1011 520 1067 δένδρα,
539 1013 557 1038 ²
578 1011 832 1058 Ἀποθανούσης
843 1010 879 1049 δὲ
896 1009 1173 1064 Εὐρυδίκης,τῆς

139 1070 300 1120 γυναικὸς
328 1072 456 1120 αὐτοῦ,
486 1070 673 1124 δηχθείσης
700 1070 767 1109 ὑπὸ
788 1069 916 1124 ὄφεως,
934 1071 1106 1117 κατῆλθεν
1127 1071 1173 1114 εἷς

139 1126 271 1183 (ᾍδου,
291 1127 399 1167 θέλων
421 1132 562 1182 ἀγαγεῖν
581 1129 712 1177 αὐτὴν,
742 1128 802 1167 καὶ
822 1126 1017 1167 Πλούτωνα
1035 1125 1171 1166 ἔπεισεν

141 1185 361 1241 ἀναπέμψαι.
388 1187 433 1227 Ὁ
462 1189 498 1227 δὲ
521 1187 696 1241 ὑπέσχετο
724 1192 824 1227 τοῦτο
853 1185 1033 1234 ποιήσειν,
1054 1184 1095 1224 ἂν
1123 1185 1172 1236 μὴ

141 1245 372 1299 πορευόμενος
389 1246 539 1302 Ὀρφεὺς
563 1249 780 1300 ἐπιστραφῇ,
804 1245 884 1299 πρὶν
910 1246 956 1288 εἷς
973 1243 1037 1291 τὴν
1061 1243 1174 1281 οἰκίαν

142 1307 248 1343 αὑτοῦ
262 1305 532 1359 παραγενέσθαι·
551 1310 568 1345 ὃ
583 1305 618 1345 δὲ
628 1337 637 1355 ,
650 1306 807 1344 ἀπιστῶν
818 1333 827 1351 ,
843 1302 1066 1357 ἐπιστραφεὶς
1081 1301 1176 1340 ἐθεά·

142 1379 228 1402 σατο
247 1363 311 1411 τὴν
328 1370 495 1416 γυναῖκα·
514 1368 537 1412 ἠ
557 1364 593 1404 δὲ
611 1364 717 1403 πάλιν
741 1361 968 1416 ὑπέστρεψεν.
992 1363 1007 1387 3
1025 1355 1119 1413 Εὗρε
1139 1358 1174 1398 δὲ

143 1421 293 1477 Ὀρφεὺς
322 1423 382 1462 καὶ
410 1422 455 1462 τὰ
487 1422 658 1463 Διονύσου
689 1421 877 1475 μυστήρια.
903 1419 974 1459 Καὶ
1003 1418 1176 1458 τέθαπται

142 1482 222 1535 περὶ
251 1481 314 1529 τὴν
346 1482 513 1535 Πιερίαν,
539 1481 764 1524 διασπασθεὶς
786 1479 853 1519 ὑπὸ
877 1481 947 1518 τῶν
971 1477 1174 1517 Μαινάδων.

143 1544 198 1588 (3)
224 1539 342 1580 Κλειὼ
370 1539 406 1578 δὲ
439 1541 570 1595 Πιέρου
597 1544 659 1579 τοῦ
686 1539 876 1591 Μάγνητος
899 1537 1058 1592 ἠράσθη,
1086 1535 1178 1575 κατὰ

145 1602 247 1650 μῆνιν
272 1599 492 1652 Ἀφροδίτης·
512 1599 670 1638 ὠνείδισε
687 1599 755 1652 γὰρ
778 1599 867 1651 αὐτῇ
884 1597 943 1636 τὸν
961 1600 1022 1635 τοῦ
1038 1595 1179 1635 Ἀδώνι-

144 1659 200 1702 δος
225 1658 356 1712 ἔρωτα·
382 1662 597 1699 συνελθοῦσα
622 1660 658 1700 δὲ
678 1659 860 1712 ἐγέννησεν
884 1658 918 1704 ἐξ
944 1659 1051 1696 αὐτοῦ
1069 1657 1179 1695 παῖδα

145 1717 347 1758 (Υάκινθον-
366 1714 404 1758 οἷ
421 1720 601 1774 Θάμυρις,
618 1723 637 1759 ὃ
655 1719 898 1771 Φιλάμμωνος
913 1717 973 1756 καὶ
995 1715 1180 1771 Ἀργιόπης

145 1776 317 1830 Νύμφης,
335 1778 437 1832 ἔσχεν
455 1778 588 1833 ἔρωτα,
607 1781 745 1832 πρῶτος
764 1777 955 1831 ἀρξάμενος
973 1777 1053 1830 ἒρᾷν
1074 1773 1180 1828 ἇρρέ-

146 1851 225 1873 νων.
235 1836 252 1860 2
274 1836 365 1875 Ἀλλ’
383 1836 568 1876 Ὑάκινθον
581 1839 644 1888 μὲν
655 1835 797 1890 ὕστερον
813 1834 991 1874 Ἀπόλλων
1005 1832 1179 1887 ἐρώμενον

146 1894 231 1933 ὄντα
243 1895 352 1949 δίσκῳ
364 1896 481 1949 βαλὼν
490 1896 584 1935 ἄκων
600 1895 794 1935 ἀπέκτεινε.
803 1897 819 1922 3
838 1895 1001 1948 Θάμυρις
1011 1892 1047 1931 δὲ
1058 1893 1181 1932 κάλλει

149 1953 331 2005 διενεγκὼν
354 1955 414 1994 καὶ
433 1954 647 2010 κιθαρῳδίᾳ,
666 1954 747 2008 περὶ
765 1956 935 2005 μουσικῆς
952 1951 1052 2006 ἤρισε
1076 1949 1178 1990 Μού-

148 2027 246 2063 σαις,
263 2013 488 2065 συνθέμενος,
504 2013 544 2053 ἂν
564 2013 627 2066 μὲν
639 2013 806 2068 κρείττων
818 2014 952 2065 εὑρεθῇ,
971 2009 1180 2058 πλησιάσειν

148 2071 296 2117 πάσαις·
318 2072 377 2112 ἐὰν
401 2073 438 2112 δὲ
456 2077 613 2127 ἡττηθῇ,
634 2072 910 2127 στερηθήσεσθαι
930 2065 968 2109 οὐ
988 2068 1029 2109 ἂν
1053 2072 1183 2108 ἐκεῖναι

150 2129 287 2170 θέλωσι.
312 2131 581 2187 Καθυπέρτεραι
607 2133 643 2171 δὲ
663 2134 699 2170 αἱ
725 2133 867 2170 Μοῦσαι
890 2127 1093 2182 γενόμεναι,
1123 2128 1183 2167 καὶ

150 2192 219 2228 τῶν
245 2191 421 2243 ὀμμάτων
452 2191 556 2230 αὐτὸν
579 2191 640 2230 καὶ
662 2194 723 2238 τῆς
746 2188 955 2243 κιθαρῳδίας
981 2187 1182 2240 ἐστέρησαν.

152 2250 207 2302 (4)
242 2250 427 2304 Εὐτέρπης
454 2250 490 2289 δὲ
519 2250 581 2290 καὶ
606 2254 768 2302 ποταμοῦ
809 2246 1009 2302 Στρυμόνος
1038 2246 1184 2294 Ῥῆσος,

152 2313 188 2347 ὃν
212 2311 246 2348 ἐν
262 2309 376 2363 Τροίᾳ
395 2310 576 2362 Διομήδης
599 2309 800 2348 ἀπέκτεινεν
813 2324 821 2332 ·
841 2310 886 2351 ὡς
904 2306 939 2346 δὲ
961 2305 1045 2344 ἔνιοι
1059 2305 1186 2358 λέγου-

154 2384 229 2419 σιν,
246 2367 300 2407 ὅτι
319 2369 526 2416 Καλλιόπης
550 2372 718 2421 ὑπῆρχεν.
739 2366 895 2410 Θαλείας
920 2366 954 2403 δὲ
980 2365 1040 2403 καὶ
1060 2363 1185 2402 Ἀπόλ-

153 2429 262 2472 λωνος
303 2428 460 2480 ἐγένοντο
497 2428 731 2483 Κορύὸαντες·
773 2424 1009 2476 Μελπομένης
1044 2421 1081 2460 δὲ
1127 2423 1187 2461 καὶ

156 2486 330 2541 Ἀχελῴου
342 2519 352 2538 ,
372 2490 555 2542 Σειρῆνες,
574 2487 653 2541 περὶ
674 2481 721 2525 ὧν
747 2487 781 2524 ἐν
799 2490 869 2528 τοῖς
890 2483 970 2536 περὶ
989 2481 1189 2524 Ὀδυσσέως

159 2548 315 2600 ἐροῦμεν.

212 2606 266 2658 (5)
282 2604 380 2660 ‘'Hpot
401 2605 437 2644 δὲ
455 2605 563 2660 χωρὶς
581 2605 680 2651 εὐνῆς
697 2601 878 2654 ἐγέννησεν
899 2600 1111 2654 <Ἥφαιστον.
1129 2598 1190 2642 Ὡς

160 2663 197 2702 δὲ
206 2662 370 2719 εΌμηρος
382 2664 495 2717 λέγει,
515 2664 574 2703 καὶ
582 2667 703 2702 τοῦτον
716 2663 756 2700 ἐκ
770 2660 850 2704 Διὸς
860 2657 1035 2711 ἐγέννησε.
1054 2657 1191 2697 Ῥίπτει

161 2723 197 2762 δὲ
218 2724 321 2762 αὐτὸν
350 2723 384 2770 ἐξ
413 2726 559 2779 οὐρανοῦ
579 2721 678 2770 Ζεὺς,
697 2720 796 2774 ’Ἤρᾳ
816 2718 951 2770 δεθείσῃ
988 2718 1191 2768 βοηθοῦντα·

161 2782 291 2831 ταύτην
315 2783 382 2838 γὰρ
411 2781 621 2838 ἐξεκρέμασε
646 2779 732 2824 Ζεὺς
752 2778 787 2824 ἐξ
814 2776 1011 2828 Ὀλύμπου,
1035 2777 1194 2827 χειμῶνα

163 2841 414 2895 ἐπιπέμψασαν
434 2842 627 2897 Ἡρακλεῖ,
647 2839 704 2878 ὅτε
714 2837 846 2892 Τροίαν
872 2834 959 2874 ἑλὼν
987 2833 1095 2872 ἔπλει,
1122 2835 1196 2872 ΙἸε-

165 2900 270 2939 σόντα
299 2900 335 2939 δὲ
370 2901 569 2956 ϋΗφαιστον
590 2901 626 2938 ἐν
647 2898 803 2950 Λήμνῳ,
830 2895 890 2934 καὶ
910 2891 1118 2948 πηρωθέντα
1136 2891 1198 2935 τὰς

169 2962 297 3013 βάσεις,
316 2960 462 3000 διέσωσε
479 2959 597 3004 Θέτις.

222 3020 276 3069 (6)
307 3020 482 3071 Μίγνυται
508 3018 546 3058 δὲ
572 3017 660 3062 Ζεὺς
677 3015 830 3064 Μήτιδι,
863 3009 1132 3065 μεταὸαλλούσῃ
1152 3012 1199 3053 εἷς

169 3077 301 3121 πολλὰς
338 3078 444 3127 ἰδέας,
480 3077 567 3132 ὑπὲρ
600 3080 662 3115 τοῦ
693 3075 742 3128 μὴ
780 3074 969 3120 συνελθεῖν,
1003 3070 1063 3109 καὶ
1091 3068 1198 3116 αὐτὴν

170 3136 360 3189 γενομένην
396 3138 517 3188 ἔγκυον
546 3135 731 3175 καταπίνει
761 3133 905 3188 φθάσας·
936 3129 1077 3182 ἐπείπερ
1105 3127 1202 3180 ἔλεγε

172 3195 349 3247 γεννήσειν
377 3198 504 3244 παῖδα,
527 3196 614 3247 μετὰ
639 3195 702 3242 τὴν
725 3193 921 3245 μέλλουσαν
949 3187 983 3234 ἐξ
1011 3190 1117 3234 αὐτῆς
1141 3202 1204 3238 γε-

174 3254 294 3294 νέσθαι
310 3255 430 3307 κόρην,
454 3254 488 3298 ὃς
511 3256 656 3307 οὐρανοῦ
677 3253 847 3297 δυνάστης
877 3247 1073 3299 γενήσεται·
1103 3250 1205 3284 τοῦτο

176 3312 350 3367 φοὸηθεὶς,
377 3311 539 3350 κατέπιεν
570 3312 690 3358 αὐτήν.
721 3312 786 3353 εΩς
820 3306 856 3345 δὲ
891 3310 908 3344 ὁ
944 3308 1007 3351 τῆς
1041 3303 1207 3355 γενέσεως

178 3370 300 3419 ἐνέστη
321 3370 455 3425 χρόνος,
473 3370 666 3417 πλήξαντος
685 3374 790 3407 αὐτοῦ
811 3365 872 3412 τὴν
893 3363 1047 3418 κεφαλὴν
1069 3362 1208 3403 πελέκει
1233 3392 1235 3394 -

781 157 1164 198 ΑΠΟΛΛΟΔΩΡΟΥ
1182 158 1528 201 ΒΙΒΛΙΟΘΗΚΗΣ
1546 164 1592 210 Α,
1609 161 1650 214 γ’,
1670 163 1710 203 δ’.

1226 257 1274 290 vit
1288 259 1398 292 Heben
1411 283 1421 300 ,
1443 261 1605 303 Ilithyiam
1618 287 1628 304 ,
1655 265 1802 296 Martem.
1829 261 1942 299 'Idem
1960 274 2034 298 cum
2046 266 2117 298 aliis
2135 265 2246 298 multis

1223 317 1296 349 tum
1307 319 1500 352 mortalibus
1512 314 1583 353 tum
1593 323 1830 356 immortalibus
1843 323 1972 356 feminis
1983 324 2181 357 concumbit.
2196 326 2247 357 Ex

1225 376 1378 409 Themide
1393 378 1488 418 igitur
1500 404 1510 420 ,
1526 380 1607 412 coeli
1623 380 1705 420 filia,
1725 384 1832 414 Horas
1855 383 1976 424 gignit,
1992 385 2124 424 Irenen,
2141 386 2248 416 Euno-

1226 435 1336 476 miam,
1357 436 1479 478 Dicen3
1501 440 1629 479 Parcas,
1653 440 1780 482 Clotho,
1794 441 1962 482 Lachesin,
1976 443 2134 483 Atropum
2155 451 2163 473 ι
2181 446 2249 475 ⁸cx

1227 493 1329 527 Dione
1347 497 1505 529 Venerem
1527 507 1534 529 :
1551 502 1564 521 ⁴
1575 507 1615 531 ex
1635 502 1820 540 Eurynome
1831 525 1840 541 ‚
1858 501 1978 532 Oceani
1994 501 2060 533 (ilia
2072 525 2082 542 ,
2096 501 2225 534 Gratias
2238 523 2249 541 ‚

1226 552 1383 594 Aglaiam,
1399 556 1652 597 Euphrosynen,
1669 559 1813 590 Thaliam
1829 569 1836 590 :
1857 570 1875 591 e
1889 561 1983 600 Styge
1998 559 2223 601 Proserpinam
2240 569 2248 591 :

1228 615 1241 634 ὕ
1248 619 1266 642 e
1275 613 1485 654 Mnemosyne
1494 617 1615 655 Musas,
1626 617 1802 658 etprimam
1813 618 1944 658 quidem
1951 617 2126 660 Calliopen,
2136 618 2253 651 deindo

1229 669 1310 733 elic,
1328 672 1563 715 Melpomenen,
1580 677 1755 717 Euterpen,
1771 678 1882 717 Erato,
1906 677 2152 718 Terpsichoren,
2175 679 2253 710 Ura·

1229 735 1328 768 niam,
1342 729 1499 772 Thaliam,
1517 732 1730 773 Polymniam.

1273 844 1319 886 (2)
1343 846 1440 887 Atqui
1456 847 1616 889 Calliopes
1633 849 1665 881 et
1681 849 1793 889 OEagri
1806 850 1856 881 est
1874 849 1977 881 Linus
1993 847 2033 880 ab
2046 847 2183 881 Hercule
2202 845 2256 879 ille

1231 909 1428 952 interfectus,
1443 920 1540 952 quem
1553 913 1650 954 vulgo
1665 914 1821 955 Apollinis
1836 913 1941 945 filium
1953 913 2136 952 nominant,
2153 914 2186 945 et
2198 913 2256 944 Or·

1232 973 1344 1014 pheus,
1354 975 1411 1016 qui
1425 978 1526 1009 artem
1542 977 1782 1010 citharoedicam
1792 987 1944 1010 exercens
1957 979 2054 1010 cantu
2067 986 2128 1009 suo
2134 975 2257 1018 lapides

1232 1038 1426 1081 arboresque
1442 1041 1603 1074 movebat.
1624 1045 1639 1064 ²
1657 1043 1717 1075 Hic
1728 1045 1802 1084 post
1814 1042 1995 1083 Eurydicen
2013 1042 2183 1083 conjugem
2198 1048 2260 1072 ser·

1232 1105 1339 1145 pentis
1362 1114 1474 1138 morsu
1489 1115 1508 1138 e
1529 1107 1635 1139 medio
1651 1107 1824 1148 sublatam,
1842 1107 1884 1139 ad
1905 1107 2026 1139 inferos
2049 1107 2260 1138 revocaturus

1233 1168 1338 1209 ipsam
1354 1169 1540 1210 descendit;
1570 1171 1610 1203 ab
1634 1180 1736 1213 eoque
1751 1180 1926 1213 persuasus
1950 1171 2046 1204 Pluto
2068 1169 2261 1203 reducendae

1235 1238 1348 1270 uxoris
1360 1240 1554 1279 potestatem
1569 1240 1645 1272 fecit
1659 1249 1697 1272 ea
1714 1240 1794 1281 lege,
1808 1241 1894 1272 utin
1915 1240 2022 1273 reditu
2044 1240 2194 1281 Orpheus
2207 1247 2262 1271 an·

1234 1304 1286 1334 tea
1300 1311 1470 1343 nunquam
1490 1304 1672 1345 respiceret,
1687 1313 1786 1345 quam
1799 1304 1934 1336 domum
1943 1313 2038 1336 suam
2050 1304 2262 1346 pervenisset.

1235 1367 1292 1400 Ille
1314 1371 1422 1401 autem
1441 1370 1530 1403 dicto
1552 1380 1619 1403 non
1640 1371 1776 1404 audiens
1791 1395 1800 1412 ,
1823 1380 2001 1404 conversus
2024 1379 2160 1403 uxorem
2181 1370 2263 1404 inse·

1237 1435 1387 1475 quentem
1403 1435 1579 1476 spectavit;
1595 1444 1670 1477 quae
1684 1437 1756 1469 tum
1772 1436 1814 1469 ad
1825 1436 1946 1469 inferos
1959 1435 2127 1469 remeavit.
2144 1440 2159 1459 ³
2172 1436 2262 1469 Idem

1238 1499 1364 1531 invenit
1378 1499 1513 1541 Dionysi
1539 1500 1694 1541 mysteria
1715 1502 1747 1533 et
1766 1501 1911 1542 sepultus
1926 1503 1976 1534 est
1990 1500 2024 1532 in
2043 1500 2147 1533 Pieria
2161 1509 2181 1532 a
2191 1501 2265 1533 Μω-

1223 1563 1378 1596 nadibus
1408 1563 1601 1606 discerptus.
1626 1566 1669 1605 (3)
1693 1565 1765 1598 Clio
1787 1566 1942 1604 Pierum,
1965 1564 2124 1606 Magnetis
2141 1563 2264 1604 filium,

1242 1628 1375 1661 Veneris
1387 1628 1451 1669 ira,
1466 1629 1554 1670 quod
1571 1629 1602 1661 ci
1615 1629 1773 1662 Adonidis
1789 1637 1932 1661 amorem
1947 1628 2174 1670 exprobrasset
2185 1652 2194 1670 ,
2208 1627 2261 1660 de-

1238 1694 1374 1736 perivit,
1391 1694 1432 1726 ab
1445 1703 1547 1735 eoque
1562 1703 1747 1736 compressa
1765 1694 1868 1726 filium
1889 1694 2012 1736 peperit
2033 1693 2263 1735 Hyacinthum.

1240 1762 1345 1803 Hujiis
1361 1769 1470 1794 amore
1485 1760 1657 1801 Thamyris
1667 1783 1678 1800 ,
1698 1759 1932 1793 Philammonis
1954 1761 1987 1791 et
2001 1758 2156 1800 Argiopes
2174 1767 2266 1799 nym-

1239 1827 1314 1868 phae
1322 1826 1419 1866 filius,
1430 1826 1550 1858 exarsit
1561 1825 1686 1867 primus
1698 1833 1779 1857 usus
1791 1833 1908 1861 venere
1919 1823 2074 1856 mascula.
2087 1821 2169 1855 2Sed
2181 1823 2267 1864 post-

1240 1899 1278 1922 ea
1292 1888 1513 1930 Hyacinthum
1525 1887 1686 1921 amasium
1702 1886 1793 1919 disco
1805 1894 1997 1928 percussum
2012 1884 2127 1926 Apollo
2143 1883 2268 1916 invitus

1240 1953 1569 1995 occidit-²Thamyris
1584 1962 1661 1986 vero
1670 1954 1742 1985 tum
1753 1952 1857 1984 forma
1867 1950 2010 1992 corporis
2024 1951 2182 1991 praestans
2197 1949 2270 1980 tum

1242 2020 1362 2053 fidibus
1377 2019 1484 2052 clarus
1499 2019 1532 2051 in
1548 2017 1683 2050 musicae
1704 2018 1868 2049 certamen
1882 2017 1994 2048 Musas
2009 2012 2218 2055 provocavit,
2240 2010 2271 2044 si

1242 2085 1348 2118 victor
1360 2084 1545 2122 decesserit,
1562 2082 1712 2114 omnium
1721 2082 1836 2123 pactus
1844 2078 2066 2118 concubitum
2081 2077 2134 2110 sin
2147 2075 2268 2117 minus,

1244 2158 1279 2182 se
1290 2158 1347 2189 eo,
1365 2157 1432 2190 quo
1447 2147 1578 2187 vellent,
1595 2145 1726 2188 privari.
1741 2147 1845 2177 Musae
1858 2144 1984 2185 itaque,
2007 2150 2111 2184 quum
2131 2141 2271 2183 superio-

1244 2223 1295 2247 res
1306 2213 1499 2254 evasissent,
1513 2211 1682 2243 oculorum
1695 2210 1768 2242 luce
1783 2210 1815 2241 et
1827 2209 1896 2241 arte
1907 2206 2116 2240 citharoedica
2127 2213 2201 2238 eum
2210 2204 2272 2247 pri-

1246 2280 1374 2311 varunt.
1395 2277 1440 2318 (4)
1461 2270 1623 2317 Euterpes*
1649 2283 1687 2307 ac
1716 2274 1898 2316 Strymonis
1914 2272 2006 2305 fluvii
2024 2271 2110 2304 filius
2128 2270 2271 2311 Rhesus,

1246 2352 1343 2384 quem
1351 2343 1384 2374 in
1391 2342 1475 2375 bello
1488 2341 1626 2382 Trojano
1634 2339 1807 2372 Diomedes
1814 2338 2030 2376 interfecit3ut
2036 2345 2112 2369 vero
2125 2335 2272 2367 nonnulli

1248 2409 1373 2448 dicunt,
1390 2410 1488 2440 natus
1503 2407 1554 2439 est
1563 2415 1581 2438 e
1591 2405 1745 2446 Calliope.
1763 2402 1883 2436 Thaliae
1896 2405 1930 2435 et
1945 2401 2102 2444 Apollinis
2114 2402 2206 2433 erant
2212 2402 2272 2434 co-

1248 2476 1418 2517 rybantes;
1432 2473 1650 2514 Melpomenes
1663 2472 1696 2504 et
1711 2470 1842 2502 Acheloi
1858 2470 1996 2508 Sirenes,
2014 2468 2054 2500 de
2067 2466 2198 2508 quibus,
2216 2465 2272 2498 ubi

1249 2543 1289 2576 de
1302 2541 1419 2583 Ulysse
1434 2543 1560 2581 agetur,
1579 2538 1735 2570 dicemus.

1294 2612 1339 2652 (5)
1349 2613 1367 2642 J
1371 2619 1436 2642 uno
1443 2609 1524 2641 citra
1531 2608 1722 2648 cujusquam
1730 2604 1938 2637 concubitum
1948 2601 2071 2644 peperit
2079 2600 2274 2634 Vulcanum.

1253 2659 1315 2691 Sed
1332 2657 1463 2690 Homeri
1488 2654 1676 2688 testimonio
1694 2653 1782 2684 hunc
1803 2659 1934 2692 quoque
1957 2651 2040 2682 Jove
2065 2650 2179 2680 natum
2205 2653 2277 2678 esse

1253 2705 1478 2742 confirmatur-3
1503 2710 1599 2743 quem
1620 2700 1745 2741 Jupiter
1767 2698 1887 2731 Junoni
1913 2698 1947 2728 in
1974 2696 2104 2728 vincula
2125 2694 2279 2734 conjectae

1253 2761 1347 2794 opem
1364 2751 1519 2782 ferentem
1546 2749 1586 2780 de
1609 2747 1691 2779 coelo
1713 2745 1911 2788 praecipitem
1936 2743 2035 2776 dedit.
2059 2744 2151 2774 Hanc
2172 2739 2276 2779 enim,

1254 2799 1340 2841 quod
1360 2796 1490 2830 Herculi
1520 2805 1539 2827 a
1560 2795 1653 2835 Troja
1678 2796 1772 2834 capta
1800 2791 1947 2824 redeunti
1969 2789 2190 2830 tempestatem
2222 2786 2281 2819 im-

1255 2846 1420 2885 misisset,
1452 2852 1491 2875 ex
1523 2842 1663 2883 Olympo
1691 2840 1912 2881 suspenderat.
1941 2837 2125 2869 Vulcanum
2149 2842 2227 2866 vero
2246 2832 2280 2864 in

1256 2895 1415 2925 Lemnum
1430 2889 1568 2922 insulam
1579 2888 1758 2929 delapsum,
1768 2895 1870 2927 eoque
1883 2894 1960 2918 casu
1970 2883 2107 2925 pedibus
2116 2881 2281 2920 claudum,

1257 2938 1399 2972 servavit
1413 2936 1535 2969 Thetis.

1302 3020 1348 3062 (6)
1372 3016 1569 3052 concumbit
1584 3015 1709 3057 Jupiter
1725 3014 1821 3047 etiam
1841 3022 1917 3045 cum
1931 3011 2051 3043 Metide
2069 3009 2176 3041 varias
2192 3008 2284 3040 alter·

1262 3093 1359 3125 nante
1383 3090 1526 3129 formas,
1545 3095 1611 3128 quo
1631 3085 1718 3118 illius
1746 3085 1863 3116 vitaret
1886 3081 2066 3123 amplexus.
2087 3082 2168 3117 Quae
2183 3085 2286 3120 quum

1263 3161 1395 3204 gravida
1417 3160 1490 3200 post
1517 3158 1627 3189 natam
1643 3164 1684 3188 ex
1702 3163 1736 3187 se
1759 3153 1898 3195 puellam
1918 3151 2020 3183 tilium
2048 3159 2083 3182 se
2107 3148 2284 3190 parituram
2315 3194 2320 3196 ῃ

1264 3230 1463 3274 praediceret,
1477 3227 1532 3269 qui
1549 3226 1622 3258 coeli
1635 3224 1853 3258 dominatione
1875 3222 2035 3263 potiturus
2051 3221 2148 3260 esset,
2165 3217 2289 3259 Jupiter

1267 3305 1354 3333 metu
1371 3299 1531 3332 adductus
1549 3296 1659 3329 statim
1676 3298 1750 3327 ante
1771 3294 1911 3336 primum
1928 3292 2042 3334 puellae
2063 3292 2192 3332 partum
2215 3295 2289 3320 cum

1270 3372 1341 3413 ipso
1355 3370 1433 3402 soetu
1448 3376 1518 3401 eam
1532 3365 1710 3399 devoravit.
1729 3363 1789 3396 Ubi
1805 3371 1882 3394 vero
1897 3359 2041 3402 pariendi
2056 3359 2185 3398 tempus
2197 3355 2291 3388 adve-
