2320 3684
131 191 206 225 26⁴

128 270 359 322 πεπυσμένος.
381 270 456 310 sed
477 279 602 308 tamen
616 283 698 320 cap.
716 271 761 315 37
777 269 947 307 dixerat:
966 270 1013 308 Οἱ
1031 267 1068 307 δὲ
1079 269 1159 323 περὶ

127 330 186 368 τὸν
202 328 353 384 ’Ἔφορον
367 329 426 367 καὶ
439 327 653 379 Θεόπομπον
672 326 827 378 μάλιστα
846 327 987 366 πάντων
1008 329 1056 371 εἰς
1071 331 1160 366 ταῦ-

127 403 172 427 τα
200 387 428 435 ἐπιταθέντες,
457 386 584 433 ἥκιστα
606 389 668 433 τῆς
697 385 859 432 ἀληθείας
894 385 1084 438 ἐπέτυχον,
1101 386 1160 425 καὶ

129 446 364 501 διεσφάλησαν
392 441 486 484 οὗτοι
502 445 628 488 πάντες
647 446 686 482 οὐ
705 443 762 482 διὰ
785 443 848 492 τὴν
869 443 1050 495 ἀμέλειαν,
1070 444 1161 484 ἀλλὰ

128 505 185 543 διὰ
202 505 265 552 τὴν
292 507 353 551 τῆς
379 503 494 556 χώρας
522 502 689 550 ἰδιότητα.
720 504 935 541 Diodorum
960 504 1161 556 exscripsit

127 564 403 615 Theopliylact.
431 563 642 599 simocatta
656 575 692 613 p.
714 564 785 600 186
811 566 895 606 Par.

180 621 361 659 Aristides
387 624 494 658 Orat.
524 623 678 671 AEgypt.
706 628 730 658 t.
758 624 836 670 111,
862 634 948 673 pag.
979 621 1053 659 585
1080 635 1158 673 seq.

127 680 279 719 Canteri
295 680 334 730 (t.
357 682 406 726 11,
431 692 468 729 p.
493 678 566 716 348
582 692 660 730 seq.
686 678 815 730 Jebb.)
830 694 838 717 :
853 679 960 719 Ἀλλά
971 694 1012 732 γε
1030 678 1072 727 δὴ
1094 696 1161 731 με·

127 738 273 785 τά6ηοι;
292 736 443 813 Ἐφόρου
470 736 506 776 δὲ
532 741 594 776 τοῦ
624 735 812 792 φιλοσόφου
831 737 891 776 καὶ
915 741 1079 792 σοφιστοῦ
1099 738 1163 778 κό-

128 811 215 847 σμον
235 795 363 844 ἄεισον,
375 813 404 850 ῳ
415 795 634 848 κεκόσμηκεν
651 795 739 851 ἀνὴρ
755 795 858 835 αὑτόν
871 812 909 835 τε
923 797 982 836 καὶ
999 796 1063 845 τὴν
1077 812 1162 849 συγ-

125 853 274 908 γραφήν.
289 858 411 894 «Tum
429 855 573 907 Ephori
588 864 863 904 commentum,
875 856 1073 908 perpensis
1087 857 1161 895 sin-

125 914 304 963 gulorum
329 922 644 965 argumentorum
676 914 911 963 rationibus,
936 915 982 953 ad
1001 928 1158 953 examen

125 980 250 1010 vocat.
260 973 380 1011 sicuti
394 987 486 1011 vero
500 986 569 1011 nec
583 987 666 1024 quae
680 973 874 1011 Diodorus
887 982 1022 1012 contra
1035 973 1162 1025 Epho-

126 1044 210 1069 rum
247 1030 479 1082 disputavit,
518 1031 807 1070 transcribenda
839 1032 1041 1080 duximus,
1073 1046 1158 1070 cum

125 1090 163 1128 in
186 1090 272 1142 ipso
307 1091 442 1130 melius
467 1091 664 1142 legantur,
693 1106 764 1130 nec
789 1091 991 1130 verbosam
1018 1092 1156 1130 Aristi-

125 1148 183 1186 «lis
214 1149 429 1187 orationem
456 1149 469 1201 (
484 1150 619 1201 implet
653 1151 754 1188 enim
781 1149 859 1188 sere
885 1150 1063 1188 undecim
1091 1164 1161 1201 pa-

123 1207 265 1258 gellas)
283 1207 503 1247 exscribere
530 1209 740 1257 voluimus,
766 1209 939 1260 exceptis
973 1222 1057 1259 quae
1079 1222 1160 1247 esse

124 1265 244 1317 ipsius
259 1266 482 1304 viderentur
495 1266 641 1318 Ephori
665 1275 903 1318 argumenta.
928 1267 1057 1305 Nilum
1084 1267 1159 1318 igi-

125 1333 200 1373 tur,
213 1325 339 1364 hieme
357 1333 458 1364 terra
477 1326 724 1364 constrictum
736 1355 747 1374 ‚
765 1326 844 1364 sole
861 1326 995 1363 aestivo
1010 1325 1161 1364 sudoris

122 1384 243 1422 instar
267 1398 287 1422 e
325 1392 425 1423 terra
453 1384 630 1432 excitari,
656 1393 853 1422 statuerat.
880 1383 981 1431 Φησὶ
1007 1386 1090 1438 γὰρ,
1114 1386 1161 1428 ὡς

122 1440 190 1495 ἄρα
225 1443 264 1480 οὐ
296 1441 440 1481 δυνατὸν
471 1446 575 1481 τοῦτο
605 1442 809 1494 συμὸαίνειν
843 1442 923 1497 περὶ
953 1442 1016 1490 τὴν
1050 1442 1159 1491 ἄλλην

121 1503 201 1551 γῆν,
221 1499 279 1539 διὰ
294 1500 335 1539 τὸ
355 1499 443 1552 μήτε
464 1500 584 1549 κοίλην
602 1494 711 1550 εἶναι,
731 1500 814 1553 μήτ’
833 1501 1019 1549 ἐπίκτητον
1039 1500 1160 1556 ὥσπερ

121 1557 185 1606 τὴν
211 1558 404 1611 Αἴγυπτον,
423 1559 500 1598 ἀλλ’
533 1559 683 1613 ἀρχαίαν
714 1575 753 1599 τε
783 1560 843 1599 καὶ
876 1562 923 1605 ὡς
943 1561 1070 1605 ἐκεῖνος
1094 1559 1158 1599 κέ-

121 1618 250 1665 κληκεν
271 1620 454 1669 αὖτοπαγῆ
481 1618 652 1670 (Aristid.
685 1632 771 1670 pag.
807 1619 911 1671 590).
945 1618 1068 1673 Ἀραιὰ
1087 1618 1159 1673 ,γὰρ

122 1680 144 1724 ἡ
168 1676 346 1728 Αἴγυπτος
362 1676 421 1716 καὶ
440 1676 541 1731 ῥᾳδία
559 1676 705 1721 λιὸάδας
723 1678 900 1717 διαδοῦναι
917 1679 983 1730 (id.
999 1693 1037 1730 p.
1055 1679 1158 1730 593).

122 1735 276 1789 ’Ὶίφορος
303 1763 344 1775 ...
377 1735 483 1774 εἰπὼν
519 1734 568 1787 μὴ
600 1737 668 1774 δεῖν
709 1735 829 1775 ἄλλοθι
857 1737 984 1785 ζητεῖν,
1012 1737 1051 1775 οὗ
1092 1734 1159 1790 γὰρ

125 1788 214 1833 εἶναι
233 1793 359 1832 ταυτόν
381 1795 446 1846 (id.
463 1809 500 1846 p.
518 1796 620 1845 295).
638 1796 722 1838 Πῶς
741 1789 799 1833 οὖν
819 1796 854 1833 αἱ
867 1793 988 1848 πόρρω
1002 1798 1062 1833 τοῦ
1077 1794 1159 1835 Νεί-

123 1855 200 1901 λου,
222 1852 321 1907 φησὶ,
338 1852 462 1904 λίμναι
493 1854 728 1907 πληροῦνται,
765 1851 861 1906 εἴπερ
893 1852 926 1898 ἐξ
959 1852 1101 1907 ὄμὸρων
1134 1852 1156 1900 ἢ

121 1910 235 1963 χιόνος
259 1910 420 1959 λυθείσης
439 1910 592 1965 αἴρεται;
619 1911 682 1964 (id.
711 1926 748 1963 p.
777 1912 882 1963 589).
911 1913 979 1951 His
1006 1912 1158 1950 tandem

124 1971 207 2011 linit
222 1986 229 2008 :
245 1973 413 2011 Τοσαῦτα
431 1970 473 2018 δὴ
494 1973 579 2022 ἡμῖν
605 1970 664 2008 καὶ
682 1970 767 2023 πρὸς
783 1969 845 2018 τὴν
862 1970 1014 2024 Ἐφόρου
1034 1970 1157 2025 σοφίαν

123 2028 183 2067 καὶ
215 2029 361 2081 γνώμην
393 2027 517 2076 καινὴν
539 2028 713 2082 εἰρήσθω,
746 2027 798 2067 ὅτι
823 2028 882 2067 καὶ
916 2027 1017 2080 μόνος
1050 2023 1159 2081 ἧφθαι

121 2086 206 2142 φησὶ
226 2091 289 2135 τ’ἧς
309 2086 482 2134 ἀληθείας.
501 2104 517 2121 υ
534 2088 665 2125 Mat-x.

175 2147 356 2199 Stephan.
387 2150 475 2196 Byz.
496 2161 503 2183 :
524 2143 656 2195 Δέλτα,
740 2148 844 2192 νῆσος
881 2144 1077 2197 Αἷγύπτου’
1112 2147 1158 2190 ὡς

121 2202 294 2260 Ἰἰφορος,
310 2205 388 2244 κατ’
408 2204 621 2256 Αἰγυπτίους
650 2204 850 2254 καλουμένη
870 2204 1066 2258 ῘΙτίμυρις,
1087 2203 1157 2243 ἀπὸ

119 2266 181 2310 τῆς
199 2268 260 2303 τοῦ
279 2263 462 2316 σχήματος
489 2262 707 2314 ὁμοιότητος.
734 2282 748 2298 (ι
772 2267 891 2301 Marx.
913 2263 1154 2301 scribendum

123 2331 230 2373 putat
254 2331 401 2360 mutato
419 2322 628 2360 verborum
654 2322 799 2370 ordine,
825 2324 928 2368 νῆσος
947 2327 986 2363 Α.
1010 2321 1079 2360 ἀπὸ
1096 2324 1158 2369 τῆς

119 2396 150 2419 τ.
171 2396 203 2419 σ.
233 2383 277 2430 6.,
294 2382 340 2424 ὡς
372 2384 414 2420 Ε.
444 2395 477 2418 κ.
502 2385 545 2419 Λ.
567 2396 601 2420 κ.
622 2381 809 2431 lI.,quod
830 2381 1083 2432 probandum,
1105 2381 1157 2418 si-

120 2440 275 2490 quidem
298 2448 404 2503 fecte
438 2439 537 2477 dixit
570 2440 744 2490 litigius(
761 2440 884 2478 Ueber
904 2442 975 2477 den
1001 2441 1158 2488 Mytlms

162 2550 312 2592 Ephorus
338 2551 371 2583 et
395 2550 644 2591 Theopompus,
673 2549 747 2581 licet
778 2550 918 2581 maxime
944 2549 1089 2581 omnium
1120 2549 1155 2581 in

122 2599 204 2630 lianc
219 2597 432 2639 qiioestionem
448 2597 534 2629 vires
554 2596 764 2635 intenderint,
787 2597 955 2628 veritatem
974 2598 1080 2628 tamen
1099 2595 1157 2627 mi-

122 2644 207 2676 nime
222 2645 450 2684 assequuntur.
472 2643 512 2676 ni
526 2651 639 2675 omnes
655 2651 723 2675 nou
733 2642 865 2684 quidem
878 2643 1081 2684 negligentia,
1098 2642 1156 2675 sed
1198 2652 1209 2656 ’-

122 2690 320 2730 ignoratione
335 2690 395 2723 loci
411 2689 613 2722 aberrarunt.

163 2737 246 2769 Dicit
258 2737 406 2778 Ephorus
416 2736 482 2769 lieri
490 2745 554 2769 non
564 2745 670 2778 posse,
679 2738 716 2769 ut
731 2736 802 2769 aliis
811 2737 905 2769 terris
916 2737 978 2769 hoc
984 2737 1154 2775 accideret,

121 2784 240 2825 quippe
253 2792 326 2825 qum
341 2793 400 2816 nec
413 2792 568 2816 concavoe
581 2785 702 2823 essent,
716 2792 775 2815 nec
790 2786 940 2825 aggestoe,
957 2784 1042 2816 sient
1057 2785 1154 2824 AEgy-

122 2833 206 2871 plus,
225 2831 281 2862 sed
303 2831 446 2872 antiquie
461 2840 498 2863 ac
511 2855 520 2871 ,
537 2830 813 2872 quemadmodum
832 2831 900 2872 ipse
915 2831 982 2870 ait,
1003 2830 1045 2862 ab
1059 2830 1153 2871 origi·

122 2887 160 2908 ne
182 2877 293 2909 lirmar„
312 2898 352 2905 -
370 2880 525 2920 AEgyptus
541 2878 627 2910 enim
655 2877 745 2910 arida
762 2880 812 2910 est
832 2880 929 2919 atque
961 2877 1054 2910 facile
1067 2877 1152 2910 exci-

122 2923 170 2963 pit
186 2933 314 2964 nquam.
328 2943 368 2948 -
385 2926 532 2967 Ephorus
552 2925 630 2957 dicit
647 2933 710 2957 nou
729 2924 844 2958 debere
858 2925 919 2958 hoc
935 2925 1012 2957 alibi
1026 2925 1148 2966 quoeri;

122 2979 189 3001 rom
214 2970 300 3002 enim
326 2981 390 3003 non
418 2972 553 3005 eaiulein
574 2980 656 3004 esse.
683 2989 723 2995 —
739 2971 911 3010 Quomodo
939 2972 1037 3014 igitur
1061 2972 1151 3004 lacus

123 3015 214 3054 longe
242 3026 260 3047 a
288 3017 359 3048 Nilo
389 3018 494 3051 dissiti
528 3018 705 3059 implentur
723 3042 732 3058 ,
765 3018 792 3050 si
821 3018 978 3051 imbribus
1009 3020 1041 3051 et
1078 3018 1151 3051 nive

122 3061 227 3094 soluta
242 3063 359 3094 flumen
375 3065 572 3097 incrementa
586 3065 696 3106 capit?
712 3085 752 3095 .-
775 3067 852 3097 nme
865 3066 952 3098 dicta
970 3065 1063 3098 nobis
1085 3066 1151 3098 sint

123 3107 162 3139 de
174 3110 329 3149 sapientia
348 3112 464 3151 Ephori
482 3112 585 3153 deque
598 3122 682 3145 nova
698 3122 768 3154 ejus
787 3113 956 3152 sententia,
974 3113 1030 3154 qui
1043 3113 1148 3145 solum

123 3163 157 3185 ue
172 3163 283 3187 verum
297 3156 376 3189 dicit
394 3158 547 3197 attigisse.

165 3200 268 3239 Delta,
278 3225 285 3232 .
305 3225 312 3233 .
326 3204 449 3244 [Empti
466 3205 581 3244 insula,
591 3214 609 3237 a
620 3206 729 3246 figurae
741 3206 953 3239 similitudine
969 3207 1148 3247 nominata,

125 3255 198 3287 qum
210 3247 251 3279 ab
264 3249 431 3289 aegyptiis,
451 3253 532 3283 teste
552 3253 691 3292 Ephoro,
710 3254 862 3294 l'timyris
879 3254 1067 3295 appellatur.

594 3301 607 3332 l
618 3301 680 3333 09.

166 3341 271 3381 Atque
287 3340 327 3372 nd
348 3342 409 3373 hoe
426 3343 693 3385 (sententiarum,
711 3347 921 3388 opinionum,
940 3348 1143 3389 placitorum)

125 3396 224 3428 genus
239 3397 311 3429 qum
327 3389 367 3421 al)
383 3390 511 3431 Ephoro
527 3392 695 3423 iuulecimo
712 3394 927 3427 ilistoriarum
940 3395 1020 3428 libro
1031 3399 1144 3429 contra

904 183 1099 223 Ernom
1125 184 1461 227 FRAGMENTA.

1216 284 1255 322 p.
1278 273 1367 324 306)
1382 286 1515 312 vocem
1540 274 1712 328 Πτίμυρις
1728 277 1962 328 significare:
1985 281 2119 317 donum
2140 282 2241 319 Μω-

1215 332 1313 368 ridi-5.

1687 400 1771 437 109.

1270 462 1469 513 Ephorum
1492 465 1655 502 aliorum
1681 479 1836 517 quoque
1857 466 1904 505 de
1924 467 1999 505 Nili
2017 467 2243 508 incrementi

1216 522 1421 560 sententias
1451 525 1682 562 recensuisse
1712 524 1903 563 declarant
1928 525 2081 564 Aristid.
2107 535 2132 566 t.
2161 531 2243 579 111,

1216 593 1256 631 p.
1275 581 1348 630 593
1366 581 1407 632 (t.
1422 585 1479 630 11,
1494 596 1532 633 p.
1549 583 1622 620 352
1643 583 1772 632 Jebb.)
1785 614 1795 631 ‚
1815 584 1880 622 ubi
1905 585 2064 635 Ephoro
2089 585 2243 638 objicit,

1216 637 1330 677 καίτοι
1350 638 1434 693 πρός
1449 655 1489 691 γε
1505 639 1561 684 οὓς
1580 641 1681 685 αὐτὸς
1699 640 1890 694 ἀντιλέγει,
1910 642 1970 681 καὶ
1991 643 2025 681 ἓν
2045 645 2244 698 ποιησάμε-

1215 711 1271 741 νος
1290 697 1515 751 παράδειγμα
1540 699 1820 749 ἀπαλλάττεται,
1841 710 1879 738 et
1903 701 2011 739 Theo
2035 705 2242 755 Progymn.

1216 770 1299 808 cap.
1316 760 1368 804 11,
1386 771 1424 809 p.
1448 771 1492 795 ια
1514 759 1622 796 Basil.
1641 773 1649 796 ε
1672 759 1744 798 Καὶ
1773 760 1824 797 δεῖ
1853 759 2038 813 ἁρμόττειν
2058 761 2116 800 ἐπὶ
2141 766 2245 803 τοῦτο

1215 815 1255 854 τὸ
1277 811 1365 859 εἶδος
1380 817 1446 868 (sc.
1465 819 1592 869 χρειῶν
1610 818 1670 856 καὶ
1686 820 1835 869 γνωμῶν
1853 818 1913 856 καὶ
1937 818 2164 873 ἀποφάσεων)
2178 819 2244 862 ὅσα

1215 874 1354 927 λέγεται
1373 876 1440 915 ὑπὸ
1454 881 1515 915 τοῦ
1533 876 1684 932 Ἐφόρου
1698 879 1733 917 ἐν
1749 881 1792 931 τῇ
1805 878 1971 930 ἑνδεκάτῃ
1988 882 2057 918 τῶν
2065 879 2244 935 Ἱστοριῶν

1215 934 1300 989 πρὸς
1312 935 1373 979 τὰς
1390 935 1457 974 ὑπὸ
1472 938 1541 975 τῶν
1558 936 1798 991 παλαιοτέρων
1816 938 1895 992 περὶ
1914 942 1974 976 τοῦ
1992 939 2118 979 Νείλου
2135 955 2243 980 κατα-

1217 993 1438 1045 ὅεῧλημένας
1455 995 1656 1049 ἀποφάσεις.
1673 997 1728 1035 cf.
1744 997 1867 1035 Seliol.
1882 998 2064 1048 Apollon.
2079 1002 2143 1047 IV,
2155 1001 2244 1050 269,

1217 1052 1282 1090 ubi
1297 1067 1344 1091 ex
1371 1054 1549 1091 Aristone
1563 1054 1659 1092 Chio
1673 1055 1832 1092 eandem
1847 1068 1962 1106 quam
1977 1055 2154 1107 Ephorus
2171 1057 2242 1096 ha—

1216 1110 1333 1150 bebat
1358 1112 1405 1150 de
1430 1113 1518 1150 Nilo
1544 1114 1769 1151 sententiam
1795 1114 1968 1165 exponit.

1674 1195 1788 1204 ἤι’-

1410 1240 1563 1279 Lmen
1593 1239 1933 1281 DUODECIMUS
1961 1242 2055 1293 (13).

1692 1311 1706 1348 1
1721 1310 1779 1350 ιο.

1270 1374 1488 1426 Stephanus
1512 1374 1631 1427 Τύχη,
1651 1373 1752 1418 πόλις
1772 1374 1934 1420 Σικελίας
1952 1376 2100 1424 πλησίον
2121 1378 2243 1433 Συρα-

1217 1435 1364 1471 κουσῶν.
1400 1431 1552 1487 Ἔφορος
1596 1435 1631 1472 ἐν
1676 1433 1934 1487 δυοκαιδεκάτῳ
1965 1437 2070 1483 νῆσον
2104 1438 2244 1492 Τυχίαν

1217 1492 1333 1546 φησίν.

1694 1552 1778 1590 Ill.

1270 1617 1396 1655 schol.
1413 1632 1420 1655 :
1436 1617 1588 1655 Pindari
1603 1617 1709 1667 Pyth.
1724 1621 1755 1666 Ι,
1778 1618 1850 1663 146
1865 1633 1873 1656 :
1887 1616 1956 1662 ε’ος
1971 1634 2050 1672 σφιν
2068 1620 2104 1658 ἕν
2126 1618 2245 1675 πόντῳ

1218 1674 1334 1728 βάλεθ’
1360 1673 1512 1722 ἁλικίαν,
1529 1674 1674 1713 Ἑλλάδ’
1703 1673 1850 1719 ἐξέλκων
1883 1676 2025 1730 βαρείας
2059 1677 2244 1731 δουλείας.]

1217 1734 1320 1777 Εἰκὸς
1350 1731 1386 1771 δὲ
1411 1739 1486 1776 ταῖς
1515 1732 1665 1787 Ἐφόρου
1693 1734 1859 1788 ἱστορίαις
1881 1735 2070 1788 ἐντυχόντα
2087 1736 2190 1787 (εἰκὸς
2208 1735 2245 1776 δὲ

1215 1793 1273 1832 τὸν
1302 1791 1454 1846 Ἔφορον
1472 1793 1507 1830 ἐν
1528 1798 1602 1835 ταῖς
1621 1791 1787 1845 ἱστορίαις
1809 1793 1998 1845 ἐντυχόντα
2013 1797 2063 1849 τῷ
2078 1795 2245 1850 Πινδάρῳ

1216 1852 1366 1890 emend.
1389 1855 1528 1898 Marx.)
1545 1850 1603 1889 τὸν
1621 1850 1796 1905 Πίνδαρον
1815 1851 2124 1901 ἐξηκολουθηκέναι
2140 1854 2243 1894 αὐτὸν

1215 1912 1321 1963 αὐτῷ·
1341 1912 1471 1963 ἱστορεῖ
1490 1909 1557 1964 γὰρ
1576 1907 1728 1964 Ἔφορος
1742 1914 1911 1959 τοιοῦτον,
1930 1910 1984 1949 ὅτι
2011 1926 2243 1965 παρασκευα-

1215 1967 1360 2020 ζομένου
1378 1967 1511 2022 Ξέρξου
1525 1967 1583 2007 τὸν
1603 1968 1660 2007 ἐπὶ
1680 1971 1723 2021 τῇ
1751 1968 1900 2008 Ἑλλάδι
1923 1969 2058 2018 στόλον,
2081 1969 2244 2025 πρέσὸεις

1214 2025 1472 2081 παραγενέσθαι
1492 2025 1578 2080 πρὸς
1597 2025 1740 2066 Γέλωνα
1758 2026 1816 2065 τὸν
1834 2026 2014 2081 τύραννον.
2028 2027 2244 2073 ἱκετεύοντας

1215 2087 1262 2130 εἷς
1280 2086 1338 2125 τὸν
1357 2087 1426 2124 τῶν
1445 2085 1628 2132 Ἑλλήνων
1647 2084 1814 2136 σύλλογον
1835 2087 1964 2125 ἐλθεῖν·
1984 2088 2024 2125 ἐκ
2041 2087 2078 2126 δὲ
2095 2089 2242 2141 Περσῶν

1214 2144 1274 2183 καὶ
1299 2143 1477 2185 Φοινίκων
1497 2142 1659 2196 πρέσὸεις
1673 2143 1758 2198 πρὸς
1773 2144 2052 2198 Καρχηδονίους,
2068 2145 2243 2200 προστάσ-

1215 2218 1338 2247 σοντας
1357 2206 1403 2247 ὡς
1417 2204 1580 2241 πλεῖστον
1601 2201 1672 2241 δέοι
1689 2202 1811 2241 στόλον
1822 2219 1830 2227 ·
1846 2205 1892 2247 εἷς
1910 2203 2074 2243 Σικελίαν
2089 2220 2127 2244 τε
2145 2205 2242 2257 βαδί-

1215 2264 1296 2311 ζειν,
1314 2261 1404 2314 [xcxi]
1417 2261 1769 2316 καταστρεψαμένους
1790 2260 1870 2306 τοὺς
1896 2262 1940 2301 τὰ
1963 2265 2034 2301 τῶν
2056 2262 2242 2311 Ἑλλήνων

1214 2324 1433 2374 φρονοῦντας,
1449 2322 1548 2359 πλεῖν
1569 2320 1626 2359 ἐπὶ
1660 2319 1928 2368 Πελοπόννησον
1942 2336 1950 2345 ·
1978 2320 2182 2376 ἀμφοτέρων
2205 2322 2242 2361 δὲ

1212 2378 1310 2418 τόνδε
1337 2378 1396 2418 τὸν
1422 2377 1524 2431 λόγον
1541 2378 1820 2430 ὑποδεξαμένων,
1842 2379 1902 2418 καὶ
1926 2383 1986 2419 τοῦ
2007 2379 2071 2433 μὲν
2088 2380 2243 2435 Ἱέρωνος

1216 2439 1310 2490 (leg.
1351 2437 1531 2490 Γέλωνος)
1549 2441 1785 2491 συμμαχῆσαι
1797 2444 1867 2483 τοῖς
1878 2437 2243 2494 θἘλλησιπροθυμου-

1216 2558 1361 2588 veterum
1375 2555 1415 2588 de
1430 2555 1503 2588 Nilo
1521 2556 1707 2597 opinionem
1721 2555 1928 2597 disputantur
1941 2579 1951 2595 ,
1969 2555 2134 2589 reserenda
2151 2561 2239 2590 sunt.

1463 2681 1616 2720 LIBER
1645 2680 1991 2721 DUODECIMUS.

1686 2758 1772 2791 110.

1253 2809 1372 2850 Tyche,
1393 2809 1471 2842 urbs
1488 2808 1615 2848 Sicilire,
1630 2818 1729 2850 prope
1745 2811 1932 2851 Syracusas.
1945 2811 2096 2853 Ephorus
2109 2810 2141 2844 in
2154 2811 2236 2846 duo-

1211 2856 1337 2888 decimo
1356 2855 1492 2888 insulam
1510 2855 1665 2895 Tychiam
1678 2855 1770 2888 dicit.

1687 2910 1773 2942 111.

1253 2972 1420 3006 Probabile
1434 2974 1483 3004 est
1499 2971 1672 3004 Pindarum
1700 2972 1732 3004 in
1750 2973 1870 3013 Ephori
1896 2972 1974 3012 (imo
2001 2973 2184 3015 Ephorum
2199 2977 2235 3008 in
2302 2968 2305 2993 ἶ

1210 3019 1371 3059 Pindari)
1392 3019 1609 3051 narrationem
1625 3018 1788 3058 incidisse,
1815 3028 1950 3060 eamque
1979 3023 2128 3053 secutum
2152 3030 2233 3055 esse.

1209 3069 1322 3100 Narrat
1333 3067 1420 3098 enim
1437 3066 1597 3106 Ephorus,
1614 3068 1719 3098 Xerxe
1735 3066 1869 3098 classem
1885 3069 1998 3099 contra
2013 3068 2172 3100 Graeciam
2185 3077 2237 3111 pa-
2296 3102 2298 3106 ,

1209 3116 1311 3153 rante,
1325 3114 1444 3154 legatos
1458 3112 1574 3146 adiisse
1588 3113 1743 3146 Gelonem
1764 3116 1947 3154 tyrannum,
1964 3116 2131 3155 precantes
2148 3117 2184 3148 ut
2195 3114 2235 3148 ud

1208 3163 1395 3193 Grmcorum
1423 3160 1608 3192 societatem
1624 3159 1807 3198 accederet3
1826 3160 1963 3191 aversis
1987 3169 2064 3192 vero
2089 3162 2122 3193 et
2141 3161 2234 3193 1³11oe-

1207 3207 1331 3239 nicibus
1351 3207 1470 3247 legatos
1486 3206 1602 3239 missos
1618 3215 1690 3238 esse
1706 3205 1746 3237 ad
1764 3205 2054 3246 Carthaginienses,
2080 3206 2234 3248 imperan-
2280 3208 2320 3218 “³

1207 3257 1256 3287 tes
1283 3256 1318 3285 ut
1335 3262 1432 3294 quam
1457 3253 1632 3285 maximam
1647 3253 1782 3284 classem
1800 3255 1966 3293 pararent,
1991 3253 2073 3285 utin
2091 3254 2232 3286 Siciliam
2286 3254 2287 3258 ’

1206 3301 1404 3342 trajicerent,
1426 3301 1479 3339 et,
1504 3300 1660 3341 superatis
1689 3299 1734 3332 ibi
1760 3300 1851 3340 quia
1875 3301 2061 3332 Graecorum
2087 3300 2232 3341 partibus
2283 3298 2295 3334 ’,

1206 3349 1344 3386 starent,
1363 3347 1394 3379 in
1416 3347 1687 3388 Peloponnesum.
1712 3346 1864 3387 Utrisque
1891 3356 1957 3379 rem
1980 3356 2000 3379 a
2032 3347 2143 3388 legatis
2165 3355 2233 3389 pm-
2287 3364 2289 3366 ·

1205 3395 1343 3437 positam
1378 3394 1652 3436 approbantibus,
1691 3394 1811 3426 Gelone
1853 3394 1893 3425 ad
1922 3393 2083 3426 bellicum
2109 3393 2230 3427 Graecis
2283 3421 2286 3424 ⁴
