2320 3684
777 106 882 146 PHY
889 105 1080 146 LARCHI
1109 104 1443 146 FRAGMENTA.

114 196 369 249 phylarchum
388 196 436 235 de
454 208 548 235 voce
567 194 783 243 rhomphaea
802 193 842 230 in
866 192 956 230 belli
973 193 1084 231 Cleo-

2105 113 2180 146 353

1200 192 1377 246 Προναίας
1415 206 1487 244 pro
1522 190 1684 245 προνοίας
1719 190 1827 230 dedit
1860 193 2087 246 Wesseling.
2125 194 2180 231 Ct.

48 256 198 296 'menici
211 254 452 295 enarratione
467 253 602 304 egisse,
619 250 814 302 colligitur
830 263 879 288 ex
892 250 1085 288 Plutarch.
1146 252 1300 290 Miiller.
1318 251 1531 304 Appendix
1548 250 1596 289 ad
1613 250 1704 289 edit.
1725 250 1900 301 AEschyli
1921 254 2034 290 Eum.

59 316 204 356 Cleom.
227 316 276 354 26
294 329 303 352 ι
322 313 408 365 Ἅμ’
426 311 544 366 ἡμέρᾳ
561 310 648 366 πρὸς
665 312 709 362 τῇ
726 308 827 349 πόλει
839 311 910 348 τῶν
926 308 1087 363 Ἀργείων

59 373 215 428 ἀνεφάνη
247 374 280 426 (ὁ
309 369 525 423 Κλεομένης)
558 370 695 422 πορθῶν
727 367 767 407 τὸ
797 366 915 406 πεδίον
944 366 1004 405 καὶ
1030 366 1089 405 τὸν

59 439 154 472 σῖτον
187 433 227 471 οὗ
258 430 383 485 κείρων
397 460 409 479 ,
443 428 562 483 ὥσπερ
588 429 620 467 οἱ
650 426 787 476 λοιποὶ,
813 425 1000 480 δρεπάναις
1030 425 1090 464 καὶ

61 490 276 544 μαχαίραις,
290 487 382 527 ἀλλὰ
407 487 547 528 κόπτων
574 485 687 533 ξύλοις
713 485 878 539 μεγάλοις
900 485 948 529 εἷς
966 485 1091 537 σχῆμα

61 548 232 604 ῥομφαίας
251 545 592 638 ἀπειργασμένοιςὲξ)

111 653 304 694 Plutarch.
325 657 434 692 Arat.
453 653 516 702 38,
540 660 747 704 postquam
776 665 824 689 ex
852 649 1011 701 Polybio
1028 662 1092 687 re-

62 713 168 763 tulit,
199 714 364 753 Aratum
398 712 632 750 Macedones
653 710 915 758 arcessivisse,
946 707 1093 746 invidia

61 773 102 811 in
133 773 381 812 Cleomenem
408 770 589 818 ductum,
618 769 725 808 addit
747 785 756 808 :
785 767 939 821 Ὁμοίως
964 766 1002 806 δὲ
1032 765 1092 807 καὶ

61 830 254 886 Φύλαρχος
270 829 435 885 ἱστόρηκε
453 828 534 884 περὶ
559 827 704 868 τούτων.

345 1006 540 1046 Parthenii
567 1005 723 1045 Erotica
743 1006 806 1045 25.

405 1073 509 1105 ΠΕΡῙ
531 1073 746 1105 ΦΑΥΛΛΟΥ.

412 1126 544 1170 Ἱστορεῖ
557 1126 735 1169 Φύλαρχος.

93 1179 283 1224 ’Φάῦλλος
296 1177 332 1218 δὲ
345 1178 510 1233 τύραννος
534 1178 673 1234 ἠράσθη
705 1181 767 1227 τῆς
794 1178 998 1233 Ἀρίστωνος
1027 1196 1095 1233 γυ-

62 1238 197 1287 ναικὸς,
223 1238 259 1283 ὃς
290 1239 446 1279 Οἰταίων
462 1238 667 1293 ζπροστάτης
685 1232 748 1287 ἦν·
769 1233 867 1283 οὗτος
892 1239 1096 1292 διαπεμπό-

62 1313 164 1350 μενος
198 1297 285 1352 πρὸς
325 1296 434 1346 αὐτὴν
472 1297 602 1352 χρυσόν
637 1314 677 1336 τε
703 1297 813 1337 πολὺν
845 1297 905 1337 καὶ
945 1298 1094 1354 ἄργυρον

62 1356 298 1409 ἐπηγγέλλετο
316 1356 455 1406 δώσειν,
475 1356 508 1396 εἴ
523 1356 564 1396 τέ
582 1373 675 1402 τινος
699 1356 807 1396 ἄλλου
827 1356 939 1397 δέοιτο
953 1358 1094 1413 φράζειν

63 1414 218 1455 ἐκέλευεν
244 1417 292 1461 ὡς
307 1419 376 1470 οὐχ
402 1415 712 1470 ἅμαρτησομένην.
732 1415 810 1464 Τὴν
832 1417 862 1455 δ’
890 1416 960 1471 ἄρα
987 1417 1096 1463 πολὺς

62 1468 136 1528 εἶχε
152 1474 256 1519 πόθος
275 1473 385 1529 ὅρμου
403 1478 465 1514 τοῦ
484 1474 564 1514 τότε
581 1474 744 1527 κειμένου
765 1476 800 1514 ἐν
819 1477 870 1529 τῷ
898 1479 962 1524 τῆς
990 1478 1095 1530 Προ-

62 1534 161 1578 ναίας
180 1534 324 1582 Ἀθηνᾶς
353 1535 449 1588 ἱερῷ,
474 1532 512 1573 ὃν
539 1527 614 1587 εἶχε
643 1533 746 1587 λόγος
764 1534 959 1589 Ἐριφύλης
988 1551 1096 1588 γεγο-

19 1615 24 1619 ·
62 1596 286 1647 νέναι,ἠξίου
311 1614 349 1637 τε
375 1597 508 1646 ταύτης
537 1600 600 1646 τῆς
617 1598 748 1652 δωρεᾶς
767 1604 899 1652 τυχεῖν.
929 1600 1098 1644 Φάϋλλος

63 1657 100 1697 δὲ
129 1657 174 1697 τά
204 1673 243 1697 τε
274 1657 364 1696 ἄλλα
400 1655 609 1711 κατασύρων
641 1658 682 1696 ἐκ
708 1659 855 1709 Δελφῶν
885 1658 1098 1709 ἀναθήματα

63 1717 258 1771 ἀναιρεῖται
275 1716 336 1755 καὶ
355 1715 414 1755 τὸν
429 1714 548 1770 ὅρμον.
569 1715 674 1756 Ἐπεὶ
694 1715 732 1754 δὲ
751 1715 956 1768 διεκομίσθη
980 1719 1028 1761 εἷς
1045 1710 1100 1756 οῗ-

62 1789 122 1815 κον
138 1774 197 1814 τὸν
212 1774 436 1829 Ἀρίστωνος,
464 1773 589 1828 χρόνον
617 1772 684 1825 μέν
703 1789 783 1813 τινα
809 1773 925 1829 ἐφόρει
951 1775 1054 1815 αὐτὸν
1074 1779 1097 1824 ἡ

62 1833 148 1886 γυνὴ
175 1834 273 1886 μάλα
311 1834 524 1889 περίπυστον
553 1833 637 1873 ὄντα
663 1833 891 1887 (περίπυστος
914 1827 1003 1874 oiim
1024 1839 1100 1875 Le—

1634 321 1696 359 61.

1206 389 1399 439 Diogenes
1426 387 1601 426 Laertius
1619 389 1696 435 IX,
1717 399 1754 435 7,
1783 400 1798 424 1
1811 386 1856 424 15
1874 401 1882 423 :
1904 385 1970 430 Ὡς
1990 385 2027 424 δὲ
2055 385 2185 425 Ἱππό-

1149 448 1248 491 ὅοτός
1286 461 1372 500 φησι
1400 445 1460 484 καὶ
1504 444 1651 484 Σωτίων
1667 475 1678 493 ,
1709 444 1899 492 διήκουσαν
1929 448 1990 484 τοῦ
2019 444 2184 497 Τίμωνος

1148 504 1399 558 Διοσκουρίδης
1436 502 1594 557 Κύπριος
1636 503 1696 542 καὶ
1730 502 1925 557 Νικόλοχος
1950 503 2087 548 Ῥόδιος
2124 504 2185 543 καὶ

1149 564 1347 619 Εὐφράνωρ
1380 562 1571 607 Σελευκεὺς
1603 562 1769 617 Πραΰλος
1792 579 1830 602 τε
1850 563 1920 604 ἀπὸ
1943 563 2124 618 Τρωάδος,
2150 563 2186 607 ὃς

1149 624 1240 664 οὕτω
1265 621 1468 676 καρτερικὸς
1485 621 1634 673 ἐγένετο,
1651 622 1742 661 καθά
1759 638 1845 676 φησι
1869 622 2062 677 Φύλαρχος
2083 625 2183 662 ἱστο-

1151 685 1234 737 ρῶν,
1261 681 1353 721 ὥστε
1385 679 1513 723 ἀδίκως
1541 682 1728 731 ὑπομεῖναι
1758 682 1805 725 ὥς
1839 681 1897 719 ἐπὶ
1922 680 2093 735 προδοσίᾳ
2122 697 2186 720 κο-

1148 743 1322 788 λασθῆναι
1332 771 1343 789 ,
1361 736 1452 791 μηδὲ
1466 737 1572 790 λόγου
1585 738 1665 783 τοὺς
1683 739 1829 784 πολίτας
1845 739 2077 786 καταξιώσας.

1639 802 1702 842 62.

1202 871 1411 911 Athenaeus
1424 871 1524 913 XII,
1545 869 1589 906 31
1603 897 1616 915 ‚
1637 882 1675 919 p.
1707 869 1796 918 526,
1816 873 1851 908 A
1870 885 1878 907 :
1899 869 2118 924 Κολοφώνιοι
2144 871 2187 918 δ’,

1149 929 1198 974 ὥς
1220 944 1307 984 φησι
1334 926 1542 980 Φύλαρχος,
1557 925 1620 973 τὴν
1639 926 1752 980 ἀρχὴν
1770 926 1866 971 ὄντες
1891 927 2038 981 σκληροὶ
2055 929 2090 966 ἐν
2114 934 2190 972 ταῖς

1153 992 1326 1042 ἀγωγαῖς,
1346 985 1423 1025 ἐπεὶ
1437 987 1484 1028 εἷς
1499 984 1632 1039 τρυφὴν
1655 984 1839 1030 ἐξώκειλαν
1861 986 1946 1040 πρὸς
1966 987 2100 1031 Λυδοὺς
2126 1003 2187 1042 φι-

1151 1048 1231 1088 λίαν
1250 1047 1310 1086 καὶ
1331 1047 1541 1098 συμμαχίαν
1567 1043 1824 1095 ποιησάμενοι,
1841 1045 2018 1099 προῄεσαν
2040 1047 2188 1095 διησκη-

1154 1107 1253 1160 μένοι
1280 1104 1344 1149 τὰς
1371 1103 1483 1156 κόμας
1509 1105 1633 1158 χρυσῷ
1664 1102 1802 1156 κόσμῳ,
1827 1104 1874 1147 ὡς
1900 1103 1960 1142 καὶ
1987 1104 2191 1158 Ξενοφάνης

1151 1166 1271 1221 φησίν·

1193 1244 1379 1288 Ἀφροσύνας
1398 1243 1432 1275 δὲ
1449 1241 1596 1284 μαθόντες
1611 1241 1783 1282 ἀνωφελέας
1802 1241 1886 1285 παρὰ
1901 1243 2025 1281 Λυδῶν,

1277 1291 1355 1334 ὄφρα
1366 1289 1527 1333 τυραννίης
1540 1289 1621 1329 ἦσαν
1637 1289 1710 1321 ἄνευ
1729 1293 1877 1331 στυγερῆς
1887 1313 1896 1329 ,

1193 1339 1290 1381 ᾔεσαν
1305 1339 1348 1375 εἷς
1362 1338 1477 1380 ἀγορὴν
1492 1337 1708 1379 παναλουργέα
1724 1336 1808 1379 φάρε’
1826 1337 1948 1378 ἔχοντες
1958 1360 1968 1376 ,

1277 1386 1314 1418 οὐ
1328 1385 1431 1426 μείους
1445 1386 1524 1426 ἥπερ
1543 1384 1637 1425 χίλιοι
1657 1384 1699 1420 εἰς
1714 1384 1828 1416 ἐπίπαν
1841 1392 1850 1400 ·

1194 1434 1342 1475 αὐχαλέοι
1361 1433 1506 1475 χαίτῃσιν
1522 1431 1705 1472 ἀγαλλόμεν’
1722 1432 1958 1474 εὐπρεπέεσσιν,

1277 1480 1426 1519 ἀσκητοῖς
1443 1480 1541 1521 ὀδμὴν
1558 1479 1689 1522 χρίμασι
1710 1479 1886 1520 δευόμενοι.

1154 1538 1262 1579 Οὕτω
1282 1538 1311 1577 δ’
1326 1537 1534 1585 ἐξελύθησαν
1551 1536 1608 1575 διὰ
1632 1536 1696 1588 τὴν
1718 1536 1862 1590 ἄκαιρον
1889 1535 2013 1588 μέθην,
2027 1535 2119 1575 ὥστε
2138 1553 2194 1576 τι-

1155 1596 1210 1642 νὲς
1240 1599 1355 1637 αὐτῶν
1382 1596 1460 1635 οὔτε
1490 1595 1728 1636 ἀνατέλλοντα
1752 1596 1810 1635 τὸν
1843 1595 1941 1643 ἥλιον
1961 1595 2040 1634 οὔτε
2070 1595 2196 1647 δυόμε-

1156 1671 1214 1695 νον
1241 1654 1441 1710 ἑοράκασιν.
1470 1654 1591 1706 Νόμον
1604 1670 1643 1693 τε
1659 1654 1788 1704 ἔθεντο,
1806 1653 1842 1699 ὃς
1864 1654 1916 1693 ἔτι
1934 1654 1994 1693 καὶ
2020 1654 2074 1708 ἐφ’
2092 1657 2194 1706 ἡμῶν

1154 1709 1212 1764 ἦν,
1231 1713 1293 1758 τὰς
1311 1713 1523 1768 αὐλητρίδας
1540 1713 1600 1752 καὶ
1626 1711 1689 1757 τὰς
1717 1713 1889 1767 ψαλτρίας
1912 1713 1972 1752 καὶ
2001 1712 2118 1752 πάντα
2150 1714 2196 1752 τὰ

1158 1777 1304 1813 τοιαῦτα
1332 1776 1402 1812 τῶν
1425 1772 1662 1828 ἀκροαμάτων
1689 1774 1734 1812 τὰ
1761 1772 1976 1825 μισθώματα
2001 1773 2195 1824 λαμὸάνειν

1157 1832 1227 1872 ἀπὸ
1264 1828 1359 1887 πρωῒ
1387 1832 1493 1887 μέχρι
1520 1832 1630 1884 μέσου
1654 1831 1790 1886 ἡμέρας
1819 1832 1879 1871 καὶ
1921 1832 2028 1893 μέχρι
2055 1831 2194 1885 λύχνων

62 1893 222 1946 grand),
255 1892 345 1946 μετὰ
380 1892 418 1932 δὲ
447 1896 559 1933 ταῦτα
584 1892 832 1946 παραπλήσιον
867 1894 956 1947 αὐτῇ
991 1894 1101 1939 πάθος
1156 1891 1273 1946 ἁφῶν·
1301 1891 1371 1930 ἀπὸ
1397 1892 1434 1930 δὲ
1459 1889 1583 1930 τούτου
1610 1890 1674 1938 τὴν
1706 1890 1833 1939 λοιπὴν
1867 1889 1977 1930 νύκτα
1995 1894 2087 1939 ἠσαν
2110 1892 2196 1945 πρὸς

63 1951 191 2000 συνέὸη
219 1955 289 1991 τῶν
315 1952 395 2008 περὶ
427 1951 492 2000 τὴν
512 1951 708 2007 Ἐριφύλην
729 1951 938 2004 γενομένων.
966 1952 1100 2007 Ὁλγὰρ
1157 1953 1207 2005 τῷ
1233 1950 1384 2002 μεθύειν.

62 2010 224 2065 νεώτερος
253 2013 324 2050 τῶν
354 2013 440 2051 υἱῶν
468 2013 575 2059 αὐτῆς
604 2010 726 2063 μανεὶς
746 2010 810 2060 τὴν
847 2011 960 2050 οἰκίαν
985 2013 1101 2066 ὑφῆψε

62 2070 121 2109 καὶ
145 2070 209 2118 τήν
239 2087 278 2109 τε
310 2070 446 2126 μητέρα
486 2071 545 2110 καὶ
585 2071 631 2110 τὰ
661 2070 775 2110 πολλὰ
805 2072 876 2110 τῶν
907 2071 1100 2123 κτημάτων

63 2128 260 2184 κατέφλεξε.

103 2293 229 2327 Similia
239 2294 376 2335 Polybio
393 2249 742 2337 Phylarchiig'quoque
757 2295 904 2329 narravit
919 2295 974 2337 (de
996 2296 1098 2328 Arato

62 2341 255 2374 Macedones
273 2341 458 2374 Cleomenis
472 2341 597 2374 invidia
615 2342 822 2384 arcessente),

489 2403 665 2418 ,ἅθ’--

542 2448 608 2482 60.

438 2513 493 2540 DE
527 2511 738 2541 PHAYLLO.

104 2567 218 2600 Narrat
226 2565 428 2607 Phylarchus
441 2577 448 2599 ε
460 2567 613 2608 Phayllus
625 2569 785 2609 tyrannus
798 2568 961 2601 Aristonis
973 2569 1096 2601 OEtaeo-

65 2622 136 2647 rnm
157 2614 303 2656 praefecti
329 2623 465 2648 uxorem
487 2615 631 2648 amabat.
653 2618 684 2648 Is
705 2625 764 2658 per
787 2615 1026 2649 internuntium
1055 2617 1097 2649 ad

65 2669 136 2694 eam
154 2661 292 2694 missum
308 2662 378 2694 auri
388 2664 420 2695 et
429 2663 552 2705 argenti
567 2673 720 2705 magnam
732 2664 799 2696 vim
814 2673 848 2698 se
863 2665 1015 2697 daturum
1031 2666 1097 2706 pol-

65 2707 171 2741 licitus
186 2711 247 2749 est,
266 2708 411 2752 dixitque
437 2719 510 2742 eam
538 2719 605 2742 non
630 2710 750 2743 frustra
766 2711 808 2743 ab
834 2712 905 2753 ipso
922 2712 1096 2753 petituram

64 2763 149 2795 csse,
165 2756 193 2789 si
208 2757 289 2798 quid
303 2757 527 2791 desideratura
545 2762 643 2792 esset.
661 2759 720 2792 Illa
742 2769 821 2792 vero
842 2769 960 2801 magno
975 2759 1096 2793 doside

65 2801 113 2835 rio
125 2803 255 2837 monilis
266 2804 450 2846 tenebatur,
470 2806 558 2847 quod
575 2806 608 2838 in
624 2806 746 2848 templo
764 2807 921 2839 Minervae
938 2807 1096 2850 Προναίας

66 2847 250 2891 depositum
268 2853 357 2891 erat,
387 2853 421 2884 et
444 2853 615 2894 Eriphyles
637 2853 738 2886 fuisse
759 2854 921 2886 ferebatur
938 2863 946 2885 :
964 2854 1095 2895 dignam

66 2895 248 2929 sehalaebat
260 2907 335 2939 quae
349 2898 412 2931 hoc
427 2908 548 2932 munus
566 2900 736 2942 acciperet.
753 2901 910 2942 Phayllus
935 2903 1044 2934 autem
1060 2904 1092 2934 et

66 2941 188 2984 reliqua
201 2945 406 2979 anathemata
422 2946 558 2979 abstulit
584 2948 717 2989 Delphis
741 2949 774 2981 et
789 2949 909 2982 monile
927 2959 935 2981 ε
952 2950 1041 2990 quod
1061 2950 1094 2982 in

66 2989 226 3024 Aristonis
241 2992 376 3026 domum
392 2994 536 3027 delatum
549 2995 748 3037 aliquamdiu
765 2997 914 3038 gestabat
927 2998 999 3039 eJus
1013 3007 1098 3030 uxor

69 3036 159 3091 valde
172 3039 366 3073 celebratum
379 3042 447 3081 (vel
463 3042 558 3075 valde
572 3042 810 3086 gloriabunda);
824 3045 942 3078 deinde
961 3054 1039 3079 vero
1059 3047 1098 3079 si-

67 3083 142 3138 mile
159 3086 238 3127 quid
257 3087 287 3120 ei
303 3088 420 3122 accidit
441 3098 479 3122 ac
503 3090 591 3131 quod
618 3091 783 3133 Eriphylae
803 3093 973 3126 acciderat.
990 3094 1098 3126 Minor

67 3138 152 3164 enim
174 3136 251 3165 natu
277 3134 360 3167 iilius
379 3136 448 3177 ejus
475 3136 584 3170 surore
614 3138 768 3180 abreptus
793 3140 928 3173 domum
953 3141 1098 3174 incendit

67 3179 265 3221 matremque
292 3182 391 3215 simul
414 3191 490 3216 cum
506 3184 667 3226 plerisque
682 3186 800 3227 opibus
813 3187 950 3220 exussit.

108 3283 311 3326 Hippobotus
348 3287 381 3320 et
419 3288 532 3322 Sotion
546 3238 669 3332 6iiiiiius
701 3291 902 3333 (Timonis)
933 3292 1098 3325 auditores

3 3367 6 3369 ,
67 3328 167 3364 tuisse
194 3332 327 3366 tradunt
363 3335 586 3369 Dioscoridem
619 3338 774 3379 cyprium
814 3341 847 3372 et
885 3339 1097 3372 Nicolochum

170 3392 364 3426 FRAGMENTA
387 3403 635 3429 nis'romconuu.

1211 2014 1288 2049 Pro
1327 2008 1409 2048 ἄνευ
1440 2012 1610 2064 στυγερῆς
1643 2018 1791 2048 veteres
1824 2009 2013 2048 editiones
2052 2010 2194 2048 habent

1158 2070 1216 2109 ἐπὶ
1253 2074 1442 2124 στυγερῆς,
1481 2071 1589 2122 quod
1618 2071 1901 2122 praeferendum
1932 2079 2009 2118 est;
2040 2070 2121 2109 ἄνευ
2155 2072 2194 2108 in

1160 2132 1268 2170 nullo
1306 2131 1438 2170 codice
1482 2132 1675 2183 integrum
1714 2132 1919 2183 reperitur.
1950 2135 2128 2171 Ceterum
2151 2140 2193 2169 ut

1157 2242 1321 2275 Rhodium
1334 2243 1643 2284 Euphranoremque
1657 2242 1839 2275 Seleucium
1853 2244 1886 2275 et
1899 2242 2050 2283 Praylum
2066 2251 2084 2274 e
2098 2245 2194 2274 Troa-

1160 2289 1221 2330 de,
1239 2289 1296 2331 qui
1310 2289 1392 2322 adeo
1406 2289 1569 2322 constanti
1585 2289 1695 2321 anImo
1711 2290 1793 2329 suit,
1817 2292 1853 2321 ut
1869 2290 1969 2322 tradit
1993 2290 2194 2331 Phylarchus

1158 2337 1191 2369 in
1200 2336 1364 2376 Historiis,
1379 2338 1417 2369 ut
1429 2337 1593 2378 pateretur
1608 2345 1642 2368 se
1655 2336 1776 2377 injuste
1792 2336 1893 2368 veluti
1909 2337 2106 2378 proditorem
2121 2345 2192 2369 cru-

1157 2384 1248 2424 ciari,
1271 2383 1360 2416 cives
1375 2392 1417 2416 ne
1431 2383 1532 2416 verbo
1548 2383 1679 2425 quidem
1695 2384 1809 2425 dignos
1822 2384 1984 2424 judicans.

1646 2437 1705 2470 62.

1199 2489 1404 2531 Colophonii,
1427 2492 1463 2521 ut
1504 2490 1613 2522 narrat
1640 2489 1852 2530 Phylarchus,
1869 2488 1988 2520 durum
2006 2488 2099 2520 initio
2118 2488 2193 2520 vita:

1158 2537 1347 2569 institutum
1364 2537 1479 2575 secuti,
1500 2538 1675 2578 postquam
1692 2536 1773 2568 inita
1794 2544 1869 2567 cum
1889 2535 1987 2576 Lydis
2004 2535 2147 2566 amicilia
2161 2538 2194 2567 et

1158 2586 1311 2617 societate
1325 2584 1364 2616 ad
1379 2584 1544 2616 luxuriam
1557 2584 1771 2622 deflexerunt,
1788 2583 1822 2614 in
1839 2582 2005 2623 publicum
2019 2582 2194 2622 prodibant

1156 2640 1252 2664 coma
1274 2640 1371 2663 aureo
1397 2633 1515 2664 ornatu
1541 2631 1688 2664 studiose
1714 2630 1871 2663 instructa
1882 2654 1891 2670 ,
1917 2628 2191 2670 quemadmodum

1156 2679 1254 2711 etiam
1264 2678 1479 2719 Xenophanes
1496 2678 1599 2710 dixit:

1241 2725 1392 2755 Stultitias
1409 2736 1427 2754 a
1442 2725 1538 2764 Lydis
1551 2725 1655 2755 edocti
1668 2724 1809 2761 inutiles,

1284 2783 1347 2812 quo
1362 2772 1408 2802 illi
1425 2779 1565 2812 tempore
1580 2771 1723 2801 odiosum
1737 2768 1905 2808 imperium
1922 2774 2090 2797 tenuerunt
2103 2780 2109 2797 ;

1241 2820 1413 2860 prodibant
1425 2820 1458 2849 in
1473 2819 1578 2849 forum
1592 2818 1761 2859 purpureis
1776 2815 1877 2846 vestiti
1895 2815 1998 2855 palliis
2009 2838 2020 2854 ,

1282 2867 1367 2897 haud
1381 2868 1544 2906 pauciores
1560 2876 1653 2905 quam
1669 2864 1754 2894 mille
1765 2862 1893 2892 omnino
1911 2871 1918 2892 :

1240 2915 1407 2954 gloriantes
1427 2914 1532 2942 ornari
1547 2913 1644 2942 comis
1661 2917 1790 2941 venuste
1805 2908 2003 2948 compositis,

1284 2960 1444 3000 exquisitis
1460 2960 1559 2990 odore
1575 2958 1743 2998 unguentis
1758 2957 1931 2986 madentes.

1158 3008 1248 3040 Adeo
1269 3007 1397 3040 veroin
1416 3006 1599 3047 voluptates
1625 3007 1658 3038 et
1682 3003 1944 3045 intempestivam
1967 3001 2189 3034 temulentiam

1157 3057 1249 3088 erant
1264 3054 1371 3093 effusi,
1385 3054 1423 3086 ut
1438 3053 1585 3085 nonnulli
1607 3053 1737 3084 illorum
1760 3059 1820 3083 nec
1835 3050 1993 3083 orientem
2012 3049 2114 3081 solem
2131 3057 2191 3081 nec

1158 3102 1358 3135 occidentem
1375 3108 1532 3141 umquam
1553 3099 1706 3132 viderint.
1725 3101 1909 3140 Legemque
1930 3096 2077 3129 tulerunt
2091 3119 2100 3135 ‚
2116 3104 2191 3136 quae

1160 3150 1259 3182 etiam
1275 3156 1363 3180 nunc
1375 3147 1580 3186 observatur,
1600 3149 1637 3178 ut
1657 3146 1800 3178 tibicinae
1814 3146 1848 3177 et
1863 3143 2056 3176 cantatrices
2081 3145 2114 3175 et
2130 3143 2190 3175 alia

1156 3198 1224 3237 eJus
1241 3196 1365 3236 generis
1376 3195 1559 3227 acroamata
1569 3194 1750 3226 mercedem
1761 3192 1942 3234 acciperent
1951 3200 1971 3223 a
1980 3199 2074 3223 mane
2087 3199 2192 3231 usque

1157 3245 1199 3277 ad
1215 3243 1398 3283 meridiem,
1422 3244 1456 3275 et
1479 3242 1586 3282 quoad
1599 3241 1741 3274 lucernae
1765 3241 2019 3274 accenderentur
2040 3249 2047 3270 ε
2070 3238 2111 3270 ab
2135 3238 2191 3270 illo

1156 3300 1234 3324 vero
1257 3294 1404 3332 tempore
1430 3289 1586 3330 reliquam
1614 3290 1742 3322 noctem
1770 3288 1915 3330 potando
1939 3289 1972 3320 et
2001 3285 2190 3318 inebriando

1156 3347 1191 3372 se
1209 3337 1440 3379 transigebant.

2025 3395 2064 3427 23
