2294 3704
127 212 195 250 nvi

1001 191 1068 230 DE
1097 189 1288 231 TIMAEO.

126 285 259 324 hendit
277 298 363 322 eum
382 283 485 334 quod
504 282 666 320 maxime
698 281 737 317 in
756 279 910 317 urbium
930 286 968 315 et
982 276 1147 314 colonia—
1205 278 1406 317 severitate
1425 279 1541 317 distat
1556 279 1745 330 judicium
1764 278 1956 318 Ciceronis
1974 278 2021 315 de
2038 279 2140 316 Orat.
2166 280 2218 325 11,

126 358 212 381 rum
246 343 457 393 originibus
482 339 740 378 describendis
772 350 812 375 se
836 344 1059 382 ostentaret,
1094 336 1146 373 ita

126 411 169 439 ut
196 402 259 439 alii
294 401 449 451 quidem
481 399 683 448 scriptores
720 395 836 433 rebus
869 394 1146 432 obdormivisse

125 460 361 502 viderentur,
379 459 461 508 ipse
482 470 575 494 vero
595 456 695 492 solus
711 454 883 504 diligenti
899 454 1146 504 inquisitione

126 534 218 558 usus
235 521 454 570 peritusque
468 517 586 567 judex
604 525 641 552 et
658 524 793 553 auctor
810 516 1056 552 historiarum
1078 516 1147 552 ha-

125 579 209 617 beri
230 578 405 626 deberet3
429 577 467 612 in
492 575 550 611 his
573 574 685 620 dicit,
708 574 828 612 multa
859 574 1014 624 quidem
1035 587 1145 611 men-

128 637 236 674 dacia
255 649 356 680 esse,
386 634 450 671 sed
471 634 596 683 ipsum
621 632 854 671 detrectandi
885 634 1051 671 studium
1071 647 1147 670 non

127 695 253 745 potuit
266 707 351 730 eum
366 691 564 741 impedire,
581 692 785 741 quominus
798 693 917 729 multa
931 693 1045 730 etiam
1059 706 1147 730 sane

127 753 228 789 dicta
250 764 331 788 esse
363 749 558 787 concedat.
584 770 638 778 —
664 753 747 787 Jam
772 763 865 788 vero
891 751 962 788 etsi
985 752 1147 788 Timaeus

127 822 300 858 magnam
321 808 505 844 doctrinae
521 808 671 858 copiam
691 808 739 845 ad
762 809 914 846 annales
934 823 1023 847 suos
1039 824 1147 847 com-

126 866 323 916 ponendos
344 865 515 902 attulisse
540 865 732 916 putandus
756 875 833 918 est,
855 875 1003 915 tamen,
1028 882 1147 918 quum

126 938 174 961 ex
195 938 261 962 sua
287 924 486 961 historiam
509 925 764 975 antiquiorem
790 926 973 963 tractandi
999 927 1148 964 ratione

126 996 274 1020 summa
305 996 434 1020 rerum
455 983 600 1020 versari
621 983 776 1021 deberet
800 985 839 1022 in
865 986 1148 1022 accuratissima

125 1042 361 1092 singulorum
380 1043 551 1079 omnium
571 1043 803 1093 cognitione,
823 1045 907 1095 ipse
924 1054 1050 1083 autem
1071 1047 1148 1097 pri-

126 1114 211 1137 mus
234 1100 312 1138 sere
336 1101 435 1137 hanc
452 1100 555 1137 viam
574 1101 836 1151 ingrederetur
853 1119 860 1140 :
879 1104 989 1141 facile
1005 1104 1148 1142 intelli-

126 1159 250 1208 gitur,
284 1158 609 1208 quemadmodum
631 1160 733 1210 apud
753 1162 981 1211 posteriores
1005 1176 1147 1200 earun-

126 1218 213 1255 dem
233 1231 361 1255 rerum
383 1226 634 1266 scrutatores,
661 1220 905 1258 Polemonem
931 1229 967 1259 et
995 1224 1148 1269 Istrum,

126 1277 167 1314 in
196 1277 342 1314 variam
364 1277 701 1327 reprehensionem
729 1279 925 1318 incurrere
952 1281 1146 1327 debuerit3

127 1336 316 1386 simulque
350 1336 473 1372 elucet
498 1349 573 1372 non
596 1337 766 1386 potuisse
796 1339 925 1376 Timaei
950 1327 1146 1378 historiam

128 1395 279 1445 placere
299 1394 476 1444 Polybio,
499 1395 563 1444 qui
582 1396 771 1432 contraria
790 1397 900 1446 plane
911 1406 1058 1436 sectans
1069 1398 1148 1449 jam

127 1453 352 1503 ignorantiae
365 1461 402 1489 et
415 1453 678 1503 superstitioni
692 1454 839 1502 tribuit,
854 1457 957 1506 quod
975 1471 1149 1509 magnam

128 1513 260 1549 saltem
295 1520 443 1562 partem
479 1524 526 1548 ex
551 1511 721 1561 legibuS,
756 1526 851 1563 quas
882 1515 1045 1553 Timaeus
1076 1517 1149 1555 sibi

129 1571 352 1621 scripserat,
381 1579 418 1608 et
450 1571 718 1621 explicandum
746 1580 784 1609 et
804 1576 1063 1613 excusandum
1081 1586 1148 1616 est.

129 1631 182 1666 Ut
200 1642 292 1666 vero
319 1629 357 1665 in
378 1629 501 1679 prima
522 1637 632 1679 parte
652 1633 1032 1680 commentariorum,
1053 1649 1149 1685 quos

129 1701 216 1724 curn
234 1687 422 1724 chronicis
436 1686 550 1724 medii
565 1688 634 1725 aevi
650 1689 824 1727 conferre
842 1691 951 1739 licet,
970 1706 1150 1744 saepenu—

130 1758 236 1782 mero
249 1745 392 1782 acrisiae
406 1745 637 1783 accusandus
653 1755 747 1793 erat,
767 1748 820 1784 sic
836 1749 874 1785 in
891 1750 1008 1787 altera
1022 1753 1150 1802 operis

130 1813 258 1854 parte,
282 1803 349 1840 ubi
365 1804 526 1841 fideliter
545 1805 745 1842 referendo
763 1807 962 1845 veritatem
984 1811 1152 1859 plerum-

129 1876 205 1913 que
220 1863 406 1912 attingere
422 1871 592 1913 poterat,
614 1863 687 1900 nisi
704 1866 868 1914 partium
887 1866 1011 1904 studio
1026 1869 1151 1920 impe-

131 1920 246 1967 ditur,
268 1920 340 1957 fide
377 1920 619 1970 dignissimus
653 1921 850 1960 habendus
882 1925 966 1962 erit.
992 1929 1044 1963 Ac
1066 1941 1153 1978 pro-

131 1979 251 2026 fecto,
271 1978 338 2015 ubi
357 1978 552 2015 Diodorus
568 1980 689 2029 (XIII,
709 1981 770 2027 54,
789 1982 852 2028 60,
875 1983 943 2027 803
962 1987 1068 2030 XIV,
1087 1987 1151 2036 54)

130 2037 169 2073 in
185 2036 386 2086 copiarum
404 2050 561 2074 recensu
578 2037 776 2087 Ephorum
798 2053 884 2076 cum
904 2042 1044 2080 Timaeo
1059 2058 1153 2082 con-

132 2095 276 2140 tendit,
307 2094 409 2131 hnnc
435 2095 483 2131 ad
509 2108 642 2132 verum
666 2096 826 2146 propius
847 2100 1047 2148 accedere,
1068 2117 1151 2153 nec,

132 2153 243 2190 sicuti
257 2153 379 2199 illum,
389 2153 594 2190 immodice
613 2154 742 2191 omnia
755 2168 893 2205 augere
903 2158 1152 2212 videmus(6).

131 2233 177 2238 —-
194 2213 345 2257 Quanta
372 2224 490 2261 porro
519 2211 559 2248 in
591 2211 709 2249 rebus
736 2215 998 2264 geographicis
1019 2219 1153 2257 Timaei

132 2268 340 2305 auctoritas
360 2268 490 2315 fuerit,
502 2277 607 2319 patet
626 2283 672 2307 ex
681 2271 960 2321 Agatharchide
979 2277 1036 2313 De
1059 2278 1154 2315 mari

132 2325 267 2363 Rubro
279 2339 316 2377 p.
332 2327 394 2374 48,
408 2326 473 2364 ubi
490 2327 581 2365 dicit
601 2342 610 2364 :
625 2328 682 2366 Τὰ
699 2327 762 2379 μὲν
775 2329 858 2382 πρὸς
875 2330 1027 2385 ἑσπέραν
1044 2333 1154 2388 ἐξείρ-

131 2398 260 2433 γασται
283 2383 397 2427 Λύκος
417 2400 455 2422 τε
479 2385 539 2423 καὶ
558 2385 729 2436 Τίμαιος,
751 2386 795 2425 τὰ
820 2387 855 2427 δὲ
877 2389 961 2441 πρὸς
986 2392 1156 2436 ἀνατολὰς

133 2441 321 2486 Ἑκαταῖος
339 2442 399 2481 καὶ
416 2441 559 2487 Βάσιλις
577 2453 647 2483 etc.
669 2445 717 2495 (v.
731 2446 862 2484 Ukert.
877 2450 1015 2500 Geogr.
1033 2454 1100 2488 Gr.
1118 2461 1155 2490 et

132 2503 245 2538 Rom.
264 2502 340 2542 vol.
357 2504 390 2548 I,
403 2511 501 2552 part.
522 2506 559 2550 Ι,
571 2516 608 2552 p.
624 2505 709 2550 133,
732 2505 956 2556 154).Quam
974 2510 1155 2558 praeclare

134 2559 299 2610 denique
330 2561 565 2599 accuratiore
593 2570 810 2613 temporum
844 2565 1086 2617 indagatione
1109 2570 1156 2606 de

133 2617 292 2656 historia
326 2619 482 2657 meritus
514 2620 585 2669 sit,
619 2622 762 2672 scripto
789 2623 855 2660 illo
885 2624 932 2662 de
962 2627 1156 2678 Olympio-

135 2675 229 2713 nicis
246 2677 478 2724 declaratur,
496 2691 572 2728 quo
597 2679 724 2717 effecit
736 2709 746 2726 ,
762 2689 806 2718 ut
819 2691 908 2732 post
926 2696 1013 2721 eum
1032 2686 1155 2723 histo-

136 2734 218 2781 rici,
236 2735 368 2772 relicta
385 2749 481 2786 vaga
496 2737 560 2774 illa
580 2751 628 2774 ex
643 2740 931 2788 generationum
951 2744 1047 2781 serie
1059 2752 1156 2782 tem-

136 2804 229 2840 pora
248 2795 491 2844 computandi
509 2796 668 2843 ratione,
683 2798 856 2836 certioris
872 2802 1029 2839 canonis
1045 2817 1154 2841 usum

137 2847 655 2900 introducerentw).-T0to
672 2858 766 2895 coelo
785 2858 950 2897 dcnioue
970 2875 991 2899 a
1007 2863 1156 2912 Polybii

152 3044 161 3050 ἡ
179 2995 223 3036 (6)
247 2999 377 3038 Josepli.
392 3003 426 3031 C.
442 3001 555 3040 Apion.
571 3004 602 3041 I,
622 3011 651 3035 c.
668 3005 818 3046 extrem,
832 3005 865 3037 in
881 3006 997 3038 Euseb.
1015 3009 1155 3049 Praepar.

137 3045 259 3082 lavang.
276 3045 316 3082 X,
333 3048 364 3082 7,
389 3055 420 3085 p.
444 3049 517 3086 478,
533 3050 560 3079 D
576 3050 703 3082 colon:
719 3051 847 3094 Ἔφορος
861 3053 1038 3086 Ἑλλάνικον
1052 3056 1082 3086 ἐν
1095 3059 1157 3092 τοῖς

137 3090 290 3126 πλείστοις
308 3092 491 3131 ψευδόμενον
506 3095 726 3137 ἐπιδείκνυσιν,
745 3099 876 3142 Ἔφορον
893 3101 925 3132 δὲ
941 3101 1085 3141 Τίμαιος,
1103 3104 1156 3134 καὶ

140 3136 271 3176 Τίμαιον
292 3139 319 3168 οἱ
347 3140 411 3177 μετ’
427 3139 540 3171 ἐκεῖνον
555 3144 712 3181 γεγονότες
722 3168 730 3183 ,
745 3145 810 3177 ἀλλ’
825 3147 893 3178 οὐδὲ
907 3149 974 3188 περὶ
989 3151 1050 3178 τῶν
1075 3151 1156 3181 Σικε-

138 3183 199 3217 λῷν
222 3186 285 3219 τοῖς
312 3186 380 3225 περὶ
397 3185 548 3226 Ἀντίοχον
573 3190 625 3219 καὶ
655 3192 804 3224 Φίλιστον
827 3194 845 3231 ἢ
872 3195 1007 3225 Καλλίαν
1030 3195 1158 3236 Τίμαιος

138 3233 313 3269 συμφωνεῖν
329 3231 469 3267 ἠξίωσεν.

180 3275 226 3329 (J)
249 3276 295 3307 Cf.
316 3277 427 3316 Polyb.
445 3279 521 3316 Xll,
542 3282 587 3309 11.
600 3280 730 3314 Diodor.
753 3287 794 3324 V,
812 3288 822 3316 1
844 3295 852 3316 :
869 3286 997 3326 Τίμαιος
1014 3287 1158 3328 μεγίστην

137 3332 280 3363 προνοιαν
295 3324 497 3374 τιεποιημένος
520 3329 573 3362 τῆς
586 3330 646 3357 τῶν
663 3329 779 3370 χρόνων
799 3331 988 3373 ἀκριὸείας...
1008 3336 1158 3366 ceterum

138 3367 359 3408 chronologia,
381 3378 478 3409 quam
500 3370 532 3401 in
549 3373 777 3413 antiquissimis
803 3379 1000 3419 temporibus
1013 3380 1153 3412 Timaeus

1210 349 1223 372 1
1234 342 1254 381 l,
1274 351 1282 373 :
1306 340 1476 384 Tz‘moeus,
1494 339 1564 386 ait,
1579 348 1757 388 quantum
1764 340 2105 386 Judicarepossmn,
2117 340 2220 387 longe

1204 434 1333 465 secutus
1357 436 1405 466 est
1415 459 1423 475 ,
1437 434 1530 475 longe
1537 434 1657 467 recedit
1677 435 1719 467 ab
1745 434 1799 466 illa
1814 434 2033 466 Eratosthenis
2048 433 2221 475 etApollo-

1205 478 1287 510 dori.
1313 479 1350 511 Id
1365 482 1450 520 quod
1477 490 1517 513 ex
1533 481 1742 522 sequentibus
1760 481 1891 522 patebit.

1247 533 1442 564 Censorinus
1457 533 1501 573 (V.
1519 534 1558 565 fr.
1581 535 1650 574 152)
1671 534 1712 565 ab
1730 533 1918 574 Olympiade
1935 533 2039 574 prima
2054 541 2158 573 usque
2181 531 2223 564 ad

1205 578 1308 618 Trojae
1321 580 1483 612 excidium
1495 589 1514 612 a
1527 581 1650 612 Sosibio
1662 581 1822 612 numerari
1835 581 1913 612 dicit
1925 589 2026 612 annos
2041 580 2222 620 CCCXCV,

1205 625 1246 657 ab
1275 627 1484 659 Eratosthene
1514 629 1704 668 CCCCVII,
1735 636 1754 658 a
1780 627 1900 658 Timaeo
1927 627 2128 658 ccccxvll
2145 649 2155 666 ,
2182 625 2224 657 ab

1206 674 1300 704 Arete
1322 674 1436 705 Dxlv.
1462 674 1552 713 (Hoc
1579 674 1664 705 enim
1688 673 1791 705 voluit
1808 675 2019 712 Censorinus;
2043 681 2164 714 quare,
2186 673 2225 704 ut

1207 719 1373 751 sententiae
1398 723 1484 752 recte
1508 720 1920 761 procedant‚statuendum
1945 721 1995 752 est
2015 722 2088 760 post
2102 718 2223 751 verba:

1209 779 1223 792 «ι
1238 766 1284 797 ad
1305 766 1429 798 Inachi
1449 775 1592 807 reqnum
1616 769 1703 799 anni
1727 768 1865 798 circiter
1887 768 1996 799 0000
2006 779 2022 794 ³»
2046 765 2224 798 excidisse:

1207 812 1284 843 inde
1297 812 1341 844 ab
1366 812 1427 844 hoc
1444 821 1550 854 usque
1571 813 1617 845 ad
1630 814 1770 852 captam
1787 813 1924 852 Trojam
1939 814 2076 844 circiter
2089 810 2226 850 Doce.)

1207 861 1318 899 ltaque
1345 859 1456 891 decem
1481 862 1606 891 tantum
1628 859 1720 890 annis
1744 859 1972 891 Eratosthenes
1991 859 2186 899 discreparet
2206 867 2227 891 a

1207 905 1338 945 Timaeo,
1353 914 1448 945 quem
1459 929 1467 945 ,
1480 908 1515 937 ut
1527 908 1566 937 0.
1584 905 1738 937 Mullerus
1761 905 1850 944 (Dor.
1874 906 1916 945 ΙΙ,
1939 914 1972 946 p.
1988 905 2059 945 502)
2072 907 2177 945 putat,
2193 903 2227 936 in

1206 951 1339 983 historia
1361 961 1419 983 sua
1431 952 1578 992 sequitur
1592 951 1731 991 Vellejus
1756 951 1954 983 paterculus.
1973 950 2032 983 Sed
2047 951 2125 991 quin
2141 953 2226 984 Cen-

1207 998 1305 1030 sorini
1327 1007 1496 1030 numerum
1520 1008 1578 1040 pro
1601 1007 1679 1030 vero
1692 998 1839 1038 habeam‘,
1864 998 1956 1039 plura
1978 997 2169 1039 impediunt.
2185 1017 2228 1025 -

1207 1045 1350 1077 Primum
1367 1045 1452 1077 enim
1466 1047 1615 1079 Clemens
1637 1045 1727 1077 Alex.
1747 1047 1780 1085 I,
1796 1054 1828 1086 p.
1844 1048 1917 1085 337,
1942 1048 1968 1076 A
1989 1044 2041 1085 (fr.
2069 1045 2154 1086 153),
2178 1045 2229 1078 Ti-

1207 1100 1326 1123 maeum
1341 1093 1373 1123 et
1389 1092 1589 1125 Clitarchum
1603 1091 1683 1124 dicit
1696 1092 1736 1123 ab
1754 1091 1996 1124 Heraclidarum
2011 1091 2114 1123 reditu
2127 1100 2230 1132 usquo

1211 1138 1252 1170 ad
1269 1141 1460 1170 Euaenetum
1480 1139 1665 1171 archontem
1680 1139 1752 1179 (334
1776 1147 1806 1170 a.
1825 1139 1930 1179 Chr.),
1944 1138 2006 1170 sub
2018 1147 2083 1179 quo
2098 1138 2231 1171 Alexan-

1207 1185 1263 1217 der
1282 1186 1316 1216 in
1333 1186 1442 1217 Asiam
1458 1186 1594 1226 traJecit,
1616 1194 1718 1218 annos
1733 1194 1902 1217 numerare
1923 1187 2124 1225 octingentos
2137 1187 2170 1216 et
2183 1185 2231 1216 vi-

1207 1232 1299 1272 ginti.
1315 1233 1394 1264 Inde
1412 1233 1548 1265 efficitur
1569 1242 1672 1265 annus
1699 1235 1789 1264 1154.
1809 1232 1909 1272 Igitur
1923 1241 1964 1264 ex
1982 1232 2044 1264 hac
2067 1233 2232 1272 computa-

1208 1274 1296 1305 tione
1315 1274 1445 1313 triginta
1472 1275 1600 1305 tantum
1626 1273 1702 1306 anni
1731 1273 1814 1305 inter
1846 1274 1951 1314 Troiae
1973 1272 2173 1305 eversionem
2199 1274 2232 1304 et

1209 1320 1346 1351 reditum
1362 1320 1568 1352 Doriensium
1589 1322 1696 1352 essent
1719 1319 1890 1360 interjecti.
1912 1319 2008 1357 Quod
2031 1318 2122 1351 nullo
2134 1318 2232 1352 modo

1210 1367 1284 1399 ferri
1305 1368 1423 1407 potest.

1250 1414 1371 1446 Deinde
1385 1413 1491 1445 Schol.
1509 1413 1613 1454 Apoll.
1629 1413 1734 1445 Rhod.
1748 1415 1808 1453 lv,
1822 1414 1901 1445 1216
1915 1412 1967 1453 (fr.
1983 1412 2097 1453 53),ex
2110 1412 2234 1445 Timoeo

1209 1463 1319 1493 narrat
1346 1464 1520 1501 Corcyram
1547 1460 1710 1492 conditam
1732 1468 1802 1492 esse
1824 1460 1900 1501 μετὰ
1921 1459 1973 1498 ἔτη
2001 1459 2147 1495 ἑξακόσια
2170 1462 2233 1491 τῶν

1209 1510 1370 1550 Τρωῑκῶν,
1386 1508 1408 1538 i.
1422 1516 1449 1539 e.
1468 1507 1595 1547 Olymp.
1614 1509 1673 1547 46,
1688 1510 1719 1546 3,
1735 1515 1838 1547 quum
1852 1509 1958 1538 tamen
1972 1506 2136 1538 communi
2151 1508 2235 1539 vete-

1210 1563 1281 1586 rum
1297 1562 1458 1585 consensu
1473 1553 1651 1585 affirmetur
1667 1555 1842 1594 Corcyram
1863 1553 1977 1585 eodem
2001 1553 2069 1584 fere
2089 1554 2235 1593 tempore

1210 1601 1371 1632 conditam
1385 1609 1528 1641 essequo
1539 1602 1713 1640 Syracusas
1732 1601 1795 1639 (Ol.
1814 1603 1868 1640 11,
1883 1602 1902 1631 4
1918 1608 1945 1632 s.
1955 1600 2015 1632 733
2028 1608 2058 1631 a.
2075 1599 2151 1631 Chr.
2167 1607 2232 1631 sec.

1209 1648 1398 1688 Euseb.;Ol.
1412 1652 1442 1686 5,
1452 1650 1503 1679 4s.
1514 1651 1574 1680 758
1582 1656 1611 1678 a.
1621 1647 1695 1680 Chr.
1709 1649 1823 1678 Marm.
1833 1648 1903 1678 Par.
1912 1649 1972 1687 Ep.
1987 1650 2023 1678 31
2036 1655 2076 1679 ex
2090 1645 2234 1679 Boeckhii

1210 1695 1393 1733 sententia).
1411 1697 1516 1734 Atque
1529 1695 1660 1732 Croton,
1669 1702 1743 1733 quae
1758 1693 1836 1724 urbs
1849 1694 1905 1725 aut
1917 1693 2031 1724 eodem
2041 1695 2185 1732 tempore
2196 1701 2236 1724 ac

1210 1743 1375 1781 Syracusae
1388 1743 1445 1773 aut
1466 1741 1580 1782 viginti
1603 1741 1727 1773 circiter
1742 1741 1835 1772 annis
1857 1743 1931 1782 post
1955 1741 2085 1773 condita
2107 1744 2177 1781 est,
2193 1739 2234 1773 ab

1210 1789 1279 1829 ipso
1292 1789 1414 1820 Timaeo
1432 1788 1515 1829 apud
1527 1788 1658 1828 Dionys.
1674 1788 1746 1819 Hal.
1758 1787 1868 1828 Antiq.
1878 1790 1921 1828 11,
1933 1791 1984 1827 59,
1998 1797 2030 1829 p.
2043 1791 2099 1820 361
2113 1787 2234 1828 Reisk.,

1210 1835 1348 1867 deducta
1368 1844 1439 1867 esse
1459 1835 1577 1866 dicitur
1595 1835 1724 1876 ἐνιαυτῷ
1745 1835 1836 1877 τρίτῳ
1847 1839 1901 1873 τῆς
1917 1835 2237 1874 ἑτπακαιδεκάτηςὈ-

1210 1881 1391 1922 λυμπιάδος,
1405 1891 1432 1913 s.
1445 1884 1506 1913 710
1519 1890 1548 1912 a.
1562 1882 1635 1912 Chr.

1251 1931 1351 1960 Porro
1369 1930 1498 1960 Tzetzes
1512 1927 1552 1959 ad
1574 1927 1731 1968 Lycophr.
1753 1929 1828 1959 1141
1849 1927 1894 1967 (v.
1909 1927 1948 1958 fr.
1963 1927 2031 1968 66),
2052 1927 2108 1959 ubi
2122 1936 2164 1960 ex
2184 1927 2237 1961 'ri-

1210 1984 1293 2008 maeo
1306 1975 1423 2015 refert,
1437 1979 1570 2014 Locros,
1598 1975 1632 2006 ut
1657 1974 1762 2014 AJacis
1786 1974 1818 2005 in
1845 1974 2055 2006 Cassandram
2080 1974 2237 2015 flagitium

1210 2024 1396 2064 expiarent,
1418 2022 1539 2054 oraculi
1563 2022 1654 2062 jussu
1679 2031 1737 2062 per
1762 2021 1851 2054 mille
1875 2031 1976 2054 annos
1989 2023 2082 2055 binas
2093 2023 2234 2064 virgines

1211 2071 1339 2111 Trojam
1352 2070 1494 2110 misisse,
1508 2069 1540 2100 in
1558 2069 1620 2101 fine
1633 2069 1778 2100 historiae
1790 2069 2022 2101 additzxaiioev
2041 2071 2068 2102 δ’
2081 2071 2158 2102 ἐτῶν
2180 2082 2238 2103 πα-

1212 2117 1376 2159 ρελθόντων
1391 2117 1467 2158 μετὰ
1475 2117 1527 2148 τὸν
1541 2115 1688 2148 Φωκικὸν
1703 2116 1836 2157 πόλεμον
1846 2116 2019 2148 ἐπαύσαντο
2031 2120 2084 2155 τῆς
2095 2117 2237 2157 τοιαύτης

1213 2163 1329 2199 θυσίας.

1254 2209 1334 2241 satis
1346 2208 1421 2240 inde
1436 2207 1622 2248 intelligitur
1634 2207 1762 2248 Trojam
1777 2216 1815 2240 ex
1840 2208 1953 2240 Timaei
1977 2208 2108 2241 calculis
2135 2210 2238 2242 multo

1213 2256 1312 2296 prim,
1327 2264 1424 2296 quam
1438 2255 1532 2295 vulgo
1547 2255 1712 2294 statuitur,
1721 2257 1934 2295 expugnatam
1944 2264 2025 2295 esse,
2037 2264 2237 2296 quamquam

1212 2307 1252 2334 ex
1265 2303 1362 2334 modo
1375 2302 1477 2334 allatis
1483 2304 1590 2334 certus
1597 2301 1642 2333 rei
1653 2311 1756 2333 annus
1768 2302 1914 2342 exputari
1924 2311 1989 2333 non
2002 2304 2118 2343 potest.
2130 2303 2238 2347 Redeo

1213 2349 1311 2389 igitur
1327 2350 1365 2381 ad
1378 2349 1484 2380 locum
1499 2348 1670 2381 Clementis
1685 2348 1736 2388 (fr.
1756 2348 1841 2388 153),
1861 2348 1917 2379 ubi
1935 2348 2023 2380 haec:
2036 2349 2110 2382 Ἀπὸ
2127 2349 2237 2392 Τροίας

1214 2396 1360 2432 ἁλώσεως
1377 2396 1427 2427 ἐπὶ
1450 2396 1504 2433 τὴν
1519 2395 1726 2437 Ἡρακλειδῶν
1739 2394 1869 2426 κάθοδον
1895 2395 1948 2433 ἔτη
1973 2396 2083 2428 ἑκατὸν
2102 2396 2201 2429 εἰκοσι
2214 2398 2236 2435 ἢ

1215 2445 1322 2476 ἑκατὸν
1345 2444 1545 2485 ὀγδοήκοντα.
1561 2443 1770 2475 posteriorem
1785 2452 1953 2475 numerum
1972 2444 1998 2476 si
2011 2446 2121 2477 Timaei
2139 2446 2237 2478 fuisse

1215 2493 1381 2532 putemus,
1403 2490 1497 2530 Troja
1525 2491 1620 2530 capta
1641 2491 1688 2521 est
1714 2492 1791 2521 1334
1807 2490 2000 2532 (1154x180)
2016 2492 2125 2532 ;quod
2151 2493 2237 2525 idem

1214 2537 1322 2577 posuit
1334 2537 1445 2568 Timaei
1459 2536 1608 2576 aequalis,
1622 2535 1715 2567 Duris
1727 2535 1852 2568 Samius
1867 2536 1977 2576 (clem.
1992 2537 2081 2569 Alex.
2097 2538 2118 2569 Ι.
2136 2538 2157 2570 Ι.
2173 2551 2180 2570 :
2195 2539 2238 2575 ὡς

1214 2583 1246 2614 δὲ
1262 2585 1372 2625 Θοῦρις
1387 2582 1448 2614 ἀπὸ
1462 2582 1571 2625 Τροίας
1586 2583 1732 2619 ἁλώσεως
1742 2583 1791 2614 ἐπὶ
1804 2584 1859 2621 τήν
1874 2583 2062 2626 Ἀλεξάνδρου
2079 2585 2120 2621 εἰς
2133 2585 2237 2617 Ἀσίαν

1215 2630 1356 2661 διάὸασιν
1374 2629 1464 2670 [334]
1480 2630 1532 2667 ἔτη
1547 2629 1656 2670 χίλια).
1674 2633 1743 2661 Jam
1770 2629 1867 2670 igitur
1876 2633 2015 2670 Corcyra
2038 2630 2178 2664 deducta
2189 2633 2239 2664 est

1215 2678 1288 2716 734,
1302 2685 1368 2707 uno
1381 2685 1465 2707 anno
1481 2677 1555 2707 ante
1578 2679 1763 2716 Syracusas,
1779 2679 1817 2707 24
1842 2677 1935 2709 annis
1955 2679 2030 2709 ante
2054 2680 2234 2712 Crotonem.

1215 2727 1324 2763 Neque
1338 2722 1443 2754 minus
1455 2731 1530 2753 cum
1543 2722 1594 2754 his
1607 2722 1739 2754 calculis
1755 2723 1891 2764 quadrat
1904 2724 1994 2755 locus
2006 2724 2046 2756 de
2062 2729 2237 2759 Locrorum

1215 2769 1402 2810 virginibus.

1255 2816 1347 2857 Apud
1373 2816 1583 2848 censorinum
1608 2815 1716 2857 itaque
1741 2825 1798 2858 pro
1822 2820 2005 2850 CCCCXVII
2029 2818 2237 2852 scribendum

1215 2864 1297 2896 foret
1308 2867 1443 2895 DLVlII.
1462 2867 1542 2903 Quae
1558 2872 1635 2895 vero
1658 2864 1740 2895 ratio
1764 2865 1932 2905 propterea
1958 2874 2071 2906 parum
2094 2874 2128 2898 se
2150 2875 2238 2899 com·

1215 2910 1345 2942 mendat
1355 2935 1364 2950 ,
1388 2909 1474 2950 quod
1498 2909 1693 2941 Censorinus
1707 2910 1740 2941 in
1764 2910 1934 2942 afferendis
1955 2912 2095 2944 numeris
2111 2913 2238 2944 certum

1215 2957 1359 2988 ordinem
1372 2956 1533 2987 observat.
1550 2957 1673 2987 Etenim
1687 2965 1706 2987 a
1719 2956 1898 2988 minoribus
1909 2957 2066 2997 incipiens
2081 2957 2120 2989 ad
2134 2958 2236 2998 maio·

1216 3014 1266 3036 res
1279 3004 1491 3045 progreditur.
1509 3004 1583 3035 Ideo
1598 3004 1710 3035 Timaei
1731 3013 1886 3035 numerus
1910 3006 2073 3044 postremo
2089 3004 2160 3036 loco
2182 3014 2238 3046 po-

1215 3052 1340 3083 nendus
1357 3051 1480 3082 suisset.
1504 3055 1610 3090 Quare
1622 3051 1815 3082 Censorinus
1827 3051 1860 3081 in
1872 3060 1911 3082 eo
1925 3051 2030 3091 potius
2043 3060 2165 3083 errasse
2189 3052 2238 3084 vi·

1215 3099 1320 3137 detur,
1346 3098 1432 3138 quod
1457 3107 1476 3129 a
1499 3097 1646 3129 Choroebi
1671 3098 1859 3138 Olympiade
1886 3098 2137 3138 numeravisset,
2163 3107 2237 3138 quae

1216 3145 1412 3178 numeranda
1422 3146 1513 3176 erant
1526 3145 1567 3176 ab
1578 3145 1767 3186 Olympiade
1780 3145 1884 3185 Iphiti.
1897 3145 1957 3178 Sed
1970 3154 2010 3176 ne
2020 3147 2090 3177 tum
2103 3145 2235 3187 quidem

1217 3200 1370 3224 numerus
1383 3192 1552 3222 accuratus
1565 3193 1636 3231 est;
1652 3191 1695 3223 ita
1707 3193 1815 3223 tamen
1828 3192 1989 3223 emendari
2003 3193 2128 3233 potest,
2142 3196 2180 3224 ut
2203 3194 2236 3225 et

1217 3241 1321 3271 locum
1333 3247 1428 3270 suum
1438 3240 1577 3278 tueatur,
1590 3247 1649 3270 nec
1662 3238 1760 3270 nimia
1771 3239 1812 3270 sit
1821 3239 1967 3270 mutatio.
1980 3243 2040 3271 Pro
2053 3242 2235 3272 ccccxvii

1217 3286 1420 3319 scribendum
1436 3287 1514 3326 puto
1526 3289 1740 3318 CCCCXLVII.

1258 3332 1417 3373 Quoniam
1442 3333 1580 3364 Timacus
1604 3333 1687 3364 inter
1716 3341 1813 3364 aeram
1837 3333 2005 3372 Troianam
2039 3334 2073 3366 et
2097 3333 2234 3375 primam

1219 3381 1277 3420 Oly
1283 3379 1439 3420 mpiadem
1452 3381 1578 3411 tantum
1591 3379 1744 3420 temporis
1758 3380 1896 3420 spatium
1911 3383 2024 3421 ponat,
2034 3380 2126 3412 vides
2139 3380 2234 3412 etiam
