<?xml version="1.0" encoding="UTF-8"?>
<!DOCTYPE html PUBLIC "-//W3C//DTD XHTML 1.0 Transitional//EN"
    "http://www.w3.org/TR/xhtml1/DTD/xhtml1-transitional.dtd">
<html xmlns="http://www.w3.org/1999/xhtml" xml:lang="en" lang="en">
 <head>
  <title>
</title>
<meta http-equiv="Content-Type" content="text/html;charset=utf-8" />
  <meta name='ocr-system' content='tesseract 3.04.00' />
  <meta name='ocr-capabilities' content='ocr_page ocr_carea ocr_par ocr_line ocrx_word'/>
</head>
<body>
  <div class='ocr_page' id='page_1' title='image "./fragmentahistori01mueluoft_0433.png"; bbox 0 0 2320 3684; ppageno 0'>
   <div class='ocr_carea' id='block_1_1' title="bbox 787 124 1456 167">
    <p class='ocr_par' dir='ltr' id='par_1_1' title="bbox 787 124 1456 167">
     <span class='ocr_line' id='line_1_1' title="bbox 787 124 1456 167; baseline 0.003 -4"><span class='ocrx_word' id='word_1_1' title='bbox 787 124 1092 165; x_wconf 86' lang='lat' dir='ltr'>THEOPOMPI</span> <span class='ocrx_word' id='word_1_2' title='bbox 1121 126 1456 167; x_wconf 79' lang='lat' dir='ltr'><strong>FRAGMENTA.</strong></span> 
     </span>
    </p>
   </div>
   <div class='ocr_carea' id='block_1_2' title="bbox 0 267 1093 948">
    <p class='ocr_par' dir='ltr' id='par_1_2' title="bbox 0 267 1093 384">
     <span class='ocr_line' id='line_1_2' title="bbox 114 267 1093 324; baseline -0.007 -11"><span class='ocrx_word' id='word_1_3' title='bbox 114 274 223 313; x_wconf 87' lang='lat' dir='ltr'>Idem</span> <span class='ocrx_word' id='word_1_4' title='bbox 239 273 334 312; x_wconf 89' lang='lat' dir='ltr'>ibid.</span> <span class='ocrx_word' id='word_1_5' title='bbox 355 286 394 324; x_wconf 89' lang='lat' dir='ltr'>p.</span> <span class='ocrx_word' id='word_1_6' title='bbox 414 270 504 318; x_wconf 80' lang='lat'>385,</span> <span class='ocrx_word' id='word_1_7' title='bbox 530 275 575 315; x_wconf 78' lang='lat'>14</span> <span class='ocrx_word' id='word_1_8' title='bbox 592 284 601 307; x_wconf 92' lang='lat'><strong>:</strong></span> <span class='ocrx_word' id='word_1_9' title='bbox 621 267 789 311; x_wconf 86' lang='grc' dir='ltr'>Ἄλυπος·</span> <span class='ocrx_word' id='word_1_10' title='bbox 808 269 827 306; x_wconf 84' lang='grc' dir='ltr'>ὁ</span> <span class='ocrx_word' id='word_1_11' title='bbox 845 267 895 319; x_wconf 85' lang='grc' dir='ltr'>μὴ</span> <span class='ocrx_word' id='word_1_12' title='bbox 915 267 1093 320; x_wconf 78' lang='grc' dir='ltr'>λυπούμε-</span> 
     </span>
     <span class='ocr_line' id='line_1_3' title="bbox 0 326 896 384; baseline -0.008 -11"><span class='ocrx_word' id='word_1_13' title='bbox 0 363 3 365; x_wconf 54' lang='lat'>&gt;</span> <span class='ocrx_word' id='word_1_14' title='bbox 66 348 137 377; x_wconf 88' lang='grc' dir='ltr'>νος·</span> <span class='ocrx_word' id='word_1_15' title='bbox 153 331 293 384; x_wconf 87' lang='grc' dir='ltr'>λέγεται</span> <span class='ocrx_word' id='word_1_16' title='bbox 310 330 347 370; x_wconf 80' lang='grc' dir='ltr'>δὲ</span> <span class='ocrx_word' id='word_1_17' title='bbox 362 329 422 368; x_wconf 83' lang='grc' dir='ltr'>καὶ</span> <span class='ocrx_word' id='word_1_18' title='bbox 439 327 632 375; x_wconf 81' lang='grc' dir='ltr'>ἄλύπητος·</span> <span class='ocrx_word' id='word_1_19' title='bbox 669 326 896 378; x_wconf 87' lang='grc' dir='ltr'>Θεόπομπος.</span> 
     </span>
    </p>

    <p class='ocr_par' dir='ltr' id='par_1_3' title="bbox 61 437 1091 553">
     <span class='ocr_line' id='line_1_4' title="bbox 114 437 1091 492; baseline -0.007 -10"><span class='ocrx_word' id='word_1_20' title='bbox 114 444 220 482; x_wconf 87' lang='lat' dir='ltr'><strong>Idem</strong></span> <span class='ocrx_word' id='word_1_21' title='bbox 258 441 354 480; x_wconf 90' lang='lat' dir='ltr'>ibid.</span> <span class='ocrx_word' id='word_1_22' title='bbox 385 455 424 492; x_wconf 92' lang='lat' dir='ltr'>p.</span> <span class='ocrx_word' id='word_1_23' title='bbox 453 442 556 490; x_wconf 86' lang='lat'>399:</span> <span class='ocrx_word' id='word_1_24' title='bbox 584 437 708 491; x_wconf 83' lang='grc' dir='ltr'>Ἄνεχε</span> <span class='ocrx_word' id='word_1_25' title='bbox 743 438 820 476; x_wconf 80' lang='grc' dir='ltr'>ἀντὶ</span> <span class='ocrx_word' id='word_1_26' title='bbox 849 441 909 476; x_wconf 70' lang='grc' dir='ltr'>τοῦ</span> <span class='ocrx_word' id='word_1_27' title='bbox 938 437 1091 492; x_wconf 85' lang='grc' dir='ltr'>πάρεχε·</span> 
     </span>
     <span class='ocr_line' id='line_1_5' title="bbox 61 502 285 553; baseline -0.009 -12"><span class='ocrx_word' id='word_1_28' title='bbox 61 502 285 553; x_wconf 85' lang='grc' dir='ltr'>Θεόπομπος.</span> 
     </span>
    </p>

    <p class='ocr_par' dir='ltr' id='par_1_4' title="bbox 60 557 1092 731">
     <span class='ocr_line' id='line_1_6' title="bbox 115 557 1092 608; baseline -0.007 -7"><span class='ocrx_word' id='word_1_29' title='bbox 115 562 259 600; x_wconf 89' lang='lat' dir='ltr'>Eadem</span> <span class='ocrx_word' id='word_1_30' title='bbox 276 564 445 599; x_wconf 84' lang='lat' dir='ltr'>Zonaras</span> <span class='ocrx_word' id='word_1_31' title='bbox 457 588 468 607; x_wconf 92' lang='lat'>‚</span> <span class='ocrx_word' id='word_1_32' title='bbox 482 567 520 596; x_wconf 88' lang='lat' dir='ltr'>et</span> <span class='ocrx_word' id='word_1_33' title='bbox 540 558 673 597; x_wconf 89' lang='lat' dir='ltr'>Suidas</span> <span class='ocrx_word' id='word_1_34' title='bbox 684 588 694 606; x_wconf 89' lang='lat'>‚</span> <span class='ocrx_word' id='word_1_35' title='bbox 709 557 776 608; x_wconf 92' lang='lat' dir='ltr'>qui</span> <span class='ocrx_word' id='word_1_36' title='bbox 796 571 817 595; x_wconf 92' lang='lat' dir='ltr'>e</span> <span class='ocrx_word' id='word_1_37' title='bbox 833 557 1092 608; x_wconf 78' lang='lat' dir='ltr'>Theopompo</span> 
     </span>
     <span class='ocr_line' id='line_1_7' title="bbox 60 616 1092 669; baseline -0.005 -10"><span class='ocrx_word' id='word_1_38' title='bbox 60 621 190 659; x_wconf 87' lang='lat' dir='ltr'>laudat</span> <span class='ocrx_word' id='word_1_39' title='bbox 208 619 349 658; x_wconf 86' lang='lat' dir='ltr'>verba:</span> <span class='ocrx_word' id='word_1_40' title='bbox 373 636 389 652; x_wconf 87' lang='lat'>«</span> <span class='ocrx_word' id='word_1_41' title='bbox 404 616 531 669; x_wconf 79' lang='grc' dir='ltr'>Ἄνεχέ</span> <span class='ocrx_word' id='word_1_42' title='bbox 548 632 609 669; x_wconf 89' lang='grc' dir='ltr'>μοι</span> <span class='ocrx_word' id='word_1_43' title='bbox 623 616 689 664; x_wconf 88' lang='grc' dir='ltr'>τὴν</span> <span class='ocrx_word' id='word_1_44' title='bbox 708 621 842 669; x_wconf 74' lang='grc' dir='ltr'>χεῖρα.»</span> <span class='ocrx_word' id='word_1_45' title='bbox 862 619 921 654; x_wconf 84' lang='lat' dir='ltr'>Ex</span> <span class='ocrx_word' id='word_1_46' title='bbox 941 617 1092 654; x_wconf 89' lang='lat' dir='ltr'>comico</span> 
     </span>
     <span class='ocr_line' id='line_1_8' title="bbox 63 679 234 731; baseline -0.006 -14"><span class='ocrx_word' id='word_1_47' title='bbox 63 679 234 731; x_wconf 83' lang='lat' dir='ltr'>quidem.</span> 
     </span>
    </p>

    <p class='ocr_par' dir='ltr' id='par_1_5' title="bbox 524 734 616 773">
     <span class='ocr_line' id='line_1_9' title="bbox 524 734 616 773; baseline -0.011 0"><span class='ocrx_word' id='word_1_48' title='bbox 524 734 616 773; x_wconf 89' lang='lat'><strong>331.</strong></span> 
     </span>
    </p>

    <p class='ocr_par' dir='ltr' id='par_1_6' title="bbox 60 785 1093 900">
     <span class='ocr_line' id='line_1_10' title="bbox 114 785 1093 840; baseline -0.003 -12"><span class='ocrx_word' id='word_1_49' title='bbox 114 790 222 828; x_wconf 88' lang='lat' dir='ltr'>Idem</span> <span class='ocrx_word' id='word_1_50' title='bbox 242 789 338 827; x_wconf 84' lang='lat' dir='ltr'><strong>ibid.</strong></span> <span class='ocrx_word' id='word_1_51' title='bbox 367 802 405 840; x_wconf 89' lang='lat' dir='ltr'>p.</span> <span class='ocrx_word' id='word_1_52' title='bbox 433 790 523 837; x_wconf 75' lang='lat'>403,</span> <span class='ocrx_word' id='word_1_53' title='bbox 554 789 602 826; x_wconf 79' lang='lat'>23</span> <span class='ocrx_word' id='word_1_54' title='bbox 623 785 825 833; x_wconf 72' lang='grc' dir='ltr'>εἈνθήλιος</span> <span class='ocrx_word' id='word_1_55' title='bbox 927 786 1036 826; x_wconf 81' lang='grc' dir='ltr'>ἐνίοτε</span> <span class='ocrx_word' id='word_1_56' title='bbox 1056 785 1093 825; x_wconf 82' lang='grc' dir='ltr'>δὲ</span> 
     </span>
     <span class='ocr_line' id='line_1_11' title="bbox 60 845 967 900; baseline -0.003 -13"><span class='ocrx_word' id='word_1_57' title='bbox 60 849 119 887; x_wconf 80' lang='grc' dir='ltr'>καὶ</span> <span class='ocrx_word' id='word_1_58' title='bbox 133 848 173 887; x_wconf 83' lang='grc' dir='ltr'>τὸ</span> <span class='ocrx_word' id='word_1_59' title='bbox 194 847 341 900; x_wconf 84' lang='grc' dir='ltr'>μίμημα</span> <span class='ocrx_word' id='word_1_60' title='bbox 361 847 384 895; x_wconf 80' lang='grc' dir='ltr'>ἢ</span> <span class='ocrx_word' id='word_1_61' title='bbox 405 847 659 900; x_wconf 75' lang='grc' dir='ltr'>ἀντάλλαγμα,</span> <span class='ocrx_word' id='word_1_62' title='bbox 681 847 728 890; x_wconf 82' lang='grc' dir='ltr'>ὥς</span> <span class='ocrx_word' id='word_1_63' title='bbox 743 845 967 897; x_wconf 87' lang='grc' dir='ltr'>Θεόπομπος.</span> 
     </span>
    </p>

    <p class='ocr_par' dir='ltr' id='par_1_7' title="bbox 114 907 678 948">
     <span class='ocr_line' id='line_1_12' title="bbox 114 907 678 948; baseline -0.005 -1"><span class='ocrx_word' id='word_1_64' title='bbox 114 908 258 948; x_wconf 89' lang='lat' dir='ltr'>Eadem</span> <span class='ocrx_word' id='word_1_65' title='bbox 275 907 412 947; x_wconf 87' lang='lat' dir='ltr'>Suidas</span> <span class='ocrx_word' id='word_1_66' title='bbox 433 915 472 945; x_wconf 87' lang='lat' dir='ltr'>et</span> <span class='ocrx_word' id='word_1_67' title='bbox 494 909 678 945; x_wconf 85' lang='lat' dir='ltr'>Zonaras.</span> 
     </span>
    </p>
   </div>
   <div class='ocr_carea' id='block_1_3' title="bbox 113 960 1093 1065">
    <p class='ocr_par' dir='ltr' id='par_1_8' title="bbox 113 960 1093 1065">
     <span class='ocr_line' id='line_1_13' title="bbox 113 960 1093 1065; baseline -0.003 -11"><span class='ocrx_word' id='word_1_68' title='bbox 113 1016 250 1054; x_wconf 86' lang='lat' dir='ltr'>Pollux</span> <span class='ocrx_word' id='word_1_69' title='bbox 269 1018 409 1054; x_wconf 92' lang='lat' dir='ltr'>Onom.</span> <span class='ocrx_word' id='word_1_70' title='bbox 430 1017 501 1062; x_wconf 90' lang='lat'>111,</span> <span class='ocrx_word' id='word_1_71' title='bbox 530 960 619 1051; x_wconf 60' lang='grc' dir='ltr'>ἓὲἳε</span> <span class='ocrx_word' id='word_1_72' title='bbox 638 1010 877 1065; x_wconf 89' lang='grc' dir='ltr'>Παμπόνηροι</span> <span class='ocrx_word' id='word_1_73' title='bbox 896 1011 932 1050; x_wconf 82' lang='grc' dir='ltr'>δὲ</span> <span class='ocrx_word' id='word_1_74' title='bbox 953 1013 983 1051; x_wconf 83' lang='grc' dir='ltr'>οἱ</span> <span class='ocrx_word' id='word_1_75' title='bbox 1000 1013 1093 1052; x_wconf 89' lang='grc' dir='ltr'>Θεο-</span> 
     </span>
    </p>
   </div>
   <div class='ocr_carea' id='block_1_4' title="bbox 56 1070 1092 2133">
    <p class='ocr_par' dir='ltr' id='par_1_9' title="bbox 60 1070 1092 1224">
     <span class='ocr_line' id='line_1_14' title="bbox 60 1070 1092 1127; baseline -0.003 -13"><span class='ocrx_word' id='word_1_76' title='bbox 60 1074 203 1127; x_wconf 86' lang='grc' dir='ltr'>πόμπου</span> <span class='ocrx_word' id='word_1_77' title='bbox 221 1077 283 1113; x_wconf 81' lang='grc' dir='ltr'>τοῦ</span> <span class='ocrx_word' id='word_1_78' title='bbox 304 1071 530 1127; x_wconf 78' lang='grc' dir='ltr'>συγγραφέως</span> <span class='ocrx_word' id='word_1_79' title='bbox 558 1073 724 1111; x_wconf 87' lang='grc' dir='ltr'>ἀπολῖται</span> <span class='ocrx_word' id='word_1_80' title='bbox 752 1070 811 1110; x_wconf 86' lang='grc' dir='ltr'>καὶ</span> <span class='ocrx_word' id='word_1_81' title='bbox 831 1070 1011 1125; x_wconf 83' lang='grc' dir='ltr'>ἀφέταιροι</span> <span class='ocrx_word' id='word_1_82' title='bbox 1032 1072 1092 1111; x_wconf 78' lang='grc' dir='ltr'>καὶ</span> 
     </span>
     <span class='ocr_line' id='line_1_15' title="bbox 61 1135 302 1183; baseline -0.004 -9"><span class='ocrx_word' id='word_1_83' title='bbox 61 1135 302 1183; x_wconf 82' lang='grc' dir='ltr'>Ἀπαθηναῖοι.</span> 
     </span>
     <span class='ocr_line' id='line_1_16' title="bbox 526 1186 617 1224; baseline -0.011 0"><span class='ocrx_word' id='word_1_84' title='bbox 526 1186 617 1224; x_wconf 87' lang='grc'><strong>333.</strong></span> 
     </span>
    </p>

    <p class='ocr_par' dir='ltr' id='par_1_10' title="bbox 60 1244 1092 1479">
     <span class='ocr_line' id='line_1_17' title="bbox 112 1244 1092 1297; baseline -0.004 -11"><span class='ocrx_word' id='word_1_85' title='bbox 112 1248 219 1286; x_wconf 85' lang='lat' dir='ltr'>Idem</span> <span class='ocrx_word' id='word_1_86' title='bbox 237 1251 301 1295; x_wconf 89' lang='lat' dir='ltr'>IV,</span> <span class='ocrx_word' id='word_1_87' title='bbox 316 1249 365 1297; x_wconf 82' lang='lat'>93</span> <span class='ocrx_word' id='word_1_88' title='bbox 380 1262 388 1284; x_wconf 91' lang='lat'><strong>:</strong></span> <span class='ocrx_word' id='word_1_89' title='bbox 406 1245 460 1285; x_wconf 82' lang='grc' dir='ltr'>Τὸ</span> <span class='ocrx_word' id='word_1_90' title='bbox 478 1244 597 1297; x_wconf 86' lang='grc' dir='ltr'>μέντοι</span> <span class='ocrx_word' id='word_1_91' title='bbox 614 1244 725 1296; x_wconf 84' lang='grc' dir='ltr'>ὄνομα</span> <span class='ocrx_word' id='word_1_92' title='bbox 741 1247 760 1284; x_wconf 83' lang='lat'><strong>6</strong></span> <span class='ocrx_word' id='word_1_93' title='bbox 776 1244 1017 1297; x_wconf 84' lang='grc' dir='ltr'>ἀποκήρυκτος</span> <span class='ocrx_word' id='word_1_94' title='bbox 1030 1246 1092 1283; x_wconf 81' lang='grc' dir='ltr'>οὐκ</span> 
     </span>
     <span class='ocr_line' id='line_1_18' title="bbox 61 1303 1090 1360; baseline -0.004 -15"><span class='ocrx_word' id='word_1_95' title='bbox 61 1306 153 1345; x_wconf 83' lang='grc' dir='ltr'>ἔστιν</span> <span class='ocrx_word' id='word_1_96' title='bbox 171 1308 206 1345; x_wconf 82' lang='grc' dir='ltr'>ἐν</span> <span class='ocrx_word' id='word_1_97' title='bbox 226 1305 354 1360; x_wconf 83' lang='grc' dir='ltr'>χρήσει</span> <span class='ocrx_word' id='word_1_98' title='bbox 371 1308 415 1358; x_wconf 78' lang='grc' dir='ltr'>τῇ</span> <span class='ocrx_word' id='word_1_99' title='bbox 435 1305 589 1357; x_wconf 76' lang='grc' dir='ltr'>παλαιᾷ·-</span> <span class='ocrx_word' id='word_1_100' title='bbox 613 1303 829 1355; x_wconf 87' lang='grc' dir='ltr'>Θεόπομπος</span> <span class='ocrx_word' id='word_1_101' title='bbox 846 1303 875 1341; x_wconf 88' lang='grc' dir='ltr'>δ’</span> <span class='ocrx_word' id='word_1_102' title='bbox 905 1304 999 1357; x_wconf 78' lang='grc' dir='ltr'>αὐτῷ</span> <span class='ocrx_word' id='word_1_103' title='bbox 1028 1303 1090 1342; x_wconf 82' lang='grc' dir='ltr'>κε’-</span> 
     </span>
     <span class='ocr_line' id='line_1_19' title="bbox 60 1362 1091 1421; baseline -0.003 -16"><span class='ocrx_word' id='word_1_104' title='bbox 60 1381 191 1421; x_wconf 90' lang='grc' dir='ltr'>χρηται</span> <span class='ocrx_word' id='word_1_105' title='bbox 220 1369 238 1405; x_wconf 91' lang='lat'><strong>6</strong></span> <span class='ocrx_word' id='word_1_106' title='bbox 257 1364 491 1420; x_wconf 79' lang='grc' dir='ltr'>συγγραφεύς·</span> <span class='ocrx_word' id='word_1_107' title='bbox 513 1363 592 1402; x_wconf 80' lang='grc' dir='ltr'>ἀλλ’</span> <span class='ocrx_word' id='word_1_108' title='bbox 611 1363 685 1403; x_wconf 82' lang='grc' dir='ltr'>οὐδ’</span> <span class='ocrx_word' id='word_1_109' title='bbox 709 1364 744 1401; x_wconf 83' lang='grc' dir='ltr'>ἓν</span> <span class='ocrx_word' id='word_1_110' title='bbox 765 1362 973 1417; x_wconf 83' lang='grc' dir='ltr'>Θεοπόμπῳ</span> <span class='ocrx_word' id='word_1_111' title='bbox 1002 1379 1091 1402; x_wconf 91' lang='grc' dir='ltr'>στα-</span> 
     </span>
     <span class='ocr_line' id='line_1_20' title="bbox 60 1422 607 1479; baseline -0.005 -16"><span class='ocrx_word' id='word_1_112' title='bbox 60 1425 192 1476; x_wconf 88' lang='grc' dir='ltr'>θμητὸν</span> <span class='ocrx_word' id='word_1_113' title='bbox 212 1426 259 1469; x_wconf 87' lang='grc' dir='ltr'>εἷς</span> <span class='ocrx_word' id='word_1_114' title='bbox 278 1423 464 1479; x_wconf 84' lang='grc' dir='ltr'>ἑρμηνείας</span> <span class='ocrx_word' id='word_1_115' title='bbox 479 1422 607 1477; x_wconf 84' lang='grc' dir='ltr'>κρίσιν.</span> 
     </span>
    </p>

    <p class='ocr_par' dir='ltr' id='par_1_11' title="bbox 58 1480 1090 1659">
     <span class='ocr_line' id='line_1_21' title="bbox 113 1480 1086 1535; baseline -0.004 -11"><span class='ocrx_word' id='word_1_116' title='bbox 113 1485 292 1524; x_wconf 86' lang='lat' dir='ltr'>Kuhnius</span> <span class='ocrx_word' id='word_1_117' title='bbox 324 1484 492 1535; x_wconf 88' lang='lat' dir='ltr'>conjecit</span> <span class='ocrx_word' id='word_1_118' title='bbox 514 1499 522 1520; x_wconf 92' lang='lat'>:</span> <span class='ocrx_word' id='word_1_119' title='bbox 552 1482 630 1521; x_wconf 86' lang='grc' dir='ltr'>ἀλλ’</span> <span class='ocrx_word' id='word_1_120' title='bbox 653 1480 750 1521; x_wconf 81' lang='grc' dir='ltr'>οὐδὲν</span> <span class='ocrx_word' id='word_1_121' title='bbox 778 1481 984 1535; x_wconf 84' lang='grc' dir='ltr'>Θεοπόμπῳ</span> <span class='ocrx_word' id='word_1_122' title='bbox 1006 1497 1086 1520; x_wconf 89' lang='grc' dir='ltr'>στα-</span> 
     </span>
     <span class='ocr_line' id='line_1_22' title="bbox 58 1540 1090 1596; baseline -0.004 -12"><span class='ocrx_word' id='word_1_123' title='bbox 58 1543 204 1596; x_wconf 86' lang='grc' dir='ltr'>θμητόν.</span> <span class='ocrx_word' id='word_1_124' title='bbox 217 1544 379 1584; x_wconf 82' lang='lat' dir='ltr'>Casaub.</span> <span class='ocrx_word' id='word_1_125' title='bbox 393 1559 401 1581; x_wconf 89' lang='lat'><strong>:</strong></span> <span class='ocrx_word' id='word_1_126' title='bbox 413 1542 491 1581; x_wconf 86' lang='grc' dir='ltr'>ἀλλ’</span> <span class='ocrx_word' id='word_1_127' title='bbox 508 1542 579 1580; x_wconf 81' lang='grc' dir='ltr'>οὐδ’</span> <span class='ocrx_word' id='word_1_128' title='bbox 599 1543 634 1580; x_wconf 85' lang='grc' dir='ltr'>ἐν</span> <span class='ocrx_word' id='word_1_129' title='bbox 643 1540 850 1592; x_wconf 80' lang='grc' dir='ltr'>Θεοπόμπῳ</span> <span class='ocrx_word' id='word_1_130' title='bbox 865 1541 1004 1592; x_wconf 83' lang='grc' dir='ltr'>στάθμη</span> <span class='ocrx_word' id='word_1_131' title='bbox 1019 1543 1090 1580; x_wconf 83' lang='grc' dir='ltr'>τῶν</span> 
     </span>
     <span class='ocr_line' id='line_1_23' title="bbox 60 1601 954 1659; baseline -0.004 -17"><span class='ocrx_word' id='word_1_132' title='bbox 60 1606 107 1649; x_wconf 86' lang='grc' dir='ltr'>εἷς</span> <span class='ocrx_word' id='word_1_133' title='bbox 125 1606 206 1659; x_wconf 84' lang='grc' dir='ltr'>ἑρμ.</span> <span class='ocrx_word' id='word_1_134' title='bbox 229 1602 339 1657; x_wconf 87' lang='grc' dir='ltr'>κρίσ.,</span> <span class='ocrx_word' id='word_1_135' title='bbox 360 1602 466 1654; x_wconf 90' lang='lat' dir='ltr'>quod</span> <span class='ocrx_word' id='word_1_136' title='bbox 484 1601 767 1653; x_wconf 83' lang='lat' dir='ltr'>praeferendum</span> <span class='ocrx_word' id='word_1_137' title='bbox 787 1601 954 1639; x_wconf 85' lang='lat' dir='ltr'>videtur.</span> 
     </span>
    </p>

    <p class='ocr_par' dir='ltr' id='par_1_12' title="bbox 56 1718 1090 2014">
     <span class='ocr_line' id='line_1_24' title="bbox 111 1718 1090 1772; baseline -0.003 -12"><span class='ocrx_word' id='word_1_138' title='bbox 111 1722 219 1760; x_wconf 85' lang='lat' dir='ltr'>Idem</span> <span class='ocrx_word' id='word_1_139' title='bbox 252 1722 302 1769; x_wconf 88' lang='lat' dir='ltr'>V,</span> <span class='ocrx_word' id='word_1_140' title='bbox 333 1724 381 1767; x_wconf 76' lang='lat'>43</span> <span class='ocrx_word' id='word_1_141' title='bbox 410 1737 419 1759; x_wconf 77' lang='grc' dir='ltr'>ε</span> <span class='ocrx_word' id='word_1_142' title='bbox 451 1720 613 1766; x_wconf 81' lang='grc' dir='ltr'>Ἔνδοξος</span> <span class='ocrx_word' id='word_1_143' title='bbox 644 1718 681 1758; x_wconf 83' lang='grc' dir='ltr'>δὲ</span> <span class='ocrx_word' id='word_1_144' title='bbox 713 1718 773 1757; x_wconf 75' lang='grc' dir='ltr'>καὶ</span> <span class='ocrx_word' id='word_1_145' title='bbox 795 1721 814 1757; x_wconf 98' lang='lat'><strong>6</strong></span> <span class='ocrx_word' id='word_1_146' title='bbox 837 1718 1090 1772; x_wconf 85' lang='grc' dir='ltr'>Ἤπειρωτικὸς</span> 
     </span>
     <span class='ocr_line' id='line_1_25' title="bbox 58 1778 1085 1836; baseline -0.003 -15"><span class='ocrx_word' id='word_1_147' title='bbox 58 1780 232 1836; x_wconf 78' lang='grc' dir='ltr'>Κέρὸερος</span> <span class='ocrx_word' id='word_1_148' title='bbox 247 1781 306 1820; x_wconf 75' lang='grc' dir='ltr'>καὶ</span> <span class='ocrx_word' id='word_1_149' title='bbox 323 1784 342 1820; x_wconf 88' lang='lat'><strong>6</strong></span> <span class='ocrx_word' id='word_1_150' title='bbox 361 1780 602 1836; x_wconf 74' lang='grc' dir='ltr'>Ἀλεξάνδρου,</span> <span class='ocrx_word' id='word_1_151' title='bbox 622 1783 641 1819; x_wconf 90' lang='lat'><strong>6</strong></span> <span class='ocrx_word' id='word_1_152' title='bbox 659 1779 745 1834; x_wconf 84' lang='grc' dir='ltr'>πρὸς</span> <span class='ocrx_word' id='word_1_153' title='bbox 760 1778 903 1822; x_wconf 87' lang='grc' dir='ltr'>λέοντας</span> <span class='ocrx_word' id='word_1_154' title='bbox 916 1778 1085 1832; x_wconf 85' lang='grc' dir='ltr'>ἀγωνιζό-</span> 
     </span>
     <span class='ocr_line' id='line_1_26' title="bbox 59 1837 1089 1894; baseline -0.005 -14"><span class='ocrx_word' id='word_1_155' title='bbox 59 1856 181 1892; x_wconf 88' lang='grc' dir='ltr'>μενος,</span> <span class='ocrx_word' id='word_1_156' title='bbox 201 1840 241 1879; x_wconf 82' lang='grc' dir='ltr'>τὸ</span> <span class='ocrx_word' id='word_1_157' title='bbox 261 1839 401 1894; x_wconf 85' lang='grc' dir='ltr'>θρέμμα</span> <span class='ocrx_word' id='word_1_158' title='bbox 419 1840 460 1879; x_wconf 85' lang='grc' dir='ltr'>τὸ</span> <span class='ocrx_word' id='word_1_159' title='bbox 480 1839 640 1889; x_wconf 81' lang='grc' dir='ltr'>Ἰνδικὸν,</span> <span class='ocrx_word' id='word_1_160' title='bbox 664 1837 788 1878; x_wconf 84' lang='grc' dir='ltr'>ἑκατὸν</span> <span class='ocrx_word' id='word_1_161' title='bbox 814 1840 910 1890; x_wconf 82' lang='grc' dir='ltr'>μνῶν</span> <span class='ocrx_word' id='word_1_162' title='bbox 931 1837 1089 1889; x_wconf 82' lang='grc' dir='ltr'>ἐωνημέ-</span> 
     </span>
     <span class='ocr_line' id='line_1_27' title="bbox 56 1896 1088 1954; baseline -0.003 -16"><span class='ocrx_word' id='word_1_163' title='bbox 56 1915 124 1949; x_wconf 89' lang='grc' dir='ltr'>νος,</span> <span class='ocrx_word' id='word_1_164' title='bbox 154 1899 214 1939; x_wconf 82' lang='grc' dir='ltr'>καὶ</span> <span class='ocrx_word' id='word_1_165' title='bbox 243 1899 454 1939; x_wconf 86' lang='grc' dir='ltr'>ἀποθανόντι</span> <span class='ocrx_word' id='word_1_166' title='bbox 486 1902 582 1954; x_wconf 80' lang='grc' dir='ltr'>αὐτῷ</span> <span class='ocrx_word' id='word_1_167' title='bbox 617 1898 718 1939; x_wconf 86' lang='grc' dir='ltr'>πόλιν</span> <span class='ocrx_word' id='word_1_168' title='bbox 756 1898 843 1952; x_wconf 78' lang='grc' dir='ltr'>φησὶ</span> <span class='ocrx_word' id='word_1_169' title='bbox 873 1896 1088 1949; x_wconf 86' lang='grc' dir='ltr'>Θεόπομπος</span> 
     </span>
     <span class='ocr_line' id='line_1_28' title="bbox 57 1958 484 2014; baseline 0 -16"><span class='ocrx_word' id='word_1_170' title='bbox 57 1958 278 2014; x_wconf 80' lang='grc' dir='ltr'>Ἀλέξανδρον</span> <span class='ocrx_word' id='word_1_171' title='bbox 297 1958 484 1998; x_wconf 75' lang='grc' dir='ltr'>ἐποικίσαι.</span> 
     </span>
    </p>

    <p class='ocr_par' dir='ltr' id='par_1_13' title="bbox 57 2016 1086 2133">
     <span class='ocr_line' id='line_1_29' title="bbox 110 2016 1086 2073; baseline -0.004 -15"><span class='ocrx_word' id='word_1_172' title='bbox 110 2023 153 2058; x_wconf 92' lang='lat' dir='ltr'>In</span> <span class='ocrx_word' id='word_1_173' title='bbox 166 2020 252 2058; x_wconf 89' lang='lat' dir='ltr'>cod.</span> <span class='ocrx_word' id='word_1_174' title='bbox 266 2019 347 2059; x_wconf 84' lang='lat' dir='ltr'>MS.</span> <span class='ocrx_word' id='word_1_175' title='bbox 360 2020 430 2058; x_wconf 85' lang='grc' dir='ltr'>Καὶ</span> <span class='ocrx_word' id='word_1_176' title='bbox 450 2023 468 2058; x_wconf 88' lang='lat'><strong>6</strong></span> <span class='ocrx_word' id='word_1_177' title='bbox 479 2019 700 2073; x_wconf 83' lang='grc' dir='ltr'>Ἀλεξάνδρου</span> <span class='ocrx_word' id='word_1_178' title='bbox 712 2016 877 2072; x_wconf 81' lang='grc' dir='ltr'>περιστὰς</span> <span class='ocrx_word' id='word_1_179' title='bbox 890 2016 930 2055; x_wconf 86' lang='grc' dir='ltr'>τὸ</span> <span class='ocrx_word' id='word_1_180' title='bbox 942 2019 1030 2070; x_wconf 88' lang='grc' dir='ltr'>θρ.τ.</span> <span class='ocrx_word' id='word_1_181' title='bbox 1046 2016 1086 2055; x_wconf 92' lang='grc' dir='ltr'>Ἰ.</span> 
     </span>
     <span class='ocr_line' id='line_1_30' title="bbox 57 2073 1083 2133; baseline -0.005 -16"><span class='ocrx_word' id='word_1_182' title='bbox 57 2077 195 2133; x_wconf 82' lang='grc' dir='ltr'>ἐκράτει</span> <span class='ocrx_word' id='word_1_183' title='bbox 212 2077 248 2116; x_wconf 83' lang='grc' dir='ltr'>δὲ</span> <span class='ocrx_word' id='word_1_184' title='bbox 265 2073 363 2122; x_wconf 71' lang='grc' dir='ltr'>οῧτος</span> <span class='ocrx_word' id='word_1_185' title='bbox 379 2077 517 2122; x_wconf 88' lang='grc' dir='ltr'>λέοντος</span> <span class='ocrx_word' id='word_1_186' title='bbox 542 2079 581 2116; x_wconf 81' lang='grc' dir='ltr'>ἐκ</span> <span class='ocrx_word' id='word_1_187' title='bbox 596 2094 653 2130; x_wconf 89' lang='grc' dir='ltr'>μν.</span> <span class='ocrx_word' id='word_1_188' title='bbox 669 2093 695 2116; x_wconf 92' lang='grc' dir='ltr'>ε.</span> <span class='ocrx_word' id='word_1_189' title='bbox 712 2077 919 2128; x_wconf 83' lang='lat' dir='ltr'>Sequentia</span> <span class='ocrx_word' id='word_1_190' title='bbox 933 2076 1083 2113; x_wconf 84' lang='lat' dir='ltr'><strong>desunt.</strong></span> 
     </span>
    </p>
   </div>
   <div class='ocr_carea' id='block_1_5' title="bbox 526 2132 616 2169">
    <p class='ocr_par' dir='ltr' id='par_1_14' title="bbox 526 2132 616 2169">
     <span class='ocr_line' id='line_1_31' title="bbox 526 2132 616 2169; baseline 0 0"><span class='ocrx_word' id='word_1_191' title='bbox 526 2132 616 2169; x_wconf 88' lang='grc'><strong><em>335.</em></strong></span> 
     </span>
    </p>
   </div>
   <div class='ocr_carea' id='block_1_6' title="bbox 2099 134 2172 168">
    <p class='ocr_par' dir='ltr' id='par_1_15' title="bbox 2099 134 2172 168">
     <span class='ocr_line' id='line_1_32' title="bbox 2099 134 2172 168; baseline 0 0"><span class='ocrx_word' id='word_1_192' title='bbox 2099 134 2172 168; x_wconf 78' lang='grc'>331</span> 
     </span>
    </p>
   </div>
   <div class='ocr_carea' id='block_1_7' title="bbox 1151 212 2179 496">
    <p class='ocr_par' dir='ltr' id='par_1_16' title="bbox 1151 212 2179 381">
     <span class='ocr_line' id='line_1_33' title="bbox 1151 212 2177 265; baseline 0.003 -15"><span class='ocrx_word' id='word_1_193' title='bbox 1151 226 1190 264; x_wconf 92' lang='lat' dir='ltr'>p.</span> <span class='ocrx_word' id='word_1_194' title='bbox 1213 213 1274 252; x_wconf 84' lang='lat'>56.</span> <span class='ocrx_word' id='word_1_195' title='bbox 1293 212 1353 252; x_wconf 92' lang='lat' dir='ltr'>ed.</span> <span class='ocrx_word' id='word_1_196' title='bbox 1373 216 1498 251; x_wconf 87' lang='lat' dir='ltr'>Graec.</span> <span class='ocrx_word' id='word_1_197' title='bbox 1520 213 1632 252; x_wconf 90' lang='lat' dir='ltr'>Basil.</span> <span class='ocrx_word' id='word_1_198' title='bbox 1657 214 1754 251; x_wconf 75' lang='lat'>1551</span> <span class='ocrx_word' id='word_1_199' title='bbox 1773 228 1782 251; x_wconf 93' lang='lat'><strong>:</strong></span> <span class='ocrx_word' id='word_1_200' title='bbox 1805 213 1879 254; x_wconf 83' lang='grc' dir='ltr'>Καὶ</span> <span class='ocrx_word' id='word_1_201' title='bbox 1896 212 2111 265; x_wconf 86' lang='grc' dir='ltr'>Θεόπομπος</span> <span class='ocrx_word' id='word_1_202' title='bbox 2126 213 2177 263; x_wconf 80' lang='grc' dir='ltr'>δὲ,</span> 
     </span>
     <span class='ocr_line' id='line_1_34' title="bbox 1151 269 2179 327; baseline 0.003 -19"><span class='ocrx_word' id='word_1_203' title='bbox 1151 269 1190 308; x_wconf 86' lang='grc' dir='ltr'>τὸ</span> <span class='ocrx_word' id='word_1_204' title='bbox 1205 270 1268 323; x_wconf 83' lang='grc' dir='ltr'>μὲν</span> <span class='ocrx_word' id='word_1_205' title='bbox 1285 271 1396 323; x_wconf 80' lang='grc' dir='ltr'>γλυκὺ</span> <span class='ocrx_word' id='word_1_206' title='bbox 1414 274 1519 323; x_wconf 84' lang='grc' dir='ltr'>σῶμα</span> <span class='ocrx_word' id='word_1_207' title='bbox 1545 270 1602 310; x_wconf 77' lang='grc' dir='ltr'>διὰ</span> <span class='ocrx_word' id='word_1_208' title='bbox 1628 276 1743 311; x_wconf 81' lang='grc' dir='ltr'>ταῦτα</span> <span class='ocrx_word' id='word_1_209' title='bbox 1778 271 1981 327; x_wconf 84' lang='grc' dir='ltr'>ἀπεφήνατο</span> <span class='ocrx_word' id='word_1_210' title='bbox 2010 288 2179 321; x_wconf 89' lang='grc' dir='ltr'>συνεστη-</span> 
     </span>
     <span class='ocr_line' id='line_1_35' title="bbox 1151 328 1774 381; baseline 0.006 -14"><span class='ocrx_word' id='word_1_211' title='bbox 1151 328 1268 379; x_wconf 82' lang='grc' dir='ltr'>κέναι,</span> <span class='ocrx_word' id='word_1_212' title='bbox 1287 329 1351 377; x_wconf 83' lang='grc' dir='ltr'>τὴν</span> <span class='ocrx_word' id='word_1_213' title='bbox 1371 329 1407 368; x_wconf 85' lang='grc' dir='ltr'>δὲ</span> <span class='ocrx_word' id='word_1_214' title='bbox 1426 330 1627 381; x_wconf 87' lang='grc' dir='ltr'>γλυκύτητα</span> <span class='ocrx_word' id='word_1_215' title='bbox 1647 331 1774 371; x_wconf 78' lang='grc' dir='ltr'>οὐκέτι.</span> 
     </span>
    </p>

    <p class='ocr_par' dir='ltr' id='par_1_17' title="bbox 1151 389 2177 496">
     <span class='ocr_line' id='line_1_36' title="bbox 1204 389 2177 443; baseline 0.005 -17"><span class='ocrx_word' id='word_1_216' title='bbox 1204 389 1352 428; x_wconf 87' lang='lat' dir='ltr'>Dubito</span> <span class='ocrx_word' id='word_1_217' title='bbox 1383 403 1476 428; x_wconf 85' lang='lat' dir='ltr'>num</span> <span class='ocrx_word' id='word_1_218' title='bbox 1504 391 1757 443; x_wconf 86' lang='lat' dir='ltr'>Theopompo</span> <span class='ocrx_word' id='word_1_219' title='bbox 1781 391 1964 431; x_wconf 87' lang='lat' dir='ltr'>historico</span> <span class='ocrx_word' id='word_1_220' title='bbox 1993 392 2068 430; x_wconf 92' lang='lat' dir='ltr'>hoc</span> <span class='ocrx_word' id='word_1_221' title='bbox 2097 393 2177 431; x_wconf 83' lang='lat' dir='ltr'>fra-</span> 
     </span>
     <span class='ocr_line' id='line_1_37' title="bbox 1151 448 1698 496; baseline 0.007 -12"><span class='ocrx_word' id='word_1_222' title='bbox 1151 457 1350 496; x_wconf 86' lang='lat' dir='ltr'>gmentum</span> <span class='ocrx_word' id='word_1_223' title='bbox 1370 448 1616 487; x_wconf 83' lang='lat' dir='ltr'>tribuendum</span> <span class='ocrx_word' id='word_1_224' title='bbox 1637 451 1698 489; x_wconf 90' lang='lat' dir='ltr'>sit.</span> 
     </span>
    </p>
   </div>
   <div class='ocr_carea' id='block_1_8' title="bbox 1150 572 2183 1339">
    <p class='ocr_par' dir='ltr' id='par_1_18' title="bbox 1151 572 2180 803">
     <span class='ocr_line' id='line_1_38' title="bbox 1207 572 2180 625; baseline 0.008 -18"><span class='ocrx_word' id='word_1_225' title='bbox 1207 572 1427 610; x_wconf 86' lang='lat' dir='ltr'>Eustathius</span> <span class='ocrx_word' id='word_1_226' title='bbox 1441 573 1480 610; x_wconf 88' lang='lat' dir='ltr'>in</span> <span class='ocrx_word' id='word_1_227' title='bbox 1492 577 1606 612; x_wconf 88' lang='lat' dir='ltr'>Hom.</span> <span class='ocrx_word' id='word_1_228' title='bbox 1629 588 1667 625; x_wconf 88' lang='lat' dir='ltr'>p.</span> <span class='ocrx_word' id='word_1_229' title='bbox 1691 576 1789 620; x_wconf 73' lang='lat'>1604</span> <span class='ocrx_word' id='word_1_230' title='bbox 1813 574 1872 613; x_wconf 90' lang='lat' dir='ltr'>ed.</span> <span class='ocrx_word' id='word_1_231' title='bbox 1893 578 2007 614; x_wconf 87' lang='lat' dir='ltr'>Rom.</span> <span class='ocrx_word' id='word_1_232' title='bbox 2023 574 2130 615; x_wconf 62' lang='grc' dir='ltr'>ε”Οτι</span> <span class='ocrx_word' id='word_1_233' title='bbox 2143 576 2180 615; x_wconf 82' lang='grc' dir='ltr'>δὲ</span> 
     </span>
     <span class='ocr_line' id='line_1_39' title="bbox 1151 627 2179 687; baseline 0.01 -23"><span class='ocrx_word' id='word_1_234' title='bbox 1151 627 1210 665; x_wconf 84' lang='grc' dir='ltr'>καὶ</span> <span class='ocrx_word' id='word_1_235' title='bbox 1240 628 1316 666; x_wconf 83' lang='grc' dir='ltr'>ἀντὶ</span> <span class='ocrx_word' id='word_1_236' title='bbox 1337 633 1398 667; x_wconf 82' lang='grc' dir='ltr'>τοῦ</span> <span class='ocrx_word' id='word_1_237' title='bbox 1424 629 1614 670; x_wconf 87' lang='grc' dir='ltr'>ἀνέπνευσε</span> <span class='ocrx_word' id='word_1_238' title='bbox 1640 639 1754 671; x_wconf 78' lang='grc' dir='ltr'>κεῖται</span> <span class='ocrx_word' id='word_1_239' title='bbox 1780 633 1834 685; x_wconf 86' lang='grc' dir='ltr'>(τὸ</span> <span class='ocrx_word' id='word_1_240' title='bbox 1858 634 2070 687; x_wconf 84' lang='grc' dir='ltr'>ἀνενεγκεῖν)</span> <span class='ocrx_word' id='word_1_241' title='bbox 2088 635 2179 674; x_wconf 85' lang='grc' dir='ltr'>κατὰ</span> 
     </span>
     <span class='ocr_line' id='line_1_40' title="bbox 1153 686 2179 747; baseline 0.008 -22"><span class='ocrx_word' id='word_1_242' title='bbox 1153 686 1375 736; x_wconf 85' lang='grc' dir='ltr'>Παυσανίαν,</span> <span class='ocrx_word' id='word_1_243' title='bbox 1391 688 1490 734; x_wconf 87' lang='grc' dir='ltr'>δηλοῖ</span> <span class='ocrx_word' id='word_1_244' title='bbox 1503 689 1717 742; x_wconf 83' lang='grc' dir='ltr'>Θεόπομπος</span> <span class='ocrx_word' id='word_1_245' title='bbox 1727 721 1737 739; x_wconf 86' lang='grc'>,</span> <span class='ocrx_word' id='word_1_246' title='bbox 1752 691 1859 731; x_wconf 84' lang='grc' dir='ltr'>εἰπών</span> <span class='ocrx_word' id='word_1_247' title='bbox 1872 706 1880 715; x_wconf 91' lang='grc'><strong><em>·</em></strong></span> <span class='ocrx_word' id='word_1_248' title='bbox 1898 690 2077 747; x_wconf 83' lang='grc' dir='ltr'>«Ἄφωνος</span> <span class='ocrx_word' id='word_1_249' title='bbox 2099 695 2179 745; x_wconf 82' lang='grc' dir='ltr'>ἐγέ-</span> 
     </span>
     <span class='ocr_line' id='line_1_41' title="bbox 1151 744 1884 803; baseline 0.011 -21"><span class='ocrx_word' id='word_1_250' title='bbox 1151 759 1244 794; x_wconf 88' lang='grc' dir='ltr'>νετο,</span> <span class='ocrx_word' id='word_1_251' title='bbox 1262 744 1384 784; x_wconf 86' lang='grc' dir='ltr'>ἔπειτα</span> <span class='ocrx_word' id='word_1_252' title='bbox 1402 745 1522 797; x_wconf 86' lang='grc' dir='ltr'>μέντοι</span> <span class='ocrx_word' id='word_1_253' title='bbox 1539 749 1645 788; x_wconf 88' lang='grc' dir='ltr'>πάλιν</span> <span class='ocrx_word' id='word_1_254' title='bbox 1663 749 1851 803; x_wconf 85' lang='grc' dir='ltr'>ἀνηνέχθη.</span> <span class='ocrx_word' id='word_1_255' title='bbox 1868 770 1884 786; x_wconf 86' lang='lat'><strong><em>»</em></strong></span> 
     </span>
    </p>

    <p class='ocr_par' dir='ltr' id='par_1_19' title="bbox 1150 869 2181 1220">
     <span class='ocr_line' id='line_1_42' title="bbox 1202 869 2181 924; baseline 0.009 -17"><span class='ocrx_word' id='word_1_256' title='bbox 1202 869 1309 908; x_wconf 89' lang='lat' dir='ltr'>Idem</span> <span class='ocrx_word' id='word_1_257' title='bbox 1329 870 1423 909; x_wconf 87' lang='lat' dir='ltr'>ibid.</span> <span class='ocrx_word' id='word_1_258' title='bbox 1445 885 1484 922; x_wconf 91' lang='lat' dir='ltr'>p.</span> <span class='ocrx_word' id='word_1_259' title='bbox 1520 872 1618 918; x_wconf 75' lang='lat'>1854</span> <span class='ocrx_word' id='word_1_260' title='bbox 1647 889 1655 911; x_wconf 74' lang='lat' dir='ltr'>t</span> <span class='ocrx_word' id='word_1_261' title='bbox 1688 873 1795 913; x_wconf 76' lang='grc' dir='ltr'>Οὕτω</span> <span class='ocrx_word' id='word_1_262' title='bbox 1823 880 1954 924; x_wconf 89' lang='grc' dir='ltr'>κεῖται,</span> <span class='ocrx_word' id='word_1_263' title='bbox 1976 878 2023 920; x_wconf 85' lang='grc' dir='ltr'>ὡς</span> <span class='ocrx_word' id='word_1_264' title='bbox 2039 879 2057 915; x_wconf 84' lang='grc' dir='ltr'><strong>ὁ</strong></span> <span class='ocrx_word' id='word_1_265' title='bbox 2079 876 2181 920; x_wconf 76' lang='grc' dir='ltr'>αὐτὸς</span> 
     </span>
     <span class='ocr_line' id='line_1_43' title="bbox 1151 927 2180 989; baseline 0.008 -23"><span class='ocrx_word' id='word_1_266' title='bbox 1151 927 1330 973; x_wconf 82' lang='grc' dir='ltr'>Διονύσιος</span> <span class='ocrx_word' id='word_1_267' title='bbox 1344 928 1458 981; x_wconf 87' lang='grc' dir='ltr'>λέγει,</span> <span class='ocrx_word' id='word_1_268' title='bbox 1476 930 1537 968; x_wconf 87' lang='grc' dir='ltr'>καὶ</span> <span class='ocrx_word' id='word_1_269' title='bbox 1558 930 1653 984; x_wconf 85' lang='grc' dir='ltr'>παρὰ</span> <span class='ocrx_word' id='word_1_270' title='bbox 1670 932 1877 987; x_wconf 85' lang='grc' dir='ltr'>Θεοπόμπῳ</span> <span class='ocrx_word' id='word_1_271' title='bbox 1900 933 2081 989; x_wconf 79' lang='grc' dir='ltr'>ἀὸυρτάκη</span> <span class='ocrx_word' id='word_1_272' title='bbox 2097 935 2180 975; x_wconf 75' lang='grc' dir='ltr'>ὑπό-</span> 
     </span>
     <span class='ocr_line' id='line_1_44' title="bbox 1151 987 2178 1048; baseline 0.008 -23"><span class='ocrx_word' id='word_1_273' title='bbox 1151 987 1290 1041; x_wconf 85' lang='grc' dir='ltr'>τριμμοί</span> <span class='ocrx_word' id='word_1_274' title='bbox 1307 1004 1342 1026; x_wconf 90' lang='grc' dir='ltr'>τι</span> <span class='ocrx_word' id='word_1_275' title='bbox 1359 987 1463 1042; x_wconf 75' lang='grc' dir='ltr'>δριμὺ</span> <span class='ocrx_word' id='word_1_276' title='bbox 1487 989 1711 1044; x_wconf 70' lang='grc' dir='ltr'>βαρὸαρικὸν,</span> <span class='ocrx_word' id='word_1_277' title='bbox 1727 991 1784 1029; x_wconf 85' lang='grc' dir='ltr'>διὰ</span> <span class='ocrx_word' id='word_1_278' title='bbox 1802 992 1946 1045; x_wconf 87' lang='grc' dir='ltr'>πράσων</span> <span class='ocrx_word' id='word_1_279' title='bbox 1966 994 2026 1032; x_wconf 77' lang='grc' dir='ltr'>καὶ</span> <span class='ocrx_word' id='word_1_280' title='bbox 2043 994 2178 1048; x_wconf 88' lang='grc' dir='ltr'>καρδά-</span> 
     </span>
     <span class='ocr_line' id='line_1_45' title="bbox 1153 1046 2181 1107; baseline 0.007 -22"><span class='ocrx_word' id='word_1_281' title='bbox 1153 1062 1230 1097; x_wconf 87' lang='grc' dir='ltr'>μων</span> <span class='ocrx_word' id='word_1_282' title='bbox 1245 1046 1303 1086; x_wconf 79' lang='grc' dir='ltr'>καὶ</span> <span class='ocrx_word' id='word_1_283' title='bbox 1322 1047 1460 1087; x_wconf 86' lang='grc' dir='ltr'>κόκκων</span> <span class='ocrx_word' id='word_1_284' title='bbox 1476 1048 1555 1102; x_wconf 76' lang='grc' dir='ltr'>ῥόας</span> <span class='ocrx_word' id='word_1_285' title='bbox 1568 1049 1627 1087; x_wconf 80' lang='grc' dir='ltr'>καὶ</span> <span class='ocrx_word' id='word_1_286' title='bbox 1645 1049 1770 1103; x_wconf 86' lang='grc' dir='ltr'>ἑτέρων</span> <span class='ocrx_word' id='word_1_287' title='bbox 1786 1050 1951 1091; x_wconf 82' lang='grc' dir='ltr'>τοιούτων</span> <span class='ocrx_word' id='word_1_288' title='bbox 1961 1069 1969 1076; x_wconf 92' lang='grc'><em>·</em></span> <span class='ocrx_word' id='word_1_289' title='bbox 1985 1051 2071 1107; x_wconf 76' lang='grc' dir='ltr'>φησὶ</span> <span class='ocrx_word' id='word_1_290' title='bbox 2083 1057 2181 1104; x_wconf 80' lang='grc' dir='ltr'>γοῦν,</span> 
     </span>
     <span class='ocr_line' id='line_1_46' title="bbox 1152 1105 2180 1164; baseline 0.011 -24"><span class='ocrx_word' id='word_1_291' title='bbox 1152 1123 1168 1140; x_wconf 90' lang='lat'>«</span> <span class='ocrx_word' id='word_1_292' title='bbox 1188 1105 1263 1153; x_wconf 82' lang='grc' dir='ltr'>ἥξει</span> <span class='ocrx_word' id='word_1_293' title='bbox 1295 1105 1331 1144; x_wconf 85' lang='lat'>83.</span> <span class='ocrx_word' id='word_1_294' title='bbox 1362 1106 1496 1154; x_wconf 83' lang='grc' dir='ltr'>Μήδων</span> <span class='ocrx_word' id='word_1_295' title='bbox 1530 1113 1647 1159; x_wconf 84' lang='grc' dir='ltr'>γαῖαν,</span> <span class='ocrx_word' id='word_1_296' title='bbox 1673 1107 1755 1147; x_wconf 81' lang='grc' dir='ltr'>ἔνθα</span> <span class='ocrx_word' id='word_1_297' title='bbox 1785 1110 1976 1164; x_wconf 87' lang='grc' dir='ltr'>καρδάμων</span> <span class='ocrx_word' id='word_1_298' title='bbox 2006 1112 2180 1150; x_wconf 87' lang='grc' dir='ltr'>πλείστων</span> 
     </span>
     <span class='ocr_line' id='line_1_47' title="bbox 1150 1165 1792 1220; baseline 0.005 -17"><span class='ocrx_word' id='word_1_299' title='bbox 1150 1170 1301 1204; x_wconf 88' lang='grc' dir='ltr'>ποιεῖται</span> <span class='ocrx_word' id='word_1_300' title='bbox 1318 1165 1378 1204; x_wconf 81' lang='grc' dir='ltr'>καὶ</span> <span class='ocrx_word' id='word_1_301' title='bbox 1396 1165 1542 1220; x_wconf 88' lang='grc' dir='ltr'>πράσων</span> <span class='ocrx_word' id='word_1_302' title='bbox 1564 1166 1759 1220; x_wconf 70' lang='grc' dir='ltr'>ἀὸυρτάκη,</span> <span class='ocrx_word' id='word_1_303' title='bbox 1777 1186 1792 1202; x_wconf 72' lang='lat' dir='ltr'>n</span> 
     </span>
    </p>

    <p class='ocr_par' dir='ltr' id='par_1_20' title="bbox 1150 1226 2183 1339">
     <span class='ocr_line' id='line_1_48' title="bbox 1205 1226 2181 1280; baseline 0.006 -17"><span class='ocrx_word' id='word_1_304' title='bbox 1205 1229 1288 1264; x_wconf 85' lang='lat' dir='ltr'>Hoc</span> <span class='ocrx_word' id='word_1_305' title='bbox 1318 1226 1573 1278; x_wconf 83' lang='lat' dir='ltr'>fragmentum</span> <span class='ocrx_word' id='word_1_306' title='bbox 1609 1229 1703 1278; x_wconf 91' lang='lat' dir='ltr'>quin</span> <span class='ocrx_word' id='word_1_307' title='bbox 1739 1229 1994 1280; x_wconf 90' lang='lat' dir='ltr'>Theopompo</span> <span class='ocrx_word' id='word_1_308' title='bbox 2025 1233 2181 1269; x_wconf 87' lang='lat' dir='ltr'>Comico</span> 
     </span>
     <span class='ocr_line' id='line_1_49' title="bbox 1150 1284 2183 1339; baseline 0.006 -17"><span class='ocrx_word' id='word_1_309' title='bbox 1150 1284 1450 1335; x_wconf 89' lang='lat' dir='ltr'>adjudicandum</span> <span class='ocrx_word' id='word_1_310' title='bbox 1470 1287 1519 1324; x_wconf 86' lang='lat' dir='ltr'>sit</span> <span class='ocrx_word' id='word_1_311' title='bbox 1538 1286 1708 1325; x_wconf 84' lang='lat' dir='ltr'>dubitari</span> <span class='ocrx_word' id='word_1_312' title='bbox 1727 1289 1873 1339; x_wconf 87' lang='lat' dir='ltr'>nequit.</span> <span class='ocrx_word' id='word_1_313' title='bbox 1891 1288 1997 1326; x_wconf 90' lang='lat' dir='ltr'>Idem</span> <span class='ocrx_word' id='word_1_314' title='bbox 2014 1290 2116 1328; x_wconf 86' lang='lat' dir='ltr'>valet</span> <span class='ocrx_word' id='word_1_315' title='bbox 2135 1290 2183 1328; x_wconf 89' lang='lat' dir='ltr'>de</span> 
     </span>
    </p>
   </div>
   <div class='ocr_carea' id='block_1_9' title="bbox 1144 1351 2180 2176">
    <p class='ocr_par' dir='ltr' id='par_1_21' title="bbox 1151 1351 1714 1448">
     <span class='ocr_line' id='line_1_50' title="bbox 1151 1351 1598 1390; baseline 0.004 -2"><span class='ocrx_word' id='word_1_316' title='bbox 1151 1351 1273 1389; x_wconf 85' lang='lat' dir='ltr'>altero</span> <span class='ocrx_word' id='word_1_317' title='bbox 1293 1352 1483 1390; x_wconf 86' lang='lat' dir='ltr'>Eustathii</span> <span class='ocrx_word' id='word_1_318' title='bbox 1500 1352 1598 1390; x_wconf 92' lang='lat' dir='ltr'>loco.</span> 
     </span>
     <span class='ocr_line' id='line_1_51' title="bbox 1624 1410 1714 1448; baseline 0 0"><span class='ocrx_word' id='word_1_319' title='bbox 1624 1410 1714 1448; x_wconf 84' lang='lat'>338.</span> 
     </span>
    </p>

    <p class='ocr_par' dir='ltr' id='par_1_22' title="bbox 1149 1469 2180 1642">
     <span class='ocr_line' id='line_1_52' title="bbox 1205 1469 2180 1525; baseline 0.006 -19"><span class='ocrx_word' id='word_1_320' title='bbox 1205 1469 1309 1507; x_wconf 90' lang='lat' dir='ltr'>Idem</span> <span class='ocrx_word' id='word_1_321' title='bbox 1326 1469 1422 1508; x_wconf 87' lang='lat' dir='ltr'>ibid.</span> <span class='ocrx_word' id='word_1_322' title='bbox 1441 1483 1478 1521; x_wconf 89' lang='lat' dir='ltr'>p.</span> <span class='ocrx_word' id='word_1_323' title='bbox 1507 1483 1606 1520; x_wconf 83' lang='lat'>1910</span> <span class='ocrx_word' id='word_1_324' title='bbox 1622 1486 1630 1508; x_wconf 94' lang='lat'>:</span> <span class='ocrx_word' id='word_1_325' title='bbox 1650 1469 1737 1510; x_wconf 67' lang='lat' dir='ltr'>“Ort</span> <span class='ocrx_word' id='word_1_326' title='bbox 1762 1471 1798 1509; x_wconf 92' lang='lat'>83.</span> <span class='ocrx_word' id='word_1_327' title='bbox 1815 1473 1875 1511; x_wconf 84' lang='grc' dir='ltr'>καὶ</span> <span class='ocrx_word' id='word_1_328' title='bbox 1893 1478 2089 1524; x_wconf 83' lang='grc' dir='ltr'>γυναικεῖον</span> <span class='ocrx_word' id='word_1_329' title='bbox 2110 1473 2180 1525; x_wconf 85' lang='grc' dir='ltr'>μό-</span> 
     </span>
     <span class='ocr_line' id='line_1_53' title="bbox 1152 1528 2180 1583; baseline 0.006 -17"><span class='ocrx_word' id='word_1_330' title='bbox 1152 1543 1222 1582; x_wconf 83' lang='grc' dir='ltr'>ριον</span> <span class='ocrx_word' id='word_1_331' title='bbox 1259 1528 1425 1580; x_wconf 87' lang='grc' dir='ltr'>σημαίνει</span> <span class='ocrx_word' id='word_1_332' title='bbox 1455 1532 1474 1568; x_wconf 92' lang='lat'><strong>6</strong></span> <span class='ocrx_word' id='word_1_333' title='bbox 1509 1528 1720 1582; x_wconf 85' lang='grc' dir='ltr'>Κένταυρος,</span> <span class='ocrx_word' id='word_1_334' title='bbox 1754 1530 1917 1578; x_wconf 82' lang='grc' dir='ltr'>δηλοῦσιν</span> <span class='ocrx_word' id='word_1_335' title='bbox 1953 1533 1984 1570; x_wconf 77' lang='grc' dir='ltr'>οἱ</span> <span class='ocrx_word' id='word_1_336' title='bbox 2013 1533 2180 1583; x_wconf 78' lang='grc' dir='ltr'>παλαιοὶ,</span> 
     </span>
     <span class='ocr_line' id='line_1_54' title="bbox 1149 1586 1972 1642; baseline 0.005 -17"><span class='ocrx_word' id='word_1_337' title='bbox 1149 1586 1311 1642; x_wconf 82' lang='grc' dir='ltr'>φέροντες</span> <span class='ocrx_word' id='word_1_338' title='bbox 1327 1587 1387 1626; x_wconf 79' lang='grc' dir='ltr'>καὶ</span> <span class='ocrx_word' id='word_1_339' title='bbox 1405 1591 1533 1642; x_wconf 74' lang='grc' dir='ltr'>χρῆσιν</span> <span class='ocrx_word' id='word_1_340' title='bbox 1553 1587 1771 1640; x_wconf 88' lang='grc' dir='ltr'>Θεοπόμπου</span> <span class='ocrx_word' id='word_1_341' title='bbox 1791 1591 1838 1634; x_wconf 86' lang='grc' dir='ltr'>εἷς</span> <span class='ocrx_word' id='word_1_342' title='bbox 1857 1594 1972 1630; x_wconf 77' lang='grc' dir='ltr'>τοῦτο.</span> 
     </span>
    </p>

    <p class='ocr_par' dir='ltr' id='par_1_23' title="bbox 1619 1649 1710 1686">
     <span class='ocr_line' id='line_1_55' title="bbox 1619 1649 1710 1686; baseline 0 0"><span class='ocrx_word' id='word_1_343' title='bbox 1619 1649 1710 1686; x_wconf 90' lang='grc'><strong>339.</strong></span> 
     </span>
    </p>

    <p class='ocr_par' dir='ltr' id='par_1_24' title="bbox 1144 1708 2178 2176">
     <span class='ocr_line' id='line_1_56' title="bbox 1201 1708 2176 1757; baseline 0.004 -12"><span class='ocrx_word' id='word_1_344' title='bbox 1201 1708 1329 1746; x_wconf 90' lang='lat' dir='ltr'>Schol.</span> <span class='ocrx_word' id='word_1_345' title='bbox 1346 1708 1386 1746; x_wconf 89' lang='lat' dir='ltr'>in</span> <span class='ocrx_word' id='word_1_346' title='bbox 1407 1709 1518 1746; x_wconf 90' lang='lat' dir='ltr'>Hom.</span> <span class='ocrx_word' id='word_1_347' title='bbox 1540 1712 1648 1757; x_wconf 91' lang='lat' dir='ltr'>I,vs.</span> <span class='ocrx_word' id='word_1_348' title='bbox 1668 1709 1716 1746; x_wconf 85' lang='lat'>38</span> <span class='ocrx_word' id='word_1_349' title='bbox 1731 1739 1742 1757; x_wconf 93' lang='lat'>‚</span> <span class='ocrx_word' id='word_1_350' title='bbox 1757 1709 1904 1747; x_wconf 87' lang='lat' dir='ltr'>editum</span> <span class='ocrx_word' id='word_1_351' title='bbox 1924 1723 1944 1747; x_wconf 80' lang='lat' dir='ltr'>a</span> <span class='ocrx_word' id='word_1_352' title='bbox 1957 1710 2176 1749; x_wconf 87' lang='lat' dir='ltr'>Wassenb.:</span> 
     </span>
     <span class='ocr_line' id='line_1_57' title="bbox 1149 1766 2178 1822; baseline 0.001 -16"><span class='ocrx_word' id='word_1_353' title='bbox 1149 1766 1273 1821; x_wconf 80' lang='grc' dir='ltr'>Πέλοψ</span> <span class='ocrx_word' id='word_1_354' title='bbox 1307 1770 1325 1806; x_wconf 84' lang='grc' dir='ltr'><strong>ὁ</strong></span> <span class='ocrx_word' id='word_1_355' title='bbox 1343 1767 1530 1806; x_wconf 86' lang='grc' dir='ltr'>Ταντάλου</span> <span class='ocrx_word' id='word_1_356' title='bbox 1565 1768 1657 1806; x_wconf 87' lang='grc' dir='ltr'>κατὰ</span> <span class='ocrx_word' id='word_1_357' title='bbox 1701 1767 1824 1819; x_wconf 88' lang='grc' dir='ltr'>μισθὸν</span> <span class='ocrx_word' id='word_1_358' title='bbox 1862 1769 2029 1816; x_wconf 76' lang='grc' dir='ltr'>παιδικῆς</span> <span class='ocrx_word' id='word_1_359' title='bbox 2066 1768 2178 1822; x_wconf 81' lang='grc' dir='ltr'>ὥρας,</span> 
     </span>
     <span class='ocr_line' id='line_1_58' title="bbox 1147 1824 2178 1882; baseline 0.004 -19"><span class='ocrx_word' id='word_1_360' title='bbox 1147 1824 1267 1863; x_wconf 76' lang='grc' dir='ltr'>λαὸὼν</span> <span class='ocrx_word' id='word_1_361' title='bbox 1294 1825 1392 1878; x_wconf 85' lang='grc' dir='ltr'>παρὰ</span> <span class='ocrx_word' id='word_1_362' title='bbox 1418 1826 1636 1868; x_wconf 77' lang='grc' dir='ltr'>Ποσειδῶνος</span> <span class='ocrx_word' id='word_1_363' title='bbox 1654 1824 1781 1870; x_wconf 79' lang='grc' dir='ltr'>ἵππους</span> <span class='ocrx_word' id='word_1_364' title='bbox 1799 1826 2024 1878; x_wconf 83' lang='grc' dir='ltr'>ἀδαμάστους</span> <span class='ocrx_word' id='word_1_365' title='bbox 2043 1826 2105 1866; x_wconf 75' lang='grc' dir='ltr'>σὺν</span> <span class='ocrx_word' id='word_1_366' title='bbox 2126 1830 2178 1882; x_wconf 83' lang='grc' dir='ltr'>τῷ</span> 
     </span>
     <span class='ocr_line' id='line_1_59' title="bbox 1147 1883 2178 1938; baseline 0.004 -15"><span class='ocrx_word' id='word_1_367' title='bbox 1147 1884 1304 1938; x_wconf 82' lang='grc' dir='ltr'>ὀχήματι</span> <span class='ocrx_word' id='word_1_368' title='bbox 1315 1915 1326 1934; x_wconf 94' lang='grc'>,</span> <span class='ocrx_word' id='word_1_369' title='bbox 1344 1883 1508 1923; x_wconf 75' lang='grc' dir='ltr'>ἔσπευδεν</span> <span class='ocrx_word' id='word_1_370' title='bbox 1529 1886 1576 1927; x_wconf 85' lang='grc' dir='ltr'>εἷς</span> <span class='ocrx_word' id='word_1_371' title='bbox 1596 1885 1713 1925; x_wconf 91' lang='grc' dir='ltr'>Πίσαν</span> <span class='ocrx_word' id='word_1_372' title='bbox 1742 1888 1805 1932; x_wconf 73' lang='grc' dir='ltr'>τῆς</span> <span class='ocrx_word' id='word_1_373' title='bbox 1828 1886 2102 1934; x_wconf 86' lang='grc' dir='ltr'>Πελοποννήσου</span> <span class='ocrx_word' id='word_1_374' title='bbox 2120 1888 2178 1927; x_wconf 82' lang='grc' dir='ltr'>ἐπὶ</span> 
     </span>
     <span class='ocr_line' id='line_1_60' title="bbox 1146 1942 2178 1998; baseline 0.003 -17"><span class='ocrx_word' id='word_1_375' title='bbox 1146 1943 1204 1982; x_wconf 85' lang='grc' dir='ltr'>τὸν</span> <span class='ocrx_word' id='word_1_376' title='bbox 1230 1943 1485 1995; x_wconf 85' lang='grc' dir='ltr'>Ἱπποδαμείας</span> <span class='ocrx_word' id='word_1_377' title='bbox 1514 1942 1643 1995; x_wconf 85' lang='grc' dir='ltr'>γάμον,</span> <span class='ocrx_word' id='word_1_378' title='bbox 1661 1943 1720 1983; x_wconf 80' lang='grc' dir='ltr'>τὸν</span> <span class='ocrx_word' id='word_1_379' title='bbox 1741 1945 2045 1998; x_wconf 88' lang='grc' dir='ltr'>μνηστηροκτόνον</span> <span class='ocrx_word' id='word_1_380' title='bbox 2073 1948 2178 1995; x_wconf 79' lang='grc' dir='ltr'>αὐτῆς</span> 
     </span>
     <span class='ocr_line' id='line_1_61' title="bbox 1145 2001 2176 2056; baseline 0.003 -16"><span class='ocrx_word' id='word_1_381' title='bbox 1145 2002 1282 2056; x_wconf 86' lang='grc' dir='ltr'>πατέρα</span> <span class='ocrx_word' id='word_1_382' title='bbox 1305 2001 1483 2053; x_wconf 84' lang='grc' dir='ltr'>Οἰνόμαον</span> <span class='ocrx_word' id='word_1_383' title='bbox 1512 2002 1822 2054; x_wconf 71' lang='grc' dir='ltr'>καταγωνίσασθαι</span> <span class='ocrx_word' id='word_1_384' title='bbox 1852 2004 2049 2054; x_wconf 81' lang='grc' dir='ltr'>ἐπιθυμῶν·</span> <span class='ocrx_word' id='word_1_385' title='bbox 2075 2020 2176 2056; x_wconf 89' lang='grc' dir='ltr'>γενο-</span> 
     </span>
     <span class='ocr_line' id='line_1_62' title="bbox 1147 2061 2177 2116; baseline 0.002 -16"><span class='ocrx_word' id='word_1_386' title='bbox 1147 2061 1242 2116; x_wconf 83' lang='grc' dir='ltr'>μένῳ</span> <span class='ocrx_word' id='word_1_387' title='bbox 1266 2061 1302 2100; x_wconf 79' lang='grc' dir='ltr'>δὲ</span> <span class='ocrx_word' id='word_1_388' title='bbox 1337 2064 1431 2116; x_wconf 81' lang='grc' dir='ltr'>αὐτῷ</span> <span class='ocrx_word' id='word_1_389' title='bbox 1465 2062 1546 2116; x_wconf 79' lang='grc' dir='ltr'>περὶ</span> <span class='ocrx_word' id='word_1_390' title='bbox 1576 2061 1725 2111; x_wconf 75' lang='grc' dir='ltr'>Λέσὸον,</span> <span class='ocrx_word' id='word_1_391' title='bbox 1761 2062 1889 2107; x_wconf 88' lang='grc' dir='ltr'>Κίλλος</span> <span class='ocrx_word' id='word_1_392' title='bbox 1913 2066 1931 2101; x_wconf 85' lang='lat'><strong>6</strong></span> <span class='ocrx_word' id='word_1_393' title='bbox 1958 2063 2097 2116; x_wconf 83' lang='grc' dir='ltr'>ἡνίοχος</span> <span class='ocrx_word' id='word_1_394' title='bbox 2119 2080 2177 2102; x_wconf 89' lang='grc' dir='ltr'>τε-</span> 
     </span>
     <span class='ocr_line' id='line_1_63' title="bbox 1144 2120 2176 2176; baseline 0.002 -16"><span class='ocrx_word' id='word_1_395' title='bbox 1144 2123 1251 2176; x_wconf 75' lang='grc' dir='ltr'>λευτᾷ</span> <span class='ocrx_word' id='word_1_396' title='bbox 1270 2121 1329 2160; x_wconf 85' lang='grc' dir='ltr'>τὸν</span> <span class='ocrx_word' id='word_1_397' title='bbox 1352 2121 1444 2174; x_wconf 89' lang='grc' dir='ltr'>βίον·</span> <span class='ocrx_word' id='word_1_398' title='bbox 1462 2121 1497 2164; x_wconf 82' lang='grc' dir='ltr'>ὃς</span> <span class='ocrx_word' id='word_1_399' title='bbox 1525 2121 1584 2159; x_wconf 82' lang='grc' dir='ltr'>καὶ</span> <span class='ocrx_word' id='word_1_400' title='bbox 1613 2122 1691 2159; x_wconf 78' lang='grc' dir='ltr'>καθ’</span> <span class='ocrx_word' id='word_1_401' title='bbox 1723 2120 1829 2160; x_wconf 79' lang='grc' dir='ltr'>ὕπνον</span> <span class='ocrx_word' id='word_1_402' title='bbox 1863 2121 2005 2166; x_wconf 81' lang='grc' dir='ltr'>ἐπιστὰς</span> <span class='ocrx_word' id='word_1_403' title='bbox 2027 2125 2077 2176; x_wconf 80' lang='grc' dir='ltr'>τῷ</span> <span class='ocrx_word' id='word_1_404' title='bbox 2100 2123 2176 2163; x_wconf 83' lang='grc' dir='ltr'>Πέ-</span> 
     </span>
    </p>
   </div>
   <div class='ocr_carea' id='block_1_10' title="bbox 107 2172 2177 2239">
    <p class='ocr_par' dir='ltr' id='par_1_25' title="bbox 107 2172 2177 2239">
     <span class='ocr_line' id='line_1_64' title="bbox 107 2172 2177 2239; baseline -0.001 -15"><span class='ocrx_word' id='word_1_405' title='bbox 107 2186 326 2237; x_wconf 87' lang='lat' dir='ltr'>Simplicius</span> <span class='ocrx_word' id='word_1_406' title='bbox 355 2186 468 2239; x_wconf 87' lang='grc' dir='ltr'>Προλ.</span> <span class='ocrx_word' id='word_1_407' title='bbox 502 2186 549 2230; x_wconf 87' lang='grc' dir='ltr'>εἷς</span> <span class='ocrx_word' id='word_1_408' title='bbox 581 2183 643 2228; x_wconf 87' lang='grc' dir='ltr'>τὰς</span> <span class='ocrx_word' id='word_1_409' title='bbox 672 2181 929 2237; x_wconf 84' lang='grc' dir='ltr'>Ἀριστοτέλους</span> <span class='ocrx_word' id='word_1_410' title='bbox 955 2197 1083 2233; x_wconf 83' lang='grc' dir='ltr'>κατηγ.</span> <span class='ocrx_word' id='word_1_411' title='bbox 1111 2172 1118 2226; x_wconf 79' lang='lat' dir='ltr'>l</span> <span class='ocrx_word' id='word_1_412' title='bbox 1144 2183 1227 2219; x_wconf 89' lang='grc' dir='ltr'>λοπι</span> <span class='ocrx_word' id='word_1_413' title='bbox 1247 2179 1380 2234; x_wconf 76' lang='grc' dir='ltr'>σφόδρα</span> <span class='ocrx_word' id='word_1_414' title='bbox 1409 2181 1585 2233; x_wconf 75' lang='grc' dir='ltr'>ὀδυνηρῶς</span> <span class='ocrx_word' id='word_1_415' title='bbox 1613 2180 1668 2218; x_wconf 84' lang='grc' dir='ltr'>ἐπ’</span> <span class='ocrx_word' id='word_1_416' title='bbox 1689 2181 1783 2233; x_wconf 79' lang='grc' dir='ltr'>αὐτῷ</span> <span class='ocrx_word' id='word_1_417' title='bbox 1807 2180 1942 2233; x_wconf 81' lang='grc' dir='ltr'>ἔχοντι,</span> <span class='ocrx_word' id='word_1_418' title='bbox 1974 2181 2177 2236; x_wconf 83' lang='grc' dir='ltr'>ἀπωδύρετό</span> 
     </span>
    </p>
   </div>
   <div class='ocr_carea' id='block_1_11' title="bbox 47 2301 1084 3150">
    <p class='ocr_par' dir='ltr' id='par_1_26' title="bbox 53 2301 1084 2442">
     <span class='ocr_line' id='line_1_65' title="bbox 94 2301 1084 2393; baseline -0.004 -8"><span class='ocrx_word' id='word_1_419' title='bbox 94 2353 236 2393; x_wconf 83' lang='grc' dir='ltr'>Ἄλυπος,</span> <span class='ocrx_word' id='word_1_420' title='bbox 254 2352 310 2393; x_wconf 87' lang='lat' dir='ltr'>qui</span> <span class='ocrx_word' id='word_1_421' title='bbox 328 2352 439 2385; x_wconf 91' lang='lat' dir='ltr'>dolore</span> <span class='ocrx_word' id='word_1_422' title='bbox 455 2301 694 2391; x_wconf 56' lang='lat' dir='ltr'>non3a2sgcitur,</span> <span class='ocrx_word' id='word_1_423' title='bbox 714 2350 834 2383; x_wconf 87' lang='lat' dir='ltr'>dicitur</span> <span class='ocrx_word' id='word_1_424' title='bbox 853 2350 883 2382; x_wconf 90' lang='lat' dir='ltr'>is</span> <span class='ocrx_word' id='word_1_425' title='bbox 897 2349 996 2382; x_wconf 89' lang='lat' dir='ltr'>etiam</span> <span class='ocrx_word' id='word_1_426' title='bbox 1014 2349 1084 2381; x_wconf 79' lang='grc' dir='ltr'>ἀλύ-</span> 
     </span>
     <span class='ocr_line' id='line_1_66' title="bbox 53 2399 547 2442; baseline -0.004 -10"><span class='ocrx_word' id='word_1_427' title='bbox 53 2412 151 2440; x_wconf 83' lang='grc' dir='ltr'>πητος</span> <span class='ocrx_word' id='word_1_428' title='bbox 161 2424 170 2440; x_wconf 91' lang='grc'>,</span> <span class='ocrx_word' id='word_1_429' title='bbox 186 2399 273 2441; x_wconf 90' lang='lat' dir='ltr'>apud</span> <span class='ocrx_word' id='word_1_430' title='bbox 289 2400 547 2442; x_wconf 85' lang='lat' dir='ltr'>Theopompum.</span> 
     </span>
    </p>

    <p class='ocr_par' dir='ltr' id='par_1_27' title="bbox 523 2454 612 2486">
     <span class='ocr_line' id='line_1_67' title="bbox 523 2454 612 2486; baseline 0 0"><span class='ocrx_word' id='word_1_431' title='bbox 523 2454 543 2486; x_wconf 88' lang='grc'><strong>3</strong></span> <span class='ocrx_word' id='word_1_432' title='bbox 576 2455 612 2486; x_wconf 82' lang='grc'>0.</span> 
     </span>
    </p>

    <p class='ocr_par' dir='ltr' id='par_1_28' title="bbox 97 2455 840 2550">
     <span class='ocr_line' id='line_1_68' title="bbox 97 2455 840 2550; baseline -0.004 -11"><span class='ocrx_word' id='word_1_433' title='bbox 97 2506 203 2548; x_wconf 83' lang='grc' dir='ltr'>Ἄνεχε</span> <span class='ocrx_word' id='word_1_434' title='bbox 219 2515 278 2548; x_wconf 89' lang='lat' dir='ltr'>pro</span> <span class='ocrx_word' id='word_1_435' title='bbox 293 2506 411 2550; x_wconf 85' lang='grc' dir='ltr'>πάρεχε</span> <span class='ocrx_word' id='word_1_436' title='bbox 426 2455 582 2548; x_wconf 59' lang='grc' dir='ltr'>(ριεεὴθξ,</span> <span class='ocrx_word' id='word_1_437' title='bbox 599 2505 840 2546; x_wconf 87' lang='lat' dir='ltr'>Theopompus.</span> 
     </span>
    </p>

    <p class='ocr_par' dir='ltr' id='par_1_29' title="bbox 51 2561 1081 2747">
     <span class='ocr_line' id='line_1_69' title="bbox 93 2561 1081 2654; baseline -0.004 -9"><span class='ocrx_word' id='word_1_438' title='bbox 93 2612 248 2651; x_wconf 79' lang='grc' dir='ltr'>Ἇνοήλιος</span> <span class='ocrx_word' id='word_1_439' title='bbox 261 2613 336 2653; x_wconf 79' lang='lat' dir='ltr'>(soli</span> <span class='ocrx_word' id='word_1_440' title='bbox 352 2562 540 2654; x_wconf 50' lang='lat' dir='ltr'>oppositus}</span> <span class='ocrx_word' id='word_1_441' title='bbox 547 2561 844 2652; x_wconf 35' lang='lat' dir='ltr'>:ll-nonnunquam</span> <span class='ocrx_word' id='word_1_442' title='bbox 858 2610 957 2643; x_wconf 87' lang='lat' dir='ltr'>etiam</span> <span class='ocrx_word' id='word_1_443' title='bbox 979 2609 1081 2642; x_wconf 82' lang='lat' dir='ltr'>imila-</span> 
     </span>
     <span class='ocr_line' id='line_1_70' title="bbox 52 2657 1081 2700; baseline -0.001 -10"><span class='ocrx_word' id='word_1_444' title='bbox 52 2661 208 2698; x_wconf 86' lang='lat' dir='ltr'>mentum,</span> <span class='ocrx_word' id='word_1_445' title='bbox 218 2658 349 2700; x_wconf 79' lang='lat' dir='ltr'>effigies,</span> <span class='ocrx_word' id='word_1_446' title='bbox 361 2659 584 2699; x_wconf 83' lang='lat' dir='ltr'>simulacrum,</span> <span class='ocrx_word' id='word_1_447' title='bbox 598 2659 794 2700; x_wconf 85' lang='lat' dir='ltr'>permutatio</span> <span class='ocrx_word' id='word_1_448' title='bbox 805 2681 814 2698; x_wconf 93' lang='lat'>,</span> <span class='ocrx_word' id='word_1_449' title='bbox 829 2659 867 2691; x_wconf 91' lang='lat' dir='ltr'>ut</span> <span class='ocrx_word' id='word_1_450' title='bbox 880 2657 965 2700; x_wconf 82' lang='lat' dir='ltr'>apud</span> <span class='ocrx_word' id='word_1_451' title='bbox 983 2657 1081 2691; x_wconf 89' lang='lat' dir='ltr'>Theo-</span> 
     </span>
     <span class='ocr_line' id='line_1_71' title="bbox 51 2713 217 2747; baseline 0.006 -9"><span class='ocrx_word' id='word_1_452' title='bbox 51 2713 217 2747; x_wconf 85' lang='lat' dir='ltr'>pompum.</span> 
     </span>
    </p>

    <p class='ocr_par' dir='ltr' id='par_1_30' title="bbox 517 2761 606 2794">
     <span class='ocr_line' id='line_1_72' title="bbox 517 2761 606 2794; baseline -0.011 0"><span class='ocrx_word' id='word_1_453' title='bbox 517 2761 606 2794; x_wconf 83' lang='lat'>332.</span> 
     </span>
    </p>

    <p class='ocr_par' dir='ltr' id='par_1_31' title="bbox 50 2811 1078 2947">
     <span class='ocr_line' id='line_1_73' title="bbox 93 2811 1078 2855; baseline -0.001 -11"><span class='ocrx_word' id='word_1_454' title='bbox 93 2812 231 2844; x_wconf 85' lang='lat' dir='ltr'>Pessimi</span> <span class='ocrx_word' id='word_1_455' title='bbox 261 2814 370 2844; x_wconf 88' lang='lat' dir='ltr'>autem</span> <span class='ocrx_word' id='word_1_456' title='bbox 399 2814 478 2846; x_wconf 87' lang='lat' dir='ltr'>sunt</span> <span class='ocrx_word' id='word_1_457' title='bbox 504 2812 704 2855; x_wconf 83' lang='lat' dir='ltr'>Theopompi</span> <span class='ocrx_word' id='word_1_458' title='bbox 734 2811 903 2854; x_wconf 87' lang='lat' dir='ltr'>scriptoris</span> <span class='ocrx_word' id='word_1_459' title='bbox 935 2811 1078 2844; x_wconf 83' lang='grc' dir='ltr'>ἀπολῖται</span> 
     </span>
     <span class='ocr_line' id='line_1_74' title="bbox 51 2855 1078 2902; baseline 0.002 -12"><span class='ocrx_word' id='word_1_460' title='bbox 51 2855 209 2899; x_wconf 84' lang='lat' dir='ltr'>(exules),</span> <span class='ocrx_word' id='word_1_461' title='bbox 230 2859 386 2902; x_wconf 82' lang='grc' dir='ltr'>ἀφέταιροι</span> <span class='ocrx_word' id='word_1_462' title='bbox 411 2860 713 2901; x_wconf 87' lang='lat' dir='ltr'>(excommunicati)</span> <span class='ocrx_word' id='word_1_463' title='bbox 741 2863 773 2893; x_wconf 88' lang='lat' dir='ltr'>et</span> <span class='ocrx_word' id='word_1_464' title='bbox 791 2861 994 2898; x_wconf 76' lang='grc' dir='ltr'>Ἀπαθηναῖοι</span> <span class='ocrx_word' id='word_1_465' title='bbox 1025 2859 1078 2898; x_wconf 85' lang='lat' dir='ltr'>(ab</span> 
     </span>
     <span class='ocr_line' id='line_1_75' title="bbox 50 2906 557 2947; baseline 0 -9"><span class='ocrx_word' id='word_1_466' title='bbox 50 2906 298 2939; x_wconf 79' lang='lat' dir='ltr'>Atheniensibus</span> <span class='ocrx_word' id='word_1_467' title='bbox 314 2906 557 2947; x_wconf 73' lang='lat' dir='ltr'>desciscentes).</span> 
     </span>
    </p>

    <p class='ocr_par' dir='ltr' id='par_1_32' title="bbox 47 2963 1076 3150">
     <span class='ocr_line' id='line_1_76' title="bbox 90 2963 1076 3055; baseline 0.002 -12"><span class='ocrx_word' id='word_1_468' title='bbox 90 3011 150 3043; x_wconf 86' lang='lat' dir='ltr'>Sed</span> <span class='ocrx_word' id='word_1_469' title='bbox 168 3021 286 3044; x_wconf 89' lang='lat' dir='ltr'>nomen</span> <span class='ocrx_word' id='word_1_470' title='bbox 307 2963 748 3055; x_wconf 51' lang='grc' dir='ltr'>ἀποκήρυκτοῗῗᾱῗάἰωῐυε)</span> <span class='ocrx_word' id='word_1_471' title='bbox 768 3013 933 3046; x_wconf 83' lang='lat' dir='ltr'>veteribus</span> <span class='ocrx_word' id='word_1_472' title='bbox 948 3013 982 3046; x_wconf 84' lang='lat' dir='ltr'>in</span> <span class='ocrx_word' id='word_1_473' title='bbox 1014 3023 1076 3046; x_wconf 89' lang='lat' dir='ltr'>usu</span> 
     </span>
     <span class='ocr_line' id='line_1_77' title="bbox 50 3059 1076 3101; baseline 0.003 -12"><span class='ocrx_word' id='word_1_474' title='bbox 50 3065 116 3089; x_wconf 89' lang='lat' dir='ltr'>non</span> <span class='ocrx_word' id='word_1_475' title='bbox 128 3060 198 3097; x_wconf 83' lang='lat' dir='ltr'>est;</span> <span class='ocrx_word' id='word_1_476' title='bbox 225 3059 281 3091; x_wconf 88' lang='lat' dir='ltr'>scd</span> <span class='ocrx_word' id='word_1_477' title='bbox 303 3060 531 3101; x_wconf 84' lang='lat' dir='ltr'>Theopompus</span> <span class='ocrx_word' id='word_1_478' title='bbox 558 3061 715 3101; x_wconf 85' lang='lat' dir='ltr'>scriptor,</span> <span class='ocrx_word' id='word_1_479' title='bbox 739 3061 800 3092; x_wconf 91' lang='lat' dir='ltr'>hoc</span> <span class='ocrx_word' id='word_1_480' title='bbox 815 3060 929 3092; x_wconf 81' lang='lat' dir='ltr'>utitur.</span> <span class='ocrx_word' id='word_1_481' title='bbox 954 3063 1076 3093; x_wconf 88' lang='lat' dir='ltr'>Verum</span> 
     </span>
     <span class='ocr_line' id='line_1_78' title="bbox 47 3106 937 3150; baseline 0.004 -13"><span class='ocrx_word' id='word_1_482' title='bbox 47 3112 109 3138; x_wconf 79' lang='lat' dir='ltr'>nec</span> <span class='ocrx_word' id='word_1_483' title='bbox 123 3106 352 3150; x_wconf 85' lang='lat' dir='ltr'>Theopompus</span> <span class='ocrx_word' id='word_1_484' title='bbox 368 3108 640 3148; x_wconf 78' lang='lat' dir='ltr'>interpretationis</span> <span class='ocrx_word' id='word_1_485' title='bbox 657 3109 815 3141; x_wconf 82' lang='lat' dir='ltr'>amussim</span> <span class='ocrx_word' id='word_1_486' title='bbox 830 3109 937 3141; x_wconf 87' lang='lat' dir='ltr'>habet.</span> 
     </span>
    </p>
   </div>
   <div class='ocr_carea' id='block_1_12' title="bbox 47 3212 1075 3395">
    <p class='ocr_par' dir='ltr' id='par_1_33' title="bbox 47 3212 1075 3395">
     <span class='ocr_line' id='line_1_79' title="bbox 90 3212 1075 3255; baseline 0.002 -12"><span class='ocrx_word' id='word_1_487' title='bbox 90 3212 306 3245; x_wconf 85' lang='lat' dir='ltr'>Memorabilis</span> <span class='ocrx_word' id='word_1_488' title='bbox 332 3215 364 3245; x_wconf 86' lang='lat' dir='ltr'>et</span> <span class='ocrx_word' id='word_1_489' title='bbox 389 3214 570 3255; x_wconf 77' lang='lat' dir='ltr'>Epiroticus</span> <span class='ocrx_word' id='word_1_490' title='bbox 593 3215 754 3248; x_wconf 82' lang='lat' dir='ltr'>Cerberus</span> <span class='ocrx_word' id='word_1_491' title='bbox 768 3219 836 3255; x_wconf 88' lang='lat' dir='ltr'>est,</span> <span class='ocrx_word' id='word_1_492' title='bbox 851 3217 884 3247; x_wconf 87' lang='lat' dir='ltr'>et</span> <span class='ocrx_word' id='word_1_493' title='bbox 900 3214 1075 3246; x_wconf 83' lang='lat' dir='ltr'>Alexandri</span> 
     </span>
     <span class='ocr_line' id='line_1_80' title="bbox 47 3259 1074 3303; baseline -0.001 -10"><span class='ocrx_word' id='word_1_494' title='bbox 47 3259 147 3300; x_wconf 70' lang='lat' dir='ltr'>oanis,</span> <span class='ocrx_word' id='word_1_495' title='bbox 160 3268 235 3291; x_wconf 86' lang='lat' dir='ltr'>cum</span> <span class='ocrx_word' id='word_1_496' title='bbox 248 3259 395 3292; x_wconf 87' lang='lat' dir='ltr'>leonibus</span> <span class='ocrx_word' id='word_1_497' title='bbox 406 3261 624 3301; x_wconf 84' lang='lat' dir='ltr'>congrediens,</span> <span class='ocrx_word' id='word_1_498' title='bbox 635 3271 750 3303; x_wconf 77' lang='lat' dir='ltr'>genere</span> <span class='ocrx_word' id='word_1_499' title='bbox 758 3262 883 3301; x_wconf 89' lang='lat' dir='ltr'>Indico,</span> <span class='ocrx_word' id='word_1_500' title='bbox 897 3264 930 3294; x_wconf 82' lang='lat' dir='ltr'>et</span> <span class='ocrx_word' id='word_1_501' title='bbox 943 3263 1074 3294; x_wconf 85' lang='lat' dir='ltr'>centum</span> 
     </span>
     <span class='ocr_line' id='line_1_81' title="bbox 48 3305 1075 3347; baseline 0.004 -11"><span class='ocrx_word' id='word_1_502' title='bbox 48 3305 146 3338; x_wconf 88' lang='lat' dir='ltr'>minis</span> <span class='ocrx_word' id='word_1_503' title='bbox 157 3309 298 3347; x_wconf 88' lang='lat' dir='ltr'>emptus,</span> <span class='ocrx_word' id='word_1_504' title='bbox 316 3307 367 3338; x_wconf 89' lang='lat' dir='ltr'>cui</span> <span class='ocrx_word' id='word_1_505' title='bbox 382 3310 510 3341; x_wconf 87' lang='lat' dir='ltr'>mortuo</span> <span class='ocrx_word' id='word_1_506' title='bbox 527 3309 639 3342; x_wconf 81' lang='lat' dir='ltr'>urbem</span> <span class='ocrx_word' id='word_1_507' title='bbox 650 3309 870 3342; x_wconf 78' lang='lat' dir='ltr'>Alexandrum</span> <span class='ocrx_word' id='word_1_508' title='bbox 887 3309 1075 3341; x_wconf 82' lang='lat' dir='ltr'>condidisse</span> 
     </span>
     <span class='ocr_line' id='line_1_82' title="bbox 47 3351 413 3395; baseline 0.003 -10"><span class='ocrx_word' id='word_1_509' title='bbox 47 3351 275 3395; x_wconf 72' lang='lat' dir='ltr'>Theopompus</span> <span class='ocrx_word' id='word_1_510' title='bbox 291 3354 413 3387; x_wconf 80' lang='lat' dir='ltr'>scribit.</span> 
     </span>
    </p>
   </div>
   <div class='ocr_carea' id='block_1_13' title="bbox 1135 2291 2174 3060">
    <p class='ocr_par' dir='ltr' id='par_1_34' title="bbox 1672 2291 1709 2330">
     <span class='ocr_line' id='line_1_83' title="bbox 1672 2291 1709 2330; baseline 0.081 -3"><span class='ocrx_word' id='word_1_511' title='bbox 1672 2291 1709 2330; x_wconf 89' lang='grc'>5.</span> 
     </span>
    </p>

    <p class='ocr_par' dir='ltr' id='par_1_35' title="bbox 1144 2297 2174 2436">
     <span class='ocr_line' id='line_1_84' title="bbox 1188 2297 2174 2389; baseline 0.001 -9"><span class='ocrx_word' id='word_1_512' title='bbox 1188 2349 1296 2389; x_wconf 88' lang='lat' dir='ltr'>Atque</span> <span class='ocrx_word' id='word_1_513' title='bbox 1313 2347 1546 2389; x_wconf 87' lang='lat' dir='ltr'>Theopompus</span> <span class='ocrx_word' id='word_1_514' title='bbox 1559 2297 1806 2388; x_wconf 48' lang='lat' dir='ltr'>deig&#39;olistravit,</span> <span class='ocrx_word' id='word_1_515' title='bbox 1823 2348 2038 2381; x_wconf 84' lang='lat' dir='ltr'>substantiam</span> <span class='ocrx_word' id='word_1_516' title='bbox 2047 2349 2174 2381; x_wconf 86' lang='lat' dir='ltr'>dulcem</span> 
     </span>
     <span class='ocr_line' id='line_1_85' title="bbox 1144 2395 1994 2436; baseline 0.001 -9"><span class='ocrx_word' id='word_1_517' title='bbox 1144 2404 1185 2428; x_wconf 82' lang='lat' dir='ltr'>ex</span> <span class='ocrx_word' id='word_1_518' title='bbox 1205 2395 1256 2427; x_wconf 93' lang='lat' dir='ltr'>his</span> <span class='ocrx_word' id='word_1_519' title='bbox 1272 2403 1344 2427; x_wconf 86' lang='lat' dir='ltr'>esse</span> <span class='ocrx_word' id='word_1_520' title='bbox 1360 2395 1592 2436; x_wconf 76' lang='lat' dir='ltr'>compositam,</span> <span class='ocrx_word' id='word_1_521' title='bbox 1606 2404 1671 2427; x_wconf 91' lang='lat' dir='ltr'>non</span> <span class='ocrx_word' id='word_1_522' title='bbox 1688 2405 1764 2428; x_wconf 88' lang='lat' dir='ltr'>vero</span> <span class='ocrx_word' id='word_1_523' title='bbox 1778 2395 1994 2428; x_wconf 85' lang='lat' dir='ltr'>dulcedinem.</span> 
     </span>
    </p>

    <p class='ocr_par' dir='ltr' id='par_1_36' title="bbox 1140 2444 2171 2626">
     <span class='ocr_line' id='line_1_86' title="bbox 1183 2444 2170 2531; baseline -0.002 -9"><span class='ocrx_word' id='word_1_524' title='bbox 1183 2490 1265 2522; x_wconf 91' lang='lat' dir='ltr'>Poni</span> <span class='ocrx_word' id='word_1_525' title='bbox 1279 2490 1451 2531; x_wconf 78' lang='grc' dir='ltr'>ἀνενεγκεῖν</span> <span class='ocrx_word' id='word_1_526' title='bbox 1462 2490 1558 2522; x_wconf 90' lang='lat' dir='ltr'>etiam</span> <span class='ocrx_word' id='word_1_527' title='bbox 1569 2444 1839 2530; x_wconf 61' lang='grc' dir='ltr'>ρτὲἓνῗιπνεῦσαι,</span> <span class='ocrx_word' id='word_1_528' title='bbox 1854 2492 1891 2522; x_wconf 87' lang='lat' dir='ltr'>ut</span> <span class='ocrx_word' id='word_1_529' title='bbox 1899 2489 1971 2522; x_wconf 85' lang='lat' dir='ltr'>vult</span> <span class='ocrx_word' id='word_1_530' title='bbox 1983 2489 2170 2527; x_wconf 85' lang='lat' dir='ltr'>Pausanias,</span> 
     </span>
     <span class='ocr_line' id='line_1_87' title="bbox 1141 2536 2171 2579; baseline -0.002 -10"><span class='ocrx_word' id='word_1_531' title='bbox 1141 2537 1284 2569; x_wconf 89' lang='lat' dir='ltr'>ostendit</span> <span class='ocrx_word' id='word_1_532' title='bbox 1295 2537 1658 2579; x_wconf 88' lang='lat' dir='ltr'>Theopompus‚dicens</span> <span class='ocrx_word' id='word_1_533' title='bbox 1676 2547 1683 2569; x_wconf 90' lang='lat'><strong>:</strong></span> <span class='ocrx_word' id='word_1_534' title='bbox 1699 2537 1926 2578; x_wconf 78' lang='lat' dir='ltr'>«Aliquamdiu</span> <span class='ocrx_word' id='word_1_535' title='bbox 1941 2545 2055 2568; x_wconf 85' lang='lat' dir='ltr'>vocem</span> <span class='ocrx_word' id='word_1_536' title='bbox 2069 2536 2171 2577; x_wconf 82' lang='lat' dir='ltr'>perdi-</span> 
     </span>
     <span class='ocr_line' id='line_1_88' title="bbox 1140 2584 1849 2626; baseline -0.001 -9"><span class='ocrx_word' id='word_1_537' title='bbox 1140 2584 1200 2625; x_wconf 90' lang='lat' dir='ltr'>dit,</span> <span class='ocrx_word' id='word_1_538' title='bbox 1221 2585 1340 2618; x_wconf 88' lang='lat' dir='ltr'>deinde</span> <span class='ocrx_word' id='word_1_539' title='bbox 1353 2593 1430 2618; x_wconf 85' lang='lat' dir='ltr'>vero</span> <span class='ocrx_word' id='word_1_540' title='bbox 1446 2584 1619 2626; x_wconf 88' lang='lat' dir='ltr'>respiravit</span> <span class='ocrx_word' id='word_1_541' title='bbox 1638 2585 1849 2626; x_wconf 76' lang='grc' dir='ltr'>(ἀνηνέχθη).»</span> 
     </span>
    </p>

    <p class='ocr_par' dir='ltr' id='par_1_37' title="bbox 1138 2640 2170 2914">
     <span class='ocr_line' id='line_1_89' title="bbox 1181 2640 2170 2727; baseline -0.004 -9"><span class='ocrx_word' id='word_1_542' title='bbox 1181 2686 1231 2718; x_wconf 87' lang='lat' dir='ltr'>Ita</span> <span class='ocrx_word' id='word_1_543' title='bbox 1244 2687 1433 2727; x_wconf 89' lang='lat' dir='ltr'>usurpatur,</span> <span class='ocrx_word' id='word_1_544' title='bbox 1454 2687 1491 2717; x_wconf 93' lang='lat' dir='ltr'>ut</span> <span class='ocrx_word' id='word_1_545' title='bbox 1518 2685 1603 2718; x_wconf 90' lang='lat' dir='ltr'>idem</span> <span class='ocrx_word' id='word_1_546' title='bbox 1613 2640 1802 2726; x_wconf 54' lang='lat' dir='ltr'>ggigr&#39;iysius</span> <span class='ocrx_word' id='word_1_547' title='bbox 1834 2682 1930 2721; x_wconf 86' lang='lat' dir='ltr'>dicit,</span> <span class='ocrx_word' id='word_1_548' title='bbox 1960 2681 2057 2717; x_wconf 74' lang='lat' dir='ltr'>etiam</span> <span class='ocrx_word' id='word_1_549' title='bbox 2083 2683 2170 2724; x_wconf 84' lang='lat' dir='ltr'>apud</span> 
     </span>
     <span class='ocr_line' id='line_1_90' title="bbox 1139 2727 2170 2775; baseline -0.005 -10"><span class='ocrx_word' id='word_1_550' title='bbox 1139 2733 1385 2774; x_wconf 88' lang='lat' dir='ltr'>Theopompum</span> <span class='ocrx_word' id='word_1_551' title='bbox 1400 2732 1577 2775; x_wconf 76' lang='grc' dir='ltr'>ἀὸυρτάκη,</span> <span class='ocrx_word' id='word_1_552' title='bbox 1597 2732 1650 2773; x_wconf 72' lang='lat' dir='ltr'>Jus</span> <span class='ocrx_word' id='word_1_553' title='bbox 1669 2731 1832 2772; x_wconf 81' lang='lat' dir='ltr'>quoddam</span> <span class='ocrx_word' id='word_1_554' title='bbox 1855 2732 2004 2761; x_wconf 79' lang='lat' dir='ltr'>amarum</span> <span class='ocrx_word' id='word_1_555' title='bbox 2026 2727 2170 2761; x_wconf 82' lang='lat' dir='ltr'>barbari-</span> 
     </span>
     <span class='ocr_line' id='line_1_91' title="bbox 1139 2775 2168 2821; baseline -0.005 -9"><span class='ocrx_word' id='word_1_556' title='bbox 1139 2789 1228 2816; x_wconf 88' lang='lat' dir='ltr'>cum,</span> <span class='ocrx_word' id='word_1_557' title='bbox 1247 2789 1355 2821; x_wconf 90' lang='lat' dir='ltr'>porro,</span> <span class='ocrx_word' id='word_1_558' title='bbox 1369 2779 1534 2819; x_wconf 79' lang='lat' dir='ltr'>cardamo,</span> <span class='ocrx_word' id='word_1_559' title='bbox 1550 2778 1657 2810; x_wconf 87' lang='lat' dir='ltr'>baccis</span> <span class='ocrx_word' id='word_1_560' title='bbox 1670 2777 1746 2809; x_wconf 87' lang='lat' dir='ltr'>mali</span> <span class='ocrx_word' id='word_1_561' title='bbox 1763 2777 1895 2809; x_wconf 82' lang='lat' dir='ltr'>Punicae</span> <span class='ocrx_word' id='word_1_562' title='bbox 1910 2775 2046 2816; x_wconf 88' lang='lat' dir='ltr'>aliisque</span> <span class='ocrx_word' id='word_1_563' title='bbox 2060 2775 2168 2808; x_wconf 85' lang='lat' dir='ltr'>simili-</span> 
     </span>
     <span class='ocr_line' id='line_1_92' title="bbox 1138 2823 2169 2867; baseline -0.005 -8"><span class='ocrx_word' id='word_1_564' title='bbox 1138 2827 1201 2859; x_wconf 87' lang='lat' dir='ltr'>bus</span> <span class='ocrx_word' id='word_1_565' title='bbox 1222 2827 1423 2866; x_wconf 87' lang='lat' dir='ltr'>confectum;</span> <span class='ocrx_word' id='word_1_566' title='bbox 1438 2826 1482 2858; x_wconf 86' lang='lat' dir='ltr'>ait</span> <span class='ocrx_word' id='word_1_567' title='bbox 1508 2826 1619 2858; x_wconf 89' lang='lat' dir='ltr'>enim:</span> <span class='ocrx_word' id='word_1_568' title='bbox 1641 2824 1775 2857; x_wconf 88' lang='lat' dir='ltr'>«Veniet</span> <span class='ocrx_word' id='word_1_569' title='bbox 1791 2824 1824 2855; x_wconf 94' lang='lat' dir='ltr'>in</span> <span class='ocrx_word' id='word_1_570' title='bbox 1846 2823 2015 2855; x_wconf 83' lang='lat' dir='ltr'>Medorum</span> <span class='ocrx_word' id='word_1_571' title='bbox 2034 2824 2169 2867; x_wconf 82' lang='lat' dir='ltr'>terram,¹</span> 
     </span>
     <span class='ocr_line' id='line_1_93' title="bbox 1138 2869 2060 2914; baseline -0.005 -8"><span class='ocrx_word' id='word_1_572' title='bbox 1138 2874 1194 2906; x_wconf 91' lang='lat' dir='ltr'>ubi</span> <span class='ocrx_word' id='word_1_573' title='bbox 1209 2874 1360 2906; x_wconf 87' lang='lat' dir='ltr'>cardamo</span> <span class='ocrx_word' id='word_1_574' title='bbox 1375 2874 1517 2914; x_wconf 90' lang='lat' dir='ltr'>plurimo</span> <span class='ocrx_word' id='word_1_575' title='bbox 1532 2875 1564 2905; x_wconf 91' lang='lat' dir='ltr'>et</span> <span class='ocrx_word' id='word_1_576' title='bbox 1579 2881 1675 2913; x_wconf 93' lang='lat' dir='ltr'>porro</span> <span class='ocrx_word' id='word_1_577' title='bbox 1689 2870 1855 2902; x_wconf 82' lang='lat' dir='ltr'>conficitur</span> <span class='ocrx_word' id='word_1_578' title='bbox 1871 2869 2060 2913; x_wconf 75' lang='grc' dir='ltr'>ἀὸυρτάκη.»</span> 
     </span>
    </p>

    <p class='ocr_par' dir='ltr' id='par_1_38' title="bbox 1135 2926 2170 3060">
     <span class='ocr_line' id='line_1_94' title="bbox 1178 2926 2170 3012; baseline -0.006 -6"><span class='ocrx_word' id='word_1_579' title='bbox 1178 2976 1378 3006; x_wconf 86' lang='lat' dir='ltr'>Centaurum</span> <span class='ocrx_word' id='word_1_580' title='bbox 1393 2972 1564 3004; x_wconf 87' lang='lat' dir='ltr'>muliebria</span> <span class='ocrx_word' id='word_1_581' title='bbox 1579 2926 1709 3012; x_wconf 53' lang='lat' dir='ltr'>ngqze</span> <span class='ocrx_word' id='word_1_582' title='bbox 1724 2970 1875 3011; x_wconf 89' lang='lat' dir='ltr'>pudenda</span> <span class='ocrx_word' id='word_1_583' title='bbox 1891 2969 2071 3011; x_wconf 85' lang='lat' dir='ltr'>significare</span> <span class='ocrx_word' id='word_1_584' title='bbox 2090 2978 2170 3011; x_wconf 49' lang='lat' dir='ltr'>pros</span> 
     </span>
     <span class='ocr_line' id='line_1_95' title="bbox 1135 3016 2167 3060; baseline -0.005 -7"><span class='ocrx_word' id='word_1_585' title='bbox 1135 3022 1214 3053; x_wconf 87' lang='lat' dir='ltr'>bant</span> <span class='ocrx_word' id='word_1_586' title='bbox 1226 3023 1362 3059; x_wconf 83' lang='lat' dir='ltr'>veteres,</span> <span class='ocrx_word' id='word_1_587' title='bbox 1370 3022 1550 3060; x_wconf 88' lang='lat' dir='ltr'>testemque</span> <span class='ocrx_word' id='word_1_588' title='bbox 1564 3018 1660 3058; x_wconf 76' lang='lat' dir='ltr'>huJus</span> <span class='ocrx_word' id='word_1_589' title='bbox 1678 3017 1723 3049; x_wconf 87' lang='lat' dir='ltr'>rei</span> <span class='ocrx_word' id='word_1_590' title='bbox 1740 3016 1895 3049; x_wconf 81' lang='lat' dir='ltr'>adhibent</span> <span class='ocrx_word' id='word_1_591' title='bbox 1906 3017 2167 3058; x_wconf 70' lang='lat' dir='ltr'>Theopompum.</span> 
     </span>
    </p>
   </div>
   <div class='ocr_carea' id='block_1_14' title="bbox 1132 3116 2168 3396">
    <p class='ocr_par' dir='ltr' id='par_1_39' title="bbox 1132 3116 2168 3396">
     <span class='ocr_line' id='line_1_96' title="bbox 1156 3116 2168 3165; baseline -0.007 -11"><span class='ocrx_word' id='word_1_592' title='bbox 1156 3122 1284 3162; x_wconf 87' lang='lat' dir='ltr'>Pelops,</span> <span class='ocrx_word' id='word_1_593' title='bbox 1295 3120 1420 3153; x_wconf 83' lang='lat' dir='ltr'>Tantali</span> <span class='ocrx_word' id='word_1_594' title='bbox 1431 3119 1528 3157; x_wconf 85' lang='lat' dir='ltr'>filius,</span> <span class='ocrx_word' id='word_1_595' title='bbox 1540 3126 1640 3159; x_wconf 88' lang='lat' dir='ltr'>quum</span> <span class='ocrx_word' id='word_1_596' title='bbox 1649 3126 1707 3158; x_wconf 92' lang='lat' dir='ltr'>pro</span> <span class='ocrx_word' id='word_1_597' title='bbox 1714 3116 2006 3165; x_wconf 67' lang='lat' dir='ltr'>praemiojuyenilis</span> <span class='ocrx_word' id='word_1_598' title='bbox 2017 3118 2168 3150; x_wconf 88' lang='lat' dir='ltr'>venusta-.</span> 
     </span>
     <span class='ocr_line' id='line_1_97' title="bbox 1134 3164 2166 3209; baseline -0.005 -8"><span class='ocrx_word' id='word_1_599' title='bbox 1134 3170 1177 3201; x_wconf 71' lang='lat' dir='ltr'>tis</span> <span class='ocrx_word' id='word_1_600' title='bbox 1192 3178 1211 3200; x_wconf 92' lang='lat' dir='ltr'>a</span> <span class='ocrx_word' id='word_1_601' title='bbox 1225 3170 1374 3209; x_wconf 88' lang='lat' dir='ltr'>Neptuno</span> <span class='ocrx_word' id='word_1_602' title='bbox 1390 3174 1493 3207; x_wconf 89' lang='lat' dir='ltr'>equos</span> <span class='ocrx_word' id='word_1_603' title='bbox 1508 3165 1649 3197; x_wconf 88' lang='lat' dir='ltr'>invictos</span> <span class='ocrx_word' id='word_1_604' title='bbox 1660 3174 1735 3197; x_wconf 89' lang='lat' dir='ltr'>cum</span> <span class='ocrx_word' id='word_1_605' title='bbox 1746 3174 1844 3197; x_wconf 90' lang='lat' dir='ltr'>curru</span> <span class='ocrx_word' id='word_1_606' title='bbox 1857 3164 2044 3206; x_wconf 82' lang='lat' dir='ltr'>accepisset,</span> <span class='ocrx_word' id='word_1_607' title='bbox 2057 3164 2166 3200; x_wconf 87' lang='lat' dir='ltr'>Pisam</span> 
     </span>
     <span class='ocr_line' id='line_1_98' title="bbox 1135 3211 2164 3256; baseline -0.005 -8"><span class='ocrx_word' id='word_1_608' title='bbox 1135 3216 1167 3247; x_wconf 90' lang='lat' dir='ltr'>in</span> <span class='ocrx_word' id='word_1_609' title='bbox 1183 3216 1406 3256; x_wconf 87' lang='lat' dir='ltr'>Peloponneso</span> <span class='ocrx_word' id='word_1_610' title='bbox 1424 3213 1520 3245; x_wconf 84' lang='lat' dir='ltr'>sitam</span> <span class='ocrx_word' id='word_1_611' title='bbox 1540 3211 1706 3244; x_wconf 84' lang='lat' dir='ltr'>contendit</span> <span class='ocrx_word' id='word_1_612' title='bbox 1717 3236 1726 3252; x_wconf 92' lang='lat'><strong><em>‚</em></strong></span> <span class='ocrx_word' id='word_1_613' title='bbox 1749 3215 1787 3244; x_wconf 89' lang='lat' dir='ltr'>ut</span> <span class='ocrx_word' id='word_1_614' title='bbox 1812 3212 2062 3253; x_wconf 86' lang='lat' dir='ltr'>Hippodamiam</span> <span class='ocrx_word' id='word_1_615' title='bbox 2085 3221 2164 3243; x_wconf 90' lang='lat' dir='ltr'>uxo·</span> 
     </span>
     <span class='ocr_line' id='line_1_99' title="bbox 1134 3257 2162 3300; baseline -0.003 -7"><span class='ocrx_word' id='word_1_616' title='bbox 1134 3270 1201 3293; x_wconf 89' lang='lat' dir='ltr'>rem</span> <span class='ocrx_word' id='word_1_617' title='bbox 1215 3261 1356 3299; x_wconf 85' lang='lat' dir='ltr'>duceret,</span> <span class='ocrx_word' id='word_1_618' title='bbox 1373 3261 1498 3300; x_wconf 88' lang='lat' dir='ltr'>patrem</span> <span class='ocrx_word' id='word_1_619' title='bbox 1513 3259 1594 3300; x_wconf 87' lang='lat' dir='ltr'>ejus,</span> <span class='ocrx_word' id='word_1_620' title='bbox 1612 3260 1826 3297; x_wconf 90' lang='lat' dir='ltr'>OEnomaum,</span> <span class='ocrx_word' id='word_1_621' title='bbox 1846 3266 2018 3299; x_wconf 85' lang='lat' dir='ltr'>procorum</span> <span class='ocrx_word' id='word_1_622' title='bbox 2035 3257 2162 3290; x_wconf 83' lang='lat' dir='ltr'>interse-</span> 
     </span>
     <span class='ocr_line' id='line_1_100' title="bbox 1133 3305 2165 3347; baseline 0 -8"><span class='ocrx_word' id='word_1_623' title='bbox 1133 3311 1268 3347; x_wconf 85' lang='lat' dir='ltr'>ctorem,</span> <span class='ocrx_word' id='word_1_624' title='bbox 1283 3306 1457 3338; x_wconf 70' lang='lat' dir='ltr'>certamine</span> <span class='ocrx_word' id='word_1_625' title='bbox 1467 3305 1660 3338; x_wconf 87' lang='lat' dir='ltr'>devincendi</span> <span class='ocrx_word' id='word_1_626' title='bbox 1669 3305 1819 3347; x_wconf 86' lang='lat' dir='ltr'>cupidus.</span> <span class='ocrx_word' id='word_1_627' title='bbox 1834 3307 1943 3344; x_wconf 89' lang='lat' dir='ltr'>Quum</span> <span class='ocrx_word' id='word_1_628' title='bbox 1959 3307 2066 3337; x_wconf 81' lang='lat' dir='ltr'>aulem</span> <span class='ocrx_word' id='word_1_629' title='bbox 2080 3306 2165 3339; x_wconf 74' lang='lat' dir='ltr'>esset</span> 
     </span>
     <span class='ocr_line' id='line_1_101' title="bbox 1132 3350 2161 3396; baseline -0.004 -10"><span class='ocrx_word' id='word_1_630' title='bbox 1132 3363 1231 3396; x_wconf 80' lang='lat' dir='ltr'>prope</span> <span class='ocrx_word' id='word_1_631' title='bbox 1244 3354 1397 3395; x_wconf 85' lang='lat' dir='ltr'>Lesbum,</span> <span class='ocrx_word' id='word_1_632' title='bbox 1412 3354 1526 3393; x_wconf 86' lang='lat' dir='ltr'>Gillus,</span> <span class='ocrx_word' id='word_1_633' title='bbox 1539 3353 1608 3394; x_wconf 85' lang='lat' dir='ltr'>ejus</span> <span class='ocrx_word' id='word_1_634' title='bbox 1622 3353 1744 3394; x_wconf 83' lang='lat' dir='ltr'>auriga,</span> <span class='ocrx_word' id='word_1_635' title='bbox 1758 3354 1905 3387; x_wconf 60' lang='lat' dir='ltr'>mortuus</span> <span class='ocrx_word' id='word_1_636' title='bbox 1918 3354 1979 3385; x_wconf 85' lang='lat' dir='ltr'>est.</span> <span class='ocrx_word' id='word_1_637' title='bbox 1996 3354 2028 3384; x_wconf 91' lang='lat' dir='ltr'>Is</span> <span class='ocrx_word' id='word_1_638' title='bbox 2041 3350 2161 3391; x_wconf 81' lang='lat' dir='ltr'>Pelopi,</span> 
     </span>
    </p>
   </div>
  </div>
 </body>
</html>
