2320 3684
877 147 1043 187 TIMAEI
1071 146 1399 187 FRAGMENTA.

139 298 214 336 Jul.
231 297 364 335 Pollux
382 297 518 336 Onom.
535 297 595 342 11,
615 307 665 343 29
694 306 750 344 sq.
767 306 775 329 :
803 291 989 330 Ἐκαλεῖτο
1008 291 1046 330 δέ
1060 306 1112 334 τις

86 354 196 410 κούρα
213 354 272 394 καὶ
293 353 489 407 Ἑκτόρειος
517 351 627 404 κόμη.
663 349 754 403 Περὶ
773 343 815 396 ἧς
840 364 944 403 φησιν
979 349 1114 394 Ἀναξί-

88 415 190 464 λαος,
208 414 272 462 τὴν
293 412 491 466 Ἑκτόρειον
511 410 575 459 τὴν
603 410 777 463 ἐφήμερον
806 407 933 460 κόμην.
962 408 1114 460 Τίμαιος

87 474 124 513 δὲ
143 473 207 522 τὴν
228 471 356 526 κουρὰν
375 470 508 519 ταύτην
535 469 772 523 προεστάλθαι
793 467 856 520 μὲν
880 469 948 507 δεῖν
977 467 1058 521 περὶ
1075 467 1115 506 τὸ

88 531 252 583 μέτωπον
268 530 385 582 λέγει,
404 528 654 584 περικεχύσθαι
675 526 710 567 δὲ
722 530 773 581 τῷ
793 526 971 581 τραχήλῳ.

142 649 267 690 schol.
285 651 421 686 Venet.
438 651 595 686 Homer.
613 647 644 684 ll
660 647 726 690 .Σ,
742 647 836 694 269:
850 645 915 696 Τῷ
936 643 972 682 δὲ
987 642 1117 697 τετάρ-

87 722 138 761 τῳ
156 709 240 754 θῆκε
254 705 315 745 δύο
332 711 478 760 χρυσοῖο
491 704 662 756 τάλαντα]
683 706 705 751 ἡ
724 704 830 750 διπλῆ
844 732 853 749 ,
881 701 934 740 ὅτι
959 703 1022 740 οὐκ
1041 701 1116 741 ἴσον

88 768 139 820 τῷ
161 765 240 804 καθ’
263 768 356 817 ἡμᾶς
379 764 544 818 ταλάντῳ
569 763 629 803 καὶ
656 761 754 817 παρὰ
786 767 857 806 τοῖς
881 760 1041 815 ἀρχαίοις
1062 755 1117 808 ἦν.

89 823 151 869 Ὡς
169 823 236 878 γὰρ
255 818 364 871 ἧσσον
395 827 457 862 τοῦ
477 822 638 877 τρίποδος
660 821 722 861 καὶ
745 824 806 859 τοῦ
836 818 948 859 ἵππου
976 819 1036 859 καὶ
1057 823 1118 859 τοῦ

563 938 653 972 157.

131 991 176 1025 Et
198 1000 291 1024 coma
306 992 482 1032 Hectorea,
499 999 599 1032 quam
613 989 790 1023 Anaxilaus
809 988 1046 1021 Luxuriantem
1071 996 1120 1020 oo-

90 1047 178 1072 mam
192 1040 301 1072 vocat.
323 1039 468 1072 Timaeus
484 1047 562 1071 vero
582 1037 772 1078 hujusmodi
793 1035 959 1069 caesariem
981 1037 1120 1068 erectam

91 1094 183 1166 esseh-
191 1088 338 1127 oportere
362 1086 408 1118 ait
438 1085 524 1118 circa
549 1085 709 1125 frontem,
743 1083 825 1116 eollo
852 1084 961 1116 autem
986 1083 1123 1115 circum-

105 1142 149 1166 un
186 1156 194 1164 .

2122 151 2197 185 233

1171 233 1316 281 λε’ὅητος
1333 232 1478 272 τίθεται.
1498 232 1551 273 Τὸ
1569 233 1605 271 δε
1621 231 1791 271 τάλαντον
1809 234 1868 270 νῦν
1890 230 1953 283 μὲν
1971 231 2024 286 ρκ’
2037 231 2199 286 δραχμὰς

1171 288 1265 343 ἔχει·
1291 290 1332 330 τὸ
1355 290 1392 329 δὲ
1419 290 1571 330 παλαιὸν
1591 294 1609 330 ὁ
1632 290 1695 342 μὲν
1733 290 1986 345 Πολέμαρχος,
2017 291 2199 345 τεσσάρων

1173 348 1359 401 δραχμῶν·
1377 348 1601 404 Θεόφραστος
1615 349 1669 399 δὲ,
1684 348 1948 404 δεκατεσσάρων
1958 366 1966 374 ·
1982 349 2135 402 Τίμαιος
2151 348 2201 397 δὲ,

1174 407 1479 462 εἰκοσιτεσσάρων.

1650 468 1736 508 159.

1228 526 1431 564 Athenaeus
1447 530 1554 574 XIV,
1570 541 1607 578 p.
1620 528 1711 578 659,
1729 530 1775 566 C:
1793 525 1865 566 Τὸν
1882 525 1919 565 δὲ
1939 525 2114 566 Μαίσωνα
2132 527 2206 565 Πο-

1175 582 1294 645 λέμων
1312 585 1348 623 ἐν
1367 590 1439 628 τοῖς
1457 585 1544 639 πρὸς
1561 585 1714 637 Τίμαιον
1733 587 1773 624 ἐκ
1791 588 1861 625 τῶν
1879 588 1915 625 ἐν
1933 585 2081 640 Σικελίᾳ
2099 585 2203 638 φησὶν

1177 645 1266 681 εἶναι
1282 641 1475 697 Μεγαρέων
1498 643 1558 681 καὶ
1588 646 1651 683 οὐκ
1685 646 1725 683 ἐκ
1747 647 1817 683 τῶν
1844 645 2013 686 Νισαίων.
2041 645 2207 684 Videtur

1177 701 1295 753 igitur
1315 702 1477 740 Timaeus
1507 704 1680 742 Maesonis
1712 704 1909 743 histrionis
1936 713 1975 743 et
1998 712 2119 756 poetae
2135 717 2206 742 co—

1178 761 1268 799 mici
1296 763 1529 799 mentionem
1550 762 1689 800 faciens
1715 763 1842 801 Sicula
1865 772 1903 802 et
1919 765 2041 803 Nisaea
2057 767 2209 815 Megara

1180 821 1416 859 confudisse:
1431 835 1468 859 v.
1487 822 1640 860 Preller.
1657 824 1680 860 l.
1696 824 1720 861 l.
1738 838 1776 874 p.
1788 825 1850 869 84.

1226 988 1398 1021 Talentum
1409 997 1498 1020 nunc
1513 989 1645 1030 quidem
1667 990 1812 1023 continet
1824 993 1954 1024 eentum
1967 992 2085 1033 viginti
2100 993 2211 1025 drach-

1183 1044 1267 1076 mas,
1282 1038 1378 1068 vetus
1391 1044 1469 1068 vero
1486 1037 1648 1069 talentum
1663 1037 1843 1069 secundum
1861 1039 2118 1079 Polemarchum,
2138 1049 2214 1081 qua-

1183 1084 1272 1123 tuor,
1285 1083 1465 1115 seeundum
1478 1084 1737 1125 Theophrastum
1754 1085 2011 1126 quatuordecim,
2034 1087 2212 1120 secundum

1184 1130 1343 1164 Timaeum
1362 1130 1478 1171 viginti
1491 1133 1631 1172 quatuor
1643 1132 1815 1165 drachmas
1831 1133 2028 1166 continebat.

91 2048 211 2087 Fragm.
223 2049 263 2077 66
275 2069 282 2082 ,
296 2016 328 2087 p'.
345 2040 460 2078 207‚b‚
486 2035 541 2068 lin.
569 2036 604 2065 12
621 2031 655 2064 in
666 2027 778 2071 graecis
797 2028 870 2068 post
887 2025 985 2058 verba
998 2025 1034 2056 οὐ
1048 2023 1261 2066 προσήρχοντο
1283 2021 1384 2054 adde:
1404 2020 1483 2081 οὔτε.
1495 2022 1550 2051 τοῦ
1570 2020 1652 2060 ἱεροῦ
1671 2018 1850 2060 ἐξῆρχοντο;
1873 2022 1905 2052 et
1921 2019 1954 2052 in
1976 2020 2081 2054 latinis
2101 2030 2157 2062 pro
2180 2024 2246 2054 nisi

697 2083 799 2115 noctu
811 2080 899 2120 lege:
915 2086 1023 2120 neque
1034 2077 1157 2118 templo
1171 2078 1239 2109 nisi
1253 2078 1356 2109 noctu
1371 2073 1646 2116 eyredzebantur.
