2320 3684
763 135 1098 176 APOLLODORI
1126 134 1455 176 FRAGMENTA.

49 229 190 281 ροῧσθαι
202 255 212 274 ,
232 222 365 277 σκιρὸν,
382 221 532 276 σκειρὸν,
551 218 692 274 σκυρὸν,
711 222 857 265 durum,
882 229 1055 271 spectare
1067 250 1077 268 ,

47 295 86 324 et
105 285 402 336 κατεσκιρῶσθαι,
419 283 634 326 indumisse,
656 284 783 330 rigere,
815 288 929 324 stare,
948 279 1076 317 fuisse.

47 347 92 383 V.
103 343 269 394 Hesych.
282 342 322 379 in
333 338 599 394 Σκειρώσασθαι
613 347 651 377 et
664 337 864 385 similibus,
879 346 917 375 et
928 339 1079 391 Σκυρω-

46 403 146 450 θῶσι,
173 402 359 440 λιθωθῶσι.
392 402 436 437 In
467 397 782 448 interpretatione
820 397 1082 447 Apollodorea

48 469 174 498 tamen
204 468 353 498 tantum
375 458 415 496 τὸ
434 460 668 511 κορυφοῦσθαι
684 463 901 494 memorant
916 456 1046 493 ceteri.
1067 472 1081 488 υ

48 522 222 568 Heynius.
528 568 576 606 27

100 631 386 683 Harpocration
404 630 443 668 in
464 632 573 669 Μεῖον
588 627 648 667 καὶ
669 625 896 679 Μειαγωγός;
911 626 1083 666 Ἀπολλό-

46 690 154 743 δωρος
170 691 205 728 ἐν
222 695 292 734 τοῖς
307 688 387 743 περὶ
400 690 516 737 Θεῶν,
531 689 579 728 Οἳ
598 686 783 741 φράτορες,
798 686 916 740 φησὶν,
931 684 989 723 ἵνα
1010 684 1085 737 μεί-

47 751 145 795 ζονας
163 747 339 800 νέμωνται
369 747 523 801 μερίδας,
559 744 756 800 ἐπεφώνουν
779 748 925 788 ἑστῶτες
946 746 1082 796 (Heyn.

47 806 134 858 conj
139 837 147 846 .
159 807 415 861 περιεστῶτες),
434 805 601 846 Ἱστάνειν
619 806 690 853 δεῖ,
711 810 806 854 μεῖον
823 803 891 858 γάρ
905 805 992 842 ἐστι.
1011 807 1087 842 Ea—

48 865 135 904 dem
150 866 286 904 Suidas
297 874 335 904 et
345 866 455 904 Phot.
470 869 580 914 Lex„
591 863 657 902 sed
673 872 869 915 corrupte.
884 864 941 902 Cf.
956 863 1083 902 Schol.

46 926 240 978 Aristoph.
259 929 356 965 nan.
378 926 467 963 810.
530 976 580 1015 28

101 1037 227 1076 Schol.
255 1036 504 1089 Aristophani.
534 1036 700 1074 Acharn.
727 1035 804 1083 925
829 1034 958 1086 (961):
983 1032 1084 1074 Χόες.

107 1096 209 1151 ἑορτή
222 1113 276 1142 τις
295 1096 379 1151 παρ’
400 1095 593 1142 Ἀθηναίοις
616 1094 770 1147 ἀγομένη
795 1094 1086 1146 Ἀνθεστηριῶνος

48 1156 227 1210 δωδεκάτῃ
241 1156 360 1208 (ald.)
377 1155 478 1203 Φησὶ
497 1154 534 1194 δὲ
556 1153 834 1208 Ἀπολλόδωρος,
863 1151 1087 1205 Ἀνθεστηρια

50 1216 229 1255 καλεῖσθαι
247 1218 371 1259 κοινῶς
387 1213 451 1262 τὴν
465 1213 550 1262 ὅλην
571 1213 693 1267 ἑορτὴν
722 1212 880 1266 Διονύσῳ
897 1209 1087 1263 ἀγομένην,

48 1274 141 1312 κατὰ
161 1273 265 1328 μέρος
278 1273 314 1313 δὲ
327 1273 528 1325 Πιθοιγίαν,
556 1272 669 1320 Χόας,
696 1271 852 1326 Χύτραν.
884 1270 955 1311 Καὶ
979 1264 1087 1313 αὖθις.

48 1331 135 1370 οὈτι
155 1333 328 1387 Ὀρέστης
346 1330 435 1385 μετὰ
450 1332 509 1371 τὸν
526 1331 628 1386 φόνον
646 1333 693 1375 εἷς
709 1330 854 1377 Ἀθήνας
881 1328 1089 1384 ἀφικόμενος

4 1406 5 1410 ’
49 1385 108 1445 (ἦν
125 1392 162 1431 δὲ
175 1392 278 1446 ἑορτὴ
293 1391 462 1431 Διονύσου
482 1390 670 1439 Ληναίου),
691 1391 737 1433 ὡς
754 1387 804 1441 μὴ
822 1387 956 1439 γένοιτο
972 1385 1089 1440 σφίσιν

51 1452 266 1505 ὁμόσπονδος
297 1450 500 1494 ἀπεκτονὼς
535 1448 599 1497 τὴν
635 1448 794 1502 μητέρα,
837 1445 1090 1499 ἐμηχανήσατο

48 1511 181 1550 τοιόνδε
199 1527 234 1550 τι
250 1510 435 1550 Πανδίων·
466 1515 536 1561 χοᾶ
552 1507 646 1547 οἴνου
666 1509 736 1546 τῶν
757 1504 975 1558 δαιτυμόνων
1001 1502 1088 1542 ἑκά-

51 1586 125 1624 στῳ
149 1569 401 1623 παραστήσας,
436 1567 472 1614 ἐξ
502 1569 607 1606 αὐτοῦ
639 1566 751 1605 πίνειν
783 1564 945 1604 ἐκέλευσε
981 1561 1090 1614 μηδὲν

51 1627 310 1681 ὖπομιγνύντας
329 1627 512 1675 ἀλλήλοις,
529 1628 577 1670 ὣς
596 1624 686 1677 μήτε
703 1625 774 1663 ἀπὸ
795 1628 855 1662 τοῦ
876 1624 983 1662 αὐτοῦ
1001 1637 1092 1675 κρα-

50 1691 155 1743 τῆρος
166 1687 241 1727 πίοι
258 1685 444 1741 Ὀρέστης,
463 1685 554 1738 μήτε
573 1685 703 1726 ἐκεῖνος
727 1682 870 1736 ἄχθοιτο
889 1681 968 1720 καθ’
987 1680 1090 1719 αὑτὸν

49 1747 160 1788 πίνων
179 1747 283 1799 μόνος
297 1762 306 1771 ·
326 1745 387 1784 καὶ
401 1745 461 1784 ἀπ’
478 1743 610 1783 ἐκείνου
631 1741 823 1789 Ἀθηναίοις
843 1739 946 1794 ἑορτὴ
969 1738 1091 1791 ἐνομί-

52 1810 118 1855 σθη
135 1808 168 1845 οἱ
187 1806 287 1851 Χόες.
306 1809 410 1856 Lege
429 1803 634 1854 Πιθοίγια...
658 1802 794 1855 Χῧτρα.

104 1866 249 1905 Eadem
266 1865 421 1912 Suidas3
443 1861 726 1914 Harpocration
748 1858 902 1898 nonnisi
922 1858 1089 1909 priorem

53 1934 201 1977 partem
218 1924 348 1963 habet.
534 1975 585 2013 29

105 2040 166 2075 J0.
183 2037 314 2088 Lydus
326 2039 385 2074 De
399 2034 595 2074 mensibus
609 2050 631 2075 a
649 2036 802 2075 Schow.
833 2034 893 2073 ed.
910 2047 947 2085 p.
964 2035 1029 2083 82,
1045 2035 1093 2073 de

53 2096 250 2146 Dionyso:
270 2093 426 2148 Φέρεται
447 2093 483 2132 δὲ
509 2093 570 2132 καί
589 2110 640 2139 τις
666 2096 771 2145 μῦθος
793 2093 872 2146 περὶ
896 2093 1001 2132 αὐτοῦ
1017 2094 1092 2144 (τοῦ

53 2155 238 2207 Διονύσου)
256 2156 302 2198 ὡς
321 2153 374 2201 εἴη
391 2152 542 2205 γεγονὼς
561 2154 600 2191 ἐκ
614 2153 694 2197 Διὸς
714 2152 774 2191 καὶ
791 2154 875 2199 Γῆς,
889 2154 951 2198 τῆς
966 2152 1001 2189 δὲ
1023 2154 1094 2199 Γῆς

54 2213 218 2267 Θεμέλης
247 2213 598 2269 προσαγορευομένης
617 2213 675 2252 διὰ
703 2213 809 2257 τὸείς
839 2211 947 2260 αὐτὴν
975 2212 1092 2251 πάντα

543 2333 606 2366 27.

97 2391 311 2434 Apollodorus
327 2390 463 2423 inlibris
478 2390 519 2423 de
534 2390 616 2430 Diis,
638 2389 826 2429 «curiales,
843 2389 962 2430 inquit,
980 2391 1015 2420 ut
1032 2397 1097 2420 ma-

54 2438 140 2480 iores
157 2438 312 2470 haberent
330 2437 508 2478 portiones,
527 2437 748 2470 acclamabant
763 2437 949 2470 adstantes:
971 2440 1096 2478 Appen-

57 2491 134 2524 dere
149 2491 294 2532 oportet,
311 2498 387 2522 nam
399 2491 490 2532 justo
510 2490 620 2522 minus
636 2491 687 2522 est
701 2488 854 2531 pondere.
874 2502 890 2517 υ

100 2603 227 2642 Choes,
243 2602 362 2634 festum
379 2600 543 2642 quoddam
560 2600 647 2642 apud
665 2600 879 2633 Athenienses
895 2599 946 2641 agi
965 2599 1098 2632 solitum

58 2650 250 2683 duodecimo
275 2649 328 2681 die
353 2648 476 2681 mensis
503 2648 773 2681 Anthesterionis.
803 2648 1020 2689 Apollodorus
1044 2657 1098 2680 au-

58 2701 123 2730 tem
142 2697 206 2735 ait,
230 2695 433 2728 Anthesteria
455 2694 644 2736 generaliter
662 2696 774 2727 vocari
794 2695 901 2727 totum
921 2695 1040 2727 festum
1062 2695 1097 2726 in

60 2745 215 2777 bonorem
246 2743 364 2776 Bacchi
392 2742 548 2774 celebrari
573 2742 730 2783 solitum;
758 2742 994 2784 particulariter
1020 2751 1098 2774 vero

59 2791 214 2833 distingui
259 2790 417 2830 Pithoegia
430 2812 439 2829 ,
484 2790 592 2822 Ohoas
606 2813 615 2829 ‚
642 2790 777 2831 Gliytra.
808 2790 908 2822 Aliter
938 2800 946 2822 :
989 2792 1099 2828 Quum

61 2841 191 2872 Orestes
209 2838 283 2879 post
299 2836 422 2869 caedem
441 2835 605 2878 [matris]
627 2837 770 2870 Athenas
785 2837 947 2874 venisset,
966 2846 1005 2869 eo
1022 2840 1098 2868 tem-

61 2895 138 2928 pore
149 2910 158 2925 ,
174 2895 240 2927 quo
257 2885 376 2917 festum
399 2884 515 2916 Bacchi
536 2884 645 2917 Lenaei
662 2884 905 2925 celebrabatur;
925 2893 965 2917 ne
982 2893 1099 2916 earun-

62 2933 135 2966 dem
153 2933 346 2965 libationum
365 2931 523 2972 particeps
551 2930 640 2964 tieret
657 2931 714 2973 qui
733 2934 873 2964 matrem
902 2931 1096 2970 occidisset,

64 2980 206 3013 Pandion
221 2980 286 3012 tale
301 2978 379 3021 quid
397 2978 606 3019 excogitavit.
625 2979 767 3020 Singulis
783 2979 930 3011 convivis
946 2978 1099 3019 congium

63 3027 213 3069 apposuit
227 3051 236 3066 ,
252 3030 285 3059 et
296 3036 314 3059 e
330 3036 390 3059 suo
407 3035 569 3068 quemque
585 3026 694 3059 bibere
709 3027 818 3068 jussit,
844 3036 911 3058 non
929 3035 1006 3059 vero
1024 3035 1099 3058 cum

65 3073 136 3106 aliis
152 3073 307 3112 miscere3
330 3082 395 3115 quo
411 3082 452 3105 ne
469 3081 510 3105 ex
529 3073 645 3106 eodem
662 3076 784 3107 cratere
804 3073 930 3106 biberet
948 3076 1077 3106 Orestes
1089 3096 1098 3111 ‚

65 3129 128 3153 neu
149 3129 233 3161 oegre
255 3121 350 3153 ferret
363 3145 372 3160 ,
398 3120 424 3152 si
446 3120 515 3161 ipse
536 3120 624 3153 solus
646 3124 679 3153 et
701 3122 874 3163 separatim
896 3121 937 3153 ab
959 3121 1030 3152 aliis
1053 3120 1099 3151 bi-

65 3167 164 3200 beret.
189 3168 238 3200 Ab
261 3168 314 3200 illo
336 3168 434 3208 igitur
455 3170 601 3209 tempore
622 3168 730 3201 Choes
753 3169 873 3202 festum
896 3168 983 3210 apud
1005 3168 1099 3200 Athe-

67 3214 194 3247 nienses
208 3214 359 3247 celebrari
376 3214 484 3256 coepit.

548 3269 610 3302 29.

110 3322 170 3353 Est
183 3320 280 3352 etiam
297 3320 422 3360 fabula,
452 3330 527 3361 quae
549 3321 732 3361 Dionysum
751 3331 769 3354 e
790 3325 872 3354 Jove
889 3324 985 3362 atque
1001 3322 1099 3352 Terra

69 3369 181 3400 natum
195 3367 291 3407 dicit,
306 3377 345 3400 ex
369 3370 467 3400 Terra
490 3369 624 3408 inquam
668 3368 823 3401 Themele
849 3368 1098 3409 cognominata,

227 3426 421 3458 chumvri
443 3427 693 3458 lsssromconuu.

2092 142 2165 176 433

1139 221 1474 271 καταθεμελιοῦσθαι
1485 250 1496 269 ,
1510 219 1551 267 ἣν
1567 218 1658 258 κατὰ
1675 218 1897 268 συναλλαγὴν
1911 219 1984 263 ἑνὸς
1997 222 2171 272 στοιχείου

1139 281 1200 316 τοῦ
1220 294 1254 326 σ,
1274 277 1436 329 Σεμέλην
1453 279 1484 316 οἱ
1503 277 1646 326 ποιηταὶ
1668 277 1982 331 προσηγορεύκασι.

1194 414 1320 452 Schol.
1348 415 1396 453 ad
1429 415 1564 466 Odyss.
1593 417 1663 464 Ψ,
1692 417 1764 466 198
1781 430 1790 453 ε
1809 415 1948 470 Ἑρμῖν’
1978 415 2176 468 ἀσκήσας];

1142 471 1279 525 εΕρμῆς
1292 476 1310 511 ὁ
1333 473 1414 517 Διὸς
1426 473 1486 512 καὶ
1501 474 1619 518 Μαίας
1634 477 1697 522 τῆς
1714 473 1921 523 Ἄτλαντος,
1941 481 2024 518 παῖς
2043 474 2095 513 ἔτι
2114 475 2178 535 ὢν,

1143 531 1178 568 ἐν
1210 530 1404 585 ἀνθρώποις
1432 532 1587 587 τέσσαρα
1614 532 1763 587 μέγιστα
1797 533 1933 588 εὕρετο·
1959 534 2152 586 γράμματα
2168 571 2178 588 ‚

1142 589 1202 628 καὶ
1224 590 1407 641 μουσικὴν,
1427 592 1486 630 καὶ
1505 593 1737 647 παλαίστραν,
1751 594 1810 632 καὶ
1825 594 2054 648 γεωμετρίαν.
2069 594 2177 633 εὈθεν

1143 649 1204 687 καὶ
1237 649 1316 694 τοὺς
1343 650 1525 698 υΕλληνας
1549 653 1766 706 τετράγωνον
1799 652 1902 691 αὐτὸν
1923 655 2101 702 ἀσκῆσαι,
2120 653 2180 692 καὶ

1145 707 1252 752 οὕτως
1267 710 1301 746 ἐν
1319 714 1390 770 τοὶς
1407 711 1609 762 γυμνασίοις
1629 714 1818 750 ἀναθεῖναι.
1834 714 1899 765 Τῷ
1915 712 1950 750 δὲ
1970 713 2182 766 ὀνειροπομ-

1144 767 1210 806 πὸν
1229 766 1331 806 αὐτὸν
1347 772 1447 818 εἶναι,
1465 769 1615 813 καὶτοὺς
1633 770 1872 822 κοιμωμένους
1891 773 1986 824 αὐτῷ
2005 771 2183 827 εὔχεσθαι,

1146 826 1204 865 καὶ
1236 827 1338 866 αὐτὸν
1365 828 1563 879 ἀναμένειν,
1592 828 1723 869 εἵλοντο
1741 833 1774 868 ἐν
1793 836 1862 874 τοῖς
1890 830 2059 882 θαλάμοις
2077 830 2170 884 ἔχειν

1149 886 1252 925 αὐτὸν
1270 886 1409 938 φύλακα
1439 892 1500 926 τοῦ
1524 887 1652 938 ὕπνου,
1683 889 1867 936 ἐπινοῆσαί
1885 906 1923 928 τε
1949 891 2009 928 καὶ
2027 893 2184 939 ἀσκῆσαι

1147 944 1228 988 τοὺς
1257 948 1328 984 τῶν
1363 947 1490 985 κλινῶν
1517 946 1626 991 πόδας
1653 950 1700 991 εἷς
1724 947 1787 995 τὴν
1819 953 1878 986 τοῦ
1901 951 1978 987 θεοῦ
1998 948 2182 1004 πρόσοψιν,

1147 1002 1243 1047 ὅπως
1258 1002 1468 1059 ἀλεξήτορας
1498 1005 1634 1058 ἔχοντες
1660 1005 1751 1050 ἰδέας
1775 1009 1942 1057 [Barnes.
1966 1023 2037 1048 em.
2055 1008 2183 1059 ιἰδίους;

1149 1067 1284 1114 Heyne
1299 1065 1443 1102 mavult
1458 1064 1663 1118 ἀλεξήτορος
1682 1066 1750 1118 (se.
1766 1068 1857 1117 θεοῦ)
1874 1065 1977 1111 ἰδέας.
1993 1071 2184 1106 Neutrum

1150 1124 1439 1174 necessarium],
1454 1123 1498 1162 τὰ
1518 1123 1581 1176 μὲν
1600 1124 1749 1176 δείματα
1769 1124 1818 1176 μὴ
1839 1125 2012 1179 φοὸοῖντο,
2027 1127 2182 1178 προσδο-

1150 1184 1238 1235 κῷεν
1260 1182 1295 1220 δὲ
1316 1182 1485 1231 πλείστην
1517 1184 1770 1238 ἐπαφροδισίαν
1802 1184 1859 1222 διὰ
1889 1187 1958 1223 τῶν
1984 1186 2183 1240 ὀνειράτων.

1151 1242 1196 1281 Ἡ
1218 1239 1255 1279 δὲ
1271 1240 1408 1295 ἱστορία
1426 1242 1524 1296 παρὰ
1543 1242 1796 1297 Ἀπολλοδώρῳ
1817 1245 1868 1296 τῷ
1887 1243 2069 1298 Ἀθηναίῳ.

1638 1314 1702 1352 31.

1204 1382 1375 1419 Eustath.
1391 1381 1439 1418 ad
1456 1394 1490 1418 e.
1508 1380 1533 1417 1.
1553 1393 1590 1430 p.
1615 1379 1728 1430 1951,
1751 1380 1817 1416 16:
1835 1377 2030 1426 Κυλλήνιος
2051 1378 2087 1416 δὲ
2104 1376 2190 1431 Ἕρ-

1153 1441 1243 1489 μῆς,
1265 1441 1419 1491 μυθικῶς
1454 1438 1516 1490 μὲν
1537 1437 1606 1477 ἀπὸ
1635 1436 1843 1485 Κυλλήνης,
1877 1436 1955 1484 ἥτις
1985 1437 2062 1490 ὅρος
2094 1436 2187 1475 ἐστὶν

1154 1497 1359 1551 Ἀρκαδίας,
1381 1497 1530 1536 σταδίων
1550 1496 1649 1535 ἐννέα
1675 1497 1946 1547 Ὀλυμπιακῶν,
1966 1494 2064 1549 παρὰ
2083 1495 2191 1539 πόδας

1152 1556 1384 1608 ὀγδοήκοντα,
1402 1555 1491 1595 καθὰ
1509 1556 1612 1609 φασὶν
1631 1557 1780 1608 ἱστορεῖν
1809 1554 2090 1608 Ἀπολλόδωρον,
2111 1556 2191 1593 ὀνο-

1154 1615 1284 1666 μασθὲν
1315 1616 1384 1654 ἀπὸ
1412 1615 1598 1663 Κυλλήνης
1625 1612 1774 1667 ἧρωίδος
1796 1614 1898 1658 τινός·
1930 1614 2132 1667 περιᾴδεται
2154 1613 2190 1651 δὲ

1155 1674 1385 1728 διαφερόντως
1404 1676 1439 1713 ἐν
1459 1680 1530 1718 τοῖς
1546 1673 1627 1728 περὶ
1645 1677 1746 1711 τοῦτο
1773 1674 1813 1711 τὸ
1840 1672 1916 1726 ὄρος
1940 1675 2110 1724 τιμᾶσθαι
2130 1672 2190 1710 τὸν

1154 1732 1308 1787 Ἑρμῆν,
1325 1736 1485 1772 κάκεῖθεν
1507 1738 1604 1784 σχεῖν
1623 1731 1662 1770 τὸ
1677 1730 1799 1783 λεχθὲν
1815 1730 1983 1770 ἐπίθετον.

1206 1793 1421 1844 Exscripsit
1450 1793 1528 1829 liaec
1562 1792 1736 1829 Eustath.
1775 1805 1823 1829 ex
1861 1791 1992 1842 Steph.
2029 1794 2120 1841 Byz.
2154 1804 2192 1828 v.

1155 1852 1323 1901 Κυλλήνη
1340 1883 1351 1901 ,
1375 1852 1451 1906 ὄρος
1471 1852 1675 1905 Ἀρκαδίας,
1706 1851 1857 1890 σταδίων
1884 1850 1984 1889 ἐννέα
2003 1850 2100 1904 παρὰ
2122 1850 2194 1888 πό-

1155 1915 1215 1956 δας
1231 1911 1463 1963 ὀγδοήκοντα,
1480 1910 1549 1949 ἀπὸ
1568 1910 1751 1957 Κυλλήνης
1761 1910 1893 1953 Ναίδος
1902 1909 2050 1963 νύμφης.
2068 1910 2193 1948 Etiam

1155 1986 1200 2010 ea
1227 1985 1313 2023 qnae
1341 1979 1557 2022 sequuntur
1586 1970 1758 2020 Heynius
1790 1969 2031 2021 Apollodoro
2060 1968 2194 2006 deberi

1155 2033 1395 2084 suspicatur:
1413 2031 1476 2070 Ἐν
1499 2029 1612 2083 τούτῳ
1632 2029 1670 2068 δέ
1696 2045 1781 2083 φασι
1800 2031 1850 2082 τῷ
1870 2028 1942 2081 ὄρει
1962 2027 2041 2072 τοὺς
2065 2026 2195 2066 κοττύ-

1154 2109 1236 2147 φους
1254 2091 1397 2136 λευκοὺς
1410 2091 1610 2143 γίγνεσθαι,
1627 2089 1747 2128 ἄλλοθι
1765 2090 1800 2127 δὲ
1816 2090 1983 2140 μηδαμῆ,
2002 2088 2062 2126 καὶ
2078 2086 2195 2143 φωνὰς

1154 2152 1314 2195 ποικίλας
1332 2147 1531 2204 προίεσθαι·
1553 2148 1757 2203 θηρεύεσθαι
1778 2148 1813 2187 δὲ
1832 2147 1918 2201 πρὸς
1938 2146 2002 2194 τὴν
2021 2146 2171 2194 σελήνην
2184 2162 2193 2170 ·

1154 2214 1217 2259 τῆς
1234 2209 1270 2249 δὲ
1286 2209 1422 2262 ἡμέρας
1446 2210 1478 2247 εἴ
1495 2225 1545 2252 τις
1565 2208 1760 2262 ἐπιχειροίη
1774 2238 1784 2255 ,
1805 2206 1938 2261 σφόδρα
1961 2207 2196 2261 δυσθηρᾶτους

1157 2323 1278 2364 quippe
1292 2323 1325 2354 in
1341 2331 1406 2362 qua
1420 2322 1530 2353 omnia
1545 2323 1713 2360 tamquam
1723 2319 1756 2351 in
1770 2320 1855 2359 θεμε)
1863 2319 1918 2360 ίῳ,
1935 2319 1955 2350 i.
1972 2327 2000 2350 e.
2015 2320 2049 2350 in
2060 2317 2196 2359 funda·

1157 2372 1271 2402 mento
1282 2378 1355 2407 suo,
1370 2368 1475 2409 posita
1491 2367 1567 2406 sint,
1580 2375 1754 2408 quamque,
1768 2375 1833 2398 una
1847 2366 1936 2399 litera
1949 2375 1965 2397 s
1978 2367 2191 2404 commutata,

1158 2417 1311 2450 Semelen
1332 2418 1437 2457 poetae
1451 2417 1580 2447 vocant.

1200 2511 1391 2551 Mercurius,
1411 2510 1487 2543 Jovi
1509 2518 1547 2542 ex
1565 2510 1651 2550 Maja
1667 2509 1807 2542 Atlantis
1828 2508 1893 2540 filia
1921 2510 2030 2547 natus,
2047 2516 2125 2549 puer
2140 2507 2194 2539 ad-

1158 2558 1222 2591 huc
1249 2560 1405 2599 quattuor
1427 2566 1478 2590 res
1501 2557 1661 2589 maximas
1684 2556 1809 2588 invenit
1832 2556 1982 2594 :literas,
2012 2555 2190 2591 musicam,

1160 2606 1346 2647 palaestram
1361 2630 1370 2646 ,
1387 2605 1607 2645 geometriam.
1630 2606 1736 2642 Quare
1758 2604 1855 2635 etiam
1880 2602 1985 2634 Graeci
2011 2601 2102 2641 signa
2123 2601 2194 2641 eJ‘us

1159 2653 1316 2695 quadrata
1331 2653 1470 2694 tingunt,
1496 2655 1528 2684 ct
1544 2652 1591 2684 sic
1614 2652 1738 2693 ponunt
1756 2651 1786 2681 in
1801 2649 1990 2690 gymnasiis.
2008 2649 2098 2681 Idem
2117 2648 2194 2689 quia

1159 2704 1208 2735 est
1224 2701 1459 2744 ὀνειροπομπὸς,
1489 2701 1510 2732 i.
1536 2709 1565 2732 e.
1594 2700 1721 2732 somnia
1740 2698 1897 2735 immittit,
1931 2697 2102 2728 dormituri
2117 2705 2193 2728 eum

1159 2750 1344 2790 precantur,
1363 2748 1617 2788 exspectantque
1631 2746 1733 2778 donec
1751 2753 1901 2776 somnum
1923 2743 2066 2783 injiciat;
2088 2742 2194 2776 solent

1159 2805 1234 2829 eum
1248 2797 1282 2828 in
1300 2795 1459 2828 cubiculis
1475 2794 1592 2826 habere
1605 2793 1710 2825 somni
1724 2791 1902 2826 custodem,
1922 2794 2020 2831 atque
2034 2790 2192 2822 lectorum

1159 2845 1258 2886 pedes
1276 2845 1408 2877 student
1426 2843 1458 2874 in
1481 2843 1532 2874 dei
1554 2842 1690 2874 sormam
1709 2840 1891 2878 elaborare,
1912 2842 1947 2870 ut
1964 2839 2105 2879 speciem
2122 2838 2192 2879 ejus

1160 2893 1299 2925 habeant
1317 2892 1477 2924 malorum
1492 2889 1757 2932 propulsati-icem
1771 2912 1780 2927 ‚
1797 2896 1857 2919 nec
1873 2887 2136 2919 terriculamenta
2153 2887 2193 2918 ti-

1160 2943 1280 2980 meant,
1295 2941 1352 2973 sed
1368 2949 1466 2980 quam
1490 2938 1648 2970 maximas
1671 2947 1710 2969 ex
1728 2935 1862 2968 somniis
1890 2935 2019 2976 capiant
2045 2935 2189 2968 delicias.

1159 2990 1316 3021 Narratur
1332 2996 1382 3019 res
1400 2986 1440 3018 ab
1454 2985 1650 3026 Apollodoro
1667 2982 1868 3016 Atheniensi.

1201 3081 1367 3123 Cyllenius
1383 3080 1565 3113 Mercurius
1582 3079 1724 3119 mythice
1739 3077 1858 3109 dicitur
1883 3085 1902 3108 a
1927 3076 2078 3117 Cyllene,
2095 3078 2192 3108 Arca-

1159 3129 1222 3160 diae
1239 3130 1348 3160 monte
1361 3136 1478 3159 novem
1491 3126 1671 3158 stadiorum
1689 3125 1954 3166 Olympiacorum
1969 3123 2191 3156 deficientibus

1159 3176 1296 3218 pedihus
1333 3176 1499 3215 octoginta
1514 3198 1523 3213 ‚
1558 3176 1594 3206 ut
1625 3182 1755 3204 narrare
1790 3172 1907 3204 dicunt
1936 3170 2168 3212 Apollodorum
2180 3196 2189 3211 ,

1160 3232 1277 3255 nomen
1307 3223 1443 3254 habente
1473 3231 1491 3253 a
1513 3222 1645 3262 Cyllene
1670 3221 1816 3253 heroina.
1851 3221 2048 3252 Decantatur
2082 3221 2191 3251 autem

1160 3270 1319 3312 praecipue
1336 3270 1368 3301 in
1385 3270 1462 3301 locis
1483 3269 1521 3300 ad
1541 3269 1627 3300 hunc
1650 3268 1721 3300 sitis
1737 3270 1880 3300 montem
1905 3267 2053 3299 honorari
2070 3269 2191 3300 Mercu·

1160 3319 1261 3357 rium,
1291 3317 1429 3358 indeque
1453 3317 1542 3358 quod
1571 3316 1715 3348 diximus
1744 3315 1837 3347 illum
1861 3317 1992 3348 nactum
2020 3323 2091 3347 esse
2120 3324 2191 3356 cog·

1160 3373 1289 3398 nomeu.

2015 3423 2054 3451 ‘23
