2320 3684
120 152 132 160 ’
167 180 242 215 sos

164 273 220 304 est
242 265 401 303 sortasse
430 265 503 302 hoc
533 264 666 314 fragm.
689 263 942 301 enarrationis
970 264 1061 302 belli
1093 265 1194 304 inter

164 324 310 367 Samios
327 332 364 361 et
383 324 551 360 Milesios
580 323 628 360 de
654 322 812 367 Priene,
838 321 886 358 de
912 335 989 373 qua
1014 323 1134 362 Tliuc.
1154 328 1195 372 Ι,

169 384 262 429 ιι5;
282 382 439 420 Diodor.
458 385 549 428 XII,
570 393 615 428 27
632 394 643 431 3
660 381 757 418 Plut.
779 380 914 419 Pericl.
933 394 965 419 c.
988 382 1050 419 25.
1067 400 1080 415 »
1104 385 1193 421 Wi-

163 443 204 478 cle
209 456 277 478 em.

579 507 793 522 *³000*-

522 539 676 578 LIBER
713 539 836 578 XXV.

640 590 725 629 167.

213 647 320 684 Theo
338 649 448 696 Prog.
476 660 507 682 c.
529 658 565 694 2,
583 658 621 696 p.
655 659 697 692 17
718 658 796 696 seq.
817 659 826 682 ι
845 643 951 699 Παρὰ
972 645 1008 685 δὲ
1025 647 1193 699 Θεοπόμ-

159 719 226 742 που
252 707 290 743 ἐκ
312 707 373 751 τῆς
395 704 560 756 πέμπτης
593 703 652 741 καὶ
681 705 840 751 εἰκοστῆς
866 707 934 742 τῶν
963 706 1191 745 Φιλιππικῶν

159 762 249 814 [ἔστι
268 763 406 814 λαὸεῖν]
423 762 476 802 ὅτι
495 762 701 810 Ἑλληνικὸς
726 761 827 816 ὅρκος
854 763 1128 817 καταψεύδεται,
1154 765 1191 804 ὃν

159 821 334 869 Ἀθηναῖοί
352 839 456 876 φασιν
477 821 606 874 ὀμόσαι
624 821 703 866 τοὺς
718 821 900 870 ”Ελληνας
915 822 1056 877 πρὸτῆς
1073 823 1191 876 μάχης

157 884 219 928 τῆς
244 884 277 920 ἐν
297 881 495 926 Πλαταίαις
521 881 604 936 πρὸς
625 882 704 925 τοὺς
726 881 939 936 βαρὸάρους·
965 882 1023 920 καὶ
1044 885 1080 921 αἱ
1105 883 1190 936 πρὸς

160 940 308 993 βασιλέα
321 943 466 995 Δαρεῖον
490 943 527 993 (l.
546 939 698 994 Ξέρξην)
716 941 906 988 Ἀθηναίων
925 941 986 980 καὶ
1005 941 1090 994 πρὸς
1101 941 1191 981 ‘'EA-

157 1002 265 1047 ληνας
286 1002 325 1051 (l.
357 1001 415 1039 καὶ
444 1003 513 1039 τῶν
542 999 740 1051 Ἑλλήνων)
759 1003 928 1047 συνθῆκαι
940 1016 949 1024 ·
977 1018 993 1035 α
1005 1000 1056 1038 ἔτι
1074 1000 1109 1039 δὲ
1128 1001 1189 1039 καὶ

155 1057 220 1105 τὴν
241 1059 275 1096 ἐν
296 1060 493 1112 Μαραθῶνι
521 1057 658 1110 μάχην,
688 1059 755 1110 οὐχ
782 1058 858 1110 ἅμα
889 1057 1014 1102 πάντες
1042 1061 1188 1110 ὑμνοῦσι

156 1115 404 1168 γεγενημένην,
444 1116 502 1155 καὶ
537 1115 603 1155 ὅσα
640 1115 753 1165 ἄλλα,
793 1116 912 1170 φησὶν,
941 1119 964 1164 ἠ
1000 1117 1188 1164 Ἀθηναίων

155 1175 255 1219 πόλις
282 1174 530 1221 ἀλαζονεύεται
556 1175 616 1214 καὶ
641 1174 902 1230 παρακρούεται
927 1175 1006 1219 τοὺς
1039 1175 1184 1223 Ἕλλη-

155 1249 228 1279 νας.
243 1253 257 1268 »
403 1279 409 1284 ο

208 1297 253 1332 In
273 1296 319 1333 iis
342 1309 425 1347 quae
444 1295 491 1332 de
513 1293 766 1348 jurejurando
783 1294 876 1331 dicit
892 1293 1186 1344 Theopompus,

154 1362 306 1392 secutus
341 1355 495 1392 videtur
528 1357 751 1401 Isocratem,
790 1353 857 1403 qui
889 1353 984 1390 illud
1018 1366 1097 1390 non
1138 1352 1186 1389 ab

155 1413 472 1460 Atheniensibus,
492 1426 561 1450 nec
578 1412 804 1463 simpliciter
830 1425 852 1448 a
878 1411 1035 1458 Graecis,
1054 1419 1097 1448 ut
1115 1415 1188 1461 Ly-

154 1484 294 1522 curgus
308 1473 346 1509 in
364 1475 470 1510 Orat.
482 1472 521 1508 in
538 1474 712 1508 Leocrat.
732 1483 771 1521 p.
790 1485 802 1506 ι
814 1470 862 1507 58
878 1477 916 1506 et
935 1469 1096 1507 Diodor.
1115 1473 1185 1518 XI,

155 1542 204 1578 29
221 1530 404 1576 referunt,
422 1529 489 1566 sed
521 1542 542 1565 a
575 1529 665 1565 solis
685 1527 845 1565 Ionibus
872 1528 1084 1578 praestitum
1103 1541 1186 1565 me—

154 1597 286 1625 morat.
307 1587 513 1634 Quomodo
530 1587 809 1638 Theopompus
829 1587 1055 1637 probaverit
1074 1600 1184 1624 com—

152 1650 324 1686 mentitia
345 1649 459 1686 fuisse
477 1648 770 1686 Atheniensium
795 1648 934 1685 soedera
960 1655 1048 1699 post
1064 1648 1186 1685 victo-

150 1709 246 1745 riam
258 1708 306 1745 ad
318 1708 645 1758 Eurymedontem
657 1708 756 1745 facta
770 1721 857 1745 cum
868 1721 956 1758 rege
969 1711 1183 1755 Persarum,

151 1767 256 1817 quod
281 1767 382 1804 idem
402 1767 634 1806 asseveravit
654 1767 903 1805 Callisthenes
923 1775 1018 1804 teste
1036 1767 1185 1804 Plutar-

149 1827 226 1863 cho
244 1827 281 1863 iu
301 1828 395 1864 Cim.
422 1829 480 1874 13,
509 1827 549 1864 id
577 1827 805 1878 intelligitur
831 1840 879 1863 ex
911 1826 971 1874 iis,
990 1839 1076 1876 quae
1101 1825 1182 1876 jam

150 1894 373 1935 sequuntur.
409 1888 589 1923 Ceterum
621 1899 653 1923 v.
692 1885 859 1936 Kriigeri
888 1892 1094 1922 comment.
1125 1887 1183 1920 De

145 1958 242 1992 pace
276 1945 435 1980 Cimonis
454 1945 493 1981 in
510 1945 655 1981 Archiv.
667 1944 744 1992 fiir
759 1945 894 1981 Philol.
915 1958 951 1981 ιι.
974 1944 1179 1993 Poedagog.

156 2005 267 2050 1824,
284 2007 336 2049 II,
357 2017 393 2053 p.
415 2005 488 2040 205
507 2017 591 2054 sqq.
624 2055 696 2093 168

203 2111 453 2160 Harpocran:
486 2109 662 2152 Ἀττικοῖς
689 2108 877 2162 γράμμασι
966 2106 1179 2158 Θεόπομπος

149 2168 178 2204 δ’
190 2168 225 2205 ἐν
234 2169 277 2219 τῇ
287 2169 427 2219 εἰκοστῇ
438 2166 582 2218 πέμπτῃ
598 2170 666 2206 τῶν
677 2169 907 2206 Φιλιππικῶν
917 2168 1177 2220 ἐσκευωρῆσθαι
1207 2154 1212 2214 ,ί

148 2223 243 2276 λέγει
260 2224 320 2268 τὰς
339 2225 423 2279 πρὸς
441 2226 499 2264 τὸν
519 2226 693 2280 βάρὸαρον
713 2225 902 2273 συνθήκας,
920 2225 959 2269 ἃς
973 2226 1035 2263 οὐκ
1062 2225 1177 2263 Ἀττι-
1206 2216 1210 2271 i

149 2289 223 2326 κοῖς
239 2283 443 2335 γράμμασιν
463 2285 729 2331 ἔστηλιτεῢσθαι
749 2283 839 2322 ἀλλὰ
859 2290 928 2327 τοῖς
945 2286 1013 2321 τῶν
1034 2282 1175 2322 Ἰώνων.
1205 2307 1209 2335 γ

507 2425 658 2464 LIBER
689 2426 810 2463 XXV.

619 2512 706 2545 167.

186 2571 228 2602 Et
245 2579 284 2602 ex
298 2570 496 2611 Theopompi
512 2569 667 2601 vicesimo
685 2568 798 2609 quinto
820 2568 902 2600 libro
924 2569 1044 2600 Rerum
1059 2567 1174 2608 Philip-

146 2617 294 2659 picarum
308 2617 467 2658 (exempla
479 2616 628 2658 quaedam
642 2616 727 2648 sumi
740 2617 902 2656 possunt),
916 2615 1005 2656 quod
1022 2615 1102 2646 falso
1113 2623 1174 2646 me-

146 2667 290 2697 moretur
315 2664 544 2705 jusJurandum
569 2666 757 2696 Graecorum
768 2686 777 2702 ,
805 2662 893 2703 quod
914 2663 1126 2694 Athenienses
1154 2670 1173 2693 a

147 2712 270 2744 Graecis
283 2714 358 2744 ante
371 2711 583 2744 commissum
593 2711 740 2752 praelium
750 2718 825 2741 cum
836 2709 981 2741 barbaris
994 2710 1028 2740 in
1045 2709 1172 2748 regione

146 2759 296 2792 Plataeioa
306 2759 488 2800 praestitum
502 2759 611 2790 aiunt:
629 2761 698 2790 tum
721 2757 966 2789 Atheniensium
979 2764 1053 2788 cum
1068 2758 1173 2787 Xerxe

147 2815 220 2847 rege
229 2808 262 2838 et
272 2806 397 2838 Graeeis
411 2806 541 2838 soedera.
557 2818 572 2833 ει
580 2807 627 2838 Ne
636 2804 869 2838 Marathoniam
879 2803 1009 2844 quidem
1019 2811 1171 2844 pugnam,

145 2853 290 2894 aliaque,
309 2862 383 2894 qnae
409 2853 545 2897 gloriose
569 2852 762 2894 praedicare,
785 2851 968 2892 quibusque
996 2850 1106 2881 sucum
1123 2850 1171 2881 sa-

145 2908 216 2931 cere
243 2900 366 2931 Graecis
393 2900 508 2932 civitas
535 2899 782 2932 Atheniensium
806 2896 974 2929 consuevit
984 2919 993 2935 ,
1020 2905 1112 2937 aeque
1131 2896 1172 2928 ab

146 2946 298 2978 omnibus
310 2946 474 2978 celebrari.
494 2959 510 2974 υ

612 3010 699 3042 168.

186 3067 300 3099 Atticis
328 3067 440 3099 literis.
520 3067 750 3109 Theopompus
783 3066 870 3099 enim
898 3066 981 3098 libro
1017 3066 1171 3099 vicesimo

143 3113 257 3153 quinto
280 3114 531 3155 Philippicorum
555 3114 686 3146 inventa
712 3114 810 3146 fuisse
831 3113 910 3146 dicit
928 3121 1004 3145 cum
1030 3112 1167 3145 barbaro

143 3160 274 3198 foedera,
291 3161 410 3201 quippe
425 3170 498 3201 quae
514 3170 578 3193 non
594 3162 708 3193 Atticis
726 3161 838 3201 literis,
855 3160 909 3192 sed
928 3159 1045 3192 Ionicis
1060 3160 1092 3192 in
1108 3161 1171 3203 cip-

142 3215 185 3247 po
198 3207 333 3239 fuissent
347 3207 455 3239 incisa.

615 3267 705 3299 169.

184 3329 382 3360 Samiorum
392 3329 557 3369 populus.
577 3330 807 3370 Aristophanes
821 3330 856 3361 in
872 3329 1058 3370 Babyloniis
1087 3328 1168 3361 deri-

142 3374 222 3407 dens
247 3383 303 3406 eos
315 3397 324 3414 ,
353 3375 409 3415 qui
438 3375 525 3407 notis
539 3376 725 3416 compuncti
739 3379 842 3408 erant.
869 3376 969 3408 Samii
984 3376 1069 3408 enim
1086 3385 1104 3407 a
1117 3379 1167 3417 ty-

142 3421 251 3453 rannis
267 3421 306 3453 ad
323 3424 436 3453 incitas
453 3422 572 3454 redacti
586 3445 593 3461 ‚
610 3422 651 3453 ob
667 3422 789 3454 civium
812 3424 979 3463 penuriam
997 3431 1165 3455 servorum

880 175 1183 216 THEOPOMPI
1211 178 1541 223 FRAGMENTA.

1726 278 1811 316 169.

1308 341 1446 379 Suidas
1473 358 1481 379 ε
1517 343 1663 394 Σαμίων
1694 348 1711 383 ὃ
1741 347 1861 398 δῆμος.
1885 348 2131 405 Ἀριστοφάνης
2150 354 2275 396 Βαόυ-

1252 397 1389 443 λωνίοις
1419 401 1651 441 ἐπισκώπτων
1676 403 1755 448 τοὺς
1783 407 2016 458 ἐστιγμένους.
2035 414 2081 450 Οἱ
2102 412 2171 468 γὰρ
2202 415 2275 455 Σά-

1253 471 1328 507 μιοι
1345 459 1644 507 καταπονηθέντες
1664 463 1730 502 ὑπὸ
1754 466 1823 502 τῶν
1849 465 2040 519 τυράννων,
2061 471 2187 510 σπάνει
2202 475 2274 511 τῶν

1251 516 1546 568 πολιτευομένων,
1573 521 1775 574 ἐπέγραψαν
1801 529 1872 567 τοῖς
1891 525 2022 570 δούλοις
2042 528 2081 566 ἐκ
2100 529 2127 567 ε’
2141 531 2274 579 στατή-

1253 589 1320 628 ρων
1338 574 1400 622 τὴν
1421 578 1669 618 ἰσοπολιτείαν·
1690 583 1736 624 ὡς
1755 582 1995 634 Ἀριστοτέλης
2008 587 2043 624 ἐν
2062 590 2106 634 τῆ
2129 589 2274 640 Σαμίων

1250 634 1421 688 πολιτείᾳ.
1455 634 1505 675 Ἢ
1539 636 1590 676 ὅτι
1617 639 1715 692 παρὰ
1744 641 1893 691 Σαμίοις
1919 643 2040 695 εὑρέθη
2060 630 2211 699 πρώτοις
2231 647 2276 686 τὰ

1250 691 1304 730 κδ’
1316 694 1509 747 γράμματα
1527 695 1594 734 ὑπὸ
1612 699 1889 752 Καλλιστράτου,
1904 703 1949 744 ὡς
1966 701 2122 758 ’Ἄνδρων
2140 707 2174 744 ἐν
2187 707 2276 760 Τρί-

1249 752 1348 790 ποδι·
1367 751 1446 797 τοὺς
1475 754 1504 791 δ’
1531 754 1727 802 Ἀθηναίους
1758 757 1873 797 ἔπεισε
1889 763 2042 814 χρῆσθαι
2061 765 2130 802 τῶν
2147 763 2274 804 Ἰώνων

1248 811 1453 864 γράμμασιν
1479 813 1651 867 Ἀρχίνους
1681 819 1699 854 ὁ
1719 816 1897 864 Ἀθηναίου
1915 819 1972 857 ἐπὶ
1999 819 2167 873 ἄρχοντος
2200 825 2275 862 Εὖ-

1249 869 1404 908 κλείδου·
1435 870 1512 915 τοὺς
1543 870 1580 910 δὲ
1613 873 1856 919 Βαὸυλωνίους
1895 877 2027 922 ἐδίδαξε
2053 878 2110 917 διὰ
2137 882 2276 920 Καλλι-

1249 928 1397 982 στράτου
1425 929 1688 984 Ἀριστοφάνης,
1708 931 1799 971 ἔτεσι
1817 934 1886 987 πρὸ
1903 940 1964 974 τοῦ
1987 937 2196 987 Εὐκλείδου,
2213 939 2276 979 καὶ

1247 987 1304 1025 ἐπὶ
1337 987 1530 1033 Εὐκλέους·
1560 989 1639 1043 περὶ
1663 990 1699 1029 δὲ
1722 996 1780 1029 τοῦ
1811 993 1994 1038 πείσαντος
2021 997 2152 1050 ἱστορεῖ
2180 998 2274 1037 Θεό-

1246 1061 1393 1096 πομπος.
1419 1047 1562 1085 Eadem
1581 1049 1683 1099 apud
1703 1051 1883 1089 Photium
1916 1053 1952 1089 in
1977 1058 2066 1092 Lex.
2100 1055 2138 1092 h.
2171 1070 2206 1093 v.
2231 1060 2273 1096 V.

1247 1105 1450 1156 Bergkium
1462 1106 1510 1143 ad
1525 1107 1736 1158 fragmenta
1749 1111 2029 1162 Aristophanis,
2046 1127 2084 1164 p.
2099 1115 2146 1161 78
2168 1128 2272 1166 seqq.

1721 1179 1806 1218 170.

1298 1246 1426 1285 Schol.
1449 1247 1606 1285 Pindari
1630 1249 1787 1300 Olymp.
1810 1254 1920 1296 XIII,
1938 1266 1994 1290 vs.
2014 1254 2061 1291 32
2077 1270 2085 1291 :
2103 1254 2267 1306 Θεόπομ-

1244 1319 1308 1347 πος
1324 1305 1361 1343 δέ
1377 1320 1463 1358 φησι
1482 1304 1542 1343 καὶ
1560 1304 1623 1350 τὰς
1641 1313 1808 1357 γυναῖκας
1827 1310 1941 1348 αὐτῶν
1959 1311 2042 1361 (τῶν
2066 1314 2274 1366 Κορινθίων)

1233 1362 1407 1420 ,εὔξασθαι
1421 1366 1465 1415 τῇ
1488 1363 1689 1417 Ἀφροδίτῃ,
1708 1365 1822 1419 ἔρωτα
1836 1368 1999 1418 ἐμπεσεῖν
2018 1375 2087 1412 τοῖς
2109 1371 2273 1426 ἀνδράσιν

1246 1423 1374 1470 αὐτῶν,
1413 1422 1589 1475 μάχεσθαι
1619 1422 1706 1477 ὑπὲρ
1735 1428 1797 1472 τῆς
1817 1425 1986 1472 Ἑλλάδος
2016 1435 2087 1473 τοῖς
2114 1431 2249 1479 Μήδοις
2260 1463 2270 1480 ,

1246 1479 1466 1524 εἶσελθούσας
1493 1483 1540 1524 εἷς
1561 1481 1601 1520 τὸ
1629 1483 1719 1536 ἱερὸν
1741 1487 1804 1531 τῆς
1824 1485 2042 1540 Ἀφροδίτης,
2058 1487 2143 1542 ὅπερ
2171 1490 2272 1544 ἱδρύ-

1245 1542 1374 1600 samsom
1399 1539 1462 1587 τὴν
1494 1540 1652 1587 Μήδειαν
1669 1542 1842 1594 λέγουσιν,
1863 1544 1980 1598 ’Ἠρας
2006 1547 2270 1601 προσταξάσης·

1243 1601 1332 1636 εἶναι
1351 1597 1388 1636 δὲ
1405 1598 1465 1637 καὶ
1480 1602 1539 1637 νῦν
1559 1601 1869 1654 ἀναγεγραμμένον
1886 1604 2048 1656 ἐλεγεῖον,
2065 1605 2206 1646 εἰσιόντι
2222 1609 2270 1651 εἷς

1242 1656 1300 1695 τὸν
1319 1657 1401 1696 ναὸν
1422 1659 1604 1712 ἀριστερᾶς
1622 1659 1754 1713 χειρός·

1325 1746 1391 1776 Αἵδ’
1405 1746 1481 1788 ὑπὲρ
1496 1746 1651 1778 Ἑλλάνων
1668 1758 1700 1778 τε
1716 1748 1769 1780 καὶ
1784 1748 1974 1791 ἀγχεμάχων
1989 1752 2137 1790 πολιητᾶν

1365 1792 1500 1824 ἔστασαν
1523 1793 1687 1834 εὐχόμεναι
1703 1795 1834 1837 Κύπριδι
1849 1797 2003 1838 δαιμονίᾳ.

1325 1840 1371 1871 Οὐ
1389 1840 1447 1882 γὰρ
1460 1840 1666 1882 τοξοφόροισιν
1679 1841 1821 1874 ἐδούλετο
1834 1843 1873 1874 δῖ’
1887 1844 2044 1886 Ἀφροδίτα

1364 1887 1482 1924 Μήδοις
1499 1887 1653 1919 Ἑλλάνων
1668 1887 1833 1931 ἀκρόπολιν
1851 1890 1986 1931 δόμεναι.

1292 1958 1497 1995 Athenaeus
1526 1961 1635 2006 XIII,
1671 1972 1710 2009 p.
1746 1959 1837 2006 573,
1868 1962 1909 2006 C,
1939 1961 2102 2000 eundem
2134 1964 2267 2002 Theo-

1239 2017 1371 2068 pompi
1397 2018 1524 2054 locum
1548 2030 1775 2066 memoransr
1795 2019 2003 2058 Simonidis
2031 2022 2268 2073 epigramma

1239 2076 1294 2113 sic
1311 2075 1428 2113 refert
1444 2091 1452 2112 ε

1320 2152 1386 2183 Αἵδ’
1401 2153 1477 2194 ὑπὲρ
1491 2153 1646 2190 Ἑλλήνων
1661 2164 1694 2184 τε
1708 2154 1761 2184 καὶ
1775 2154 1957 2196 εὐθυμάχων
1974 2156 2122 2195 πολιητᾶν

1360 2199 1487 2230 ἔσταθεν
1503 2199 1648 2241 εὔχεσθαι
1667 2201 1797 2243 Κύπριδι
1812 2202 1965 2243 δαιμονίᾳ.

1320 2247 1366 2277 Οὐ
1381 2246 1439 2288 γὰρ
1453 2247 1660 2288 τοξοφόροισιν
1675 2247 1813 2287 ἐμήσατο
1828 2248 1868 2279 δῖ’
1882 2249 2041 2291 Ἀφροδίτα

1363 2294 1498 2336 Πέρσαις
1512 2293 1667 2325 Ἑλλάνων
1683 2294 1848 2337 ἀκρόπολιν
1862 2295 2026 2338 προδόμεν.

1201 2427 1207 2478 J
1235 2421 1396 2454 frontibus
1408 2421 1462 2462 jus
1475 2421 1615 2453 civitatis
1631 2421 1776 2462 quinque
1790 2421 1963 2454 stateribus
1973 2423 2086 2455 venale
2098 2423 2265 2466 inscripse-

1235 2470 1328 2508 runt,
1345 2470 1381 2501 ut
1407 2468 1595 2500 Aristoteles
1613 2467 1647 2500 in
1673 2468 1855 2500 samiorum
1882 2468 2046 2509 republica
2071 2471 2185 2502 auctor
2201 2473 2260 2503 est.

1231 2516 1289 2548 Vel
1303 2516 1381 2556 quia
1405 2516 1490 2556 apud
1513 2517 1637 2547 Samios
1649 2518 1787 2556 quatuor
1807 2518 1840 2547 et
1855 2515 1970 2557 viginti
1985 2515 2087 2561 literae
2110 2517 2251 2561 primum

1232 2562 1372 2595 inventae
1402 2563 1532 2595 suerunt
1563 2571 1581 2594 a
1607 2563 1807 2602 Callistrato,
1835 2565 1872 2595 ut
1901 2563 2032 2595 Andron
2059 2563 2091 2595 in
2122 2565 2262 2606 Tripode

1231 2609 1321 2642 dicit.
1343 2610 1502 2642 Archinus
1529 2618 1606 2642 vero
1619 2633 1629 2649 ‚
1657 2610 1804 2642 Athenaei
1818 2610 1903 2643 iilius
1918 2634 1927 2650 ‚
1956 2610 2109 2643 archonte
2125 2612 2261 2646 Euclide

1230 2657 1480 2688 Atheniensibus
1496 2657 1672 2697 persuasit,
1690 2660 1727 2689 ut
1741 2659 1857 2690 Ionum
1872 2657 1971 2690 literis
1990 2660 2167 2691 uterentur.
2184 2659 2256 2692 Ari-

1231 2704 1406 2744 stophanes
1435 2706 1542 2736 autem
1571 2704 1765 2744 Babylonios
1792 2705 1903 2737 docuit
1930 2714 1987 2746 per
2014 2705 2256 2747 Callistratum,

1230 2751 1325 2782 annis
1340 2750 1481 2791 [viginti]
1500 2753 1573 2782 ante
1589 2751 1770 2790 Euclidem,
1787 2752 1848 2783 sul)
1864 2751 2018 2784 archonte
2032 2752 2144 2785 Eucle.
2161 2754 2208 2785 De
2219 2761 2259 2785 eo

1229 2806 1326 2837 vero,
1359 2798 1414 2838 qui
1438 2806 1504 2829 rem
1536 2797 1630 2829 istam
1654 2796 1906 2830 Atheniensibus
1937 2798 2117 2839 persuasit,
2146 2799 2259 2832 scribIt

1231 2844 1470 2885 Theopompus.

1703 2915 1787 2948 170.

1270 2978 1497 3018 Theopompus
1513 2977 1568 3016 ait,
1583 2977 1680 3009 etiam
1694 2977 1846 3009 mulieres
1855 2985 1967 3009 eorum
1979 2977 2252 3020 (Corinthiorum)
2290 2996 2291 2999 =

1228 3026 1388 3056 Venerem
1409 3026 1554 3064 precatas
1588 3032 1670 3062 esse,
1693 3026 1731 3054 ut
1761 3032 1903 3055 amorem
1925 3024 2004 3056 viris
2026 3024 2171 3065 injiceret
2194 3034 2252 3066 pu-

1227 3070 1346 3112 gnandi
1361 3079 1419 3111 pro
1439 3070 1564 3102 Graecia
1586 3072 1696 3102 contra
1720 3072 1854 3109 Persas,
1874 3071 2030 3112 templum
2049 3073 2182 3104 Veneris
2206 3072 2253 3105 in-

1227 3128 1364 3160 gressas,
1373 3119 1458 3160 quod
1471 3119 1582 3151 Medea
1596 3119 1785 3158 aedificasse,
1793 3119 1923 3159 jubente
1930 3121 1950 3151 J
1952 3128 2069 3159 unone,
2080 3120 2248 3153 diceretur.

1227 3168 1332 3200 Etiam
1345 3175 1431 3198 nunc
1452 3174 1526 3198 eum
1539 3166 1594 3206 qui
1609 3167 1642 3197 in
1663 3166 1724 3198 hoc
1742 3166 1898 3207 templum
1914 3166 2011 3199 intret
2033 3167 2074 3199 ad
2087 3167 2250 3200 sinistram

1226 3215 1409 3256 conspicere
1425 3213 1507 3245 hanc
1524 3213 1656 3254 elegiam
1674 3213 1860 3255 inscriptam
1879 3223 1887 3245 :
2279 3223 2298 3231 τ

1267 3281 1321 3309 Hae
1335 3290 1393 3319 pro
1409 3281 1523 3309 Graecis
1539 3285 1570 3308 et
1584 3279 1703 3308 civibus
1718 3279 1858 3309 cominus
1873 3279 2087 3319 pugnantibus

1269 3333 1423 3356 steterunt
1443 3332 1608 3366 precantes
1623 3327 1779 3356 Venerem
1800 3327 2006 3356 venerandam
2021 3336 2030 3357 τ

1267 3384 1339 3402 nam
1356 3373 1522 3413 sagittariis
1536 3383 1600 3402 non
1615 3373 1742 3402 volebat
1757 3375 1862 3403 Venus
1878 3373 1984 3402 divina

1266 3422 1367 3451 Medis
1382 3424 1560 3450 Graecorum
1576 3431 1679 3451 arcem
1698 3421 1784 3451 dare.
