2320 3684
143 225 219 266 344

143 312 213 349 τῶν
233 309 366 348 δεινων.
400 305 579 348 Πολλάκις
604 303 641 342 δὲ
668 302 727 342 καὶ
753 300 1035 346 ἀνακλαυσαντος
1065 302 1170 340 αὐτοῦ

142 363 218 407 εἶτα
237 366 300 415 τὴν
318 365 456 419 σκάφην
475 360 528 416 ἧ’
512 362 662 401 ενέκειτο
679 360 843 406 διέσεισε,
859 358 1172 414 παραμυθούμενος

141 430 191 465 τῶ
211 427 345 479 σεισμῶ
361 423 401 462 τὸ
423 422 482 477 βρε
467 437 545 476 φος
561 452 571 471 ‚
593 451 599 457 .
606 413 704 458 ..οἷα
724 418 836 466 δήπου
868 420 1008 472 φιλοῦσι
1041 418 1103 457 καὶ
1136 419 1172 456 αἱ

142 501 263 539 τροφοι
288 483 349 522 καὶ
373 484 408 520 αἱ
431 480 545 519 τίτθαι
573 480 654 533 δρᾶν
734 479 844 516 ποιῶν
879 480 926 522 ὡς
957 477 1136 532 ἄνθρωπος
1155 479 1174 516 ὁ

145 543 279 596 ἐλέφας.

198 597 391 635 AElianum
410 606 458 630 ex
475 591 691 641 Phylarcho
721 603 790 628 sua
811 570 984 629 hausisse
1001 589 1174 628 Athenaei

146 657 251 693 locus
271 655 295 691 l.
314 653 562 690 demonstrat.
581 649 637 688 Cf.
657 650 822 700 Polyaen.
844 652 1007 700 Strateg.
1036 652 1103 697 lv,
1137 648 1174 694 6,

149 715 169 750 3
189 720 226 751 et
243 711 380 749 AElian.
401 713 458 746 De
475 716 600 746 natur.
619 707 772 746 animal.
790 711 895 756 XVI,
918 709 991 753 363
1011 720 1096 758 quae
1116 706 1176 746 his

147 771 240 808 locis
254 770 473 807 referuntur
489 767 614 805 eidem
643 767 856 817 Phylarcho
873 766 1078 805 tribuenda
1095 778 1177 804 esse

147 830 270 868 videri
291 836 422 866 monet
438 827 636 866 Luchtius.

633 885 696 924 37.

200 947 430 999 Apollonius
449 946 636 997 Dyscolus
673 945 821 983 Histor.
853 953 1057 983 comment.
1095 944 1178 981 18:

148 1005 339 1059 Φύλαρχος
369 1006 403 1043 ἓν
434 1007 478 1058 τῇ
512 1006 652 1057 εἰκοστῇ
687 1002 866 1058 Ἱστοριων
896 1005 936 1042 ἐκ
954 1006 1017 1050 τῆς
1033 1003 1180 1048 Ἰνδικης

150 1080 254 1119 φησιν
291 1067 474 1117 ἐνεχθῆναι
506 1062 634 1110 λευκὴν
669 1062 778 1116 ῥίζαν,
814 1063 856 1110 ἣν
889 1061 1074 1105 κόπτοντες
1106 1061 1180 1112 μεθ’

150 1122 272 1167 ὕδατος
288 1122 546 1162 καταπλάττειν
571 1120 649 1165 τοὺς
667 1120 800 1170 πόδας,
825 1120 903 1164 τοὺς
929 1120 965 1159 δὲ
993 1121 1181 1159 καταπλα-

151 1181 294 1227 σθέντας
317 1181 442 1235 ἄνδρας
456 1184 519 1228 τῆς
553 1180 737 1223 συνουσίας
756 1179 866 1227 λήθην
893 1179 1008 1232 ἴσχειν
1035 1179 1096 1218 καὶ
1121 1178 1181 1230 γί-

150 1244 292 1293 γνεσθαι
315 1239 455 1291 ὁμοίους
480 1238 656 1292 εὐνούχοις
674 1254 683 1262 ·
713 1238 764 1277 διὸ
788 1238 846 1278 καὶ
876 1237 929 1277 ἔτι
945 1237 1093 1285 ἀνήὸων
1122 1237 1184 1276 ὅν-

151 1315 222 1337 των
247 1298 500 1351 καταχρίουσι,
524 1297 586 1339 καὶ,
609 1296 717 1350 μέχρι
746 1296 895 1335 θανάτου
923 1298 986 1335 οὐκ
1015 1296 1184 1350 ἐπαίρου-

154 1373 221 1396 σιν.

206 1417 410 1457 Athenaeus
430 1419 462 1464 Ι,
482 1418 543 1461 32,
556 1429 596 1466 p..
620 1417 678 1462 18,
695 1418 730 1452 D
748 1413 959 1468 εΦύλαρχος
976 1412 1012 1452 δὲ
1030 1413 1185 1467 Σανδρό-

155 1474 280 1514 κυττόν
301 1490 388 1529 φησι
415 1476 485 1512 τῶν
506 1474 625 1512 Ἰνδῶν
663 1471 811 1525 βασιλέα
839 1471 1003 1526 Σελεύκῳ
1033 1473 1108 1524 μεθ’
1136 1467 1184 1511 ὧν

156 1532 292 1587 ἔπεμψε
329 1531 448 1587 δώρων
480 1533 683 1570 ἀποστελεῖν
710 1547 806 1576 τινας
833 1531 994 1582 δυνάμεις
1025 1531 1187 1575 στυτικὰς

159 1594 322 1638 τοιαύτας
336 1625 346 1643 ,
365 1596 412 1638 ὥς
431 1593 498 1632 ὑπὸ
521 1592 600 1637 τοὺς
624 1592 733 1636 πόδας
762 1592 943 1644 τιθεμένας
970 1595 1039 1631 τῶν
1060 1608 1187 1631 συνου-

158 1651 347 1699 σιαζόντων
369 1646 418 1697 οἷς
438 1651 501 1704 μὲν
521 1651 631 1707 ὁρμὰς
645 1653 801 1703 ἐμποιεῖν
822 1651 964 1706 ὀρνίθων
992 1652 1105 1701 δίκην,
1131 1652 1189 1696 οὒς

156 1711 193 1750 δὲ
207 1710 438 1754 καταπαύειν,

211 1770 437 1811 Dindorfius
469 1783 490 1808 e
528 1770 726 1808 codicibus
761 1768 881 1807 edidit
914 1768 1189 1822 Σανδράκοττον,

157 1829 262 1881 quod
281 1830 321 1867 iu
337 1829 531 1867 Addendis
557 1829 725 1867 defendit
745 1836 876 1866 contra
902 1829 1101 1879 Schlegel.‚
1123 1830 1190 1879 qui

158 1891 196 1926 in
214 1887 311 1925 Bibl.
331 1888 414 1926 Ind.
432 1888 510 1926 vol.
531 1891 563 1935 I,
582 1901 620 1938 p.
641 1887 716 1931 245
737 1893 774 1923 et
790 1886 864 1923 vol.
880 1889 930 1934 ΙΙ,
946 1900 982 1937 p.
1013 1887 1098 1934 175,
1115 1888 1184 1924 301

160 1955 290 1984 tuetur
317 1946 463 1987 Aldinae
498 1947 703 1984 lectionem
733 1942 1000 1993 Σανδρόκυπτον
1031 1953 1191 1996 propter

158 2005 329 2043 Indicam
347 2005 512 2043 nominis
526 2005 689 2043 formam
704 2002 1032 2054 Chandraguptas.
1048 2007 1191 2042 Casan-

159 2064 252 2102 bon.
267 2065 386 2102 edidit
400 2062 658 2117 Σανδράκοττον
674 2069 894 2112 comparato
909 2063 1092 2100 Strabone
1106 2066 1190 2110 XV,

160 2136 200 2173 p.
218 2136 307 2171 702,
326 2129 415 2170 724,
434 2122 502 2161 ubi
520 2122 691 2160 nonnulli
711 2120 798 2159 libri
812 2119 955 2158 habent
971 2119 1190 2174 Σανδρόκοτ-

160 2196 229 2224 τος.
246 2182 450 2233 Appianus
468 2184 550 2232 Syr.
573 2181 635 2230 55,
665 2195 703 2232 p.
723 2182 798 2229 619
816 2191 905 2218 eum
922 2179 1015 2217 dicit
1033 2179 1189 2218 Andro—

162 2247 322 2278 cottum.

162 2348 337 2383 videretur.
355 2351 446 2390 Saepe
456 2350 554 2382 etiam
564 2359 667 2390 quum
678 2349 801 2391 vagiret
817 2349 935 2388 infans,
944 2357 1057 2388 cunaS,
1075 2347 1109 2379 in
1124 2346 1194 2388 qui-

162 2394 225 2427 bus
238 2395 370 2436 jaceret,
388 2397 560 2437 movebat3
579 2397 691 2438 sicque
706 2397 809 2429 eidem
826 2405 867 2428 ex
879 2397 941 2427 hoc
954 2397 1044 2427 motu
1057 2394 1194 2426 oblecta-

164 2445 272 2474 menta
301 2445 334 2476 et
364 2443 478 2479 solatia
500 2444 616 2476 afferre
634 2443 802 2482 studebat,
825 2446 861 2475 ut
889 2442 993 2475 facere
1010 2442 1115 2475 solent
1138 2451 1195 2473 nu-

164 2489 261 2521 trices
276 2499 284 2521 :
298 2499 365 2531 qua.
382 2491 416 2525 in
433 2499 466 2522 re
479 2491 668 2532 elephantus
686 2490 798 2531 agebat
812 2491 850 2522 ut
864 2490 973 2521 homo.

207 2595 407 2636 Phylarchus
420 2595 503 2628 libro
514 2596 672 2637 vigesimo
694 2594 910 2628 Historiarum
931 2594 1029 2626 tradit
1044 2603 1085 2626 ex
1100 2592 1195 2626 India

164 2642 306 2674 radicem
336 2642 443 2675 albam
471 2643 658 2684 apportari,
686 2651 751 2683 qua
787 2642 918 2673 concisa
944 2643 977 2673 et
1003 2650 1078 2673 cum
1111 2648 1195 2680 aqua

165 2690 327 2729 permixta
356 2689 453 2729 pedes
484 2691 607 2731 ungant
635 2699 643 2720 :
673 2689 762 2720 viros
789 2698 827 2721 ea
853 2691 970 2720 unetos
997 2687 1195 2720 concubitus

165 2735 313 2768 oblivisci
336 2736 606 2777 atque-eunuchis
629 2736 751 2768 similes
774 2735 865 2768 reddi
883 2745 891 2766 :
909 2735 951 2766 ob
970 2743 1106 2775 eamque
1126 2743 1192 2766 rem

166 2783 244 2823 ungi
257 2783 313 2823 qui
329 2782 435 2814 adhue
450 2782 681 2816 adolescentuli
696 2783 762 2814 sint
772 2805 782 2822 ,
799 2790 837 2814 ac
852 2782 912 2814 hos
928 2782 1062 2823 quidem
1092 2789 1196 2821 usque

166 2832 303 2861 mortem
321 2839 387 2861 non
403 2830 552 2870 arrigere.

210 2877 327 2908 Scribit
365 2877 577 2918 Phylarchus,
604 2877 867 2917 Sandrocyttum‚
896 2876 1052 2908 Indorum
1077 2882 1195 2915 regem,

168 2922 301 2954 Seleuco
317 2924 497 2964 (Mentori)
514 2932 589 2955 cum
605 2923 676 2956 aliis
689 2924 782 2956 donis
797 2923 1031 2955 medicamenta
1044 2921 1195 2963 quaedam

169 2969 368 3001 stimulantia
383 2971 521 3010 misisse,
537 2979 612 3012 quae
635 2979 706 3003 eam
730 2971 797 3002 vim
817 2970 990 3009 habebant,
1007 2971 1046 3001 ut
1061 2968 1197 3010 pedibus

170 3014 300 3047 subdita
316 3018 500 3049 coeuntium
512 3041 521 3057 ,
539 3018 572 3049 in
600 3017 670 3050 aliis
687 3018 842 3059 impetum
865 3017 1010 3055 veneris,
1026 3016 1130 3057 qualis
1163 3015 1197 3047 in

171 3061 261 3100 gallis
278 3065 326 3094 est
341 3063 535 3106 gallinaceis,
551 3065 741 3104 excitarent,
757 3065 791 3097 in
805 3064 878 3097 aliis
894 3073 972 3097 vero
999 3063 1195 3098 inhiberent.

535 3177 718 3269 LIBER8
723 3177 831 3219 XXI

656 3237 676 3269 3

217 3280 398 3323 Philippum
419 3286 529 3317 narrat
552 3287 792 3328 Theopompus,
813 3287 847 3319 in
874 3287 1090 3320 Historiarum
1116 3286 1199 3319 libro

173 3327 418 3367 quadragesimo
432 3333 558 3371 quarto,
574 3333 795 3365 Thrasidaeum
810 3334 999 3366 Thessalum
1023 3336 1197 3387 tyra-nuum

174 3373 380 3406 constituisse
402 3377 629 3418 popularium,
655 3379 820 3411 hominem
846 3380 955 3420 exigui
978 3380 1116 3420 ingenii,
1141 3380 1199 3412 sed

175 3418 373 3452 adulatorem
397 3423 588 3455 maximum.
606 3427 646 3457 At
672 3434 736 3457 non
765 3426 911 3459 adulator
938 3429 1006 3459 erat
1033 3426 1191 3460 Arcadion

874 215 1173 256 PHYLARCHI
1201 215 1535 258 FRAGMENTA.

1613 303 1766 345 LIBER
1799 305 1904 345 XXI.

1711 385 1772 424 38.

1285 461 1489 500 Athenaeus
1509 464 1576 510 VI,
1596 461 1660 511 55,
1682 476 1720 514 p.
1740 467 1899 515 249,C:
1915 463 2096 504 Φίλιππον
2113 465 2152 504 δέ
2175 481 2262 520 φησι

1234 517 1445 571 Θεόπομπος
1477 521 1513 558 ἐν
1550 522 1593 573 τῇ
1628 520 1778 574 τετάρτῃ
1816 522 1877 561 καὶ
1902 527 2166 577 τεσσαρακοστῇ
2191 527 2261 564 τῶν

1234 577 1411 632 Ἱστοριων
1429 579 1652 631 Θρασυδαῖον
1669 595 1728 618 τον
1747 581 1926 620 Θετταλὸν
1951 585 2174 630 καταστῆσαι
2191 586 2260 622 τῶν

1235 644 1406 693 ὁμοεθνῶν
1426 641 1606 695 τύραννον,
1637 643 1758 696 μικρὸν
1796 643 1859 695 μὲν
1890 644 1975 683 ὄντα
2009 645 2073 693 τὴν
2104 646 2263 698 γνώμην,

1235 699 1369 739 κόλακα
1373 700 1424 762 ...δὲ
1443 700 1618 752 μέγιστον.
1652 701 1746 740 Ἀλλ’
1770 705 1832 741 οὐκ
1857 703 2046 757 Ἀρκαδίων
2080 707 2099 743 ὁ
2127 705 2265 758 Ἀχαιὸς

1237 753 1394 804 κόλαξ
1371 763 1428 809 ἠν,
1453 760 1534 813 περὶ
1569 764 1608 799 οὖ
1636 762 1654 799 ὁ
1680 760 1782 805 αὐτὸς
1812 764 1942 823 ἱστορεῖ
1961 762 2175 815 Θεόπομπος
2205 765 2265 804 καὶ

1237 819 1392 871 Δοῦρις’
1377 833 1412 856 εν
1428 816 1574 871 πέμπτῃ
1594 820 1855 859 Μακεδονικων.
1870 824 1983 864 Οὗτος
1997 820 2033 859 δὲ
2046 825 2065 860 ὁ
2075 821 2266 876 Ἀρκαδίων

1239 879 1351 928 μισῶν
1371 876 1430 915 τὸν
1445 876 1628 916 Φίλιππον
1647 876 1836 916 ἑκούσιον’
1820 895 1860 918 εκ
1887 882 1949 926 τῆς
1965 880 2131 934 πατρίδος
2155 880 2266 933 φυγὴν

1239 934 1374 1008 ἔφυγεν.
1394 937 1459 974 Ἦν
1489 935 1518 973 δ’
1543 935 1772 989 εὐφυέστατος
1811 937 1872 976 και
1903 938 2043 982 πλείους
2074 938 2269 992 ἀποφάσεις

1240 995 1346 1032 αὐτου
1366 993 1654 1045 μνημονεύονται.
1680 993 1815 1048 Ἔτυχε
1833 996 1862 1034 δ’
1881 1000 1940 1035 οὖν
1971 997 2049 1035 ποτ’
2069 999 2105 1036 ἐν
2122 999 2270 1052 Δελφοῖς

1241 1053 1493 1103 ἐπιδημοῦντος
1508 1052 1692 1092 Φιλίππου
1709 1060 1871 1107 παρεῖναι
1890 1055 1950 1094 καὶ
1966 1055 2025 1094 τὸν
2042 1055 2269 1109 Ἀρκαδίωνα·

1241 1111 1278 1151 ὃν
1296 1111 1508 1163 θεασάμενος
1523 1115 1541 1150 ὃ
1561 1111 1734 1151 Μακεδὼν
1753 1113 1812 1152 καὶ
1828 1115 2176 1168 προσκαλεσάμενος,
2195 1115 2271 1154 Μέ-

1241 1187 1301 1225 χρι
1315 1171 1407 1214 τίνος
1426 1169 1550 1224 φεύξῃ,
1566 1170 1687 1224 φησὶν,
1705 1171 1916 1225 Ἀρκαδίων;
1939 1173 1999 1212 καὶ
2015 1173 2071 1226 ὃς,

1325 1246 1414 1279 ‘Em'
1430 1246 1467 1277 ἂν
1484 1245 1583 1287 (φησὶ)
1596 1246 1666 1283 τοὺς
1678 1246 1836 1289 ἀφίκωμαι
1851 1249 1879 1280 οἳ
1893 1249 1950 1281 οὐκ
1961 1249 2050 1282 ἴσασι
2063 1250 2231 1283 Φίλιππον.

1244 1310 1435 1365 Φύλαρχος
1449 1311 1478 1349 δ’
1494 1312 1530 1349 ἐν
1546 1314 1590 1363 τῇ
1610 1310 1732 1364 πρώτῃ
1760 1312 1821 1351 καὶ
1838 1314 1978 1366 εἰκοστῇ
1995 1316 2066 1352 τῶν
2083 1313 2275 1368 Ἱστοριῶν,

1243 1370 1444 1422 γελάσαντα
1473 1369 1532 1408 τὸν
1560 1369 1744 1410 Φίλιππον
1762 1370 1820 1409 ἐπὶ
1836 1371 1950 1425 τούτῳ
1969 1371 2118 1412 καλέσαι
2146 1389 2186 1412 τε
2214 1374 2274 1413 ἐπὶ

1246 1431 1380 1468 δεῖπνον
1404 1428 1463 1467 τὸν
1483 1428 1698 1483 Ἀρκαδίωνα
1723 1429 1783 1468 καὶ
1803 1429 1894 1470 οὕτω
1916 1430 1981 1479 τὴν
2003 1430 2130 1486 ἔχθραν
2153 1431 2275 1472 διαλύ-

1245 1489 1383 1527 σασθαι.

1728 1566 1791 1604 39.

1303 1648 1561 1699 Harpocratio
1592 1649 1723 1687 Lexic.
1745 1662 1774 1688 s.
1803 1663 1841 1687 v.
1878 1649 2069 1704 Πάραλοςε
2091 1649 2276 1705 Πάραλος,

1249 1705 1478 1758 Δημοσθένης
1512 1708 1762 1752 Φιλιππικοῖς·
1790 1707 1854 1759 μία
1879 1711 1948 1747 τῶν
1975 1708 2061 1763 παρ’
2086 1709 2275 1758 Ἀθηναίων

1248 1765 1334 1819 πρὸς
1361 1763 1424 1809 τὰς
1452 1765 1623 1815 δημοσίας
1650 1766 1771 1819 χρείας
1799 1767 2094 1819 διαπεμπομένων
2124 1770 2276 1823 τριηρῶν

1250 1824 1320 1863 ἀπό
1346 1840 1437 1868 τινος
1465 1824 1578 1878 ἥρωος
1599 1825 1753 1877 τοῦνομα
1778 1826 1938 1866 λαὸοῦσα
1960 1827 2141 1881 Παράλου.
2171 1829 2218 1867 Οἱ
2240 1825 2278 1866 δὲ

1250 1882 1496 1931 ἓπιὸεὸηκότες
1514 1885 1620 1930 αὐτῆς
1645 1885 1831 1924 ἐκαλοῦντο
1854 1885 2037 1940 Πάραλοι,
2055 1885 2089 1924 οἳ
2119 1887 2175 1924 διὰ
2190 1885 2279 1925 ταύ-

1249 1958 1313 1990 την
1332 1941 1396 1990 τὴν
1427 1943 1617 1997 ὑπηρεσίαν
1645 1944 1811 1998 τετταράς
1842 1961 1880 1983 τε
1905 1944 2046 1989 ὀὸολοὺς
2080 1945 2277 1998 ἐλάμὸανον

1250 2002 1310 2040 καὶ
1335 2001 1376 2040 τὸ
1394 2003 1514 2040 πλεῖον
1536 2001 1639 2056 μέρος
1658 2004 1816 2042 ἐνιαυτοῦ
1842 2003 1930 2043 οἴκοι
1958 2004 2101 2056 ἔμενον·
2126 2004 2218 2043 ἄλλα
2238 2003 2279 2044 τί

1250 2076 1328 2099 τινα
1362 2063 1520 2115 ὑπῆρχον
1559 2064 1675 2106 αὐτοῖς
1702 2062 1800 2115 παρὰ
1835 2065 1895 2110 τ’ἥς
1915 2063 2070 2112 πόλεως,
2098 2063 2145 2108 ὥς
2173 2078 2278 2118 φησιν

1251 2119 1439 2172 Ὑπερίδης
1457 2121 1492 2158 ἐν
1523 2122 1574 2173 τῷ
1594 2121 1672 2159 κατ’
1691 2121 1990 2175 Ἀρχεστρατίδου.
2022 2121 2214 2174 Μέμνηται
2242 2121 2279 2160 δὲ

1249 2182 1310 2216 τοῦ
1331 2178 1500 2232 Παράλου
1534 2178 1646 2233 ἥρωος
1678 2180 1738 2218 καὶ
1770 2180 1963 2235 Φύλαρχος
1996 2182 2031 2220 ἐν
2065 2184 2109 2235 τῇ
2139 2183 2278 2234 εἰκοστῇ

1312 2236 1321 2250 Ι

1250 2252 1386 2290 πρωτῃ.

1251 2347 1402 2387 Achaeus,
1414 2348 1454 2380 de
1466 2357 1531 2388 quo
1544 2348 1630 2380 idem
1638 2351 1747 2380 narrat
1758 2349 1998 2391 Theopompus,
2008 2351 2041 2382 et
2054 2349 2153 2382 Duris
2162 2349 2277 2391 quinto

1250 2394 1332 2426 libro
1346 2396 1466 2427 Rerum
1485 2396 1779 2428 Macedonicarum.
1807 2397 1868 2428 Hic
1889 2396 1977 2428 enim
1996 2395 2174 2436 Arcadion,
2199 2396 2276 2428 odio

1250 2441 1369 2473 ductus
1384 2442 1535 2486 Philippi,
1553 2444 1668 2484 sponte
1678 2443 1818 2484 patrium
1835 2443 1941 2475 solum
1955 2442 2062 2475 vertit.
2077 2444 2156 2476 Erat
2168 2443 2278 2476 autem

1251 2488 1300 2520 vir
1316 2488 1464 2530 inprimis
1494 2489 1697 2529 ingeniosus3
1714 2490 1807 2530 cujus
1824 2490 1927 2521 multa
1942 2489 2022 2522 scite
2041 2490 2128 2522 dicta
2143 2497 2279 2522 comme-

1251 2539 1428 2567 morantur.
1444 2536 1568 2567 Accidit
1580 2536 1677 2577 igitur
1693 2536 1875 2577 aliquando,
1889 2539 1935 2576 ut,
1949 2545 2050 2578 quum
2063 2537 2198 2578 Delphis
2213 2544 2282 2569 ver·

1251 2585 1375 2614 sai-etur
1388 2582 1568 2623 Philippus,
1585 2583 1682 2614 simul
1695 2583 1741 2615 ibi
1755 2584 1885 2616 adesset
1898 2583 2069 2616 Arcadion.
2085 2586 2190 2622 Quem
2207 2593 2280 2617 con·

1251 2629 1394 2669 spicatus
1411 2630 1557 2669 Macedo,
1573 2630 1612 2661 ad
1631 2638 1665 2661 se
1683 2630 1836 2670 vocavit,
1855 2631 1990 2663 dicens:
2013 2633 2084 2669 Quo
2102 2630 2278 2673 usquefu-

1251 2678 1332 2717 yies,
1348 2676 1521 2709 Arcadian
1531 2681 1552 2709 ,ι’
1567 2679 1609 2708 Et
1624 2677 1678 2709 ille
1695 2687 1703 2708 :
2189 2697 2197 2702 -

1315 2737 1423 2765 Donec
1438 2736 1478 2765 ad
1493 2746 1546 2766 eos
1560 2745 1747 2775 pervenero,
1763 2736 1877 2775 quihus
1899 2736 2025 2776 ignotus
2043 2737 2217 2777 Philippus.

1252 2794 1452 2835 Phylarchus
1486 2803 1575 2834 vero,
1612 2796 1717 2835 primo
1737 2797 1769 2827 et
1785 2795 1940 2835 vigesimo
1955 2795 2171 2827 Historiarum
2184 2795 2279 2835 libro,

1253 2842 1376 2882 scribit,
1397 2842 1589 2874 arridentem
1603 2842 1643 2873 ad
1660 2842 1720 2873 hoc
1745 2850 1936 2882 responsum
1957 2842 2141 2883 Philippum
2163 2843 2204 2875 ad
2219 2851 2282 2875 coe·

1253 2899 1329 2922 nam
1347 2898 1482 2922 vocasse
1505 2889 1718 2922 Arcadionem
1729 2913 1739 2929 ,
1755 2890 1852 2930 atque
1867 2889 1912 2920 ita
1933 2889 2110 2921 exstinctas
2129 2899 2200 2922 esse
2218 2889 2275 2922 ini-

1254 2938 1403 2970 micitias.

1735 2992 1798 3026 39.

1295 3047 1448 3085 Paralus;
1467 3046 1698 3078 Demosthenes
1714 3044 1912 3087 Philippicis.
1926 3046 1999 3077 Una
2013 3044 2191 3076 triremium
2205 3051 2279 3086 quae

1254 3095 1295 3127 ab
1316 3093 1566 3127 Atheniensibus
1591 3093 1630 3124 ad
1652 3092 1782 3134 publica
1806 3092 1934 3131 negotia
1958 3091 2205 3123 dimittebantur
2221 3113 2231 3130 ,
2258 3099 2279 3122 a

1254 3142 1368 3175 Paralo
1394 3141 1490 3172 heroe
1512 3140 1654 3181 quodam
1672 3148 1790 3171 nomen
1804 3139 1937 3180 accepit.
1963 3140 2092 3179 Quique
2115 3147 2186 3170 earn
2208 3145 2281 3170 con·

1254 3188 1457 3227 scenderunt,
1470 3187 1569 3220 Par-ali
1579 3186 1726 3228 appellati
1736 3190 1822 3220 sunt,
1833 3187 1926 3227 cujus
1934 3186 2075 3218 muneris
2083 3194 2197 3217 caussa
2204 3192 2281 3225 qua·
2292 3202 2304 3206 ⁷·

1254 3239 1329 3270 tuor
1342 3235 1454 3267 obolos
1467 3237 1637 3275 ceperunt,
1651 3235 1685 3266 et
1704 3235 1858 3274 maJorem
1881 3233 1957 3265 anni
1974 3235 2096 3274 partem
2113 3232 2202 3263 domi
2219 3233 2279 3263 tra·

1254 3284 1428 3316 duxerunt.
1444 3283 1530 3320 Quin
1547 3281 1618 3313 aliis
1633 3290 1651 3313 e
1677 3281 1807 3322 publico
1822 3281 2004 3312 commodis
2018 3279 2221 3320 gaudebant,
2242 3280 2278 3310 ut

1255 3330 1432 3372 Hyperides
1459 3331 1597 3361 testatur
1628 3329 1659 3359 in
1682 3328 1827 3360 oratione
1850 3330 1963 3360 contra
1991 3325 2276 3359 Archestratidam.

1254 3378 1355 3411 Par-ali
1374 3377 1479 3409 herois
1493 3376 1639 3408 meminit
1657 3375 1853 3417 Phylarchus
1872 3383 2002 3416 quoque
2024 3373 2107 3406 libro
2122 3373 2228 3415 primo
2245 3372 2278 3404 et

1229 3445 1233 3453 ·
1255 3425 1419 3466 vigesimo.
