2294 3704
126 196 291 223 LXXVIII

125 271 262 326 ρενίκης
289 271 450 315 τελευτῆς
480 268 539 306 καὶ
570 266 634 310 ἕως
665 270 725 305 τοῦ
757 265 906 304 θανάτου
929 265 1144 318 Κλεωνύμου

126 331 227 381 (scr.
258 326 505 378 Κλεομένους)
541 328 601 364 τοῦ
638 323 943 375 Λακεδαιμονίου,
980 326 1148 378 ἐπιστρα-

126 386 311 429 τεύσαντος
349 386 442 437 αὐτῷ
473 380 665 433 Ἀντιγόνου
678 395 686 403 ·
710 380 754 419 τὰ
780 380 870 420 κατὰ
885 380 943 420 τὸν
970 381 1149 435 Ἀντίοχον

127 444 188 484 καὶ
208 443 266 482 τὸν
284 440 516 496 Περγαμηνὸν
534 438 695 491 Εὐμένη·
716 439 885 491 ἐπιτομὴν
904 440 1052 491 μυθικὴν
1071 440 1149 494 περὶ

128 506 190 550 τῆς
203 506 262 541 τοῦ
277 501 357 545 Διὸς
371 499 586 553 ἐπιφανείας·
597 498 656 536 καὶ
677 497 881 552 εὑρημάτων
891 499 1147 553 παρεμὸάσεων

131 560 250 614 βιὸλία
270 559 300 597 θ’
326 558 384 597 καὶ
404 558 494 596 ἄλλα
522 557 612 596 τινά.

181 623 236 658 Ut
247 618 442 656 ordiamur
461 630 482 654 a
498 616 703 667 Phylarchi
716 616 887 663 nomine,
907 615 947 654 id
962 616 1065 667 apud
1081 619 1152 653 Po-

127 677 273 728 lybium
286 706 296 723 ,
317 676 564 723 Athenaeum,
590 674 833 713 Plutarchum
851 682 890 711 et
907 675 1000 713 alios
1025 675 1149 712 inter-

130 737 223 774 dum
252 734 502 784 depravatum
523 741 581 771 est
613 733 654 770 in
682 733 913 770 philarchas.
946 733 1020 771 Sed
1047 732 1151 784 apud

129 793 333 843 Polybium
356 801 394 830 et
413 792 637 830 Athenaeum
661 791 799 842 optimi
822 791 973 829 codices
996 800 1152 830 tuentur

129 854 380 899 Phylarchum
406 853 469 904 (cf.
494 852 829 902 Schweighaeuser.
862 851 909 888 ad
932 851 1065 901 Polyb.
1095 855 1152 897 II,

131 912 195 959 56,
215 911 262 949 ad
276 911 417 949 Athen.
432 913 506 958 VI,
525 924 563 961 p.
589 911 686 958 255,
703 913 751 956 F;
770 909 887 956 XIII,
909 924 946 961 p.
968 911 1056 952 606,
1081 913 1153 958 1));

130 970 234 1021 apud
255 970 500 1007 Plutarchum
522 969 679 1020 quidem
707 972 764 1006 De
782 972 831 1006 Is.
849 978 887 1006 et
906 970 1007 1007 Osir.
1038 982 1087 1018 29
1117 977 1155 1006 et

129 1032 213 1068 Utr.
233 1028 336 1066 bello
357 1042 405 1066 an
422 1028 544 1066 doctr.
566 1028 655 1067 clar.
677 1028 818 1065 fuerint
831 1028 921 1064 Ath.
952 1028 1053 1075 init.‚
1075 1027 1156 1064 sine

131 1089 233 1141 ulla*
246 1087 432 1125 varietate
470 1085 677 1124 exhibetur
710 1086 952 1134 Philarchus,
987 1094 1155 1123 attamen

133 1139 253 1198 quum
277 1154 314 1184 et
333 1146 473 1183 horum
497 1146 670 1183 locorum
691 1145 791 1182 ratio
813 1144 969 1182 suadeat
986 1153 1030 1181 ut
1051 1144 1157 1193 Phy-

131 1206 307 1244 larchum
331 1205 599 1255 intelligamus,
626 1212 665 1241 et
681 1203 772 1240 alias
796 1202 897 1240 istud
930 1215 1071 1240 nomen
1100 1202 1159 1239 vi-

135 1266 293 1304 deamus
324 1264 601 1315 depravatione
634 1263 672 1300 in
707 1270 928 1299 contextum
963 1262 1158 1299 invectum

135 1337 240 1369 esse,
263 1336 343 1360 non
371 1321 555 1359 debemus
578 1334 665 1359 cum
695 1320 995 1370 Wyttenbachio
1017 1319 1158 1364 facere,

134 1383 203 1434 qui
213 1381 459 1420 Philarchum
479 1394 500 1417 a
520 1379 734 1430 Phylarcho
756 1378 1067 1429 distinguendum
1080 1390 1161 1415 esse

134 1448 276 1478 censet.
296 1438 505 1477 Eusebium
527 1441 650 1488 Praep.
675 1450 809 1487 evang.
842 1450 880 1487 p.
906 1436 977 1473 156
1003 1444 1041 1473 et
1068 1437 1160 1483 164,

135 1499 204 1537 ubi
226 1497 362 1536 scribit
391 1497 627 1541 Plcilarclms,
659 1508 803 1533 errasse
831 1502 1007 1544 apertum
1034 1503 1091 1531 est
1114 1507 1162 1532 ex

135 1556 393 1607 Porphyr.De
410 1554 506 1591 abst.
523 1568 556 1591 c.
571 1554 634 1601 56,
652 1566 766 1603 quem
783 1552 855 1590 iste
876 1552 1014 1590 ducem
1033 1552 1160 1590 habet.

189 1619 373 1664 Quaenam
392 1614 441 1651 sit
458 1613 664 1662 Phylarchi
685 1612 826 1663 patria,
847 1619 978 1649 utrum
993 1612 1163 1660 Athenae,

136 1690 185 1714 an
203 1675 406 1713 Naucratis
430 1673 582 1725 (eodem
609 1672 729 1720 redit,
749 1672 854 1723 quod
875 1672 1078 1723 AEgyptius
1099 1672 1161 1710 di-

136 1734 271 1785 citur),
291 1747 339 1770 an
357 1733 514 1782 Sicyon,
529 1732 569 1768 in
589 1730 708 1768 dubio
729 1739 800 1779 est,
818 1739 859 1767 ut
878 1738 1064 1769 testantur
1078 1732 1164 1770 Sui-

137 1793 204 1831 das
223 1801 261 1830 et
279 1791 469 1836 Eudocia3
497 1790 695 1840 paululum
724 1798 850 1827 tamen
871 1789 952 1827 haec
973 1790 1164 1828 dubitatio

137 1853 310 1890 elevatur
329 1850 506 1889 Athenaei
522 1849 771 1896 auctoritate,
791 1849 857 1899 qui
874 1851 931 1899 11,
958 1848 1021 1896 51,
1043 1863 1080 1901 p.
1099 1851 1163 1900 58,

138 1914 181 1958 C,
206 1911 301 1948 dicit
331 1924 340 1949 ε
370 1908 561 1962 Φύλαρχος
576 1907 754 1955 Ἀθηναῖος
781 1906 804 1954 ἢ
836 1908 1098 1960 Ναυκρατίτης,
1123 1918 1166 1947 ut

137 1970 291 2008 nonnisi
309 1970 410 2007 inter
428 1968 522 2005 duas
541 1966 678 2014 urbes,
693 1967 864 2005 Athenas
878 1975 916 2004 et
934 1969 1143 2005 Naucratin
1155 1997 1165 2015 ,

140 2031 250 2082 optio
274 2030 532 2079 relinquatur·‚
553 2041 672 2078 quare
685 2040 764 2064 non
780 2027 1008 2064 assentimur
1020 2028 1167 2065 Briick-

139 2102 234 2127 nero
245 2119 255 2137 ,
271 2087 528 2138 Phylarchum
545 2086 755 2137 suspicanti
776 2085 823 2123 ad
842 2099 907 2124 eos
923 2086 1168 2124 referendum

141 2161 245 2194 esse,
265 2160 363 2197 quos
382 2146 602 2184 consociata
629 2145 794 2194 Sicyone
824 2158 911 2182 cum
940 2145 1168 2183 Achaeorum

142 2206 286 2244 foedere
305 2205 461 2243 cessisse
480 2204 577 2242 urbe
594 2217 662 2241 sua
678 2202 862 2241 credibile
878 2204 945 2250 sit,
966 2203 1047 2242 sive
1063 2204 1167 2254 quod

142 2265 350 2303 Dorienses
370 2263 514 2300 nollent
534 2263 666 2300 iisdem
681 2275 767 2299 cum
788 2262 934 2300 Achaeis
950 2262 1098 2313 legibus
1113 2263 1169 2300 uti

144 2323 225 2361 sive
244 2323 318 2360 alia
337 2335 566 2372 quacunque
586 2321 632 2358 de
654 2334 788 2368 causa3
816 2322 918 2359 unde
946 2321 1021 2358 dici
1049 2322 1170 2372 possit

145 2383 339 2434 refugium
356 2382 575 2432 quaesivisse
595 2381 758 2419 Athenis
778 2389 815 2418 et
835 2381 894 2418 his
914 2394 1070 2432 quoque
1096 2381 1169 2419 ad-

140 2441 286 2492 junctis
297 2440 470 2479 societati
483 2440 723 2484 Achaeorum,
737 2439 920 2477 Naucrati
935 2440 974 2476 in
988 2443 1169 2490 AEgypto.

145 2501 307 2540 Videtur
335 2499 570 2549 Phylarchus
602 2499 640 2535 in
674 2498 794 2535 altera
831 2498 984 2535 illarum
1017 2498 1170 2536 urbium

146 2569 261 2598 natus
288 2572 392 2609 esse,
420 2558 460 2595 in
495 2559 616 2595 altera
635 2570 811 2607 magnam
839 2558 924 2594 vitae
948 2571 1022 2595 suae
1051 2559 1172 2608 egisse

147 2626 315 2668 parterm
347 2624 404 2653 est
438 2628 533 2653 vero
568 2613 831 2665 probabilius,
867 2627 954 2651 eum
990 2617 1172 2653 Naucrati

150 2685 283 2714 natum
314 2688 396 2713 esse
428 2682 467 2712 et
495 2673 660 2711 Athenas
691 2680 827 2723 postea
849 2673 1050 2722 migrasse,
1083 2674 1173 2724 quia

149 2736 216 2772 vix
236 2743 313 2772 tam
327 2733 447 2771 libere
467 2732 514 2769 de
534 2731 690 2782 AEgypti
710 2729 864 2781 regibus
876 2729 1085 2780 judicasset
1110 2733 1171 2778 (cf.

153 2794 287 2843 fragm.
313 2791 434 2843 XLI),
458 2791 488 2829 si
515 2790 554 2828 in
575 2794 744 2842 AEgypto
765 2789 904 2839 hospes
926 2789 1110 2840 degisset,
1132 2800 1174 2828 ut

153 2852 253 2890 bene
274 2860 404 2889 monet
433 2851 628 2889 Luchtius.
656 2877 706 2885 ..-
736 2849 852 2900 Apud
878 2849 1044 2888 Plinium
1076 2851 1174 2888 Hist.

151 2915 237 2949 Nat.
254 2914 418 2957 XXXV,
440 2925 453 2947 1
467 2925 499 2957 1,
521 2917 582 2957 40,
599 2923 676 2947 non
696 2909 743 2946 de
760 2909 963 2958 Phylarchi
986 2909 1174 2956 historici,

155 2970 221 3007 sed
242 2969 289 3006 de
309 2969 481 3006 tribuum
502 2969 671 3020 praefecti
703 2968 868 3019 imagine
890 2967 950 3018 agi
967 2966 1048 3017 jam
1075 2969 1176 3005 inter

156 3042 288 3066 omnes
323 3029 512 3066 convenit.
537 3029 594 3067 Cf.
637 3028 756 3079 Sillig.
789 3028 908 3071 Catal.
943 3027 1044 3066 artif.
1079 3041 1106 3064 s.
1139 3041 1175 3064 n.

155 3087 324 3125 Athenio
342 3095 378 3123 et
397 3087 569 3126 Glaucio.

209 3148 379 3194 Tempus
394 3159 471 3194 quo
485 3145 623 3182 vixerit
639 3145 872 3194 Phylarchus
895 3145 984 3182 satis
1003 3153 1178 3182 accurate

158 3202 294 3239 definit
306 3202 489 3252 Polybius
505 3206 555 3248 II,
573 3203 618 3239 56
636 3218 645 3240 t
665 3202 768 3241 Ἐπεὶ
781 3202 818 3240 δὲ
830 3206 899 3241 τῶν
914 3201 1004 3240 κατὰ
1018 3201 1096 3245 τοὺς
1112 3204 1178 3240 αὖ-

158 3259 236 3303 τοὺς
251 3259 389 3313 καιροὺς
403 3259 533 3314 Ἀράτῳ
549 3261 770 3313 γεγραφότων
791 3262 874 3314 παρ’
891 3261 990 3305 ἐνίοις
1004 3262 1180 3314 ἀποδοχῆς

160 3318 316 3363 ἀξιοῦται
336 3318 526 3371 Φύλαρχος
546 3327 616 3356 etc.
635 3321 779 3357 Eadem
799 3321 916 3371 igitur
934 3329 1043 3359 aetate
1065 3329 1180 3370 atque

162 3382 301 3415 Aratus
334 3378 426 3414 vixit
449 3386 485 3414 et
505 3378 669 3427 scripsit.
700 3382 838 3417 Aratus
861 3388 985 3417 autem
1008 3388 1181 3418 mortuus

911 198 914 201 ⁴
967 179 1033 218 DE
1061 179 1383 221 PHYLARCHO.

1205 277 1261 306 est
1279 269 1340 307 Ol.
1365 274 1451 317 141,
1471 282 1492 306 2
1514 268 1575 319 (cf.
1595 268 1728 318 Polyb.
1749 271 1861 317 VIII,
1884 271 1944 321 14)
1966 278 2004 308 et
2020 272 2224 308 Commen-

1206 328 1322 365 tarios
1344 341 1433 366 suos
1465 328 1625 366 deduxit
1652 341 1774 378 usque
1804 329 1850 366 ad
1882 329 2036 381 Olymp.
2065 334 2138 373 140
2159 329 2221 380 (cf.

1205 386 1339 436 Polyb.
1359 390 1395 433 1,
1420 388 1464 433 33
1486 387 1551 434 IV,
1573 386 1624 437 2).

1260 445 1486 496 Composuit
1501 445 1735 495 Phylarchus
1753 445 1962 483 secundum
1982 444 2137 482 Suidam
2159 457 2226 482 sex

1207 515 1342 554 opera;
1367 504 1541 542 Eudocia
1557 504 1710 542 nonnisi
1736 513 1901 554 quatuor
1924 504 2116 550 nominat,
2137 516 2228 541 con-

1204 561 1368 613 jungens
1400 575 1485 612 quae
1522 562 1628 612 apud
1660 562 1816 600 suidam
1847 570 2021 612 separata
2052 569 2162 607 sunt;
2191 568 2230 599 et

1208 621 1281 657 alia
1314 620 1486 670 quaedam
1516 633 1597 658 esse
1627 619 1737 667 dicit,
1767 633 1851 671 quae
1871 633 1950 658 non
1982 620 2167 657 nominat.
2195 621 2231 656 A

1209 678 1412 716 scholiasta
1433 678 1472 714 in
1490 678 1580 716 AElii
1596 678 1774 715 Aristidis
1793 678 2000 716 Orationes
2018 691 2056 728 p.
2083 678 2153 714 103
2169 675 2229 714 ed.

1212 737 1416 776 Frommel.
1446 737 1507 786 (fr.
1530 736 1594 788 79)
1624 750 1723 787 opus
1746 737 1936 783 laudatur,
1967 736 2074 786 quod
2093 733 2231 774 inseri-

1212 804 1320 846 ptum
1349 803 1405 833 est
1425 794 1596 848 Ἄγραφα.
1620 796 1839 845 Principem
1860 796 1989 832 locum
2016 795 2119 831 inter
2134 793 2241 844 Phy-

1212 854 1332 891 larchi
1367 866 1485 904 opera
1519 852 1695 890 obtinent
1729 853 1809 904 ejus
1839 857 2014 890 Historiae
2045 851 2152 889 libris
2183 851 2238 888 28

1213 912 1498 963 comprehensae
1521 926 1529 948 :
1550 925 1631 949 esse
1653 911 1756 948 hunc
1788 912 1916 963 operis
1949 910 2102 948 titulum
2123 917 2236 947 testes

1214 980 1302 1009 sunt
1319 971 1526 1010 Athenaeus
1545 971 1603 1022 (fr.
1624 984 1658 1017 1,
1679 971 1715 1018 5,
1736 971 1774 1019 8,
1787 984 1825 1020 9,
1851 983 1896 1007 12
1917 968 2007 1020 etc.)
2019 977 2057 1006 et
2073 967 2237 1019 Apollo-

1214 1031 1300 1068 nius
1315 1031 1499 1080 Dyscolus
1520 1029 1578 1080 (fr.
1604 1029 1679 1080 16).
1699 1029 1855 1067 Suidam
1875 1037 1913 1066 et
1932 1027 2140 1066 Eudociam
2155 1025 2238 1064 istis

1215 1089 1343 1127 verbis
1365 1104 1373 1126 t
1394 1088 1470 1136 Τὴν
1493 1089 1551 1127 ἐπὶ
1572 1087 1839 1135 Πελοπόννησον
1869 1087 2011 1142 Πύρῤου
2030 1090 2090 1125 τοῦ
2112 1085 2239 1125 Ἠπει-

1218 1146 1328 1201 ρώτου
1348 1152 1531 1201 στρατείαν
1553 1148 1586 1185 ἐν
1610 1146 1756 1199 βιὸλίοις
1775 1146 1828 1193 κη’
1841 1158 1850 1168 ·
1873 1145 2019 1196 κατάγει
2037 1143 2074 1182 δὲ
2093 1141 2154 1182 καὶ
2175 1141 2240 1194 με’-

1217 1220 1278 1257 χρι
1307 1205 1533 1255 Πτολεμαίου
1570 1214 1642 1243 etc.
1675 1206 1830 1243 nonnisi
1864 1205 2017 1243 initium
2053 1211 2091 1241 et
2127 1203 2240 1240 finem

1219 1265 1475 1302 Historiarum
1491 1265 1680 1312 indicare,
1695 1264 1783 1315 jure
1803 1264 1991 1302 affirmant
2001 1261 2187 1301 Luchtius
2203 1269 2242 1298 et

1219 1324 1472 1360 Briicknerus.
1496 1323 1667 1370 Etenim,
1688 1336 1773 1374 quae
1793 1323 1841 1360 ab
1866 1323 2053 1360 Athenaeo
2076 1334 2125 1358 ex
2140 1319 2242 1358 libro

1220 1381 1401 1418 vicesimo
1416 1381 1550 1431 quinto
1564 1382 1779 1419 afferuntur
1799 1381 1860 1432 (fr.
1877 1386 1940 1428 44,
1960 1380 2023 1429 45)
2038 1409 2048 1428 ,
2068 1379 2116 1417 ad
2131 1379 2243 1417 Cleo-

1221 1453 1368 1478 menem
1391 1440 1603 1490 pertinent,
1627 1448 1665 1478 et
1685 1453 1769 1490 quae
1788 1440 1891 1477 idem
1912 1453 1961 1477 ex
1981 1438 2083 1476 libro
2103 1437 2244 1475 vicesi-

1223 1512 1285 1536 mo
1317 1507 1454 1536 octavo
1478 1498 1646 1536 servavit
1675 1498 1721 1536 de
1747 1497 2036 1549 Apollophane,
2063 1495 2244 1546 Antigoni

1222 1559 1440 1606 adulatore,
1472 1566 1682 1596 memorata
1711 1571 1792 1595 esse
1812 1556 2015 1608 cogitanda
2043 1563 2150 1604 sunt,
2176 1554 2244 1592 ubi

1223 1618 1271 1656 de
1282 1618 1444 1655 victoria
1467 1617 1514 1654 ad
1541 1617 1737 1656 Sellasiam
1757 1616 1974 1667 expositum
2000 1623 2058 1653 est
2081 1613 2141 1665 (fr.
2167 1612 2244 1664 46).

1224 1677 1381 1714 Initium
1406 1675 1584 1713 habuisse
1605 1688 1703 1725 opus
1721 1688 1742 1712 a
1758 1675 1898 1724 Pyrrhi
1929 1673 2175 1724 expeditione
2205 1672 2245 1710 in

1223 1736 1528 1787 Peloponnesum
1540 1764 1550 1782 ,
1567 1735 1658 1785 ipsis
1686 1734 1906 1784 fragmentis
1931 1732 2149 1771 confirmari
2166 1745 2246 1769 non

1225 1802 1370 1844 potest,
1391 1806 1511 1844 quum
1535 1794 1791 1844 fragmentum
1804 1822 1814 1841 ,
1837 1792 1942 1843 quod
1963 1791 2012 1829 ad
2030 1791 2134 1828 illam
2154 1803 2245 1841 per-

1226 1855 1320 1892 tinet
1342 1852 1444 1904 (47),
1462 1852 1550 1890 libri
1567 1861 1699 1890 notam
1718 1866 1795 1890 non
1815 1852 1972 1897 habeat3
1991 1852 2069 1888 imo
2089 1863 2138 1887 ex
2154 1849 2246 1887 libri

1228 1912 1328 1950 tertii
1341 1912 1553 1962 fragmento
1569 1911 1649 1963 (1),
1670 1925 1748 1961 quo
1763 1911 1811 1948 de
1823 1910 1987 1948 Patrocli
2002 1908 2246 1960 expeditione

1227 1972 1265 2009 in
1294 1971 1484 2008 Graeciam
1530 1970 1669 2020 agitur,
1705 1969 1902 2019 collegeris
1938 1967 2194 2017 Phylarchum
2226 1979 2249 2003 a

1226 2029 1420 2080 prioribus
1436 2028 1674 2079 temporibus
1693 2041 1873 2065 exorsum
1891 2040 1990 2074 esse,
2012 2026 2072 2063 vel
2092 2025 2141 2063 ab
2160 2025 2250 2063 Ale-

1228 2087 1364 2126 xandri
1386 2090 1436 2125 M.
1457 2100 1575 2137 regno
1597 2087 1658 2133 (cf.
1684 2087 1729 2123 fr.
1759 2085 1843 2137 42),
1865 2093 1909 2123 ut
1930 2084 2063 2122 statuit
2091 2083 2250 2121 Sevinus

1230 2146 1364 2198 (Me'm.
1396 2147 1443 2182 de
1462 2147 1611 2182 I'Acad.
1646 2153 1735 2182 tom.
1767 2147 1883 2191 VIII,
1912 2157 1951 2194 p.
1979 2141 2086 2192 121),
2113 2142 2175 2179 vel
2201 2140 2250 2178 ab

1228 2203 1436 2242 Alexandri
1470 2212 1616 2251 morte,
1647 2217 1731 2253 quae
1765 2210 1822 2240 est
1856 2201 2028 2239 Schoellii
2063 2200 2251 2238 sententia

1229 2264 1338 2316 (Hist.
1354 2265 1427 2302 Lit.
1450 2267 1518 2301 Gr.
1538 2272 1629 2302 tom.
1654 2267 1712 2311 II,
1729 2277 1766 2314 p.
1792 2263 1897 2312 133);
1918 2262 1984 2299 sed
1998 2275 2045 2298 ex
2060 2261 2252 2310 fragmen-

1230 2323 1277 2360 tis
1293 2323 1485 2369 videmus,
1507 2321 1554 2360 de
1576 2323 1692 2360 rebus
1720 2335 1805 2373 quae
1824 2330 1910 2358 ante
1932 2320 2070 2371 Pyrrhi
2087 2319 2250 2370 expedi-

1232 2381 1375 2418 tionem
1403 2389 1518 2431 gestae
1539 2389 1629 2418 sunt
1650 2381 1906 2431 Phylarchum
1939 2379 2070 2417 fecisse
2100 2378 2250 2428 digres-

1231 2438 1357 2476 siones
1377 2439 1416 2476 in
1436 2437 1563 2485 libris,
1582 2439 1622 2477 in
1650 2438 1789 2489 quibus
1813 2446 1987 2488 tempora
2005 2437 2108 2474 illam
2129 2448 2251 2486 expe-

1231 2498 1415 2536 ditionem
1435 2497 1705 2548 subsequentia
1730 2505 1891 2535 tractata
1909 2509 1990 2533 esse
2014 2503 2161 2533 certum
2174 2502 2251 2540 est;

1231 2558 1285 2595 sic
1324 2558 1371 2595 de
1413 2559 1608 2595 Demetrio
1639 2558 1857 2596 Poliorcete
1887 2555 1994 2594 libris
2031 2555 2181 2592 decimo
2214 2561 2254 2591 et

1233 2617 1382 2654 decimo
1413 2625 1551 2666 quarto
1581 2618 1661 2668 (20,
1691 2615 1779 2667 29),
1815 2615 1863 2653 de
1890 2614 2098 2653 Alexandri
2119 2613 2254 2651 amicis

1232 2674 1332 2712 libro
1357 2674 1541 2712 vicesimo
1568 2675 1693 2712 tertio.
1716 2674 1840 2712 Facile
1873 2673 1989 2724 igitur
2022 2670 2254 2710 concesseris

1233 2733 1346 2770 etiam
1361 2733 1408 2770 de
1423 2734 1599 2770 Patroclo
1614 2733 1890 2784 digressionem
1904 2732 2041 2768 factam
2057 2743 2138 2768 esse
2152 2729 2253 2767 libro

1234 2792 1359 2829 tertio.
1380 2814 1432 2820 —
1449 2795 1504 2829 De
1520 2792 1646 2843 operis
1660 2792 1821 2829 consilio
1830 2790 1997 2841 judicari
2011 2789 2144 2839 nequit
2162 2801 2254 2838 pro—

1234 2859 1320 2901 pter
1339 2851 1638 2901 fragmentorum
1659 2864 1744 2901 qnae
1763 2850 1892 2887 relicta
1915 2856 2004 2886 sunt
2022 2847 2254 2899 paucitatem

1234 2916 1272 2946 ct
1301 2909 1487 2945 rationem
1513 2923 1521 2946 ε
1547 2917 1635 2946 sunt
1674 2908 1775 2945 enim
1809 2920 1947 2956 magna
1977 2919 2024 2943 ex
2059 2913 2168 2956 parte
2201 2905 2255 2941 ita

1235 2975 1519 3016 comparata,ut
1535 2980 1620 3016 quae
1636 2967 1682 3003 iis
1700 2966 1944 3003 continentur
1962 2963 2054 3002 κατὰ
2071 2961 2254 3016 παρέκὸα-

1236 3039 1289 3061 σιν
1317 3032 1524 3061 memorata
1553 3037 1633 3061 esse
1651 3023 1862 3060 videantur.
1883 3022 1956 3060 Sed
1975 3021 2014 3059 id
2036 3021 2126 3058 satis
2143 3033 2191 3057 ex
2210 3020 2255 3056 iis

1236 3082 1473 3132 intelligitur,
1502 3095 1580 3119 non
1603 3081 1719 3118 modo
1749 3080 1904 3118 Graeciae
1929 3087 1968 3117 et
1997 3077 2255 3124 Macedoniae,

1237 3141 1300 3185 sed
1320 3142 1434 3178 etiam
1455 3141 1573 3190 Syriae
1588 3139 1641 3192 (7,
1665 3142 1723 3186 18,
1746 3141 1808 3186 23,
1831 3140 1895 3186 30,
1911 3139 1973 3181 31,
1996 3137 2079 3186 38),
2098 3137 2255 3187 AEgypti

1238 3201 1319 3251 (24,
1343 3199 1427 3250 27),
1445 3203 1611 3248 Cyrenes
1631 3200 1708 3249 (14,
1731 3198 1810 3247 15),
1828 3198 2045 3234 Galatarum
2062 3197 2096 3246 (ι
2109 3197 2143 3245 ι)
2161 3196 2255 3232 alia-

1238 3271 1399 3309 rumque
1416 3258 1612 3295 civitatum
1625 3287 1635 3303 ,
1658 3270 1743 3307 quae
1759 3265 1839 3292 tum
1859 3255 2044 3305 temporis
2065 3253 2254 3291 florebant

1239 3317 1321 3370 (ιο,
1357 3331 1416 3366 19,
1446 3329 1506 3362 2ο,
1526 3317 1588 3363 32,
1613 3315 1676 3366 43)
1703 3314 1900 3351 historiam
1919 3312 2132 3364 expositam
2152 3323 2254 3360 esse;

1240 3377 1279 3414 in
1299 3376 1454 3413 Graeciae
1472 3388 1564 3413 vero
1582 3373 1742 3411 historia
1769 3385 1903 3422 magna
1926 3385 2010 3408 cum
2029 3383 2118 3408 cura
2137 3373 2255 3406 Lace-
