2320 3684
877 158 1070 197 EPHORI
1098 158 1428 198 FRAGMENTA.

92 248 254 285 tradunt.
278 246 333 285 Cf.
349 246 520 284 Eustath.
541 246 589 284 ad
617 245 774 295 Dionys.
797 257 851 281 v5.
869 243 958 290 510,
985 244 1112 282 Schol.

93 305 219 356 Apoll.
233 305 304 343 Rh.
322 305 468 353 1‚1023
486 311 524 342 et
540 306 604 349 IV,
624 304 723 347 1134
743 315 821 352 seq.

146 364 382 414 Stephanus.
402 361 562 405 Ἱστίαια,
581 359 681 404 πόλις
696 359 861 408 Εὗὸοίας,
876 359 1056 412 “On-apoc·
1079 388 1112 398 ...

90 421 355 475 πολυστάφυλόν
384 420 416 459 θ’
440 419 607 459 Ἱστίαιαν
631 420 689 471 (Il.
728 422 771 467 B,
800 417 972 470 135).‘H
938 417 1034 457 Ηδὲ
1059 418 1116 456 διὰ

89 483 152 519 τοῦ
176 497 187 518 ι
210 478 346 526 Ἰωνικὴ
366 477 483 532 γραφή
518 479 604 516 ἐστι.
625 479 697 516 Νῦν
724 475 760 514 δὲ
779 478 938 515 καλεῖται
955 474 1113 530 Ὠρεπός.

91 538 291 584 (Οπολίτης
302 535 496 581 Ἱστιαιεύς.
513 535 666 590 Ἔφορος
682 535 718 573 δὲ
735 535 775 574 τὸ
791 535 923 574 ἐθνικὸν
939 533 1115 578 Ἑστιαῖός

90 613 188 651 φησι.
209 597 263 636 Cf.
282 595 507 635 Strabonem
525 598 577 644 X,
612 609 650 646 p.
685 595 775 644 683,
795 603 833 632 et
852 598 1013 633 Pausan.
1029 597 1115 641 VII,

91 659 155 704 26,
171 669 207 707 p.
231 656 305 693 336
321 658 406 694 Fac.

567 712 629 751 70.

146 772 285 812 Strabo
311 775 382 819 IX,
408 785 446 823 p.
478 772 554 817 646
571 787 579 810 :
599 769 752 825 Ἔφορος
784 770 828 819 δ’,
847 764 876 824 ᾧ
895 770 935 809 τὸ
951 772 1115 810 πλεῖστον

90 829 350 886 προσχρώμεθα
369 829 426 868 διὰ
450 828 513 877 τὴν
532 829 611 883 περὶ
635 833 747 868 ταῦτα
769 827 984 880 ἐπιμέλειαν,
1003 830 1116 869 καθά-

90 906 157 944 περ
178 889 237 928 καὶ
255 886 428 932 Πολύὸιος
448 890 632 942 μαρτυρῶν
653 886 838 940 τυγχάνει,
859 886 948 941 ἀνὴρ
977 887 1117 933 ἀξιόλο-

90 964 167 1001 γος,
187 949 279 987 δοκεῖ
299 962 359 998 μοι
373 946 541 985 τάναντία
559 953 667 985 ποιεῖν
688 945 759 984 ἔσθ’
777 945 833 984 ὅτε
852 949 896 998 τῇ
915 947 1117 1002 προαιρέσει

90 1007 151 1047 καὶ
167 1012 242 1051 ταῖς
259 1005 293 1051 ἐξ
309 1007 420 1059 ἀρχῆς
433 1005 676 1058 ὑποσχέσεσιν.
696 1004 934 1055 Ἐπιτιμήσας
947 1010 1029 1058 γοῦν
1047 1013 1118 1052 τοῖς

92 1069 336 1121 φιλομυθοῦσιν
356 1066 390 1103 ἐν
404 1068 447 1118 τῇ
463 1067 524 1112 τῆς
541 1065 694 1119 ἱστορίας
710 1067 849 1118 γραφῇ,
866 1065 927 1103 καὶ
945 1065 1008 1113 τὴν
1029 1066 1118 1114 ἀλή-

90 1128 186 1165 θειαν
207 1123 413 1170 ἐπαινέσας,
440 1123 649 1178 προστίθησι
676 1125 726 1176 τῷ
751 1122 833 1175 περὶ
859 1127 921 1161 τοῦ
954 1124 1116 1175 μαντείου

90 1183 213 1222 τούτου
228 1182 322 1236 λόγῳ
338 1182 467 1234 σεμνήν
483 1197 562 1221 τινα
579 1181 780 1234 ὑπόσχεσιν,
796 1185 842 1225 ὣς
854 1187 1036 1235 πανταχοῦ
1055 1183 1116 1234 μὲν

92 1244 232 1298 ἄριστον
256 1243 388 1294 νομίζει
414 1242 584 1292 τάληθὲς,
606 1242 761 1294 μάλιστα
780 1242 817 1282 δὲ
835 1242 927 1282 κατὰ
945 1243 1007 1291 τὴν
1027 1244 1118 1283 ὑπό-

92 1305 185 1341 θεσιν
204 1301 347 1349 ταύτην.
370 1301 516 1340 Ἄτοπον
547 1300 636 1354 γὰρ,
663 1303 692 1340 εἷ
719 1302 801 1356 περὶ
827 1301 890 1352 μὲν
910 1305 978 1340 τῶν
1002 1302 1117 1341 ἄλλων

92 1361 146 1399 ἀεὶ
160 1361 219 1399 τὸν
233 1363 386 1399 τοιοῦτον
408 1359 534 1413 τρόπον
570 1359 752 1411 διώκομεν,
777 1360 881 1414 φησὶ,
901 1361 981 1415 περὶ
999 1360 1035 1399 δὲ
1057 1364 1117 1399 τοῦ

93 1419 258 1471 μαντείου
290 1417 449 1471 λέγοντες
462 1449 472 1467 ,
507 1417 526 1457 ὃ
554 1417 695 1457 πάντων
730 1419 823 1458 ἐστὶν
848 1418 1116 1472 ἀψευδέστατον,

90 1484 162 1523 τοῖς
190 1477 299 1521 οὕτως
325 1477 484 1521 ἀπίστοις
508 1477 567 1516 καὶ
587 1477 728 1531 ψεύδεσι
758 1477 963 1531 χρησόμεθα
993 1478 1117 1529 λόγοις.

91 1539 217 1576 Ταῦτα
233 1537 263 1575 δ’
277 1535 396 1582 εἰπὼν,
419 1535 574 1590 ἐπιφέρει
605 1539 826 1589 παραχρῆμα
839 1567 849 1585 ,
877 1535 931 1574 ὅτι
953 1538 1118 1588 ὑπολαμ-

92 1595 238 1634 6άνουσι
258 1594 522 1633 κατασκευάσαι
546 1594 585 1633 τὸ
610 1601 771 1646 μαντεῖον
798 1594 1002 1634 Ἀπόλλωνα
1030 1595 1118 1646 μετὰ

91 1654 244 1706 Θέμιδος
258 1685 269 1703 ,
289 1655 470 1708 ὠφελῆσαι
490 1653 699 1706 βουλόμενον
715 1653 755 1692 τὸ
770 1652 868 1706 γένος
892 1656 1005 1705 ἡμῶν.
1028 1648 1119 1693 Εἶτα

90 1712 154 1760 τὴν
172 1711 342 1767 ὠφέλειαν
363 1711 484 1761 εἰπὼν,
503 1711 557 1751 δ’τι
577 1714 623 1756 εἷς
647 1712 849 1766 ἡμερότητα
868 1714 1118 1766 προύκαλεῖτο,

89 1772 150 1811 καὶ
170 1771 378 1826 ἐσωφρόνιζε
409 1777 480 1815 τοῖς
502 1770 566 1823 μὲν
591 1771 875 1825 χρηστηριάζων,
896 1771 956 1809 καὶ
982 1770 1025 1811 τὰ
1055 1771 1117 1823 μὲν

87 1830 328 1884 προστάττων,
362 1828 407 1869 τὰ
442 1830 472 1868 δ’
501 1830 740 1884 ἀπαγορεύων,
775 1829 854 1874 τους
887 1830 916 1868 8’
935 1831 1007 1869 οὐδ’
1031 1830 1120 1875 ὅλως

87 1888 322 1942 προσιέμενος.
341 1891 466 1928 Ταῦτα
484 1888 520 1927 δὲ
545 1890 685 1928 διοικεῖν
701 1889 893 1941 νομίζουσι,
914 1890 1031 1943 φησιν,
1053 1892 1118 1928 αὒ-

89 1948 164 1998 τὸν,
183 1950 214 1987 οἱ
235 1947 299 1999 μὲν
322 1947 424 1987 αὐτὸν
447 1947 505 1987 τὸν
523 1947 598 1987 Θεὸν
626 1949 846 2000 σωματοειδη
872 1948 1064 2000 γινόμενον,
1087 1951 1118 1987 οἳ

89 2007 120 2045 δ’
141 2005 371 2060 ἀνθρώποις”
352 2022 484 2045 εννοιαν
505 2007 744 2061 παραδιδόντα
762 2011 825 2054 τῆς
844 2010 967 2046 ἑαυτοῦ
991 2007 1113 2060 βουλή-

88 2081 188 2108 σεως.
211 2063 367 2109 ζΥποὸιιις
394 2064 453 2114 δὲ,
481 2066 562 2119 περὶ
591 2068 661 2104 τῶν
697 2067 857 2120 Δελφῶν,
888 2065 1009 2110 οἵτινές
1030 2068 1117 2115 εἶσι,

130 2226 274 2265 Histiaea,
292 2226 371 2259 urbs
383 2226 529 2267 Euboeae,
547 2226 587 2259 de
598 2236 663 2268 qua
679 2229 857 2260 Homerus:
872 2228 1021 2260 «multas
1033 2237 1116 2261 uvas

87 2274 260 2306 habentem
284 2274 574 2306 Histiaeam.10nes
601 2274 687 2306 enim
712 2283 769 2315 per
787 2276 799 2306 i
813 2284 928 2307 vocem
954 2275 1113 2308 scribunt.

87 2322 182 2354 Nunc
197 2321 289 2353 audit
303 2323 439 2361 Orepus.
453 2320 544 2353 Civis
560 2321 726 2354 Histiaeus.
744 2322 894 2363 Ephorus
906 2331 984 2355 vero
999 2323 1116 2364 gentile

87 2369 289 2402 Hestiaeus»
310 2376 381 2400 esse
395 2367 483 2400 dicit.

128 2461 291 2503 Ephorus,
306 2471 372 2503 quo
386 2461 562 2503 plurimum
579 2462 703 2494 utimur
725 2463 768 2495 oh
784 2463 1006 2505 diligentiam'
998 2473 1032 2495 m
1048 2464 1116 2496 tali-

88 2509 151 2541 bus
165 2509 262 2542 rebus
280 2510 391 2550 (quam
409 2511 440 2541 et
456 2509 611 2550 Polybius
625 2512 781 2550 testatur,
801 2511 853 2543 vir
868 2519 994 2552 magnae
1006 2514 1115 2543 aueto-

87 2557 203 2598 ritatis)
213 2580 222 2596 ,
232 2556 360 2589 videtur
374 2556 454 2588 mihi
470 2566 704 2598 nonnunquam
721 2559 921 2591 contrarium
933 2559 1004 2602 ejus
1012 2559 1115 2592 facere

85 2603 172 2644 quod
187 2603 228 2635 ab
238 2603 331 2636 initio
345 2603 532 2637 instituerat
542 2613 579 2636 ac
594 2605 797 2646 piomiserat.
812 2608 921 2644 Quum
934 2606 1019 2638 enim
1031 2607 1114 2639 inse·

85 2653 191 2684 ctatus
203 2653 288 2693 esset
303 2660 371 2691 eos,
388 2653 445 2693 qui
456 2653 490 2684 in
506 2653 680 2695 scriptione
693 2654 839 2687 historiae
849 2654 967 2686 fabulis
977 2654 1115 2695 gaudent

14 2688 21 2730 ³,
85 2690 324 2738 admiscendis,
346 2700 581 2740 veritatemque
602 2700 753 2733 laudibus
777 2701 957 2740 evexisset‚
974 2701 1115 2733 sermoni

86 2745 126 2779 de
138 2747 294 2787 Delphico
314 2747 444 2778 oraculo
457 2747 657 2801 promissum
666 2748 776 2788 adjicit
789 2748 955 2788 gravitatis
969 2748 1112 2789 plenum,

15 2791 27 2828 .’
86 2802 121 2826 55
133 2802 235 2834 quum
249 2793 328 2826 alias
341 2794 510 2827 veritatem
526 2795 659 2827 maximi
674 2796 798 2835 facere,
816 2798 888 2827 tum
903 2795 955 2828 vel
970 2796 1115 2850 apprime

22 2847 24 2883 j
85 2838 119 2871 in
133 2839 195 2872 hoc
209 2842 410 2881 argumento.
428 2840 612 2873 Absurdum
625 2842 711 2874 enim
739 2844 799 2881 est,
817 2842 935 2883 inquit,
954 2842 982 2874 si
998 2843 1113 2874 verita-

0 2916 79 3112 b

85 2888 151 2919 tem
172 2887 269 2920 aliis·
260 2896 293 2919 ιιι
312 2887 408 2920 rebus
424 2890 606 2928 sectantes,
622 2889 662 2921 de
677 2889 808 2921 oraculo
827 2889 945 2921 dicturi
966 2889 1113 2921 omnium

86 2933 303 2970 veracissimo,
320 2934 366 2966 ita
378 2912 621 2968 incredibilibus
634 2938 667 2969 et
681 2936 772 2968 salsis
784 2937 916 2968 utamur
927 2936 1114 2968 narrationi·

88 2978 160 3012 bus.
175 2980 234 3012 His
249 2981 360 3013 statim
377 2981 518 3022 subjicit,
535 2983 722 3023 opinionem
738 2986 901 3024 leceptam
917 2992 1000 3023 esse,
1016 2983 1113 3024 Apol-

90 3025 189 3058 linem
212 3035 288 3059 cum
312 3027 466 3060 Themide
484 3029 652 3061 oraculum
677 3030 765 3063 istud
785 3030 987 3070 condidisse,
1010 3040 1111 3071 quum

85 3070 236 3114 prodesse
247 3077 359 3106 nostro
372 3075 479 3115 generi
494 3075 607 3108 vellet:
617 3076 734 3109 deinde
743 3077 918 3110 utilitatem
934 3079 1109 3119 exprimit:

85 3128 200 3162 nempe
221 3130 296 3153 eum
320 3122 469 3154 homines
493 3123 534 3155 ad
556 3125 840 3157 mansuetudinem
863 3127 896 3157 et
919 3125 1110 3157 modestiam

22 3179 33 3214 ⁴:
85 3175 288 3208 provocasse,
302 3169 381 3201 dum
397 3169 469 3202 aliis
481 3171 612 3203 oracula
626 3171 727 3204 edens
740 3172 792 3204 vel
809 3172 975 3204 mandaret
988 3172 1111 3213 aliquid

33 3231 35 3233 -
86 3213 138 3246 vel
151 3215 366 3255 interdiceret,
380 3216 459 3248 alios
473 3219 606 3250 omnino
621 3220 752 3252 arceret.
768 3221 856 3258 Haec,
871 3220 988 3260 inquit,
1003 3219 1110 3260 ipsum

86 3262 220 3293 censent
231 3261 334 3294 facere
350 3263 403 3294 alii
416 3272 550 3305 corpore
559 3265 730 3305 adsumto,
743 3266 810 3306 alii,
821 3267 909 3307 quod
923 3266 1112 3298 hominibus

85 3315 154 3340 euae
160 3309 337 3343 voluntatis
343 3312 492 3344 notitiam
500 3313 634 3346 inderet
644 3316 836 3356 Progressus
844 3315 960 3347 deinde
968 3323 1018 3354 eo,
1030 3317 1066 3346 ut
1072 3315 1113 3346 de

86 3354 219 3399 Delphis
230 3356 421 3399 disputaret,
437 3359 571 3400 quinam
585 3361 609 3394 ιι
625 3363 746 3403 essent,
759 3362 814 3402 ait,
828 3362 999 3395 Parnasius
1012 3370 1111 3402 quos-

2122 169 2197 202 255

1174 245 1433 296 διαλεγόμενος,
1453 245 1538 299 φησὶ
1557 243 1597 284 τὸ
1615 245 1764 284 παλαιὸν
1783 246 2005 299 Παρνασίους
2023 247 2117 292 τινὰς
2136 250 2198 287 αὔ-

1173 302 1338 355 τόχθονας
1361 304 1597 356 καλουμένους
1621 306 1725 343 οἰκεῖν
1748 304 1808 343 τὸν
1835 305 2041 358 Παρνασόν·
2068 308 2146 345 καθ’
2160 307 2197 346 ὃν

1174 360 1298 412 χρόνον
1332 362 1390 400 τὸν
1427 363 1648 412 Ἀπόλλωνα,
1679 362 1743 411 τὴν
1774 366 1839 415 γῆν
1865 362 2007 402 ἐπιόντα
2017 368 2197 419 ,ἡμεροῦν
2227 363 2228 366 “

1174 418 1253 463 τους
1272 420 1471 474 ἀνθρώπους
1499 421 1569 460 ἀπό
1587 438 1624 460 τε
1652 438 1721 461 των
1753 421 1936 477 ἀνημέρων
1967 425 2111 476 καρπῶν
2139 424 2200 462 καὶ

1174 479 1242 514 τῶν
1263 476 1360 528 βίων,
1375 479 1410 523 ἐξ
1429 480 1580 527 Ἀθηνῶν
1598 481 1627 518 8⁷
1642 480 1867 535 ὁρμηθέντα’
1852 481 1908 519 επὶ
1925 480 2097 535 Δελφους,
2115 482 2202 520 ταύ-

1174 550 1237 582 την
1253 534 1340 573 ἷέναι
1355 535 1418 583 τὴν
1436 537 1526 585 ὁδὸν,
1546 542 1568 589 ᾖ
1589 543 1648 576 νῦν
1661 540 1833 586 Ἀθηναῖοι
1845 538 1908 587 τὴν
1926 540 2087 579 Πυθιάδα
2105 541 2201 592 πέμ-

1174 609 1299 632 πουσι·
1321 594 1502 645 γενόμενον
1524 595 1560 634 δὲ
1580 597 1669 636 κατὰ
1693 598 1901 645 Πανοπέας,
1933 598 2060 637 Τιτυὸν
2086 615 2201 639 κατα-

1174 653 1296 701 λῦσαι,
1314 652 1441 704 ἔχοντα
1459 654 1516 692 τὸν
1536 655 1655 705 τόπον,
1685 657 1795 708 βίαιον
1826 656 1934 710 ἄνδρα
1960 657 2018 696 καὶ
2045 658 2201 712 παράνο-

1177 726 1261 762 μον·
1282 710 1361 756 τους
1381 710 1417 749 δὲ
1445 713 1685 766 Παρνασίους,
1722 715 1960 766 συμμίξαντας
1989 718 2104 769 αὐτῷ,
2139 716 2200 756 καὶ

1176 769 1280 808 ἄλλον
1319 774 1473 821 μηνῦσαι
1498 771 1652 823 χαλεπὸν
1685 772 1813 826 ἄνδρα,
1845 773 1999 813 Πύθωνα
2027 774 2200 826 τοῦνομα,

1175 829 1358 877 ἐπίκλησιν
1380 828 1416 867 δὲ
1433 829 1622 883 δράκοντα·
1643 831 1927 876 κατατοξεύοντος
1949 833 1978 870 δ’
1992 833 2200 872 ἐπικελεύειν

1176 887 1207 926 ἴε
1222 889 1292 938 (sic
1304 892 1370 927 Tz.
1391 901 1462 939 pro
1477 889 1633 939 vulgato
1649 883 1696 926 ἶε.
1718 890 1803 928 vid.
1840 892 1923 941 ipse
1943 900 1967 929 t.
1986 896 2055 939 ΙΙΙ,
2069 906 2107 946 p.
2126 893 2202 930 520

1176 956 1214 985 et
1230 948 1372 985 Athen.
1393 950 1468 986 XV
1473 961 1538 998 ,.p
1566 948 1643 997 696
1664 947 1708 998 F)
1731 948 1859 986 παιάν·
1880 949 1941 1002 ἀφ’
1959 954 1998 988 ου
2015 966 2074 988 τον
2090 966 2202 989 παια-

1175 1005 1298 1057 νισμὸν
1333 1005 1442 1049 οὕτως
1475 1004 1510 1050 ἐξ
1544 1004 1640 1050 ἔθους
1662 1007 1900 1058 παραδοθηναι
1932 1014 2002 1052 τοῖς
2036 1009 2201 1060 μέλλουσι

1176 1064 1388 1116 συμπίπτειν
1406 1066 1452 1108 εἷς
1474 1063 1687 1117 παράταξιν·
1714 1067 1958 1119 ἐμπρησθῆναι
1979 1065 2015 1105 δὲ
2037 1068 2096 1106 καὶ
2115 1084 2203 1116 σκη-

1176 1124 1238 1172 νὴν
1257 1124 1336 1163 τότε
1350 1128 1411 1163 τοῦ
1432 1124 1598 1168 Πύθωνος
1616 1123 1682 1163 ὑπὸ
1700 1127 1769 1163 τῶν
1789 1126 1948 1178 Δελφῶν,
1969 1127 2124 1181 καθάπερ
2141 1129 2201 1166 καὶ

1178 1187 1235 1222 νῦν
1256 1182 1307 1221 ἔτι
1325 1182 1454 1232 καίειν,
1474 1181 1666 1235 ὑπόμνημα
1683 1182 1909 1235 ποιουμένους
1925 1187 1993 1223 τῶν
2014 1185 2091 1224 τότε
2107 1202 2201 1238 γενο-

1178 1242 1302 1293 μένων.

1230 1302 1335 1339 Theo
1349 1305 1552 1351 Progymn.
1566 1303 1631 1348 VI,
1642 1314 1681 1352 p.
1696 1302 1758 1349 60,
1775 1309 1978 1352 postquam
1992 1301 2205 1341 fabularum

1176 1360 1395 1411 explicandi
1413 1360 1603 1398 rationem
1622 1360 1743 1397 allatis
1760 1374 1807 1397 ex
1830 1360 2030 1398 Herodoto
2053 1370 2090 1398 et
2115 1363 2203 1400 Pla-

1178 1427 1266 1456 tone
1298 1419 1482 1470 exemplis
1515 1427 1816 1466 monstraverat,
1853 1420 1981 1470 pergit
2007 1420 2060 1457 ita
2095 1420 2205 1458 εΚαὶ

1178 1478 1298 1530 μέντοι
1319 1478 1421 1517 καὶ”
1426 1480 1595 1533 Εφορος’
1580 1494 1614 1517 εν
1644 1481 1686 1531 τῇ
1711 1479 1861 1550 τετάρτῃ
1881 1494 2011 1532 χρηται
2026 1478 2138 1533 τούτῳ
2157 1482 2207 1533 τῷ

1176 1536 1313 1591 τρόπῳ·
1348 1537 1401 1576 ὅτι
1436 1537 1505 1591 ἄρα
1538 1536 1664 1581 Τιτυος
1695 1535 1738 1588 μὲ
1741 1553 1758 1575 ν
1793 1541 1835 1585 ἠν
1870 1537 2065 1582 Πανοπέως
2102 1537 2208 1576 δυνά-

1179 1613 1262 1644 στης
1274 1626 1284 1644 ,
1299 1595 1387 1650 ἀνὴρ
1404 1595 1606 1650 παράνομος
1621 1596 1680 1634 καὶ
1683 1595 1814 1648 βίαιος·
1838 1595 1964 1634 Πύθων
1984 1595 2020 1634 δὲ
2036 1596 2208 1649 θηριώδης

1177 1655 1241 1703 τὴν
1269 1654 1385 1710 φύσιν,
1412 1655 1548 1709 δράκων
1580 1654 1861 1706 ἐπικαλούμενος.
1892 1657 1938 1694 Οἱ
1963 1653 2000 1693 δὲ
2030 1655 2108 1709 περὶ
2143 1655 2207 1703 τὴν

1178 1714 1289 1753 πάλαι
1309 1712 1371 1765 μὲν
1393 1713 1574 1775 Φλέγραν,
1593 1717 1652 1751 νῦν
1676 1712 1712 1752 δὲ
1736 1713 1929 1761 Παλλήνην
1949 1713 2206 1765 ὀνομαζομένην

1178 1777 1419 1817 κατοικοῦντες
1431 1803 1442 1824 ,
1463 1776 1552 1820 ἦσαν
1573 1772 1749 1826 ἄνθρωποι
1768 1773 1859 1823 ὠμοὶ
1879 1772 1939 1811 καὶ
1956 1772 2128 1826 ἱερόσυλοι
2147 1773 2207 1811 καὶ

1178 1831 1446 1885 ἀνθρωποφάγοι
1462 1833 1493 1869 οἱ
1513 1830 1725 1882 καλούμενοι
1745 1830 1930 1882 Γίγαντες,
1951 1830 2008 1875 οὒς
2028 1831 2208 1885 εΗρακλ’ἠ’ς

1177 1889 1318 1942 λέγεται
1350 1888 1589 1943 χειρώσασθαι
1617 1888 1681 1936 τὴν
1704 1889 1836 1943 Τροίαν
1867 1888 1968 1935 ἑλων,
1995 1889 2054 1928 καὶ
2080 1888 2137 1928 διὰ
2168 1889 2208 1928 τὸ

1178 1965 1353 2002 κρατησαι
1372 1965 1453 1992 τους
1470 1948 1551 2003 περὶ
1570 1947 1751 2000 εΗρακλέα
1778 1947 1957 2000 ὃλίγους”
1937 1964 2036 1992 οντας
2061 1964 2129 1987 των
2150 1949 2177 1987 Γ
2182 1964 2209 1985 ι

1178 2008 1314 2059 γάντων
1334 2006 1508 2046 πολλῶν”
1489 2023 1611 2055 οντων,
1638 2007 1698 2045 καὶ
1718 2006 1869 2056 ἀσεὸῶν,
1887 2006 2012 2045 θεων”
1994 2022 2092 2061 εργον
2112 2006 2210 2044 ἅπα-

1178 2082 1232 2105 σιν
1259 2065 1372 2107 ἐδόκει
1399 2065 1579 2118 γεγονέναι
1609 2064 1649 2104 τὸ
1671 2065 1750 2119 περὶ
1778 2065 1842 2113 τὴν
1884 2066 2022 2118 μάχην·
2051 2066 2109 2104 καὶ
2143 2065 2209 2103 ὅσα

1175 2175 1249 2207 dam
1271 2175 1438 2216 indigenas
1454 2176 1569 2216 priscis
1585 2158 1788 2217 temporibus
1801 2177 1979 2207 Parnasum
1995 2175 2208 2208 habitavisse:

1174 2232 1240 2264 quo
1252 2225 1395 2263 tempore
1401 2223 1516 2264 Apollo
1525 2224 1628 2255 terras
1635 2223 1749 2255 obiens
1757 2223 1909 2255 homines
1916 2222 1957 2254 ad
1974 2232 2103 2255 morum
2112 2223 2208 2264 placi-

1175 2270 1309 2302 ditatem
1338 2270 1593 2312 composuisset,
1609 2269 1819 2311 frugibusque
1837 2270 1886 2302 uti
1908 2272 1940 2302 et
1962 2265 2085 2302 ratione
2101 2270 2208 2302 victus

1174 2317 1362 2349 mitioribus
1382 2317 1515 2350 docuit:
1530 2319 1627 2358 atque
1653 2326 1728 2349 eum
1754 2317 1795 2349 ab
1816 2317 1954 2349 Athenis
1970 2317 2112 2358 Delphos
2135 2326 2207 2357 pro-

1173 2364 1369 2397 ficiscentem
1407 2373 1445 2397 ea
1472 2365 1650 2406 perrexisse
1686 2366 1758 2404 via,
1789 2373 1854 2405 qua
1885 2373 1972 2396 nunc
1998 2364 2208 2396 Athenienses

1173 2421 1325 2453 pompam
1354 2412 1524 2453 Pythicam
1557 2413 1731 2444 mitterent.
1762 2411 1811 2444 Ibi
1839 2420 1941 2452 quum
1971 2411 2013 2443 ad
2040 2413 2207 2464 Panopeos

1173 2459 1390 2499 pervenisset,
1407 2459 1540 2500 Tityum
1563 2459 1604 2491 ab
1620 2468 1659 2491 eo
1685 2459 1890 2491 intersectum
1909 2458 2030 2497 fuisse,
2056 2458 2113 2498 qui
2136 2458 2206 2498 eJus

1173 2506 1235 2538 loci
1259 2506 1412 2539 dominus
1428 2509 1515 2546 erat,
1533 2506 1698 2538 violentus
1717 2507 1814 2546 atque
1830 2505 1967 2546 injurius
1996 2505 2105 2536 homo.
2120 2505 2204 2536 Tum

1173 2554 1214 2586 ad
1241 2563 1315 2586 eum
1332 2554 1461 2586 venisse
1487 2553 1677 2593 Parnasios,
1699 2554 1864 2593 aliumque
1895 2551 2130 2584 intolerabilem
2152 2550 2205 2583 de-

1173 2600 1287 2633 tulisse
1315 2601 1500 2640 hominem,
1517 2601 1699 2642 Pythonem
1723 2599 1870 2638 nomine,
1897 2600 2109 2638 cognomento
2127 2599 2205 2629 Dra-

1174 2656 1318 2680 conem:
1336 2656 1401 2688 quo
1423 2625 1551 2689 sagittis
1578 2647 1737 2679 debellato
1761 2647 1974 2683 acclamasse,
2012 2647 2046 2676 Ie
2074 2646 2201 2676 Paean:

1173 2697 1271 2736 atque
1287 2695 1361 2727 hinc
1377 2705 1518 2736 pugnam
1531 2695 1659 2727 inituris
1673 2693 1936 2732 conflicturisque
1949 2692 2014 2731 jam
2033 2692 2122 2723 hunc
2134 2700 2204 2723 mo-

1173 2751 1241 2775 rem
1257 2745 1434 2783 receptum,
1448 2751 1567 2784 perque
1580 2750 1699 2774 manus
1711 2741 1880 2778 traditum,
1897 2741 1932 2770 ut
1948 2740 2063 2770 Paeana
2082 2738 2205 2770 concla-

1172 2790 1317 2821 marent:
1328 2791 1399 2821 tum
1423 2798 1553 2830 quoque
1572 2790 1741 2821 incensum
1766 2787 1866 2818 fuisse
1880 2795 1899 2817 a
1915 2785 2045 2826 Delphis
2059 2785 2204 2817 taberna-

1172 2837 1282 2869 culum
1307 2837 1464 2877 Pythonis
1490 2846 1497 2867 ε
1526 2836 1618 2876 cujus
1633 2835 1686 2868 rei·
1702 2832 1890 2866 memoriam
1908 2831 2087 2864 etiamnum
2109 2839 2203 2864 reno-

1172 2885 1296 2916 varent.

1214 2939 1286 2974 Qua
1306 2937 1429 2969 ratione
1445 2939 1477 2969 et
1494 2937 1642 2989 Ephorus
1665 2933 1748 2965 libro
1772 2934 1889 2973 quarto
1903 2933 2032 2965 utitur:
2051 2932 2201 2974 Tityum,

1173 2993 1306 3024 nempe,
1324 2984 1490 3015 hominem
1515 2982 1651 3023 impium
1675 2982 1707 3012 et
1729 2980 1933 3013 violentum,
1961 2979 2203 3020 Panopensium

1171 3031 1272 3062 fuisse
1289 3032 1475 3070 tyrannum,
1490 3029 1672 3069 Pythonem
1694 3030 1803 3059 autem
1820 3027 1924 3059 serum
1941 3028 2068 3067 natura,
2086 3036 2202 3068 cogno·

1171 3079 1282 3108 mento
1302 3078 1493 3108 Draconem.
1516 3075 1579 3112 Qui
1602 3077 1711 3106 autem
1726 3074 1893 3115 quondam
1908 3074 2096 3115 Phlegram,
2115 3083 2203 3107 nunc

1171 3124 1322 3156 Pallenen
1341 3125 1491 3154 vocatam
1510 3121 1705 3160 tenuissent,
1721 3121 1865 3153 crudeles
1881 3120 2119 3162 sacrilegosque
2145 3121 2202 3153 ho·

1171 3171 1276 3202 mines
1293 3170 1403 3207 fuisse,
1421 3169 1477 3209 qui
1489 3170 1521 3200 et
1534 3168 1685 3200 humanis
1698 3169 1906 3200 vescerentur
1919 3167 2083 3207 carnibus,
2096 3168 2201 3210 appel-

1170 3219 1318 3257 latosque
1333 3217 1496 3256 Gigantes,
1510 3217 1607 3256 atque
1625 3215 1685 3247 hos
1698 3220 1792 3256 capta
1809 3216 1850 3247 Tr
1857 3215 1908 3256 oja
1923 3215 1963 3247 ab
1975 3215 2112 3247 Hercule
2130 3215 2201 3247 sub-

1171 3267 1273 3297 actos.
1309 3263 1403 3300 Quod
1431 3264 1539 3294 autem
1560 3271 1659 3303 parva
1682 3270 1799 3294 manus
1824 3262 1938 3294 suisset
1955 3271 2031 3294 cum
2053 3261 2199 3301 Hercule,

1171 3314 1299 3346 illorum
1316 3321 1392 3343 vero
1403 3311 1504 3352 copiae
1518 3312 1675 3352 ingentes,
1685 3312 1759 3344 ideo
1773 3313 1856 3344 hanc
1865 3312 2036 3345 victoriam
2052 3312 2200 3344 divinum

1172 3369 1243 3393 esse
1258 3367 1342 3401 opus
1359 3358 1513 3391 omnibus
1531 3359 1650 3391 visum.
1665 3361 1707 3392 Et
1722 3359 1827 3391 multa
1839 3359 1983 3400 eJ'usdem
1999 3360 2123 3401 generis
2138 3359 2199 3392 alia
