2294 3704
976 155 1042 193 DE
1070 151 1164 193 TIM
1171 153 1264 196 AEO.
1582 174 1585 177 ³
2155 175 2204 201 ιν

89 262 354 301 saepenumero
369 251 545 290 aberrare
562 261 786 300 persuasum
806 246 1000 296 11abet(3),
1018 245 1122 295 capi-
1182 251 1300 289 animi
1328 252 1578 291 acerbitatem
1601 261 1638 292 et
1659 252 1788 291 senilis
1806 253 1927 291 aetatis
1947 254 2206 292 morositatem

90 310 155 347 tali
177 310 268 348 odio
297 310 345 348 ab
369 323 417 349 eo
439 307 700 347 dissidendum
724 314 872 355 censet,
906 318 976 343 1100
1003 305 1119 342 ullam

89 369 352 420 castigationis
364 367 607 407 severitatem
622 367 776 404 modum
789 378 901 417 posse
914 363 1099 402 excedere
1107 378 1118 410 3

88 428 206 479 idque
221 441 266 466 eo
281 428 415 479 magis,
433 427 538 478 quod
556 427 642 478 ipse
653 428 818 464 Timaeus
835 422 1063 463 criminandi
1081 431 1118 460 et

87 559 174 585 men
188 546 416 600 peperit(l0),
432 547 572 585 mirum
582 555 768 598 quantum
783 546 990 596 indulgeat,
1007 544 1114 596 quid,

85 605 145 643 his
157 605 252 657 ipsis
267 606 431 644 aliorum
447 607 680 658 scriptorum
694 604 1032 656 objurgationibus
1046 618 1116 642 suo

84 665 195 715 operi
213 665 459 716 splendorem
475 674 643 704 assumat
659 674 774 717 atque
790 665 903 702 tidem
922 673 959 703 et
979 672 1112 701 aucto—

87 724 280 762 toritatem
302 725 407 776 apud
431 726 637 763 nonnullos
656 733 886 763 consecutus
905 725 963 762 sit.
991 727 1112 773 Quam

82 783 250 821 rixosam
268 793 306 822 et
326 784 592 836 impudentem
602 785 736 823 Timaei
752 793 926 822 naturam
944 784 1115 822 luculen-

84 842 131 880 tis
149 844 336 895 exemplis
350 845 579 883 confirmant
595 844 770 883 convicia
782 844 847 882 illa
860 857 945 894 quae
967 843 1008 880 in
1030 846 1114 881 Ho-

81 913 251 950 merum,
271 904 536 952 Aristotelem,
553 904 774 950 Philistum,
799 903 1111 953 Theopompum,

80 961 301 1012 Ephorum,
324 963 635 1014 Theophrastum
647 991 658 1010 ,
680 961 975 1007 Democharem,
993 961 1112 999 Calli—

81 1021 254 1060 sthenem
269 1052 279 1070 ,
304 1023 399 1062 alios
423 1023 636 1075 profundit.
668 1023 735 1062 Uti
758 1023 830 1060 hos
854 1022 913 1060 vel
942 1021 1111 1072 partium

80 1079 206 1118 studio
236 1081 452 1121 obcaecatus
482 1083 543 1121 vel
573 1083 728 1134 privato
763 1082 856 1120 odio
889 1082 946 1133 (ut
977 1090 1112 1119 contra

79 1139 344 1192 Agathoclem)
360 1149 489 1179 motus
501 1141 687 1179 conviciis
703 1141 964 1192 persequitur,
980 1140 1034 1178 sic
1050 1141 1112 1178 Ti-

79 1198 312 1237 moleontem
331 1213 449 1252 snpra
464 1213 634 1238 summos
652 1201 746 1238 deos
760 1200 901 1238 attollit
913 1200 985 1252 (5).

132 1259 244 1308 Quod
272 1259 438 1312 denique
469 1261 633 1299 formam
667 1261 855 1298 orationis
883 1269 922 1298 et
959 1260 1110 1298 dicendi

77 1328 197 1366 genus
220 1319 376 1366 attinet,
399 1321 606 1358 conciones
622 1320 704 1370 ejus
722 1320 940 1371 vituperat,
963 1320 1110 1370 quippe

78 1388 164 1426 quae
179 1391 249 1415 1100
265 1378 507 1429 temporibus
524 1392 593 1416 nec
612 1379 835 1417 hominibus
851 1378 943 1416 satis
958 1392 1112 1416 accom-

78 1435 255 1482 modatae,
270 1437 337 1474 sed
357 1438 627 1489 intempestive
643 1446 681 1475 et
701 1438 743 1475 in
758 1438 955 1476 levissima
973 1437 1109 1488 quavis

77 1507 119 1531 re
135 1494 349 1545 depromtae
372 1497 526 1535 inanem
544 1505 583 1535 et
598 1497 861 1548 prodigiosam
886 1496 1109 1534 verbosita—

78 1559 155 1589 tem
170 1567 249 1604 prae
266 1568 305 1593 se
321 1555 457 1602 ferant,
474 1556 672 1607 magisque
689 1556 927 1594 scholasticae
942 1564 980 1593 et
995 1556 1109 1607 plane

76 1612 236 1661 puerilis
268 1614 498 1665 eloquentiae
539 1615 908 1652 demonstrationem
935 1622 1110 1665 spectent

76 1682 191 1720 quam
205 1685 336 1710 veram
355 1673 411 1711 rei
426 1674 700 1712 narrationem.
720 1677 800 1712 Nec
816 1674 1012 1711 immerito
1034 1674 1108 1712 hoc

75 1739 98 1764 a
116 1728 278 1778 Polybio
297 1731 575 1781 reprehensum
591 1746 673 1770 esse
690 1732 949 1770 Hermocratis
965 1733 1108 1780 oratio,

75 1785 184 1836 cujus
209 1789 397 1839 particula
425 1790 474 1828 ad
502 1804 573 1829 1105
605 1790 853 1842 perduravit,
880 1792 1107 1842 praeclarum

75 1853 133 1882 est
155 1846 443 1887 documentum.
479 1854 582 1888 Num
615 1864 709 1888 vero
735 1851 775 1888 111
806 1851 943 1888 ceteris
972 1851 1106 1889 eadem

68 1903 209 1955 judicii
232 1908 396 1946 veritate
422 1917 460 1947 et
484 1909 704 1947 sinceritate
729 1924 820 1947 usus
846 1910 896 1948 sit
921 1910 1010 1961 jure
1040 1919 1107 1949 tuo

75 1963 242 2003 dubites.
267 1969 323 2004 Ac
347 1967 522 2017 profecto
545 1968 620 2005 viri
645 1968 769 2016 docti,
798 1969 866 2019 qui
897 1969 944 2006 de
963 1969 1107 2007 Timaeo

76 2022 191 2062 verba
207 2024 397 2073 fecerunt,
415 2026 588 2064 unanimi
605 2027 683 2065 fere
698 2040 888 2065 consensu
902 2028 1106 2078 Polybium

74 2080 222 2120 invidia
240 2083 441 2122 incitatum
460 2086 559 2122 mala
578 2098 847 2136 exaggerasse,
866 2086 969 2124 bona
990 2086 1106 2124 dimi-

74 2140 201 2179 nuisse
232 2152 465 2182 asseverant.
511 2152 627 2196 atque
660 2146 846 2184 Timaeum
875 2146 927 2184 ob
953 2145 1105 2184 insitam

116 2285 163 2326 (3)
186 2287 236 2318 Ex
252 2286 366 2328 Polyb.
381 2294 439 2320 sua
452 2289 561 2322 hausit
572 2289 705 2323 Diodor.
719 2292 807 2331 XIII,
823 2295 863 2324 90
877 2295 958 2325 extr.
973 2302 981 2324 :
998 2295 1106 2327 Πολλὰ

75 2334 193 2376 ἱστορεῖ
206 2334 304 2375 ψευδῆ
321 2335 338 2366 ὁ
349 2335 496 2376 Τίμαιος,
512 2338 565 2368 καὶ
582 2338 668 2370 δοκεῖ
678 2339 714 2370 τὸ
738 2339 883 2382 παράπαν
899 2341 957 2372 οὐκ
981 2341 1105 2384 ἄπειρος

75 2379 118 2410 ὢν
132 2379 253 2416 οὐδενὸς
268 2383 331 2411 τῶν
343 2383 492 2414 τοιούτων
505 2393 513 2400 ·
528 2384 589 2415 ὑπὸ
602 2384 634 2416 δὲ
647 2388 701 2423 τῆς
721 2387 905 2426 φιλονεικίας
927 2388 1106 2422 ἐπισκοτού·

76 2436 182 2466 μενος,
205 2426 279 2458 ὅταν
302 2428 384 2464 ἅπαξ
399 2430 418 2467 ἢ
437 2430 552 2471 ψέγειν,
578 2432 598 2469 ἢ
617 2432 794 2464 τούναντίον
817 2434 1016 2475 ἐγκωμιάζειν
1037 2437 1105 2468 τινὰ

74 2474 236 2515 προθῆται,
250 2473 375 2506 πάντων
391 2475 633 2518 ἐπιλανθάνεται,
647 2489 690 2509 κα
714 2480 793 2511 πολύ
803 2491 831 2511 τι
844 2484 899 2512 τοῦ
915 2482 1104 2520 καθήκοντος

75 2520 288 2563 παρεκὸαίνει.

74 2582 76 2586 .
117 2566 161 2606 (4)
184 2566 379 2608 Ἐπιτίμαιος
403 2570 589 2603 nominatus
613 2573 664 2603 est
687 2572 728 2604 ab
743 2574 827 2605 Istro
843 2574 1056 2607 Callimachio
1072 2577 1103 2608 ἐν

73 2615 139 2650 ταῖς
159 2613 234 2655 πρὸς
271 2615 364 2646 αὐτὸν
407 2616 620 2660 ἀντιγραφαῖς,
655 2620 810 2653 referente
843 2623 999 2654 Athenaeo
1038 2625 1101 2662 Vl,

73 2667 106 2699 p.
125 2661 199 2701 272,
216 2665 248 2694 B.
266 2662 317 2695 Cf.
333 2662 464 2695 Diodor.
482 2666 573 2706 XXI,
587 2666 667 2697 tom.
679 2669 724 2699 IX
735 2692 744 2708 ‚
758 2677 790 2708 p.
807 2671 879 2709 279,
892 2671 925 2702 et
937 2672 978 2710 V,
997 2673 1023 2710 1,
1041 2670 1103 2702 ibi-

73 2715 138 2747 que
162 2709 378 2750 Wesseling.;
405 2710 509 2744 clem.
537 2713 628 2745 Alex.
657 2715 775 2746 Strom.
802 2718 828 2756 I,
857 2725 890 2757 p.
908 2720 1100 2750 3111011011.

73 2753 130 2794 (p.
155 2758 228 2796 269,
259 2759 285 2788 Α
310 2759 431 2790 Potter.
447 2759 476 2799 );
505 2759 636 2792 Flavius
661 2762 793 2803 Joseph.
825 2772 856 2804 p.
887 2766 948 2796 459
962 2765 1100 2797 Haverk.

75 2850 82 2858 ⁸
115 2805 160 2846 (5)
184 2807 234 2839 Cf.
251 2808 317 2840 Cic.
333 2811 379 2843 IV
393 2810 496 2852 Epist.
511 2811 585 2844 sam.
613 2815 669 2853 12,
686 2815 765 2846 sect.
783 2817 833 2855 24,
849 2815 904 2848 ubi
928 2816 969 2848 ad
985 2819 1102 2850 Lucce-

72 2853 293 2887 iumrscribit:
313 2857 421 2897 Atque
443 2859 681 2898 praestantius
714 2861 801 2893 mihi
825 2862 963 2903 fuerit,
994 2866 1029 2896 et
1054 2863 1104 2897 ad

75 2897 237 2933 loettttam
253 2904 362 2935 animi
378 2905 411 2936 et
427 2904 477 2936 ad
488 2908 664 2939 memoriae
679 2907 900 2951 diqnitatem,
923 2912 952 2943 st
977 2913 1014 2944 tn
1040 2913 1102 2945 tua

73 2947 204 2987 scripta
215 2957 425 2991 pervenere,
443 2960 549 2993 quam
566 2954 595 2985 si
619 2955 656 2986 in
674 2957 889 2998 ceterorum,
918 2959 1011 2999 quod
1033 2968 1101 2992 non

74 2993 248 3034 inqemum
267 2997 351 3029 mihi
363 2998 475 3031 solum
497 3001 760 3041 suppeditatum
768 3003 887 3043 fuerit
903 3006 1021 3046 tuum,
1037 3008 1102 3039 sic-

74 3041 128 3072 uti
159 3043 362 3077 Timoleonti
379 3054 403 3077 a
420 3048 565 3087 Timceo,
581 3050 645 3081 aut
661 3049 704 3081 ab
717 3051 892 3083 Herodoto
918 3053 1100 3086 Themisto-

74 3086 141 3127 cli,
166 3088 226 3121 sed
245 3091 353 3123 etiam
371 3094 567 3126 auctoritas
591 3096 781 3129 clarissimi
803 3100 837 3130 et
857 3102 1100 3140 spectatissimi

75 3134 143 3166 viri
162 3158 172 3175 ,
192 3138 255 3168 etc.
283 3139 424 3170 Causam
443 3139 548 3173 laudis
572 3141 757 3176 immodicae
769 3144 849 3178 dicit
873 3146 1035 3179 Plutarch.
1053 3148 1101 3181 Ti-

74 3181 151 3213 mol.
177 3191 206 3215 c.
237 3186 273 3216 10
304 3194 375 3227 sqq.
397 3188 525 3220 Etenim
550 3189 812 3224 Andromachum
838 3194 950 3226 Timaei
975 3196 1099 3236 patrem

74 3229 212 3262 summis
236 3231 403 3265 Timoleon
428 3234 593 3269 beneficiis
615 3238 776 3271 affecerat.
793 3240 843 3272 Cf.
867 3241 1040 3274 Marcellin.
1058 3245 1096 3274 V.

74 3274 176 3334 Thuq.
194 3276 213 3318 §
229 3279 281 3320 42,
293 3289 324 3320 p.
341 3285 358 3313 5
372 3282 456 3314 Duk.
475 3292 483 3314 :
500 3283 629 3324 Τίμαιος
645 3286 662 3317 ὁ
676 3287 901 3329 Ταυρομενίτης
912 3290 1100 3329 Τιμολέοντα

75 3333 249 3365 υπερῃνησε
266 3330 321 3358 τοῦ
343 3329 484 3370 μετρίου,
509 3331 616 3363 καθότι
638 3332 842 3375 Ἀνδρόμαχον
859 3335 910 3366 τὸν
926 3335 1021 3367 αὐτοῦ
1043 3346 1100 3367 πα-

76 3369 148 3411 τέρα
165 3370 200 3402 οὐ
213 3373 362 3406 κατελυσε
375 3379 427 3413 τῆς
442 3378 618 3418 μοναρχίας.

1181 309 1212 345 51
1229 323 1306 347 11011
1324 320 1544 362 purgatum,
1566 321 1668 350 certe
1682 320 1904 350 excusatum
1922 311 2206 363 quodammodo

1179 380 1260 405 esse
1275 369 1422 408 volunt.
1449 371 1669 410 Cavendum
1691 384 1784 409 vero
1800 380 1875 418 est,
1897 371 2055 422 opinor,
2075 384 2123 408 ne
2144 372 2208 409 ni-

1180 427 1300 464 mium
1318 428 1532 468 tribuamus
1547 431 1680 469 Timaei
1696 418 1908 468 infirmitati
1927 439 1965 468 et
1981 430 2206 482 malignitati

1179 485 1400 525 adversarii.
1422 490 1518 526 Nam
1533 491 1709 540 quamvis
1722 491 1890 528 Timaeus
1908 489 1960 528 ob
1977 490 2207 528 criminandi

1179 545 1362 596 studium,
1383 547 1568 585 orationis
1585 549 1794 587 vanitatem
1814 548 2070 600 exiguamque
2086 561 2206 599 expe-

1177 603 1355 641 rientiam
1376 618 1503 642 rerum
1531 619 1601 644 usu
1620 616 1881 659 comparatam
1900 609 2013 658 longe
2032 607 2130 645 absit
2157 607 2204 645 ab

1177 662 1364 701 historico
1373 664 1554 702 omnibus
1563 668 1730 704 numeris
1738 667 1930 713 absoluto,
1937 667 2066 718 negari
2079 675 2206 705 tamen

1177 722 1314 773 nequit
1331 736 1469 773 magna
1485 723 1567 773 ejus
1589 738 1670 762 esse
1688 725 1734 763 de
1748 727 1909 764 historia
1923 726 2072 773 merita,
2091 734 2205 777 atque

1180 780 1299 818 multa
1319 794 1404 831 quae
1418 781 1601 831 Polybius
1615 783 1649 820 ei
1665 785 1815 822 crimini
1834 785 1963 829 vertit,
1979 797 2026 821 ex
2044 783 2205 822 diversis

1174 838 1316 888 potius,
1331 853 1416 890 quae
1429 847 1592 890 uterque
1602 842 1768 892 scriptor
1784 843 1821 880 in
1834 844 1994 881 historia
2005 842 2207 881 scribenda

1174 898 1429 948 sequebatur,
1448 900 1620 937 consiliis
1635 901 1861 951 explicanda
1879 912 1986 949 511111,
2004 916 2119 953 quam
2137 902 2206 940 im-

1175 957 1342 1006 putanda
1356 957 1469 1008 huJ'us
1482 958 1651 1007 invidiae,
1665 959 1765 997 illius
1778 960 2042 999 imbecillitati.
2052 961 2205 998 Etenim

1173 1029 1292 1065 quum
1311 1017 1533 1055 Herodotus
1552 1026 1590 1056 et
1604 1019 1851 1069 Thucydides
1870 1029 1907 1057 et
1920 1021 2142 1071 Xenophon
2164 1020 2205 1058 in

1172 1075 1307 1125 aequali
1326 1083 1472 1114 tantum
1487 1090 1565 1115 suae
1583 1077 1705 1116 aetatis
1721 1079 1908 1116 memoria
1931 1078 2113 1116 tradenda
2130 1079 2206 1116 ela-

1172 1131 1356 1171 borarent
1386 1144 1423 1172 et
1447 1136 1614 1186 priscam
1646 1137 1916 1187 antiquitatem
1938 1145 2093 1174 eatenus
2115 1145 2202 1174 tan-

1172 1199 1253 1229 tum
1275 1194 1532 1244 explicarent,
1555 1203 1743 1246 quatenus
1774 1208 1940 1246 praesens
1960 1208 2088 1232 rerum
2111 1208 2205 1232 con-

1171 1250 1267 1291 ditio
1306 1253 1395 1291 inde
1436 1254 1522 1292 luce
1548 1254 1713 1305 quadam
1758 1263 1888 1306 posset
1931 1254 2203 1302 circumfundi,

1171 1319 1285 1361 atque
1307 1325 1426 1362 quum
1445 1313 1548 1363 quod
1580 1313 1828 1351 subsecutum
1848 1322 1906 1352 est
1932 1314 2204 1351 historicorum

1170 1382 1287 1419 genus
1300 1399 1310 1416 ,
1327 1372 1529 1422 Ephorum
1561 1371 1648 1410 dico
1681 1381 1719 1410 et
1757 1373 2055 1424 Theopompum
2095 1381 2132 1409 et
2174 1372 2204 1410 si

1170 1428 1237 1478 qui
1259 1437 1348 1466 sunt
1379 1431 1521 1468 horum
1555 1432 1715 1480 similes,
1746 1432 1954 1482 mythicam
1980 1439 2129 1469 aetatem
2158 1431 2204 1468 ab

1171 1486 1368 1525 oblivione
1385 1498 1601 1527 revocatam
1616 1490 1772 1542 scriptis
1792 1491 1870 1528 suis
1885 1490 2100 1528 recolerent
2124 1491 2207 1540 qui-

1170 1545 1271 1594 dem,
1291 1547 1358 1585 sed
1377 1562 1424 1585 ex
1439 1562 1623 1600 perverso
1641 1550 1808 1600 quodam
1823 1549 1964 1587 horum
1986 1557 2204 1599 temporum

1170 1618 1277 1643 more
1306 1614 1344 1643 et
1365 1607 1570 1658 disciplina
1601 1608 1748 1646 fabu'las
1771 1608 1917 1659 ubique
1950 1608 1998 1645 ad
2037 1607 2205 1645 historiae

1170 1663 1368 1701 veritatem
1388 1665 1588 1702 traducere
1610 1665 1806 1703 studerent
1826 1681 1834 1703 :
1854 1666 1955 1703 inter
1977 1665 2124 1716 primos
2137 1678 2205 1701 ex-

1169 1722 1267 1758 stitit
1277 1723 1459 1770 Timaeus,
1472 1724 1552 1774 qui,
1566 1724 1707 1775 rejecta
1720 1725 1861 1762 horum
1876 1724 2095 1772 ratione,ex
2112 1723 2204 1774 ipsis

1170 1780 1446 1819 traditionibus
1478 1783 1652 1820 locorum
1685 1791 1723 1820 et
1748 1784 2008 1821 monumentis
2041 1783 2204 1834 antiqui-

1169 1847 1286 1876 tatem
1307 1840 1525 1879 describere
1541 1842 1782 1889 institueret‚
1807 1856 1850 1880 ac
1867 1842 2084 1880 fabularum
2104 1842 2202 1879 sicut

1167 1898 1207 1935 in
1236 1898 1434 1937 veteribus
1473 1901 1730 1952 scriptoribus
1769 1902 1996 1953 legebantur
2033 1901 2202 1938 nativam

1168 1957 1455 2009 simplicitatem
1475 1960 1638 1997 reddere
1660 1961 1789 1998 mallet
1807 1974 1923 2012 quam
1940 1974 1987 1998 ex
2002 1960 2201 1997 fallacibus

1169 2017 1423 2069 philosophiae
1434 2020 1637 2070 praeceptis
1650 2020 1948 2071 explicationem
1958 2020 2004 2057 iis
2016 2019 2201 2057 adhibere

1167 2076 1227 2114 sui
1250 2077 1322 2114 aevi
1349 2077 1612 2129 intelligentiae
1637 2078 1978 2116 accommodatam.
2011 2081 2146 2128 Itaque
2167 2079 2199 2115 si

1170 2135 1293 2185 prima
1317 2137 1452 2174 Timaei
1477 2138 1606 2188 operis
1635 2151 1727 2188 pars
1753 2138 1903 2188 integra
1931 2136 2044 2174 nobis
2070 2137 2200 2174 relicta

1166 2203 1279 2242 esset,
1298 2196 1337 2232 in
1355 2196 1485 2232 multis
1503 2196 1591 2247 plus
1606 2196 1696 2235 inde
1710 2197 1889 2234 utilitatis
1904 2195 2138 2233 redundaret
2151 2195 2199 2232 ad

1166 2253 1359 2290 saniorem
1382 2254 1624 2304 antiquitatis
1642 2254 2001 2306 interpretationem
2020 2267 2133 2304 quam
2152 2267 2199 2291 ex

1166 2313 1417 2364 pragmaticis
1439 2313 1515 2351 illis
1529 2314 1776 2365 Theopompi
1794 2321 1832 2351 et
1850 2313 1997 2364 Ephori
2013 2312 2197 2358 historiis,

1166 2384 1251 2421 quae
1271 2386 1317 2410 eo
1337 2373 1485 2410 facilius
1506 2372 1682 2410 fraudem
1702 2371 1948 2423 persuadent,
1969 2385 2046 2421 quo
2064 2370 2196 2422 majori

1166 2430 1332 2469 conditae
1345 2439 1434 2469 sunt
1450 2431 1637 2469 orationis
1652 2432 1838 2482 elegantia
1853 2439 1891 2468 et
1907 2430 2101 2467 suavitate.
2123 2433 2196 2466 At—

1165 2503 1240 2539 que
1259 2490 1344 2541 ipse
1363 2491 1530 2528 Timaeus
1549 2489 1700 2542 (Polyb.
1717 2493 1807 2537 XII,
1825 2489 1887 2535 28,
1903 2490 1936 2539 a)
1957 2497 2100 2525 tantam
2114 2500 2195 2524 esse

1165 2549 1259 2586 dicit
1280 2549 1539 2587 differentiam
1564 2549 1736 2587 historiae
1751 2548 1800 2586 ab
1817 2546 2057 2585 orationibus
2072 2545 2196 2596 epidi-

1164 2608 1434 2658 cticis,quanta
1444 2616 1544 2645 esset
1557 2608 1658 2646 inter
1671 2622 1761 2646 vera
1776 2606 1935 2645 aedificia
1946 2614 1982 2642 et
1994 2605 2055 2642 illa
2067 2605 2105 2642 in
2118 2618 2194 2643 sce-

1164 2667 1223 2704 nis
1243 2667 1422 2718 figmenta
1437 2668 1611 2704 locorum
1624 2675 1661 2704 et
1673 2666 1987 2717 dispositionum3
2006 2663 2062 2700 vel
2074 2663 2194 2701 solam

1164 2726 1334 2762 materiae
1357 2725 1405 2762 ad
1426 2725 1688 2763 instruendam
1713 2723 1914 2761 historiam
1934 2721 2194 2771 conquisitio-

1165 2799 1251 2823 nem
1268 2785 1390 2836 majus
1407 2799 1489 2823 esse
1503 2799 1616 2836 opus,
1631 2798 1743 2835 quam
1764 2782 1951 2834 quidquid
1966 2781 2108 2822 laboris
2128 2782 2192 2820 in—

1163 2853 1379 2882 sumeretur
1401 2845 1441 2882 in
1465 2844 1677 2895 epidicticis
1697 2841 1939 2880 sermonibus
1958 2854 2194 2893 componen-

1162 2903 1232 2942 dis.
1248 2907 1379 2954 Ipsum
1393 2903 1512 2954 igitur
1529 2910 1651 2940 tantas
1669 2901 1887 2938 toleravisse
1901 2900 2095 2951 impensas
2111 2908 2192 2937 tan-

1164 2970 1301 3012 tosque
1320 2961 1472 2999 labores
1491 2962 1532 2999 in
1552 2959 1774 3010 colligendis
1795 2959 1843 2996 de
1865 2958 2097 3010 quibusdam
2116 2958 2192 2996 ho-

1162 3021 1331 3058 minibus
1351 3020 1516 3057 rebusve
1530 3018 1829 3065 commentariis,
1847 3027 1962 3069 atque
1977 3018 2017 3056 in
2033 3031 2194 3069 percon-

1162 3080 1278 3122 tando
1290 3080 1336 3117 de
1348 3080 1546 3129 Ligurum,
1562 3078 1776 3126 Gallorum,
1787 3077 1991 3116 Iberorum
2002 3077 2189 3125 moribus,

1162 3147 1202 3175 ut
1215 3152 1340 3188 neque
1354 3139 1438 3189 ipse
1453 3137 1492 3175 id
1509 3138 1821 3188 exspectavisset,
1840 3151 1964 3188 neque
1978 3137 2063 3174 aliis
2076 3135 2189 3174 fidem

1160 3205 1259 3234 esset
1279 3196 1479 3234 habiturus
1499 3196 1602 3234 idem
1621 3196 1695 3234 sibi
1709 3196 1965 3234 narrantibus.
1981 3199 2057 3233 Nec
2072 3195 2187 3245 Poly-

1160 3254 1247 3292 bius
1270 3254 1378 3304 (XII,
1403 3255 1466 3301 26,
1491 3254 1533 3305 f.)
1552 3268 1690 3306 negare
1713 3263 1843 3305 potest
1866 3255 1906 3292 in
1928 3254 2085 3304 singulis
2101 3267 2188 3290 eum

1160 3313 1366 3363 practicam
1389 3313 1573 3351 virtutem
1590 3313 1791 3352 ostendere
1804 3322 1842 3351 et
1861 3313 2050 3350 curiosam
2069 3312 2185 3349 sedu—

1160 3370 1318 3408 litatem.
1335 3370 1439 3408 Idem
1454 3371 1529 3409 alio
1543 3372 1629 3409 loco
1642 3372 1754 3423 (XII,
1777 3372 1848 3422 26,
1867 3370 1940 3419 d.),
1963 3370 2028 3407 ubi
2053 3383 2186 3420 repre-
